4202 6464
209 409 301 472 505
1269 413 1573 471 CONTRA
1624 414 1990 476 RUFINUM
2047 417 2193 478 LIB.
2236 416 2351 480 Ill.
3378 420 3483 487 506

205 527 401 594 gratias
430 537 599 594 agere
645 523 685 579 ⁸.
715 522 798 578 Tu
833 523 979 579 enim
1012 563 1026 586 ,
1079 533 1138 578 ut
1171 523 1334 587 dicis,
1365 525 1523 578 noxia
1554 541 1786 594 quzeque
1820 553 1860 604 Α
1896 545 1999 582 non
2031 544 2278 597 possum,
2328 529 2429 583 nisi
2478 539 2532 583 et
2589 532 2968 588 haereticorum
3007 535 3219 590 amicus
3275 533 3429 588 fueio
3465 577 3477 594 .

209 617 571 679 detruncans,
607 615 834 671 meliora
875 617 1128 685 posuisti.
1172 617 1284 688 Ego
1315 617 1387 673 ita
1419 627 1477 672 ut
1511 618 1793 673 habeban-
1899 623 2211 678 Ieviustuas
2244 623 2559 678 inimicitias
2618 642 2782 695 quam
2817 627 3029 682 illorum
3053 627 3325 682 amicitias
3359 644 3480 683 sus-

204 719 281 762 tur
306 709 363 762 in
399 707 622 772 Graeco,
647 711 917 780 expressi.
949 711 1022 765 Ex
1049 727 1160 781 quo
1179 723 1234 766 et
1269 723 1354 766 tua
1377 724 1602 783 apparet
1631 715 1788 780 fides;
1895 713 2098 772 tineho.

202 813 244 856 et
281 801 406 870 ejus
435 817 604 871 quem
649 804 1040 873 interpretatus
1083 821 1164 869 es,
1207 806 1463 861 haeresis.
1500 806 1792 863 Scrllieba-
1970 808 2057 862 58.
2091 810 2166 863 De
2207 813 2433 880 epislola
2470 813 2540 865 ad
2573 811 2847 881 Ruﬁnum.
2889 843 2959 856 —
3007 812 3217 867 Novum
3255 828 3477 882 quoque

203 905 284 948 tur
312 894 453 950 mihi
479 896 559 951 de
610 897 762 953 Urbe
799 911 827 950 a
881 899 1014 954 viris
1044 899 1419 966 (Pammachio
1450 910 1504 955 et
1547 899 1788 972 Oceano)
1895 917 1983 957 me
2022 911 2181 971 putas
2221 905 2446 960 finxisse
2487 907 2863 970 mendacium,
2896 918 2953 962 ut
3002 907 3290 978 epistolam
3329 908 3392 961 ad
3427 917 3478 960 te

204 989 251 1041 in
275 988 504 1043 Christo
552 991 847 1061 praecipuis
883 1007 898 1047 :
935 990 1228 1060 Responde
1264 995 1580 1048 criminanti
1607 1013 1622 1058 ;
1651 1013 1717 1050 nc
1742 997 1788 1052 si
1891 1010 2015 1050 tneo
2068 997 2291 1051 nomine
2350 1014 2734 1069 componerem
2757 1042 2771 1064 ,
2806 1003 2961 1072 quasi
2995 1003 3123 1057 olim
3170 1005 3431 1072 scriptam
3459 1042 3476 1067 ,

204 1075 446 1132 tacueris
468 1118 485 1141 ,
541 1079 896 1134 consensisse
956 1081 1218 1138 videaris.
1275 1083 1525 1139 Consona
1595 1103 1787 1143 omnes
1890 1106 1998 1158 quo
2029 1091 2204 1143 bonus
2229 1107 2352 1146 esse
2370 1093 2556 1148 videar
2591 1104 2644 1149 et
2674 1096 2957 1151 modestus
2987 1113 3002 1164 ;
3057 1114 3220 1166 quam
3255 1107 3311 1152 tu
3342 1114 3482 1152 nun-

203 1184 326 1223 voce
354 1169 683 1238 poscebant,
714 1184 773 1228 ut
801 1173 1052 1244 Origenis
1086 1179 1355 1235 versutias
1389 1177 1550 1251 563
1591 1182 1789 1250 prode-
1890 1199 2055 1249 quam
2083 1185 2312 1238 omnino
2343 1190 2674 1256 susceperis.
2712 1187 2836 1244 llaec
2864 1205 2952 1243 res
2983 1189 3236 1258 perfacile
3259 1190 3478 1258 probari

202 1277 338 1320 rem.
375 1270 438 1314 ut
479 1261 594 1334 [Δί.
627 1264 704 1336 et]
736 1282 944 1322 venena
987 1271 1368 1326 haereticorum
1403 1271 1664 1330 Romanis
1691 1291 1787 1328 au-
1889 1285 2088 1342 potest.
2130 1275 2280 1330 Multi
2309 1277 2498 1332 Roma:
2530 1277 2650 1347 ejus
2691 1279 3022 1349 exemplaria
3057 1279 3259 1334 habent
3283 1282 3322 1343 ⁸,
3352 1293 3481 1336 ante

201 1358 350 1411 ribus
383 1361 634 1412 cavenda
675 1373 1066 1417 menstrarent.
1100 1364 1240 1429 Quid
1283 1366 1385 1420 hoc
1418 1369 1483 1421 ad
1527 1370 1781 1436 injuriam
1888 1370 1992 1423 hoc
2053 1371 2276 1424 circiter
2335 1373 2662 1436 triennium,
2708 1375 2798 1441 qui
2839 1373 2930 1426 tibi
2968 1388 3086 1426 eam
3133 1372 3347 1426 mittere
3382 1389 3480 1426 no-

201 1459 344 1500 tuam
407 1452 648 1517 pertinet
676 1454 699 1506 ἲ
757 1453 897 1508 Num
953 1456 1101 1510 solus
1135 1459 1524 1527 interpretatus
1555 1477 1613 1514 es
1649 1463 1782 1518 istos
1889 1463 2131 1524 luerunt,
2169 1464 2404 1518 scientes
2435 1482 2555 1533 qum
2593 1467 2660 1519 de
2693 1482 2815 1519 meo
2848 1467 3392 1535 nominejactitaies,
3426 1474 3481 1520 et

199 1543 393 1604 libros.
420 1556 480 1598 et
501 1545 642 1600 alios
669 1547 836 1614 hujus
869 1550 1051 1614 operis
1093 1568 1196 1604 non
1244 1553 1412 1607 habes
1440 1556 1781 1625 participes?
1883 1571 2046 1626 quain
2107 1555 2325 1624 indigna
2390 1559 2668 1626 preposito
2722 1557 3040 1612 Christiano
3111 1575 3174 1611 ac
3242 1556 3475 1611 nefanda

198 1636 458 1706 Nunquid
495 1651 549 1690 et
603 1650 656 1692 tu
686 1640 753 1694 de
788 1640 1144 1710 Septuaginta
1182 1647 1567 1716 interpretibus
1607 1667 1684 1714 es,
1721 1662 1779 1706 nt
1882 1652 2242 1717 contingeres.
2280 1650 2389 1717 Ego
2414 1651 2904 1719 scripsilnescieus,
2930 1653 3083 1720 quasi
3110 1652 3173 1703 ad
3201 1655 3469 1704 atnicutn.

198 1741 317 1799 post
353 1733 657 1787 editionem
710 1745 856 1787 tuam
900 1737 1020 1789 aliis
1073 1740 1372 1793 transferre
1415 1758 1524 1794 non
1590 1744 1778 1798 liceat?
1881 1743 1962 1796 llli
2004 1760 2111 1795 non
2147 1744 2503 1799 reddiderunt
2536 1745 2604 1805 ei,
2643 1760 2803 1813 quem
2841 1744 3123 1797 inimicum
3154 1753 3418 1798 noverant
3458 1747 3473 1784 ε

199 1823 336 1876 Ecce
363 1832 421 1876 ει
457 1839 561 1892 θϐο
596 1825 822 1886 ιηιιιιοεν
869 1838 922 1879 ιιι
955 1827 1113 1892 «Παίς»,
1149 1831 1360 1884 libellos
1407 1835 1472 1885 de
1503 1833 1690 1888 Graeco
1718 1836 1769 1889 in
1883 1850 2172 1906 parcentes
2209 1851 2262 1894 et
2311 1857 2432 1892 meo
2466 1841 2638 1894 errori
2668 1880 2683 1902 ,
2740 1850 2792 1894 et
2829 1850 2932 1894 tua:
2993 1839 3364 1894 conscientite.
3414 1838 3478 1892 Et

198 1912 454 1969 Latinum
504 1919 761 1972 transtuli
791 1935 804 1974 :
837 1920 1004 1973 habes
1045 1933 1366 1990 potestatein
1397 1936 1451 1980 et
1479 1939 1533 1980 tu
1567 1943 1780 1984 rursum
1814 1918 1862 1979 Β
1892 1932 2056 1986 simul
2088 1935 2516 1999 argumentaris,
2554 1935 2696 2000 quod
2752 1933 2796 1987 si
2848 1931 3007 1985 talem
3051 1932 3143 1986 tibi
3187 1930 3474 2000 epistolam

193 2024 285 2062 eos
321 2012 612 2068 vertendi.
658 2022 716 2066 ut
749 2017 991 2070 volueris
1041 2035 1056 2072 :
1095 2028 1145 2071 et
1183 2019 1322 2074 bona
1353 2021 1502 2075 enim
1555 2032 1608 2076 et
1651 2023 1792 2078 mala
1899 2023 2250 2092 scripseram,
2291 2040 2400 2078 non
2433 2024 2732 2078 debueram
2770 2031 2960 2077 contra
3000 2033 3051 2077 te
3085 2023 3136 2075 in
3165 2023 3269 2076 alio
3295 2019 3478 2075 libello

193 2117 298 2156 suo
330 2103 683 2172 imputantur
730 2109 964 2162 auctori.
1000 2108 1157 2174 Quod
1191 2113 1327 2165 etin
1367 2123 1416 2166 te
1453 2113 1628 2178 ﬁeret,
1683 2103 1790 2169 nisi
1899 2117 2070 2171 multa
2113 2117 2256 2170 mala
2289 2117 2552 2170 scribere.
2588 2115 2687 2170 llic
2717 2127 2800 2169 est
2842 2125 2988 2169 totus
3035 2129 3194 2168 error
3221 2123 3383 2177 tuus,
3424 2123 3479 2166 et

195 2197 440 2250 dixisses
485 2207 535 2252 te
552 2209 874 2268 amputasse
913 2201 1164 2256 hairetica
1195 2212 1250 2256 et
1300 2203 1501 2272 optima
1553 2215 1796 2261 transtu—
1898 2209 2012 2264 hac
2041 2210 2189 2279 justa
2217 2208 2560 2278 querimonia
2591 2225 2604 2263 :
2636 2209 2782 2277 quod
2821 2223 2941 2278 quae
2982 2223 3079 2262 nos
3110 2209 3161 2260 in
3191 2206 3476 2261 haereticos

194 2291 350 2344 lisse.
383 2289 484 2345 Hic
527 2301 613 2346 est
651 2292 800 2345 enim
853 2293 1030 2346 nodus
1074 2303 1217 2350 tuus.
1252 2294 1340 2361 qui
1378 2295 1512 2348 solvi
1546 2310 1652 2348 non
1697 2311 1794 2364 po-
1895 2302 2126 2358 dicimus
2156 2342 2170 2364 ,
2225 2311 2280 2356 tu
2312 2301 2367 2355 in
2402 2310 2456 2355 ιε
2481 2300 2623 2354 dicta
2660 2300 2970 2368 conﬁngi“
3009 2310 3063 2352 ει
3092 2299 3194 2352 nisi
3243 2298 3350 2352 ini;
3384 2311 3474 2366 pe.

197 2385 416 2437 :est.At
440 2382 555 2455 [ΑΙ.
590 2383 716 2456 Αιιι]
745 2387 786 2438 si
817 2385 1012 2440 errasti
1036 2395 1096 2440 ut
1121 2386 1302 2450 homo,
1329 2387 1567 2456 priorem
1590 2387 1787 2443 damna
1893 2395 2230 2465 percerimus
2260 2393 2304 2459 δ,
2359 2403 2412 2448 te
2455 2403 2616 2463 putas
2644 2407 2770 2447 esse
2799 2393 3084 2446 violatum.
3118 2392 3198 2443 An
3234 2391 3356 2443 ideo
3387 2404 3472 2456 pa-

193 2476 528 2528 senlentiam

1891 2502 2014 2542 nem
2043 2484 2137 2540 tibi
2170 2500 2276 2538 non
2333 2486 2550 2550 damus,
2586 2484 2713 2553 quia
2743 2483 3119 2538 haereticorum
3145 2483 3369 2537 cerebro
3399 2481 3476 2534 la-

265 2569 363 2622 57.
399 2566 625 2621 Latinos
653 2569 816 2624 libros
839 2572 1064 2623 vertebat
1095 2572 1148 2624 in
1172 2570 1411 2626 Grrrcum
1441 2571 1686 2640 Ruﬁnus.
1719 2603 1786 2613 -
1891 2577 2074 2648 pidem
2125 2576 2432 2631 illidimus?
2490 2577 2557 2632 Et
2585 2585 2668 2629 .ut
2727 2586 2968 2630 nostram
3023 2575 3306 2643 epistolam
3365 2588 3474 2626 non

195 2661 304 2714 Sed
363 2663 496 2729 quid
559 2662 732 2716 facies
787 2665 854 2716 de
908 2664 1243 2734 Apologetico
1296 2675 1427 2730 tuo,
1472 2681 1631 2734 quem
1689 2681 1786 2734 pro
1891 2670 2114 2741 probes.
2144 2683 2296 2739 papm
2327 2685 2542 2739 quoque
2571 2669 2850 2722 Anastasii
2884 2669 3050 2722 simili
3095 2667 3234 2721 dicis
3285 2665 3476 2720 fraude

193 2757 454 2823 Origenis
515 2757 785 2824 scripsisti
849 2757 1155 2825 operibus?
1209 2759 1338 2826 quid
1387 2760 1453 2812 de
1507 2760 1785 2814 volumine
1892 2761 2226 2822 subnixam.
2277 2760 2345 2814 de
2375 2775 2482 2829 qua
2551 2760 2645 2813 tibi
2706 2769 2831 2813 ante
2868 2758 3177 2828 respondi:
3233 2773 3393 2825 quam
3428 2759 3474 2812 si

195 2850 460 2904 Eusebii?
525 2850 580 2902 in
617 2866 725 2918 quo
773 2867 899 2905 cum
952 2853 1122 2906 multa
1160 2854 1478 2914 mutaveris,
1550 2862 1624 2913 et,
1684 2851 1786 2906 sub
1891 2853 2191 2922 suspicaris
2226 2852 2398 2920 ipsius
2457 2866 2562 2904 non
2614 2866 2773 2913 esse,
2812 2850 2977 2904 habes
3026 2849 3117 2903 ubi
3169 2849 3312 2918 apud
3347 2865 3473 2903 eum

192 2943 425 2995 nomine
457 2944 749 3012 martyris,
781 2943 1023 2997 haeretici
1077 2943 1318 2997 hominis
1358 2943 1560 3010 scripta
1596 2954 1783 2996 trans-
1893 2961 1994 3000 nos
2028 2959 2226 3013 arguas
2252 2942 2527 2997 falsitatis.
2558 2941 2652 2996 Sin
2693 2951 2874 2994 autem
2909 2942 3026 3010 ejus
3061 2950 3168 3003 est,
3217 2949 3276 2993 ut
3313 2940 3473 3009 hujus

192 3037 392 3089 tuleris
436 3076 452 3097 ,
498 3046 678 3088 tamen
728 3037 885 3104 plura
925 3037 1178 3104 posuisti,
1217 3052 1337 3102 quae
1400 3036 1785 3089 CCCIBSiQSliCie
1889 3053 2109 3107 quoque
2136 3037 2264 3089 anni
2301 3045 2493 3090 contra
2524 3045 2573 3090 te
2604 3036 2852 3104 epistola:
2891 3035 3144 3104 probant,
3185 3033 3390 3090 frustra
3418 3043 3472 3086 et

195 3131 318 3183 tidet
358 3146 470 3183 non
521 3130 873 3184 conveniunt.
908 3131 986 3183 Tu
1035 3132 1194 3184 etiam
1241 3129 1466 3182 Latinos
1517 3129 1692 3182 libros
1727 3127 1781 3180 in
1890 3131 2027 3184 falso
2061 3130 2250 3183 falsam
2315 3143 2547 3198 arguere
2603 3129 2794 3184 niteris
2828 3169 2843 3193 ,
2901 3145 3025 3183 cum
3059 3145 3123 3182 ex
3158 3129 3304 3183 illius
3345 3143 3470 3183 vera

192 3223 449 3277 Gracum
509 3223 670 3276 vertis
700 3223 896 3276 nobis:
933 3225 1061 3278 dare
1107 3225 1312 3277 nostris
1345 3231 1564 3276 externa
1603 3221 1775 3291 prohi-
1815 3279 1853 3293 Α
1891 3224 2120 3293 epistola
2145 3265 2161 3289 ,
2199 3234 2441 3277 nostram
2477 3237 2658 3276 veram
2686 3237 2809 3277 esse
2839 3213 3160 3276 doceamus.

195 3316 398 3372 l-ebis?
431 3316 491 3370 Si
535 3317 588 3368 in
629 3317 736 3369 alio
783 3332 945 3385 opere
986 3318 1414 3387 respondissent.
1465 3317 1518 3369 in
1554 3279 1663 3385 quo
1697 3331 1784 3368 me
1809 3279 1856 3342 C
1927 3279 1940 3293 Ι
1967 3317 2057 3371 39.
2099 3279 2418 3386 Putliagom:
2448 3314 2720 3372 discipuli.
2757 3314 3115 3386 Pythagorica
3140 3323 3396 3381 priet-cpta
3423 3324 3471 3368 et

193 3428 303 3462 non
337 3413 584 3472 laeseras,
609 3409 778 3462 videri
802 3419 1043 3475 poteram
1066 3410 1118 3462 in
1146 3410 1402 3474 iniuriam
1431 3419 1578 3463 tuam
1606 3421 1782 3461 trans-
1885 3411 2150 3479 cymbala.
2195 3408 2331 3474 Quid
2364 3409 2504 3474 apud
2553 3408 2762 3463 ercos
2799 3409 2993 3462 invenit
3022 3409 3223 3475 primus
3258 3406 3470 3476 Pytha-

193 3505 343 3554 ferre
392 3500 542 3568 quod
573 3509 852 3554 verteras:
883 3509 937 3552 ut
971 3510 1022 3552 te
1048 3500 1130 3553 vel
1167 3498 1505 3568 imperitum,
1543 3498 1622 3551 vel
1658 3497 1784 3552 sub-
1883 3518 2065 3570 geras.
2089 3532 2158 3540 —
2187 3500 2242 3554 ln
2273 3500 2586 3554 excusando
2631 3499 2918 3554 mendacio
2956 3508 3049 3552 tuo
3088 3497 3201 3569 [AL
3238 3500 3468 3552 utenda-

192 3595 386 3648 duluni
421 3594 880 3648 demonstrarem.
921 3591 1072 3646 Nunc
1097 3607 1224 3644 vero
1265 3606 1462 3645 novum
1503 3589 1780 3660 querinm-
1885 3594 2028 3647 cium
2065 3592 2281 3662 tuum],
2337 3608 2499 3656 quam
2554 3593 2772 3663 elegans
2827 3607 2949 3646 esse
3007 3593 3225 3646 Voluisti
3263 3609 3277 3647 :
3318 3602 3372 3644 et
3403 3606 3472 3645 ne

193 3689 299 3738 nire
357 3701 536 3754 genus
569 3700 583 3736 ε
620 3683 772 3737 doles
805 3683 899 3734 tibi
938 3683 990 3735 in
1044 3697 1110 3735 eo
1157 3697 1278 3735 esse
1315 3696 1633 3749 responsum
1664 3722 1676 3744 ,
1728 3680 1779 3732 in
1887 3701 1982 3738 sex
2044 3685 2210 3738 millia
2249 3683 2500 3752 Origenis
2549 3683 2720 3736 libros
2752 3681 3002 3750 proferas
3028 3721 3042 3741 ,
3085 3679 3400 3750 Pythagorze
3438 3695 3466 3730 a

190 3795 304 3840 (ιηο
338 3795 365 3830 ³
397 3791 449 3831 le
481 3788 774 3831 accusal'ls
833 3791 978 3828 Sllm-
1019 3774 1308 3828 Dicebalur
1349 3775 1413 3827 ad
1453 3775 1780 3842 ἰηιετιποιθ·
1887 3796 1970 3832 tne
1996 3779 2171 3847 exigis
2205 3789 2576 3832 monumenta.
2616 3775 2717 3831 Ubi
2755 3787 2837 3830 est
2868 3777 2954 3830 illa
2995 3776 3210 3835 fiducia,
3243 3789 3347 3842 qua
3383 3775 3466 3826 iit-

192 3875 402 3926 liuuem
441 3883 594 3925 tuani
629 3872 798 3925 Roma
852 3872 1119 3924 subversa
1146 3909 1159 3930 .
1200 3869 1550 3938 postulabant
1593 3883 1781 3920 omnes
1888 3871 2026 3924 natis
2058 3871 2247 3923 buccis
2283 3871 2618 3923 creberrime
2649 3871 3005 3936 personabas,
3041 3879 3227 3934 teqnze
3260 3868 3311 3919 in
3345 3865 3466 3919 aliis

196 3976 224 4014 a
267 3975 356 4013 me
398 3961 567 4027 hujus
603 3961 679 4014 rei
737 3961 1061 4013 remedium.
1124 3957 1244 4012 Non
1280 3974 1389 4028 quo
1424 3973 1522 4027 ego
1551 3957 1782 4025 alicujus
1887 3963 2040 4016 libris
2081 3959 2336 4027 Origenis
2386 3963 2616 4029 legeras,
2651 3962 2969 4013 emendasse
3035 3959 3087 4011 iu
3143 3959 3299 4012 libris
3339 3960 3468 4025 περὶ

192 4043 462 4104 momenti
503 4066 678 4102 essein
705 4067 718 4113 ;
748 4049 838 4103 sed
881 4052 972 4117 qui
1001 4050 1278 4118 petebant,
1315 4064 1400 4101 tne
1428 4064 1547 4102 esse
1577 4047 1780 4115 aliquid
1886 4057 2122 4124 Ἀρχῶν,
2159 4063 2212 4107 et
2247 4070 2356 4107 non
2392 4055 2594 4116 aiiena,
2626 4055 2718 4108 sed
2748 4069 2843 4104 sua
2877 4053 3182 4106 reddidisse
3215 4050 3466 4105 suis?lle

189 4145 635 4196 arbitrabantur.
664 4142 746 4194 Tu
780 4143 990 4197 amicus
1037 4157 1180 4202 eras.
1216 4143 1308 4210 qui
1349 4142 1438 4194 illa
1483 4143 1781 4195 transtule-
1883 4159 2031 4204 tanta
2073 4149 2368 4202 librorum
2404 4148 2562 4207 {silva
2629 4163 2794 4200 unum
2852 4147 3103 4200 τι-υιίρεηι
3175 4160 3240 4199 ac
3340 4159 3463 4198 ειη·-

190 4252 321 4293 ras:
360 4237 496 4304 quid
530 4251 616 4287 me
645 4237 729 4289 vis
761 4235 980 4289 facere?
1012 4234 1243 4290 Obedire
1279 4236 1387 4288 Deo
1419 4237 1592 4301 magis
1618 4249 1781 4302 opor-

1883 4224 2063 4297 culunt
2107 4239 2353 4307 proferre
2386 4254 2491 4292 non
2532 4248 2703 4304 potes.
2740 4238 2801 4292 Hi
2856 4249 2985 4292 sunt
3017 4238 3128 4290 veri
3164 4235 3322 4298 fumi,
3375 4239 3464 4288 hae

194 4342 290 4392 lrl,
331 4346 401 4382 att
451 4329 770 4384 Itutuittibus
827 4329 967 4396 (Act.
995 4345 1050 4393 v,
1083 4328 1219 4400 29)?
1257 4327 1469 4383 Domini
1506 4329 1781 4383 custodire

1883 4335 2119 4395 nebulae,
2150 4348 2286 4399 quas
2323 4331 2452 4384 dunt
2508 4331 2560 4383 in
2597 4347 2683 4384 me
2711 4330 3043 4393 criminaris,
3079 4330 3131 4382 in
3162 4337 3214 4382 te
3261 4332 3463 4380 exstin-

189 4423 588 4484 snbstantiain,
618 4439 683 4474 an
738 4421 942 4475 furtum
972 4423 1154 4477 celare
1185 4421 1484 4476 conservi?
1514 4422 1682 4473 Aliter
1729 4430 1779 4472 te
1882 4435 2000 4480 clas
2031 4424 2440 4492 dissipataSque
2471 4439 2567 4490 per
2610 4438 2693 4474 me
2737 4421 3044 4490 cognoscis,
3099 4434 3199 4474 nec
3237 4418 3460 4472 fractam

190 4533 298 4569 non
347 4516 605 4580 placabo,
639 4516 740 4568 nisi
784 4526 839 4568 et
868 4530 968 4583 ego
996 4524 1176 4568 tecum
1210 4515 1521 4568 acrusanda
1553 4514 1776 4568 commi-
1882 4518 2150 4572 cervicem
2211 4515 2446 4583 dejicis,
2501 4513 2662 4585 565
2715 4513 2808 4567 sed
2873 4512 3066 4581 majori
3125 4511 3460 4578 impudentia

187 4624 316 4660 sero
337 4607 364 4660 2
394 4605 452 4659 Si
494 4607 695 4658 nullam
729 4605 955 4659 fecisses
987 4608 1088 4660 mei
1129 4607 1365 4659 nominis
1399 4606 1729 4659 mentionem
1756 4644 1772 4668 ,
1804 4619 1856 4678 D
1885 4627 2046 4678 quam
2077 4607 2369 4677 imperitia,
2394 4607 2528 4660 dicis
2559 4622 2643 4659 me
2666 4607 2933 4672 denegare
2993 4605 3180 4672 qurein
3209 4612 3459 4672 promptu

187 4703 231 4754 si
283 4717 373 4753 nte
442 4715 551 4752 non
618 4714 875 4752 ornasses
928 4699 1160 4768 egregiis
1199 4699 1476 4762 laudibus,
1530 4710 1772 4767 poterant

1885 4710 2038 4766 sunt,
2085 4711 2143 4754 ut
2182 4715 2306 4753 cum
2344 4709 2557 4752 montes
2595 4713 2800 4751 aureos
2831 4697 3107 4766 pollicitus
3154 4697 3344 4758 fueris,
3394 4709 3461 4748 ne

185 4794 412 4862 aliquod
461 4794 664 4846 habere
693 4792 1083 4860 suﬂ'ngiuin,et
1109 4794 1324 4848 diversa
1361 4794 1657 4848 obtendere
1710 4807 1776 4845 ne
1887 4805 2162 4850 scorteum
2198 4793 2419 4860 quidem
2457 4807 2738 4844 nummum
2790 4789 2854 4841 de
2886 4787 3159 4841 thesauris
3197 4787 3302 4839 tuis
3338 4798 3462 4852 pro-

190 4903 391 4940 rnrsns
458 4886 815 4952 interpretata
863 4885 1239 4941 transferrem.
1274 4886 1354 4940 Tu
1386 4902 1490 4950 me,
1531 4886 1705 4939 amice
1735 4888 1776 4948 ’,
1889 4889 2053 4943 feras.
2098 4884 2252 4940 Justa
2302 4892 2494 4938 contra
2547 4899 2634 4938 me
2673 4883 2799 4936 odia
2840 4895 3195 4949 recognosco,
3231 4888 3285 4933 et
3333 4892 3458 4930 vera

186 4978 513 5044 compulisti
567 4991 621 5028 1ιὶ
652 4979 862 5047 aliquot
903 4978 1019 5031 dies
1055 4979 1108 5030 in
1149 4980 1249 5031 hoc
1276 4993 1440 5047 opere
1470 4978 1772 5046 perderem.
1888 4983 1938 5034 in
1978 4995 2074 5033 nos
2112 4978 2470 5033 dehaccharis
2527 4975 2760 5030 insania.
2819 4973 2934 5028 Nisi
2988 4974 3128 5025 enim
3183 4988 3282 5042 ego
3311 4970 3457 5040 quod

187 5085 248 5124 ut
305 5069 618 5141 proferrem
663 5072 714 5123 in
754 5070 990 5123 medium
1039 5072 1182 5141 (“IOd
1233 5069 1535 5139 Charybdis
1589 5069 1774 5122 debuit
1888 5087 1993 5124 non
2031 5079 2157 5135 est,
2195 5069 2458 5122 audacter
2504 5067 2816 5134 exigerem,
2855 5076 2908 5116 tu
2952 5063 3222 5116 videbaris
3261 5061 3461 5114 habere

186 5165 466 5217 devorare
503 5178 518 5214 :
555 5173 607 5214 et
648 5171 828 5214 tamen
869 5163 1030 5216 laesus
1061 5200 1075 5224 ,
1131 5163 1384 5214 amit'ilize
1438 5162 1490 5215 in
1551 5172 1602 5214 te
1655 5161 1770 5222 iura
1881 5166 2025 5228 quod
2060 5179 2168 5216 non
2229 5163 2417 5215 habes.
2456 5159 2776 5227 Pythagora:
2819 5174 2846 5210 a
2887 5173 2969 5208 me
3009 5156 3177 5208 libros
3225 5154 3454 5222 ﬂagitas.

187 5254 435 5316 servavi,
471 5261 525 5308 et
556 5263 822 5321 quantum
857 5255 907 5305 in
945 5270 1029 5306 tne
1060 5254 1160 5307 fuit
1188 5293 1202 5313 ,
1235 5254 1314 5307 sic
1341 5270 1423 5306 ine
1454 5253 1664 5306 defenli
1717 5261 1774 5304 nt
1883 5257 2018 5322 Quis
2083 5257 2226 5310 enim
2291 5254 2385 5305 tibi
2452 5251 2587 5303 dixit
2651 5251 2795 5303 illius
2853 5259 3066 5301 exstare
3133 5243 3458 5299 volumina?

190 5353 241 5396 te
281 5359 396 5394 non
432 5356 771 5394 accusarent.
820 5341 980 5412 564
1011 5343 1090 5396 Tu
1150 5343 1374 5394 nimium
1436 5343 1774 5411 suspiciosus
1883 5351 2072 5404 Nonne
2128 5350 2180 5402 in
2225 5346 2451 5415 epistola
2514 5360 2671 5404 mea,
2717 5345 2878 5409 quam
2943 5339 3290 5400 criminaris,
3341 5338 3456 5390 haec

187 5450 241 5488 et
283 5437 585 5504 querulus,
613 5435 704 5503 qui
748 5435 891 5488 dicta
927 5438 978 5490 in
1016 5437 1299 5489 hrreticos
1331 5439 1394 5490 ad
1423 5448 1566 5490 tuam
1608 5437 1773 5490 refers
1884 5443 2042 5494 verba
2074 5438 2250 5493 sunt?
2287 5457 2302 5487 ι
2346 5435 2450 5488 Sed
2503 5435 2586 5488 lac
2627 5449 2712 5487 ine
2742 5447 2960 5486 errasse
2988 5431 3042 5484 in
3070 5427 3454 5490 adolescentia,

188 5526 611 5580 contumeliam.
676 5525 830 5590 Quod
885 5527 929 5579 si
987 5527 1145 5580 aliter
1203 5526 1414 5580 amicus
1476 5538 1602 5583 tuus
1652 5545 1773 5582 esse
1882 5546 1935 5588 et
1971 5531 2440 5603 philosophorum,
2481 5528 2531 5582 id
2560 5538 2683 5591 est,
2716 5525 2999 5595 gentilium
3030 5521 3222 5577 studiis
3268 5519 3456 5574 eiu-sli-

266 5757 280 5785 ³
312 5752 595 5805 Victorius
620 5751 829 5814 maluit,
861 5751 1013 5806 debes
1040 5765 1085 5805 et
1118 5754 1242 5804 mihi
1267 5756 1466 5821 gratias
1529 5773 1700 5822 arma.
1956 5757 1972 5786 ³
2005 5751 2242 5818 Epistola
2275 5751 2340 5803 ad
2395 5749 2655 5822 Rufinum
2693 5748 2745 5822 in
2785 5745 3311 5822 nost_raﬂreeensione
3360 5756 3459 5793 uu-

263 5827 282 5856 ²
332 5823 610 5876 Victorius
644 5822 790 5875 addit
831 5837 896 5875 ex
928 5823 1197 5876 Brixianis
1244 5817 1402 5877 child.
1433 5817 1659 5879 alterum
1709 5839 1761 5882 ιιι
1885 5843 2018 5883 mer.
2053 5817 2113 5886 '8,
2143 5837 2306 5890 quant
2345 5835 2488 5873 anno
2519 5819 2873 5887 ascripsimus
2896 5817 3023 5870 599.

191 5899 258 5950 ad
285 5894 596 5965 emphasin,
638 5894 708 5945 Tu
751 5908 852 5957 mc,
887 5895 1074 5958 antire,
1110 5904 1162 5946 tu
1202 5899 1516 5963 compulisti,
1555 5911 1658 5952 etc.
1960 5898 1975 5926 ’⁵
2008 5895 2284 5956 Μιιι·ιὶ;ιιι.,
2313 5891 2418 5946 illis
2447 5890 2787 5960 pepercimus.
