4202 6490
732 392 840 457 507

1890 409 1953 466 S.
2002 407 2313 467 EUSEBII
2359 408 2797 471 HIERONYMI

3886 416 3995 481 εδδ

730 520 885 566 tum.
936 508 987 561 iii
1034 509 1298 578 principio
1350 512 1468 566 llilci
1509 518 1786 585 ignorasse
1838 518 2093 589 dogmata
2150 522 2303 575 Cliri-
2336 530 2382 587 Α
2415 527 2641 581 stoteles
2681 528 2732 580 in
2758 527 2875 582 suis
2901 527 3056 583 libris
3099 530 3490 599 prcseqnitiir:
3526 552 3544 583 ι
3596 534 3869 586 Stateram
3924 550 3996 586 ne

732 605 930 667 Stiana.
959 612 1013 659 et
1045 606 1147 660 hoc
1178 614 1401 675 putasse
1432 607 1485 662 in
1510 609 1791 677 apostolis,
1825 612 2061 679 quodin
2108 613 2305 685 Pytha-

726 712 855 762 gora
889 709 943 753 et
979 700 1203 754 Platone
1256 709 1309 755 et
1360 703 1686 769 Empedocle
1738 705 1993 776 legeram.
2034 726 2052 758 i
2084 707 2157 763 De
2211 710 2308 766 do-

730 794 1007 862 gmatibiis
1034 809 1245 859 eorum.
1266 812 1373 851 non
1400 798 1467 853 de
1486 798 1639 852 libris
1660 799 1870 857 locutus
1890 818 2031 869 sum.
2057 820 2181 874 qua:
2206 824 2308 877 po-

729 887 806 937 tui
852 886 903 939 in
955 886 1242 954 Cicerone,
1275 889 1463 949 Bruto.
1518 907 1585 946 ac
1619 892 1824 948 Seneca
1876 895 2110 953 discere.
2164 901 2303 970 Lege

724 991 822 1044 pro
848 976 1060 1031 Vatinio
1076 982 1575 1046 oratiunculam.et
1605 987 1738 1040 alias
1764 987 1853 1040 ubi
1876 990 2258 1046 sodalitiorum
2285 997 2299 1025 ¹

726 1071 940 1123 mentio
970 1072 1047 1127 ﬁt.
1089 1071 1326 1129 Revolve
1348 1076 1592 1148 dialogos
1621 1078 1805 1134 Tullii.
1826 1080 2056 1151 Respice
2077 1102 2295 1141 onmem

723 1176 875 1217 oram
916 1162 1101 1227 Italiae.
1136 1180 1259 1234 qua
1285 1171 1561 1238 quondam
1612 1188 1809 1242 magna
1840 1175 2048 1229 Graecia
2082 1178 2300 1233 diceba-

729 1268 824 1309 tur
852 1274 865 1308 :
894 1267 949 1311 et
982 1256 1464 1331 Pythagoricoruui
1500 1264 1811 1337 dogniatum
1859 1269 2027 1322 incisa
2064 1270 2301 1338 publicis

727 1348 927 1403 litteris
955 1366 1063 1406 acra
1104 1368 1424 1423 cognosces.
1454 1356 1629 1427 Cujus
1656 1361 1948 1416 enimsunt
1983 1364 2075 1418 illa
2122 1368 2301 1435 χρυσᾶ

724 1444 1260 1513 παραγγέλματα¹2
1308 1462 1488 1503 nonne
1552 1449 1916 1520 Pythagorae?
1980 1456 2032 1509 in
2094 1458 2299 1525 quibus

726 1537 910 1589 omnia
934 1538 1051 1605 ejus
1087 1540 1326 1595 breviter
1344 1543 1594 1613 dogmata
1628 1552 2001 1613 continuentur.
2028 1564 2081 1607 et
2107 1555 2158 1607 iii
2179 1571 2300 1625 quae

726 1628 996 1683 latissimo
1078 1646 1243 1701 opere
1326 1638 1685 1706 philosophus
1764 1658 2167 1703 commentatus
2218 1662 2300 1705 est

730 1719 1094 1785 Jamblichus.
1131 1730 1374 1785 imitatus
1417 1750 1480 1789 ex
1518 1748 1669 1803 parte
1728 1739 2064 1797 Moderatum
2124 1746 2297 1799 virum

728 1810 1268 1890 cToqiientissimiim.
1318 1836 1373 1881 et
1410 1829 1745 1900 Archippum
1788 1849 1852 1887 ac
1894 1835 2148 1905 Lysiilem
2194 1838 2297 1908 Py-

727 1908 1288 2002 tliagorteauditores;
1322 1919 1564 1985 Quorum
1606 1926 1916 1995 Archippus
1974 1946 2037 1984 ac
2073 1931 2300 2002 Lysides

733 2001 787 2054 in
842 2003 1073 2068 Graecia.
1122 2009 1175 2063 id
1232 2018 1337 2077 est.
1373 2014 1579 2071 Thebis
1626 2019 1847 2075 scholas
1901 2022 2162 2087 habuere,
2206 2027 2299 2095 qui

728 2098 1047 2151 memoriter
1077 2109 1326 2159 tenentes
1348 2118 1613 2178 praecepta
1662 2110 1921 2181 doctoris,
1959 2116 2178 2183 ingenio
2204 2134 2302 2185 pro

727 2186 883 2242 libris
923 2193 1243 2260 utebantur.
1278 2213 1307 2250 a
1343 2201 1539 2265 quibus
1576 2204 1706 2256 illud
1738 2218 1819 2258 est
1854 2209 2258 2274 ιΦυγαδευτέον
2284 2213 2305 2244 ³

728 2286 882 2352 πάσῃ
931 2291 1180 2357 μηχανῇ,
1239 2292 1334 2344 καὶ
1368 2297 1733 2362 περικοπτέον
1786 2302 1923 2367 πυρὶ
1966 2303 2060 2355 καὶ
2096 2304 2304 2375 σιδήρῳ

728 2379 822 2430 καὶ
860 2385 1133 2448 μηχαναῖς
1156 2385 1469 2452 παντοίαις,
1501 2388 1609 2441 ἀπὸ
1670 2390 1769 2460 μὲν
1806 2393 2062 2463 σώματος
2124 2397 2302 2462 νόσον,

724 2471 837 2523 ἀπὸ
866 2473 923 2524 δὲ
950 2474 1131 2544 ψυχῆς
1160 2478 1430 2546 ἀμαθίαν.
1499 2484 1709 2548 κοιλίας
1762 2486 1818 2538 δὲ
1875 2488 2233 2544 πολυτέλειαν
2258 2492 2300 2556 ⁵,

731 2566 943 2627 πόλεως
974 2568 1031 2620 δὲ
1056 2571 1274 2635 στάσιν,
1313 2574 1465 2627 οἴκου
1494 2576 1551 2628 δὲ
1600 2577 2021 2649 διχοφροσύνην,
2053 2582 2191 2652 ὁμοῦ
2247 2586 2303 2639 δὲ

729 2659 952 2711 πάντων
977 2662 1273 2730 ἀμετρίαν.
1311 2668 1465 2731 Quod
1503 2670 1553 2721 in
1586 2667 1835 2724 Latinum
1894 2674 1965 2727 ita
2012 2690 2303 2742 possumus

724 2766 942 2809 vertere
976 2772 989 2807 :
1027 2754 1298 2827 Fuganda
1336 2770 1457 2814 sunt
1487 2764 1733 2817 omnibus
1760 2766 1932 2821 modis
1988 2778 2041 2821 et
2094 2772 2304 2824 abscin-

726 2851 918 2910 denda.
953 2852 1180 2921 languor
1204 2872 1235 2907 a
1259 2872 1495 2922 corpore,
1537 2859 1802 2923 imperitia
1834 2862 1898 2912 ab
1919 2862 2117 2924 animo.
2142 2866 2303 2916 luxu-

728 2942 811 2992 ria
838 2962 865 2991 (ι
898 2956 1094 3001 ventre.
1117 2960 1147 2995 a
1178 2946 1397 2998 civitate
1425 2946 1638 3011 seditio,
1671 2964 1702 3000 a
1730 2947 1885 3002 domo
1919 2948 2211 3012 discordia.
2255 2963 2303 3005 et

725 3034 781 3086 in
834 3051 1109 3090 commune
1164 3055 1193 3088 a
1224 3039 1431 3092 cunctis
1458 3042 1611 3093 rebus
1663 3041 2101 3108 intemperantia.
2142 3041 2306 3115 566

726 3124 1081 3196 Pyihagorica
1121 3141 1169 3182 et
1221 3131 1307 3183 illa
1356 3144 1627 3201 praecepta
1688 3144 1861 3189 sunt:
1930 3154 1949 3186 ι
1986 3136 2301 3189 Amicorum

2414 617 2716 678 transilias.
2754 637 2773 670 ι
2815 618 2864 672 id
2896 630 3001 685 est,
3040 638 3059 671 ι
3099 635 3167 674 ne
3195 623 3647 691 pratergrediare
3687 623 3995 693 justitiam.

2412 713 2593 780 Ignem
2622 711 2805 777 gladio
2831 728 2900 768 ne
2934 711 3129 769 fodias.
3177 733 3195 766 ι
3229 714 3431 769 lratum
3458 716 3710 772 videlicet
3731 728 3788 774 et
3821 719 4001 773 tumi-

2410 803 2539 857 dum
2574 806 2820 861 animum
2842 806 3020 862 verbis
3056 806 3345 865 maledicis
3370 825 3436 865 ne
3461 810 3725 867 lacessas.
3761 831 3783 864 ι
3817 812 3999 868 Coro-

2410 915 2535 953 nam
2580 902 2807 956 minime
2860 903 3211 971 carpendam,
3248 922 3267 956 ι
3302 904 3352 959 id
3399 914 3501 966 est.
3537 923 3557 956 ι
3589 905 3735 974 leges
3766 909 3993 962 urbium

2406 1000 2837 1053 coiiservanilas.
2892 997 3002 1052 Cor
3056 1015 3165 1054 non
3239 1002 3659 1065 comedendum,
3696 1021 3714 1053 ι
3778 1004 3829 1055 id
3881 1015 3989 1065 est.

2412 1108 2431 1141 ι
2478 1106 2767 1145 maiorem
2794 1092 2862 1144 de
2890 1091 3076 1145 animo
3104 1091 3522 1161 projicienduin.
3544 1092 3680 1147 Cum
3706 1093 3988 1162 profectus

2407 1181 2591 1246 lueris.
2630 1180 2827 1251 inquit,
2856 1198 2923 1237 ne
2953 1185 3187 1250 redeas;
3233 1202 3252 1235 ι
3292 1184 3341 1237 id
3395 1193 3499 1247 est,
3543 1202 3562 1234 ι
3598 1198 3719 1253 post
3750 1198 3983 1241 mortem

2404 1276 2567 1328 vitam
2604 1274 2762 1329 istam
2793 1292 2860 1330 ne
2893 1276 3191 1331 desideres.
3225 1275 3326 1330 Per
3364 1278 3507 1330 viam
3576 1278 3851 1348 publicam
3920 1299 3988 1333 iie

2407 1370 2688 1431 ambules;
2734 1387 2752 1419 ι
2783 1368 2833 1421 id
2865 1379 3017 1443 est”
3056 1385 3125 1423 ne
3146 1370 3443 1423 multorum
3476 1373 3727 1437 sequaris
3762 1388 3987 1428 errores

2404 1458 2515 1531 [ΑΙ.
2548 1458 2836 1533 crrorem].
2866 1460 3223 1519 Hirundinem
3254 1466 3313 1519 in
3364 1466 3589 1520 domum
3643 1483 3750 1521 non
3806 1470 3989 1523 suseio

2402 1553 2654 1621 piendum
2683 1570 2699 1622 ;
2745 1573 2762 1605 ι
2800 1555 2852 1609 id
2878 1567 2982 1618 est,
3014 1574 3033 1607 ι
3067 1560 3321 1627 garrulas
3361 1568 3415 1613 et
3446 1561 3707 1615 verbosos
3732 1563 3988 1617 homines

2400 1645 2503 1700 snb
2532 1645 2722 1700 eodem
2754 1653 2897 1701 tecto
2930 1663 3037 1701 non
3073 1648 3376 1704 habendos.
3409 1648 3665 1705 Oiieratis
3710 1667 3984 1721 superpo-

2400 1742 2635 1793 nendum
2662 1756 2804 1796 onus
2822 1742 3253 1811 {deponentibus
3276 1761 3384 1800 non
3405 1746 3947 1811 communicandum,
3964 1768 3984 1801 ι

2403 1834 2452 1886 id
2498 1844 2602 1896 est.
2632 1852 2652 1887 ι
2694 1834 2761 1889 ad
2804 1838 3061 1891 virtutem
3119 1838 3518 1903 incedentibus.
3580 1846 3984 1908 augmeiitanila

2404 1923 2513 1997 [ΑΙ.
2563 1926 2830 1999 augenda]
2863 1941 3171 1997 prtecepla:
3210 1931 3489 1987 tradentes
3533 1948 3593 1987 se
3642 1936 3778 1992 otio.
3814 1936 3985 1989 relin-

2405 2019 2672 2087 quendos.
2710 2041 2727 2071 ι
2767 2022 2833 2075 Et
2863 2023 2991 2089 quia
3058 2024 3416 2093 Pythagorica
3475 2026 3730 2095 dogmata
3789 2028 3990 2095 legisse

2408 2126 2490 2163 me
2513 2110 2787 2179 dixeram,
2847 2114 3138 2180 audiquid
3168 2117 3312 2183 apud
3372 2115 3593 2170 Graecos
3650 2116 3991 2187 Pythagoras

2405 2203 2611 2272 primus
2651 2205 2920 2258 invenerit
2962 2220 2978 2260 :
3018 2206 3359 2261 immortales
3386 2223 3510 2262 esse
3538 2210 3771 2275 animas,
3815 2221 3872 2264 et
3921 2211 3989 2265 de

2406 2296 2528 2347 aliis
2562 2295 2889 2363 corporibus
2919 2297 3156 2351 transire
3190 2298 3243 2351 in
3275 2299 3404 2352 alia.
3456 2298 3609 2363 Quod
3663 2302 3887 2366 quidem
3936 2313 3991 2356 et

2406 2386 2667 2453 Virgilius
2696 2389 2746 2440 in
2779 2398 2936 2443 sexto
2978 2384 3244 2443 Eneidos
3272 2393 3547 2444 volumine
3597 2406 3839 2459 sequens
3904 2393 3988 2445 lo~

2405 2490 2591 2547 quitur
2632 2498 2645 2535 :

2495 2567 2594 2629 Has
2624 2580 2814 2627 omnes,
2840 2568 2923 2616 ubi
2957 2566 3096 2629 mille
3122 2572 3274 2616 rotam
3314 2567 3513 2617 volvere
3544 2581 3635 2629 per
3658 2582 3831 2624 atinas.

2494 2628 2749 2692 Letliieom
2773 2631 2829 2677 ad
2854 2628 3051 2677 lliivium
3078 2630 3210 2677 Deus
3241 2637 3410 2679 evocat
3441 2634 3633 2680 sumine
3661 2644 3868 2692 magno;

2500 2691 2706 2753 Scilicet
2742 2694 3065 2753 immemores
3079 2705 3259 2753 supera
3288 2702 3337 2740 ut
3364 2706 3581 2742 convexa
3606 2699 3848 2751 revisant,

2497 2752 2688 2801 Rursus
2714 2760 2769 2801 et
2794 2752 3035 2815 incipiant
3058 2752 3105 2801 in
3131 2752 3334 2816 corpora
3360 2757 3492 2803 velle
3514 2757 3721 2805 reverti.

2474 2858 2566 2913 ιο.
2606 2857 2921 2928 Pythagora.-
2951 2857 3059 2911 alia
3102 2858 3377 2927 dogmata.
3429 2859 3683 2931 Origenes
3735 2863 3794 2917 in
3830 2864 3998 2921 libros

2404 2972 2528 3010 suos
2588 2956 2862 3010 Platonem
2919 2958 3226 3013 transtulit.
3282 2987 3355 3000 ο-
3405 2958 3475 3013 Se
3544 2961 3779 3028 primum
3827 2960 3997 3015 fuisse

2409 3047 2784 3114 Euphorbum.
2806 3049 3045 3103 secundo
3062 3048 3351 3109 Callidem.
3375 3050 3533 3103 tertio
3563 3049 3993 3112 Hermotimuin.

2408 3148 2602 3205 quarto
2656 3138 2951 3209 Pyrrhum,
2999 3141 3064 3193 ad
3123 3150 3427 3195 extremum
3471 3140 3889 3211 Pythagoram;
3937 3156 3993 3198 et

725 3220 906 3272 omnia
937 3236 1060 3274 esse
1095 3224 1407 3277 communia
1442 3224 1482 3279 ⁸.
1513 3223 1576 3279 Ει
1628 3227 1866 3279 amicum
1900 3227 2140 3295 scipsniu
2184 3243 2304 3282 esse
2332 3243 2375 3299 ο
2411 3238 2531 3297 post
2560 3242 2740 3285 certos
2776 3240 3082 3294 temporum
3130 3233 3387 3293 circnlos.
3444 3248 3507 3287 ea
3563 3249 3686 3301 qu:e
3736 3235 3981 3297 fuerant.

727 3311 957 3363 alterum
990 3314 1368 3385 :iluorumque
1388 3329 1690 3386 temporum
1725 3320 1964 3373 maxime
1998 3319 2303 3373 habendam

727 3420 942 3469 curaui,
969 3422 1128 3459 mane
1162 3419 1213 3461 et
1240 3412 1472 3477 vesperi.
1508 3410 1560 3463 id
1596 3418 1701 3476 est.
1744 3428 1931 3465 enruiii
1954 3427 2076 3482 qua:
2128 3414 2305 3466 acturi

727 3511 941 3559 sumus.
974 3514 1239 3554 eteorum
1268 3519 1394 3571 quae
1430 3506 1790 3570 gesserimus.
1828 3505 1958 3560 Post
1994 3504 2161 3559 Deum
2212 3523 2301 3558 ve-

727 3593 943 3643 ritatem
980 3594 1287 3657 colendam,
1320 3611 1441 3663 qme
1468 3596 1582 3650 sola
1617 3596 1869 3651 homines
1900 3595 2011 3650 Deo
2032 3598 2309 3666 proximos

729 3682 946 3736 faciat.»
984 3684 1072 3739 illa
1098 3703 1183 3751 me
1210 3688 1518 3756 aenigmata,
1547 3706 1668 3759 quae
1723 3690 2144 3760 diligentissime
2189 3693 2309 3745 Ari-

803 3936 819 3967 ¹
856 3936 929 3990 De
960 3937 1229 3990 so‘lalitiis
1284 3935 1761 4006 Pythagoraeornm
1785 3939 2056 3999 Justinus.
2099 3939 2190 3990 lili.
2216 3954 2304 3989 xx:

742 4024 763 4056 ο
798 4006 903 4060 Sed
973 4008 1192 4069 triginta
1243 4024 1307 4060 ex
1357 4007 1654 4074 juvenibus
1708 4025 1831 4062 cum
1882 4008 2139 4063 sodalitio
2188 4008 2311 4075 jure

741 4084 1086 4130 sacramento
1122 4078 1358 4144 quodam
1389 4078 1535 4139 nexi.
1566 4088 1876 4146 separatam
1909 4094 1937 4130 a
1963 4080 2179 4131 caeteris
2234 4080 2312 4131 ci-

737 4147 902 4200 vibus
936 4148 1100 4199 vitam
1131 4158 1471 4208 exercerent.
1505 4166 1524 4199 ι
1560 4156 1666 4202 etc.
1706 4147 1841 4202 Vide
1880 4148 2044 4201 etiam
2081 4149 2146 4201 Α.
2186 4147 2319 4201 Gel-

736 4216 869 4271 lium
894 4218 990 4270 lib.
1027 4235 1063 4280 i.
1092 4230 1142 4270 c.
1175 4218 1225 4271 9.
1268 4217 1341 4271 De
1373 4219 1570 4273 iisdem
1598 4219 1768 4272 multa
1802 4219 2015 4271 dixerat
2037 4217 2235 4272 Cicero
2259 4218 2312 4273 in

731 4286 997 4342 Oratione
1026 4304 1122 4355 pro
1168 4288 1399 4353 Vatinio,
1444 4290 1587 4357 quod
1633 4290 1749 4355 ipse
1811 4287 2067 4343 Vatinius
2120 4288 2315 4357 seria-

734 4360 922 4411 ctaliat
978 4358 1431 4428 Pythagoraiiiii.
1468 4356 1541 4413 ut
1601 4360 1743 4413 idem
1810 4360 2005 4413 Cicero
2060 4359 2127 4428 in
2178 4356 2315 4412 Ora-

735 4440 884 4483 tione
937 4427 1139 4481 coiitra'
1193 4428 1464 4482 Vatinium
1529 4439 1782 4483 testatur.
1840 4429 2010 4498 Cujus
2041 4427 2315 4483 Orationis

735 4516 851 4607 pro9
872 4498 1086 4552 Vatinio
1154 4500 1403 4554 meminit
1456 4498 1703 4554 Valerius
1755 4499 2046 4565 Maximus,
2080 4501 2176 4555 lib.
2239 4515 2312 4564 iv,

736 4586 767 4607 ρ
848 4606 851 4607 ,

736 4586 788 4624 ς.
818 4586 873 4622 '1.

810 4643 829 4671 ²
888 4639 1063 4694 Penes
1118 4640 1394 4701 Martian.
1464 4643 1664 4711 xppaa.
1710 4640 1882 4711 Nunc
1948 4642 2127 4710 χρυσᾶ
2181 4642 2308 4709 ἔπη,

738 4726 903 4762 aurea
937 4712 1180 4763 carmina
1211 4704 1567 4770 dicuntum-si
1598 4710 1759 4764 modo
1789 4726 1851 4765 ea
1887 4704 2037 4773 sunt.
2080 4726 2203 4778 quae
2228 4704 2316 4765 hic

736 4779 1131 4844 Hier.initicat;
1163 4783 1377 4835 videtur
1403 4784 1546 4835 enim
1574 4782 1751 4847 potius
1773 4782 1839 4835 de
1866 4782 2315 4850 Apnplitliegma-

737 4852 812 4923 tis
861 4864 912 4905 et
943 4853 1217 4923 Syiiibolis
1244 4851 1620 4922 Pythagoricis
1640 4853 1809 4919 loqui.
1829 4869 1990 4923 quam
2019 4852 2085 4904 de
2117 4854 2315 4907 Aureis

738 4920 848 4975 illis
880 4920 1240 4985 carminibus,
1288 4920 1441 4990 qua!
1480 4926 1643 4992 vulgo
1696 4924 1913 4991 quidem
1970 4922 2313 4993 Pythagoras.

742 4994 960 5046 tametsi
1005 4993 1162 5058 falso,
1194 4995 1572 5047 ascriliuutur.

815 5062 835 5093 ³
872 5064 1244 5131 Φυγαδευτέον
1276 5066 1445 5134 πάσῃ,
1502 5076 1608 5118 etc.
1657 5065 1828 5119 Verba
1895 5064 2084 5118 isthaec
2129 5064 2313 5119 Graeca

741 5132 973 5187 Erasmo
1004 5149 1068 5188 ac
1099 5134 1340 5187 Mariano
1366 5132 1608 5198 igiiOiata
1636 5150 1883 5203 prorsus.
1937 5136 2064 5199 quia
2123 5150 2153 5187 e
2182 5152 2311 5188 mss.

741 5206 1148 5271 exemplaribus
1182 5221 1285 5258 non
1342 5205 1461 5257 sine
1513 5207 1697 5258 labore
1747 5221 1809 5257 ac
1888 5206 2083 5271 capitis
2127 5206 2315 5259 dolore

745 5275 904 5328 nobis
939 5276 1181 5328 eruenda
1249 5276 1609 5344 reliQuerunt.
1644 5274 1970 5344 :Maluernnt
2022 5275 2096 5327 illi
2137 5277 2313 5328 aliena

746 5344 972 5412 lingere,
1035 5354 1090 5399 et
1149 5349 1199 5399 in
1262 5343 1579 5399 contextum
1641 5343 1953 5414 Hieronymi
2019 5345 2316 5400 obtrudere

746 5419 913 5467 multa
977 5416 1139 5478 falsa.
1182 5430 1345 5484 quam
1376 5416 1619 5481 diligenti
1686 5416 2031 5483 indagatione
2058 5418 2312 5483 'geiiuina

743 5488 1060 5540 l't‘SlilUCl‘P.
1114 5488 1172 5541 In
1226 5489 1370 5541 hunc
1440 5488 1605 5554 igitur
1671 5490 1890 5539 nioiluiii
1955 5488 2311 5553 depravatum

747 5557 964 5610 edidere
1024 5557 1411 5628 Hieronymum
1467 5571 1482 5608 :
1532 5557 1797 5628 ‘l'soxréov
1847 5557 2164 5628 παντάπασι
2221 5561 2313 5608 καὶ

746 5629 1044 5680 εκκοπεέον
1076 5625 1363 5680 ἀσθένειαν
1396 5628 1495 5696 μὲν
1519 5627 1612 5679 τοῦ
1639 5627 1920 5695 σώματος,
1952 5625 2312 5678 ἀπαιδευσίαν

748 5696 805 5747 δὲ
834 5698 932 5763 τῆς
967 5700 1162 5765 ἔςιυχῆς,
1207 5699 1503 5752 ἀκολασίαν
1527 5698 1585 5747 δὲ
1616 5698 1708 5748 τοι]
1741 5702 2002 5765 γαστρὸς,
2034 5699 2225 5748 στάσιν
2255 5698 2310 5748 δὲ

749 5782 847 5831 της
886 5772 1115 5829 πολέως,
1149 5771 1243 5838 τὴν
1274 5769 1330 5820 δὲ
1360 5766 1665 5835 διαφωνίαν
1686 5768 1780 5833 τῆς
1806 5768 2005 5832 οἰκίας,
2029 5768 2309 5838 καὶκοινῇ

751 5840 859 5889 απὸ
916 5842 1133 5891 navum
1194 5837 1253 5891 τὸ
1311 5842 1571 5908 ἀκρατὲς,
1618 5842 1795 5905 quod,
1832 5848 1938 5890 etc.
2000 5837 2122 5889 llwc
2185 5854 2311 5891 sunt

756 5911 965 5964 Ll‘aSllli
1001 5913 1245 5965 tabulina
1280 5910 1466 5965 Gizeca
1518 5909 1798 5973 iocabiila,
1849 5908 2051 5976 quibus
2105 5908 2309 5974 jililliiltl

2414 3336 2631 3373 riirsuin
2664 3320 2781 3375 ﬁeri
2827 3338 2844 3388 ;
2886 3321 3133 3390 nihilque
3182 3321 3237 3376 in
3294 3322 3504 3378 mundo
3544 3322 3718 3376 videri
3756 3340 3989 3378 novum.

2414 3411 2823 3479 Philosophiam
2867 3414 3280 3468 meditationem
3338 3429 3460 3469 esse
3524 3416 3715 3470 mortis
3760 3430 3776 3470 :
3828 3414 3999 3487 567

2409 3504 2654 3571 quotidie
2679 3503 2746 3558 de
2775 3506 3027 3574 corporis
3044 3520 3268 3560 carcere
3303 3505 3568 3561 nitentem
3601 3507 3799 3559 animae
3835 3509 3980 3561 e-lu-

2418 3612 2542 3649 cere
2567 3596 2923 3661 libertatem;
2967 3596 3241 3666 μαθήσεις
3311 3598 3648 3666 ἀναμνήσεις
3680 3598 3738 3663 ⁸,
3783 3600 3837 3653 id
3894 3611 4001 3662 est.

2412 3688 2706 3742 discentias
2737 3690 3160 3745 reminiscentias
3188 3704 3311 3746 esse.
3341 3708 3355 3755 ;
3410 3700 3463 3746 et
3492 3692 3661 3745 multa
3714 3691 3850 3757 alia,
3879 3706 4002 3761 qua:

2415 3939 2595 3991 fucum
2627 3936 2750 3989 fecit
2786 3937 3061 3995 omnibus.
3113 3936 3204 4004 qui
3263 3937 3527 4003 putabant
3578 3951 3701 3989 eum
3755 3938 4003 3993 edidisse

2412 4008 2585 4073 Opera
2618 4006 3042 4075 Hieronviiiiana
3083 4008 3146 4058 ad
3172 4007 3330 4075 tidem
3364 4007 3869 4059 vetustissimorum
3901 4025 3997 4062 co-

2416 4081 2597 4131 dicuin
2637 4096 2651 4139 ς
2682 4094 2790 4131 non
2808 4074 2874 4129 ex
2908 4078 3071 4130 meris
3102 4087 3265 4141 atque
3298 4074 3549 4130 futilibus
3570 4076 3997 4143 suiseonjectu-

2416 4150 2515 4202 ris.
2592 4147 2863 4201 Cieteriini
2938 4150 3203 4199 oniitiiiiit
3282 4147 3613 4214 exemplaria
3682 4162 3819 4199 mss.
3878 4166 3999 4215 ῳιιρ

2416 4219 2751 4273 clauduntur
2780 4216 3054 4270 unciiiatis
3074 4216 3233 4270 lineis
3260 4234 3275 4281 ;
3303 4232 3534 4284 quaque
3550 4231 3650 4270 nos
3682 4219 3998 4285 supplenda

2418 4288 2724 4343 docuerunt
2756 4286 2945 4341 Latina
2982 4286 3317 4355 Hieronymi.
3351 4287 3621 4340 Maurus.

2491 4358 2888 4412 ‘Martianzeiis
2938 4374 3007 4428 ex
3076 4356 3266 4411 Latina
3307 4356 3646 4428 Hieronymi
3715 4358 4000 4417 versione.

2417 4444 2540 4497 quae
2607 4428 2883 4489 subditur,
2924 4426 3110 4481 Grieca
3161 4427 3411 4495 quaedam
3477 4426 3638 4479 verba
3675 4428 3994 4497 fiipplevii,

2418 4494 2539 4567 quae
2571 4500 2624 4552 in
2660 4514 2791 4567 mss.
2819 4494 3295 4552 desiderabantur.
3322 4497 3434 4551 Nos
3448 4512 3511 4551 ex
3542 4499 3655 4565 ipsa
3674 4494 4002 4566 Pytliagone

2420 4566 2527 4623 vita
2553 4584 2648 4635 per
2680 4566 3074 4633 Jaiiiblichnni.
3107 4568 3219 4623 sive
3254 4583 3354 4637 per
3403 4568 3789 4635 Porphyrium.
3834 4584 3998 4632 quem

2420 4640 2767 4694 Jambliclius
2825 4641 3026 4706 passim
3083 4640 3373 4693 exscribit.
3422 4654 3530 4689 uno
3580 4647 3743 4703 atque
3818 4639 3996 4690 altero

2425 4711 2545 4763 loco
2594 4710 2957 4762 restituiiiius.
2998 4708 3221 4777 Legerat
3269 4710 3357 4760 hic
3395 4706 3741 4759 Martiauziis
3791 4707 3998 4760 ἀκολα-

2425 4781 2569 4843 σίαν,
2608 4796 2702 4848 pro
2728 4795 2793 4832 eo
2825 4779 2968 4844 quod
2998 4778 3370 4838 πολυτέλειαν,
3424 4778 3475 4830 id
3518 4787 3600 4829 est
3656 4778 3868 4839 luxum,
3904 4792 4000 4831 aut

2422 4852 2907 4919 sumptuositatent.
2942 4849 3140 4915 legitur
3180 4848 3231 4901 iii
3267 4865 3327 4902 ea
3360 4853 3490 4907 vita.
3545 4858 3599 4919 et
3658 4848 3839 4907 οἰκίας
3901 4864 3999 4915 pro

2421 4922 2598 4983 οἰκον.
2656 4920 2890 4987 denique
2961 4920 3346 4987 παναμετρίαν
3398 4934 3491 4987 pro
3548 4918 3766 4970 duobus
3819 4922 4000 4971 verbis

2424 4994 2641 5043 πάντων
2714 4989 3002 5057 ἀμετρίαν,
3052 5005 3174 5058 qua:
3234 4990 3457 5042 Hieron.
3508 4989 3921 5053 interpretatur.
3962 5011 3991 5040 ii

2423 5064 2625 5115 cunctis
2694 5063 2841 5114 rebus
2893 5062 3385 5127 intemperantiam.
3447 5059 3654 5113 Caetera
3712 5072 3901 5125 repeto
3971 5080 3996 5109 a

2426 5132 2663 5201 Diogene
2696 5130 2933 5192 Laertio.
2969 5130 3063 5185 lib.
3094 5146 3213 5182 viii.

2496 5199 2619 5255 “Et
2650 5203 2879 5254 amicum
2912 5201 3159 5269 seipsunt.
3219 5199 3463 5254 Malelius
3533 5202 3672 5253 idem
3722 5200 3889 5252 habet
3945 5203 3997 5251 in

2425 5272 2543 5327 Vita
2584 5273 2941 5340 Pythagorae:
2977 5273 3066 5323 τὸν
3123 5271 3179 5323 δὲ
3242 5271 3393 5339 φίλον
3452 5271 3611 5323 ἄλλον
3660 5271 3883 5324 ἑαυτόν.
3942 5270 3996 5324 id

2422 5359 2553 5395 vero
2576 5330 2843 5397 adnotare
2877 5330 3363 5411 volui,proptérea
3411 5344 3556 5410 quod
3608 5341 3883 5409 Diogenes
3946 5344 3993 5392 iii

2422 5411 2730 5484 Pythagora
2767 5412 2925 5466 aliter
2955 5424 3160 5481 posmt.
3200 5427 3394 5479 nempe
3448 5412 3751 5463 amicorum
3808 5413 3995 5462 omnia

2422 5501 2541 5538 esse
2573 5485 2927 5546 communia;
2994 5484 3398 5551 amicitiamque
3455 5484 3853 5550 aequalitatem.
3907 5486 3997 5531 καὶ

2425 5555 2611 5622 φιλίαν
2644 5556 2888 5622 ἰσότητα.
2919 5552 3323 5621 Consequentia
3388 5566 3577 5622 porro_
3610 5563 3901 5622 prmeepia_
3937 5562 3988 5601 et

2423 5618 2669 5694 syiiibola
2700 5618 2819 5677 vide
2854 5626 2992 5691 apud
3018 5618 3269 5676 ειιιιῖιίειιι
3306 5618 3528 5691 Diogeii.
3561 5620 3744 5675 Laeri.
3769 5626 3834 5673 de
3867 5618 3993 5672 l’iiis

2420 5695 2719 5767 pliilosoph.
2764 5695 2859 5747 lib.
2888 5709 3003 5767 viii.
3038 5694 3312 5747 Maurus.
3389 5762 3415 5767 _
3486 5763 3496 5767 _
3724 5760 3737 5767 ι
3767 5761 3777 5767 _
3918 5759 3948 5767 η
3980 5760 3989 5767 ,

2494 5766 2514 5795 ⁶
2570 5759 2852 5834 Μαυήσεις
2948 5765 3307 5833 ἀναμνήσεις.
3379 5762 3647 5817 Omittunt
3724 5760 3813 5815 hic
3865 5759 3991 5814 editi

2422 5838 2544 5891 libri
2580 5837 2828 5889 Latinam
2872 5836 3287 5901 explicationem
3337 5833 3992 5890 verboruuiGraecmuiii,

2420 5923 2582 5979 quam
2622 5919 2799 5961 tamen
2846 5908 3079 5960 retinent
3116 5920 3305 5961 omnes
3328 5920 3463 5961 mss.
3502 5906 3741 5966 codices.
3777 5904 3986 5955 discns-
