  <div class='ocr_page' id='page_1' title='image "/cluster/home/n/w/nwhite01/storage/ocr_20150623/23/hvd.32044012674545/266.png"; bbox 0 0 4202 6466; ppageno 0'>
   <div class='ocr_carea' id='block_1_1' title="bbox 226 362 324 427">
    <p class='ocr_par' dir='ltr' id='par_1_1' title="bbox 226 362 324 427">
     <span class='ocr_line' id='line_1_1' title="bbox 226 362 324 427; baseline 0.02 -3"><span class='ocrx_word' id='word_1_1' title='bbox 226 362 324 427; x_wconf 75' lang='lat'><strong>503</strong></span> 
     </span>
    </p>
   </div>
   <div class='ocr_carea' id='block_1_2' title="bbox 1347 372 2386 444">
    <p class='ocr_par' dir='ltr' id='par_1_2' title="bbox 1347 372 2386 444">
     <span class='ocr_line' id='line_1_2' title="bbox 1347 372 2386 444; baseline 0.013 -14"><span class='ocrx_word' id='word_1_2' title='bbox 1347 375 1409 430; x_wconf 79' lang='lat' dir='ltr'><strong>Ct</strong></span> <span class='ocrx_word' id='word_1_3' title='bbox 1441 372 1639 431; x_wconf 50' lang='lat' dir='ltr'><strong>N&#39;l&#39;llA</strong></span> <span class='ocrx_word' id='word_1_4' title='bbox 1690 375 2045 437; x_wconf 54' lang='lat' dir='ltr'><strong>RUFIAUM</strong></span> <span class='ocrx_word' id='word_1_5' title='bbox 2093 378 2239 442; x_wconf 73' lang='lat' dir='ltr'><strong>LIB.</strong></span> <span class='ocrx_word' id='word_1_6' title='bbox 2278 380 2386 444; x_wconf 86' lang='lat' dir='ltr'><strong>lll.</strong></span> 
     </span>
    </p>
   </div>
   <div class='ocr_carea' id='block_1_3' title="bbox 3396 382 3497 447">
    <p class='ocr_par' dir='ltr' id='par_1_3' title="bbox 3396 382 3497 447">
     <span class='ocr_line' id='line_1_3' title="bbox 3396 382 3497 447; baseline 0.02 -7"><span class='ocrx_word' id='word_1_7' title='bbox 3396 382 3497 447; x_wconf 70' lang='grc'><strong>510</strong></span> 
     </span>
    </p>
   </div>
   <div class='ocr_carea' id='block_1_4' title="bbox 224 480 3498 566">
    <p class='ocr_par' dir='ltr' id='par_1_4' title="bbox 224 480 3498 566">
     <span class='ocr_line' id='line_1_4' title="bbox 224 480 3498 566; baseline 0.004 -33"><span class='ocrx_word' id='word_1_8' title='bbox 224 480 368 533; x_wconf 74' lang='lat' dir='ltr'><strong>Plato</strong></span> <span class='ocrx_word' id='word_1_9' title='bbox 405 481 461 536; x_wconf 91' lang='lat' dir='ltr'><strong>in</strong></span> <span class='ocrx_word' id='word_1_10' title='bbox 490 482 655 539; x_wconf 83' lang='lat' dir='ltr'><strong>libris</strong></span> <span class='ocrx_word' id='word_1_11' title='bbox 678 485 816 543; x_wconf 85' lang='lat' dir='ltr'><strong>suis.</strong></span> <span class='ocrx_word' id='word_1_12' title='bbox 840 494 893 538; x_wconf 87' lang='lat' dir='ltr'><strong>et</strong></span> <span class='ocrx_word' id='word_1_13' title='bbox 927 487 1158 538; x_wconf 92' lang='lat' dir='ltr'><strong>maxime</strong></span> <span class='ocrx_word' id='word_1_14' title='bbox 1180 486 1233 539; x_wconf 93' lang='lat' dir='ltr'><strong>in</strong></span> <span class='ocrx_word' id='word_1_15' title='bbox 1260 483 1552 550; x_wconf 76' lang='lat' dir='ltr'><strong>Plitca&#39;ane.</strong></span> <span class='ocrx_word' id='word_1_16' title='bbox 1584 488 1808 543; x_wconf 77' lang='lat' dir='ltr'><strong>Timreo-</strong></span> <span class='ocrx_word' id='word_1_17' title='bbox 1837 496 1880 548; x_wconf 80' lang='grc' dir='ltr'><strong>Α</strong></span> <span class='ocrx_word' id='word_1_18' title='bbox 1913 508 1976 545; x_wconf 89' lang='lat' dir='ltr'><strong>ac</strong></span> <span class='ocrx_word' id='word_1_19' title='bbox 2007 495 2235 561; x_wconf 75' lang='lat' dir='ltr'><strong>sodalis,</strong></span> <span class='ocrx_word' id='word_1_20' title='bbox 2262 508 2317 550; x_wconf 91' lang='lat' dir='ltr'><strong>et</strong></span> <span class='ocrx_word' id='word_1_21' title='bbox 2350 498 2493 566; x_wconf 87' lang='lat' dir='ltr'><strong>quod</strong></span> <span class='ocrx_word' id='word_1_22' title='bbox 2555 498 2639 550; x_wconf 97' lang='lat' dir='ltr'><strong>his</strong></span> <span class='ocrx_word' id='word_1_23' title='bbox 2677 498 2849 565; x_wconf 80' lang='lat' dir='ltr'><strong>majus</strong></span> <span class='ocrx_word' id='word_1_24' title='bbox 2883 509 2986 562; x_wconf 81' lang='lat' dir='ltr'><strong>est,</strong></span> <span class='ocrx_word' id='word_1_25' title='bbox 3033 499 3218 553; x_wconf 79' lang='lat' dir='ltr'><strong>militia</strong></span> <span class='ocrx_word' id='word_1_26' title='bbox 3259 514 3377 565; x_wconf 74' lang='lat' dir='ltr'><strong>qiiu:</strong></span> <span class='ocrx_word' id='word_1_27' title='bbox 3432 501 3498 550; x_wconf 77' lang='lat' dir='ltr'><strong>de</strong></span> 
     </span>
    </p>
   </div>
   <div class='ocr_carea' id='block_1_5' title="bbox 222 576 1810 647">
    <p class='ocr_par' dir='ltr' id='par_1_5' title="bbox 222 576 1810 647">
     <span class='ocr_line' id='line_1_5' title="bbox 222 576 1810 647; baseline 0.005 -20"><span class='ocrx_word' id='word_1_28' title='bbox 222 589 319 643; x_wconf 87' lang='lat' dir='ltr'><strong>que</strong></span> <span class='ocrx_word' id='word_1_29' title='bbox 354 577 744 645; x_wconf 74' lang='lat' dir='ltr'><strong>prosequitur.</strong></span> <span class='ocrx_word' id='word_1_30' title='bbox 784 576 919 632; x_wconf 82' lang='lat' dir='ltr'><strong>Nam</strong></span> <span class='ocrx_word' id='word_1_31' title='bbox 954 590 1074 647; x_wconf 86' lang='lat' dir='ltr'><strong>post</strong></span> <span class='ocrx_word' id='word_1_32' title='bbox 1096 578 1448 633; x_wconf 80' lang='lat' dir='ltr'><strong>Academiam</strong></span> <span class='ocrx_word' id='word_1_33' title='bbox 1479 590 1532 633; x_wconf 80' lang='lat' dir='ltr'><strong>et</strong></span> <span class='ocrx_word' id='word_1_34' title='bbox 1555 583 1810 635; x_wconf 71' lang='lat' dir='ltr'><strong>innume-</strong></span> 
     </span>
    </p>
   </div>
   <div class='ocr_carea' id='block_1_6' title="bbox 222 669 1811 739">
    <p class='ocr_par' dir='ltr' id='par_1_6' title="bbox 222 669 1811 739">
     <span class='ocr_line' id='line_1_6' title="bbox 222 669 1811 739; baseline 0.006 -20"><span class='ocrx_word' id='word_1_35' title='bbox 222 669 420 723; x_wconf 85' lang='lat' dir='ltr'><strong>rabiles</strong></span> <span class='ocrx_word' id='word_1_36' title='bbox 456 670 789 739; x_wconf 89' lang='lat' dir='ltr'><strong>discipulos,</strong></span> <span class='ocrx_word' id='word_1_37' title='bbox 852 673 1095 726; x_wconf 80' lang='lat' dir='ltr'><strong>sentiens</strong></span> <span class='ocrx_word' id='word_1_38' title='bbox 1152 674 1383 727; x_wconf 91' lang='lat' dir='ltr'><strong>multum</strong></span> <span class='ocrx_word' id='word_1_39' title='bbox 1442 692 1555 729; x_wconf 67' lang='lat' dir='ltr'><strong>suae</strong></span> <span class='ocrx_word' id='word_1_40' title='bbox 1618 676 1811 729; x_wconf 77' lang='lat' dir='ltr'><strong>deesse</strong></span> 
     </span>
    </p>
   </div>
   <div class='ocr_carea' id='block_1_7' title="bbox 221 764 1809 835">
    <p class='ocr_par' dir='ltr' id='par_1_7' title="bbox 221 764 1809 835">
     <span class='ocr_line' id='line_1_7' title="bbox 221 764 1809 835; baseline 0.007 -23"><span class='ocrx_word' id='word_1_41' title='bbox 221 764 509 829; x_wconf 65' lang='lat' dir='ltr'><strong>doctrina},</strong></span> <span class='ocrx_word' id='word_1_42' title='bbox 572 766 725 818; x_wconf 84' lang='lat' dir='ltr'><strong>venit</strong></span> <span class='ocrx_word' id='word_1_43' title='bbox 771 766 838 819; x_wconf 88' lang='lat' dir='ltr'><strong>ad</strong></span> <span class='ocrx_word' id='word_1_44' title='bbox 862 782 1114 835; x_wconf 81' lang='lat' dir='ltr'><strong>magnam</strong></span> <span class='ocrx_word' id='word_1_45' title='bbox 1157 767 1446 831; x_wconf 66' lang='lat' dir='ltr'><strong>Graeciam,</strong></span> <span class='ocrx_word' id='word_1_46' title='bbox 1507 768 1688 835; x_wconf 87' lang='lat' dir='ltr'><strong>ibique</strong></span> <span class='ocrx_word' id='word_1_47' title='bbox 1744 771 1809 822; x_wconf 84' lang='lat' dir='ltr'><strong>ab</strong></span> 
     </span>
    </p>
   </div>
   <div class='ocr_carea' id='block_1_8' title="bbox 220 855 1809 932">
    <p class='ocr_par' dir='ltr' id='par_1_8' title="bbox 220 855 1809 932">
     <span class='ocr_line' id='line_1_8' title="bbox 220 855 1809 932; baseline 0.005 -23"><span class='ocrx_word' id='word_1_48' title='bbox 220 855 454 925; x_wconf 71' lang='lat' dir='ltr'><strong>Archyta</strong></span> <span class='ocrx_word' id='word_1_49' title='bbox 491 857 800 912; x_wconf 84' lang='lat' dir='ltr'><strong>Tarentino</strong></span> <span class='ocrx_word' id='word_1_50' title='bbox 824 867 878 913; x_wconf 88' lang='lat' dir='ltr'><strong>et</strong></span> <span class='ocrx_word' id='word_1_51' title='bbox 897 859 1136 913; x_wconf 71' lang='lat' dir='ltr'><strong>Timico‘</strong></span> <span class='ocrx_word' id='word_1_52' title='bbox 1166 859 1421 914; x_wconf 87' lang='lat' dir='ltr'><strong>Lucrensi</strong></span> <span class='ocrx_word' id='word_1_53' title='bbox 1488 861 1809 932; x_wconf 65' lang='lat' dir='ltr'><strong>Pythagora:</strong></span> 
     </span>
    </p>
   </div>
   <div class='ocr_carea' id='block_1_9' title="bbox 220 950 1808 1025">
    <p class='ocr_par' dir='ltr' id='par_1_9' title="bbox 220 950 1808 1025">
     <span class='ocr_line' id='line_1_9' title="bbox 220 950 1808 1025; baseline 0.003 -21"><span class='ocrx_word' id='word_1_54' title='bbox 220 950 467 1004; x_wconf 75' lang='lat' dir='ltr'><strong>doctrina</strong></span> <span class='ocrx_word' id='word_1_55' title='bbox 501 952 780 1018; x_wconf 86' lang='lat' dir='ltr'><strong>eruditus,</strong></span> <span class='ocrx_word' id='word_1_56' title='bbox 812 954 1138 1024; x_wconf 77' lang='lat' dir='ltr'><strong>elegantiam</strong></span> <span class='ocrx_word' id='word_1_57' title='bbox 1200 964 1253 1010; x_wconf 88' lang='lat' dir='ltr'><strong>ct</strong></span> <span class='ocrx_word' id='word_1_58' title='bbox 1287 956 1527 1025; x_wconf 81' lang='lat' dir='ltr'><strong>leporem</strong></span> <span class='ocrx_word' id='word_1_59' title='bbox 1566 955 1808 1011; x_wconf 85' lang='lat' dir='ltr'><strong>Socratis</strong></span> 
     </span>
    </p>
   </div>
   <div class='ocr_carea' id='block_1_10' title="bbox 220 1046 1809 1121">
    <p class='ocr_par' dir='ltr' id='par_1_10' title="bbox 220 1046 1809 1121">
     <span class='ocr_line' id='line_1_10' title="bbox 220 1046 1809 1121; baseline 0.004 -22"><span class='ocrx_word' id='word_1_60' title='bbox 220 1062 333 1100; x_wconf 75' lang='lat' dir='ltr'><strong>cum</strong></span> <span class='ocrx_word' id='word_1_61' title='bbox 365 1046 541 1117; x_wconf 80' lang='lat' dir='ltr'><strong>hujus</strong></span> <span class='ocrx_word' id='word_1_62' title='bbox 568 1048 795 1103; x_wconf 88' lang='lat' dir='ltr'><strong>miscuit</strong></span> <span class='ocrx_word' id='word_1_63' title='bbox 820 1048 1146 1120; x_wconf 84' lang='lat' dir='ltr'><strong>disciplinis,</strong></span> <span class='ocrx_word' id='word_1_64' title='bbox 1190 1065 1312 1121; x_wconf 76' lang='lat' dir='ltr'><strong>qua:</strong></span> <span class='ocrx_word' id='word_1_65' title='bbox 1335 1050 1551 1116; x_wconf 83' lang='lat' dir='ltr'><strong>omnia,</strong></span> <span class='ocrx_word' id='word_1_66' title='bbox 1586 1052 1809 1105; x_wconf 82' lang='lat' dir='ltr'><strong>nomine</strong></span> 
     </span>
    </p>
   </div>
   <div class='ocr_carea' id='block_1_11' title="bbox 221 1138 1808 1217">
    <p class='ocr_par' dir='ltr' id='par_1_11' title="bbox 221 1138 1808 1217">
     <span class='ocr_line' id='line_1_11' title="bbox 221 1138 1808 1217; baseline 0.003 -25"><span class='ocrx_word' id='word_1_67' title='bbox 221 1150 610 1207; x_wconf 84' lang='lat' dir='ltr'><strong>commutato,</strong></span> <span class='ocrx_word' id='word_1_68' title='bbox 646 1138 912 1213; x_wconf 80' lang='lat' dir='ltr'><strong>Origenes</strong></span> <span class='ocrx_word' id='word_1_69' title='bbox 972 1142 1027 1197; x_wconf 90' lang='lat' dir='ltr'><strong>in</strong></span> <span class='ocrx_word' id='word_1_70' title='bbox 1086 1158 1218 1198; x_wconf 87' lang='lat' dir='ltr'><strong>suos</strong></span> <span class='ocrx_word' id='word_1_71' title='bbox 1282 1142 1453 1199; x_wconf 85' lang='lat' dir='ltr'><strong>libros</strong></span> <span class='ocrx_word' id='word_1_72' title='bbox 1507 1146 1635 1217; x_wconf 78' lang='grc' dir='ltr'><strong>περὶ</strong></span> <span class='ocrx_word' id='word_1_73' title='bbox 1678 1145 1808 1215; x_wconf 74' lang='grc' dir='ltr'><strong>Ἀρ-</strong></span> 
     </span>
    </p>
   </div>
   <div class='ocr_carea' id='block_1_12' title="bbox 221 1231 1806 1308">
    <p class='ocr_par' dir='ltr' id='par_1_12' title="bbox 221 1231 1806 1308">
     <span class='ocr_line' id='line_1_12' title="bbox 221 1231 1806 1308; baseline 0.003 -23"><span class='ocrx_word' id='word_1_74' title='bbox 221 1231 329 1298; x_wconf 65' lang='grc' dir='ltr'><strong>γῶν</strong></span> <span class='ocrx_word' id='word_1_75' title='bbox 367 1235 732 1290; x_wconf 80' lang='lat' dir='ltr'><strong>transtulisse</strong></span> <span class='ocrx_word' id='word_1_76' title='bbox 772 1236 1141 1293; x_wconf 77' lang='lat' dir='ltr'><strong>convincitur.</strong></span> <span class='ocrx_word' id='word_1_77' title='bbox 1165 1235 1222 1291; x_wconf 89' lang='lat' dir='ltr'><strong>lu</strong></span> <span class='ocrx_word' id='word_1_78' title='bbox 1266 1252 1376 1308; x_wconf 91' lang='lat' dir='ltr'><strong>quo</strong></span> <span class='ocrx_word' id='word_1_79' title='bbox 1420 1237 1588 1308; x_wconf 87' lang='lat' dir='ltr'><strong>igitur</strong></span> <span class='ocrx_word' id='word_1_80' title='bbox 1608 1237 1806 1303; x_wconf 80' lang='lat' dir='ltr'><strong>erravi,</strong></span> 
     </span>
    </p>
   </div>
   <div class='ocr_carea' id='block_1_13' title="bbox 221 1327 1808 1401">
    <p class='ocr_par' dir='ltr' id='par_1_13' title="bbox 221 1327 1808 1401">
     <span class='ocr_line' id='line_1_13' title="bbox 221 1327 1808 1401; baseline 0.004 -20"><span class='ocrx_word' id='word_1_81' title='bbox 221 1327 262 1381; x_wconf 83' lang='lat' dir='ltr'><strong>si</strong></span> <span class='ocrx_word' id='word_1_82' title='bbox 292 1328 623 1383; x_wconf 76' lang='lat' dir='ltr'><strong>adolescens</strong></span> <span class='ocrx_word' id='word_1_83' title='bbox 656 1328 771 1382; x_wconf 88' lang='lat' dir='ltr'><strong>dixi</strong></span> <span class='ocrx_word' id='word_1_84' title='bbox 820 1344 983 1384; x_wconf 89' lang='lat' dir='ltr'><strong>meea</strong></span> <span class='ocrx_word' id='word_1_85' title='bbox 1020 1339 1241 1400; x_wconf 85' lang='lat' dir='ltr'><strong>putasse</strong></span> <span class='ocrx_word' id='word_1_86' title='bbox 1265 1332 1317 1385; x_wconf 91' lang='lat' dir='ltr'><strong>in</strong></span> <span class='ocrx_word' id='word_1_87' title='bbox 1346 1333 1631 1401; x_wconf 80' lang='lat' dir='ltr'><strong>apostolis.</strong></span> <span class='ocrx_word' id='word_1_88' title='bbox 1687 1349 1808 1396; x_wconf 72' lang='lat' dir='ltr'><strong>qua:</strong></span> 
     </span>
    </p>
   </div>
   <div class='ocr_carea' id='block_1_14' title="bbox 220 1418 1806 1496">
    <p class='ocr_par' dir='ltr' id='par_1_14' title="bbox 220 1418 1806 1496">
     <span class='ocr_line' id='line_1_14' title="bbox 220 1418 1806 1496; baseline 0.009 -27"><span class='ocrx_word' id='word_1_89' title='bbox 220 1420 269 1471; x_wconf 92' lang='lat' dir='ltr'><strong>in</strong></span> <span class='ocrx_word' id='word_1_90' title='bbox 303 1418 625 1491; x_wconf 76' lang='lat' dir='ltr'><strong>Pythagora</strong></span> <span class='ocrx_word' id='word_1_91' title='bbox 660 1433 712 1475; x_wconf 92' lang='lat' dir='ltr'><strong>et</strong></span> <span class='ocrx_word' id='word_1_92' title='bbox 749 1420 978 1480; x_wconf 83' lang='lat' dir='ltr'><strong>Platone</strong></span> <span class='ocrx_word' id='word_1_93' title='bbox 1048 1435 1102 1478; x_wconf 91' lang='lat' dir='ltr'><strong>et</strong></span> <span class='ocrx_word' id='word_1_94' title='bbox 1151 1425 1479 1496; x_wconf 86' lang='lat' dir='ltr'><strong>Empedoclc</strong></span> <span class='ocrx_word' id='word_1_95' title='bbox 1523 1427 1806 1495; x_wconf 78' lang='lat' dir='ltr'><strong>legeram?</strong></span> 
     </span>
    </p>
   </div>
   <div class='ocr_carea' id='block_1_15' title="bbox 217 1511 1806 1593">
    <p class='ocr_par' dir='ltr' id='par_1_15' title="bbox 217 1511 1806 1593">
     <span class='ocr_line' id='line_1_15' title="bbox 217 1511 1806 1593; baseline 0.008 -28"><span class='ocrx_word' id='word_1_96' title='bbox 217 1511 332 1567; x_wconf 69' lang='lat' dir='ltr'><strong>Non</strong></span> <span class='ocrx_word' id='word_1_97' title='bbox 370 1525 435 1569; x_wconf 89' lang='lat' dir='ltr'><strong>ut</strong></span> <span class='ocrx_word' id='word_1_98' title='bbox 477 1526 537 1570; x_wconf 91' lang='lat' dir='ltr'><strong>tu</strong></span> <span class='ocrx_word' id='word_1_99' title='bbox 571 1518 930 1574; x_wconf 87' lang='lat' dir='ltr'><strong>calumniaris</strong></span> <span class='ocrx_word' id='word_1_100' title='bbox 981 1530 1033 1575; x_wconf 89' lang='lat' dir='ltr'><strong>et</strong></span> <span class='ocrx_word' id='word_1_101' title='bbox 1060 1520 1241 1590; x_wconf 83' lang='lat' dir='ltr'><strong>fingis,</strong></span> <span class='ocrx_word' id='word_1_102' title='bbox 1278 1523 1332 1577; x_wconf 91' lang='lat' dir='ltr'><strong>iii</strong></span> <span class='ocrx_word' id='word_1_103' title='bbox 1384 1521 1698 1593; x_wconf 67' lang='lat' dir='ltr'><strong>Pythagorie</strong></span> <span class='ocrx_word' id='word_1_104' title='bbox 1753 1534 1806 1577; x_wconf 81' lang='lat' dir='ltr'><strong>ct</strong></span> 
     </span>
    </p>
   </div>
   <div class='ocr_carea' id='block_1_16' title="bbox 217 1599 1805 1684">
    <p class='ocr_par' dir='ltr' id='par_1_16' title="bbox 217 1599 1805 1684">
     <span class='ocr_line' id='line_1_16' title="bbox 217 1599 1805 1684; baseline 0.01 -31"><span class='ocrx_word' id='word_1_105' title='bbox 217 1599 467 1659; x_wconf 75' lang='lat' dir='ltr'><strong>Platonis</strong></span> <span class='ocrx_word' id='word_1_106' title='bbox 535 1616 591 1661; x_wconf 89' lang='lat' dir='ltr'><strong>et</strong></span> <span class='ocrx_word' id='word_1_107' title='bbox 666 1609 1012 1677; x_wconf 82' lang='lat' dir='ltr'><strong>Empedoclis</strong></span> <span class='ocrx_word' id='word_1_108' title='bbox 1071 1612 1246 1678; x_wconf 83' lang='lat' dir='ltr'><strong>libris,</strong></span> <span class='ocrx_word' id='word_1_109' title='bbox 1290 1615 1384 1668; x_wconf 89' lang='lat' dir='ltr'><strong>sed</strong></span> <span class='ocrx_word' id='word_1_110' title='bbox 1425 1630 1546 1684; x_wconf 74' lang='lat' dir='ltr'><strong>quze</strong></span> <span class='ocrx_word' id='word_1_111' title='bbox 1582 1618 1633 1668; x_wconf 90' lang='lat' dir='ltr'><strong>in</strong></span> <span class='ocrx_word' id='word_1_112' title='bbox 1700 1616 1805 1670; x_wconf 86' lang='lat' dir='ltr'><strong>illis</strong></span> 
     </span>
    </p>
   </div>
   <div class='ocr_carea' id='block_1_17' title="bbox 216 1695 1806 1776">
    <p class='ocr_par' dir='ltr' id='par_1_17' title="bbox 216 1695 1806 1776">
     <span class='ocr_line' id='line_1_17' title="bbox 216 1695 1806 1776; baseline 0.009 -29"><span class='ocrx_word' id='word_1_113' title='bbox 216 1695 390 1751; x_wconf 79' lang='lat' dir='ltr'><strong>fuisse</strong></span> <span class='ocrx_word' id='word_1_114' title='bbox 421 1698 688 1767; x_wconf 78' lang='lat' dir='ltr'><strong>legeram,</strong></span> <span class='ocrx_word' id='word_1_115' title='bbox 719 1712 773 1755; x_wconf 82' lang='lat' dir='ltr'><strong>et</strong></span> <span class='ocrx_word' id='word_1_116' title='bbox 804 1704 1035 1759; x_wconf 81' lang='lat' dir='ltr'><strong>aliorum</strong></span> <span class='ocrx_word' id='word_1_117' title='bbox 1064 1722 1148 1761; x_wconf 91' lang='lat' dir='ltr'><strong>me</strong></span> <span class='ocrx_word' id='word_1_118' title='bbox 1179 1707 1385 1776; x_wconf 90' lang='lat' dir='ltr'><strong>scripta</strong></span> <span class='ocrx_word' id='word_1_119' title='bbox 1422 1724 1516 1763; x_wconf 86' lang='lat' dir='ltr'><strong>eos</strong></span> <span class='ocrx_word' id='word_1_120' title='bbox 1550 1710 1806 1763; x_wconf 78' lang='lat' dir='ltr'><strong>habuisse</strong></span> 
     </span>
    </p>
   </div>
   <div class='ocr_carea' id='block_1_18' title="bbox 214 1790 1774 1872">
    <p class='ocr_par' dir='ltr' id='par_1_18' title="bbox 214 1790 1774 1872">
     <span class='ocr_line' id='line_1_18' title="bbox 214 1790 1774 1872; baseline 0.008 -29"><span class='ocrx_word' id='word_1_121' title='bbox 214 1790 551 1848; x_wconf 87' lang='lat' dir='ltr'><strong>docuerunt.</strong></span> <span class='ocrx_word' id='word_1_122' title='bbox 585 1793 648 1847; x_wconf 86' lang='lat' dir='ltr'><strong>Et</strong></span> <span class='ocrx_word' id='word_1_123' title='bbox 678 1795 779 1850; x_wconf 90' lang='lat' dir='ltr'><strong>hoc</strong></span> <span class='ocrx_word' id='word_1_124' title='bbox 824 1812 998 1866; x_wconf 84' lang='lat' dir='ltr'><strong>genus</strong></span> <span class='ocrx_word' id='word_1_125' title='bbox 1050 1801 1376 1857; x_wconf 85' lang='lat' dir='ltr'><strong>elocutionis</strong></span> <span class='ocrx_word' id='word_1_126' title='bbox 1422 1802 1774 1872; x_wconf 82' lang='lat' dir='ltr'><strong>frequentissi</strong></span> 
     </span>
    </p>
   </div>
   <div class='ocr_carea' id='block_1_19' title="bbox 1919 586 3493 659">
    <p class='ocr_par' dir='ltr' id='par_1_19' title="bbox 1919 586 3493 659">
     <span class='ocr_line' id='line_1_19' title="bbox 1919 586 3493 659; baseline 0.004 -21"><span class='ocrx_word' id='word_1_127' title='bbox 1919 586 2152 653; x_wconf 71' lang='lat' dir='ltr'><strong>Origene</strong></span> <span class='ocrx_word' id='word_1_128' title='bbox 2195 592 2473 653; x_wconf 84' lang='lat' dir='ltr'><strong>transtuli,</strong></span> <span class='ocrx_word' id='word_1_129' title='bbox 2511 592 2781 645; x_wconf 82' lang='lat' dir='ltr'><strong>catholica</strong></span> <span class='ocrx_word' id='word_1_130' title='bbox 2832 593 3122 659; x_wconf 72' lang='lat' dir='ltr'><strong>iudicabis.</strong></span> <span class='ocrx_word' id='word_1_131' title='bbox 3175 593 3268 646; x_wconf 84' lang='lat' dir='ltr'><strong>Sin</strong></span> <span class='ocrx_word' id='word_1_132' title='bbox 3311 605 3493 646; x_wconf 82' lang='lat' dir='ltr'><strong>autem</strong></span> 
     </span>
    </p>
   </div>
   <div class='ocr_carea' id='block_1_20' title="bbox 1916 680 3499 754">
    <p class='ocr_par' dir='ltr' id='par_1_20' title="bbox 1916 680 3499 754">
     <span class='ocr_line' id='line_1_20' title="bbox 1916 680 3499 754; baseline 0.005 -22"><span class='ocrx_word' id='word_1_133' title='bbox 1916 680 2150 733; x_wconf 86' lang='lat' dir='ltr'><strong>mnticro</strong></span> <span class='ocrx_word' id='word_1_134' title='bbox 2208 695 2378 739; x_wconf 84' lang='lat' dir='ltr'><strong>etme</strong></span> <span class='ocrx_word' id='word_1_135' title='bbox 2414 702 2786 746; x_wconf 74' lang='lat' dir='ltr'><strong>C0llll|lfl\&#39;t‘l&#39;0,</strong></span> <span class='ocrx_word' id='word_1_136' title='bbox 2837 687 2976 738; x_wconf 66' lang='lat' dir='ltr'><strong>illico</strong></span> <span class='ocrx_word' id='word_1_137' title='bbox 3027 688 3275 754; x_wconf 87' lang='lat' dir='ltr'><strong>impurus</strong></span> <span class='ocrx_word' id='word_1_138' title='bbox 3319 702 3414 739; x_wconf 86' lang='lat' dir='ltr'><strong>ero</strong></span> <span class='ocrx_word' id='word_1_139' title='bbox 3442 696 3499 740; x_wconf 79' lang='lat' dir='ltr'><strong>et</strong></span> 
     </span>
    </p>
   </div>
   <div class='ocr_carea' id='block_1_21' title="bbox 1916 776 3495 849">
    <p class='ocr_par' dir='ltr' id='par_1_21' title="bbox 1916 776 3495 849">
     <span class='ocr_line' id='line_1_21' title="bbox 1916 776 3495 849; baseline 0.004 -20"><span class='ocrx_word' id='word_1_140' title='bbox 1916 776 2234 841; x_wconf 43' lang='lat' dir='ltr'><strong>haereticus,</strong></span> <span class='ocrx_word' id='word_1_141' title='bbox 2267 790 2318 831; x_wconf 87' lang='lat' dir='ltr'><strong>et</strong></span> <span class='ocrx_word' id='word_1_142' title='bbox 2354 791 2439 831; x_wconf 91' lang='lat' dir='ltr'><strong>tua</strong></span> <span class='ocrx_word' id='word_1_143' title='bbox 2466 779 2724 849; x_wconf 77' lang='lat' dir='ltr'><strong>indignus</strong></span> <span class='ocrx_word' id='word_1_144' title='bbox 2752 781 3177 835; x_wconf 75' lang='lat' dir='ltr'><strong>necessitudine.</strong></span> <span class='ocrx_word' id='word_1_145' title='bbox 3222 782 3343 835; x_wconf 70' lang='lat' dir='ltr'><strong>lltcc</strong></span> <span class='ocrx_word' id='word_1_146' title='bbox 3368 792 3495 837; x_wconf 84' lang='lat' dir='ltr'><strong>sunt</strong></span> 
     </span>
    </p>
   </div>
   <div class='ocr_carea' id='block_1_22' title="bbox 1915 871 3495 940">
    <p class='ocr_par' dir='ltr' id='par_1_22' title="bbox 1915 871 3495 940">
     <span class='ocr_line' id='line_1_22' title="bbox 1915 871 3495 940; baseline 0.005 -19"><span class='ocrx_word' id='word_1_147' title='bbox 1915 871 2188 937; x_wconf 70' lang='lat' dir='ltr'><strong>price/mia</strong></span> <span class='ocrx_word' id='word_1_148' title='bbox 2249 887 2393 932; x_wconf 84' lang='lat' dir='ltr'><strong>mea.</strong></span> <span class='ocrx_word' id='word_1_149' title='bbox 2444 873 2521 925; x_wconf 86' lang='lat' dir='ltr'><strong>sic</strong></span> <span class='ocrx_word' id='word_1_150' title='bbox 2553 890 2636 925; x_wconf 84' lang='lat' dir='ltr'><strong>me</strong></span> <span class='ocrx_word' id='word_1_151' title='bbox 2670 876 2911 929; x_wconf 81' lang='lat' dir='ltr'><strong>hortaris</strong></span> <span class='ocrx_word' id='word_1_152' title='bbox 2960 877 3023 927; x_wconf 83' lang='lat' dir='ltr'><strong>ad</strong></span> <span class='ocrx_word' id='word_1_153' title='bbox 3078 892 3288 940; x_wconf 78' lang='lat' dir='ltr'><strong>pacem.</strong></span> <span class='ocrx_word' id='word_1_154' title='bbox 3320 888 3372 929; x_wconf 91' lang='lat' dir='ltr'><strong>et</strong></span> <span class='ocrx_word' id='word_1_155' title='bbox 3428 890 3495 929; x_wconf 86' lang='lat' dir='ltr'><strong>ne</strong></span> 
     </span>
    </p>
   </div>
   <div class='ocr_carea' id='block_1_23' title="bbox 1914 964 3496 1035">
    <p class='ocr_par' dir='ltr' id='par_1_23' title="bbox 1914 964 3496 1035">
     <span class='ocr_line' id='line_1_23' title="bbox 1914 964 3496 1035; baseline 0.006 -22"><span class='ocrx_word' id='word_1_156' title='bbox 1914 964 2181 1031; x_wconf 71' lang='lat' dir='ltr'><strong>gemitum</strong></span> <span class='ocrx_word' id='word_1_157' title='bbox 2219 964 2439 1033; x_wconf 82' lang='lat' dir='ltr'><strong>quidem</strong></span> <span class='ocrx_word' id='word_1_158' title='bbox 2468 980 2531 1019; x_wconf 86' lang='lat' dir='ltr'><strong>ac</strong></span> <span class='ocrx_word' id='word_1_159' title='bbox 2563 965 2833 1035; x_wconf 81' lang='lat' dir='ltr'><strong>lacrymas</strong></span> <span class='ocrx_word' id='word_1_160' title='bbox 2882 969 3055 1023; x_wconf 88' lang='lat' dir='ltr'><strong>dolori</strong></span> <span class='ocrx_word' id='word_1_161' title='bbox 3120 969 3322 1023; x_wconf 78' lang='lat' dir='ltr'><strong>liberas</strong></span> <span class='ocrx_word' id='word_1_162' title='bbox 3375 986 3496 1023; x_wconf 76' lang='lat' dir='ltr'><strong>esse</strong></span> 
     </span>
    </p>
   </div>
   <div class='ocr_carea' id='block_1_24' title="bbox 1914 1059 2199 1114">
    <p class='ocr_par' dir='ltr' id='par_1_24' title="bbox 1914 1059 2199 1114">
     <span class='ocr_line' id='line_1_24' title="bbox 1914 1059 2199 1114; baseline 0.011 -3"><span class='ocrx_word' id='word_1_163' title='bbox 1914 1059 2199 1114; x_wconf 80' lang='lat' dir='ltr'><strong>Concedis.</strong></span> 
     </span>
    </p>
   </div>
   <div class='ocr_carea' id='block_1_25' title="bbox 1992 1152 3494 1229">
    <p class='ocr_par' dir='ltr' id='par_1_25' title="bbox 1992 1152 3494 1229">
     <span class='ocr_line' id='line_1_25' title="bbox 1992 1152 3494 1229; baseline 0.003 -24"><span class='ocrx_word' id='word_1_164' title='bbox 1992 1152 2071 1207; x_wconf 64' lang='lat'><strong>12.</strong></span> <span class='ocrx_word' id='word_1_165' title='bbox 2106 1153 2489 1211; x_wconf 82' lang='lat' dir='ltr'><strong>Calumniandi</strong></span> <span class='ocrx_word' id='word_1_166' title='bbox 2515 1158 2789 1212; x_wconf 75' lang='lat' dir='ltr'><strong>licentiam</strong></span> <span class='ocrx_word' id='word_1_167' title='bbox 2820 1160 3176 1229; x_wconf 78' lang='lat' dir='ltr'><strong>reprehendit.</strong></span> <span class='ocrx_word' id='word_1_168' title='bbox 3227 1157 3422 1213; x_wconf 81' lang='lat' dir='ltr'><strong>Fulria</strong></span> <span class='ocrx_word' id='word_1_169' title='bbox 3445 1168 3494 1211; x_wconf 76' lang='lat' dir='ltr'><strong>ct</strong></span> 
     </span>
    </p>
   </div>
   <div class='ocr_carea' id='block_1_26' title="bbox 1910 1246 3493 1322">
    <p class='ocr_par' dir='ltr' id='par_1_26' title="bbox 1910 1246 3493 1322">
     <span class='ocr_line' id='line_1_26' title="bbox 1910 1246 3493 1322; baseline 0.002 -21"><span class='ocrx_word' id='word_1_170' title='bbox 1910 1246 2205 1303; x_wconf 79' lang='lat' dir='ltr'><strong>Herodias.</strong></span> <span class='ocrx_word' id='word_1_171' title='bbox 2243 1281 2307 1290; x_wconf 90' lang='lat'><strong>-—</strong></span> <span class='ocrx_word' id='word_1_172' title='bbox 2332 1250 2551 1304; x_wconf 80' lang='lat' dir='ltr'><strong>Possem</strong></span> <span class='ocrx_word' id='word_1_173' title='bbox 2583 1262 2635 1305; x_wconf 79' lang='lat' dir='ltr'><strong>et</strong></span> <span class='ocrx_word' id='word_1_174' title='bbox 2669 1270 2769 1322; x_wconf 83' lang='lat' dir='ltr'><strong>ego</strong></span> <span class='ocrx_word' id='word_1_175' title='bbox 2795 1254 2902 1307; x_wconf 90' lang='lat' dir='ltr'><strong>tuis</strong></span> <span class='ocrx_word' id='word_1_176' title='bbox 2958 1263 3009 1307; x_wconf 84' lang='lat' dir='ltr'><strong>te</strong></span> <span class='ocrx_word' id='word_1_177' title='bbox 3061 1255 3336 1309; x_wconf 84' lang='lat' dir='ltr'><strong>coloribus</strong></span> <span class='ocrx_word' id='word_1_178' title='bbox 3376 1256 3493 1321; x_wconf 86' lang='lat' dir='ltr'><strong>pin-</strong></span> 
     </span>
    </p>
   </div>
   <div class='ocr_carea' id='block_1_27' title="bbox 1908 1342 3492 1411">
    <p class='ocr_par' dir='ltr' id='par_1_27' title="bbox 1908 1342 3492 1411">
     <span class='ocr_line' id='line_1_27' title="bbox 1908 1342 3492 1411; baseline 0.003 -18"><span class='ocrx_word' id='word_1_179' title='bbox 1908 1356 2056 1411; x_wconf 86' lang='lat' dir='ltr'><strong>gere.</strong></span> <span class='ocrx_word' id='word_1_180' title='bbox 2094 1350 2149 1394; x_wconf 88' lang='lat' dir='ltr'><strong>et</strong></span> <span class='ocrx_word' id='word_1_181' title='bbox 2201 1342 2445 1396; x_wconf 89' lang='lat' dir='ltr'><strong>insanire</strong></span> <span class='ocrx_word' id='word_1_182' title='bbox 2503 1355 2692 1398; x_wconf 88' lang='lat' dir='ltr'><strong>contra</strong></span> <span class='ocrx_word' id='word_1_183' title='bbox 2752 1346 3157 1408; x_wconf 80' lang='lat' dir='ltr'><strong>insanientem;</strong></span> <span class='ocrx_word' id='word_1_184' title='bbox 3212 1356 3268 1398; x_wconf 82' lang='lat' dir='ltr'><strong>et</strong></span> <span class='ocrx_word' id='word_1_185' title='bbox 3314 1349 3492 1401; x_wconf 80' lang='lat' dir='ltr'><strong>dicere</strong></span> 
     </span>
    </p>
   </div>
   <div class='ocr_carea' id='block_1_28' title="bbox 1909 1434 3488 1505">
    <p class='ocr_par' dir='ltr' id='par_1_28' title="bbox 1909 1434 3488 1505">
     <span class='ocr_line' id='line_1_28' title="bbox 1909 1434 3488 1505; baseline 0.003 -20"><span class='ocrx_word' id='word_1_186' title='bbox 1909 1434 2178 1503; x_wconf 85' lang='lat' dir='ltr'><strong>quidquid</strong></span> <span class='ocrx_word' id='word_1_187' title='bbox 2220 1435 2299 1489; x_wconf 87' lang='lat' dir='ltr'><strong>vel</strong></span> <span class='ocrx_word' id='word_1_188' title='bbox 2326 1436 2458 1497; x_wconf 87' lang='lat' dir='ltr'><strong>scio.</strong></span> <span class='ocrx_word' id='word_1_189' title='bbox 2504 1438 2587 1491; x_wconf 87' lang='lat' dir='ltr'><strong>vel</strong></span> <span class='ocrx_word' id='word_1_190' title='bbox 2632 1440 2860 1505; x_wconf 84' lang='lat' dir='ltr'><strong>nescio;</strong></span> <span class='ocrx_word' id='word_1_191' title='bbox 2908 1444 3181 1496; x_wconf 89' lang='lat' dir='ltr'><strong>eteadem</strong></span> <span class='ocrx_word' id='word_1_192' title='bbox 3240 1441 3488 1499; x_wconf 81' lang='lat' dir='ltr'><strong>licentia,</strong></span> 
     </span>
    </p>
   </div>
   <div class='ocr_carea' id='block_1_29' title="bbox 1911 1527 3494 1603">
    <p class='ocr_par' dir='ltr' id='par_1_29' title="bbox 1911 1527 3494 1603">
     <span class='ocr_line' id='line_1_29' title="bbox 1911 1527 3494 1603; baseline 0.005 -22"><span class='ocrx_word' id='word_1_193' title='bbox 1911 1527 2082 1581; x_wconf 91' lang='lat' dir='ltr'><strong>immo</strong></span> <span class='ocrx_word' id='word_1_194' title='bbox 2122 1527 2310 1584; x_wconf 86' lang='lat' dir='ltr'><strong>furore</strong></span> <span class='ocrx_word' id='word_1_195' title='bbox 2334 1539 2387 1585; x_wconf 93' lang='lat' dir='ltr'><strong>et</strong></span> <span class='ocrx_word' id='word_1_196' title='bbox 2413 1532 2676 1598; x_wconf 82' lang='lat' dir='ltr'><strong>amentia,</strong></span> <span class='ocrx_word' id='word_1_197' title='bbox 2714 1533 2800 1587; x_wconf 81' lang='lat' dir='ltr'><strong>vel</strong></span> <span class='ocrx_word' id='word_1_198' title='bbox 2835 1533 2997 1598; x_wconf 75' lang='lat' dir='ltr'><strong>falsa,</strong></span> <span class='ocrx_word' id='word_1_199' title='bbox 3020 1537 3100 1588; x_wconf 77' lang='lat' dir='ltr'><strong>vel</strong></span> <span class='ocrx_word' id='word_1_200' title='bbox 3135 1552 3261 1589; x_wconf 82' lang='lat' dir='ltr'><strong>vera</strong></span> <span class='ocrx_word' id='word_1_201' title='bbox 3292 1551 3494 1603; x_wconf 69' lang='lat' dir='ltr'><strong>conge-</strong></span> 
     </span>
    </p>
   </div>
   <div class='ocr_carea' id='block_1_30' title="bbox 1912 1625 3491 1696">
    <p class='ocr_par' dir='ltr' id='par_1_30' title="bbox 1912 1625 3491 1696">
     <span class='ocr_line' id='line_1_30' title="bbox 1912 1625 3491 1696; baseline 0.005 -24"><span class='ocrx_word' id='word_1_202' title='bbox 1912 1634 2053 1684; x_wconf 88' lang='lat' dir='ltr'><strong>rere,</strong></span> <span class='ocrx_word' id='word_1_203' title='bbox 2089 1631 2147 1675; x_wconf 91' lang='lat' dir='ltr'><strong>ut</strong></span> <span class='ocrx_word' id='word_1_204' title='bbox 2200 1633 2255 1676; x_wconf 92' lang='lat' dir='ltr'><strong>et</strong></span> <span class='ocrx_word' id='word_1_205' title='bbox 2304 1640 2387 1677; x_wconf 91' lang='lat' dir='ltr'><strong>iue</strong></span> <span class='ocrx_word' id='word_1_206' title='bbox 2432 1625 2603 1694; x_wconf 87' lang='lat' dir='ltr'><strong>loqui,</strong></span> <span class='ocrx_word' id='word_1_207' title='bbox 2655 1636 2707 1679; x_wconf 83' lang='lat' dir='ltr'><strong>et</strong></span> <span class='ocrx_word' id='word_1_208' title='bbox 2766 1636 2815 1680; x_wconf 90' lang='lat' dir='ltr'><strong>te</strong></span> <span class='ocrx_word' id='word_1_209' title='bbox 2866 1630 3089 1696; x_wconf 77' lang='lat' dir='ltr'><strong>puderet</strong></span> <span class='ocrx_word' id='word_1_210' title='bbox 3136 1630 3325 1682; x_wconf 72' lang='lat' dir='ltr'><strong>audire</strong></span> <span class='ocrx_word' id='word_1_211' title='bbox 3377 1645 3391 1693; x_wconf 91' lang='lat'><strong>;</strong></span> <span class='ocrx_word' id='word_1_212' title='bbox 3438 1639 3491 1680; x_wconf 77' lang='lat' dir='ltr'><strong>et</strong></span> 
     </span>
    </p>
   </div>
   <div class='ocr_carea' id='block_1_31' title="bbox 1909 1712 3491 1786">
    <p class='ocr_par' dir='ltr' id='par_1_31' title="bbox 1909 1712 3491 1786">
     <span class='ocr_line' id='line_1_31' title="bbox 1909 1712 3491 1786; baseline 0.006 -20"><span class='ocrx_word' id='word_1_213' title='bbox 1909 1712 2148 1782; x_wconf 84' lang='lat' dir='ltr'><strong>ohjicere</strong></span> <span class='ocrx_word' id='word_1_214' title='bbox 2187 1716 2304 1781; x_wconf 84' lang='lat' dir='ltr'><strong>tibi,</strong></span> <span class='ocrx_word' id='word_1_215' title='bbox 2354 1734 2476 1786; x_wconf 70' lang='lat' dir='ltr'><strong>qua:</strong></span> <span class='ocrx_word' id='word_1_216' title='bbox 2518 1727 2613 1771; x_wconf 85' lang='lat' dir='ltr'><strong>aut</strong></span> <span class='ocrx_word' id='word_1_217' title='bbox 2651 1731 2999 1773; x_wconf 80' lang='lat' dir='ltr'><strong>accusantem</strong></span> <span class='ocrx_word' id='word_1_218' title='bbox 3031 1721 3491 1783; x_wconf 80' lang='lat' dir='ltr'><strong>ilamuarent,aiit</strong></span> 
     </span>
    </p>
   </div>
   <div class='ocr_carea' id='block_1_32' title="bbox 1909 1809 3484 1873">
    <p class='ocr_par' dir='ltr' id='par_1_32' title="bbox 1909 1809 3484 1873">
     <span class='ocr_line' id='line_1_32' title="bbox 1909 1809 3484 1873; baseline 0.003 -19"><span class='ocrx_word' id='word_1_219' title='bbox 1909 1816 2365 1873; x_wconf 77' lang='lat' dir='ltr'><strong>accusatum,ut</strong></span> <span class='ocrx_word' id='word_1_220' title='bbox 2408 1825 2470 1862; x_wconf 80' lang='lat' dir='ltr'><strong>ex</strong></span> <span class='ocrx_word' id='word_1_221' title='bbox 2533 1809 2736 1864; x_wconf 87' lang='lat' dir='ltr'><strong>frontis</strong></span> <span class='ocrx_word' id='word_1_222' title='bbox 2805 1810 3006 1864; x_wconf 87' lang='lat' dir='ltr'><strong>duritia</strong></span> <span class='ocrx_word' id='word_1_223' title='bbox 3072 1812 3229 1863; x_wconf 68' lang='lat' dir='ltr'><strong>[idem</strong></span> <span class='ocrx_word' id='word_1_224' title='bbox 3296 1812 3484 1865; x_wconf 68' lang='lat' dir='ltr'><strong>lCClltl‘l</strong></span> 
     </span>
    </p>
   </div>
   <div class='ocr_carea' id='block_1_33' title="bbox 215 1855 3488 1970">
    <p class='ocr_par' dir='ltr' id='par_1_33' title="bbox 215 1855 3488 1970">
     <span class='ocr_line' id='line_1_33' title="bbox 215 1855 3488 1970; baseline 0.006 -40"><span class='ocrx_word' id='word_1_225' title='bbox 215 1895 362 1931; x_wconf 87' lang='lat' dir='ltr'><strong>nium</strong></span> <span class='ocrx_word' id='word_1_226' title='bbox 387 1893 505 1934; x_wconf 83' lang='lat' dir='ltr'><strong>est:</strong></span> <span class='ocrx_word' id='word_1_227' title='bbox 526 1884 647 1937; x_wconf 92' lang='lat' dir='ltr'><strong>utsi</strong></span> <span class='ocrx_word' id='word_1_228' title='bbox 669 1884 869 1952; x_wconf 82' lang='lat' dir='ltr'><strong>dicant,</strong></span> <span class='ocrx_word' id='word_1_229' title='bbox 893 1903 1015 1954; x_wconf 73' lang='lat' dir='ltr'><strong>qua:</strong></span> <span class='ocrx_word' id='word_1_230' title='bbox 1042 1888 1092 1940; x_wconf 90' lang='lat' dir='ltr'><strong>iii</strong></span> <span class='ocrx_word' id='word_1_231' title='bbox 1123 1890 1346 1943; x_wconf 82' lang='lat' dir='ltr'><strong>Sacrate</strong></span> <span class='ocrx_word' id='word_1_232' title='bbox 1378 1892 1478 1961; x_wconf 84' lang='lat' dir='ltr'><strong>legi</strong></span> <span class='ocrx_word' id='word_1_233' title='bbox 1512 1892 1791 1958; x_wconf 78' lang='lat' dir='ltr'><strong>dogmata,</strong></span> <span class='ocrx_word' id='word_1_234' title='bbox 1824 1855 1874 1918; x_wconf 65' lang='grc' dir='ltr'>Β</span> <span class='ocrx_word' id='word_1_235' title='bbox 1905 1896 2141 1953; x_wconf 77' lang='lat' dir='ltr'><strong>facerem</strong></span> <span class='ocrx_word' id='word_1_236' title='bbox 2170 1944 2183 1962; x_wconf 73' lang='grc'><em>,</em></span> <span class='ocrx_word' id='word_1_237' title='bbox 2260 1910 2317 1953; x_wconf 83' lang='grc' dir='ltr'><strong>ιιι</strong></span> <span class='ocrx_word' id='word_1_238' title='bbox 2371 1902 2515 1970; x_wconf 77' lang='lat' dir='ltr'><strong>quod</strong></span> <span class='ocrx_word' id='word_1_239' title='bbox 2582 1904 2927 1970; x_wconf 80' lang='lat' dir='ltr'><strong>impudenter</strong></span> <span class='ocrx_word' id='word_1_240' title='bbox 3009 1904 3303 1957; x_wconf 71' lang='lat' dir='ltr'><strong>scriberem</strong></span> <span class='ocrx_word' id='word_1_241' title='bbox 3363 1920 3488 1956; x_wconf 71' lang='lat' dir='ltr'><strong>vero</strong></span> 
     </span>
    </p>
   </div>
   <div class='ocr_carea' id='block_1_34' title="bbox 214 1970 1799 2043">
    <p class='ocr_par' dir='ltr' id='par_1_34' title="bbox 214 1970 1799 2043">
     <span class='ocr_line' id='line_1_34' title="bbox 214 1970 1799 2043; baseline 0.009 -24"><span class='ocrx_word' id='word_1_242' title='bbox 214 1970 405 2033; x_wconf 67' lang='lat' dir='ltr'><strong>putavi</strong></span> <span class='ocrx_word' id='word_1_243' title='bbox 447 1986 597 2024; x_wconf 63' lang='lat' dir='ltr'><strong>Vera.</strong></span> <span class='ocrx_word' id='word_1_244' title='bbox 628 1970 745 2028; x_wconf 78' lang='lat' dir='ltr'><strong>Non</strong></span> <span class='ocrx_word' id='word_1_245' title='bbox 777 1976 920 2043; x_wconf 88' lang='lat' dir='ltr'><strong>quod</strong></span> <span class='ocrx_word' id='word_1_246' title='bbox 961 1974 1223 2034; x_wconf 85' lang='lat' dir='ltr'><strong>Socrates</strong></span> <span class='ocrx_word' id='word_1_247' title='bbox 1280 1980 1447 2035; x_wconf 91' lang='lat' dir='ltr'><strong>lihros</strong></span> <span class='ocrx_word' id='word_1_248' title='bbox 1492 1981 1628 2035; x_wconf 85' lang='lat' dir='ltr'><strong>ullos</strong></span> <span class='ocrx_word' id='word_1_249' title='bbox 1659 1986 1799 2035; x_wconf 79' lang='lat' dir='ltr'><strong>scri~</strong></span> 
     </span>
    </p>
   </div>
   <div class='ocr_carea' id='block_1_35' title="bbox 211 2068 1799 2147">
    <p class='ocr_par' dir='ltr' id='par_1_35' title="bbox 211 2068 1799 2147">
     <span class='ocr_line' id='line_1_35' title="bbox 211 2068 1799 2147; baseline 0.009 -29"><span class='ocrx_word' id='word_1_250' title='bbox 211 2068 390 2133; x_wconf 85' lang='lat' dir='ltr'><strong>pserit</strong></span> <span class='ocrx_word' id='word_1_251' title='bbox 419 2069 440 2098; x_wconf 80' lang='grc'><strong><em>³</em></strong></span> <span class='ocrx_word' id='word_1_252' title='bbox 472 2085 488 2135; x_wconf 88' lang='grc'>;</span> <span class='ocrx_word' id='word_1_253' title='bbox 520 2072 616 2125; x_wconf 89' lang='lat' dir='ltr'><strong>sed</strong></span> <span class='ocrx_word' id='word_1_254' title='bbox 647 2089 769 2140; x_wconf 67' lang='lat' dir='ltr'><strong>qua:</strong></span> <span class='ocrx_word' id='word_1_255' title='bbox 804 2076 905 2145; x_wconf 88' lang='lat' dir='ltr'><strong>legi</strong></span> <span class='ocrx_word' id='word_1_256' title='bbox 931 2077 1073 2147; x_wconf 88' lang='lat' dir='ltr'><strong>apud</strong></span> <span class='ocrx_word' id='word_1_257' title='bbox 1123 2078 1400 2134; x_wconf 83' lang='lat' dir='ltr'><strong>Platonem</strong></span> <span class='ocrx_word' id='word_1_258' title='bbox 1437 2090 1489 2134; x_wconf 87' lang='lat' dir='ltr'><strong>el</strong></span> <span class='ocrx_word' id='word_1_259' title='bbox 1526 2082 1664 2136; x_wconf 85' lang='lat' dir='ltr'><strong>alios</strong></span> <span class='ocrx_word' id='word_1_260' title='bbox 1694 2081 1799 2135; x_wconf 73' lang='lat' dir='ltr'><strong>So-</strong></span> 
     </span>
    </p>
   </div>
   <div class='ocr_carea' id='block_1_36' title="bbox 211 2163 1796 2241">
    <p class='ocr_par' dir='ltr' id='par_1_36' title="bbox 211 2163 1796 2241">
     <span class='ocr_line' id='line_1_36' title="bbox 211 2163 1796 2241; baseline 0.012 -28"><span class='ocrx_word' id='word_1_261' title='bbox 211 2163 458 2218; x_wconf 86' lang='lat' dir='ltr'><strong>craticos</strong></span> <span class='ocrx_word' id='word_1_262' title='bbox 489 2164 641 2218; x_wconf 90' lang='lat' dir='ltr'><strong>illum</strong></span> <span class='ocrx_word' id='word_1_263' title='bbox 673 2168 953 2224; x_wconf 87' lang='lat' dir='ltr'><strong>habuisse.</strong></span> <span class='ocrx_word' id='word_1_264' title='bbox 990 2170 1054 2225; x_wconf 81' lang='lat' dir='ltr'><strong>Et</strong></span> <span class='ocrx_word' id='word_1_265' title='bbox 1100 2189 1342 2241; x_wconf 86' lang='lat' dir='ltr'><strong>rursum,</strong></span> <span class='ocrx_word' id='word_1_266' title='bbox 1398 2177 1599 2231; x_wconf 87' lang='lat' dir='ltr'><strong>imitari</strong></span> <span class='ocrx_word' id='word_1_267' title='bbox 1651 2179 1796 2232; x_wconf 83' lang='lat' dir='ltr'><strong>volui</strong></span> 
     </span>
    </p>
   </div>
   <div class='ocr_carea' id='block_1_37' title="bbox 210 2260 1793 2339">
    <p class='ocr_par' dir='ltr' id='par_1_37' title="bbox 210 2260 1793 2339">
     <span class='ocr_line' id='line_1_37' title="bbox 210 2260 1793 2339; baseline 0.013 -33"><span class='ocrx_word' id='word_1_268' title='bbox 210 2265 360 2322; x_wconf 71' lang='lat' dir='ltr'><strong>gesta</strong></span> <span class='ocrx_word' id='word_1_269' title='bbox 398 2260 593 2324; x_wconf 75' lang='lat' dir='ltr'><strong>qnzrin</strong></span> <span class='ocrx_word' id='word_1_270' title='bbox 627 2262 939 2319; x_wconf 75' lang='lat' dir='ltr'><strong>Alexandro</strong></span> <span class='ocrx_word' id='word_1_271' title='bbox 974 2276 1025 2320; x_wconf 88' lang='lat' dir='ltr'><strong>et</strong></span> <span class='ocrx_word' id='word_1_272' title='bbox 1056 2265 1312 2337; x_wconf 84' lang='lat' dir='ltr'><strong>Scipione</strong></span> <span class='ocrx_word' id='word_1_273' title='bbox 1363 2270 1597 2339; x_wconf 82' lang='lat' dir='ltr'><strong>legeram</strong></span> <span class='ocrx_word' id='word_1_274' title='bbox 1642 2287 1656 2326; x_wconf 90' lang='lat'><strong>:</strong></span> <span class='ocrx_word' id='word_1_275' title='bbox 1685 2288 1793 2325; x_wconf 89' lang='lat' dir='ltr'><strong>non</strong></span> 
     </span>
    </p>
   </div>
   <div class='ocr_carea' id='block_1_38' title="bbox 211 2348 1790 2433">
    <p class='ocr_par' dir='ltr' id='par_1_38' title="bbox 211 2348 1790 2433">
     <span class='ocr_line' id='line_1_38' title="bbox 211 2348 1790 2433; baseline 0.011 -33"><span class='ocrx_word' id='word_1_276' title='bbox 211 2348 360 2412; x_wconf 87' lang='lat' dir='ltr'><strong>quod</strong></span> <span class='ocrx_word' id='word_1_277' title='bbox 408 2351 526 2421; x_wconf 90' lang='lat' dir='ltr'><strong>ipsa</strong></span> <span class='ocrx_word' id='word_1_278' title='bbox 563 2368 663 2406; x_wconf 87' lang='lat' dir='ltr'><strong>sua</strong></span> <span class='ocrx_word' id='word_1_279' title='bbox 704 2366 853 2425; x_wconf 81' lang='lat' dir='ltr'><strong>gesta</strong></span> <span class='ocrx_word' id='word_1_280' title='bbox 884 2358 1283 2428; x_wconf 86' lang='lat' dir='ltr'><strong>descripseriut</strong></span> <span class='ocrx_word' id='word_1_281' title='bbox 1309 2405 1325 2429; x_wconf 90' lang='lat'><strong>,</strong></span> <span class='ocrx_word' id='word_1_282' title='bbox 1357 2364 1448 2417; x_wconf 88' lang='lat' dir='ltr'><strong>sed</strong></span> <span class='ocrx_word' id='word_1_283' title='bbox 1491 2364 1634 2433; x_wconf 91' lang='lat' dir='ltr'><strong>quod</strong></span> <span class='ocrx_word' id='word_1_284' title='bbox 1650 2365 1790 2430; x_wconf 88' lang='lat' dir='ltr'><strong>apud</strong></span> 
     </span>
    </p>
   </div>
   <div class='ocr_carea' id='block_1_39' title="bbox 211 2444 1795 2527">
    <p class='ocr_par' dir='ltr' id='par_1_39' title="bbox 211 2444 1795 2527">
     <span class='ocr_line' id='line_1_39' title="bbox 211 2444 1795 2527; baseline 0.011 -35"><span class='ocrx_word' id='word_1_285' title='bbox 211 2444 352 2497; x_wconf 84' lang='lat' dir='ltr'><strong>alios</strong></span> <span class='ocrx_word' id='word_1_286' title='bbox 404 2444 663 2513; x_wconf 73' lang='lat' dir='ltr'><strong>legerim,</strong></span> <span class='ocrx_word' id='word_1_287' title='bbox 710 2466 831 2517; x_wconf 70' lang='lat' dir='ltr'><strong>qua:</strong></span> <span class='ocrx_word' id='word_1_288' title='bbox 868 2451 991 2505; x_wconf 85' lang='lat' dir='ltr'><strong>illos</strong></span> <span class='ocrx_word' id='word_1_289' title='bbox 1030 2454 1268 2521; x_wconf 72' lang='lat' dir='ltr'><strong>gessisse</strong></span> <span class='ocrx_word' id='word_1_290' title='bbox 1318 2456 1579 2510; x_wconf 87' lang='lat' dir='ltr'><strong>mirabar.</strong></span> <span class='ocrx_word' id='word_1_291' title='bbox 1628 2456 1795 2527; x_wconf 85' lang='lat' dir='ltr'><strong>igitur</strong></span> 
     </span>
    </p>
   </div>
   <div class='ocr_carea' id='block_1_40' title="bbox 208 2538 1793 2619">
    <p class='ocr_par' dir='ltr' id='par_1_40' title="bbox 208 2538 1793 2619">
     <span class='ocr_line' id='line_1_40' title="bbox 208 2538 1793 2619; baseline 0.011 -30"><span class='ocrx_word' id='word_1_292' title='bbox 208 2538 379 2591; x_wconf 67' lang='lat' dir='ltr'><strong>etiam</strong></span> <span class='ocrx_word' id='word_1_293' title='bbox 452 2539 497 2593; x_wconf 89' lang='lat' dir='ltr'><strong>sl</strong></span> <span class='ocrx_word' id='word_1_294' title='bbox 540 2539 739 2595; x_wconf 84' lang='lat' dir='ltr'><strong>docere</strong></span> <span class='ocrx_word' id='word_1_295' title='bbox 778 2558 887 2597; x_wconf 93' lang='lat' dir='ltr'><strong>non</strong></span> <span class='ocrx_word' id='word_1_296' title='bbox 955 2560 1172 2614; x_wconf 88' lang='lat' dir='ltr'><strong>possem</strong></span> <span class='ocrx_word' id='word_1_297' title='bbox 1233 2549 1406 2618; x_wconf 86' lang='lat' dir='ltr'><strong>ipsius</strong></span> <span class='ocrx_word' id='word_1_298' title='bbox 1474 2549 1793 2619; x_wconf 66' lang='lat' dir='ltr'><strong>Pythagora:</strong></span> 
     </span>
    </p>
   </div>
   <div class='ocr_carea' id='block_1_41' title="bbox 208 2642 1792 2709">
    <p class='ocr_par' dir='ltr' id='par_1_41' title="bbox 208 2642 1792 2709">
     <span class='ocr_line' id='line_1_41' title="bbox 208 2642 1792 2709; baseline 0.011 -26"><span class='ocrx_word' id='word_1_299' title='bbox 208 2642 434 2685; x_wconf 79' lang='lat' dir='ltr'><strong>exstare</strong></span> <span class='ocrx_word' id='word_1_300' title='bbox 468 2645 845 2702; x_wconf 86' lang='lat' dir='ltr'><strong>monumenta,</strong></span> <span class='ocrx_word' id='word_1_301' title='bbox 885 2653 986 2693; x_wconf 91' lang='lat' dir='ltr'><strong>nec</strong></span> <span class='ocrx_word' id='word_1_302' title='bbox 1032 2654 1059 2692; x_wconf 89' lang='lat' dir='ltr'><strong>a</strong></span> <span class='ocrx_word' id='word_1_303' title='bbox 1091 2642 1201 2696; x_wconf 87' lang='lat' dir='ltr'><strong>lilio</strong></span> <span class='ocrx_word' id='word_1_304' title='bbox 1226 2644 1344 2709; x_wconf 88' lang='lat' dir='ltr'><strong>ejus</strong></span> <span class='ocrx_word' id='word_1_305' title='bbox 1378 2658 1442 2697; x_wconf 88' lang='lat' dir='ltr'><strong>ac</strong></span> <span class='ocrx_word' id='word_1_306' title='bbox 1480 2642 1609 2706; x_wconf 85' lang='lat' dir='ltr'><strong>tilia,</strong></span> <span class='ocrx_word' id='word_1_307' title='bbox 1639 2644 1792 2699; x_wconf 87' lang='lat' dir='ltr'><strong>aliis-</strong></span> 
     </span>
    </p>
   </div>
   <div class='ocr_carea' id='block_1_42' title="bbox 204 2726 1792 2799">
    <p class='ocr_par' dir='ltr' id='par_1_42' title="bbox 204 2726 1792 2799">
     <span class='ocr_line' id='line_1_42' title="bbox 204 2726 1792 2799; baseline 0.011 -25"><span class='ocrx_word' id='word_1_308' title='bbox 204 2740 314 2793; x_wconf 86' lang='lat' dir='ltr'><strong>que</strong></span> <span class='ocrx_word' id='word_1_309' title='bbox 339 2726 632 2793; x_wconf 74' lang='lat' dir='ltr'><strong>discipulis</strong></span> <span class='ocrx_word' id='word_1_310' title='bbox 667 2731 891 2797; x_wconf 89' lang='lat' dir='ltr'><strong>probata</strong></span> <span class='ocrx_word' id='word_1_311' title='bbox 928 2734 1335 2799; x_wconf 84' lang='lat' dir='ltr'><strong>convincerem,</strong></span> <span class='ocrx_word' id='word_1_312' title='bbox 1390 2752 1475 2789; x_wconf 89' lang='lat' dir='ltr'><strong>me</strong></span> <span class='ocrx_word' id='word_1_313' title='bbox 1502 2751 1607 2791; x_wconf 90' lang='lat' dir='ltr'><strong>non</strong></span> <span class='ocrx_word' id='word_1_314' title='bbox 1633 2746 1792 2792; x_wconf 85' lang='lat' dir='ltr'><strong>tene-</strong></span> 
     </span>
    </p>
   </div>
   <div class='ocr_carea' id='block_1_43' title="bbox 208 2823 1787 2900">
    <p class='ocr_par' dir='ltr' id='par_1_43' title="bbox 208 2823 1787 2900">
     <span class='ocr_line' id='line_1_43' title="bbox 208 2823 1787 2900; baseline 0.01 -28"><span class='ocrx_word' id='word_1_315' title='bbox 208 2834 300 2874; x_wconf 88' lang='lat' dir='ltr'><strong>res</strong></span> <span class='ocrx_word' id='word_1_316' title='bbox 330 2823 628 2892; x_wconf 76' lang='lat' dir='ltr'><strong>mendacii,</strong></span> <span class='ocrx_word' id='word_1_317' title='bbox 672 2826 795 2891; x_wconf 89' lang='lat' dir='ltr'><strong>quia</strong></span> <span class='ocrx_word' id='word_1_318' title='bbox 826 2842 928 2881; x_wconf 93' lang='lat' dir='ltr'><strong>non</strong></span> <span class='ocrx_word' id='word_1_319' title='bbox 960 2828 1150 2892; x_wconf 90' lang='lat' dir='ltr'><strong>libros.</strong></span> <span class='ocrx_word' id='word_1_320' title='bbox 1182 2830 1277 2886; x_wconf 86' lang='lat' dir='ltr'><strong>sed</strong></span> <span class='ocrx_word' id='word_1_321' title='bbox 1312 2830 1565 2900; x_wconf 77' lang='lat' dir='ltr'><strong>dogmata</strong></span> <span class='ocrx_word' id='word_1_322' title='bbox 1592 2834 1787 2899; x_wconf 77' lang='lat' dir='ltr'><strong>legisse</strong></span> 
     </span>
    </p>
   </div>
   <div class='ocr_carea' id='block_1_44' title="bbox 211 2911 1791 2992">
    <p class='ocr_par' dir='ltr' id='par_1_44' title="bbox 211 2911 1791 2992">
     <span class='ocr_line' id='line_1_44' title="bbox 211 2911 1791 2992; baseline 0.01 -30"><span class='ocrx_word' id='word_1_323' title='bbox 211 2924 300 2963; x_wconf 89' lang='lat' dir='ltr'><strong>me</strong></span> <span class='ocrx_word' id='word_1_324' title='bbox 337 2911 492 2965; x_wconf 85' lang='lat' dir='ltr'><strong>dixi:</strong></span> <span class='ocrx_word' id='word_1_325' title='bbox 539 2924 593 2966; x_wconf 88' lang='lat' dir='ltr'><strong>et</strong></span> <span class='ocrx_word' id='word_1_326' title='bbox 627 2924 679 2967; x_wconf 92' lang='lat' dir='ltr'><strong>te</strong></span> <span class='ocrx_word' id='word_1_327' title='bbox 716 2914 917 2971; x_wconf 82' lang='lat' dir='ltr'><strong>frustra</strong></span> <span class='ocrx_word' id='word_1_328' title='bbox 955 2933 1167 2983; x_wconf 90' lang='lat' dir='ltr'><strong>errare,</strong></span> <span class='ocrx_word' id='word_1_329' title='bbox 1193 2935 1280 2975; x_wconf 90' lang='lat' dir='ltr'><strong>me</strong></span> <span class='ocrx_word' id='word_1_330' title='bbox 1322 2931 1471 2975; x_wconf 92' lang='lat' dir='ltr'><strong>tuum</strong></span> <span class='ocrx_word' id='word_1_331' title='bbox 1508 2932 1791 2992; x_wconf 73' lang='lat' dir='ltr'><strong>protegere</strong></span> 
     </span>
    </p>
   </div>
   <div class='ocr_carea' id='block_1_45' title="bbox 207 3006 1785 3083">
    <p class='ocr_par' dir='ltr' id='par_1_45' title="bbox 207 3006 1785 3083">
     <span class='ocr_line' id='line_1_45' title="bbox 207 3006 1785 3083; baseline 0.01 -27"><span class='ocrx_word' id='word_1_332' title='bbox 207 3006 560 3060; x_wconf 78' lang='lat' dir='ltr'><strong>mendacium</strong></span> <span class='ocrx_word' id='word_1_333' title='bbox 620 3008 883 3075; x_wconf 89' lang='lat' dir='ltr'><strong>voluisse,</strong></span> <span class='ocrx_word' id='word_1_334' title='bbox 941 3020 1003 3065; x_wconf 89' lang='lat' dir='ltr'><strong>ut</strong></span> <span class='ocrx_word' id='word_1_335' title='bbox 1054 3013 1159 3067; x_wconf 79' lang='lat' dir='ltr'><strong>nisi</strong></span> <span class='ocrx_word' id='word_1_336' title='bbox 1219 3030 1318 3083; x_wconf 86' lang='lat' dir='ltr'><strong>ego</strong></span> <span class='ocrx_word' id='word_1_337' title='bbox 1367 3031 1534 3069; x_wconf 90' lang='lat' dir='ltr'><strong>unum</strong></span> <span class='ocrx_word' id='word_1_338' title='bbox 1589 3017 1785 3071; x_wconf 89' lang='lat' dir='ltr'><strong>librum</strong></span> 
     </span>
    </p>
   </div>
   <div class='ocr_carea' id='block_1_46' title="bbox 204 3100 1788 3178">
    <p class='ocr_par' dir='ltr' id='par_1_46' title="bbox 204 3100 1788 3178">
     <span class='ocr_line' id='line_1_46' title="bbox 204 3100 1788 3178; baseline 0.006 -24"><span class='ocrx_word' id='word_1_339' title='bbox 204 3100 539 3174; x_wconf 73' lang='lat' dir='ltr'><strong>Pythagora:</strong></span> <span class='ocrx_word' id='word_1_340' title='bbox 568 3104 871 3174; x_wconf 87' lang='lat' dir='ltr'><strong>protulero,</strong></span> <span class='ocrx_word' id='word_1_341' title='bbox 911 3114 966 3159; x_wconf 93' lang='lat' dir='ltr'><strong>tu</strong></span> <span class='ocrx_word' id='word_1_342' title='bbox 991 3118 1086 3159; x_wconf 88' lang='lat' dir='ltr'><strong>sex</strong></span> <span class='ocrx_word' id='word_1_343' title='bbox 1120 3106 1291 3160; x_wconf 90' lang='lat' dir='ltr'><strong>millia</strong></span> <span class='ocrx_word' id='word_1_344' title='bbox 1339 3106 1590 3178; x_wconf 87' lang='lat' dir='ltr'><strong>Origenis</strong></span> <span class='ocrx_word' id='word_1_345' title='bbox 1616 3110 1788 3165; x_wconf 90' lang='lat' dir='ltr'><strong>libros</strong></span> 
     </span>
    </p>
   </div>
   <div class='ocr_carea' id='block_1_47' title="bbox 202 3198 542 3265">
    <p class='ocr_par' dir='ltr' id='par_1_47' title="bbox 202 3198 542 3265">
     <span class='ocr_line' id='line_1_47' title="bbox 202 3198 542 3265; baseline 0 -15"><span class='ocrx_word' id='word_1_346' title='bbox 202 3198 542 3265; x_wconf 82' lang='lat' dir='ltr'><strong>perdideris.</strong></span> 
     </span>
    </p>
   </div>
   <div class='ocr_carea' id='block_1_48' title="bbox 272 3292 1793 3366">
    <p class='ocr_par' dir='ltr' id='par_1_48' title="bbox 272 3292 1793 3366">
     <span class='ocr_line' id='line_1_48' title="bbox 272 3292 1793 3366; baseline 0.003 -20"><span class='ocrx_word' id='word_1_347' title='bbox 272 3292 365 3348; x_wconf 69' lang='grc'><strong>41.</strong></span> <span class='ocrx_word' id='word_1_348' title='bbox 401 3292 718 3349; x_wconf 71' lang='lat' dir='ltr'><strong>Minabatur</strong></span> <span class='ocrx_word' id='word_1_349' title='bbox 761 3297 1081 3365; x_wconf 76' lang='lat' dir='ltr'><strong>Hiermtymo</strong></span> <span class='ocrx_word' id='word_1_350' title='bbox 1136 3296 1410 3350; x_wconf 78' lang='lat' dir='ltr'><strong>interitum</strong></span> <span class='ocrx_word' id='word_1_351' title='bbox 1447 3295 1689 3366; x_wconf 82' lang='lat' dir='ltr'><strong>Ruﬁnus.</strong></span> <span class='ocrx_word' id='word_1_352' title='bbox 1723 3328 1793 3338; x_wconf 94' lang='lat'><strong>—</strong></span> 
     </span>
    </p>
   </div>
   <div class='ocr_carea' id='block_1_49' title="bbox 203 3384 1787 3459">
    <p class='ocr_par' dir='ltr' id='par_1_49' title="bbox 203 3384 1787 3459">
     <span class='ocr_line' id='line_1_49' title="bbox 203 3384 1787 3459; baseline 0.006 -23"><span class='ocrx_word' id='word_1_353' title='bbox 203 3384 435 3441; x_wconf 78' lang='lat' dir='ltr'><strong>Veniam</strong></span> <span class='ocrx_word' id='word_1_354' title='bbox 494 3390 561 3442; x_wconf 89' lang='lat' dir='ltr'><strong>ad</strong></span> <span class='ocrx_word' id='word_1_355' title='bbox 619 3389 884 3459; x_wconf 84' lang='lat' dir='ltr'><strong>epilogos,</strong></span> <span class='ocrx_word' id='word_1_356' title='bbox 954 3390 1003 3443; x_wconf 90' lang='lat' dir='ltr'><strong>id</strong></span> <span class='ocrx_word' id='word_1_357' title='bbox 1044 3399 1151 3455; x_wconf 84' lang='lat' dir='ltr'><strong>est,</strong></span> <span class='ocrx_word' id='word_1_358' title='bbox 1207 3391 1490 3445; x_wconf 87' lang='lat' dir='ltr'><strong>maledicta</strong></span> <span class='ocrx_word' id='word_1_359' title='bbox 1564 3401 1678 3457; x_wconf 90' lang='lat' dir='ltr'><strong>tua,</strong></span> <span class='ocrx_word' id='word_1_360' title='bbox 1730 3392 1787 3446; x_wconf 91' lang='lat' dir='ltr'><strong>in</strong></span> 
     </span>
    </p>
   </div>
   <div class='ocr_carea' id='block_1_50' title="bbox 199 3477 1787 3548">
    <p class='ocr_par' dir='ltr' id='par_1_50' title="bbox 199 3477 1787 3548">
     <span class='ocr_line' id='line_1_50' title="bbox 199 3477 1787 3548; baseline 0.001 -17"><span class='ocrx_word' id='word_1_361' title='bbox 199 3480 408 3546; x_wconf 86' lang='lat' dir='ltr'><strong>quibus</strong></span> <span class='ocrx_word' id='word_1_362' title='bbox 477 3496 563 3533; x_wconf 91' lang='lat' dir='ltr'><strong>me</strong></span> <span class='ocrx_word' id='word_1_363' title='bbox 616 3482 681 3534; x_wconf 86' lang='lat' dir='ltr'><strong>ad</strong></span> <span class='ocrx_word' id='word_1_364' title='bbox 735 3482 1111 3548; x_wconf 69' lang='lat' dir='ltr'><strong>paenitentiam</strong></span> <span class='ocrx_word' id='word_1_365' title='bbox 1184 3484 1524 3546; x_wconf 87' lang='lat' dir='ltr'><strong>cohortaris;</strong></span> <span class='ocrx_word' id='word_1_366' title='bbox 1577 3492 1627 3535; x_wconf 91' lang='lat' dir='ltr'><strong>et</strong></span> <span class='ocrx_word' id='word_1_367' title='bbox 1683 3477 1787 3535; x_wconf 87' lang='lat' dir='ltr'><strong>nisi</strong></span> 
     </span>
    </p>
   </div>
   <div class='ocr_carea' id='block_1_51' title="bbox 198 3574 1783 3640">
    <p class='ocr_par' dir='ltr' id='par_1_51' title="bbox 198 3574 1783 3640">
     <span class='ocr_line' id='line_1_51' title="bbox 198 3574 1783 3640; baseline 0.006 -16"><span class='ocrx_word' id='word_1_368' title='bbox 198 3590 515 3628; x_wconf 80' lang='lat' dir='ltr'><strong>conversus</strong></span> <span class='ocrx_word' id='word_1_369' title='bbox 546 3574 723 3638; x_wconf 81' lang='lat' dir='ltr'><strong>luero,</strong></span> <span class='ocrx_word' id='word_1_370' title='bbox 756 3575 806 3627; x_wconf 85' lang='lat' dir='ltr'><strong>id</strong></span> <span class='ocrx_word' id='word_1_371' title='bbox 837 3586 948 3639; x_wconf 90' lang='lat' dir='ltr'><strong>est,</strong></span> <span class='ocrx_word' id='word_1_372' title='bbox 988 3576 1092 3631; x_wconf 90' lang='lat' dir='ltr'><strong>nisi</strong></span> <span class='ocrx_word' id='word_1_373' title='bbox 1155 3586 1209 3632; x_wconf 91' lang='lat' dir='ltr'><strong>te</strong></span> <span class='ocrx_word' id='word_1_374' title='bbox 1241 3587 1538 3632; x_wconf 87' lang='lat' dir='ltr'><strong>accusante</strong></span> <span class='ocrx_word' id='word_1_375' title='bbox 1561 3578 1783 3640; x_wconf 85' lang='lat' dir='ltr'><strong>siluero.</strong></span> 
     </span>
    </p>
   </div>
   <div class='ocr_carea' id='block_1_52' title="bbox 201 3664 1788 3725">
    <p class='ocr_par' dir='ltr' id='par_1_52' title="bbox 201 3664 1788 3725">
     <span class='ocr_line' id='line_1_52' title="bbox 201 3664 1788 3725; baseline 0.005 -7"><span class='ocrx_word' id='word_1_376' title='bbox 201 3666 337 3718; x_wconf 81' lang='lat' dir='ltr'><strong>mihi</strong></span> <span class='ocrx_word' id='word_1_377' title='bbox 372 3664 604 3719; x_wconf 89' lang='lat' dir='ltr'><strong>minaris</strong></span> <span class='ocrx_word' id='word_1_378' title='bbox 633 3666 937 3719; x_wconf 87' lang='lat' dir='ltr'><strong>interitum.</strong></span> <span class='ocrx_word' id='word_1_379' title='bbox 972 3665 1039 3720; x_wconf 82' lang='lat' dir='ltr'><strong>Et</strong></span> <span class='ocrx_word' id='word_1_380' title='bbox 1082 3666 1184 3722; x_wconf 90' lang='lat' dir='ltr'><strong>hoc</strong></span> <span class='ocrx_word' id='word_1_381' title='bbox 1232 3670 1547 3724; x_wconf 81' lang='lat' dir='ltr'><strong>scandalum</strong></span> <span class='ocrx_word' id='word_1_382' title='bbox 1588 3670 1788 3725; x_wconf 77' lang='lat' dir='ltr'><strong>redun-</strong></span> 
     </span>
    </p>
   </div>
   <div class='ocr_carea' id='block_1_53' title="bbox 200 3758 1789 3833">
    <p class='ocr_par' dir='ltr' id='par_1_53' title="bbox 200 3758 1789 3833">
     <span class='ocr_line' id='line_1_53' title="bbox 200 3758 1789 3833; baseline 0.006 -25"><span class='ocrx_word' id='word_1_383' title='bbox 200 3761 465 3812; x_wconf 88' lang='lat' dir='ltr'><strong>daturum</strong></span> <span class='ocrx_word' id='word_1_384' title='bbox 504 3758 558 3810; x_wconf 90' lang='lat' dir='ltr'><strong>in</strong></span> <span class='ocrx_word' id='word_1_385' title='bbox 593 3767 762 3827; x_wconf 85' lang='lat' dir='ltr'><strong>caput</strong></span> <span class='ocrx_word' id='word_1_386' title='bbox 786 3773 964 3811; x_wconf 88' lang='lat' dir='ltr'><strong>meum</strong></span> <span class='ocrx_word' id='word_1_387' title='bbox 1001 3758 1313 3826; x_wconf 87' lang='lat' dir='ltr'><strong>denuntias,</strong></span> <span class='ocrx_word' id='word_1_388' title='bbox 1364 3764 1455 3833; x_wconf 91' lang='lat' dir='ltr'><strong>qui</strong></span> <span class='ocrx_word' id='word_1_389' title='bbox 1504 3772 1557 3817; x_wconf 89' lang='lat' dir='ltr'><strong>te</strong></span> <span class='ocrx_word' id='word_1_390' title='bbox 1609 3764 1789 3817; x_wconf 86' lang='lat' dir='ltr'><strong>homi-</strong></span> 
     </span>
    </p>
   </div>
   <div class='ocr_carea' id='block_1_54' title="bbox 196 3855 1787 3919">
    <p class='ocr_par' dir='ltr' id='par_1_54' title="bbox 196 3855 1787 3919">
     <span class='ocr_line' id='line_1_54' title="bbox 196 3855 1787 3919; baseline 0.001 -10"><span class='ocrx_word' id='word_1_391' title='bbox 196 3870 326 3910; x_wconf 87' lang='lat' dir='ltr'><strong>nem</strong></span> <span class='ocrx_word' id='word_1_392' title='bbox 379 3855 727 3910; x_wconf 88' lang='lat' dir='ltr'><strong>lenissimum</strong></span> <span class='ocrx_word' id='word_1_393' title='bbox 773 3867 826 3910; x_wconf 86' lang='lat' dir='ltr'><strong>et</strong></span> <span class='ocrx_word' id='word_1_394' title='bbox 877 3856 1132 3912; x_wconf 71' lang='lat' dir='ltr'><strong>Mosaicae</strong></span> <span class='ocrx_word' id='word_1_395' title='bbox 1185 3856 1642 3919; x_wconf 65' lang='lat' dir='ltr'><strong>mansuetudinis,</strong></span> <span class='ocrx_word' id='word_1_396' title='bbox 1695 3873 1787 3911; x_wconf 88' lang='lat' dir='ltr'><strong>re-</strong></span> 
     </span>
    </p>
   </div>
   <div class='ocr_carea' id='block_1_55' title="bbox 200 3948 1787 4015">
    <p class='ocr_par' dir='ltr' id='par_1_55' title="bbox 200 3948 1787 4015">
     <span class='ocr_line' id='line_1_55' title="bbox 200 3948 1787 4015; baseline 0.001 -14"><span class='ocrx_word' id='word_1_397' title='bbox 200 3948 509 4014; x_wconf 76' lang='lat' dir='ltr'><strong>sponsione</strong></span> <span class='ocrx_word' id='word_1_398' title='bbox 543 3962 660 4001; x_wconf 87' lang='lat' dir='ltr'><strong>niea</strong></span> <span class='ocrx_word' id='word_1_399' title='bbox 696 3948 760 4001; x_wconf 89' lang='lat' dir='ltr'><strong>ad</strong></span> <span class='ocrx_word' id='word_1_400' title='bbox 794 3949 1109 4013; x_wconf 81' lang='lat' dir='ltr'><strong>scriptionis</strong></span> <span class='ocrx_word' id='word_1_401' title='bbox 1146 3949 1417 4003; x_wconf 84' lang='lat' dir='ltr'><strong>insaniam</strong></span> <span class='ocrx_word' id='word_1_402' title='bbox 1458 3962 1787 4015; x_wconf 80' lang='lat' dir='ltr'><strong>provocave-</strong></span> 
     </span>
    </p>
   </div>
   <div class='ocr_carea' id='block_1_56' title="bbox 199 4039 1790 4111">
    <p class='ocr_par' dir='ltr' id='par_1_56' title="bbox 199 4039 1790 4111">
     <span class='ocr_line' id='line_1_56' title="bbox 199 4039 1790 4111; baseline 0.001 -18"><span class='ocrx_word' id='word_1_403' title='bbox 199 4041 333 4093; x_wconf 86' lang='lat' dir='ltr'><strong>rim.</strong></span> <span class='ocrx_word' id='word_1_404' title='bbox 400 4039 560 4093; x_wconf 88' lang='lat' dir='ltr'><strong>Scire</strong></span> <span class='ocrx_word' id='word_1_405' title='bbox 618 4042 762 4094; x_wconf 88' lang='lat' dir='ltr'><strong>enim</strong></span> <span class='ocrx_word' id='word_1_406' title='bbox 811 4049 866 4096; x_wconf 89' lang='lat' dir='ltr'><strong>te</strong></span> <span class='ocrx_word' id='word_1_407' title='bbox 914 4041 1093 4111; x_wconf 83' lang='lat' dir='ltr'><strong>jactas</strong></span> <span class='ocrx_word' id='word_1_408' title='bbox 1137 4042 1392 4107; x_wconf 87' lang='lat' dir='ltr'><strong>crimina,</strong></span> <span class='ocrx_word' id='word_1_409' title='bbox 1448 4039 1610 4111; x_wconf 74' lang='lat'><strong>568</strong></span> <span class='ocrx_word' id='word_1_410' title='bbox 1669 4056 1790 4111; x_wconf 82' lang='lat' dir='ltr'><strong>quae</strong></span> 
     </span>
    </p>
   </div>
   <div class='ocr_carea' id='block_1_57' title="bbox 199 4132 1786 4199">
    <p class='ocr_par' dir='ltr' id='par_1_57' title="bbox 199 4132 1786 4199">
     <span class='ocr_line' id='line_1_57' title="bbox 199 4132 1786 4199; baseline -0.001 -10"><span class='ocrx_word' id='word_1_411' title='bbox 199 4135 299 4189; x_wconf 84' lang='lat' dir='ltr'><strong>tibi</strong></span> <span class='ocrx_word' id='word_1_412' title='bbox 365 4133 473 4187; x_wconf 82' lang='lat' dir='ltr'><strong>soli</strong></span> <span class='ocrx_word' id='word_1_413' title='bbox 536 4134 871 4188; x_wconf 85' lang='lat' dir='ltr'><strong>amicissimo</strong></span> <span class='ocrx_word' id='word_1_414' title='bbox 934 4135 1038 4188; x_wconf 89' lang='lat' dir='ltr'><strong>sim</strong></span> <span class='ocrx_word' id='word_1_415' title='bbox 1086 4132 1395 4199; x_wconf 83' lang='lat' dir='ltr'><strong>confessus,</strong></span> <span class='ocrx_word' id='word_1_416' title='bbox 1457 4141 1511 4187; x_wconf 82' lang='lat' dir='ltr'><strong>et</strong></span> <span class='ocrx_word' id='word_1_417' title='bbox 1565 4133 1679 4187; x_wconf 86' lang='lat' dir='ltr'><strong>li:i-c</strong></span> <span class='ocrx_word' id='word_1_418' title='bbox 1735 4136 1786 4187; x_wconf 93' lang='lat' dir='ltr'><strong>in</strong></span> 
     </span>
    </p>
   </div>
   <div class='ocr_carea' id='block_1_58' title="bbox 200 4227 1786 4295">
    <p class='ocr_par' dir='ltr' id='par_1_58' title="bbox 200 4227 1786 4295">
     <span class='ocr_line' id='line_1_58' title="bbox 200 4227 1786 4295; baseline 0.002 -16"><span class='ocrx_word' id='word_1_419' title='bbox 200 4229 449 4281; x_wconf 84' lang='lat' dir='ltr'><strong>medium</strong></span> <span class='ocrx_word' id='word_1_420' title='bbox 489 4227 833 4295; x_wconf 88' lang='lat' dir='ltr'><strong>prolaturum</strong></span> <span class='ocrx_word' id='word_1_421' title='bbox 871 4228 1164 4295; x_wconf 85' lang='lat' dir='ltr'><strong>;meisque</strong></span> <span class='ocrx_word' id='word_1_422' title='bbox 1201 4242 1289 4282; x_wconf 85' lang='lat' dir='ltr'><strong>me</strong></span> <span class='ocrx_word' id='word_1_423' title='bbox 1329 4227 1612 4281; x_wconf 84' lang='lat' dir='ltr'><strong>coloribus</strong></span> <span class='ocrx_word' id='word_1_424' title='bbox 1658 4243 1786 4282; x_wconf 90' lang='lat' dir='ltr'><strong>esse</strong></span> 
     </span>
    </p>
   </div>
   <div class='ocr_carea' id='block_1_59' title="bbox 196 4316 1784 4388">
    <p class='ocr_par' dir='ltr' id='par_1_59' title="bbox 196 4316 1784 4388">
     <span class='ocr_line' id='line_1_59' title="bbox 196 4316 1784 4388; baseline 0 -17"><span class='ocrx_word' id='word_1_425' title='bbox 196 4317 569 4388; x_wconf 76' lang='lat' dir='ltr'><strong>pingendum.</strong></span> <span class='ocrx_word' id='word_1_426' title='bbox 604 4325 657 4370; x_wconf 86' lang='lat' dir='ltr'><strong>et</strong></span> <span class='ocrx_word' id='word_1_427' title='bbox 690 4316 891 4371; x_wconf 83' lang='lat' dir='ltr'><strong>debere</strong></span> <span class='ocrx_word' id='word_1_428' title='bbox 938 4316 1281 4380; x_wconf 88' lang='lat' dir='ltr'><strong>meminisse,</strong></span> <span class='ocrx_word' id='word_1_429' title='bbox 1325 4317 1467 4387; x_wconf 82' lang='lat' dir='ltr'><strong>quod</strong></span> <span class='ocrx_word' id='word_1_430' title='bbox 1515 4318 1784 4385; x_wconf 85' lang='lat' dir='ltr'><strong>jacueriin</strong></span> 
     </span>
    </p>
   </div>
   <div class='ocr_carea' id='block_1_60' title="bbox 196 4408 1788 4479">
    <p class='ocr_par' dir='ltr' id='par_1_60' title="bbox 196 4408 1788 4479">
     <span class='ocr_line' id='line_1_60' title="bbox 196 4408 1788 4479; baseline 0 -15"><span class='ocrx_word' id='word_1_431' title='bbox 196 4415 266 4465; x_wconf 90' lang='lat' dir='ltr'><strong>ad</strong></span> <span class='ocrx_word' id='word_1_432' title='bbox 297 4411 472 4476; x_wconf 81' lang='lat' dir='ltr'><strong>pedes</strong></span> <span class='ocrx_word' id='word_1_433' title='bbox 503 4420 646 4469; x_wconf 90' lang='lat' dir='ltr'><strong>tuos.</strong></span> <span class='ocrx_word' id='word_1_434' title='bbox 675 4424 742 4463; x_wconf 92' lang='lat' dir='ltr'><strong>ne</strong></span> <span class='ocrx_word' id='word_1_435' title='bbox 766 4408 946 4477; x_wconf 83' lang='lat' dir='ltr'><strong>gladio</strong></span> <span class='ocrx_word' id='word_1_436' title='bbox 983 4410 1098 4464; x_wconf 87' lang='lat' dir='ltr'><strong>oris</strong></span> <span class='ocrx_word' id='word_1_437' title='bbox 1148 4408 1226 4464; x_wconf 91' lang='lat' dir='ltr'><strong>tiii</strong></span> <span class='ocrx_word' id='word_1_438' title='bbox 1278 4419 1593 4479; x_wconf 85' lang='lat' dir='ltr'><strong>aniputares</strong></span> <span class='ocrx_word' id='word_1_439' title='bbox 1625 4422 1788 4479; x_wconf 81' lang='lat' dir='ltr'><strong>caput</strong></span> 
     </span>
    </p>
   </div>
   <div class='ocr_carea' id='block_1_61' title="bbox 196 4502 1786 4573">
    <p class='ocr_par' dir='ltr' id='par_1_61' title="bbox 196 4502 1786 4573">
     <span class='ocr_line' id='line_1_61' title="bbox 196 4502 1786 4573; baseline -0.001 -15"><span class='ocrx_word' id='word_1_440' title='bbox 196 4519 409 4560; x_wconf 88' lang='lat' dir='ltr'><strong>meum.</strong></span> <span class='ocrx_word' id='word_1_441' title='bbox 464 4502 530 4555; x_wconf 84' lang='lat' dir='ltr'><strong>Et</strong></span> <span class='ocrx_word' id='word_1_442' title='bbox 560 4512 681 4572; x_wconf 90' lang='lat' dir='ltr'><strong>post</strong></span> <span class='ocrx_word' id='word_1_443' title='bbox 709 4504 899 4568; x_wconf 90' lang='lat' dir='ltr'><strong>multa,</strong></span> <span class='ocrx_word' id='word_1_444' title='bbox 955 4503 1245 4573; x_wconf 88' lang='lat' dir='ltr'><strong>inquibus</strong></span> <span class='ocrx_word' id='word_1_445' title='bbox 1299 4502 1630 4557; x_wconf 81' lang='lat' dir='ltr'><strong>furibundus</strong></span> <span class='ocrx_word' id='word_1_446' title='bbox 1690 4518 1786 4556; x_wconf 81' lang='lat' dir='ltr'><strong>ex-</strong></span> 
     </span>
    </p>
   </div>
   <div class='ocr_carea' id='block_1_62' title="bbox 1911 1993 3487 2065">
    <p class='ocr_par' dir='ltr' id='par_1_62' title="bbox 1911 1993 3487 2065">
     <span class='ocr_line' id='line_1_62' title="bbox 1911 1993 3487 2065; baseline -0.001 -16"><span class='ocrx_word' id='word_1_447' title='bbox 1911 1994 2154 2049; x_wconf 78' lang='lat' dir='ltr'><strong>Seribcre</strong></span> <span class='ocrx_word' id='word_1_448' title='bbox 2200 1993 2504 2062; x_wconf 72' lang='lat' dir='ltr'><strong>iudicarer.</strong></span> <span class='ocrx_word' id='word_1_449' title='bbox 2571 1996 2674 2051; x_wconf 84' lang='lat' dir='ltr'><strong>Sed</strong></span> <span class='ocrx_word' id='word_1_450' title='bbox 2748 1995 2936 2065; x_wconf 85' lang='lat' dir='ltr'><strong>procul</strong></span> <span class='ocrx_word' id='word_1_451' title='bbox 3006 1997 3078 2051; x_wconf 91' lang='lat' dir='ltr'><strong>sit</strong></span> <span class='ocrx_word' id='word_1_452' title='bbox 3153 2013 3180 2047; x_wconf 89' lang='lat' dir='ltr'><strong>a</strong></span> <span class='ocrx_word' id='word_1_453' title='bbox 3238 1996 3487 2049; x_wconf 89' lang='lat' dir='ltr'><strong>moribus</strong></span> 
     </span>
    </p>
   </div>
   <div class='ocr_carea' id='block_1_63' title="bbox 1912 2088 3484 2158">
    <p class='ocr_par' dir='ltr' id='par_1_63' title="bbox 1912 2088 3484 2158">
     <span class='ocr_line' id='line_1_63' title="bbox 1912 2088 3484 2158; baseline -0.002 -17"><span class='ocrx_word' id='word_1_454' title='bbox 1912 2088 2259 2151; x_wconf 78' lang='lat' dir='ltr'><strong>Christianis,</strong></span> <span class='ocrx_word' id='word_1_455' title='bbox 2288 2098 2344 2142; x_wconf 90' lang='lat' dir='ltr'><strong>ut</strong></span> <span class='ocrx_word' id='word_1_456' title='bbox 2375 2089 2500 2143; x_wconf 89' lang='lat' dir='ltr'><strong>dum</strong></span> <span class='ocrx_word' id='word_1_457' title='bbox 2546 2090 2778 2143; x_wconf 85' lang='lat' dir='ltr'><strong>aliorum</strong></span> <span class='ocrx_word' id='word_1_458' title='bbox 2846 2098 3036 2158; x_wconf 87' lang='lat' dir='ltr'><strong>petunt</strong></span> <span class='ocrx_word' id='word_1_459' title='bbox 3087 2090 3403 2155; x_wconf 73' lang='lat' dir='ltr'><strong>sanguinem</strong></span> <span class='ocrx_word' id='word_1_460' title='bbox 3443 2088 3484 2152; x_wconf 80' lang='grc'><em>³,</em></span> 
     </span>
    </p>
   </div>
   <div class='ocr_carea' id='block_1_64' title="bbox 1909 2181 3485 2249">
    <p class='ocr_par' dir='ltr' id='par_1_64' title="bbox 1909 2181 3485 2249">
     <span class='ocr_line' id='line_1_64' title="bbox 1909 2181 3485 2249; baseline -0.001 -14"><span class='ocrx_word' id='word_1_461' title='bbox 1909 2196 2070 2235; x_wconf 87' lang='lat' dir='ltr'><strong>suum</strong></span> <span class='ocrx_word' id='word_1_462' title='bbox 2107 2181 2337 2234; x_wconf 72' lang='lat' dir='ltr'><strong>offerant</strong></span> <span class='ocrx_word' id='word_1_463' title='bbox 2369 2198 2383 2245; x_wconf 94' lang='lat'><strong>;</strong></span> <span class='ocrx_word' id='word_1_464' title='bbox 2410 2192 2463 2235; x_wconf 90' lang='lat' dir='ltr'><strong>et</strong></span> <span class='ocrx_word' id='word_1_465' title='bbox 2496 2186 2614 2236; x_wconf 82' lang='lat' dir='ltr'><strong>sine</strong></span> <span class='ocrx_word' id='word_1_466' title='bbox 2640 2182 2845 2249; x_wconf 75' lang='lat' dir='ltr'><strong>gladio,</strong></span> <span class='ocrx_word' id='word_1_467' title='bbox 2881 2182 3163 2235; x_wconf 82' lang='lat' dir='ltr'><strong>voluntate</strong></span> <span class='ocrx_word' id='word_1_468' title='bbox 3201 2181 3485 2235; x_wconf 80' lang='lat' dir='ltr'><strong>homicida:</strong></span> 
     </span>
    </p>
   </div>
   <div class='ocr_carea' id='block_1_65' title="bbox 1910 2273 3485 2345">
    <p class='ocr_par' dir='ltr' id='par_1_65' title="bbox 1910 2273 3485 2345">
     <span class='ocr_line' id='line_1_65' title="bbox 1910 2273 3485 2345; baseline -0.003 -15"><span class='ocrx_word' id='word_1_469' title='bbox 1910 2273 2044 2330; x_wconf 87' lang='lat' dir='ltr'><strong>sint.</strong></span> <span class='ocrx_word' id='word_1_470' title='bbox 2086 2273 2216 2328; x_wconf 77' lang='lat' dir='ltr'><strong>Tua:</strong></span> <span class='ocrx_word' id='word_1_471' title='bbox 2272 2276 2375 2329; x_wconf 89' lang='lat' dir='ltr'><strong>hoc</strong></span> <span class='ocrx_word' id='word_1_472' title='bbox 2403 2275 2656 2340; x_wconf 84' lang='lat' dir='ltr'><strong>bonitati,</strong></span> <span class='ocrx_word' id='word_1_473' title='bbox 2720 2286 2935 2345; x_wconf 69' lang='lat' dir='ltr'><strong>tuaeque</strong></span> <span class='ocrx_word' id='word_1_474' title='bbox 2978 2274 3382 2329; x_wconf 83' lang='lat' dir='ltr'><strong>mansuetudini</strong></span> <span class='ocrx_word' id='word_1_475' title='bbox 3432 2283 3485 2327; x_wconf 84' lang='lat' dir='ltr'><strong>ct</strong></span> 
     </span>
    </p>
   </div>
   <div class='ocr_carea' id='block_1_66' title="bbox 1908 2367 3484 2437">
    <p class='ocr_par' dir='ltr' id='par_1_66' title="bbox 1908 2367 3484 2437">
     <span class='ocr_line' id='line_1_66' title="bbox 1908 2367 3484 2437; baseline -0.003 -16"><span class='ocrx_word' id='word_1_476' title='bbox 1908 2367 2247 2437; x_wconf 83' lang='lat' dir='ltr'><strong>simplicitati</strong></span> <span class='ocrx_word' id='word_1_477' title='bbox 2276 2371 2552 2429; x_wconf 85' lang='lat' dir='ltr'><strong>convenit,</strong></span> <span class='ocrx_word' id='word_1_478' title='bbox 2581 2370 2671 2436; x_wconf 83' lang='lat' dir='ltr'><strong>qui</strong></span> <span class='ocrx_word' id='word_1_479' title='bbox 2712 2371 2776 2423; x_wconf 89' lang='lat' dir='ltr'><strong>de</strong></span> <span class='ocrx_word' id='word_1_480' title='bbox 2811 2384 2921 2422; x_wconf 93' lang='lat' dir='ltr'><strong>uno</strong></span> <span class='ocrx_word' id='word_1_481' title='bbox 2972 2368 3214 2437; x_wconf 85' lang='lat' dir='ltr'><strong>pectoris</strong></span> <span class='ocrx_word' id='word_1_482' title='bbox 3246 2371 3484 2436; x_wconf 81' lang='lat' dir='ltr'><strong>sterqui-</strong></span> 
     </span>
    </p>
   </div>
   <div class='ocr_carea' id='block_1_67' title="bbox 1903 2460 3482 2529">
    <p class='ocr_par' dir='ltr' id='par_1_67' title="bbox 1903 2460 3482 2529">
     <span class='ocr_line' id='line_1_67' title="bbox 1903 2460 3482 2529; baseline -0.003 -15"><span class='ocrx_word' id='word_1_483' title='bbox 1903 2460 2060 2524; x_wconf 84' lang='lat' dir='ltr'><strong>linio,</strong></span> <span class='ocrx_word' id='word_1_484' title='bbox 2083 2471 2136 2514; x_wconf 93' lang='lat' dir='ltr'><strong>et</strong></span> <span class='ocrx_word' id='word_1_485' title='bbox 2172 2461 2395 2515; x_wconf 88' lang='lat' dir='ltr'><strong>odorem</strong></span> <span class='ocrx_word' id='word_1_486' title='bbox 2434 2476 2711 2525; x_wconf 83' lang='lat' dir='ltr'><strong>rosarum,</strong></span> <span class='ocrx_word' id='word_1_487' title='bbox 2748 2472 2803 2515; x_wconf 89' lang='lat' dir='ltr'><strong>et</strong></span> <span class='ocrx_word' id='word_1_488' title='bbox 2853 2461 3086 2515; x_wconf 78' lang='lat' dir='ltr'><strong>fetorem</strong></span> <span class='ocrx_word' id='word_1_489' title='bbox 3138 2460 3352 2529; x_wconf 82' lang='lat' dir='ltr'><strong>profers</strong></span> <span class='ocrx_word' id='word_1_490' title='bbox 3390 2476 3482 2512; x_wconf 66' lang='lat' dir='ltr'><strong>ea.</strong></span> 
     </span>
    </p>
   </div>
   <div class='ocr_carea' id='block_1_68' title="bbox 1901 2547 3481 2619">
    <p class='ocr_par' dir='ltr' id='par_1_68' title="bbox 1901 2547 3481 2619">
     <span class='ocr_line' id='line_1_68' title="bbox 1901 2547 3481 2619; baseline -0.004 -14"><span class='ocrx_word' id='word_1_491' title='bbox 1901 2554 2166 2605; x_wconf 83' lang='lat' dir='ltr'><strong>daveruin</strong></span> <span class='ocrx_word' id='word_1_492' title='bbox 2211 2565 2226 2606; x_wconf 84' lang='lat'><strong>:</strong></span> <span class='ocrx_word' id='word_1_493' title='bbox 2270 2560 2324 2603; x_wconf 92' lang='lat' dir='ltr'><strong>et</strong></span> <span class='ocrx_word' id='word_1_494' title='bbox 2354 2563 2544 2603; x_wconf 88' lang='lat' dir='ltr'><strong>contra</strong></span> <span class='ocrx_word' id='word_1_495' title='bbox 2579 2551 2908 2605; x_wconf 79' lang='lat' dir='ltr'><strong>sententiain</strong></span> <span class='ocrx_word' id='word_1_496' title='bbox 2948 2547 3481 2619; x_wconf 77' lang='lat' dir='ltr'><strong>prophetalemUrn.</strong></span> 
     </span>
    </p>
   </div>
   <div class='ocr_carea' id='block_1_69' title="bbox 1909 2642 3483 2714">
    <p class='ocr_par' dir='ltr' id='par_1_69' title="bbox 1909 2642 3483 2714">
     <span class='ocr_line' id='line_1_69' title="bbox 1909 2642 3483 2714; baseline -0.003 -17"><span class='ocrx_word' id='word_1_497' title='bbox 1909 2661 1963 2706; x_wconf 87' lang='lat' dir='ltr'><strong>v,</strong></span> <span class='ocrx_word' id='word_1_498' title='bbox 1988 2644 2104 2714; x_wconf 78' lang='lat'><strong>9.0),</strong></span> <span class='ocrx_word' id='word_1_499' title='bbox 2139 2656 2387 2698; x_wconf 86' lang='lat' dir='ltr'><strong>amaram</strong></span> <span class='ocrx_word' id='word_1_500' title='bbox 2423 2645 2561 2698; x_wconf 75' lang='lat' dir='ltr'><strong>ilicis</strong></span> <span class='ocrx_word' id='word_1_501' title='bbox 2620 2660 2742 2698; x_wconf 77' lang='lat' dir='ltr'><strong>esse</strong></span> <span class='ocrx_word' id='word_1_502' title='bbox 2772 2645 2915 2713; x_wconf 84' lang='lat' dir='ltr'><strong>quod</strong></span> <span class='ocrx_word' id='word_1_503' title='bbox 2966 2644 3121 2713; x_wconf 86' lang='lat' dir='ltr'><strong>quasi</strong></span> <span class='ocrx_word' id='word_1_504' title='bbox 3155 2643 3313 2696; x_wconf 85' lang='lat' dir='ltr'><strong>dulce</strong></span> <span class='ocrx_word' id='word_1_505' title='bbox 3365 2642 3483 2696; x_wconf 73' lang='grc' dir='ltr'>1;ιυι</span> 
     </span>
    </p>
   </div>
   <div class='ocr_carea' id='block_1_70' title="bbox 1907 2734 3484 2800">
    <p class='ocr_par' dir='ltr' id='par_1_70' title="bbox 1907 2734 3484 2800">
     <span class='ocr_line' id='line_1_70' title="bbox 1907 2734 3484 2800; baseline -0.003 -9"><span class='ocrx_word' id='word_1_506' title='bbox 1907 2736 2158 2791; x_wconf 80' lang='lat' dir='ltr'><strong>(laveras.</strong></span> <span class='ocrx_word' id='word_1_507' title='bbox 2194 2734 2305 2789; x_wconf 79' lang='lat' dir='ltr'><strong>Nec</strong></span> <span class='ocrx_word' id='word_1_508' title='bbox 2338 2750 2564 2791; x_wconf 89' lang='lat' dir='ltr'><strong>necesse</strong></span> <span class='ocrx_word' id='word_1_509' title='bbox 2585 2746 2689 2800; x_wconf 89' lang='lat' dir='ltr'><strong>est,</strong></span> <span class='ocrx_word' id='word_1_510' title='bbox 2726 2747 2783 2789; x_wconf 89' lang='lat' dir='ltr'><strong>ut</strong></span> <span class='ocrx_word' id='word_1_511' title='bbox 2832 2739 2885 2790; x_wconf 91' lang='lat' dir='ltr'><strong>in</strong></span> <span class='ocrx_word' id='word_1_512' title='bbox 2929 2736 3318 2790; x_wconf 78' lang='lat' dir='ltr'><strong>ecclesiasticis</strong></span> <span class='ocrx_word' id='word_1_513' title='bbox 3370 2744 3484 2789; x_wconf 89' lang='lat' dir='ltr'><strong>tra-</strong></span> 
     </span>
    </p>
   </div>
   <div class='ocr_carea' id='block_1_71' title="bbox 1902 2828 3482 2898">
    <p class='ocr_par' dir='ltr' id='par_1_71' title="bbox 1902 2828 3482 2898">
     <span class='ocr_line' id='line_1_71' title="bbox 1902 2828 3482 2898; baseline -0.001 -15"><span class='ocrx_word' id='word_1_514' title='bbox 1902 2830 2136 2883; x_wconf 86' lang='lat' dir='ltr'><strong>ctatibus</strong></span> <span class='ocrx_word' id='word_1_515' title='bbox 2197 2844 2310 2881; x_wconf 92' lang='lat' dir='ltr'><strong>rem</strong></span> <span class='ocrx_word' id='word_1_516' title='bbox 2343 2828 2699 2882; x_wconf 89' lang='lat' dir='ltr'><strong>tribunalium</strong></span> <span class='ocrx_word' id='word_1_517' title='bbox 2744 2829 3073 2883; x_wconf 79' lang='lat' dir='ltr'><strong>ventilcmns</strong></span> <span class='ocrx_word' id='word_1_518' title='bbox 3103 2831 3124 2861; x_wconf 71' lang='grc'>⁸</span> <span class='ocrx_word' id='word_1_519' title='bbox 3159 2846 3177 2896; x_wconf 85' lang='grc'><strong>;</strong></span> <span class='ocrx_word' id='word_1_520' title='bbox 3234 2829 3482 2898; x_wconf 77' lang='lat' dir='ltr'><strong>nihilque</strong></span> 
     </span>
    </p>
   </div>
   <div class='ocr_carea' id='block_1_72' title="bbox 1906 2922 3477 2993">
    <p class='ocr_par' dir='ltr' id='par_1_72' title="bbox 1906 2922 3477 2993">
     <span class='ocr_line' id='line_1_72' title="bbox 1906 2922 3477 2993; baseline -0.001 -15"><span class='ocrx_word' id='word_1_521' title='bbox 1906 2939 2069 2993; x_wconf 87' lang='lat' dir='ltr'><strong>super</strong></span> <span class='ocrx_word' id='word_1_522' title='bbox 2098 2924 2202 2977; x_wconf 90' lang='lat' dir='ltr'><strong>hoc</strong></span> <span class='ocrx_word' id='word_1_523' title='bbox 2236 2924 2473 2992; x_wconf 80' lang='lat' dir='ltr'><strong>amplius</strong></span> <span class='ocrx_word' id='word_1_524' title='bbox 2537 2924 2764 2988; x_wconf 85' lang='lat' dir='ltr'><strong>audies,</strong></span> <span class='ocrx_word' id='word_1_525' title='bbox 2824 2924 2930 2978; x_wconf 92' lang='lat' dir='ltr'><strong>nisi</strong></span> <span class='ocrx_word' id='word_1_526' title='bbox 2995 2923 3127 2977; x_wconf 88' lang='lat' dir='ltr'><strong>illtid</strong></span> <span class='ocrx_word' id='word_1_527' title='bbox 3178 2940 3207 2977; x_wconf 88' lang='lat' dir='ltr'><strong>e</strong></span> <span class='ocrx_word' id='word_1_528' title='bbox 3263 2922 3477 2977; x_wconf 80' lang='lat' dir='ltr'><strong>trivio:</strong></span> 
     </span>
    </p>
   </div>
   <div class='ocr_carea' id='block_1_73' title="bbox 1912 3016 3474 3086">
    <p class='ocr_par' dir='ltr' id='par_1_73' title="bbox 1912 3016 3474 3086">
     <span class='ocr_line' id='line_1_73' title="bbox 1912 3016 3474 3086; baseline -0.001 -17"><span class='ocrx_word' id='word_1_529' title='bbox 1912 3036 1930 3069; x_wconf 82' lang='lat' dir='ltr'><strong>i</strong></span> <span class='ocrx_word' id='word_1_530' title='bbox 1964 3018 2103 3072; x_wconf 91' lang='lat' dir='ltr'><strong>Cum</strong></span> <span class='ocrx_word' id='word_1_531' title='bbox 2159 3017 2370 3072; x_wconf 84' lang='lat' dir='ltr'><strong>dixeris</strong></span> <span class='ocrx_word' id='word_1_532' title='bbox 2400 3018 2545 3086; x_wconf 90' lang='lat' dir='ltr'><strong>quod</strong></span> <span class='ocrx_word' id='word_1_533' title='bbox 2609 3017 2715 3081; x_wconf 86' lang='lat' dir='ltr'><strong>vis,</strong></span> <span class='ocrx_word' id='word_1_534' title='bbox 2750 3018 2943 3071; x_wconf 87' lang='lat' dir='ltr'><strong>audies</strong></span> <span class='ocrx_word' id='word_1_535' title='bbox 2987 3016 3133 3086; x_wconf 90' lang='lat' dir='ltr'><strong>quod</strong></span> <span class='ocrx_word' id='word_1_536' title='bbox 3182 3033 3288 3070; x_wconf 85' lang='lat' dir='ltr'><strong>non</strong></span> <span class='ocrx_word' id='word_1_537' title='bbox 3326 3018 3420 3071; x_wconf 84' lang='lat' dir='ltr'><strong>vis.</strong></span> <span class='ocrx_word' id='word_1_538' title='bbox 3456 3036 3474 3067; x_wconf 73' lang='grc' dir='ltr'><strong>ι</strong></span> 
     </span>
    </p>
   </div>
   <div class='ocr_carea' id='block_1_74' title="bbox 1901 3110 3471 3179">
    <p class='ocr_par' dir='ltr' id='par_1_74' title="bbox 1901 3110 3471 3179">
     <span class='ocr_line' id='line_1_74' title="bbox 1901 3110 3471 3179; baseline -0.004 -13"><span class='ocrx_word' id='word_1_539' title='bbox 1901 3114 2007 3166; x_wconf 83' lang='lat' dir='ltr'><strong>Aut</strong></span> <span class='ocrx_word' id='word_1_540' title='bbox 2040 3112 2086 3165; x_wconf 92' lang='lat' dir='ltr'><strong>si</strong></span> <span class='ocrx_word' id='word_1_541' title='bbox 2143 3112 2236 3165; x_wconf 91' lang='lat' dir='ltr'><strong>tibi</strong></span> <span class='ocrx_word' id='word_1_542' title='bbox 2274 3111 2381 3164; x_wconf 90' lang='lat' dir='ltr'><strong>vile</strong></span> <span class='ocrx_word' id='word_1_543' title='bbox 2432 3110 2650 3165; x_wconf 88' lang='lat' dir='ltr'><strong>videtur</strong></span> <span class='ocrx_word' id='word_1_544' title='bbox 2695 3110 2927 3179; x_wconf 81' lang='lat' dir='ltr'><strong>vulgare</strong></span> <span class='ocrx_word' id='word_1_545' title='bbox 2973 3110 3349 3179; x_wconf 85' lang='lat' dir='ltr'><strong>proverbium,</strong></span> <span class='ocrx_word' id='word_1_546' title='bbox 3420 3119 3471 3159; x_wconf 87' lang='lat' dir='ltr'><strong>et</strong></span> 
     </span>
    </p>
   </div>
   <div class='ocr_carea' id='block_1_75' title="bbox 1820 3204 3479 3287">
    <p class='ocr_par' dir='ltr' id='par_1_75' title="bbox 1820 3204 3479 3287">
     <span class='ocr_line' id='line_1_75' title="bbox 1820 3204 3479 3287; baseline -0.003 -29"><span class='ocrx_word' id='word_1_547' title='bbox 1820 3231 1861 3287; x_wconf 69' lang='grc' dir='ltr'>ο</span> <span class='ocrx_word' id='word_1_548' title='bbox 1905 3204 2073 3260; x_wconf 86' lang='grc' dir='ltr'>1ιοιιιο</span> <span class='ocrx_word' id='word_1_549' title='bbox 2135 3204 2583 3273; x_wconf 80' lang='lat' dir='ltr'><strong>sapientissimus</strong></span> <span class='ocrx_word' id='word_1_550' title='bbox 2657 3204 2829 3273; x_wconf 81' lang='lat' dir='ltr'><strong>magis</strong></span> <span class='ocrx_word' id='word_1_551' title='bbox 2890 3205 3342 3274; x_wconf 82' lang='lat' dir='ltr'><strong>philosophorum</strong></span> <span class='ocrx_word' id='word_1_552' title='bbox 3416 3218 3479 3256; x_wconf 88' lang='lat' dir='ltr'><strong>ac.</strong></span> 
     </span>
    </p>
   </div>
   <div class='ocr_carea' id='block_1_76' title="bbox 1895 3296 3478 3368">
    <p class='ocr_par' dir='ltr' id='par_1_76' title="bbox 1895 3296 3478 3368">
     <span class='ocr_line' id='line_1_76' title="bbox 1895 3296 3478 3368; baseline -0.001 -19"><span class='ocrx_word' id='word_1_553' title='bbox 1895 3306 2180 3367; x_wconf 88' lang='lat' dir='ltr'><strong>poetarum</strong></span> <span class='ocrx_word' id='word_1_554' title='bbox 2220 3296 2513 3352; x_wconf 88' lang='lat' dir='ltr'><strong>sententiis</strong></span> <span class='ocrx_word' id='word_1_555' title='bbox 2564 3296 2844 3361; x_wconf 88' lang='lat' dir='ltr'><strong>delectari,</strong></span> <span class='ocrx_word' id='word_1_556' title='bbox 2878 3297 2994 3368; x_wconf 86' lang='lat' dir='ltr'><strong>lege</strong></span> <span class='ocrx_word' id='word_1_557' title='bbox 3058 3298 3189 3353; x_wconf 90' lang='lat' dir='ltr'><strong>illud</strong></span> <span class='ocrx_word' id='word_1_558' title='bbox 3228 3296 3478 3351; x_wconf 69' lang='lat' dir='ltr'><strong>llnnieri~</strong></span> 
     </span>
    </p>
   </div>
   <div class='ocr_carea' id='block_1_77' title="bbox 1893 3392 2116 3446">
    <p class='ocr_par' dir='ltr' id='par_1_77' title="bbox 1893 3392 2116 3446">
     <span class='ocr_line' id='line_1_77' title="bbox 1893 3392 2116 3446; baseline -0.004 0"><span class='ocrx_word' id='word_1_559' title='bbox 1893 3392 2116 3446; x_wconf 75' lang='lat' dir='ltr'><strong>cum’:</strong></span> 
     </span>
    </p>
   </div>
   <div class='ocr_carea' id='block_1_78' title="bbox 1976 3527 3402 3595">
    <p class='ocr_par' dir='ltr' id='par_1_78' title="bbox 1976 3527 3402 3595">
     <span class='ocr_line' id='line_1_78' title="bbox 1976 3527 3402 3595; baseline -0.001 -14"><span class='ocrx_word' id='word_1_560' title='bbox 1976 3528 2202 3582; x_wconf 68' lang='grc' dir='ltr'><strong>Ὀποῖνιν</strong></span> <span class='ocrx_word' id='word_1_561' title='bbox 2244 3528 2293 3581; x_wconf 76' lang='grc' dir='ltr'><strong>κ’</strong></span> <span class='ocrx_word' id='word_1_562' title='bbox 2334 3527 2575 3595; x_wconf 65' lang='grc' dir='ltr'><strong>εἴπῃσθα</strong></span> <span class='ocrx_word' id='word_1_563' title='bbox 2608 3528 2759 3592; x_wconf 80' lang='grc' dir='ltr'><strong>ἔπος,</strong></span> <span class='ocrx_word' id='word_1_564' title='bbox 2789 3530 2932 3580; x_wconf 80' lang='grc' dir='ltr'>τοῖον</span> <span class='ocrx_word' id='word_1_565' title='bbox 2958 3527 3011 3579; x_wconf 79' lang='grc' dir='ltr'><strong>κ’</strong></span> <span class='ocrx_word' id='word_1_566' title='bbox 3044 3527 3402 3589; x_wconf 63' lang='grc' dir='ltr'><strong>ἐπακούσαις.</strong></span> 
     </span>
    </p>
   </div>
   <div class='ocr_carea' id='block_1_79' title="bbox 1895 3664 3474 3737">
    <p class='ocr_par' dir='ltr' id='par_1_79' title="bbox 1895 3664 3474 3737">
     <span class='ocr_line' id='line_1_79' title="bbox 1895 3664 3474 3737; baseline -0.002 -17"><span class='ocrx_word' id='word_1_567' title='bbox 1895 3665 2059 3737; x_wconf 79' lang='lat'><strong>569</strong></span> <span class='ocrx_word' id='word_1_568' title='bbox 2093 3664 2206 3720; x_wconf 85' lang='lat' dir='ltr'><strong>Hoc</strong></span> <span class='ocrx_word' id='word_1_569' title='bbox 2234 3666 2410 3721; x_wconf 88' lang='lat' dir='ltr'><strong>solum</strong></span> <span class='ocrx_word' id='word_1_570' title='bbox 2458 3667 2683 3735; x_wconf 85' lang='lat' dir='ltr'><strong>requiro</strong></span> <span class='ocrx_word' id='word_1_571' title='bbox 2729 3670 2796 3722; x_wconf 89' lang='lat' dir='ltr'><strong>ab</strong></span> <span class='ocrx_word' id='word_1_572' title='bbox 2829 3666 3029 3720; x_wconf 77' lang='lat' dir='ltr'><strong>eximia</strong></span> <span class='ocrx_word' id='word_1_573' title='bbox 3081 3666 3373 3720; x_wconf 79' lang='lat' dir='ltr'><strong>sanctitate</strong></span> <span class='ocrx_word' id='word_1_574' title='bbox 3421 3674 3474 3717; x_wconf 86' lang='lat' dir='ltr'><strong>et</strong></span> 
     </span>
    </p>
   </div>
   <div class='ocr_carea' id='block_1_80' title="bbox 1891 3755 3469 3829">
    <p class='ocr_par' dir='ltr' id='par_1_80' title="bbox 1891 3755 3469 3829">
     <span class='ocr_line' id='line_1_80' title="bbox 1891 3755 3469 3829; baseline -0.005 -16"><span class='ocrx_word' id='word_1_575' title='bbox 1891 3773 2126 3813; x_wconf 82' lang='lat' dir='ltr'><strong>censura</strong></span> <span class='ocrx_word' id='word_1_576' title='bbox 2156 3768 2244 3811; x_wconf 90' lang='lat' dir='ltr'><strong>tua</strong></span> <span class='ocrx_word' id='word_1_577' title='bbox 2283 3758 2470 3829; x_wconf 80' lang='lat' dir='ltr'><strong>(cuius</strong></span> <span class='ocrx_word' id='word_1_578' title='bbox 2503 3770 2652 3813; x_wconf 87' lang='lat' dir='ltr'><strong>tanta</strong></span> <span class='ocrx_word' id='word_1_579' title='bbox 2696 3770 2782 3812; x_wconf 87' lang='lat' dir='ltr'><strong>est</strong></span> <span class='ocrx_word' id='word_1_580' title='bbox 2806 3759 3038 3828; x_wconf 83' lang='lat' dir='ltr'><strong>puritas,</strong></span> <span class='ocrx_word' id='word_1_581' title='bbox 3072 3768 3123 3810; x_wconf 93' lang='lat' dir='ltr'><strong>iit</strong></span> <span class='ocrx_word' id='word_1_582' title='bbox 3157 3757 3221 3809; x_wconf 90' lang='lat' dir='ltr'><strong>ad</strong></span> <span class='ocrx_word' id='word_1_583' title='bbox 3252 3755 3469 3810; x_wconf 83' lang='lat' dir='ltr'><strong>sudaria</strong></span> 
     </span>
    </p>
   </div>
   <div class='ocr_carea' id='block_1_81' title="bbox 1890 3847 3472 3916">
    <p class='ocr_par' dir='ltr' id='par_1_81' title="bbox 1890 3847 3472 3916">
     <span class='ocr_line' id='line_1_81' title="bbox 1890 3847 3472 3916; baseline -0.005 -11"><span class='ocrx_word' id='word_1_584' title='bbox 1890 3859 1945 3905; x_wconf 91' lang='lat' dir='ltr'><strong>et</strong></span> <span class='ocrx_word' id='word_1_585' title='bbox 1963 3850 2306 3903; x_wconf 81' lang='lat' dir='ltr'><strong>sciuicinclia</strong></span> <span class='ocrx_word' id='word_1_586' title='bbox 2338 3861 2429 3903; x_wconf 85' lang='lat' dir='ltr'><strong>tua</strong></span> <span class='ocrx_word' id='word_1_587' title='bbox 2453 3851 2731 3903; x_wconf 70' lang='lat' dir='ltr'><strong>daemones</strong></span> <span class='ocrx_word' id='word_1_588' title='bbox 2788 3850 3049 3916; x_wconf 67' lang='lat' dir='ltr'><strong>rttgiant),</strong></span> <span class='ocrx_word' id='word_1_589' title='bbox 3098 3847 3251 3913; x_wconf 83' lang='lat' dir='ltr'><strong>cujus</strong></span> <span class='ocrx_word' id='word_1_590' title='bbox 3287 3862 3472 3899; x_wconf 73' lang='lat' dir='ltr'><strong>exeiii~</strong></span> 
     </span>
    </p>
   </div>
   <div class='ocr_carea' id='block_1_82' title="bbox 1892 3938 3468 4013">
    <p class='ocr_par' dir='ltr' id='par_1_82' title="bbox 1892 3938 3468 4013">
     <span class='ocr_line' id='line_1_82' title="bbox 1892 3938 3468 4013; baseline -0.003 -18"><span class='ocrx_word' id='word_1_591' title='bbox 1892 3944 2036 4013; x_wconf 87' lang='lat' dir='ltr'><strong>plum</strong></span> <span class='ocrx_word' id='word_1_592' title='bbox 2069 3944 2122 3997; x_wconf 91' lang='lat' dir='ltr'><strong>in</strong></span> <span class='ocrx_word' id='word_1_593' title='bbox 2162 3943 2455 3997; x_wconf 87' lang='lat' dir='ltr'><strong>scribendo</strong></span> <span class='ocrx_word' id='word_1_594' title='bbox 2506 3942 2800 4011; x_wconf 88' lang='lat' dir='ltr'><strong>sequaris?</strong></span> <span class='ocrx_word' id='word_1_595' title='bbox 2834 3942 2969 4007; x_wconf 86' lang='lat' dir='ltr'><strong>Quis</strong></span> <span class='ocrx_word' id='word_1_596' title='bbox 3003 3956 3240 4008; x_wconf 85' lang='lat' dir='ltr'><strong>unquam</strong></span> <span class='ocrx_word' id='word_1_597' title='bbox 3277 3938 3468 3993; x_wconf 81' lang='lat' dir='ltr'><strong>catho-</strong></span> 
     </span>
    </p>
   </div>
   <div class='ocr_carea' id='block_1_83' title="bbox 1891 4034 3466 4105">
    <p class='ocr_par' dir='ltr' id='par_1_83' title="bbox 1891 4034 3466 4105">
     <span class='ocr_line' id='line_1_83' title="bbox 1891 4034 3466 4105; baseline -0.004 -14"><span class='ocrx_word' id='word_1_598' title='bbox 1891 4039 2120 4093; x_wconf 89' lang='lat' dir='ltr'><strong>licorum</strong></span> <span class='ocrx_word' id='word_1_599' title='bbox 2147 4037 2201 4091; x_wconf 79' lang='lat' dir='ltr'><strong>in</strong></span> <span class='ocrx_word' id='word_1_600' title='bbox 2235 4037 2611 4105; x_wconf 83' lang='lat' dir='ltr'><strong>disputatione</strong></span> <span class='ocrx_word' id='word_1_601' title='bbox 2647 4046 2949 4096; x_wconf 75' lang='lat' dir='ltr'><strong>sectarum,</strong></span> <span class='ocrx_word' id='word_1_602' title='bbox 2986 4034 3379 4103; x_wconf 88' lang='lat' dir='ltr'><strong>turpitudinem</strong></span> <span class='ocrx_word' id='word_1_603' title='bbox 3395 4038 3466 4092; x_wconf 80' lang='lat' dir='ltr'><strong>ei,</strong></span> 
     </span>
    </p>
   </div>
   <div class='ocr_carea' id='block_1_84' title="bbox 1892 4126 3473 4200">
    <p class='ocr_par' dir='ltr' id='par_1_84' title="bbox 1892 4126 3473 4200">
     <span class='ocr_line' id='line_1_84' title="bbox 1892 4126 3473 4200; baseline -0.008 -13"><span class='ocrx_word' id='word_1_604' title='bbox 1892 4133 2182 4187; x_wconf 85' lang='lat' dir='ltr'><strong>adversum</strong></span> <span class='ocrx_word' id='word_1_605' title='bbox 2225 4146 2389 4200; x_wconf 66' lang='lat' dir='ltr'><strong>quvm</strong></span> <span class='ocrx_word' id='word_1_606' title='bbox 2440 4130 2704 4197; x_wconf 86' lang='lat' dir='ltr'><strong>disputat,</strong></span> <span class='ocrx_word' id='word_1_607' title='bbox 2750 4129 2995 4197; x_wconf 84' lang='lat' dir='ltr'><strong>ohjccit?</strong></span> <span class='ocrx_word' id='word_1_608' title='bbox 3037 4126 3127 4181; x_wconf 84' lang='lat' dir='ltr'><strong>Sic</strong></span> <span class='ocrx_word' id='word_1_609' title='bbox 3173 4139 3222 4181; x_wconf 84' lang='lat' dir='ltr'><strong>te</strong></span> <span class='ocrx_word' id='word_1_610' title='bbox 3266 4129 3473 4178; x_wconf 54' lang='lat' dir='ltr'><strong>doctus»</strong></span> 
     </span>
    </p>
   </div>
   <div class='ocr_carea' id='block_1_85' title="bbox 1890 4221 3469 4292">
    <p class='ocr_par' dir='ltr' id='par_1_85' title="bbox 1890 4221 3469 4292">
     <span class='ocr_line' id='line_1_85' title="bbox 1890 4221 3469 4292; baseline -0.001 -12"><span class='ocrx_word' id='word_1_611' title='bbox 1890 4236 2014 4281; x_wconf 89' lang='lat' dir='ltr'><strong>runt</strong></span> <span class='ocrx_word' id='word_1_612' title='bbox 2043 4224 2290 4292; x_wconf 85' lang='lat' dir='ltr'><strong>magistri</strong></span> <span class='ocrx_word' id='word_1_613' title='bbox 2323 4223 2397 4277; x_wconf 93' lang='lat' dir='ltr'><strong>tui</strong></span> <span class='ocrx_word' id='word_1_614' title='bbox 2427 4221 2695 4275; x_wconf 82' lang='lat' dir='ltr'><strong>?T.ilibus</strong></span> <span class='ocrx_word' id='word_1_615' title='bbox 2730 4223 3016 4276; x_wconf 88' lang='lat' dir='ltr'><strong>institutus</strong></span> <span class='ocrx_word' id='word_1_616' title='bbox 3066 4238 3127 4277; x_wconf 92' lang='lat' dir='ltr'><strong>es</strong></span> <span class='ocrx_word' id='word_1_617' title='bbox 3160 4222 3469 4291; x_wconf 82' lang='lat' dir='ltr'><strong>disciplinis</strong></span> 
     </span>
    </p>
   </div>
   <div class='ocr_carea' id='block_1_86' title="bbox 1890 4314 3469 4385">
    <p class='ocr_par' dir='ltr' id='par_1_86' title="bbox 1890 4314 3469 4385">
     <span class='ocr_line' id='line_1_86' title="bbox 1890 4314 3469 4385; baseline -0.002 -14"><span class='ocrx_word' id='word_1_618' title='bbox 1890 4329 1949 4372; x_wconf 89' lang='lat' dir='ltr'><strong>ut</strong></span> <span class='ocrx_word' id='word_1_619' title='bbox 1982 4316 2071 4372; x_wconf 87' lang='lat' dir='ltr'><strong>cui</strong></span> <span class='ocrx_word' id='word_1_620' title='bbox 2099 4315 2433 4385; x_wconf 74' lang='lat' dir='ltr'><strong>respondere</strong></span> <span class='ocrx_word' id='word_1_621' title='bbox 2463 4330 2566 4368; x_wconf 90' lang='lat' dir='ltr'><strong>non</strong></span> <span class='ocrx_word' id='word_1_622' title='bbox 2602 4314 2871 4382; x_wconf 89' lang='lat' dir='ltr'><strong>potueris.</strong></span> <span class='ocrx_word' id='word_1_623' title='bbox 2898 4323 3064 4384; x_wconf 83' lang='lat' dir='ltr'><strong>caput</strong></span> <span class='ocrx_word' id='word_1_624' title='bbox 3099 4316 3321 4369; x_wconf 78' lang='lat' dir='ltr'><strong>auferas</strong></span> <span class='ocrx_word' id='word_1_625' title='bbox 3352 4333 3366 4378; x_wconf 85' lang='lat'><strong>;</strong></span> <span class='ocrx_word' id='word_1_626' title='bbox 3415 4326 3469 4368; x_wconf 89' lang='lat' dir='ltr'><strong>et</strong></span> 
     </span>
    </p>
   </div>
   <div class='ocr_carea' id='block_1_87' title="bbox 1888 4408 3468 4481">
    <p class='ocr_par' dir='ltr' id='par_1_87' title="bbox 1888 4408 3468 4481">
     <span class='ocr_line' id='line_1_87' title="bbox 1888 4408 3468 4481; baseline -0.004 -15"><span class='ocrx_word' id='word_1_627' title='bbox 1888 4412 2129 4481; x_wconf 80' lang='lat' dir='ltr'><strong>linguam</strong></span> <span class='ocrx_word' id='word_1_628' title='bbox 2161 4426 2284 4479; x_wconf 69' lang='lat' dir='ltr'><strong>quae</strong></span> <span class='ocrx_word' id='word_1_629' title='bbox 2315 4420 2494 4463; x_wconf 88' lang='lat' dir='ltr'><strong>tacere</strong></span> <span class='ocrx_word' id='word_1_630' title='bbox 2524 4424 2631 4461; x_wconf 91' lang='lat' dir='ltr'><strong>non</strong></span> <span class='ocrx_word' id='word_1_631' title='bbox 2695 4417 2895 4477; x_wconf 87' lang='lat' dir='ltr'><strong>potest,</strong></span> <span class='ocrx_word' id='word_1_632' title='bbox 2961 4410 3156 4464; x_wconf 87' lang='lat' dir='ltr'><strong>seces?</strong></span> <span class='ocrx_word' id='word_1_633' title='bbox 3197 4408 3305 4461; x_wconf 82' lang='lat' dir='ltr'><strong>Nec</strong></span> <span class='ocrx_word' id='word_1_634' title='bbox 3351 4426 3468 4461; x_wconf 89' lang='lat' dir='ltr'><strong>ma-</strong></span> 
     </span>
    </p>
   </div>
   <div class='ocr_carea' id='block_1_88' title="bbox 1888 4500 3463 4573">
    <p class='ocr_par' dir='ltr' id='par_1_88' title="bbox 1888 4500 3463 4573">
     <span class='ocr_line' id='line_1_88' title="bbox 1888 4500 3463 4573; baseline 0.001 -18"><span class='ocrx_word' id='word_1_635' title='bbox 1888 4518 2131 4573; x_wconf 88' lang='lat' dir='ltr'><strong>gnopere</strong></span> <span class='ocrx_word' id='word_1_636' title='bbox 2164 4502 2438 4571; x_wconf 88' lang='lat' dir='ltr'><strong>glorieris.</strong></span> <span class='ocrx_word' id='word_1_637' title='bbox 2474 4503 2517 4554; x_wconf 88' lang='lat' dir='ltr'><strong>si</strong></span> <span class='ocrx_word' id='word_1_638' title='bbox 2566 4500 2739 4554; x_wconf 84' lang='lat' dir='ltr'><strong>facias</strong></span> <span class='ocrx_word' id='word_1_639' title='bbox 2776 4501 2920 4568; x_wconf 88' lang='lat' dir='ltr'><strong>quod</strong></span> <span class='ocrx_word' id='word_1_640' title='bbox 2971 4503 3293 4570; x_wconf 84' lang='lat' dir='ltr'><strong>scorpiones</strong></span> <span class='ocrx_word' id='word_1_641' title='bbox 3335 4517 3463 4565; x_wconf 87' lang='lat' dir='ltr'><strong>pos-</strong></span> 
     </span>
    </p>
   </div>
   <div class='ocr_carea' id='block_1_89' title="bbox 195 4590 3463 4665">
    <p class='ocr_par' dir='ltr' id='par_1_89' title="bbox 195 4590 3463 4665">
     <span class='ocr_line' id='line_1_89' title="bbox 195 4590 3463 4665; baseline -0.001 -15"><span class='ocrx_word' id='word_1_642' title='bbox 195 4597 400 4657; x_wconf 80' lang='lat' dir='ltr'><strong>sultas,</strong></span> <span class='ocrx_word' id='word_1_643' title='bbox 432 4610 658 4649; x_wconf 77' lang='lat' dir='ltr'><strong>revocas</strong></span> <span class='ocrx_word' id='word_1_644' title='bbox 686 4602 762 4658; x_wconf 87' lang='lat' dir='ltr'><strong>te,</strong></span> <span class='ocrx_word' id='word_1_645' title='bbox 789 4605 839 4649; x_wconf 89' lang='lat' dir='ltr'><strong>et</strong></span> <span class='ocrx_word' id='word_1_646' title='bbox 871 4594 1011 4648; x_wconf 85' lang='lat' dir='ltr'><strong>ilicis</strong></span> <span class='ocrx_word' id='word_1_647' title='bbox 1039 4604 1233 4662; x_wconf 89' lang='lat' dir='ltr'><strong>optare</strong></span> <span class='ocrx_word' id='word_1_648' title='bbox 1280 4609 1469 4665; x_wconf 86' lang='lat' dir='ltr'><strong>pacem</strong></span> <span class='ocrx_word' id='word_1_649' title='bbox 1510 4611 1635 4650; x_wconf 92' lang='lat' dir='ltr'><strong>cuin</strong></span> <span class='ocrx_word' id='word_1_650' title='bbox 1684 4596 1775 4649; x_wconf 85' lang='lat' dir='ltr'><strong>de-</strong></span> <span class='ocrx_word' id='word_1_651' title='bbox 1808 4590 1850 4643; x_wconf 90' lang='lat' dir='ltr'><strong>D</strong></span> <span class='ocrx_word' id='word_1_652' title='bbox 1880 4604 2006 4649; x_wconf 87' lang='lat' dir='ltr'><strong>sunt</strong></span> <span class='ocrx_word' id='word_1_653' title='bbox 2030 4593 2211 4648; x_wconf 88' lang='lat' dir='ltr'><strong>facere</strong></span> <span class='ocrx_word' id='word_1_654' title='bbox 2248 4604 2298 4649; x_wconf 90' lang='lat' dir='ltr'><strong>et</strong></span> <span class='ocrx_word' id='word_1_655' title='bbox 2339 4594 2713 4648; x_wconf 82' lang='lat' dir='ltr'><strong>cantharides.</strong></span> <span class='ocrx_word' id='word_1_656' title='bbox 2744 4592 3014 4647; x_wconf 81' lang='lat' dir='ltr'><strong>Fecerunt</strong></span> <span class='ocrx_word' id='word_1_657' title='bbox 3052 4595 3167 4647; x_wconf 69' lang='lat' dir='ltr'><strong>haec</strong></span> <span class='ocrx_word' id='word_1_658' title='bbox 3197 4603 3245 4647; x_wconf 88' lang='lat' dir='ltr'><strong>et</strong></span> <span class='ocrx_word' id='word_1_659' title='bbox 3277 4592 3463 4649; x_wconf 80' lang='lat' dir='ltr'><strong>Fulvia</strong></span> 
     </span>
    </p>
   </div>
   <div class='ocr_carea' id='block_1_90' title="bbox 196 4684 1781 4753">
    <p class='ocr_par' dir='ltr' id='par_1_90' title="bbox 196 4684 1781 4753">
     <span class='ocr_line' id='line_1_90' title="bbox 196 4684 1781 4753; baseline 0.001 -15"><span class='ocrx_word' id='word_1_660' title='bbox 196 4686 555 4739; x_wconf 80' lang='lat' dir='ltr'><strong>nuntiatione</strong></span> <span class='ocrx_word' id='word_1_661' title='bbox 586 4684 871 4748; x_wconf 86' lang='lat' dir='ltr'><strong>duntaxat,</strong></span> <span class='ocrx_word' id='word_1_662' title='bbox 912 4692 971 4738; x_wconf 91' lang='grc' dir='ltr'><strong>ιιι</strong></span> <span class='ocrx_word' id='word_1_663' title='bbox 1004 4686 1263 4752; x_wconf 86' lang='lat' dir='ltr'><strong>deinceps</strong></span> <span class='ocrx_word' id='word_1_664' title='bbox 1323 4694 1559 4747; x_wconf 81' lang='lat' dir='ltr'><strong>taceam.</strong></span> <span class='ocrx_word' id='word_1_665' title='bbox 1592 4687 1641 4740; x_wconf 85' lang='lat' dir='ltr'><strong>id</strong></span> <span class='ocrx_word' id='word_1_666' title='bbox 1674 4697 1781 4753; x_wconf 89' lang='lat' dir='ltr'><strong>est,</strong></span> 
     </span>
    </p>
   </div>
   <div class='ocr_carea' id='block_1_91' title="bbox 196 4781 1779 4846">
    <p class='ocr_par' dir='ltr' id='par_1_91' title="bbox 196 4781 1779 4846">
     <span class='ocr_line' id='line_1_91' title="bbox 196 4781 1779 4846; baseline 0.001 -11"><span class='ocrx_word' id='word_1_667' title='bbox 196 4793 252 4835; x_wconf 92' lang='lat' dir='ltr'><strong>iit</strong></span> <span class='ocrx_word' id='word_1_668' title='bbox 308 4797 423 4836; x_wconf 86' lang='lat' dir='ltr'><strong>non</strong></span> <span class='ocrx_word' id='word_1_669' title='bbox 495 4781 728 4835; x_wconf 84' lang='lat' dir='ltr'><strong>scribam</strong></span> <span class='ocrx_word' id='word_1_670' title='bbox 775 4791 961 4836; x_wconf 84' lang='lat' dir='ltr'><strong>contra</strong></span> <span class='ocrx_word' id='word_1_671' title='bbox 1028 4782 1336 4846; x_wconf 55' lang='lat' dir='ltr'><strong>hareticos,</strong></span> <span class='ocrx_word' id='word_1_672' title='bbox 1404 4798 1504 4837; x_wconf 85' lang='lat' dir='ltr'><strong>nec</strong></span> <span class='ocrx_word' id='word_1_673' title='bbox 1550 4784 1779 4836; x_wconf 87' lang='lat' dir='ltr'><strong>audeam</strong></span> 
     </span>
    </p>
   </div>
   <div class='ocr_carea' id='block_1_92' title="bbox 195 4875 1783 4945">
    <p class='ocr_par' dir='ltr' id='par_1_92' title="bbox 195 4875 1783 4945">
     <span class='ocr_line' id='line_1_92' title="bbox 195 4875 1783 4945; baseline 0 -14"><span class='ocrx_word' id='word_1_674' title='bbox 195 4876 538 4945; x_wconf 81' lang='lat' dir='ltr'><strong>respondere</strong></span> <span class='ocrx_word' id='word_1_675' title='bbox 569 4875 907 4929; x_wconf 75' lang='lat' dir='ltr'><strong>accusationi</strong></span> <span class='ocrx_word' id='word_1_676' title='bbox 938 4885 1059 4929; x_wconf 72' lang='lat' dir='ltr'><strong>tum.</strong></span> <span class='ocrx_word' id='word_1_677' title='bbox 1095 4875 1152 4927; x_wconf 87' lang='lat' dir='ltr'><strong>Si</strong></span> <span class='ocrx_word' id='word_1_678' title='bbox 1210 4877 1312 4931; x_wconf 91' lang='lat' dir='ltr'><strong>hoc</strong></span> <span class='ocrx_word' id='word_1_679' title='bbox 1361 4878 1577 4939; x_wconf 77' lang='lat' dir='ltr'><strong>fecero,</strong></span> <span class='ocrx_word' id='word_1_680' title='bbox 1612 4875 1783 4931; x_wconf 80' lang='lat' dir='ltr'><strong>frater</strong></span> 
     </span>
    </p>
   </div>
   <div class='ocr_carea' id='block_1_93' title="bbox 194 4968 1781 5038">
    <p class='ocr_par' dir='ltr' id='par_1_93' title="bbox 194 4968 1781 5038">
     <span class='ocr_line' id='line_1_93' title="bbox 194 4968 1781 5038; baseline -0.003 -13"><span class='ocrx_word' id='word_1_681' title='bbox 194 4987 291 5025; x_wconf 84' lang='lat' dir='ltr'><strong>ero</strong></span> <span class='ocrx_word' id='word_1_682' title='bbox 327 4978 384 5023; x_wconf 79' lang='lat' dir='ltr'><strong>et</strong></span> <span class='ocrx_word' id='word_1_683' title='bbox 420 4968 653 5038; x_wconf 86' lang='lat' dir='ltr'><strong>collega,</strong></span> <span class='ocrx_word' id='word_1_684' title='bbox 694 4976 750 5022; x_wconf 85' lang='lat' dir='ltr'><strong>et</strong></span> <span class='ocrx_word' id='word_1_685' title='bbox 778 4968 861 5021; x_wconf 84' lang='lat' dir='ltr'><strong>vir</strong></span> <span class='ocrx_word' id='word_1_686' title='bbox 902 4968 1396 5038; x_wconf 83' lang='lat' dir='ltr'><strong>eloquentissimus</strong></span> <span class='ocrx_word' id='word_1_687' title='bbox 1450 4978 1503 5023; x_wconf 89' lang='lat' dir='ltr'><strong>et</strong></span> <span class='ocrx_word' id='word_1_688' title='bbox 1566 4969 1781 5023; x_wconf 91' lang='lat' dir='ltr'><strong>amicus</strong></span> 
     </span>
    </p>
   </div>
   <div class='ocr_carea' id='block_1_94' title="bbox 194 5171 1774 5229">
    <p class='ocr_par' dir='ltr' id='par_1_94' title="bbox 194 5171 1774 5229">
     <span class='ocr_line' id='line_1_94' title="bbox 194 5171 1774 5229; baseline -0.001 -3"><span class='ocrx_word' id='word_1_689' title='bbox 194 5179 301 5229; x_wconf 82' lang='lat' dir='ltr'><strong>tias</strong></span> <span class='ocrx_word' id='word_1_690' title='bbox 373 5173 799 5226; x_wconf 76' lang='lat' dir='ltr'><strong>reminiscentius</strong></span> <span class='ocrx_word' id='word_1_691' title='bbox 847 5188 980 5226; x_wconf 81' lang='lat' dir='ltr'><strong>esse.</strong></span> <span class='ocrx_word' id='word_1_692' title='bbox 1041 5171 1312 5227; x_wconf 63' lang='lat' dir='ltr'><strong>MARTIAN.</strong></span> <span class='ocrx_word' id='word_1_693' title='bbox 1364 5202 1429 5213; x_wconf 92' lang='lat'><strong><em>—</em></strong></span> <span class='ocrx_word' id='word_1_694' title='bbox 1463 5172 1659 5225; x_wconf 71' lang='lat' dir='ltr'><strong>Nescio</strong></span> <span class='ocrx_word' id='word_1_695' title='bbox 1708 5189 1774 5225; x_wconf 90' lang='lat' dir='ltr'><strong>an</strong></span> 
     </span>
    </p>
   </div>
   <div class='ocr_carea' id='block_1_95' title="bbox 195 5237 1777 5311">
    <p class='ocr_par' dir='ltr' id='par_1_95' title="bbox 195 5237 1777 5311">
     <span class='ocr_line' id='line_1_95' title="bbox 195 5237 1777 5311; baseline 0.002 -17"><span class='ocrx_word' id='word_1_696' title='bbox 195 5249 407 5301; x_wconf 70' lang='lat' dir='ltr'><strong>wrius.</strong></span> <span class='ocrx_word' id='word_1_697' title='bbox 446 5244 721 5296; x_wconf 50' lang='lat' dir='ltr'><strong>Victorius</strong></span> <span class='ocrx_word' id='word_1_698' title='bbox 755 5243 907 5296; x_wconf 88' lang='lat' dir='ltr'><strong>addit</strong></span> <span class='ocrx_word' id='word_1_699' title='bbox 962 5237 1124 5302; x_wconf 74' lang='grc' dir='ltr'><strong>εἶναι.</strong></span> <span class='ocrx_word' id='word_1_700' title='bbox 1154 5255 1207 5298; x_wconf 92' lang='lat' dir='ltr'><strong>et</strong></span> <span class='ocrx_word' id='word_1_701' title='bbox 1270 5243 1777 5311; x_wconf 84' lang='lat' dir='ltr'><strong>interpretationem</strong></span> 
     </span>
    </p>
   </div>
   <div class='ocr_carea' id='block_1_96' title="bbox 195 5313 1775 5382">
    <p class='ocr_par' dir='ltr' id='par_1_96' title="bbox 195 5313 1775 5382">
     <span class='ocr_line' id='line_1_96' title="bbox 195 5313 1775 5382; baseline 0 -14"><span class='ocrx_word' id='word_1_702' title='bbox 195 5318 500 5370; x_wconf 69' lang='lat' dir='ltr'><strong>discentia;</strong></span> <span class='ocrx_word' id='word_1_703' title='bbox 562 5314 983 5366; x_wconf 83' lang='lat' dir='ltr'><strong>reminiscentias</strong></span> <span class='ocrx_word' id='word_1_704' title='bbox 1032 5330 1163 5376; x_wconf 77' lang='lat' dir='ltr'><strong>esse,</strong></span> <span class='ocrx_word' id='word_1_705' title='bbox 1222 5329 1328 5368; x_wconf 91' lang='lat' dir='ltr'><strong>non</strong></span> <span class='ocrx_word' id='word_1_706' title='bbox 1373 5313 1557 5375; x_wconf 81' lang='lat' dir='ltr'><strong>habet.</strong></span> <span class='ocrx_word' id='word_1_707' title='bbox 1608 5328 1775 5382; x_wconf 88' lang='lat' dir='ltr'><strong>quam</strong></span> 
     </span>
    </p>
   </div>
   <div class='ocr_carea' id='block_1_97' title="bbox 195 5384 1279 5447">
    <p class='ocr_par' dir='ltr' id='par_1_97' title="bbox 195 5384 1279 5447">
     <span class='ocr_line' id='line_1_97' title="bbox 195 5384 1279 5447; baseline -0.004 -7"><span class='ocrx_word' id='word_1_708' title='bbox 195 5388 554 5440; x_wconf 62' lang='lat' dir='ltr'><strong>Blattiameus</strong></span> <span class='ocrx_word' id='word_1_709' title='bbox 581 5384 790 5437; x_wconf 89' lang='lat' dir='ltr'><strong>addidit</strong></span> <span class='ocrx_word' id='word_1_710' title='bbox 821 5400 887 5438; x_wconf 84' lang='lat' dir='ltr'><strong>ex</strong></span> <span class='ocrx_word' id='word_1_711' title='bbox 916 5384 1118 5447; x_wconf 83' lang='lat' dir='ltr'><strong>aliquot</strong></span> <span class='ocrx_word' id='word_1_712' title='bbox 1146 5400 1279 5438; x_wconf 85' lang='lat' dir='ltr'><strong>mss.</strong></span> 
     </span>
    </p>
   </div>
   <div class='ocr_carea' id='block_1_98' title="bbox 270 5450 1773 5518">
    <p class='ocr_par' dir='ltr' id='par_1_98' title="bbox 270 5450 1773 5518">
     <span class='ocr_line' id='line_1_98' title="bbox 270 5450 1773 5518; baseline 0.003 -13"><span class='ocrx_word' id='word_1_713' title='bbox 270 5462 284 5489; x_wconf 76' lang='grc' dir='ltr'><strong>ι</strong></span> <span class='ocrx_word' id='word_1_714' title='bbox 326 5458 449 5510; x_wconf 70' lang='grc' dir='ltr'>νισι,</span> <span class='ocrx_word' id='word_1_715' title='bbox 490 5456 828 5511; x_wconf 69' lang='lat' dir='ltr'><strong>Ciceronem.</strong></span> <span class='ocrx_word' id='word_1_716' title='bbox 866 5472 897 5505; x_wconf 88' lang='lat' dir='ltr'><strong>v</strong></span> <span class='ocrx_word' id='word_1_717' title='bbox 949 5453 1015 5507; x_wconf 81' lang='lat' dir='ltr'><strong>de</strong></span> <span class='ocrx_word' id='word_1_718' title='bbox 1056 5450 1301 5518; x_wconf 78' lang='lat' dir='ltr'><strong>Finibus,</strong></span> <span class='ocrx_word' id='word_1_719' title='bbox 1366 5463 1418 5508; x_wconf 80' lang='lat' dir='ltr'><strong>et</strong></span> <span class='ocrx_word' id='word_1_720' title='bbox 1467 5470 1481 5507; x_wconf 90' lang='grc' dir='ltr'><strong>ι</strong></span> <span class='ocrx_word' id='word_1_721' title='bbox 1532 5452 1773 5517; x_wconf 75' lang='grc' dir='ltr'><strong>Τυεειιι..</strong></span> 
     </span>
    </p>
   </div>
   <div class='ocr_carea' id='block_1_99' title="bbox 196 5524 1775 5592">
    <p class='ocr_par' dir='ltr' id='par_1_99' title="bbox 196 5524 1775 5592">
     <span class='ocr_line' id='line_1_99' title="bbox 196 5524 1775 5592; baseline -0.002 -9"><span class='ocrx_word' id='word_1_722' title='bbox 196 5532 285 5583; x_wconf 86' lang='lat' dir='ltr'><strong>cui</strong></span> <span class='ocrx_word' id='word_1_723' title='bbox 310 5529 401 5581; x_wconf 80' lang='lat' dir='ltr'><strong>alii</strong></span> <span class='ocrx_word' id='word_1_724' title='bbox 438 5528 828 5592; x_wconf 89' lang='lat' dir='ltr'><strong>astipulantur,</strong></span> <span class='ocrx_word' id='word_1_725' title='bbox 863 5525 1123 5577; x_wconf 76' lang='lat' dir='ltr'><strong>&#39;l‘iiii:eiiiii</strong></span> <span class='ocrx_word' id='word_1_726' title='bbox 1155 5536 1463 5580; x_wconf 82' lang='lat' dir='ltr'><strong>asserentes</strong></span> <span class='ocrx_word' id='word_1_727' title='bbox 1495 5540 1523 5578; x_wconf 87' lang='lat' dir='ltr'><strong>a</strong></span> <span class='ocrx_word' id='word_1_728' title='bbox 1555 5524 1775 5581; x_wconf 80' lang='lat' dir='ltr'><strong>Platone</strong></span> 
     </span>
    </p>
   </div>
   <div class='ocr_carea' id='block_1_100' title="bbox 196 5595 1775 5664">
    <p class='ocr_par' dir='ltr' id='par_1_100' title="bbox 196 5595 1775 5664">
     <span class='ocr_line' id='line_1_100' title="bbox 196 5595 1775 5664; baseline 0.001 -16"><span class='ocrx_word' id='word_1_729' title='bbox 196 5606 250 5652; x_wconf 82' lang='lat' dir='ltr'><strong>iu</strong></span> <span class='ocrx_word' id='word_1_730' title='bbox 289 5600 449 5653; x_wconf 77' lang='lat' dir='ltr'><strong>Italia</strong></span> <span class='ocrx_word' id='word_1_731' title='bbox 478 5598 648 5648; x_wconf 66' lang='lat' dir='ltr'><strong>fuisse</strong></span> <span class='ocrx_word' id='word_1_732' title='bbox 684 5596 967 5659; x_wconf 79' lang='lat' dir='ltr'><strong>auditum;</strong></span> <span class='ocrx_word' id='word_1_733' title='bbox 1001 5606 1053 5648; x_wconf 78' lang='grc' dir='ltr'>ει</span> <span class='ocrx_word' id='word_1_734' title='bbox 1089 5595 1282 5664; x_wconf 68' lang='lat' dir='ltr'><strong>collige</strong></span> <span class='ocrx_word' id='word_1_735' title='bbox 1340 5612 1527 5649; x_wconf 79' lang='lat' dir='ltr'><strong>errare</strong></span> <span class='ocrx_word' id='word_1_736' title='bbox 1565 5596 1775 5651; x_wconf 71' lang='lat' dir='ltr'><strong>Macro-</strong></span> 
     </span>
    </p>
   </div>
   <div class='ocr_carea' id='block_1_101' title="bbox 195 5664 1771 5732">
    <p class='ocr_par' dir='ltr' id='par_1_101' title="bbox 195 5664 1771 5732">
     <span class='ocr_line' id='line_1_101' title="bbox 195 5664 1771 5732; baseline -0.003 -7"><span class='ocrx_word' id='word_1_737' title='bbox 195 5673 230 5725; x_wconf 86' lang='lat' dir='ltr'><strong>b</strong></span> <span class='ocrx_word' id='word_1_738' title='bbox 254 5686 348 5723; x_wconf 91' lang='lat' dir='ltr'><strong>um</strong></span> <span class='ocrx_word' id='word_1_739' title='bbox 382 5671 456 5721; x_wconf 85' lang='lat' dir='ltr'><strong>lih</strong></span> <span class='ocrx_word' id='word_1_740' title='bbox 504 5666 846 5724; x_wconf 81' lang='lat' dir='ltr'><strong>tSalurnal..</strong></span> <span class='ocrx_word' id='word_1_741' title='bbox 868 5681 916 5720; x_wconf 91' lang='lat' dir='ltr'><strong>c.</strong></span> <span class='ocrx_word' id='word_1_742' title='bbox 944 5669 988 5722; x_wconf 88' lang='lat' dir='ltr'><strong>l.</strong></span> <span class='ocrx_word' id='word_1_743' title='bbox 1020 5666 1112 5732; x_wconf 90' lang='lat' dir='ltr'><strong>qui</strong></span> <span class='ocrx_word' id='word_1_744' title='bbox 1139 5664 1415 5719; x_wconf 83' lang='lat' dir='ltr'><strong>Socratem</strong></span> <span class='ocrx_word' id='word_1_745' title='bbox 1437 5665 1771 5721; x_wconf 78' lang='lat' dir='ltr'><strong>etTiiiiteum</strong></span> 
     </span>
    </p>
   </div>
   <div class='ocr_carea' id='block_1_102' title="bbox 194 5738 1284 5793">
    <p class='ocr_par' dir='ltr' id='par_1_102' title="bbox 194 5738 1284 5793">
     <span class='ocr_line' id='line_1_102' title="bbox 194 5738 1284 5793; baseline -0.005 0"><span class='ocrx_word' id='word_1_746' title='bbox 194 5746 387 5793; x_wconf 74' lang='lat' dir='ltr'><strong>mdo-ui</strong></span> <span class='ocrx_word' id='word_1_747' title='bbox 414 5739 615 5793; x_wconf 70' lang='lat' dir='ltr'><strong>sztculu</strong></span> <span class='ocrx_word' id='word_1_748' title='bbox 648 5754 751 5791; x_wconf 83' lang='lat' dir='ltr'><strong>noti</strong></span> <span class='ocrx_word' id='word_1_749' title='bbox 787 5741 953 5791; x_wconf 68' lang='lat' dir='ltr'><strong>luisse</strong></span> <span class='ocrx_word' id='word_1_750' title='bbox 988 5738 1284 5789; x_wconf 73' lang='lat' dir='ltr'><strong>contendit.</strong></span> 
     </span>
    </p>
   </div>
   <div class='ocr_carea' id='block_1_103' title="bbox 268 5807 1769 5879">
    <p class='ocr_par' dir='ltr' id='par_1_103' title="bbox 268 5807 1769 5879">
     <span class='ocr_line' id='line_1_103' title="bbox 268 5807 1769 5879; baseline 0 -17"><span class='ocrx_word' id='word_1_751' title='bbox 268 5814 451 5873; x_wconf 70' lang='lat' dir='ltr'><strong>‘Alii,</strong></span> <span class='ocrx_word' id='word_1_752' title='bbox 512 5823 654 5879; x_wconf 86' lang='lat' dir='ltr'><strong>quos</strong></span> <span class='ocrx_word' id='word_1_753' title='bbox 723 5808 861 5859; x_wconf 60' lang='lat' dir='ltr'><strong>inter</strong></span> <span class='ocrx_word' id='word_1_754' title='bbox 929 5807 1035 5859; x_wconf 59' lang='lat' dir='ltr'><strong>lno</strong></span> <span class='ocrx_word' id='word_1_755' title='bbox 1091 5808 1337 5864; x_wconf 70' lang='lat' dir='ltr'><strong>Allaiins.</strong></span> <span class='ocrx_word' id='word_1_756' title='bbox 1389 5815 1587 5875; x_wconf 76' lang='lat' dir='ltr'><strong>scripta</strong></span> <span class='ocrx_word' id='word_1_757' title='bbox 1635 5810 1769 5862; x_wconf 69' lang='lat' dir='ltr'><strong>varii</strong></span> 
     </span>
    </p>
   </div>
   <div class='ocr_carea' id='block_1_104' title="bbox 198 5880 1767 5953">
    <p class='ocr_par' dir='ltr' id='par_1_104' title="bbox 198 5880 1767 5953">
     <span class='ocr_line' id='line_1_104' title="bbox 198 5880 1767 5953; baseline 0.004 -24"><span class='ocrx_word' id='word_1_758' title='bbox 198 5885 418 5953; x_wconf 59' lang='lat' dir='ltr'><strong>generis</strong></span> <span class='ocrx_word' id='word_1_759' title='bbox 490 5890 699 5932; x_wconf 59' lang='lat' dir='ltr'><strong>.‘ttt‘l‘ull</strong></span> <span class='ocrx_word' id='word_1_760' title='bbox 763 5880 1053 5940; x_wconf 72' lang='lat' dir='ltr'><strong>tribuunt.</strong></span> <span class='ocrx_word' id='word_1_761' title='bbox 1114 5880 1205 5931; x_wconf 79' lang='lat' dir='ltr'><strong>scd</strong></span> <span class='ocrx_word' id='word_1_762' title='bbox 1278 5890 1485 5932; x_wconf 69' lang='lat' dir='ltr'><strong>\ettt&#39;cs</strong></span> <span class='ocrx_word' id='word_1_763' title='bbox 1527 5882 1767 5951; x_wconf 69' lang='lat' dir='ltr'><strong>plerique</strong></span> 
     </span>
    </p>
   </div>
   <div class='ocr_carea' id='block_1_105' title="bbox 1890 4683 3465 4753">
    <p class='ocr_par' dir='ltr' id='par_1_105' title="bbox 1890 4683 3465 4753">
     <span class='ocr_line' id='line_1_105' title="bbox 1890 4683 3465 4753; baseline -0.005 -11"><span class='ocrx_word' id='word_1_764' title='bbox 1890 4688 1945 4742; x_wconf 89' lang='lat' dir='ltr'><strong>in</strong></span> <span class='ocrx_word' id='word_1_765' title='bbox 1982 4686 2328 4750; x_wconf 89' lang='lat' dir='ltr'><strong>Ciceronem,</strong></span> <span class='ocrx_word' id='word_1_766' title='bbox 2353 4696 2405 4741; x_wconf 91' lang='lat' dir='ltr'><strong>et</strong></span> <span class='ocrx_word' id='word_1_767' title='bbox 2440 4686 2707 4741; x_wconf 87' lang='lat' dir='ltr'><strong>llerodias</strong></span> <span class='ocrx_word' id='word_1_768' title='bbox 2744 4685 2795 4738; x_wconf 93' lang='lat' dir='ltr'><strong>in</strong></span> <span class='ocrx_word' id='word_1_769' title='bbox 2845 4683 3110 4740; x_wconf 81' lang='lat' dir='ltr'><strong>Joannem</strong></span> <span class='ocrx_word' id='word_1_770' title='bbox 3140 4703 3154 4738; x_wconf 88' lang='lat'><strong>:</strong></span> <span class='ocrx_word' id='word_1_771' title='bbox 3211 4687 3335 4753; x_wconf 86' lang='lat' dir='ltr'><strong>quia</strong></span> <span class='ocrx_word' id='word_1_772' title='bbox 3371 4705 3465 4739; x_wconf 70' lang='grc' dir='ltr'><strong>νυ-</strong></span> 
     </span>
    </p>
   </div>
   <div class='ocr_carea' id='block_1_106' title="bbox 1887 4781 3461 4851">
    <p class='ocr_par' dir='ltr' id='par_1_106' title="bbox 1887 4781 3461 4851">
     <span class='ocr_line' id='line_1_106' title="bbox 1887 4781 3461 4851; baseline -0.001 -15"><span class='ocrx_word' id='word_1_773' title='bbox 1887 4783 2102 4837; x_wconf 83' lang='lat' dir='ltr'><strong>ritatem</strong></span> <span class='ocrx_word' id='word_1_774' title='bbox 2129 4797 2235 4836; x_wconf 90' lang='lat' dir='ltr'><strong>non</strong></span> <span class='ocrx_word' id='word_1_775' title='bbox 2263 4790 2514 4851; x_wconf 86' lang='lat' dir='ltr'><strong>poterant</strong></span> <span class='ocrx_word' id='word_1_776' title='bbox 2534 4781 2744 4845; x_wconf 89' lang='lat' dir='ltr'><strong>audire,</strong></span> <span class='ocrx_word' id='word_1_777' title='bbox 2769 4790 2822 4834; x_wconf 88' lang='lat' dir='ltr'><strong>et</strong></span> <span class='ocrx_word' id='word_1_778' title='bbox 2854 4782 3090 4848; x_wconf 83' lang='lat' dir='ltr'><strong>linguam</strong></span> <span class='ocrx_word' id='word_1_779' title='bbox 3124 4782 3461 4849; x_wconf 83' lang='lat' dir='ltr'><strong>veriloquani</strong></span> 
     </span>
    </p>
   </div>
   <div class='ocr_carea' id='block_1_107' title="bbox 1886 4874 3461 4944">
    <p class='ocr_par' dir='ltr' id='par_1_107' title="bbox 1886 4874 3461 4944">
     <span class='ocr_line' id='line_1_107' title="bbox 1886 4874 3461 4944; baseline -0.004 -12"><span class='ocrx_word' id='word_1_780' title='bbox 1886 4876 2251 4932; x_wconf 86' lang='lat' dir='ltr'><strong>discriminali</strong></span> <span class='ocrx_word' id='word_1_781' title='bbox 2287 4892 2389 4929; x_wconf 90' lang='lat' dir='ltr'><strong>acu</strong></span> <span class='ocrx_word' id='word_1_782' title='bbox 2446 4874 2838 4930; x_wconf 87' lang='lat' dir='ltr'><strong>confoderunt.</strong></span> <span class='ocrx_word' id='word_1_783' title='bbox 2892 4874 3071 4929; x_wconf 90' lang='lat' dir='ltr'><strong>Canes</strong></span> <span class='ocrx_word' id='word_1_784' title='bbox 3115 4876 3313 4929; x_wconf 88' lang='lat' dir='ltr'><strong>latrant</strong></span> <span class='ocrx_word' id='word_1_785' title='bbox 3361 4892 3461 4944; x_wconf 83' lang='lat' dir='ltr'><strong>pro</strong></span> 
     </span>
    </p>
   </div>
   <div class='ocr_carea' id='block_1_108' title="bbox 1888 4968 3461 5037">
    <p class='ocr_par' dir='ltr' id='par_1_108' title="bbox 1888 4968 3461 5037">
     <span class='ocr_line' id='line_1_108' title="bbox 1888 4968 3461 5037; baseline -0.001 -13"><span class='ocrx_word' id='word_1_786' title='bbox 1888 4969 2126 5025; x_wconf 90' lang='lat' dir='ltr'><strong>dominis</strong></span> <span class='ocrx_word' id='word_1_787' title='bbox 2154 4970 2295 5033; x_wconf 86' lang='lat' dir='ltr'><strong>suis,</strong></span> <span class='ocrx_word' id='word_1_788' title='bbox 2328 4977 2381 5023; x_wconf 88' lang='lat' dir='ltr'><strong>et</strong></span> <span class='ocrx_word' id='word_1_789' title='bbox 2418 4977 2473 5021; x_wconf 89' lang='lat' dir='ltr'><strong>tu</strong></span> <span class='ocrx_word' id='word_1_790' title='bbox 2517 4984 2621 5020; x_wconf 90' lang='lat' dir='ltr'><strong>ntm</strong></span> <span class='ocrx_word' id='word_1_791' title='bbox 2649 4970 2731 5022; x_wconf 88' lang='lat' dir='ltr'><strong>vis</strong></span> <span class='ocrx_word' id='word_1_792' title='bbox 2755 4982 2839 5022; x_wconf 87' lang='lat' dir='ltr'><strong>me</strong></span> <span class='ocrx_word' id='word_1_793' title='bbox 2874 4969 3071 5021; x_wconf 89' lang='lat' dir='ltr'><strong>latrare</strong></span> <span class='ocrx_word' id='word_1_794' title='bbox 3094 4968 3461 5037; x_wconf 83' lang='lat' dir='ltr'><strong>proChrism?</strong></span> 
     </span>
    </p>
   </div>
   <div class='ocr_carea' id='block_1_109' title="bbox 1883 5174 3453 5245">
    <p class='ocr_par' dir='ltr' id='par_1_109' title="bbox 1883 5174 3453 5245">
     <span class='ocr_line' id='line_1_109' title="bbox 1883 5174 3453 5245; baseline 0.001 -16"><span class='ocrx_word' id='word_1_795' title='bbox 1883 5192 2073 5230; x_wconf 82' lang='lat' dir='ltr'><strong>omnes</strong></span> <span class='ocrx_word' id='word_1_796' title='bbox 2133 5184 2439 5245; x_wconf 79' lang='lat' dir='ltr'><strong>pernegaiit</strong></span> <span class='ocrx_word' id='word_1_797' title='bbox 2504 5174 2572 5227; x_wconf 91' lang='lat' dir='ltr'><strong>ah</strong></span> <span class='ocrx_word' id='word_1_798' title='bbox 2635 5174 2722 5228; x_wconf 92' lang='lat' dir='ltr'><strong>illo</strong></span> <span class='ocrx_word' id='word_1_799' title='bbox 2779 5175 3072 5244; x_wconf 87' lang='lat' dir='ltr'><strong>quidquam</strong></span> <span class='ocrx_word' id='word_1_800' title='bbox 3138 5177 3453 5231; x_wconf 70' lang='lat' dir='ltr'><strong>mandatum</strong></span> 
     </span>
    </p>
   </div>
   <div class='ocr_carea' id='block_1_110' title="bbox 1886 5248 2105 5301">
    <p class='ocr_par' dir='ltr' id='par_1_110' title="bbox 1886 5248 2105 5301">
     <span class='ocr_line' id='line_1_110' title="bbox 1886 5248 2105 5301; baseline -0.005 0"><span class='ocrx_word' id='word_1_801' title='bbox 1886 5248 2105 5301; x_wconf 88' lang='lat' dir='ltr'><strong>litteris.</strong></span> 
     </span>
    </p>
   </div>
   <div class='ocr_carea' id='block_1_111' title="bbox 1952 5314 3456 5388">
    <p class='ocr_par' dir='ltr' id='par_1_111' title="bbox 1952 5314 3456 5388">
     <span class='ocr_line' id='line_1_111' title="bbox 1952 5314 3456 5388; baseline 0.003 -21"><span class='ocrx_word' id='word_1_802' title='bbox 1952 5320 1972 5350; x_wconf 79' lang='grc'><em>³</em></span> <span class='ocrx_word' id='word_1_803' title='bbox 2016 5319 2178 5371; x_wconf 84' lang='lat' dir='ltr'><strong>Vetus</strong></span> <span class='ocrx_word' id='word_1_804' title='bbox 2210 5316 2365 5382; x_wconf 88' lang='lat' dir='ltr'><strong>cdit.,</strong></span> <span class='ocrx_word' id='word_1_805' title='bbox 2398 5314 2467 5369; x_wconf 87' lang='lat' dir='ltr'><strong>Ut</strong></span> <span class='ocrx_word' id='word_1_806' title='bbox 2494 5319 2616 5370; x_wconf 84' lang='lat' dir='ltr'><strong>dum</strong></span> <span class='ocrx_word' id='word_1_807' title='bbox 2648 5315 2744 5368; x_wconf 82' lang='lat' dir='ltr'><strong>alii</strong></span> <span class='ocrx_word' id='word_1_808' title='bbox 2795 5325 2976 5383; x_wconf 84' lang='lat' dir='ltr'><strong>petunt</strong></span> <span class='ocrx_word' id='word_1_809' title='bbox 3019 5333 3199 5371; x_wconf 84' lang='lat' dir='ltr'><strong>eorum</strong></span> <span class='ocrx_word' id='word_1_810' title='bbox 3241 5321 3456 5388; x_wconf 77' lang='lat' dir='ltr'><strong>sangui-</strong></span> 
     </span>
    </p>
   </div>
   <div class='ocr_carea' id='block_1_112' title="bbox 1881 5400 2157 5449">
    <p class='ocr_par' dir='ltr' id='par_1_112' title="bbox 1881 5400 2157 5449">
     <span class='ocr_line' id='line_1_112' title="bbox 1881 5400 2157 5449; baseline 0 -6"><span class='ocrx_word' id='word_1_811' title='bbox 1881 5405 2020 5449; x_wconf 72' lang='lat' dir='ltr'><strong>llem,</strong></span> <span class='ocrx_word' id='word_1_812' title='bbox 2052 5400 2157 5443; x_wconf 69' lang='lat' dir='ltr'><strong>CIC.</strong></span> 
     </span>
    </p>
   </div>
   <div class='ocr_carea' id='block_1_113' title="bbox 1954 5455 3201 5526">
    <p class='ocr_par' dir='ltr' id='par_1_113' title="bbox 1954 5455 3201 5526">
     <span class='ocr_line' id='line_1_113' title="bbox 1954 5455 3201 5526; baseline -0.002 -15"><span class='ocrx_word' id='word_1_813' title='bbox 1954 5460 1974 5490; x_wconf 63' lang='grc' dir='ltr'>δ</span> <span class='ocrx_word' id='word_1_814' title='bbox 2014 5457 2266 5513; x_wconf 77' lang='lat' dir='ltr'><strong>Martian.</strong></span> <span class='ocrx_word' id='word_1_815' title='bbox 2290 5468 2410 5526; x_wconf 85' lang='lat' dir='ltr'><strong>post</strong></span> <span class='ocrx_word' id='word_1_816' title='bbox 2442 5455 2661 5513; x_wconf 86' lang='lat' dir='ltr'><strong>Erasm.</strong></span> <span class='ocrx_word' id='word_1_817' title='bbox 2692 5457 2817 5511; x_wconf 80' lang='lat' dir='ltr'><strong>Rem</strong></span> <span class='ocrx_word' id='word_1_818' title='bbox 2861 5458 3201 5510; x_wconf 66' lang='lat' dir='ltr'><strong>tribuentem.</strong></span> 
     </span>
    </p>
   </div>
   <div class='ocr_carea' id='block_1_114' title="bbox 1953 5527 3450 5594">
    <p class='ocr_par' dir='ltr' id='par_1_114' title="bbox 1953 5527 3450 5594">
     <span class='ocr_line' id='line_1_114' title="bbox 1953 5527 3450 5594; baseline -0.001 -12"><span class='ocrx_word' id='word_1_819' title='bbox 1953 5530 2152 5583; x_wconf 81' lang='lat' dir='ltr'><strong>&#39;lllud</strong></span> <span class='ocrx_word' id='word_1_820' title='bbox 2211 5528 2571 5582; x_wconf 76' lang='lat' dir='ltr'><strong>Iloniericnm.</strong></span> <span class='ocrx_word' id='word_1_821' title='bbox 2634 5527 2902 5583; x_wconf 81' lang='lat' dir='ltr'><strong>Humerus</strong></span> <span class='ocrx_word' id='word_1_822' title='bbox 2957 5528 3118 5580; x_wconf 84' lang='lat' dir='ltr'><strong>llmde</strong></span> <span class='ocrx_word' id='word_1_823' title='bbox 3184 5529 3261 5594; x_wconf 69' lang='lat'><strong>1‘;</strong></span> <span class='ocrx_word' id='word_1_824' title='bbox 3320 5549 3450 5585; x_wconf 72' lang='lat' dir='ltr'><strong>mss.</strong></span> 
     </span>
    </p>
   </div>
   <div class='ocr_carea' id='block_1_115' title="bbox 1880 5599 3451 5668">
    <p class='ocr_par' dir='ltr' id='par_1_115' title="bbox 1880 5599 3451 5668">
     <span class='ocr_line' id='line_1_115' title="bbox 1880 5599 3451 5668; baseline 0 -15"><span class='ocrx_word' id='word_1_825' title='bbox 1880 5601 2096 5653; x_wconf 71' lang='lat' dir='ltr'><strong>codices.</strong></span> <span class='ocrx_word' id='word_1_826' title='bbox 2124 5602 2329 5653; x_wconf 86' lang='lat' dir='ltr'><strong>addunt</strong></span> <span class='ocrx_word' id='word_1_827' title='bbox 2350 5600 2613 5653; x_wconf 89' lang='lat' dir='ltr'><strong>nonnulla</strong></span> <span class='ocrx_word' id='word_1_828' title='bbox 2650 5610 2770 5668; x_wconf 90' lang='lat' dir='ltr'><strong>post</strong></span> <span class='ocrx_word' id='word_1_829' title='bbox 2796 5599 2945 5661; x_wconf 76' lang='grc' dir='ltr'><strong>ἔπος,</strong></span> <span class='ocrx_word' id='word_1_830' title='bbox 2977 5600 3182 5654; x_wconf 70' lang='lat' dir='ltr'><strong>scilicet</strong></span> <span class='ocrx_word' id='word_1_831' title='bbox 3241 5602 3451 5666; x_wconf 78' lang='lat' dir='ltr'><strong>istha-c,</strong></span> 
     </span>
    </p>
   </div>
   <div class='ocr_carea' id='block_1_116' title="bbox 1878 5668 3446 5729">
    <p class='ocr_par' dir='ltr' id='par_1_116' title="bbox 1878 5668 3446 5729">
     <span class='ocr_line' id='line_1_116' title="bbox 1878 5668 3446 5729; baseline 0.002 -6"><span class='ocrx_word' id='word_1_832' title='bbox 1878 5675 2009 5726; x_wconf 71' lang='grc' dir='ltr'><strong>ἔπος</strong></span> <span class='ocrx_word' id='word_1_833' title='bbox 2043 5675 2189 5722; x_wconf 74' lang='grc' dir='ltr'><strong>τθίον</strong></span> <span class='ocrx_word' id='word_1_834' title='bbox 2218 5671 2312 5723; x_wconf 79' lang='grc' dir='ltr'><strong>καὶ</strong></span> <span class='ocrx_word' id='word_1_835' title='bbox 2346 5672 2704 5729; x_wconf 72' lang='grc' dir='ltr'><strong>ἐπακούσαις.</strong></span> <span class='ocrx_word' id='word_1_836' title='bbox 2743 5668 3014 5723; x_wconf 66' lang='lat' dir='ltr'><strong>Maurus.</strong></span> <span class='ocrx_word' id='word_1_837' title='bbox 3066 5697 3131 5711; x_wconf 75' lang='lat'><strong>-</strong></span> <span class='ocrx_word' id='word_1_838' title='bbox 3171 5673 3324 5725; x_wconf 83' lang='lat' dir='ltr'><strong>lliatl.</strong></span> <span class='ocrx_word' id='word_1_839' title='bbox 3382 5673 3446 5726; x_wconf 83' lang='grc' dir='ltr'><strong>Υ.</strong></span> 
     </span>
    </p>
   </div>
   <div class='ocr_carea' id='block_1_117' title="bbox 1879 5740 3449 5811">
    <p class='ocr_par' dir='ltr' id='par_1_117' title="bbox 1879 5740 3449 5811">
     <span class='ocr_line' id='line_1_117' title="bbox 1879 5740 3449 5811; baseline 0.003 -20"><span class='ocrx_word' id='word_1_840' title='bbox 1879 5757 2022 5795; x_wconf 68' lang='lat' dir='ltr'><strong>vers.</strong></span> <span class='ocrx_word' id='word_1_841' title='bbox 2056 5740 2182 5803; x_wconf 75' lang='lat'><strong>950,</strong></span> <span class='ocrx_word' id='word_1_842' title='bbox 2214 5742 2359 5811; x_wconf 88' lang='lat' dir='ltr'><strong>quod</strong></span> <span class='ocrx_word' id='word_1_843' title='bbox 2386 5750 2493 5805; x_wconf 81' lang='lat' dir='ltr'><strong>est,</strong></span> <span class='ocrx_word' id='word_1_844' title='bbox 2528 5740 2699 5805; x_wconf 74' lang='lat' dir='ltr'><strong>Quale</strong></span> <span class='ocrx_word' id='word_1_845' title='bbox 2733 5751 2778 5793; x_wconf 82' lang='lat' dir='ltr'><strong>et</strong></span> <span class='ocrx_word' id='word_1_846' title='bbox 2836 5743 3033 5794; x_wconf 65' lang='lat' dir='ltr'><strong>dixeris</strong></span> <span class='ocrx_word' id='word_1_847' title='bbox 3068 5744 3303 5807; x_wconf 72' lang='lat' dir='ltr'><strong>verbum,</strong></span> <span class='ocrx_word' id='word_1_848' title='bbox 3345 5754 3449 5797; x_wconf 68' lang='lat' dir='ltr'><strong>tau;</strong></span> 
     </span>
    </p>
   </div>
   <div class='ocr_carea' id='block_1_118' title="bbox 1875 5814 2147 5866">
    <p class='ocr_par' dir='ltr' id='par_1_118' title="bbox 1875 5814 2147 5866">
     <span class='ocr_line' id='line_1_118' title="bbox 1875 5814 2147 5866; baseline 0 -1"><span class='ocrx_word' id='word_1_849' title='bbox 1875 5825 1917 5866; x_wconf 88' lang='lat' dir='ltr'><strong>ct</strong></span> <span class='ocrx_word' id='word_1_850' title='bbox 1948 5814 2147 5866; x_wconf 76' lang='lat' dir='ltr'><strong>audies.</strong></span> 
     </span>
    </p>
   </div>
  </div>
