4202 6486
722 429 823 497 5ἵὶ

1880 438 1940 498 S.
1974 436 2288 498 EUSEBll
2330 439 2767 501 HIERONYMI

3862 447 3979 513 512

725 549 1079 615 Sci'ipscrnnt
1118 546 1269 599 multi
1301 556 1489 601 contra
1528 545 1878 609 Marcionem,
1914 544 2290 613 Valentinum,
2321 550 2364 609 Α
2398 547 2732 604 faciendum.
2768 548 2873 617 Qui
2910 548 3102 605 nititur
3128 551 3435 616 mendacio.
3472 556 3644 621 pascit
3670 565 3885 619 ventos.
3914 569 3977 615 et

723 640 913 692 Arium
939 645 994 692 et
1023 635 1377 691 Eunomium.
1415 640 1455 691 A
1488 653 1598 704 quo
1624 638 1700 693 eis
1754 637 1963 706 objecta
1997 649 2077 693 est
2122 641 2292 705 turpi-

727 730 903 784 tudo?
942 728 1135 785 Nonne
1162 731 1258 785 tuti
1290 732 1342 786 in
1377 732 1748 785 convincenda
1797 732 1988 786 haeresi
2033 732 2296 787 incubue-

724 822 894 877 runt?
926 823 1049 877 ista:
1089 824 1357 880 machinae
1386 824 1869 889 haereticorude
1906 834 1990 880 est
2011 828 2291 897 magistro.

726 930 848 969 rum
885 926 1101 972 tuorum
1138 927 1288 983 sunt,
1324 925 1382 972 ut
1402 917 1640 972 convicti
1672 917 1740 973 de
1766 918 2013 990 perfidia,
2038 923 2101 975 ad
2131 922 2297 975 male-

727 1009 872 1064 dicta
938 1026 999 1067 se
1045 1011 1358 1068 conferant.
1415 1011 1505 1068 Sic
1551 1011 1871 1070 Eustathius
1925 1016 2297 1071 Antiocltenus

727 1102 1040 1170 episcopus,
1071 1104 1209 1158 ﬁlios
1238 1104 1364 1159 dum
1394 1107 1587 1173 nescit,
1616 1107 1821 1162 invenit
1856 1110 1897 1162 ⁸.
1931 1106 2022 1165 Sic
2055 1109 2298 1164 Athana-

731 1198 869 1259 sius,
900 1198 1284 1254 Alexandrinae
1307 1202 1458 1257 urbis
1494 1201 1762 1273 pontifex.
1809 1203 2023 1258 tertiam
2082 1204 2297 1260 Arsenii

730 1293 1037 1360 amputavit
1064 1309 1307 1349 manum.
1348 1295 1488 1351 Duas
1522 1298 1666 1349 enim
1700 1297 1793 1366 qui
1842 1306 2093 1353 mortuus
2146 1301 2299 1370 prius

734 1386 1059 1453 fingebatur,
1101 1387 1287 1441 vivens
1327 1400 1510 1456 postea
1542 1391 1743 1445 habere
1795 1404 2132 1447 monstratus
2193 1402 2296 1449 est.

734 1477 886 1531 'l‘alia
911 1490 965 1533 ct
993 1482 1354 1549 condiscipuli
1388 1484 1464 1535 tui
1502 1495 1549 1537 ct
1583 1486 1832 1551 magistri
1869 1503 2015 1542 nunc
2058 1489 2125 1541 de
2160 1489 2305 1552 ejus-

735 1572 855 1629 dem
896 1571 1147 1625 Ecclesiae
1198 1578 1481 1628 saecrdote
1540 1579 1896 1643 confingunt:
1936 1590 1986 1633 et
2041 1595 2195 1645 auro,
2250 1580 2301 1633 id

739 1673 841 1728 cst,
874 1667 982 1718 tuls
1008 1675 1338 1733 tuorumque
1372 1670 1579 1726 viribus
1607 1684 1921 1741 oppugnant
1954 1675 2076 1729 fidei
2109 1678 2307 1731 verita-

740 1766 868 1811 tem.
908 1758 1047 1823 Quid
1084 1761 1277 1830 loquar
1306 1763 1371 1815 de
1391 1764 1684 1823 haereticis.
1707 1767 1797 1832 qui
1831 1767 1955 1819 licet
2006 1766 2140 1821 foris
2173 1770 2304 1834 sint,

741 1860 920 1903 tamen
965 1867 1023 1905 se
1049 1855 1332 1907 nominant
1353 1855 1691 1909 Christianos
1721 1856 1743 1909 ?
1774 1856 2070 1910 Adversum
2094 1859 2305 1927 impiis-

742 1946 929 2002 simos.
961 1945 1175 1998 Celsum
1201 1955 1363 2013 atqtte
1388 1946 1774 2016 Porphyrium,
1811 1951 2000 2018 quanti
2038 1952 2310 2019 scripsere

742 2047 1055 2091 nostrorum
1082 2037 1107 2089 ?
1128 2039 1280 2102 Quis,
1304 2040 1506 2093 omiSsa
1539 2054 1729 2102 causa.
1786 2042 1839 2093 in
1871 2041 2141 2111 superﬂua
2201 2046 2310 2097 cri-

745 2130 949 2183 minnm
978 2130 1287 2194 obiectione
1310 2142 1561 2187 versatus
1605 2134 1724 2186 est?
1778 2149 1897 2200 ψιιε
1956 2152 2061 2189 non
2110 2137 2314 2191 chartae

744 2222 1154 2287 ecclesiastica},
1191 2223 1284 2277 sed
1310 2223 1475 2278 libelli
1508 2230 1704 2278 debent
1730 2223 1975 2291 judicum
2007 2228 2309 2282 continere.

744 2316 1001 2383 Autquid
1042 2314 1235 2378 refert,
1273 2318 1318 2369 si
1380 2330 1541 2370 causa
1576 2318 1759 2379 cadas.
1808 2326 1860 2370 et
1898 2319 2125 2373 crimine
2156 2334 2316 2387 supe-

746 2404 878 2458 res?
908 2404 1027 2462 Non
1049 2421 1270 2461 necesse
1300 2416 1404 2471 est,
1435 2416 1493 2461 ιιι
1520 2424 1643 2462 cum
1678 2409 1923 2478 periculo
1985 2410 2063 2464 tui
2120 2412 2317 2480 capitis

748 2513 999 2553 accuses.
1054 2496 1176 2552 Uno
1228 2514 1553 2564 percussore
1608 2502 1902 2564 conducto,
1978 2504 2110 2557 satis
2163 2514 2319 2573 potes

749 2592 931 2645 facere
948 2592 1223 2645 desiderio
1256 2602 1373 2647 tuo.
1405 2592 1468 2646 Et
1506 2593 1827 2647 scandalum
1857 2595 2047 2649 timere
2070 2607 2122 2649 te
2149 2597 2319 2649 simu-

748 2683 851 2745 las.
885 2684 977 2750 qtti
1018 2684 1219 2736 dudum
1256 2683 1505 2747 fratrem,
1532 2699 1681 2739 nunc
1721 2693 2068 2748 accusatum.
2101 2701 2318 2752 semper

752 2775 1059 2836 inimicum,
1100 2792 1160 2831 es
1193 2786 1418 2844 paratus
1461 2778 1734 2831 occidere.
1800 2776 1867 2829 Et
1918 2788 2098 2831 tamen

754 2872 946 2933 tnirur,
982 2870 1252 2937 quomodo
1285 2870 1446 2923 homo
1477 2872 1737 2936 prudens,
1780 2870 1963 2923 furore
1989 2882 2317 2939 praeventus.

752 2963 887 3015 velis
907 2963 1037 3015 milii
1055 2963 1375 3017 beneficium
1403 2964 1643 3017 tribuere
1708 2975 1766 3018 tit
1797 2965 2002 3019 educas
2023 2964 2087 3017 de
2105 2980 2323 3018 carcere

756 3052 991 3103 animam
1022 3067 1218 3117 meam,
1254 3062 1304 3105 et
1346 3067 1454 3105 non
1493 3054 1723 3120 patiaris
1771 3063 1948 3107 tecunt
1996 3053 2049 3108 in
2084 3055 2325 3109 tenebris

756 3146 919 3204 huius
950 3144 1132 3198 εωθιιῆ
1154 3145 1511 3198 commorari.

826 3236 916 3290 43.
949 3236 1223 3291 Ifirrett'cis
1250 3252 1353 3289 non
1384 3248 1591 3305 poterat
1620 3253 1857 3307 parcere.
1876 3237 2055 3292 -—Vis
2086 3254 2215 3307 ergo
2239 3253 2323 3292 me

758 3329 985 3383 tacere?
1014 3330 1092 3384 Ne
1123 3346 1369 3385 accuses.
1412 3329 1628 3398 Depone
1701 3331 1961 3399 gladium,
1996 3338 2047 3383 et
2077 3346 2179 3398 ego
2202 3346 2327 3385 scu-

760 3432 876 3474 tum
916 3421 1191 3490 abjiciatn.
1229 3420 1288 3475 In
1326 3437 1433 3476 uno
1459 3421 1553 3475 tibi
1586 3425 1902 3476 consentire
1956 3438 2062 3476 non
2106 3432 2317 3490 potero,

762 3528 821 3570 ut
846 3532 1063 3587 parcant
1090 3516 1461 3581 ltmreticis,ut
1484 3533 1569 3571 me
1597 3519 1923 3573 catholicum
1948 3532 2055 3570 non
2081 3516 2326 3586 probem.

766 3611 823 3663 Si
876 3612 982 3664 ista
1015 3619 1102 3665 est
1138 3625 1304 3664 causa
1343 3610 1657 3670 discordize.
1698 3611 1833 3662 mori
1868 3625 2115 3678 possum,
2148 3618 2330 3665 tacere

764 3719 871 3758 non
900 3719 1145 3772 possum.
1172 3703 1474 3757 Debueram
1501 3703 1718 3774 quidem
1754 3700 1823 3756 de
1848 3702 1995 3755 omni
2058 3702 2331 3768 scriptura

767 3808 874 3853 tuae
909 3798 1139 3853 insaniae
1168 3798 1520 3868 respondere,
1548 3807 1602 3851 et
1627 3798 1829 3851 divinis
1868 3797 2102 3851 vocibus
2133 3796 2185 3849 in
2219 3809 2334 3848 mo-

763 3896 890 3945 tlllltl
944 3891 1108 3945 David
1152 3891 1527 3946 citltarizantis
1582 3888 1634 3953 (l
1675 3888 1803 3958 Reg.
1856 3904 1968 3953 xvt,
2018 3887 2109 3953 25)
2162 3885 2335 3939 lenire

768 3983 1010 4035 furorem
1043 3984 1279 4049 pectoris
1304 3980 1379 4031 tui
1405 3994 1422 4043 ;
1451 3978 1544 4033 sed
1577 3987 1864 4032 contentus
1886 3992 1982 4031 ero
2014 3976 2174 4030 unius
2210 3973 2333 4028 libri

768 4071 1325 4143 paucistestimoniis.
1349 4080 1403 4123 et
1424 4082 1690 4137 opponam
1709 4068 2029 4137 sapientiam
2054 4066 2333 4129 stultitiae;

769 4179 822 4219 tu
860 4166 905 4220 si
939 4167 1172 4220 humana
1213 4162 1541 4223 contemnis,
1592 4160 1784 4215 saltem
1818 4161 2000 4215 divina
2033 4175 2139 4214 non
2171 4158 2340 4230 negli-

773 4276 890 4327 gas.
921 4260 1055 4314 Audi
1085 4260 1251 4328 igitur
1277 4255 1407 4325 quid
1437 4255 1505 4308 de
1555 4264 1629 4319 te,
1651 4263 1703 4307 et
1734 4254 1800 4308 de
1830 4253 2081 4307 omnibus
2140 4250 2339 4306 invidis

770 4370 835 4407 ac.
891 4354 1166 4406 maledicis
1211 4360 1266 4403 et
1316 4348 1732 4403 contumeliosis
1806 4348 2061 4413 loquatur
2119 4344 2339 4414 sapiens

772 4448 1077 4501 Silomon:
1121 4464 1139 4495 ι
1170 4444 1496 4511 insipientes
1527 4440 1655 4494 dum
1711 4440 1931 4508 injuriis
1968 4438 2151 4507 cupidi
2187 4446 2338 4505 sunt,

773 4543 823 4595 in
853 4543 921 4610 pii
967 4540 1093 4594 facti
1147 4540 1383 4591 oderunt
1416 4550 1661 4590 sensum.
1696 4532 1773 4587 Ne
1800 4532 2082 4586 fabriceris
2113 4532 2166 4585 itt
2200 4532 2341 4585 anti-

2397 640 2643 707 sequitnr
2697 656 2827 696 aves
2905 641 3173 699 volantes.
3228 645 3523 716 Dercliquit
3576 647 3687 722 [ΑΙ.
3725 648 3972 707 derelin-

2397 732 2540 804 quit]
2567 734 2714 787 enim
2756 735 2873 790 vias
2909 736 3081 792 vinea:
3116 753 3247 801 suae.
3300 751 3355 795 et
3384 755 3511 795 axes
3568 742 3799 797 cultura!
3851 760 3972 798 sua:

2397 825 2529 880 fecit
2561 843 2765 883 errare.
2817 826 3169 884 Perambulat
3226 832 3436 888 aridum
3469 849 3530 889 ac
3578 835 3878 899 desertum.
3916 845 3977 890 et

2398 920 2602 989 colligit
2639 919 2890 977 manibus
2921 923 3038 978 suis
3067 923 3433 981 sterilitatem.
3488 925 3561 983 Os
3594 928 3841 996 procacis
3874 943 3977 999 apo

2398 1014 2614 1081 propiat
2674 1012 3038 1082 contritioni;
3115 1024 3168 1071 et
3220 1017 3313 1087 qui
3380 1018 3588 1084 profert
3655 1021 3973 1084 maledicta.

2402 1105 2765 1161 stultissimus
2793 1114 2898 1161 est.
2933 1107 3129 1162 Anima
3182 1108 3466 1166 benedicta
3502 1112 3682 1167 omnis
3734 1112 3974 1179 simplex

2400 1198 2518 1252 vir:
2543 1198 2825 1255 animosus
2858 1199 2879 1231 '
2913 1200 3238 1258 inhonestus
3266 1216 3369 1259 est.
3434 1203 3537 1258 Per
3568 1206 3761 1261 delicta
3796 1206 3976 1262 labio-

2402 1306 2522 1345 rum
2555 1291 2746 1346 incidit
2775 1291 2828 1348 in
2860 1296 3113 1364 laqueum
3144 1306 3419 1365 peccator.
3444 1298 3640 1354 Itinera
3677 1301 3974 1356 stultorum

2411 1395 2560 1438 recta
2593 1385 2646 1438 itt
2677 1396 2974 1454 conspectu
3001 1400 3124 1440 suo.
3157 1386 3366 1442 Stultus
3394 1393 3581 1444 eadem
3613 1390 3701 1445 die
3736 1392 3983 1447 ostendit

2406 1478 2541 1529 iram
2576 1492 2752 1531 suam.
2787 1479 3133 1534 Abominatio
3165 1490 3247 1535 est
3286 1479 3514 1536 Domino
3578 1482 3721 1537 labia
3755 1485 3981 1538 menda-

2406 1570 2513 1626 cia.
2542 1569 2644 1636 Qui
2679 1572 2920 1625 custodit
2948 1586 3011 1626 os
3044 1588 3223 1631 suum.
3248 1583 3429 1627 servat
3452 1575 3687 1627 animant
3712 1591 3887 1629 suam.
3912 1577 3976 1629 Et

2407 1667 2497 1731 qui
2531 1666 2853 1718 temerarius
2908 1674 2992 1718 est
3021 1664 3202 1727 labiis.
3240 1667 3467 1721 terrebit
3492 1668 3759 1737 seipsuiu.
3806 1667 3983 1739 Malus

2408 1770 2531 1808 cum
2589 1754 2921 1809 contumelia
2958 1756 3070 1825 agit
3099 1757 3260 1821 mala,
3298 1768 3351 1811 et
3402 1759 3665 1827 insipiens
3717 1760 3985 1828 expandit

2412 1846 2672 1899 malitiam
2700 1861 2878 1900 suam.
2910 1847 3131 1913 Quteres
3160 1849 3301 1915 apud
3331 1851 3505 1905 malos
3530 1850 3884 1917 sapientiam,
3922 1862 3979 1905 et

2416 1959 2521 1994 non
2566 1943 2828 1998 invenies.
2861 1940 2989 1997 Suis
3025 1943 3315 1999 itineribus
3366 1946 3701 1999 saturabitur
3750 1956 3989 1999 temera-

2416 2034 2549 2088 tius.
2605 2034 2833 2102 Sapiens
2892 2034 3131 2088 timendo
3198 2036 3439 2090 declinat
3477 2038 3699 2090 malum.
3772 2036 3989 2089 Stultus

2415 2126 2694 2180 conlidens
2724 2127 2985 2181 miscetur
3022 2127 3096 2181 ei.
3131 2127 3501 2195 Longanimus
3535 2130 3614 2182 vir
3648 2128 3806 2199 571
3848 2132 3993 2182 ntul-

2417 2233 2505 2277 tus
2539 2224 2590 2276 in
2621 2222 2909 2291 prudentia
2930 2232 3011 2277 est
3040 2239 3056 2276 :
3081 2224 3466 2291 pusillanimus
3488 2222 3647 2277 valde
3668 2225 3993 2291 imprudens

2415 2324 2519 2369 est.
2554 2313 2657 2380 Qui
2687 2315 3056 2370 calumniatur
3088 2328 3401 2385 pauperem,
3459 2317 3685 2370 lacessit
3719 2316 3994 2370 factorem

2417 2407 2559 2473 ejus.
2595 2406 2801 2476 Lingua
2858 2409 3183 2475 sapientium
3226 2407 3363 2459 bona
3401 2410 3572 2471 novit,
3614 2422 3669 2462 et
3706 2423 3769 2461 os
3792 2409 3999 2463 stulto-

2419 2516 2539 2554 rum
2562 2501 2879 2569 pronuntiat
2907 2502 3131 2554 malum.
3163 2498 3254 2552 Vir
3286 2504 3568 2556 animosus
3614 2510 3771 2569 parat
3818 2502 3995 2565 rixas,

2419 2600 2473 2645 et
2508 2592 2820 2644 immundus
2851 2602 2933 2646 est
2959 2593 3101 2661 apud
3138 2593 3308 2647 Deum
3329 2594 3507 2648 omnis
3538 2594 3628 2662 qui
3663 2593 3871 2647 exaltat
3899 2609 4002 2645 cor

2422 2701 2601 2740 suum.
2646 2685 2837 2739 Manus
2867 2687 3049 2740 manui
3082 2686 3324 2740 inferens
3351 2685 3555 2752 injuste
3611 2699 3721 2737 non
3753 2684 3856 2737 erit
3895 2684 4003 2736 im-

2422 2776 2668 2844 punitus.
2730 2775 2833 2841 Qui
2870 2777 3047 2846 diligit
3110 2778 3275 2831 vitam
3346 2778 3519 2845 parcit
3564 2778 3645 2829 ori
3698 2792 3818 2830 suo.
3858 2777 4005 2829 Ante

2427 2871 2810 2923 coiitritionem
2842 2872 3101 2938 pracedit
3133 2873 3492 2932 contumelia.
3529 2882 3583 2924 et
3621 2881 3749 2924 ante
3784 2872 4003 2924 ruinam

2426 2965 2567 3016 mala
2600 2964 2884 3033 cogitatio.
2924 2966 3026 3030 Qui
3083 2964 3339 3019 olifirmat
3370 2966 3562 3019 oculos
3605 2981 3736 3019 suos
3796 2966 4007 3031 cogitat

2428 3072 2706 3124 perversa,
2734 3069 2787 3110 et
2810 3066 3069 3123 provocat
3100 3058 3256 3113 labiis
3286 3060 3401 3111 suis
3423 3060 3603 3111 omnia
3637 3058 3800 3111 mala.
3826 3056 4005 3111 Labia

2428 3150 2577 3202 stulti
2610 3148 2817 3203 ducunt
2850 3166 2972 3203 eum
3012 3150 3065 3204 in
3103 3152 3264 3213 mala,
3313 3160 3366 3203 et
3416 3167 3478 3205 ns
3531 3152 3708 3203 audax
3763 3160 4005 3202 mortem

2431 3240 2673 3293 invocat.
2725 3239 2994 3308 Malignus
3037 3242 3118 3294 vir
3149 3242 3316 3295 multa
3353 3240 3679 3295 detrimenta
3740 3240 4007 3308 patietur.

2430 3332 2620 3384 Melior
2669 3342 2754 3386 est
2812 3348 3015 3402 panper
3057 3332 3237 3399 justus
3294 3348 3458 3400 quam
3546 3335 3773 3386 mendax
3830 3333 4009 3387 dives.

2430 3421 2611 3478 Gloria
2639 3434 2726 3477 est
2778 3425 2917 3487 viro,
2972 3425 3062 3494 qui
3117 3426 3313 3478 avertit
3344 3439 3402 3479 se
3432 3440 3461 3477 a
3495 3423 3801 3478 maledictis
3844 3441 3860 3477 :
3912 3426 4009 3493 qui

2432 3527 2614 3569 autem
2667 3517 2871 3571 stultus
2905 3526 3009 3579 est,
3046 3518 3246 3571 talibus
3279 3532 3338 3571 se
3386 3516 3608 3586 obligat.
3663 3515 3781 3569 Noli
3823 3532 4015 3570 amare

2432 3606 2743 3672 detrahere,
2772 3624 2839 3661 ne.
2886 3609 3217 3664 ’eradiceris.
3254 3609 3450 3663 Suavis
3477 3618 3559 3662 est
3617 3608 3826 3661 homini
3854 3609 4015 3674 panis

2435 3702 2707 3754 mendacii
2746 3716 2763 3768 ;
2817 3712 3003 3770 postea
3037 3702 3350 3771 implebitnr
3393 3718 3456 3755 os
3483 3701 3601 3768 ejus
3634 3702 3876 3754 calculo.
3911 3701 4014 3764 Qui

2436 3802 2697 3859 operatur
2752 3793 3048 3847 thesauros
3088 3794 3270 3862 lingua
3305 3794 3568 3847 mendacii
3625 3790 3737 3863 [AL
3791 3794 4019 3847 menda-

2437 3882 2567 3953 cis].
2606 3900 2745 3938 vana
2782 3894 3046 3947 sectatur,
3079 3895 3132 3939 et
3160 3886 3341 3939 veniet
3364 3887 3417 3940 in
3448 3887 3673 3954 laqueos
3710 3888 3931 3940 mortis.
3958 3885 4016 3940 ιι.

2437 3990 2571 4029 aure
2599 3978 2752 4029 stulti
2781 3978 2888 4029 noli
2917 3978 3215 4044 quidquam
3248 3978 3453 4037 dicere.
3485 3993 3552 4030 ne
3574 3975 3715 4029 forte
3750 3978 4020 4030 iriideant

2439 4068 2713 4135 sapientes
2768 4081 3049 4121 sermones
3086 4076 3230 4123 tuos.
3285 4067 3447 4121 Clava
3485 4077 3538 4120 et
3571 4066 3789 4135 gladius
3838 4080 3891 4120 et
3926 4084 4014 4121 sa-

2441 4160 2573 4228 gitta
2607 4159 2913 4229 perniciosa
2954 4170 3083 4214 sunt
3119 4176 3135 4213 :
3174 4160 3252 4215 sic
3280 4168 3335 4215 et
3362 4162 3469 4221 vir,
3503 4162 3594 4229 qui
3649 4170 3843 4215 contra
3876 4164 4017 4214 ειηιὶ-

2443 4269 2566 4308 cum
2618 4269 2775 4308 suum
2817 4251 3012 4307 falsum
3053 4251 3185 4307 dicit
3237 4252 3631 4307 testimonium.
3687 4252 3845 4308 Sicut
3894 4271 4022 4308 aves

2443 4346 2661 4399 avolant
2724 4355 2777 4396 et
2804 4359 3075 4412 passeres,
3140 4345 3214 4398 ita
3264 4346 3612 4399 maledictum
3666 4362 3871 4398 vanum
3911 4364 4019 4400 non

2444 4436 2791 4502 superveniet
2819 4435 2916 4491 illi.
2948 4434 3071 4490 Noli
3100 4436 3435 4504 respondere
3460 4437 3790 4505 imprudenti
3824 4439 3891 4490 ad
3921 4439 4025 4491 itu-

2446 4525 2785 4594 prudentiam
2820 4525 2959 4592 ejus,
2996 4542 3063 4580 ne
3092 4526 3288 4582 similis
3313 4526 3362 4581 ei
3402 4528 3501 4582 tias
3537 4545 3550 4579 :
3614 4528 3707 4580 sed
3746 4528 4023 4594 responde

775 4649 896 4687 ιιιιιι
936 4642 1088 4686 tuum
1120 4630 1279 4682 mala.
1316 4629 1381 4683 Et
1416 4624 1807 4681 neinimiceris
1837 4624 2125 4677 adversum
2163 4624 2336 4677 homi-
2376 4626 2419 4680 ι)
2444 4618 2611 4673 stulto
2642 4618 2708 4670 ad
2760 4618 3095 4672 stultititiam
3148 4618 3291 4686 ejus,
3345 4635 3413 4673 ne
3470 4619 3572 4673 sibi
3628 4620 3849 4686 sapiens
3902 4635 4024 4674 esse

775 4744 823 4779 n'
848 4742 897 4779 tn
930 4726 1048 4779 sine
1083 4740 1272 4778 causa.
1304 4722 1454 4789 Impii
1502 4719 1738 4773 exaltant
1772 4717 2184 4771 contumeliam.
2218 4716 2339 4770 Cir-

774 4818 1023 4870 t'ttlllClile
1074 4830 1104 4868 a
1159 4826 1208 4869 te
1248 4830 1310 4869 os
1362 4826 1608 4879 pravum.
1640 4821 1692 4863 et
1743 4809 1928 4880 iniqua
1977 4809 2118 4862 labia
2182 4809 2342 4876 longe

778 4910 973 4977 rvpi-lle
1004 4910 1104 4962 abs
1128 4916 1180 4960 te
1210 4925 1223 4957 :
1251 4906 1438 4960 oculos
1457 4903 1861 4965 contumeliosi,
1884 4902 2119 4971 linguam
2146 4901 2340 4969 iniqui.

778 5018 971 5055 nanus
1004 4998 1349 5055 ell'undcntes
1386 4996 1702 5065 sanguinem
1734 4994 1891 5063 justi,
1926 5008 2019 5047 cor
2064 4992 2341 5046 fabricans

779 5095 1138 5164 cogitationes
1177 5092 1370 5155 malas,
1398 5099 1451 5143 et
1483 5087 1647 5157 pedes
1702 5086 2024 5140 festinantes
2071 5085 2137 5139 ad
2177 5086 2344 5139 male-

854 5284 869 5312 ‘
906 5282 1111 5335 Auctor
1164 5285 1245 5327 est
1280 5273 1676 5325 Theodorctns.
1756 5267 2047 5320 Eusebium
2098 5264 2347 5320 Nicome-

783 5355 1177 5405 diensetncunt
1231 5346 1351 5396 aliis
1403 5343 1616 5395 Arianae
1680 5340 1976 5405 impietatis
2022 5336 2345 5391 satellitibus

782 5422 1128 5477 Antiochiam
1159 5416 1397 5467 venisse.
1424 5422 1585 5478 atque
1614 5410 1685 5463 ibi
1712 5411 1976 5461 conducta
2001 5407 2342 5478 muliercula,

785 5476 1068 5562 quaerent
1116 5501 1241 5539 cum
1309 5476 1590 5562 Eustathio
1629 5478 1885 5547 episcopo
1944 5476 2221 5562 habuisse,
2281 5492 2345 5562 ex

786 5546 961 5630 eoque
1032 5559 1291 5630 infantem
1357 5546 1678 5630 suscepisse.
1738 5563 1898 5630 quem
1947 5546 2207 5630 uberibus
2245 5546 2349 5630 ad.

794 5613 1065 5692 iﬁo'vcliat,
1092 5629 1320 5690 diceret,
1373 5640 1496 5696 eum
1517 5613 1530 5621 ’
1557 5613 1997 5696 ΐιξριεεείιὲπέιωιιίἲ
2026 5686 2035 5696 ⁸
2066 5613 2345 5696 Socrates,

791 5702 1006 5756 tametsi
1054 5685 1482 5767 'Sabcllianismi
1554 5704 1720 5745 causa
1785 5686 2158 5767 _Enstatltiutn_
2199 5685 2351 5767 abdi:

790 5754 969 5826 catum
1003 5778 1203 5831 narret,
1256 5783 1362 5819 non
1425 5766 1659 5817 obscure
1716 5759 2041 5812 calumniam
2096 5754 2349 5810 adultetii

796 5848 993 5898 tttnutl.

871 5917 889 5944 ²
931 5909 1223 5965 Fortassis.
1287 5914 1489 5959 mutata
1544 5900 2004 5971 intcrpunctionc,
2060 5898 2346 5967 legendum

2446 4708 2715 4761 videatur.
2765 4706 2869 4773 Qui
2926 4708 3224 4762 insidiatur
3274 4710 3467 4763 amicis
3520 4710 3657 4769 suis.
3690 4725 3813 4761 cum
3871 4711 4023 4762 visus

2446 4802 2635 4869 fuerit,
2667 4803 2799 4857 dicit
2833 4819 2847 4858 :
2885 4802 3105 4859 Lndens
3156 4804 3283 4859 feci.
3316 4804 3595 4859 Craticula
3654 4806 4018 4866 carbonibus,

2445 4903 2500 4947 et
2536 4894 2675 4961 ligna
2704 4896 2837 4964 igni,
2869 4906 2921 4950 et
2948 4898 3031 4950 vir
3067 4896 3367 4951 maledicus
3404 4898 3469 4950 ad
3532 4901 3829 4950 tumultum
3865 4900 4019 4952 rixae.

2447 4988 2503 5040 Si
2531 4997 2583 5043 te
2614 4990 3167 5057 rogaveritinimicus
3192 4998 3345 5054 tuus,
3374 5004 3605 5057 parcens
3636 5004 3767 5043 voce
3799 5006 4021 5057 magna,

2450 5095 2514 5133 ne
2565 5082 2877 5134 consentias
2921 5081 2970 5134 ei
3007 5093 3025 5134 :
3074 5090 3281 5149 septeni
3320 5082 3465 5134 enim
3516 5080 3770 5149 nequitize
3802 5092 3936 5134 sunt
3971 5082 4023 5135 in

2450 5276 2531 5318 est
2564 5282 2577 5317 :
2612 5266 2801 5319 Anima
2827 5264 3096 5315 benedicta
3125 5263 3294 5315 omnis
3316 5262 3540 5325 simpla:
3569 5278 3584 5314 :
3624 5264 3699 5315 rir
3727 5262 4022 5321 animosus.

2450 5345 2557 5389 etc.
2588 5336 2763 5388 Locus
2792 5343 2871 5385 est
2909 5332 3165 5385 Proverb.
3200 5349 3271 5395 at,
3308 5333 3375 5383 9.5
3413 5350 3424 5362 ·
3457 5332 3613 5399 Ψυχὴ
3649 5331 4022 5401 εὐλογουμέ-ίη

2452 5406 2601 5457 nam
2620 5404 2787 5469 ἁπλῆ.
2824 5403 2925 5458 Ubi
2959 5402 3011 5471 id
3042 5418 3259 5471 quoque
3292 5402 3627 5471 ιιιιιιιιιιιιιιιικ
3646 5410 3870 5454 verbum
3930 5405 4020 5454 εὑο

2452 5476 2717 5542 λογοῦμαι
2750 5474 2835 5526 hic
2863 5475 2932 5526 ab
2968 5469 3317 5542 Hieronymo,
3340 5482 3397 5524 ut
3420 5487 3448 5523 a
3482 5469 4022 5541 SS.Chrysostomo,

2455 5547 2649 5600 ltomil.
2695 5546 2759 5597 16
2795 5547 2845 5596 itt
2882 5546 3172 5601 Joannem.
3208 5552 3261 5594 et
3288 5542 3577 5594 Ambrosio
3614 5544 3706 5594 lib.
3756 5545 3824 5596 ile
3873 5542 4023 5596 Isaac

2454 5629 2505 5670 et
2535 5616 2751 5675 Anima,
2783 5631 2831 5665 c.
2854 5614 2907 5671 ‘2.
2935 5614 2987 5665 in
3017 5628 3183 5666 sensu
3210 5616 3427 5678 passivo
3454 5614 3628 5679 accipi
3660 5612 3845 5664 minus
3874 5625 4020 5679 apte.

2456 5688 2497 5739 si
2534 5700 2641 5737 non
2677 5686 2740 5735 ad
2777 5693 3007 5736 mentem
3044 5683 3149 5735 τῶν
3178 5681 3340 5741 LXX.
3382 5682 3571 5735 saltem
3623 5682 3689 5734 ad
3730 5682 4016 5735 veritatem

2454 5755 2800 5878 Ili-[braicann
2836 5752 3166 5808 Beucdicct‘c
3202 5753 3476 5818 idiotismo
3508 5751 3778 5806 llebraico
3816 5762 3902 5805 est
3936 5756 4024 5803 be-

2457 5842 2523 5877 Ill,‘
2553 5840 2726 5877 acere.

2457 5840 2726 5877 ιιιέιςινιτρ.
