  <div class='ocr_page' id='page_1' title='image "/cluster/home/n/w/nwhite01/storage/ocr_20150623/23/hvd.32044012674545/268.png"; bbox 0 0 4202 6468; ppageno 0'>
   <div class='ocr_carea' id='block_1_1' title="bbox 172 369 1831 442">
    <p class='ocr_par' dir='ltr' id='par_1_1' title="bbox 172 369 1831 442">
     <span class='ocr_line' id='line_1_1' title="bbox 172 369 1831 442; baseline -0.008 -1"><span class='ocrx_word' id='word_1_1' title='bbox 172 377 271 442; x_wconf 73' lang='grc'><strong>513</strong></span> <span class='ocrx_word' id='word_1_2' title='bbox 821 373 1213 435; x_wconf 81' lang='lat' dir='ltr'><strong>DlALOGUS</strong></span> <span class='ocrx_word' id='word_1_3' title='bbox 1253 373 1552 434; x_wconf 75' lang='lat' dir='ltr'><strong>CONTRA</strong></span> <span class='ocrx_word' id='word_1_4' title='bbox 1601 369 1831 430; x_wconf 82' lang='lat' dir='ltr'><strong>PELAC</strong></span> 
     </span>
    </p>
   </div>
   <div class='ocr_carea' id='block_1_2' title="bbox 1052 369 2711 442">
    <p class='ocr_par' dir='ltr' id='par_1_2' title="bbox 1052 369 2711 440">
     <span class='ocr_line' id='line_1_2' title="bbox 1052 369 2711 440; baseline 0.003 -6"><span class='ocrx_word' id='word_1_5' title='bbox 1052 373 1213 434; x_wconf 67' lang='lat' dir='ltr'><strong>&#39;GUS</strong></span> <span class='ocrx_word' id='word_1_6' title='bbox 1253 373 1552 434; x_wconf 74' lang='lat' dir='ltr'><strong>CONTRA</strong></span> <span class='ocrx_word' id='word_1_7' title='bbox 1601 369 2109 435; x_wconf 82' lang='lat' dir='ltr'><strong>PELAGIANOS.</strong></span> <span class='ocrx_word' id='word_1_8' title='bbox 2153 401 2217 408; x_wconf 79' lang='grc'><strong>-</strong></span> <span class='ocrx_word' id='word_1_9' title='bbox 2255 375 2711 440; x_wconf 70' lang='grc' dir='ltr'><strong>ΑΟΜΟΝΙΤΙΟ.</strong></span> 
     </span>
    </p>
   </div>
   <div class='ocr_carea' id='block_1_3' title="bbox 3318 386 3426 450">
    <p class='ocr_par' dir='ltr' id='par_1_3' title="bbox 3318 386 3426 450">
     <span class='ocr_line' id='line_1_3' title="bbox 3318 386 3426 450; baseline 0 -1"><span class='ocrx_word' id='word_1_10' title='bbox 3318 386 3426 450; x_wconf 69' lang='grc'><strong>514</strong></span> 
     </span>
    </p>
   </div>
   <div class='ocr_carea' id='block_1_4' title="bbox 169 483 3423 559">
    <p class='ocr_par' dir='ltr' id='par_1_4' title="bbox 169 483 3423 559">
     <span class='ocr_line' id='line_1_4' title="bbox 169 483 3423 559; baseline 0.003 -19"><span class='ocrx_word' id='word_1_11' title='bbox 169 488 336 542; x_wconf 78' lang='lat' dir='ltr'><strong>anima</strong></span> <span class='ocrx_word' id='word_1_12' title='bbox 361 486 504 557; x_wconf 84' lang='lat' dir='ltr'><strong>ejus.</strong></span> <span class='ocrx_word' id='word_1_13' title='bbox 529 485 730 541; x_wconf 78' lang='lat' dir='ltr'><strong>Gravis</strong></span> <span class='ocrx_word' id='word_1_14' title='bbox 749 497 835 540; x_wconf 87' lang='lat' dir='ltr'><strong>est</strong></span> <span class='ocrx_word' id='word_1_15' title='bbox 857 486 1015 554; x_wconf 88' lang='lat' dir='ltr'><strong>lapis.</strong></span> <span class='ocrx_word' id='word_1_16' title='bbox 1037 495 1092 541; x_wconf 90' lang='lat' dir='ltr'><strong>et</strong></span> <span class='ocrx_word' id='word_1_17' title='bbox 1116 484 1199 538; x_wconf 80' lang='lat' dir='ltr'><strong>vix</strong></span> <span class='ocrx_word' id='word_1_18' title='bbox 1227 483 1511 554; x_wconf 76' lang='lat' dir='ltr'><strong>portabilis</strong></span> <span class='ocrx_word' id='word_1_19' title='bbox 1540 498 1741 548; x_wconf 87' lang='lat' dir='ltr'><strong>arena;</strong></span> <span class='ocrx_word' id='word_1_20' title='bbox 1777 489 1824 544; x_wconf 73' lang='grc' dir='ltr'>Α</span> <span class='ocrx_word' id='word_1_21' title='bbox 1851 486 2048 546; x_wconf 69' lang='lat' dir='ltr'><strong>surdae.</strong></span> <span class='ocrx_word' id='word_1_22' title='bbox 2083 492 2132 538; x_wconf 91' lang='lat' dir='ltr'><strong>et</strong></span> <span class='ocrx_word' id='word_1_23' title='bbox 2183 486 2492 541; x_wconf 87' lang='lat' dir='ltr'><strong>obturantis</strong></span> <span class='ocrx_word' id='word_1_24' title='bbox 2526 504 2690 542; x_wconf 87' lang='lat' dir='ltr'><strong>aures</strong></span> <span class='ocrx_word' id='word_1_25' title='bbox 2735 504 2887 554; x_wconf 88' lang='lat' dir='ltr'><strong>suas,</strong></span> <span class='ocrx_word' id='word_1_26' title='bbox 2920 505 3039 559; x_wconf 55' lang='lat' dir='ltr'><strong>qua</strong></span> <span class='ocrx_word' id='word_1_27' title='bbox 3072 508 3179 547; x_wconf 87' lang='lat' dir='ltr'><strong>non</strong></span> <span class='ocrx_word' id='word_1_28' title='bbox 3235 496 3423 551; x_wconf 89' lang='lat' dir='ltr'><strong>audiat</strong></span> 
     </span>
    </p>
   </div>
   <div class='ocr_carea' id='block_1_5' title="bbox 169 577 1749 649">
    <p class='ocr_par' dir='ltr' id='par_1_5' title="bbox 169 577 1749 649">
     <span class='ocr_line' id='line_1_5' title="bbox 169 577 1749 649; baseline -0.002 -15"><span class='ocrx_word' id='word_1_29' title='bbox 169 583 253 634; x_wconf 82' lang='lat' dir='ltr'><strong>sed</strong></span> <span class='ocrx_word' id='word_1_30' title='bbox 282 581 360 633; x_wconf 86' lang='lat' dir='ltr'><strong>ira</strong></span> <span class='ocrx_word' id='word_1_31' title='bbox 395 580 566 649; x_wconf 77' lang='lat'><strong>572</strong></span> <span class='ocrx_word' id='word_1_32' title='bbox 603 580 761 632; x_wconf 86' lang='lat' dir='ltr'><strong>stulti</strong></span> <span class='ocrx_word' id='word_1_33' title='bbox 795 580 1010 648; x_wconf 75' lang='lat' dir='ltr'><strong>gravior</strong></span> <span class='ocrx_word' id='word_1_34' title='bbox 1059 589 1319 648; x_wconf 89' lang='lat' dir='ltr'><strong>utroque,</strong></span> <span class='ocrx_word' id='word_1_35' title='bbox 1365 577 1609 632; x_wconf 85' lang='lat' dir='ltr'><strong>crudelis</strong></span> <span class='ocrx_word' id='word_1_36' title='bbox 1662 587 1749 631; x_wconf 89' lang='lat' dir='ltr'><strong>est</strong></span> 
     </span>
    </p>
   </div>
   <div class='ocr_carea' id='block_1_6' title="bbox 172 669 1747 740">
    <p class='ocr_par' dir='ltr' id='par_1_6' title="bbox 172 669 1747 740">
     <span class='ocr_line' id='line_1_6' title="bbox 172 669 1747 740; baseline 0.001 -18"><span class='ocrx_word' id='word_1_37' title='bbox 172 671 494 738; x_wconf 67' lang='lat' dir='ltr'><strong>indignatio,</strong></span> <span class='ocrx_word' id='word_1_38' title='bbox 527 680 580 721; x_wconf 85' lang='lat' dir='ltr'><strong>et</strong></span> <span class='ocrx_word' id='word_1_39' title='bbox 609 678 770 722; x_wconf 88' lang='lat' dir='ltr'><strong>acuta</strong></span> <span class='ocrx_word' id='word_1_40' title='bbox 811 670 889 722; x_wconf 92' lang='lat' dir='ltr'><strong>ira</strong></span> <span class='ocrx_word' id='word_1_41' title='bbox 919 679 972 723; x_wconf 91' lang='lat' dir='ltr'><strong>et</strong></span> <span class='ocrx_word' id='word_1_42' title='bbox 1004 669 1153 723; x_wconf 82' lang='lat' dir='ltr'><strong>zelus</strong></span> <span class='ocrx_word' id='word_1_43' title='bbox 1186 670 1478 740; x_wconf 76' lang='lat' dir='ltr'><strong>impatiens</strong></span> <span class='ocrx_word' id='word_1_44' title='bbox 1505 680 1606 723; x_wconf 91' lang='lat' dir='ltr'><strong>est.</strong></span> <span class='ocrx_word' id='word_1_45' title='bbox 1639 671 1747 724; x_wconf 71' lang='lat' dir='ltr'><strong>lmo</strong></span> 
     </span>
    </p>
   </div>
   <div class='ocr_carea' id='block_1_7' title="bbox 171 761 1745 832">
    <p class='ocr_par' dir='ltr' id='par_1_7' title="bbox 171 761 1745 832">
     <span class='ocr_line' id='line_1_7' title="bbox 171 761 1745 832; baseline 0.003 -19"><span class='ocrx_word' id='word_1_46' title='bbox 171 764 282 832; x_wconf 83' lang='lat' dir='ltr'><strong>pius</strong></span> <span class='ocrx_word' id='word_1_47' title='bbox 314 761 698 814; x_wconf 76' lang='lat' dir='ltr'><strong>calumniatur</strong></span> <span class='ocrx_word' id='word_1_48' title='bbox 728 777 1002 831; x_wconf 84' lang='lat' dir='ltr'><strong>pauperes</strong></span> <span class='ocrx_word' id='word_1_49' title='bbox 1036 773 1131 816; x_wconf 87' lang='lat' dir='ltr'><strong>:et</strong></span> <span class='ocrx_word' id='word_1_50' title='bbox 1167 763 1261 831; x_wconf 91' lang='lat' dir='ltr'><strong>qui</strong></span> <span class='ocrx_word' id='word_1_51' title='bbox 1297 763 1593 816; x_wconf 82' lang='lat' dir='ltr'><strong>conliditin</strong></span> <span class='ocrx_word' id='word_1_52' title='bbox 1625 779 1745 818; x_wconf 90' lang='lat' dir='ltr'><strong>cor-</strong></span> 
     </span>
    </p>
   </div>
   <div class='ocr_carea' id='block_1_8' title="bbox 170 853 1739 927">
    <p class='ocr_par' dir='ltr' id='par_1_8' title="bbox 170 853 1739 927">
     <span class='ocr_line' id='line_1_8' title="bbox 170 853 1739 927; baseline 0.001 -19"><span class='ocrx_word' id='word_1_53' title='bbox 170 857 249 910; x_wconf 89' lang='lat' dir='ltr'><strong>dis</strong></span> <span class='ocrx_word' id='word_1_54' title='bbox 269 856 505 907; x_wconf 81' lang='lat' dir='ltr'><strong>audacia</strong></span> <span class='ocrx_word' id='word_1_55' title='bbox 544 853 657 927; x_wconf 73' lang='grc' dir='ltr'><strong>[Αι.</strong></span> <span class='ocrx_word' id='word_1_56' title='bbox 695 854 977 924; x_wconf 82' lang='lat' dir='ltr'><strong>avaritia],</strong></span> <span class='ocrx_word' id='word_1_57' title='bbox 1008 855 1370 910; x_wconf 84' lang='lat' dir='ltr'><strong>stultissimus</strong></span> <span class='ocrx_word' id='word_1_58' title='bbox 1404 866 1508 910; x_wconf 90' lang='lat' dir='ltr'><strong>est.</strong></span> <span class='ocrx_word' id='word_1_59' title='bbox 1541 854 1739 909; x_wconf 85' lang='lat' dir='ltr'><strong>Totam</strong></span> 
     </span>
    </p>
   </div>
   <div class='ocr_carea' id='block_1_9' title="bbox 171 946 1750 1019">
    <p class='ocr_par' dir='ltr' id='par_1_9' title="bbox 171 946 1750 1019">
     <span class='ocr_line' id='line_1_9' title="bbox 171 946 1750 1019; baseline 0.002 -20"><span class='ocrx_word' id='word_1_60' title='bbox 171 948 297 1000; x_wconf 87' lang='lat' dir='ltr'><strong>iram</strong></span> <span class='ocrx_word' id='word_1_61' title='bbox 345 963 509 1000; x_wconf 81' lang='lat' dir='ltr'><strong>suam</strong></span> <span class='ocrx_word' id='word_1_62' title='bbox 570 946 778 1017; x_wconf 75' lang='lat' dir='ltr'><strong>profert</strong></span> <span class='ocrx_word' id='word_1_63' title='bbox 834 947 1099 1017; x_wconf 83' lang='lat' dir='ltr'><strong>insipiens</strong></span> <span class='ocrx_word' id='word_1_64' title='bbox 1149 966 1164 1004; x_wconf 85' lang='lat'><strong>:</strong></span> <span class='ocrx_word' id='word_1_65' title='bbox 1207 952 1428 1018; x_wconf 84' lang='lat' dir='ltr'><strong>sapiens</strong></span> <span class='ocrx_word' id='word_1_66' title='bbox 1469 949 1750 1019; x_wconf 76' lang='lat' dir='ltr'><strong>dispensat</strong></span> 
     </span>
    </p>
   </div>
   <div class='ocr_carea' id='block_1_10' title="bbox 171 1036 1750 1112">
    <p class='ocr_par' dir='ltr' id='par_1_10' title="bbox 171 1036 1750 1112">
     <span class='ocr_line' id='line_1_10' title="bbox 171 1036 1750 1112; baseline 0.005 -24"><span class='ocrx_word' id='word_1_67' title='bbox 171 1036 224 1089; x_wconf 92' lang='lat' dir='ltr'><strong>iu</strong></span> <span class='ocrx_word' id='word_1_68' title='bbox 261 1046 468 1104; x_wconf 87' lang='lat' dir='ltr'><strong>partes.</strong></span> <span class='ocrx_word' id='word_1_69' title='bbox 509 1039 684 1095; x_wconf 86' lang='lat' dir='ltr'><strong>Filius</strong></span> <span class='ocrx_word' id='word_1_70' title='bbox 726 1042 903 1095; x_wconf 89' lang='lat' dir='ltr'><strong>malus</strong></span> <span class='ocrx_word' id='word_1_71' title='bbox 950 1042 1164 1112; x_wconf 85' lang='lat' dir='ltr'><strong>gladios</strong></span> <span class='ocrx_word' id='word_1_72' title='bbox 1209 1045 1402 1096; x_wconf 88' lang='lat' dir='ltr'><strong>dentes</strong></span> <span class='ocrx_word' id='word_1_73' title='bbox 1457 1044 1641 1104; x_wconf 88' lang='lat' dir='ltr'><strong>habet,</strong></span> <span class='ocrx_word' id='word_1_74' title='bbox 1695 1052 1750 1096; x_wconf 89' lang='lat' dir='ltr'><strong>et</strong></span> 
     </span>
    </p>
   </div>
   <div class='ocr_carea' id='block_1_11' title="bbox 169 1132 1750 1198">
    <p class='ocr_par' dir='ltr' id='par_1_11' title="bbox 169 1132 1750 1198">
     <span class='ocr_line' id='line_1_11' title="bbox 169 1132 1750 1198; baseline 0.005 -16"><span class='ocrx_word' id='word_1_75' title='bbox 169 1132 371 1184; x_wconf 89' lang='lat' dir='ltr'><strong>cultros</strong></span> <span class='ocrx_word' id='word_1_76' title='bbox 406 1136 607 1196; x_wconf 89' lang='lat' dir='ltr'><strong>molas,</strong></span> <span class='ocrx_word' id='word_1_77' title='bbox 663 1142 724 1187; x_wconf 87' lang='lat' dir='ltr'><strong>ut</strong></span> <span class='ocrx_word' id='word_1_78' title='bbox 757 1145 1046 1189; x_wconf 84' lang='lat' dir='ltr'><strong>consumat</strong></span> <span class='ocrx_word' id='word_1_79' title='bbox 1100 1133 1348 1189; x_wconf 84' lang='lat' dir='ltr'><strong>infirmos</strong></span> <span class='ocrx_word' id='word_1_80' title='bbox 1375 1137 1442 1189; x_wconf 87' lang='lat' dir='ltr'><strong>de</strong></span> <span class='ocrx_word' id='word_1_81' title='bbox 1497 1146 1666 1198; x_wconf 89' lang='lat' dir='ltr'><strong>terra,</strong></span> <span class='ocrx_word' id='word_1_82' title='bbox 1696 1145 1750 1190; x_wconf 80' lang='lat' dir='ltr'><strong>et</strong></span> 
     </span>
    </p>
   </div>
   <div class='ocr_carea' id='block_1_12' title="bbox 173 1226 1745 1297">
    <p class='ocr_par' dir='ltr' id='par_1_12' title="bbox 173 1226 1745 1297">
     <span class='ocr_line' id='line_1_12' title="bbox 173 1226 1745 1297; baseline 0.005 -22"><span class='ocrx_word' id='word_1_83' title='bbox 173 1239 441 1293; x_wconf 82' lang='lat' dir='ltr'><strong>pauperes</strong></span> <span class='ocrx_word' id='word_1_84' title='bbox 486 1242 554 1280; x_wconf 81' lang='lat' dir='ltr'><strong>ex</strong></span> <span class='ocrx_word' id='word_1_85' title='bbox 632 1227 949 1282; x_wconf 89' lang='lat' dir='ltr'><strong>hominibus</strong></span> <span class='ocrx_word' id='word_1_86' title='bbox 1004 1226 1188 1297; x_wconf 80' lang='lat' dir='ltr'><strong>(Prov.</strong></span> <span class='ocrx_word' id='word_1_87' title='bbox 1221 1244 1275 1291; x_wconf 78' lang='grc' dir='ltr'><strong>ι,</strong></span> <span class='ocrx_word' id='word_1_88' title='bbox 1311 1240 1358 1280; x_wconf 83' lang='lat' dir='ltr'><strong>et</strong></span> <span class='ocrx_word' id='word_1_89' title='bbox 1403 1231 1598 1296; x_wconf 82' lang='lat' dir='ltr'><strong>passim</strong></span> <span class='ocrx_word' id='word_1_90' title='bbox 1641 1247 1745 1283; x_wconf 83' lang='lat' dir='ltr'><strong>sec.</strong></span> 
     </span>
    </p>
   </div>
   <div class='ocr_carea' id='block_1_13' title="bbox 168 1316 1750 1390">
    <p class='ocr_par' dir='ltr' id='par_1_13' title="bbox 168 1316 1750 1390">
     <span class='ocr_line' id='line_1_13' title="bbox 168 1316 1750 1390; baseline 0.005 -21"><span class='ocrx_word' id='word_1_91' title='bbox 168 1316 378 1381; x_wconf 63' lang='lat' dir='ltr'><strong>LXXI.»</strong></span> <span class='ocrx_word' id='word_1_92' title='bbox 423 1318 520 1372; x_wconf 81' lang='lat' dir='ltr'><strong>llis</strong></span> <span class='ocrx_word' id='word_1_93' title='bbox 565 1335 696 1388; x_wconf 80' lang='lat' dir='ltr'><strong>ergo</strong></span> <span class='ocrx_word' id='word_1_94' title='bbox 739 1323 934 1376; x_wconf 85' lang='lat' dir='ltr'><strong>doctus</strong></span> <span class='ocrx_word' id='word_1_95' title='bbox 973 1323 1256 1390; x_wconf 77' lang='lat' dir='ltr'><strong>exemplis,</strong></span> <span class='ocrx_word' id='word_1_96' title='bbox 1308 1323 1452 1375; x_wconf 89' lang='lat' dir='ltr'><strong>nolui</strong></span> <span class='ocrx_word' id='word_1_97' title='bbox 1503 1329 1750 1377; x_wconf 78' lang='lat' dir='ltr'><strong>mordere</strong></span> 
     </span>
    </p>
   </div>
   <div class='ocr_carea' id='block_1_14' title="bbox 171 1414 1747 1481">
    <p class='ocr_par' dir='ltr' id='par_1_14' title="bbox 171 1414 1747 1481">
     <span class='ocr_line' id='line_1_14' title="bbox 171 1414 1747 1481; baseline 0.001 -18"><span class='ocrx_word' id='word_1_98' title='bbox 171 1414 538 1478; x_wconf 78' lang='lat' dir='ltr'><strong>mordentem,</strong></span> <span class='ocrx_word' id='word_1_99' title='bbox 575 1429 673 1466; x_wconf 88' lang='lat' dir='ltr'><strong>nec</strong></span> <span class='ocrx_word' id='word_1_100' title='bbox 707 1414 878 1466; x_wconf 90' lang='lat' dir='ltr'><strong>vicem</strong></span> <span class='ocrx_word' id='word_1_101' title='bbox 913 1414 1130 1466; x_wconf 84' lang='lat' dir='ltr'><strong>talionis</strong></span> <span class='ocrx_word' id='word_1_102' title='bbox 1161 1415 1499 1481; x_wconf 87' lang='lat' dir='ltr'><strong>implodere:</strong></span> <span class='ocrx_word' id='word_1_103' title='bbox 1547 1415 1747 1465; x_wconf 89' lang='lat' dir='ltr'><strong>malui-</strong></span> 
     </span>
    </p>
   </div>
   <div class='ocr_carea' id='block_1_15' title="bbox 167 1502 1746 1571">
    <p class='ocr_par' dir='ltr' id='par_1_15' title="bbox 167 1502 1746 1571">
     <span class='ocr_line' id='line_1_15' title="bbox 167 1502 1746 1571; baseline 0 -16"><span class='ocrx_word' id='word_1_104' title='bbox 167 1517 270 1571; x_wconf 88' lang='lat' dir='ltr'><strong>que</strong></span> <span class='ocrx_word' id='word_1_105' title='bbox 299 1502 585 1556; x_wconf 81' lang='lat' dir='ltr'><strong>insaniam</strong></span> <span class='ocrx_word' id='word_1_106' title='bbox 640 1513 936 1557; x_wconf 71' lang='lat' dir='ltr'><strong>excantare</strong></span> <span class='ocrx_word' id='word_1_107' title='bbox 973 1504 1278 1567; x_wconf 89' lang='lat' dir='ltr'><strong>furibundi,</strong></span> <span class='ocrx_word' id='word_1_108' title='bbox 1320 1513 1372 1554; x_wconf 82' lang='lat' dir='ltr'><strong>et</strong></span> <span class='ocrx_word' id='word_1_109' title='bbox 1413 1504 1577 1557; x_wconf 91' lang='lat' dir='ltr'><strong>unius</strong></span> <span class='ocrx_word' id='word_1_110' title='bbox 1624 1504 1746 1556; x_wconf 88' lang='lat' dir='ltr'><strong>libri</strong></span> 
     </span>
    </p>
   </div>
   <div class='ocr_carea' id='block_1_16' title="bbox 169 1597 1749 1669">
    <p class='ocr_par' dir='ltr' id='par_1_16' title="bbox 169 1597 1749 1669">
     <span class='ocr_line' id='line_1_16' title="bbox 169 1597 1749 1669; baseline -0.001 -16"><span class='ocrx_word' id='word_1_111' title='bbox 169 1601 480 1653; x_wconf 82' lang='lat' dir='ltr'><strong>antidounn</strong></span> <span class='ocrx_word' id='word_1_112' title='bbox 513 1612 784 1654; x_wconf 80' lang='lat' dir='ltr'><strong>venenato</strong></span> <span class='ocrx_word' id='word_1_113' title='bbox 814 1600 1018 1669; x_wconf 85' lang='lat' dir='ltr'><strong>pectori</strong></span> <span class='ocrx_word' id='word_1_114' title='bbox 1053 1599 1346 1652; x_wconf 81' lang='lat' dir='ltr'><strong>infundere</strong></span> <span class='ocrx_word' id='word_1_115' title='bbox 1379 1597 1489 1669; x_wconf 82' lang='grc' dir='ltr'><strong>[Αι.</strong></span> <span class='ocrx_word' id='word_1_116' title='bbox 1539 1599 1749 1652; x_wconf 84' lang='lat' dir='ltr'><strong>insere-</strong></span> 
     </span>
    </p>
   </div>
   <div class='ocr_carea' id='block_1_17' title="bbox 167 1691 1745 1763">
    <p class='ocr_par' dir='ltr' id='par_1_17' title="bbox 167 1691 1745 1763">
     <span class='ocr_line' id='line_1_17' title="bbox 167 1691 1745 1763; baseline -0.001 -19"><span class='ocrx_word' id='word_1_117' title='bbox 167 1692 270 1763; x_wconf 87' lang='lat' dir='ltr'><strong>re].</strong></span> <span class='ocrx_word' id='word_1_118' title='bbox 317 1691 431 1746; x_wconf 82' lang='lat' dir='ltr'><strong>Sed</strong></span> <span class='ocrx_word' id='word_1_119' title='bbox 477 1709 671 1748; x_wconf 89' lang='lat' dir='ltr'><strong>vereor</strong></span> <span class='ocrx_word' id='word_1_120' title='bbox 704 1710 774 1747; x_wconf 78' lang='lat' dir='ltr'><strong>ne.</strong></span> <span class='ocrx_word' id='word_1_121' title='bbox 809 1694 946 1746; x_wconf 88' lang='lat' dir='ltr'><strong>nihil</strong></span> <span class='ocrx_word' id='word_1_122' title='bbox 986 1693 1306 1760; x_wconf 81' lang='lat' dir='ltr'><strong>proficiens,</strong></span> <span class='ocrx_word' id='word_1_123' title='bbox 1343 1693 1473 1744; x_wconf 91' lang='lat' dir='ltr'><strong>illud</strong></span> <span class='ocrx_word' id='word_1_124' title='bbox 1510 1691 1745 1743; x_wconf 87' lang='lat' dir='ltr'><strong>Davidi-</strong></span> 
     </span>
    </p>
   </div>
   <div class='ocr_carea' id='block_1_18' title="bbox 167 1783 1743 1855">
    <p class='ocr_par' dir='ltr' id='par_1_18' title="bbox 167 1783 1743 1855">
     <span class='ocr_line' id='line_1_18' title="bbox 167 1783 1743 1855; baseline -0.003 -15"><span class='ocrx_word' id='word_1_125' title='bbox 167 1801 288 1840; x_wconf 83' lang='lat' dir='ltr'><strong>cum</strong></span> <span class='ocrx_word' id='word_1_126' title='bbox 351 1801 579 1841; x_wconf 87' lang='lat' dir='ltr'><strong>cantare</strong></span> <span class='ocrx_word' id='word_1_127' title='bbox 621 1787 942 1855; x_wconf 89' lang='lat' dir='ltr'><strong>compellar,</strong></span> <span class='ocrx_word' id='word_1_128' title='bbox 1003 1795 1055 1838; x_wconf 91' lang='lat' dir='ltr'><strong>et</strong></span> <span class='ocrx_word' id='word_1_129' title='bbox 1113 1785 1196 1838; x_wconf 89' lang='lat' dir='ltr'><strong>his</strong></span> <span class='ocrx_word' id='word_1_130' title='bbox 1251 1799 1334 1837; x_wconf 90' lang='lat' dir='ltr'><strong>me</strong></span> <span class='ocrx_word' id='word_1_131' title='bbox 1391 1783 1743 1836; x_wconf 82' lang='lat' dir='ltr'><strong>sermonibus</strong></span> 
     </span>
    </p>
   </div>
   <div class='ocr_carea' id='block_1_19' title="bbox 165 1879 1746 1946">
    <p class='ocr_par' dir='ltr' id='par_1_19' title="bbox 165 1879 1746 1946">
     <span class='ocr_line' id='line_1_19' title="bbox 165 1879 1746 1946; baseline -0.003 -15"><span class='ocrx_word' id='word_1_132' title='bbox 165 1879 440 1933; x_wconf 84' lang='lat' dir='ltr'><strong>consolari</strong></span> <span class='ocrx_word' id='word_1_133' title='bbox 478 1895 491 1931; x_wconf 92' lang='lat'><strong>:</strong></span> <span class='ocrx_word' id='word_1_134' title='bbox 519 1897 538 1929; x_wconf 70' lang='grc' dir='ltr'><strong><em>ε</em></strong></span> <span class='ocrx_word' id='word_1_135' title='bbox 565 1879 796 1934; x_wconf 80' lang='lat' dir='ltr'><strong>Alienati</strong></span> <span class='ocrx_word' id='word_1_136' title='bbox 825 1889 952 1932; x_wconf 90' lang='lat' dir='ltr'><strong>sunt</strong></span> <span class='ocrx_word' id='word_1_137' title='bbox 978 1888 1291 1946; x_wconf 77' lang='lat' dir='ltr'><strong>peccatores</strong></span> <span class='ocrx_word' id='word_1_138' title='bbox 1321 1892 1348 1928; x_wconf 90' lang='lat' dir='ltr'><strong>a</strong></span> <span class='ocrx_word' id='word_1_139' title='bbox 1383 1879 1566 1936; x_wconf 79' lang='lat' dir='ltr'><strong>vulva,</strong></span> <span class='ocrx_word' id='word_1_140' title='bbox 1591 1891 1746 1928; x_wconf 82' lang='lat' dir='ltr'><strong>erra-</strong></span> 
     </span>
    </p>
   </div>
   <div class='ocr_carea' id='block_1_20' title="bbox 166 1969 1742 2030">
    <p class='ocr_par' dir='ltr' id='par_1_20' title="bbox 166 1969 1742 2030">
     <span class='ocr_line' id='line_1_20' title="bbox 166 1969 1742 2030; baseline -0.001 -8"><span class='ocrx_word' id='word_1_141' title='bbox 166 1980 361 2023; x_wconf 88' lang='lat' dir='ltr'><strong>verunt</strong></span> <span class='ocrx_word' id='word_1_142' title='bbox 389 1975 460 2024; x_wconf 89' lang='lat' dir='ltr'><strong>ab</strong></span> <span class='ocrx_word' id='word_1_143' title='bbox 488 1981 662 2025; x_wconf 87' lang='lat' dir='ltr'><strong>utero.</strong></span> <span class='ocrx_word' id='word_1_144' title='bbox 717 1971 910 2024; x_wconf 86' lang='lat' dir='ltr'><strong>Locuti</strong></span> <span class='ocrx_word' id='word_1_145' title='bbox 945 1981 1072 2025; x_wconf 94' lang='lat' dir='ltr'><strong>sunt</strong></span> <span class='ocrx_word' id='word_1_146' title='bbox 1121 1969 1276 2030; x_wconf 77' lang='lat' dir='ltr'><strong>falsa,</strong></span> <span class='ocrx_word' id='word_1_147' title='bbox 1310 1971 1461 2022; x_wconf 91' lang='lat' dir='ltr'><strong>furor</strong></span> <span class='ocrx_word' id='word_1_148' title='bbox 1495 1969 1603 2023; x_wconf 89' lang='lat' dir='ltr'><strong>illis</strong></span> <span class='ocrx_word' id='word_1_149' title='bbox 1653 1984 1742 2022; x_wconf 92' lang='lat' dir='ltr'><strong>se-</strong></span> 
     </span>
    </p>
   </div>
   <div class='ocr_carea' id='block_1_21' title="bbox 1853 576 3425 657">
    <p class='ocr_par' dir='ltr' id='par_1_21' title="bbox 1853 576 3425 657">
     <span class='ocr_line' id='line_1_21' title="bbox 1853 576 3425 657; baseline 0.012 -31"><span class='ocrx_word' id='word_1_150' title='bbox 1853 589 2041 629; x_wconf 88' lang='lat' dir='ltr'><strong>vocem</strong></span> <span class='ocrx_word' id='word_1_151' title='bbox 2074 576 2493 642; x_wconf 87' lang='lat' dir='ltr'><strong>incantantium,</strong></span> <span class='ocrx_word' id='word_1_152' title='bbox 2522 591 2575 634; x_wconf 89' lang='lat' dir='ltr'><strong>et</strong></span> <span class='ocrx_word' id='word_1_153' title='bbox 2597 583 2822 636; x_wconf 89' lang='lat' dir='ltr'><strong>venefici</strong></span> <span class='ocrx_word' id='word_1_154' title='bbox 2853 584 3185 640; x_wconf 90' lang='lat' dir='ltr'><strong>incantantis</strong></span> <span class='ocrx_word' id='word_1_155' title='bbox 3206 590 3425 657; x_wconf 76' lang='lat' dir='ltr'><strong>sapien-</strong></span> 
     </span>
    </p>
   </div>
   <div class='ocr_carea' id='block_1_22' title="bbox 1854 667 3421 750">
    <p class='ocr_par' dir='ltr' id='par_1_22' title="bbox 1854 667 3421 750">
     <span class='ocr_line' id='line_1_22' title="bbox 1854 667 3421 750; baseline 0.011 -29"><span class='ocrx_word' id='word_1_156' title='bbox 1854 677 1955 722; x_wconf 89' lang='lat' dir='ltr'><strong>ter.</strong></span> <span class='ocrx_word' id='word_1_157' title='bbox 1998 667 2140 724; x_wconf 90' lang='lat' dir='ltr'><strong>Deus</strong></span> <span class='ocrx_word' id='word_1_158' title='bbox 2193 681 2441 726; x_wconf 87' lang='lat' dir='ltr'><strong>conteret</strong></span> <span class='ocrx_word' id='word_1_159' title='bbox 2468 677 2658 730; x_wconf 88' lang='lat' dir='ltr'><strong>dentes</strong></span> <span class='ocrx_word' id='word_1_160' title='bbox 2689 691 2879 732; x_wconf 90' lang='lat' dir='ltr'><strong>eorum</strong></span> <span class='ocrx_word' id='word_1_161' title='bbox 2920 680 2972 733; x_wconf 93' lang='lat' dir='ltr'><strong>in</strong></span> <span class='ocrx_word' id='word_1_162' title='bbox 3006 696 3101 736; x_wconf 90' lang='lat' dir='ltr'><strong>ore</strong></span> <span class='ocrx_word' id='word_1_163' title='bbox 3135 683 3372 750; x_wconf 85' lang='lat' dir='ltr'><strong>ipsorum</strong></span> <span class='ocrx_word' id='word_1_164' title='bbox 3405 702 3421 740; x_wconf 85' lang='grc'>;</span> 
     </span>
    </p>
   </div>
   <div class='ocr_carea' id='block_1_23' title="bbox 1852 764 3421 847">
    <p class='ocr_par' dir='ltr' id='par_1_23' title="bbox 1852 764 3421 847">
     <span class='ocr_line' id='line_1_23' title="bbox 1852 764 3421 847; baseline 0.009 -31"><span class='ocrx_word' id='word_1_165' title='bbox 1852 767 2025 818; x_wconf 82' lang='lat' dir='ltr'><strong>molas</strong></span> <span class='ocrx_word' id='word_1_166' title='bbox 2072 764 2287 819; x_wconf 81' lang='lat' dir='ltr'><strong>leonum</strong></span> <span class='ocrx_word' id='word_1_167' title='bbox 2327 766 2638 837; x_wconf 79' lang='lat' dir='ltr'><strong>c0nfrittget</strong></span> <span class='ocrx_word' id='word_1_168' title='bbox 2674 770 2938 825; x_wconf 87' lang='lat' dir='ltr'><strong>Dominus</strong></span> <span class='ocrx_word' id='word_1_169' title='bbox 2967 771 3083 842; x_wconf 75' lang='lat' dir='ltr'><strong>[AL</strong></span> <span class='ocrx_word' id='word_1_170' title='bbox 3116 774 3305 847; x_wconf 86' lang='lat' dir='ltr'><strong>Deus].</strong></span> <span class='ocrx_word' id='word_1_171' title='bbox 3341 779 3421 831; x_wconf 77' lang='lat' dir='ltr'><strong>Atl</strong></span> 
     </span>
    </p>
   </div>
   <div class='ocr_carea' id='block_1_24' title="bbox 1853 855 3422 933">
    <p class='ocr_par' dir='ltr' id='par_1_24' title="bbox 1853 855 3422 933">
     <span class='ocr_line' id='line_1_24' title="bbox 1853 855 3422 933; baseline 0.012 -26"><span class='ocrx_word' id='word_1_172' title='bbox 1853 855 2084 909; x_wconf 87' lang='lat' dir='ltr'><strong>nihilum</strong></span> <span class='ocrx_word' id='word_1_173' title='bbox 2121 859 2430 921; x_wconf 84' lang='lat' dir='ltr'><strong>devenient,</strong></span> <span class='ocrx_word' id='word_1_174' title='bbox 2498 871 2754 928; x_wconf 87' lang='lat' dir='ltr'><strong>tanquam</strong></span> <span class='ocrx_word' id='word_1_175' title='bbox 2802 879 2940 933; x_wconf 87' lang='lat' dir='ltr'><strong>aqua</strong></span> <span class='ocrx_word' id='word_1_176' title='bbox 2983 864 3299 925; x_wconf 86' lang='lat' dir='ltr'><strong>decnrrens.</strong></span> <span class='ocrx_word' id='word_1_177' title='bbox 3333 872 3422 925; x_wconf 90' lang='lat' dir='ltr'><strong>ln-</strong></span> 
     </span>
    </p>
   </div>
   <div class='ocr_carea' id='block_1_25' title="bbox 1855 948 3422 1026">
    <p class='ocr_par' dir='ltr' id='par_1_25' title="bbox 1855 948 3422 1026">
     <span class='ocr_line' id='line_1_25' title="bbox 1855 948 3422 1026; baseline 0.011 -28"><span class='ocrx_word' id='word_1_178' title='bbox 1855 948 2026 1001; x_wconf 91' lang='lat' dir='ltr'><strong>tendit</strong></span> <span class='ocrx_word' id='word_1_179' title='bbox 2059 964 2244 1002; x_wconf 86' lang='lat' dir='ltr'><strong>arcum</strong></span> <span class='ocrx_word' id='word_1_180' title='bbox 2274 967 2455 1013; x_wconf 88' lang='lat' dir='ltr'><strong>suum,</strong></span> <span class='ocrx_word' id='word_1_181' title='bbox 2484 955 2662 1006; x_wconf 72' lang='lat' dir='ltr'><strong>donec</strong></span> <span class='ocrx_word' id='word_1_182' title='bbox 2687 954 3055 1011; x_wconf 86' lang='lat' dir='ltr'><strong>infirmentur.</strong></span> <span class='ocrx_word' id='word_1_183' title='bbox 3082 956 3236 1013; x_wconf 68' lang='lat' dir='ltr'><strong>Sicut</strong></span> <span class='ocrx_word' id='word_1_184' title='bbox 3277 978 3422 1026; x_wconf 90' lang='lat' dir='ltr'><strong>cera,</strong></span> 
     </span>
    </p>
   </div>
   <div class='ocr_carea' id='block_1_26' title="bbox 1854 1041 3421 1116">
    <p class='ocr_par' dir='ltr' id='par_1_26' title="bbox 1854 1041 3421 1116">
     <span class='ocr_line' id='line_1_26' title="bbox 1854 1041 3421 1116; baseline 0.009 -23"><span class='ocrx_word' id='word_1_185' title='bbox 1854 1057 1975 1109; x_wconf 66' lang='lat' dir='ltr'><strong>quae</strong></span> <span class='ocrx_word' id='word_1_186' title='bbox 2011 1041 2152 1104; x_wconf 89' lang='lat' dir='ltr'><strong>fluit,</strong></span> <span class='ocrx_word' id='word_1_187' title='bbox 2192 1043 2510 1098; x_wconf 88' lang='lat' dir='ltr'><strong>auferentur</strong></span> <span class='ocrx_word' id='word_1_188' title='bbox 2543 1062 2557 1098; x_wconf 91' lang='lat'>:</span> <span class='ocrx_word' id='word_1_189' title='bbox 2595 1050 2956 1113; x_wconf 83' lang='lat' dir='ltr'><strong>supercecidit</strong></span> <span class='ocrx_word' id='word_1_190' title='bbox 3013 1051 3172 1116; x_wconf 78' lang='lat' dir='ltr'><strong>ignis,</strong></span> <span class='ocrx_word' id='word_1_191' title='bbox 3228 1064 3280 1106; x_wconf 92' lang='lat' dir='ltr'><strong>et</strong></span> <span class='ocrx_word' id='word_1_192' title='bbox 3315 1071 3421 1107; x_wconf 87' lang='lat' dir='ltr'><strong>non</strong></span> 
     </span>
    </p>
   </div>
   <div class='ocr_carea' id='block_1_27' title="bbox 1855 1136 3426 1209">
    <p class='ocr_par' dir='ltr' id='par_1_27' title="bbox 1855 1136 3426 1209">
     <span class='ocr_line' id='line_1_27' title="bbox 1855 1136 3426 1209; baseline 0.014 -27"><span class='ocrx_word' id='word_1_193' title='bbox 1855 1137 2107 1188; x_wconf 75' lang='lat' dir='ltr'><strong>viderunt</strong></span> <span class='ocrx_word' id='word_1_194' title='bbox 2153 1136 2320 1189; x_wconf 87' lang='lat' dir='ltr'><strong>solem</strong></span> <span class='ocrx_word' id='word_1_195' title='bbox 2393 1138 2562 1204; x_wconf 72' lang='grc' dir='ltr'><strong>(Ρεαι.</strong></span> <span class='ocrx_word' id='word_1_196' title='bbox 2605 1156 2736 1204; x_wconf 79' lang='lat' dir='ltr'><strong>Lvu,</strong></span> <span class='ocrx_word' id='word_1_197' title='bbox 2784 1141 2922 1209; x_wconf 64' lang='grc'><strong>4-9).</strong></span> <span class='ocrx_word' id='word_1_198' title='bbox 2957 1161 2975 1194; x_wconf 85' lang='grc'><strong><em>›</em></strong></span> <span class='ocrx_word' id='word_1_199' title='bbox 3044 1143 3108 1198; x_wconf 83' lang='grc' dir='ltr'><strong>Ει</strong></span> <span class='ocrx_word' id='word_1_200' title='bbox 3155 1147 3353 1201; x_wconf 90' lang='lat' dir='ltr'><strong>iterum</strong></span> <span class='ocrx_word' id='word_1_201' title='bbox 3410 1166 3426 1205; x_wconf 89' lang='lat'><strong>:</strong></span> 
     </span>
    </p>
   </div>
   <div class='ocr_carea' id='block_1_28' title="bbox 1859 1227 3425 1312">
    <p class='ocr_par' dir='ltr' id='par_1_28' title="bbox 1859 1227 3425 1312">
     <span class='ocr_line' id='line_1_28' title="bbox 1859 1227 3425 1312; baseline 0.008 -33"><span class='ocrx_word' id='word_1_202' title='bbox 1859 1245 1879 1280; x_wconf 75' lang='grc' dir='ltr'>ι</span> <span class='ocrx_word' id='word_1_203' title='bbox 1912 1227 2204 1284; x_wconf 68' lang='lat' dir='ltr'><strong>Laetabitur</strong></span> <span class='ocrx_word' id='word_1_204' title='bbox 2238 1231 2441 1300; x_wconf 84' lang='lat' dir='ltr'><strong>justus,</strong></span> <span class='ocrx_word' id='word_1_205' title='bbox 2473 1248 2593 1286; x_wconf 90' lang='lat' dir='ltr'><strong>cum</strong></span> <span class='ocrx_word' id='word_1_206' title='bbox 2635 1233 2829 1288; x_wconf 86' lang='lat' dir='ltr'><strong>viderit</strong></span> <span class='ocrx_word' id='word_1_207' title='bbox 2881 1237 3170 1292; x_wconf 87' lang='lat' dir='ltr'><strong>vindictam</strong></span> <span class='ocrx_word' id='word_1_208' title='bbox 3228 1241 3425 1312; x_wconf 83' lang='lat' dir='ltr'><strong>impin-</strong></span> 
     </span>
    </p>
   </div>
   <div class='ocr_carea' id='block_1_29' title="bbox 1857 1325 3429 1398">
    <p class='ocr_par' dir='ltr' id='par_1_29' title="bbox 1857 1325 3429 1398">
     <span class='ocr_line' id='line_1_29' title="bbox 1857 1325 3429 1398; baseline 0.008 -24"><span class='ocrx_word' id='word_1_209' title='bbox 1857 1337 1977 1374; x_wconf 93' lang='lat' dir='ltr'><strong>rum</strong></span> <span class='ocrx_word' id='word_1_210' title='bbox 2014 1338 2028 1374; x_wconf 87' lang='lat'><strong>:</strong></span> <span class='ocrx_word' id='word_1_211' title='bbox 2068 1339 2257 1378; x_wconf 87' lang='lat' dir='ltr'><strong>manus</strong></span> <span class='ocrx_word' id='word_1_212' title='bbox 2287 1339 2419 1377; x_wconf 87' lang='lat' dir='ltr'><strong>suas</strong></span> <span class='ocrx_word' id='word_1_213' title='bbox 2455 1325 2655 1380; x_wconf 84' lang='lat' dir='ltr'><strong>lavabit</strong></span> <span class='ocrx_word' id='word_1_214' title='bbox 2683 1328 2735 1380; x_wconf 91' lang='lat' dir='ltr'><strong>in</strong></span> <span class='ocrx_word' id='word_1_215' title='bbox 2767 1329 3034 1395; x_wconf 87' lang='lat' dir='ltr'><strong>sanguine</strong></span> <span class='ocrx_word' id='word_1_216' title='bbox 3063 1337 3319 1398; x_wconf 89' lang='lat' dir='ltr'><strong>pectoris.</strong></span> <span class='ocrx_word' id='word_1_217' title='bbox 3357 1333 3429 1386; x_wconf 80' lang='lat' dir='ltr'><strong>Et</strong></span> 
     </span>
    </p>
   </div>
   <div class='ocr_carea' id='block_1_30' title="bbox 1853 1417 3425 1493">
    <p class='ocr_par' dir='ltr' id='par_1_30' title="bbox 1853 1417 3425 1493">
     <span class='ocr_line' id='line_1_30' title="bbox 1853 1417 3425 1493; baseline 0.009 -27"><span class='ocrx_word' id='word_1_218' title='bbox 1853 1417 1998 1469; x_wconf 85' lang='lat' dir='ltr'><strong>dicet</strong></span> <span class='ocrx_word' id='word_1_219' title='bbox 2035 1417 2198 1471; x_wconf 93' lang='lat' dir='ltr'><strong>homo</strong></span> <span class='ocrx_word' id='word_1_220' title='bbox 2227 1435 2241 1471; x_wconf 90' lang='lat'><strong>:</strong></span> <span class='ocrx_word' id='word_1_221' title='bbox 2279 1421 2322 1471; x_wconf 88' lang='lat' dir='ltr'><strong>si</strong></span> <span class='ocrx_word' id='word_1_222' title='bbox 2363 1420 2553 1488; x_wconf 88' lang='lat' dir='ltr'><strong>utique</strong></span> <span class='ocrx_word' id='word_1_223' title='bbox 2583 1431 2664 1474; x_wconf 88' lang='lat' dir='ltr'><strong>est</strong></span> <span class='ocrx_word' id='word_1_224' title='bbox 2695 1421 2902 1478; x_wconf 89' lang='lat' dir='ltr'><strong>fructus</strong></span> <span class='ocrx_word' id='word_1_225' title='bbox 2936 1424 3106 1492; x_wconf 82' lang='lat' dir='ltr'><strong>iusto,</strong></span> <span class='ocrx_word' id='word_1_226' title='bbox 3133 1425 3320 1493; x_wconf 88' lang='lat' dir='ltr'><strong>utique</strong></span> <span class='ocrx_word' id='word_1_227' title='bbox 3341 1436 3425 1480; x_wconf 88' lang='lat' dir='ltr'><strong>est</strong></span> 
     </span>
    </p>
   </div>
   <div class='ocr_carea' id='block_1_31' title="bbox 1857 1509 3038 1584">
    <p class='ocr_par' dir='ltr' id='par_1_31' title="bbox 1857 1509 3038 1584">
     <span class='ocr_line' id='line_1_31' title="bbox 1857 1509 3038 1584; baseline 0.007 -25"><span class='ocrx_word' id='word_1_228' title='bbox 1857 1509 2262 1576; x_wconf 86' lang='lat' dir='ltr'><strong>Deusjudicans</strong></span> <span class='ocrx_word' id='word_1_229' title='bbox 2289 1525 2385 1564; x_wconf 91' lang='lat' dir='ltr'><strong>eos</strong></span> <span class='ocrx_word' id='word_1_230' title='bbox 2417 1513 2468 1564; x_wconf 90' lang='lat' dir='ltr'><strong>in</strong></span> <span class='ocrx_word' id='word_1_231' title='bbox 2504 1523 2646 1566; x_wconf 89' lang='lat' dir='ltr'><strong>terra</strong></span> <span class='ocrx_word' id='word_1_232' title='bbox 2682 1512 2980 1584; x_wconf 73' lang='lat' dir='ltr'><strong>(lbid._12).</strong></span> <span class='ocrx_word' id='word_1_233' title='bbox 3019 1535 3038 1567; x_wconf 78' lang='grc' dir='ltr'><strong><em>ι</em></strong></span> 
     </span>
    </p>
   </div>
   <div class='ocr_carea' id='block_1_32' title="bbox 1923 1601 3426 1678">
    <p class='ocr_par' dir='ltr' id='par_1_32' title="bbox 1923 1601 3426 1678">
     <span class='ocr_line' id='line_1_32' title="bbox 1923 1601 3426 1678; baseline 0.005 -24"><span class='ocrx_word' id='word_1_234' title='bbox 1923 1601 2013 1654; x_wconf 74' lang='grc'><strong>44.</strong></span> <span class='ocrx_word' id='word_1_235' title='bbox 2041 1602 2099 1654; x_wconf 90' lang='lat' dir='ltr'><strong>ln</strong></span> <span class='ocrx_word' id='word_1_236' title='bbox 2127 1612 2369 1656; x_wconf 81' lang='lat' dir='ltr'><strong>extrema</strong></span> <span class='ocrx_word' id='word_1_237' title='bbox 2397 1603 2632 1672; x_wconf 79' lang='lat' dir='ltr'><strong>Epistola</strong></span> <span class='ocrx_word' id='word_1_238' title='bbox 2661 1606 2861 1660; x_wconf 87' lang='lat' dir='ltr'><strong>scribis</strong></span> <span class='ocrx_word' id='word_1_239' title='bbox 2884 1625 3047 1662; x_wconf 89' lang='lat' dir='ltr'><strong>manu</strong></span> <span class='ocrx_word' id='word_1_240' title='bbox 3073 1617 3163 1662; x_wconf 87' lang='lat' dir='ltr'><strong>tua</strong></span> <span class='ocrx_word' id='word_1_241' title='bbox 3190 1625 3206 1665; x_wconf 88' lang='lat'><strong>:</strong></span> <span class='ocrx_word' id='word_1_242' title='bbox 3236 1627 3253 1660; x_wconf 73' lang='grc' dir='ltr'><strong><em>ι</em></strong></span> <span class='ocrx_word' id='word_1_243' title='bbox 3283 1609 3426 1678; x_wconf 84' lang='grc' dir='ltr'><strong>Οριο</strong></span> 
     </span>
    </p>
   </div>
   <div class='ocr_carea' id='block_1_33' title="bbox 1853 1694 3422 1768">
    <p class='ocr_par' dir='ltr' id='par_1_33' title="bbox 1853 1694 3422 1768">
     <span class='ocr_line' id='line_1_33' title="bbox 1853 1694 3422 1768; baseline 0.008 -24"><span class='ocrx_word' id='word_1_244' title='bbox 1853 1701 1904 1746; x_wconf 93' lang='lat' dir='ltr'><strong>te</strong></span> <span class='ocrx_word' id='word_1_245' title='bbox 1930 1709 2119 1762; x_wconf 87' lang='lat' dir='ltr'><strong>pacem</strong></span> <span class='ocrx_word' id='word_1_246' title='bbox 2145 1694 2398 1762; x_wconf 78' lang='lat' dir='ltr'><strong>diligere.</strong></span> <span class='ocrx_word' id='word_1_247' title='bbox 2438 1714 2456 1746; x_wconf 72' lang='grc' dir='ltr'><strong><em>ι</em></strong></span> <span class='ocrx_word' id='word_1_248' title='bbox 2489 1697 2568 1750; x_wconf 75' lang='lat' dir='ltr'><strong>Ad</strong></span> <span class='ocrx_word' id='word_1_249' title='bbox 2595 1700 2740 1766; x_wconf 91' lang='lat' dir='ltr'><strong>quod</strong></span> <span class='ocrx_word' id='word_1_250' title='bbox 2768 1699 3006 1753; x_wconf 86' lang='lat' dir='ltr'><strong>breviter</strong></span> <span class='ocrx_word' id='word_1_251' title='bbox 3035 1702 3380 1768; x_wconf 86' lang='lat' dir='ltr'><strong>respondebo</strong></span> <span class='ocrx_word' id='word_1_252' title='bbox 3406 1717 3422 1758; x_wconf 89' lang='lat'><strong>:</strong></span> 
     </span>
    </p>
   </div>
   <div class='ocr_carea' id='block_1_34' title="bbox 1854 1785 3425 1862">
    <p class='ocr_par' dir='ltr' id='par_1_34' title="bbox 1854 1785 3425 1862">
     <span class='ocr_line' id='line_1_34' title="bbox 1854 1785 3425 1862; baseline 0.006 -23"><span class='ocrx_word' id='word_1_253' title='bbox 1854 1785 1906 1839; x_wconf 83' lang='lat' dir='ltr'><strong>Si</strong></span> <span class='ocrx_word' id='word_1_254' title='bbox 1943 1801 2132 1854; x_wconf 88' lang='lat' dir='ltr'><strong>pacem</strong></span> <span class='ocrx_word' id='word_1_255' title='bbox 2163 1788 2466 1850; x_wconf 85' lang='lat' dir='ltr'><strong>desideras,</strong></span> <span class='ocrx_word' id='word_1_256' title='bbox 2507 1804 2656 1843; x_wconf 89' lang='lat' dir='ltr'><strong>arma</strong></span> <span class='ocrx_word' id='word_1_257' title='bbox 2684 1794 2915 1859; x_wconf 84' lang='lat' dir='ltr'><strong>depone.</strong></span> <span class='ocrx_word' id='word_1_258' title='bbox 2953 1791 3258 1848; x_wconf 89' lang='lat' dir='ltr'><strong>Blandienti</strong></span> <span class='ocrx_word' id='word_1_259' title='bbox 3296 1809 3425 1862; x_wconf 87' lang='lat' dir='ltr'><strong>pos-</strong></span> 
     </span>
    </p>
   </div>
   <div class='ocr_carea' id='block_1_35' title="bbox 1853 1881 3426 1948">
    <p class='ocr_par' dir='ltr' id='par_1_35' title="bbox 1853 1881 3426 1948">
     <span class='ocr_line' id='line_1_35' title="bbox 1853 1881 3426 1948; baseline 0.009 -20"><span class='ocrx_word' id='word_1_260' title='bbox 1853 1895 1972 1934; x_wconf 81' lang='lat' dir='ltr'><strong>sunt</strong></span> <span class='ocrx_word' id='word_1_261' title='bbox 2000 1881 2371 1948; x_wconf 87' lang='lat' dir='ltr'><strong>acquiescere.</strong></span> <span class='ocrx_word' id='word_1_262' title='bbox 2390 1897 2495 1935; x_wconf 90' lang='lat' dir='ltr'><strong>non</strong></span> <span class='ocrx_word' id='word_1_263' title='bbox 2521 1884 2683 1938; x_wconf 88' lang='lat' dir='ltr'><strong>timeo</strong></span> <span class='ocrx_word' id='word_1_264' title='bbox 2701 1887 3143 1942; x_wconf 89' lang='lat' dir='ltr'><strong>comminantem.</strong></span> <span class='ocrx_word' id='word_1_265' title='bbox 3176 1886 3258 1941; x_wconf 91' lang='lat' dir='ltr'><strong>Sit</strong></span> <span class='ocrx_word' id='word_1_266' title='bbox 3284 1888 3426 1942; x_wconf 83' lang='lat' dir='ltr'><strong>inter</strong></span> 
     </span>
    </p>
   </div>
   <div class='ocr_carea' id='block_1_36' title="bbox 1853 1973 3029 2047">
    <p class='ocr_par' dir='ltr' id='par_1_36' title="bbox 1853 1973 3029 2047">
     <span class='ocr_line' id='line_1_36' title="bbox 1853 1973 3029 2047; baseline 0.006 -21"><span class='ocrx_word' id='word_1_267' title='bbox 1853 1987 1956 2027; x_wconf 89' lang='lat' dir='ltr'><strong>nos</strong></span> <span class='ocrx_word' id='word_1_268' title='bbox 1991 1988 2095 2026; x_wconf 88' lang='lat' dir='ltr'><strong>una</strong></span> <span class='ocrx_word' id='word_1_269' title='bbox 2136 1973 2286 2038; x_wconf 89' lang='lat' dir='ltr'><strong>fides,</strong></span> <span class='ocrx_word' id='word_1_270' title='bbox 2329 1984 2382 2028; x_wconf 91' lang='lat' dir='ltr'><strong>et</strong></span> <span class='ocrx_word' id='word_1_271' title='bbox 2409 1976 2556 2030; x_wconf 92' lang='lat' dir='ltr'><strong>illico</strong></span> <span class='ocrx_word' id='word_1_272' title='bbox 2592 1980 2714 2046; x_wconf 76' lang='lat' dir='ltr'><strong>&#39;pax</strong></span> <span class='ocrx_word' id='word_1_273' title='bbox 2745 1990 3029 2047; x_wconf 87' lang='lat' dir='ltr'><strong>sequetur.</strong></span> 
     </span>
    </p>
   </div>
   <div class='ocr_carea' id='block_1_37' title="bbox 167 2058 1736 2133">
    <p class='ocr_par' dir='ltr' id='par_1_37' title="bbox 167 2058 1736 2133">
     <span class='ocr_line' id='line_1_37' title="bbox 167 2058 1736 2133; baseline -0.001 -17"><span class='ocrx_word' id='word_1_274' title='bbox 167 2064 410 2116; x_wconf 85' lang='lat' dir='ltr'><strong>cundum</strong></span> <span class='ocrx_word' id='word_1_275' title='bbox 459 2062 876 2118; x_wconf 80' lang='lat' dir='ltr'><strong>similitudinem</strong></span> <span class='ocrx_word' id='word_1_276' title='bbox 940 2062 1210 2133; x_wconf 88' lang='lat' dir='ltr'><strong>serpentis</strong></span> <span class='ocrx_word' id='word_1_277' title='bbox 1269 2079 1280 2115; x_wconf 90' lang='lat'>:</span> <span class='ocrx_word' id='word_1_278' title='bbox 1334 2058 1479 2116; x_wconf 85' lang='lat' dir='ltr'><strong>sicut</strong></span> <span class='ocrx_word' id='word_1_279' title='bbox 1528 2061 1736 2130; x_wconf 85' lang='lat' dir='ltr'><strong>aspidis</strong></span> 
     </span>
    </p>
   </div>
   <div class='ocr_carea' id='block_1_38' title="bbox 221 2241 3419 2310">
    <p class='ocr_par' dir='ltr' id='par_1_38' title="bbox 221 2241 3419 2310">
     <span class='ocr_line' id='line_1_38' title="bbox 221 2241 3419 2310; baseline 0.003 -17"><span class='ocrx_word' id='word_1_280' title='bbox 221 2243 536 2296; x_wconf 64' lang='lat' dir='ltr'><strong>Nounﬂuic</strong></span> <span class='ocrx_word' id='word_1_281' title='bbox 569 2244 856 2310; x_wconf 65' lang='lat' dir='ltr'><strong>Hlerouymi</strong></span> <span class='ocrx_word' id='word_1_282' title='bbox 884 2252 1049 2293; x_wconf 85' lang='lat' dir='ltr'><strong>contra</strong></span> <span class='ocrx_word' id='word_1_283' title='bbox 1077 2242 1323 2304; x_wconf 77' lang='lat' dir='ltr'><strong>Ruﬁnum,</strong></span> <span class='ocrx_word' id='word_1_284' title='bbox 1359 2243 1542 2310; x_wconf 77' lang='lat' dir='ltr'><strong>Ruﬁni</strong></span> <span class='ocrx_word' id='word_1_285' title='bbox 1577 2249 1745 2292; x_wconf 88' lang='lat' dir='ltr'><strong>contra</strong></span> <span class='ocrx_word' id='word_1_286' title='bbox 1779 2241 2136 2310; x_wconf 72' lang='lat' dir='ltr'><strong>Hieronymum</strong></span> <span class='ocrx_word' id='word_1_287' title='bbox 2168 2242 2461 2306; x_wconf 79' lang='lat' dir='ltr'><strong>Apologiam</strong></span> <span class='ocrx_word' id='word_1_288' title='bbox 2485 2247 2707 2305; x_wconf 82' lang='lat' dir='ltr'><strong>subjicit.</strong></span> <span class='ocrx_word' id='word_1_289' title='bbox 2729 2247 2777 2293; x_wconf 85' lang='lat' dir='ltr'><strong>in</strong></span> <span class='ocrx_word' id='word_1_290' title='bbox 2799 2249 3105 2309; x_wconf 86' lang='lat' dir='ltr'><strong>appendiee,</strong></span> <span class='ocrx_word' id='word_1_291' title='bbox 3132 2248 3419 2303; x_wconf 80' lang='lat' dir='ltr'><strong>Vallarslus.</strong></span> 
     </span>
    </p>
   </div>
   <div class='ocr_carea' id='block_1_39' title="bbox 163 2305 3422 2369">
    <p class='ocr_par' dir='ltr' id='par_1_39' title="bbox 163 2305 3422 2369">
     <span class='ocr_line' id='line_1_39' title="bbox 163 2305 3422 2369; baseline 0.002 -14"><span class='ocrx_word' id='word_1_292' title='bbox 163 2307 323 2357; x_wconf 75' lang='lat' dir='ltr'><strong>Nobis</strong></span> <span class='ocrx_word' id='word_1_293' title='bbox 348 2319 489 2361; x_wconf 81' lang='lat' dir='ltr'><strong>vero,</strong></span> <span class='ocrx_word' id='word_1_294' title='bbox 512 2311 626 2369; x_wconf 84' lang='lat' dir='ltr'><strong>quia</strong></span> <span class='ocrx_word' id='word_1_295' title='bbox 654 2306 1037 2369; x_wconf 14' lang='lat' dir='ltr'><strong>lluliuianorumg</strong></span> <span class='ocrx_word' id='word_1_296' title='bbox 1070 2319 1275 2365; x_wconf 82' lang='lat' dir='ltr'><strong>operum</strong></span> <span class='ocrx_word' id='word_1_297' title='bbox 1312 2308 1748 2369; x_wconf 65' lang='lat' dir='ltr'><strong>locupletissimum</strong></span> <span class='ocrx_word' id='word_1_298' title='bbox 1781 2305 2050 2353; x_wconf 88' lang='lat' dir='ltr'><strong>editionem</strong></span> <span class='ocrx_word' id='word_1_299' title='bbox 2086 2305 2134 2352; x_wconf 93' lang='lat' dir='ltr'><strong>in</strong></span> <span class='ocrx_word' id='word_1_300' title='bbox 2177 2305 2656 2369; x_wconf 15' lang='lat' dir='ltr'><strong>tornoi’prtecedeuti</strong></span> <span class='ocrx_word' id='word_1_301' title='bbox 2683 2305 2988 2368; x_wconf 45' lang='lat' dir='ltr'><strong>recud&#39;imus,</strong></span> <span class='ocrx_word' id='word_1_302' title='bbox 3013 2305 3134 2358; x_wconf 79' lang='lat' dir='ltr'><strong>satis</strong></span> <span class='ocrx_word' id='word_1_303' title='bbox 3167 2320 3268 2360; x_wconf 88' lang='lat' dir='ltr'><strong>erit</strong></span> <span class='ocrx_word' id='word_1_304' title='bbox 3300 2312 3422 2362; x_wconf 88' lang='lat' dir='ltr'><strong>illuc</strong></span> 
     </span>
    </p>
   </div>
   <div class='ocr_carea' id='block_1_40' title="bbox 166 2367 3422 2432">
    <p class='ocr_par' dir='ltr' id='par_1_40' title="bbox 166 2367 3422 2432">
     <span class='ocr_line' id='line_1_40' title="bbox 166 2367 3422 2432; baseline 0.002 -16"><span class='ocrx_word' id='word_1_305' title='bbox 166 2372 416 2419; x_wconf 87' lang='lat' dir='ltr'><strong>lectorem</strong></span> <span class='ocrx_word' id='word_1_306' title='bbox 447 2367 703 2429; x_wconf 76' lang='lat' dir='ltr'><strong>revocare,</strong></span> <span class='ocrx_word' id='word_1_307' title='bbox 755 2381 852 2416; x_wconf 88' lang='lat' dir='ltr'><strong>non</strong></span> <span class='ocrx_word' id='word_1_308' title='bbox 881 2376 978 2431; x_wconf 77' lang='lat' dir='ltr'><strong>jam</strong></span> <span class='ocrx_word' id='word_1_309' title='bbox 1011 2367 1071 2415; x_wconf 91' lang='lat' dir='ltr'><strong>de</strong></span> <span class='ocrx_word' id='word_1_310' title='bbox 1100 2368 1270 2415; x_wconf 84' lang='lat' dir='ltr'><strong>lacuna</strong></span> <span class='ocrx_word' id='word_1_311' title='bbox 1311 2382 1455 2429; x_wconf 87' lang='lat' dir='ltr'><strong>quam</strong></span> <span class='ocrx_word' id='word_1_312' title='bbox 1476 2369 1556 2416; x_wconf 88' lang='lat' dir='ltr'><strong>hic</strong></span> <span class='ocrx_word' id='word_1_313' title='bbox 1579 2367 1712 2416; x_wconf 89' lang='lat' dir='ltr'><strong>inter</strong></span> <span class='ocrx_word' id='word_1_314' title='bbox 1741 2380 1977 2416; x_wconf 86' lang='lat' dir='ltr'><strong>numeros</strong></span> <span class='ocrx_word' id='word_1_315' title='bbox 2029 2371 2254 2416; x_wconf 74' lang='lat' dir='ltr'><strong>crassiori</strong></span> <span class='ocrx_word' id='word_1_316' title='bbox 2289 2368 2579 2420; x_wconf 83' lang='lat' dir='ltr'><strong>charactere</strong></span> <span class='ocrx_word' id='word_1_317' title='bbox 2610 2384 2874 2432; x_wconf 76' lang='lat' dir='ltr'><strong>expressos</strong></span> <span class='ocrx_word' id='word_1_318' title='bbox 2915 2375 3311 2426; x_wconf 78' lang='lat' dir='ltr'><strong>animadvertere</strong></span> <span class='ocrx_word' id='word_1_319' title='bbox 3339 2379 3422 2425; x_wconf 78' lang='lat' dir='ltr'><strong>est</strong></span> 
     </span>
    </p>
   </div>
   <div class='ocr_carea' id='block_1_41' title="bbox 159 2436 529 2492">
    <p class='ocr_par' dir='ltr' id='par_1_41' title="bbox 159 2436 529 2492">
     <span class='ocr_line' id='line_1_41' title="bbox 159 2436 529 2492; baseline 0.005 -14"><span class='ocrx_word' id='word_1_320' title='bbox 159 2436 529 2492; x_wconf 74' lang='lat' dir='ltr'><strong>aporiaturum.</strong></span> 
     </span>
    </p>
   </div>
   <div class='ocr_carea' id='block_1_42' title="bbox 261 2619 2006 2651">
    <p class='ocr_par' dir='ltr' id='par_1_42' title="bbox 261 2619 2006 2651">
     <span class='ocr_line' id='line_1_42' title="bbox 261 2619 2006 2651; baseline -0.001 -1"><span class='ocrx_word' id='word_1_321' title='bbox 261 2619 2006 2651; x_wconf 51' lang='grc' dir='ltr'><em>Μ</em></span> 
     </span>
    </p>
   </div>
   <div class='ocr_carea' id='block_1_43' title="bbox 729 2788 2868 2862">
    <p class='ocr_par' dir='ltr' id='par_1_43' title="bbox 729 2788 2868 2862">
     <span class='ocr_line' id='line_1_43' title="bbox 729 2788 2868 2862; baseline 0.002 -14"><span class='ocrx_word' id='word_1_322' title='bbox 729 2788 810 2848; x_wconf 83' lang='grc' dir='ltr'><strong>ΙΝ</strong></span> <span class='ocrx_word' id='word_1_323' title='bbox 851 2789 1019 2862; x_wconf 89' lang='lat' dir='ltr'><strong>SEQ.</strong></span> <span class='ocrx_word' id='word_1_324' title='bbox 1070 2790 1478 2854; x_wconf 88' lang='lat' dir='ltr'><strong>DIALOGOS</strong></span> <span class='ocrx_word' id='word_1_325' title='bbox 1508 2788 1833 2854; x_wconf 79' lang='lat' dir='ltr'><strong>CONTRA</strong></span> <span class='ocrx_word' id='word_1_326' title='bbox 1874 2789 2379 2852; x_wconf 82' lang='lat' dir='ltr'><strong>PELAGIANOS</strong></span> <span class='ocrx_word' id='word_1_327' title='bbox 2405 2791 2868 2854; x_wconf 83' lang='lat' dir='ltr'><strong>ADMONITIO.</strong></span> 
     </span>
    </p>
   </div>
   <div class='ocr_carea' id='block_1_44' title="bbox 244 3110 3423 3186">
    <p class='ocr_par' dir='ltr' id='par_1_44' title="bbox 244 3110 3423 3186">
     <span class='ocr_line' id='line_1_44' title="bbox 244 3110 3423 3186; baseline 0 -14"><span class='ocrx_word' id='word_1_328' title='bbox 244 3119 300 3172; x_wconf 78' lang='lat' dir='ltr'><strong>l.</strong></span> <span class='ocrx_word' id='word_1_329' title='bbox 349 3115 452 3170; x_wconf 77' lang='lat' dir='ltr'><strong>Vis</strong></span> <span class='ocrx_word' id='word_1_330' title='bbox 479 3115 608 3169; x_wconf 88' lang='lat' dir='ltr'><strong>dum</strong></span> <span class='ocrx_word' id='word_1_331' title='bbox 639 3112 964 3184; x_wconf 88' lang='lat' dir='ltr'><strong>Origeniana</strong></span> <span class='ocrx_word' id='word_1_332' title='bbox 989 3113 1213 3181; x_wconf 88' lang='lat' dir='ltr'><strong>perfidia</strong></span> <span class='ocrx_word' id='word_1_333' title='bbox 1241 3128 1456 3183; x_wconf 85' lang='lat' dir='ltr'><strong>quaqua</strong></span> <span class='ocrx_word' id='word_1_334' title='bbox 1494 3111 1669 3179; x_wconf 89' lang='lat' dir='ltr'><strong>patuit</strong></span> <span class='ocrx_word' id='word_1_335' title='bbox 1696 3110 2042 3168; x_wconf 85' lang='lat' dir='ltr'><strong>Christianus</strong></span> <span class='ocrx_word' id='word_1_336' title='bbox 2077 3115 2226 3169; x_wconf 90' lang='lat' dir='ltr'><strong>orbis</strong></span> <span class='ocrx_word' id='word_1_337' title='bbox 2259 3117 2533 3176; x_wconf 84' lang='lat' dir='ltr'><strong>damnata,</strong></span> <span class='ocrx_word' id='word_1_338' title='bbox 2572 3113 2903 3186; x_wconf 84' lang='lat' dir='ltr'><strong>Hieronymo</strong></span> <span class='ocrx_word' id='word_1_339' title='bbox 2932 3116 3177 3170; x_wconf 83' lang='lat' dir='ltr'><strong>cervices</strong></span> <span class='ocrx_word' id='word_1_340' title='bbox 3234 3116 3423 3172; x_wconf 84' lang='lat' dir='ltr'><strong>subdi—</strong></span> 
     </span>
    </p>
   </div>
   <div class='ocr_carea' id='block_1_45' title="bbox 159 3199 3418 3273">
    <p class='ocr_par' dir='ltr' id='par_1_45' title="bbox 159 3199 3418 3273">
     <span class='ocr_line' id='line_1_45' title="bbox 159 3199 3418 3273; baseline -0.001 -11"><span class='ocrx_word' id='word_1_341' title='bbox 159 3208 337 3268; x_wconf 84' lang='lat' dir='ltr'><strong>derat,</strong></span> <span class='ocrx_word' id='word_1_342' title='bbox 369 3219 500 3260; x_wconf 90' lang='lat' dir='ltr'><strong>cum</strong></span> <span class='ocrx_word' id='word_1_343' title='bbox 531 3201 715 3258; x_wconf 87' lang='lat' dir='ltr'><strong>subito</strong></span> <span class='ocrx_word' id='word_1_344' title='bbox 749 3201 1097 3273; x_wconf 86' lang='lat' dir='ltr'><strong>Pelagianutn</strong></span> <span class='ocrx_word' id='word_1_345' title='bbox 1136 3200 1336 3254; x_wconf 89' lang='lat' dir='ltr'><strong>bellum</strong></span> <span class='ocrx_word' id='word_1_346' title='bbox 1386 3201 1675 3264; x_wconf 81' lang='lat' dir='ltr'><strong>exardere,</strong></span> <span class='ocrx_word' id='word_1_347' title='bbox 1704 3199 1986 3258; x_wconf 83' lang='lat' dir='ltr'><strong>Ecclesias</strong></span> <span class='ocrx_word' id='word_1_348' title='bbox 2019 3202 2126 3256; x_wconf 90' lang='lat' dir='ltr'><strong>late</strong></span> <span class='ocrx_word' id='word_1_349' title='bbox 2163 3203 2472 3271; x_wconf 87' lang='lat' dir='ltr'><strong>pervagari,</strong></span> <span class='ocrx_word' id='word_1_350' title='bbox 2524 3213 2823 3272; x_wconf 86' lang='lat' dir='ltr'><strong>natumque</strong></span> <span class='ocrx_word' id='word_1_351' title='bbox 2853 3208 2986 3257; x_wconf 86' lang='lat' dir='ltr'><strong>adeo</strong></span> <span class='ocrx_word' id='word_1_352' title='bbox 3016 3206 3278 3260; x_wconf 86' lang='lat' dir='ltr'><strong>monstris</strong></span> <span class='ocrx_word' id='word_1_353' title='bbox 3313 3209 3418 3260; x_wconf 88' lang='lat' dir='ltr'><strong>eli-</strong></span> 
     </span>
    </p>
   </div>
   <div class='ocr_carea' id='block_1_46' title="bbox 159 3288 3418 3360">
    <p class='ocr_par' dir='ltr' id='par_1_46' title="bbox 159 3288 3418 3360">
     <span class='ocr_line' id='line_1_46' title="bbox 159 3288 3418 3360; baseline -0 -11"><span class='ocrx_word' id='word_1_354' title='bbox 159 3298 354 3350; x_wconf 80' lang='lat' dir='ltr'><strong>(tendis</strong></span> <span class='ocrx_word' id='word_1_355' title='bbox 377 3299 663 3350; x_wconf 85' lang='lat' dir='ltr'><strong>doctorem</strong></span> <span class='ocrx_word' id='word_1_356' title='bbox 697 3295 1017 3355; x_wconf 79' lang='lat' dir='ltr'><strong>maximum,</strong></span> <span class='ocrx_word' id='word_1_357' title='bbox 1055 3293 1274 3346; x_wconf 85' lang='lat' dir='ltr'><strong>tametsi</strong></span> <span class='ocrx_word' id='word_1_358' title='bbox 1307 3291 1417 3360; x_wconf 82' lang='lat' dir='ltr'><strong>jam</strong></span> <span class='ocrx_word' id='word_1_359' title='bbox 1467 3291 1623 3344; x_wconf 88' lang='lat' dir='ltr'><strong>senio</strong></span> <span class='ocrx_word' id='word_1_360' title='bbox 1663 3290 2001 3354; x_wconf 87' lang='lat' dir='ltr'><strong>confectum,</strong></span> <span class='ocrx_word' id='word_1_361' title='bbox 2037 3300 2097 3342; x_wconf 92' lang='lat' dir='ltr'><strong>ut</strong></span> <span class='ocrx_word' id='word_1_362' title='bbox 2127 3288 2180 3341; x_wconf 92' lang='lat' dir='ltr'><strong>in</strong></span> <span class='ocrx_word' id='word_1_363' title='bbox 2210 3290 2382 3343; x_wconf 90' lang='lat' dir='ltr'><strong>aciem</strong></span> <span class='ocrx_word' id='word_1_364' title='bbox 2417 3291 2798 3354; x_wconf 83' lang='lat' dir='ltr'><strong>descenderet,</strong></span> <span class='ocrx_word' id='word_1_365' title='bbox 2829 3292 3072 3346; x_wconf 79' lang='lat' dir='ltr'><strong>excitare</strong></span> <span class='ocrx_word' id='word_1_366' title='bbox 3108 3309 3122 3346; x_wconf 85' lang='lat'><strong>:</strong></span> <span class='ocrx_word' id='word_1_367' title='bbox 3160 3303 3218 3346; x_wconf 90' lang='lat' dir='ltr'><strong>ut</strong></span> <span class='ocrx_word' id='word_1_368' title='bbox 3246 3295 3418 3359; x_wconf 87' lang='lat' dir='ltr'><strong>nulla,</strong></span> 
     </span>
    </p>
   </div>
   <div class='ocr_carea' id='block_1_47' title="bbox 159 3380 3418 3453">
    <p class='ocr_par' dir='ltr' id='par_1_47' title="bbox 159 3380 3418 3453">
     <span class='ocr_line' id='line_1_47' title="bbox 159 3380 3418 3453; baseline -0.001 -16"><span class='ocrx_word' id='word_1_369' title='bbox 159 3390 382 3453; x_wconf 85' lang='lat' dir='ltr'><strong>opinor,</strong></span> <span class='ocrx_word' id='word_1_370' title='bbox 419 3385 545 3438; x_wconf 86' lang='lat' dir='ltr'><strong>laus</strong></span> <span class='ocrx_word' id='word_1_371' title='bbox 597 3398 841 3452; x_wconf 87' lang='lat' dir='ltr'><strong>unquam</strong></span> <span class='ocrx_word' id='word_1_372' title='bbox 874 3393 1017 3436; x_wconf 75' lang='lat' dir='ltr'><strong>esset</strong></span> <span class='ocrx_word' id='word_1_373' title='bbox 1044 3381 1303 3450; x_wconf 67' lang='lat' dir='ltr'><strong>jugulataa</strong></span> <span class='ocrx_word' id='word_1_374' title='bbox 1339 3382 1633 3443; x_wconf 73' lang='lat' dir='ltr'><strong>haereseos,</strong></span> <span class='ocrx_word' id='word_1_375' title='bbox 1674 3396 1778 3447; x_wconf 87' lang='lat' dir='ltr'><strong>qua</strong></span> <span class='ocrx_word' id='word_1_376' title='bbox 1815 3380 1905 3433; x_wconf 89' lang='lat' dir='ltr'><strong>ille</strong></span> <span class='ocrx_word' id='word_1_377' title='bbox 1940 3390 2034 3433; x_wconf 89' lang='lat' dir='ltr'><strong>aut</strong></span> <span class='ocrx_word' id='word_1_378' title='bbox 2061 3380 2211 3434; x_wconf 87' lang='lat' dir='ltr'><strong>solus</strong></span> <span class='ocrx_word' id='word_1_379' title='bbox 2241 3396 2348 3434; x_wconf 90' lang='lat' dir='ltr'><strong>non</strong></span> <span class='ocrx_word' id='word_1_380' title='bbox 2383 3381 2705 3444; x_wconf 88' lang='lat' dir='ltr'><strong>donaretur,</strong></span> <span class='ocrx_word' id='word_1_381' title='bbox 2745 3392 2836 3433; x_wconf 92' lang='lat' dir='ltr'><strong>aut</strong></span> <span class='ocrx_word' id='word_1_382' title='bbox 2864 3383 3094 3449; x_wconf 88' lang='lat' dir='ltr'><strong>primus.</strong></span> <span class='ocrx_word' id='word_1_383' title='bbox 3149 3381 3418 3436; x_wconf 80' lang='lat' dir='ltr'><strong>Exsecra-</strong></span> 
     </span>
    </p>
   </div>
   <div class='ocr_carea' id='block_1_48' title="bbox 160 3465 3418 3540">
    <p class='ocr_par' dir='ltr' id='par_1_48' title="bbox 160 3465 3418 3540">
     <span class='ocr_line' id='line_1_48' title="bbox 160 3465 3418 3540; baseline 0 -18"><span class='ocrx_word' id='word_1_384' title='bbox 160 3474 326 3526; x_wconf 85' lang='lat' dir='ltr'><strong>bilem</strong></span> <span class='ocrx_word' id='word_1_385' title='bbox 358 3473 673 3526; x_wconf 81' lang='lat' dir='ltr'><strong>doctrinam</strong></span> <span class='ocrx_word' id='word_1_386' title='bbox 705 3487 874 3540; x_wconf 89' lang='lat' dir='ltr'><strong>quam</strong></span> <span class='ocrx_word' id='word_1_387' title='bbox 907 3471 1092 3524; x_wconf 64' lang='lat' dir='ltr'><strong>Romae</strong></span> <span class='ocrx_word' id='word_1_388' title='bbox 1122 3470 1390 3524; x_wconf 86' lang='lat' dir='ltr'><strong>didicerat</strong></span> <span class='ocrx_word' id='word_1_389' title='bbox 1430 3484 1459 3522; x_wconf 90' lang='lat' dir='ltr'><strong>a</strong></span> <span class='ocrx_word' id='word_1_390' title='bbox 1495 3467 1694 3521; x_wconf 85' lang='lat' dir='ltr'><strong>Rufino</strong></span> <span class='ocrx_word' id='word_1_391' title='bbox 1730 3468 1965 3536; x_wconf 88' lang='lat' dir='ltr'><strong>quodam</strong></span> <span class='ocrx_word' id='word_1_392' title='bbox 2024 3467 2162 3537; x_wconf 85' lang='lat' dir='ltr'><strong>Syro</strong></span> <span class='ocrx_word' id='word_1_393' title='bbox 2203 3465 2476 3536; x_wconf 77' lang='lat' dir='ltr'><strong>Pelagius,</strong></span> <span class='ocrx_word' id='word_1_394' title='bbox 2531 3467 2869 3523; x_wconf 69' lang='lat' dir='ltr'><strong>Palaestinam</strong></span> <span class='ocrx_word' id='word_1_395' title='bbox 2905 3467 3223 3536; x_wconf 86' lang='lat' dir='ltr'><strong>importavit</strong></span> <span class='ocrx_word' id='word_1_396' title='bbox 3268 3470 3418 3525; x_wconf 88' lang='lat' dir='ltr'><strong>circa</strong></span> 
     </span>
    </p>
   </div>
   <div class='ocr_carea' id='block_1_49' title="bbox 158 3554 3418 3628">
    <p class='ocr_par' dir='ltr' id='par_1_49' title="bbox 158 3554 3418 3628">
     <span class='ocr_line' id='line_1_49' title="bbox 158 3554 3418 3628; baseline -0.001 -17"><span class='ocrx_word' id='word_1_397' title='bbox 158 3577 366 3614; x_wconf 88' lang='lat' dir='ltr'><strong>annum</strong></span> <span class='ocrx_word' id='word_1_398' title='bbox 393 3560 602 3614; x_wconf 85' lang='lat' dir='ltr'><strong>Christi</strong></span> <span class='ocrx_word' id='word_1_399' title='bbox 644 3560 770 3622; x_wconf 68' lang='grc'><strong>412.</strong></span> <span class='ocrx_word' id='word_1_400' title='bbox 807 3569 859 3612; x_wconf 91' lang='lat' dir='ltr'><strong>el</strong></span> <span class='ocrx_word' id='word_1_401' title='bbox 895 3559 1291 3628; x_wconf 59' lang='lat' dir='ltr'><strong>Hierosolyma</strong></span> <span class='ocrx_word' id='word_1_402' title='bbox 1319 3560 1528 3619; x_wconf 87' lang='lat' dir='ltr'><strong>docuit,</strong></span> <span class='ocrx_word' id='word_1_403' title='bbox 1571 3558 1662 3610; x_wconf 92' lang='lat' dir='ltr'><strong>ubi</strong></span> <span class='ocrx_word' id='word_1_404' title='bbox 1695 3565 1970 3610; x_wconf 91' lang='lat' dir='ltr'><strong>annuente</strong></span> <span class='ocrx_word' id='word_1_405' title='bbox 2002 3556 2122 3621; x_wconf 88' lang='lat' dir='ltr'><strong>ejus</strong></span> <span class='ocrx_word' id='word_1_406' title='bbox 2157 3554 2308 3607; x_wconf 89' lang='lat' dir='ltr'><strong>urbis</strong></span> <span class='ocrx_word' id='word_1_407' title='bbox 2338 3559 2603 3624; x_wconf 87' lang='lat' dir='ltr'><strong>episcopo</strong></span> <span class='ocrx_word' id='word_1_408' title='bbox 2653 3555 2887 3616; x_wconf 78' lang='lat' dir='ltr'><strong>Joanne.</strong></span> <span class='ocrx_word' id='word_1_409' title='bbox 2925 3573 3100 3625; x_wconf 85' lang='lat' dir='ltr'><strong>usque</strong></span> <span class='ocrx_word' id='word_1_410' title='bbox 3133 3558 3269 3610; x_wconf 81' lang='lat' dir='ltr'><strong>adeo</strong></span> <span class='ocrx_word' id='word_1_411' title='bbox 3292 3573 3418 3626; x_wconf 86' lang='lat' dir='ltr'><strong>pro-</strong></span> 
     </span>
    </p>
   </div>
   <div class='ocr_carea' id='block_1_50' title="bbox 157 3642 3418 3714">
    <p class='ocr_par' dir='ltr' id='par_1_50' title="bbox 157 3642 3418 3714">
     <span class='ocr_line' id='line_1_50' title="bbox 157 3642 3418 3714; baseline 0 -15"><span class='ocrx_word' id='word_1_412' title='bbox 157 3648 308 3710; x_wconf 87' lang='lat' dir='ltr'><strong>fecit,</strong></span> <span class='ocrx_word' id='word_1_413' title='bbox 343 3658 404 3700; x_wconf 93' lang='lat' dir='ltr'><strong>ut</strong></span> <span class='ocrx_word' id='word_1_414' title='bbox 455 3656 640 3701; x_wconf 79' lang='lat' dir='ltr'><strong>essent</strong></span> <span class='ocrx_word' id='word_1_415' title='bbox 670 3649 764 3714; x_wconf 90' lang='lat' dir='ltr'><strong>qui</strong></span> <span class='ocrx_word' id='word_1_416' title='bbox 803 3662 904 3700; x_wconf 87' lang='lat' dir='ltr'><strong>suo</strong></span> <span class='ocrx_word' id='word_1_417' title='bbox 936 3649 1002 3700; x_wconf 87' lang='lat' dir='ltr'><strong>de</strong></span> <span class='ocrx_word' id='word_1_418' title='bbox 1034 3647 1257 3700; x_wconf 86' lang='lat' dir='ltr'><strong>nomine</strong></span> <span class='ocrx_word' id='word_1_419' title='bbox 1304 3646 1731 3714; x_wconf 83' lang='lat' dir='ltr'><strong>appellarentur.</strong></span> <span class='ocrx_word' id='word_1_420' title='bbox 1789 3644 2016 3697; x_wconf 89' lang='lat' dir='ltr'><strong>Summa</strong></span> <span class='ocrx_word' id='word_1_421' title='bbox 2069 3642 2342 3696; x_wconf 69' lang='lat' dir='ltr'><strong>haereseos</strong></span> <span class='ocrx_word' id='word_1_422' title='bbox 2380 3659 2475 3711; x_wconf 83' lang='lat' dir='ltr'><strong>per</strong></span> <span class='ocrx_word' id='word_1_423' title='bbox 2509 3644 2557 3696; x_wconf 92' lang='lat' dir='ltr'><strong>id</strong></span> <span class='ocrx_word' id='word_1_424' title='bbox 2596 3645 2858 3712; x_wconf 87' lang='lat' dir='ltr'><strong>temporis</strong></span> <span class='ocrx_word' id='word_1_425' title='bbox 2904 3645 3020 3699; x_wconf 71' lang='lat' dir='ltr'><strong>lucc</strong></span> <span class='ocrx_word' id='word_1_426' title='bbox 3045 3653 3207 3701; x_wconf 85' lang='lat' dir='ltr'><strong>erat:</strong></span> <span class='ocrx_word' id='word_1_427' title='bbox 3251 3645 3418 3699; x_wconf 86' lang='lat' dir='ltr'><strong>Posse</strong></span> 
     </span>
    </p>
   </div>
   <div class='ocr_carea' id='block_1_51' title="bbox 160 3731 3415 3804">
    <p class='ocr_par' dir='ltr' id='par_1_51' title="bbox 160 3731 3415 3804">
     <span class='ocr_line' id='line_1_51' title="bbox 160 3731 3415 3804; baseline -0.001 -15"><span class='ocrx_word' id='word_1_428' title='bbox 160 3739 416 3790; x_wconf 79' lang='lat' dir='ltr'><strong>hemines</strong></span> <span class='ocrx_word' id='word_1_429' title='bbox 452 3738 573 3790; x_wconf 85' lang='lat' dir='ltr'><strong>sine</strong></span> <span class='ocrx_word' id='word_1_430' title='bbox 600 3746 824 3804; x_wconf 87' lang='lat' dir='ltr'><strong>peccato</strong></span> <span class='ocrx_word' id='word_1_431' title='bbox 855 3751 974 3790; x_wconf 88' lang='lat' dir='ltr'><strong>esse</strong></span> <span class='ocrx_word' id='word_1_432' title='bbox 1007 3739 1050 3789; x_wconf 93' lang='lat' dir='ltr'><strong>si</strong></span> <span class='ocrx_word' id='word_1_433' title='bbox 1083 3737 1250 3791; x_wconf 91' lang='lat' dir='ltr'><strong>velint</strong></span> <span class='ocrx_word' id='word_1_434' title='bbox 1281 3752 1296 3802; x_wconf 86' lang='lat'>;</span> <span class='ocrx_word' id='word_1_435' title='bbox 1329 3736 1525 3789; x_wconf 64' lang='lat' dir='ltr'><strong>divina;</strong></span> <span class='ocrx_word' id='word_1_436' title='bbox 1574 3735 1761 3804; x_wconf 74' lang='lat' dir='ltr'><strong>gratia:</strong></span> <span class='ocrx_word' id='word_1_437' title='bbox 1815 3731 2192 3786; x_wconf 88' lang='lat' dir='ltr'><strong>necessitatem</strong></span> <span class='ocrx_word' id='word_1_438' title='bbox 2221 3731 2436 3785; x_wconf 87' lang='lat' dir='ltr'><strong>arbitrii</strong></span> <span class='ocrx_word' id='word_1_439' title='bbox 2467 3732 2706 3786; x_wconf 84' lang='lat' dir='ltr'><strong>libertati</strong></span> <span class='ocrx_word' id='word_1_440' title='bbox 2739 3733 2975 3797; x_wconf 76' lang='lat' dir='ltr'><strong>ofﬁcere,</strong></span> <span class='ocrx_word' id='word_1_441' title='bbox 3025 3741 3100 3798; x_wconf 93' lang='lat' dir='ltr'><strong>et,</strong></span> <span class='ocrx_word' id='word_1_442' title='bbox 3128 3732 3272 3801; x_wconf 91' lang='lat' dir='ltr'><strong>quod</strong></span> <span class='ocrx_word' id='word_1_443' title='bbox 3311 3734 3415 3786; x_wconf 87' lang='lat' dir='ltr'><strong>mi-</strong></span> 
     </span>
    </p>
   </div>
   <div class='ocr_carea' id='block_1_52' title="bbox 157 3818 3416 3893">
    <p class='ocr_par' dir='ltr' id='par_1_52' title="bbox 157 3818 3416 3893">
     <span class='ocr_line' id='line_1_52' title="bbox 157 3818 3416 3893; baseline -0.001 -16"><span class='ocrx_word' id='word_1_444' title='bbox 157 3827 279 3878; x_wconf 91' lang='lat' dir='ltr'><strong>nori</strong></span> <span class='ocrx_word' id='word_1_445' title='bbox 315 3825 507 3878; x_wconf 84' lang='lat' dir='ltr'><strong>studio</strong></span> <span class='ocrx_word' id='word_1_446' title='bbox 541 3825 753 3878; x_wconf 89' lang='lat' dir='ltr'><strong>videtur</strong></span> <span class='ocrx_word' id='word_1_447' title='bbox 781 3834 908 3878; x_wconf 92' lang='lat' dir='ltr'><strong>tunc</strong></span> <span class='ocrx_word' id='word_1_448' title='bbox 940 3824 1136 3877; x_wconf 91' lang='lat' dir='ltr'><strong>saltem</strong></span> <span class='ocrx_word' id='word_1_449' title='bbox 1166 3825 1452 3893; x_wconf 85' lang='lat' dir='ltr'><strong>jactatum,</strong></span> <span class='ocrx_word' id='word_1_450' title='bbox 1486 3838 1592 3877; x_wconf 91' lang='lat' dir='ltr'><strong>non</strong></span> <span class='ocrx_word' id='word_1_451' title='bbox 1650 3837 1774 3876; x_wconf 91' lang='lat' dir='ltr'><strong>esse</strong></span> <span class='ocrx_word' id='word_1_452' title='bbox 1806 3822 2086 3874; x_wconf 86' lang='lat' dir='ltr'><strong>traducem</strong></span> <span class='ocrx_word' id='word_1_453' title='bbox 2118 3822 2344 3889; x_wconf 75' lang='lat' dir='ltr'><strong>peccati.</strong></span> <span class='ocrx_word' id='word_1_454' title='bbox 2381 3818 2746 3890; x_wconf 82' lang='lat' dir='ltr'><strong>Hieronymus</strong></span> <span class='ocrx_word' id='word_1_455' title='bbox 2774 3823 2826 3873; x_wconf 91' lang='lat' dir='ltr'><strong>in</strong></span> <span class='ocrx_word' id='word_1_456' title='bbox 2863 3822 3039 3882; x_wconf 87' lang='lat' dir='ltr'><strong>libris,</strong></span> <span class='ocrx_word' id='word_1_457' title='bbox 3081 3837 3219 3889; x_wconf 85' lang='lat' dir='ltr'><strong>quos</strong></span> <span class='ocrx_word' id='word_1_458' title='bbox 3254 3824 3322 3875; x_wconf 88' lang='lat' dir='ltr'><strong>ab</strong></span> <span class='ocrx_word' id='word_1_459' title='bbox 3347 3837 3416 3875; x_wconf 88' lang='lat' dir='ltr'><strong>eo</strong></span> 
     </span>
    </p>
   </div>
   <div class='ocr_carea' id='block_1_53' title="bbox 158 3909 3416 3980">
    <p class='ocr_par' dir='ltr' id='par_1_53' title="bbox 158 3909 3416 3980">
     <span class='ocr_line' id='line_1_53' title="bbox 158 3909 3416 3980; baseline -0.002 -15"><span class='ocrx_word' id='word_1_460' title='bbox 158 3921 414 3980; x_wconf 86' lang='lat' dir='ltr'><strong>tempore</strong></span> <span class='ocrx_word' id='word_1_461' title='bbox 444 3912 747 3968; x_wconf 86' lang='lat' dir='ltr'><strong>elaboravit</strong></span> <span class='ocrx_word' id='word_1_462' title='bbox 775 3916 1014 3966; x_wconf 72' lang='lat' dir='ltr'><strong>maxime</strong></span> <span class='ocrx_word' id='word_1_463' title='bbox 1038 3911 1468 3966; x_wconf 87' lang='lat' dir='ltr'><strong>Commentariis</strong></span> <span class='ocrx_word' id='word_1_464' title='bbox 1502 3912 1555 3965; x_wconf 92' lang='lat' dir='ltr'><strong>in</strong></span> <span class='ocrx_word' id='word_1_465' title='bbox 1585 3909 1877 3972; x_wconf 83' lang='lat' dir='ltr'><strong>Jeremiam</strong></span> <span class='ocrx_word' id='word_1_466' title='bbox 1905 3909 2280 3962; x_wconf 87' lang='lat' dir='ltr'><strong>detestandam</strong></span> <span class='ocrx_word' id='word_1_467' title='bbox 2314 3909 2632 3974; x_wconf 87' lang='lat' dir='ltr'><strong>superbiam</strong></span> <span class='ocrx_word' id='word_1_468' title='bbox 2674 3909 2967 3975; x_wconf 70' lang='lat' dir='ltr'><strong>suggillare</strong></span> <span class='ocrx_word' id='word_1_469' title='bbox 2997 3921 3215 3976; x_wconf 90' lang='lat' dir='ltr'><strong>arrepta</strong></span> <span class='ocrx_word' id='word_1_470' title='bbox 3257 3924 3416 3962; x_wconf 85' lang='lat' dir='ltr'><strong>occa-</strong></span> 
     </span>
    </p>
   </div>
   <div class='ocr_carea' id='block_1_54' title="bbox 154 3998 3412 4068">
    <p class='ocr_par' dir='ltr' id='par_1_54' title="bbox 154 3998 3412 4068">
     <span class='ocr_line' id='line_1_54' title="bbox 154 3998 3412 4068; baseline 0 -15"><span class='ocrx_word' id='word_1_471' title='bbox 154 4001 311 4053; x_wconf 81' lang='lat' dir='ltr'><strong>sione</strong></span> <span class='ocrx_word' id='word_1_472' title='bbox 351 4018 461 4055; x_wconf 84' lang='lat' dir='ltr'><strong>non</strong></span> <span class='ocrx_word' id='word_1_473' title='bbox 490 4002 750 4067; x_wconf 85' lang='lat' dir='ltr'><strong>destitit;</strong></span> <span class='ocrx_word' id='word_1_474' title='bbox 791 4001 885 4055; x_wconf 87' lang='lat' dir='ltr'><strong>sed</strong></span> <span class='ocrx_word' id='word_1_475' title='bbox 932 4002 1248 4055; x_wconf 87' lang='lat' dir='ltr'><strong>nominibus</strong></span> <span class='ocrx_word' id='word_1_476' title='bbox 1278 4001 1538 4053; x_wconf 86' lang='lat' dir='ltr'><strong>continuo</strong></span> <span class='ocrx_word' id='word_1_477' title='bbox 1586 4001 1849 4068; x_wconf 85' lang='lat' dir='ltr'><strong>pepercit,</strong></span> <span class='ocrx_word' id='word_1_478' title='bbox 1887 4014 2023 4067; x_wconf 89' lang='lat' dir='ltr'><strong>quos</strong></span> <span class='ocrx_word' id='word_1_479' title='bbox 2067 4015 2150 4051; x_wconf 85' lang='lat' dir='ltr'><strong>eos</strong></span> <span class='ocrx_word' id='word_1_480' title='bbox 2202 3998 2385 4050; x_wconf 79' lang='lat' dir='ltr'><strong>mallet</strong></span> <span class='ocrx_word' id='word_1_481' title='bbox 2451 4001 2647 4066; x_wconf 77' lang='lat' dir='ltr'><strong>corripi</strong></span> <span class='ocrx_word' id='word_1_482' title='bbox 2681 4016 2840 4068; x_wconf 82' lang='lat' dir='ltr'><strong>quam</strong></span> <span class='ocrx_word' id='word_1_483' title='bbox 2887 4000 3164 4067; x_wconf 81' lang='lat' dir='ltr'><strong>infamari.</strong></span> <span class='ocrx_word' id='word_1_484' title='bbox 3213 4000 3412 4054; x_wconf 77' lang='lat' dir='ltr'><strong>Verum</strong></span> 
     </span>
    </p>
   </div>
   <div class='ocr_carea' id='block_1_55' title="bbox 155 4085 3411 4156">
    <p class='ocr_par' dir='ltr' id='par_1_55' title="bbox 155 4085 3411 4156">
     <span class='ocr_line' id='line_1_55' title="bbox 155 4085 3411 4156; baseline -0 -16"><span class='ocrx_word' id='word_1_485' title='bbox 155 4101 280 4156; x_wconf 84' lang='lat' dir='ltr'><strong>post</strong></span> <span class='ocrx_word' id='word_1_486' title='bbox 307 4088 484 4143; x_wconf 85' lang='lat' dir='ltr'><strong>ferme</strong></span> <span class='ocrx_word' id='word_1_487' title='bbox 505 4090 810 4150; x_wconf 89' lang='lat' dir='ltr'><strong>biennium,</strong></span> <span class='ocrx_word' id='word_1_488' title='bbox 845 4099 897 4140; x_wconf 86' lang='lat' dir='ltr'><strong>et</strong></span> <span class='ocrx_word' id='word_1_489' title='bbox 931 4090 1017 4139; x_wconf 77' lang='lat' dir='ltr'><strong>vix</strong></span> <span class='ocrx_word' id='word_1_490' title='bbox 1051 4090 1227 4156; x_wconf 88' lang='lat' dir='ltr'><strong>primo</strong></span> <span class='ocrx_word' id='word_1_491' title='bbox 1271 4087 1408 4141; x_wconf 92' lang='lat' dir='ltr'><strong>libro</strong></span> <span class='ocrx_word' id='word_1_492' title='bbox 1440 4092 1495 4141; x_wconf 92' lang='lat' dir='ltr'><strong>in</strong></span> <span class='ocrx_word' id='word_1_493' title='bbox 1527 4087 1803 4140; x_wconf 89' lang='lat' dir='ltr'><strong>laudatum</strong></span> <span class='ocrx_word' id='word_1_494' title='bbox 1853 4089 2177 4155; x_wconf 88' lang='lat' dir='ltr'><strong>prophetam</strong></span> <span class='ocrx_word' id='word_1_495' title='bbox 2213 4085 2665 4156; x_wconf 74' lang='lat' dir='ltr'><strong>espleto.stylum</strong></span> <span class='ocrx_word' id='word_1_496' title='bbox 2692 4098 2880 4140; x_wconf 84' lang='lat' dir='ltr'><strong>contra</strong></span> <span class='ocrx_word' id='word_1_497' title='bbox 2907 4089 3218 4140; x_wconf 66' lang='lat' dir='ltr'><strong>hacieticum</strong></span> <span class='ocrx_word' id='word_1_498' title='bbox 3243 4099 3411 4150; x_wconf 87' lang='lat' dir='ltr'><strong>acuit,</strong></span> 
     </span>
    </p>
   </div>
   <div class='ocr_carea' id='block_1_56' title="bbox 152 4175 3409 4244">
    <p class='ocr_par' dir='ltr' id='par_1_56' title="bbox 152 4175 3409 4244">
     <span class='ocr_line' id='line_1_56' title="bbox 152 4175 3409 4244; baseline -0 -14"><span class='ocrx_word' id='word_1_499' title='bbox 152 4176 416 4244; x_wconf 84' lang='lat' dir='ltr'><strong>deditque</strong></span> <span class='ocrx_word' id='word_1_500' title='bbox 449 4176 790 4243; x_wconf 82' lang='lat' dir='ltr'><strong>Ctesiphouti</strong></span> <span class='ocrx_word' id='word_1_501' title='bbox 837 4175 1148 4242; x_wconf 87' lang='lat' dir='ltr'><strong>epistolam,</strong></span> <span class='ocrx_word' id='word_1_502' title='bbox 1178 4192 1341 4241; x_wconf 91' lang='lat' dir='ltr'><strong>quam</strong></span> <span class='ocrx_word' id='word_1_503' title='bbox 1376 4176 1429 4228; x_wconf 93' lang='lat' dir='ltr'><strong>in</strong></span> <span class='ocrx_word' id='word_1_504' title='bbox 1469 4175 1632 4243; x_wconf 86' lang='lat' dir='ltr'><strong>priori</strong></span> <span class='ocrx_word' id='word_1_505' title='bbox 1666 4186 1813 4229; x_wconf 91' lang='lat' dir='ltr'><strong>Iomo</strong></span> <span class='ocrx_word' id='word_1_506' title='bbox 1839 4175 2165 4229; x_wconf 82' lang='lat' dir='ltr'><strong>excudimus</strong></span> <span class='ocrx_word' id='word_1_507' title='bbox 2199 4176 2300 4228; x_wconf 91' lang='lat' dir='ltr'><strong>sub</strong></span> <span class='ocrx_word' id='word_1_508' title='bbox 2328 4190 2559 4227; x_wconf 90' lang='lat' dir='ltr'><strong>numero</strong></span> <span class='ocrx_word' id='word_1_509' title='bbox 2588 4176 2712 4239; x_wconf 73' lang='lat'><strong>133,</strong></span> <span class='ocrx_word' id='word_1_510' title='bbox 2755 4176 2806 4228; x_wconf 92' lang='lat' dir='ltr'><strong>in</strong></span> <span class='ocrx_word' id='word_1_511' title='bbox 2840 4190 2948 4243; x_wconf 86' lang='lat' dir='ltr'><strong>qua</strong></span> <span class='ocrx_word' id='word_1_512' title='bbox 2986 4186 3163 4227; x_wconf 89' lang='lat' dir='ltr'><strong>natam</strong></span> <span class='ocrx_word' id='word_1_513' title='bbox 3193 4193 3222 4228; x_wconf 88' lang='lat' dir='ltr'><strong>e</strong></span> <span class='ocrx_word' id='word_1_514' title='bbox 3258 4189 3409 4228; x_wconf 87' lang='lat' dir='ltr'><strong>vete-</strong></span> 
     </span>
    </p>
   </div>
   <div class='ocr_carea' id='block_1_57' title="bbox 154 4262 3411 4332">
    <p class='ocr_par' dir='ltr' id='par_1_57' title="bbox 154 4262 3411 4332">
     <span class='ocr_line' id='line_1_57' title="bbox 154 4262 3411 4332; baseline 0 -16"><span class='ocrx_word' id='word_1_515' title='bbox 154 4279 277 4316; x_wconf 88' lang='lat' dir='ltr'><strong>rum</strong></span> <span class='ocrx_word' id='word_1_516' title='bbox 318 4264 634 4318; x_wconf 89' lang='lat' dir='ltr'><strong>Stoicorum</strong></span> <span class='ocrx_word' id='word_1_517' title='bbox 670 4264 913 4315; x_wconf 88' lang='lat' dir='ltr'><strong>fontibus</strong></span> <span class='ocrx_word' id='word_1_518' title='bbox 968 4263 1241 4316; x_wconf 67' lang='grc' dir='ltr'><strong>ἀπάθειαν</strong></span> <span class='ocrx_word' id='word_1_519' title='bbox 1287 4266 1361 4316; x_wconf 89' lang='lat' dir='ltr'><strong>ita</strong></span> <span class='ocrx_word' id='word_1_520' title='bbox 1390 4264 1624 4332; x_wconf 82' lang='lat' dir='ltr'><strong>jugulat,</strong></span> <span class='ocrx_word' id='word_1_521' title='bbox 1657 4272 1714 4315; x_wconf 84' lang='lat' dir='ltr'><strong>ut</strong></span> <span class='ocrx_word' id='word_1_522' title='bbox 1748 4273 1926 4316; x_wconf 87' lang='lat' dir='ltr'><strong>tamen</strong></span> <span class='ocrx_word' id='word_1_523' title='bbox 1966 4264 2069 4315; x_wconf 89' lang='lat' dir='ltr'><strong>nisi</strong></span> <span class='ocrx_word' id='word_1_524' title='bbox 2105 4265 2420 4317; x_wconf 82' lang='lat' dir='ltr'><strong>velitatione</strong></span> <span class='ocrx_word' id='word_1_525' title='bbox 2454 4264 2540 4315; x_wconf 83' lang='lat' dir='ltr'><strong>illa</strong></span> <span class='ocrx_word' id='word_1_526' title='bbox 2573 4263 2809 4316; x_wconf 69' lang='lat' dir='ltr'><strong>haeretici</strong></span> <span class='ocrx_word' id='word_1_527' title='bbox 2845 4262 3250 4332; x_wconf 84' lang='lat' dir='ltr'><strong>resipiscerent,</strong></span> <span class='ocrx_word' id='word_1_528' title='bbox 3278 4279 3411 4317; x_wconf 90' lang='lat' dir='ltr'><strong>con-</strong></span> 
     </span>
    </p>
   </div>
   <div class='ocr_carea' id='block_1_58' title="bbox 153 4353 3411 4423">
    <p class='ocr_par' dir='ltr' id='par_1_58' title="bbox 153 4353 3411 4423">
     <span class='ocr_line' id='line_1_58' title="bbox 153 4353 3411 4423; baseline 0 -19"><span class='ocrx_word' id='word_1_529' title='bbox 153 4355 406 4406; x_wconf 89' lang='lat' dir='ltr'><strong>diturum</strong></span> <span class='ocrx_word' id='word_1_530' title='bbox 437 4369 500 4406; x_wconf 91' lang='lat' dir='ltr'><strong>se</strong></span> <span class='ocrx_word' id='word_1_531' title='bbox 531 4354 703 4406; x_wconf 89' lang='lat' dir='ltr'><strong>libros</strong></span> <span class='ocrx_word' id='word_1_532' title='bbox 735 4355 1042 4413; x_wconf 75' lang='lat' dir='ltr'><strong>minitetur,</strong></span> <span class='ocrx_word' id='word_1_533' title='bbox 1091 4356 1295 4421; x_wconf 87' lang='lat' dir='ltr'><strong>quibus</strong></span> <span class='ocrx_word' id='word_1_534' title='bbox 1329 4355 1514 4423; x_wconf 68' lang='lat' dir='ltr'><strong>impiae</strong></span> <span class='ocrx_word' id='word_1_535' title='bbox 1550 4354 1802 4407; x_wconf 69' lang='lat' dir='ltr'><strong>fat-tionis</strong></span> <span class='ocrx_word' id='word_1_536' title='bbox 1839 4353 2121 4407; x_wconf 83' lang='lat' dir='ltr'><strong>Cuniculos</strong></span> <span class='ocrx_word' id='word_1_537' title='bbox 2173 4369 2362 4408; x_wconf 90' lang='lat' dir='ltr'><strong>omnes</strong></span> <span class='ocrx_word' id='word_1_538' title='bbox 2399 4358 2766 4407; x_wconf 78' lang='lat' dir='ltr'><strong>subverteret.</strong></span> <span class='ocrx_word' id='word_1_539' title='bbox 2801 4353 2880 4405; x_wconf 86' lang='lat' dir='ltr'><strong>Re</strong></span> <span class='ocrx_word' id='word_1_540' title='bbox 2910 4353 3025 4421; x_wconf 88' lang='lat' dir='ltr'><strong>ipsa</strong></span> <span class='ocrx_word' id='word_1_541' title='bbox 3063 4353 3205 4404; x_wconf 89' lang='lat' dir='ltr'><strong>haud</strong></span> <span class='ocrx_word' id='word_1_542' title='bbox 3244 4353 3411 4406; x_wconf 82' lang='lat' dir='ltr'><strong>multo</strong></span> 
     </span>
    </p>
   </div>
   <div class='ocr_carea' id='block_1_59' title="bbox 153 4436 3407 4511">
    <p class='ocr_par' dir='ltr' id='par_1_59' title="bbox 153 4436 3407 4511">
     <span class='ocr_line' id='line_1_59' title="bbox 153 4436 3407 4511; baseline 0 -19"><span class='ocrx_word' id='word_1_543' title='bbox 153 4451 280 4508; x_wconf 80' lang='lat' dir='ltr'><strong>post</strong></span> <span class='ocrx_word' id='word_1_544' title='bbox 313 4450 545 4508; x_wconf 83' lang='lat' dir='ltr'><strong>rogatus</strong></span> <span class='ocrx_word' id='word_1_545' title='bbox 572 4455 602 4489; x_wconf 87' lang='lat' dir='ltr'><strong>a</strong></span> <span class='ocrx_word' id='word_1_546' title='bbox 637 4438 900 4492; x_wconf 86' lang='lat' dir='ltr'><strong>fratribus</strong></span> <span class='ocrx_word' id='word_1_547' title='bbox 946 4455 1056 4494; x_wconf 84' lang='lat' dir='ltr'><strong>tres</strong></span> <span class='ocrx_word' id='word_1_548' title='bbox 1107 4443 1269 4495; x_wconf 81' lang='lat' dir='ltr'><strong>hosce</strong></span> <span class='ocrx_word' id='word_1_549' title='bbox 1304 4443 1473 4496; x_wconf 88' lang='lat' dir='ltr'><strong>libros</strong></span> <span class='ocrx_word' id='word_1_550' title='bbox 1521 4444 1815 4511; x_wconf 85' lang='lat' dir='ltr'><strong>evulgavit.</strong></span> <span class='ocrx_word' id='word_1_551' title='bbox 1850 4443 1902 4494; x_wconf 87' lang='lat' dir='ltr'><strong>itt</strong></span> <span class='ocrx_word' id='word_1_552' title='bbox 1958 4441 2162 4508; x_wconf 89' lang='lat' dir='ltr'><strong>quibus</strong></span> <span class='ocrx_word' id='word_1_553' title='bbox 2203 4436 2494 4495; x_wconf 84' lang='lat' dir='ltr'><strong>Socratico</strong></span> <span class='ocrx_word' id='word_1_554' title='bbox 2540 4457 2690 4494; x_wconf 91' lang='lat' dir='ltr'><strong>more</strong></span> <span class='ocrx_word' id='word_1_555' title='bbox 2723 4456 2788 4494; x_wconf 82' lang='lat' dir='ltr'><strong>ex</strong></span> <span class='ocrx_word' id='word_1_556' title='bbox 2828 4451 3063 4508; x_wconf 90' lang='lat' dir='ltr'><strong>utraque</strong></span> <span class='ocrx_word' id='word_1_557' title='bbox 3098 4449 3247 4507; x_wconf 91' lang='lat' dir='ltr'><strong>parte</strong></span> <span class='ocrx_word' id='word_1_558' title='bbox 3279 4443 3407 4509; x_wconf 86' lang='lat' dir='ltr'><strong>quid</strong></span> 
     </span>
    </p>
   </div>
   <div class='ocr_carea' id='block_1_60' title="bbox 155 4525 3409 4598">
    <p class='ocr_par' dir='ltr' id='par_1_60' title="bbox 155 4525 3409 4598">
     <span class='ocr_line' id='line_1_60' title="bbox 155 4525 3409 4598; baseline 0 -18"><span class='ocrx_word' id='word_1_559' title='bbox 155 4543 255 4595; x_wconf 83' lang='lat' dir='ltr'><strong>pro</strong></span> <span class='ocrx_word' id='word_1_560' title='bbox 291 4525 495 4579; x_wconf 67' lang='lat' dir='ltr'><strong>haeresi</strong></span> <span class='ocrx_word' id='word_1_561' title='bbox 533 4526 614 4578; x_wconf 86' lang='lat' dir='ltr'><strong>vel</strong></span> <span class='ocrx_word' id='word_1_562' title='bbox 652 4536 841 4579; x_wconf 90' lang='lat' dir='ltr'><strong>contra</strong></span> <span class='ocrx_word' id='word_1_563' title='bbox 879 4530 986 4579; x_wconf 93' lang='lat' dir='ltr'><strong>dici</strong></span> <span class='ocrx_word' id='word_1_564' title='bbox 1017 4538 1200 4595; x_wconf 90' lang='lat' dir='ltr'><strong>posset</strong></span> <span class='ocrx_word' id='word_1_565' title='bbox 1227 4544 1529 4596; x_wconf 81' lang='lat' dir='ltr'><strong>exponens,</strong></span> <span class='ocrx_word' id='word_1_566' title='bbox 1560 4531 1720 4583; x_wconf 81' lang='lat' dir='ltr'><strong>Attici</strong></span> <span class='ocrx_word' id='word_1_567' title='bbox 1757 4539 1810 4582; x_wconf 90' lang='lat' dir='ltr'><strong>et</strong></span> <span class='ocrx_word' id='word_1_568' title='bbox 1835 4528 2103 4584; x_wconf 89' lang='lat' dir='ltr'><strong>Critobuli</strong></span> <span class='ocrx_word' id='word_1_569' title='bbox 2133 4544 2396 4598; x_wconf 88' lang='lat' dir='ltr'><strong>personas</strong></span> <span class='ocrx_word' id='word_1_570' title='bbox 2439 4529 2652 4582; x_wconf 79' lang='lat' dir='ltr'><strong>induxit</strong></span> <span class='ocrx_word' id='word_1_571' title='bbox 2689 4545 2876 4583; x_wconf 88' lang='lat' dir='ltr'><strong>secum</strong></span> <span class='ocrx_word' id='word_1_572' title='bbox 2954 4529 3193 4580; x_wconf 82' lang='lat' dir='ltr'><strong>invicem</strong></span> <span class='ocrx_word' id='word_1_573' title='bbox 3235 4531 3409 4582; x_wconf 88' lang='lat' dir='ltr'><strong>disce-</strong></span> 
     </span>
    </p>
   </div>
   <div class='ocr_carea' id='block_1_61' title="bbox 155 4614 3408 4687">
    <p class='ocr_par' dir='ltr' id='par_1_61' title="bbox 155 4614 3408 4687">
     <span class='ocr_line' id='line_1_61' title="bbox 155 4614 3408 4687; baseline 0.001 -21"><span class='ocrx_word' id='word_1_574' title='bbox 155 4624 406 4681; x_wconf 86' lang='lat' dir='ltr'><strong>ptantes,</strong></span> <span class='ocrx_word' id='word_1_575' title='bbox 463 4624 524 4665; x_wconf 89' lang='lat' dir='ltr'><strong>ut</strong></span> <span class='ocrx_word' id='word_1_576' title='bbox 554 4623 608 4666; x_wconf 89' lang='lat' dir='ltr'><strong>et</strong></span> <span class='ocrx_word' id='word_1_577' title='bbox 636 4614 1002 4667; x_wconf 75' lang='lat' dir='ltr'><strong>orthodoxam</strong></span> <span class='ocrx_word' id='word_1_578' title='bbox 1054 4616 1247 4682; x_wconf 85' lang='lat' dir='ltr'><strong>dogma</strong></span> <span class='ocrx_word' id='word_1_579' title='bbox 1286 4618 1487 4669; x_wconf 86' lang='lat' dir='ltr'><strong>clarius</strong></span> <span class='ocrx_word' id='word_1_580' title='bbox 1532 4627 1846 4686; x_wconf 80' lang='lat' dir='ltr'><strong>exponeret,</strong></span> <span class='ocrx_word' id='word_1_581' title='bbox 1887 4627 1941 4672; x_wconf 91' lang='lat' dir='ltr'><strong>et</strong></span> <span class='ocrx_word' id='word_1_582' title='bbox 1979 4619 2293 4672; x_wconf 68' lang='lat' dir='ltr'><strong>haereticum</strong></span> <span class='ocrx_word' id='word_1_583' title='bbox 2353 4617 2694 4687; x_wconf 78' lang='lat' dir='ltr'><strong>impugnaret</strong></span> <span class='ocrx_word' id='word_1_584' title='bbox 2731 4615 2950 4671; x_wconf 89' lang='lat' dir='ltr'><strong>fortius.</strong></span> <span class='ocrx_word' id='word_1_585' title='bbox 2990 4614 3104 4669; x_wconf 85' lang='lat' dir='ltr'><strong>Hoc</strong></span> <span class='ocrx_word' id='word_1_586' title='bbox 3151 4617 3408 4670; x_wconf 80' lang='lat' dir='ltr'><strong>versibus</strong></span> 
     </span>
    </p>
   </div>
   <div class='ocr_carea' id='block_1_62' title="bbox 151 4700 1896 4773">
    <p class='ocr_par' dir='ltr' id='par_1_62' title="bbox 151 4700 1896 4773">
     <span class='ocr_line' id='line_1_62' title="bbox 151 4700 1896 4773; baseline 0.002 -18"><span class='ocrx_word' id='word_1_587' title='bbox 151 4702 592 4773; x_wconf 77' lang='lat' dir='ltr'><strong>elegantissimis</strong></span> <span class='ocrx_word' id='word_1_588' title='bbox 620 4700 678 4756; x_wconf 87' lang='lat' dir='ltr'><strong>S.</strong></span> <span class='ocrx_word' id='word_1_589' title='bbox 727 4700 963 4770; x_wconf 80' lang='lat' dir='ltr'><strong>Prosper</strong></span> <span class='ocrx_word' id='word_1_590' title='bbox 1000 4702 1182 4756; x_wconf 85' lang='lat' dir='ltr'><strong>Carm.</strong></span> <span class='ocrx_word' id='word_1_591' title='bbox 1221 4703 1284 4754; x_wconf 86' lang='lat' dir='ltr'><strong>de</strong></span> <span class='ocrx_word' id='word_1_592' title='bbox 1319 4701 1552 4772; x_wconf 79' lang='lat' dir='ltr'><strong>[ngratis</strong></span> <span class='ocrx_word' id='word_1_593' title='bbox 1595 4707 1849 4772; x_wconf 51' lang='grc' dir='ltr'><strong>ιιι-πιείρῃ</strong></span> <span class='ocrx_word' id='word_1_594' title='bbox 1883 4724 1896 4758; x_wconf 92' lang='lat'><strong>:</strong></span> 
     </span>
    </p>
   </div>
   <div class='ocr_carea' id='block_1_63' title="bbox 1088 4812 2326 4878">
    <p class='ocr_par' dir='ltr' id='par_1_63' title="bbox 1088 4812 2326 4878">
     <span class='ocr_line' id='line_1_63' title="bbox 1088 4812 2326 4878; baseline 0.006 -22"><span class='ocrx_word' id='word_1_595' title='bbox 1088 4812 1226 4878; x_wconf 57' lang='lat' dir='ltr'><strong>Tunc</strong></span> <span class='ocrx_word' id='word_1_596' title='bbox 1259 4815 1406 4878; x_wconf 82' lang='lat' dir='ltr'><strong>etiam</strong></span> <span class='ocrx_word' id='word_1_597' title='bbox 1432 4813 1624 4862; x_wconf 85' lang='lat' dir='ltr'><strong>Bethlei</strong></span> <span class='ocrx_word' id='word_1_598' title='bbox 1649 4816 1870 4876; x_wconf 72' lang='lat' dir='ltr'><strong>praaclar&#39;t</strong></span> <span class='ocrx_word' id='word_1_599' title='bbox 1893 4815 2107 4865; x_wconf 86' lang='lat' dir='ltr'><strong>nominis</strong></span> <span class='ocrx_word' id='word_1_600' title='bbox 2126 4819 2326 4878; x_wconf 89' lang='lat' dir='ltr'><strong>hospes,</strong></span> 
     </span>
    </p>
   </div>
   <div class='ocr_carea' id='block_1_64' title="bbox 1093 4873 2279 4940">
    <p class='ocr_par' dir='ltr' id='par_1_64' title="bbox 1093 4873 2279 4940">
     <span class='ocr_line' id='line_1_64' title="bbox 1093 4873 2279 4940; baseline 0.004 -20"><span class='ocrx_word' id='word_1_601' title='bbox 1093 4873 1305 4940; x_wconf 58' lang='lat' dir='ltr'><strong>ﬂebrteo</strong></span> <span class='ocrx_word' id='word_1_602' title='bbox 1328 4874 1473 4922; x_wconf 84' lang='lat' dir='ltr'><strong>simul</strong></span> <span class='ocrx_word' id='word_1_603' title='bbox 1502 4885 1555 4924; x_wconf 86' lang='lat' dir='ltr'><strong>et</strong></span> <span class='ocrx_word' id='word_1_604' title='bbox 1578 4873 1741 4937; x_wconf 73' lang='lat' dir='ltr'><strong>Graio,</strong></span> <span class='ocrx_word' id='word_1_605' title='bbox 1770 4879 2012 4940; x_wconf 86' lang='lat' dir='ltr'><strong>Latioque</strong></span> <span class='ocrx_word' id='word_1_606' title='bbox 2037 4873 2279 4928; x_wconf 77' lang='lat' dir='ltr'><strong>venustus</strong></span> 
     </span>
    </p>
   </div>
   <div class='ocr_carea' id='block_1_65' title="bbox 1087 4934 2445 5002">
    <p class='ocr_par' dir='ltr' id='par_1_65' title="bbox 1087 4934 2445 5002">
     <span class='ocr_line' id='line_1_65' title="bbox 1087 4934 2445 5002; baseline 0.007 -24"><span class='ocrx_word' id='word_1_607' title='bbox 1087 4934 1312 5002; x_wconf 53' lang='lat' dir='ltr'><strong>Eloquio.</strong></span> <span class='ocrx_word' id='word_1_608' title='bbox 1335 4949 1524 5002; x_wconf 81' lang='lat' dir='ltr'><strong>morum</strong></span> <span class='ocrx_word' id='word_1_609' title='bbox 1552 4934 1856 5002; x_wconf 81' lang='lat' dir='ltr'><strong>exemplum,</strong></span> <span class='ocrx_word' id='word_1_610' title='bbox 1882 4934 2151 5002; x_wconf 74' lang='lat' dir='ltr'><strong>mundique</strong></span> <span class='ocrx_word' id='word_1_611' title='bbox 2188 4942 2445 5002; x_wconf 77' lang='lat' dir='ltr'><strong>magister,</strong></span> 
     </span>
    </p>
   </div>
   <div class='ocr_carea' id='block_1_66' title="bbox 1090 4995 2382 5065">
    <p class='ocr_par' dir='ltr' id='par_1_66' title="bbox 1090 4995 2382 5065">
     <span class='ocr_line' id='line_1_66' title="bbox 1090 4995 2382 5065; baseline 0.007 -25"><span class='ocrx_word' id='word_1_612' title='bbox 1090 4995 1425 5065; x_wconf 39' lang='grc' dir='ltr'><strong>μῃιιιοιηοιιυε,</strong></span> <span class='ocrx_word' id='word_1_613' title='bbox 1452 4998 1590 5065; x_wconf 79' lang='lat' dir='ltr'><strong>libris</strong></span> <span class='ocrx_word' id='word_1_614' title='bbox 1625 4995 1768 5065; x_wconf 77' lang='lat' dir='ltr'><strong>valde</strong></span> <span class='ocrx_word' id='word_1_615' title='bbox 1796 4995 2168 5050; x_wconf 72' lang='lat' dir='ltr'><strong>excellentibus</strong></span> <span class='ocrx_word' id='word_1_616' title='bbox 2190 4995 2382 5051; x_wconf 57' lang='lat' dir='ltr'><strong>hus&#39;lem</strong></span> 
     </span>
    </p>
   </div>
   <div class='ocr_carea' id='block_1_67' title="bbox 1095 5060 2377 5122">
    <p class='ocr_par' dir='ltr' id='par_1_67' title="bbox 1095 5060 2377 5122">
     <span class='ocr_line' id='line_1_67' title="bbox 1095 5060 2377 5122; baseline 0.007 -19"><span class='ocrx_word' id='word_1_617' title='bbox 1095 5060 1365 5122; x_wconf 70' lang='lat' dir='ltr'><strong>pissecuit,</strong></span> <span class='ocrx_word' id='word_1_618' title='bbox 1391 5062 1632 5118; x_wconf 77' lang='lat' dir='ltr'><strong>noscique</strong></span> <span class='ocrx_word' id='word_1_619' title='bbox 1659 5062 1816 5120; x_wconf 86' lang='lat' dir='ltr'><strong>dedit,</strong></span> <span class='ocrx_word' id='word_1_620' title='bbox 1851 5076 1950 5122; x_wconf 89' lang='lat' dir='ltr'><strong>quo</strong></span> <span class='ocrx_word' id='word_1_621' title='bbox 1972 5066 2172 5112; x_wconf 85' lang='lat' dir='ltr'><strong>turbine</strong></span> <span class='ocrx_word' id='word_1_622' title='bbox 2211 5078 2377 5112; x_wconf 84' lang='lat' dir='ltr'><strong>veram</strong></span> 
     </span>
    </p>
   </div>
   <div class='ocr_carea' id='block_1_68' title="bbox 1091 5119 2248 5174">
    <p class='ocr_par' dir='ltr' id='par_1_68' title="bbox 1091 5119 2248 5174">
     <span class='ocr_line' id='line_1_68' title="bbox 1091 5119 2248 5174; baseline 0.008 -8"><span class='ocrx_word' id='word_1_623' title='bbox 1091 5119 1291 5168; x_wconf 78' lang='lat' dir='ltr'><strong>Vellent</strong></span> <span class='ocrx_word' id='word_1_624' title='bbox 1323 5129 1514 5168; x_wconf 74' lang='lat' dir='ltr'><strong>exortae</strong></span> <span class='ocrx_word' id='word_1_625' title='bbox 1542 5125 1698 5170; x_wconf 73' lang='lat' dir='ltr'><strong>lucem</strong></span> <span class='ocrx_word' id='word_1_626' title='bbox 1726 5119 1989 5173; x_wconf 77' lang='lat' dir='ltr'><strong>obscurare</strong></span> <span class='ocrx_word' id='word_1_627' title='bbox 2026 5127 2248 5174; x_wconf 67' lang='lat' dir='ltr'><strong>tenebrae</strong></span> 
     </span>
    </p>
   </div>
   <div class='ocr_carea' id='block_1_69' title="bbox 217 5226 3406 5306">
    <p class='ocr_par' dir='ltr' id='par_1_69' title="bbox 217 5226 3406 5306">
     <span class='ocr_line' id='line_1_69' title="bbox 217 5226 3406 5306; baseline -0.002 -12"><span class='ocrx_word' id='word_1_628' title='bbox 217 5241 275 5294; x_wconf 75' lang='grc'><strong>2.</strong></span> <span class='ocrx_word' id='word_1_629' title='bbox 312 5239 564 5298; x_wconf 79' lang='lat' dir='ltr'><strong>Annum,</strong></span> <span class='ocrx_word' id='word_1_630' title='bbox 615 5244 727 5300; x_wconf 92' lang='lat' dir='ltr'><strong>quo</strong></span> <span class='ocrx_word' id='word_1_631' title='bbox 785 5227 979 5294; x_wconf 86' lang='lat' dir='ltr'><strong>scripti</strong></span> <span class='ocrx_word' id='word_1_632' title='bbox 1014 5238 1161 5292; x_wconf 86' lang='lat' dir='ltr'><strong>sunt,</strong></span> <span class='ocrx_word' id='word_1_633' title='bbox 1180 5243 1243 5281; x_wconf 81' lang='lat' dir='ltr'><strong>ex</strong></span> <span class='ocrx_word' id='word_1_634' title='bbox 1276 5226 1452 5282; x_wconf 85' lang='lat' dir='ltr'><strong>Orosii</strong></span> <span class='ocrx_word' id='word_1_635' title='bbox 1491 5229 1722 5298; x_wconf 76' lang='lat' dir='ltr'><strong>Hispani</strong></span> <span class='ocrx_word' id='word_1_636' title='bbox 1750 5233 2075 5303; x_wconf 88' lang='lat' dir='ltr'><strong>presbyteri,</strong></span> <span class='ocrx_word' id='word_1_637' title='bbox 2107 5236 2196 5302; x_wconf 87' lang='lat' dir='ltr'><strong>qui</strong></span> <span class='ocrx_word' id='word_1_638' title='bbox 2231 5245 2362 5289; x_wconf 91' lang='lat' dir='ltr'><strong>tunc</strong></span> <span class='ocrx_word' id='word_1_639' title='bbox 2397 5239 2463 5288; x_wconf 80' lang='lat' dir='ltr'><strong>ad</strong></span> <span class='ocrx_word' id='word_1_640' title='bbox 2501 5233 2810 5306; x_wconf 79' lang='lat' dir='ltr'><strong>Hieronymi</strong></span> <span class='ocrx_word' id='word_1_641' title='bbox 2843 5234 3000 5303; x_wconf 77' lang='lat' dir='ltr'><strong>pedes</strong></span> <span class='ocrx_word' id='word_1_642' title='bbox 3032 5235 3186 5296; x_wconf 80' lang='lat' dir='ltr'><strong>sedit,</strong></span> <span class='ocrx_word' id='word_1_643' title='bbox 3209 5236 3406 5304; x_wconf 72' lang='lat' dir='ltr'><strong>Apolr-</strong></span> 
     </span>
    </p>
   </div>
   <div class='ocr_carea' id='block_1_70' title="bbox 147 5317 3406 5400">
    <p class='ocr_par' dir='ltr' id='par_1_70' title="bbox 147 5317 3406 5400">
     <span class='ocr_line' id='line_1_70' title="bbox 147 5317 3406 5400; baseline -0.002 -17"><span class='ocrx_word' id='word_1_644' title='bbox 147 5333 230 5400; x_wconf 77' lang='lat' dir='ltr'><strong>gia</strong></span> <span class='ocrx_word' id='word_1_645' title='bbox 264 5330 404 5382; x_wconf 89' lang='lat' dir='ltr'><strong>licet</strong></span> <span class='ocrx_word' id='word_1_646' title='bbox 454 5322 701 5377; x_wconf 82' lang='lat' dir='ltr'><strong>ediscere</strong></span> <span class='ocrx_word' id='word_1_647' title='bbox 737 5335 751 5382; x_wconf 86' lang='lat'><strong>;</strong></span> <span class='ocrx_word' id='word_1_648' title='bbox 785 5318 941 5386; x_wconf 85' lang='lat' dir='ltr'><strong>cujus</strong></span> <span class='ocrx_word' id='word_1_649' title='bbox 970 5330 1189 5385; x_wconf 89' lang='lat' dir='ltr'><strong>quoque</strong></span> <span class='ocrx_word' id='word_1_650' title='bbox 1251 5332 1474 5370; x_wconf 87' lang='lat' dir='ltr'><strong>causam</strong></span> <span class='ocrx_word' id='word_1_651' title='bbox 1518 5317 1775 5374; x_wconf 88' lang='lat' dir='ltr'><strong>brevibus</strong></span> <span class='ocrx_word' id='word_1_652' title='bbox 1830 5337 2121 5390; x_wconf 74' lang='lat' dir='ltr'><strong>exponant,</strong></span> <span class='ocrx_word' id='word_1_653' title='bbox 2163 5335 2218 5377; x_wconf 93' lang='lat' dir='ltr'><strong>ut</strong></span> <span class='ocrx_word' id='word_1_654' title='bbox 2245 5325 2405 5377; x_wconf 86' lang='lat' dir='ltr'><strong>simul</strong></span> <span class='ocrx_word' id='word_1_655' title='bbox 2442 5326 2732 5393; x_wconf 86' lang='lat' dir='ltr'><strong>intelligas.</strong></span> <span class='ocrx_word' id='word_1_656' title='bbox 2765 5340 2884 5392; x_wconf 71' lang='lat' dir='ltr'><strong>qua:</strong></span> <span class='ocrx_word' id='word_1_657' title='bbox 2929 5339 3023 5387; x_wconf 83' lang='lat' dir='ltr'><strong>per</strong></span> <span class='ocrx_word' id='word_1_658' title='bbox 3059 5323 3108 5373; x_wconf 90' lang='lat' dir='ltr'><strong>id</strong></span> <span class='ocrx_word' id='word_1_659' title='bbox 3147 5327 3406 5392; x_wconf 83' lang='lat' dir='ltr'><strong>temporis</strong></span> 
     </span>
    </p>
   </div>
   <div class='ocr_carea' id='block_1_71' title="bbox 145 5404 3406 5481">
    <p class='ocr_par' dir='ltr' id='par_1_71' title="bbox 145 5404 3406 5481">
     <span class='ocr_line' id='line_1_71' title="bbox 145 5404 3406 5481; baseline -0.002 -9"><span class='ocrx_word' id='word_1_660' title='bbox 145 5428 293 5472; x_wconf 82' lang='lat' dir='ltr'><strong>esset</strong></span> <span class='ocrx_word' id='word_1_661' title='bbox 333 5411 658 5465; x_wconf 70' lang='lat' dir='ltr'><strong>orthodoxae</strong></span> <span class='ocrx_word' id='word_1_662' title='bbox 711 5407 996 5459; x_wconf 68' lang='lat' dir='ltr'><strong>sententiae</strong></span> <span class='ocrx_word' id='word_1_663' title='bbox 1047 5405 1207 5465; x_wconf 86' lang='lat' dir='ltr'><strong>ratio,</strong></span> <span class='ocrx_word' id='word_1_664' title='bbox 1246 5404 1371 5472; x_wconf 88' lang='lat' dir='ltr'><strong>quis</strong></span> <span class='ocrx_word' id='word_1_665' title='bbox 1412 5421 1590 5457; x_wconf 82' lang='lat' dir='ltr'><strong>rerum</strong></span> <span class='ocrx_word' id='word_1_666' title='bbox 1645 5416 1822 5461; x_wconf 88' lang='lat' dir='ltr'><strong>status</strong></span> <span class='ocrx_word' id='word_1_667' title='bbox 1869 5421 2031 5478; x_wconf 75' lang='lat' dir='ltr'><strong>atque</strong></span> <span class='ocrx_word' id='word_1_668' title='bbox 2071 5413 2226 5477; x_wconf 87' lang='lat' dir='ltr'><strong>ordo,</strong></span> <span class='ocrx_word' id='word_1_669' title='bbox 2300 5425 2533 5481; x_wconf 88' lang='lat' dir='ltr'><strong>quantas</strong></span> <span class='ocrx_word' id='word_1_670' title='bbox 2587 5416 2748 5476; x_wconf 87' lang='lat' dir='ltr'><strong>vires,</strong></span> <span class='ocrx_word' id='word_1_671' title='bbox 2796 5427 3004 5479; x_wconf 80' lang='lat' dir='ltr'><strong>quosve</strong></span> <span class='ocrx_word' id='word_1_672' title='bbox 3047 5411 3148 5463; x_wconf 88' lang='lat' dir='ltr'><strong>sibi</strong></span> <span class='ocrx_word' id='word_1_673' title='bbox 3193 5412 3406 5464; x_wconf 87' lang='lat' dir='ltr'><strong>animus</strong></span> 
     </span>
    </p>
   </div>
   <div class='ocr_carea' id='block_1_72' title="bbox 149 5491 3397 5570">
    <p class='ocr_par' dir='ltr' id='par_1_72' title="bbox 149 5491 3397 5570">
     <span class='ocr_line' id='line_1_72' title="bbox 149 5491 3397 5570; baseline -0.001 -17"><span class='ocrx_word' id='word_1_674' title='bbox 149 5505 486 5570; x_wconf 82' lang='lat' dir='ltr'><strong>sumpsisset</strong></span> <span class='ocrx_word' id='word_1_675' title='bbox 530 5495 775 5550; x_wconf 60' lang='lat' dir='ltr'><strong>haeresis.</strong></span> <span class='ocrx_word' id='word_1_676' title='bbox 817 5491 954 5547; x_wconf 89' lang='lat' dir='ltr'><strong>Cum</strong></span> <span class='ocrx_word' id='word_1_677' title='bbox 997 5494 1223 5547; x_wconf 89' lang='lat' dir='ltr'><strong>multum</strong></span> <span class='ocrx_word' id='word_1_678' title='bbox 1267 5495 1318 5545; x_wconf 90' lang='lat' dir='ltr'><strong>in</strong></span> <span class='ocrx_word' id='word_1_679' title='bbox 1368 5505 1656 5562; x_wconf 85' lang='lat' dir='ltr'><strong>utramque</strong></span> <span class='ocrx_word' id='word_1_680' title='bbox 1690 5509 1896 5564; x_wconf 87' lang='lat' dir='ltr'><strong>partem</strong></span> <span class='ocrx_word' id='word_1_681' title='bbox 1925 5502 2121 5565; x_wconf 68' lang='lat' dir='ltr'><strong>agitata</strong></span> <span class='ocrx_word' id='word_1_682' title='bbox 2159 5503 2387 5570; x_wconf 74' lang='lat' dir='ltr'><strong>quaestio</strong></span> <span class='ocrx_word' id='word_1_683' title='bbox 2427 5504 2493 5555; x_wconf 87' lang='lat' dir='ltr'><strong>de</strong></span> <span class='ocrx_word' id='word_1_684' title='bbox 2521 5503 2729 5570; x_wconf 90' lang='lat' dir='ltr'><strong>origine</strong></span> <span class='ocrx_word' id='word_1_685' title='bbox 2755 5503 2948 5554; x_wconf 68' lang='lat' dir='ltr'><strong>animae</strong></span> <span class='ocrx_word' id='word_1_686' title='bbox 2981 5501 3111 5553; x_wconf 84' lang='lat' dir='ltr'><strong>vitis</strong></span> <span class='ocrx_word' id='word_1_687' title='bbox 3135 5499 3397 5553; x_wconf 87' lang='lat' dir='ltr'><strong>ecclesia-</strong></span> 
     </span>
    </p>
   </div>
   <div class='ocr_carea' id='block_1_73' title="bbox 150 5580 3400 5658">
    <p class='ocr_par' dir='ltr' id='par_1_73' title="bbox 150 5580 3400 5658">
     <span class='ocr_line' id='line_1_73' title="bbox 150 5580 3400 5658; baseline -0.002 -11"><span class='ocrx_word' id='word_1_688' title='bbox 150 5596 308 5647; x_wconf 87' lang='lat' dir='ltr'><strong>sticis</strong></span> <span class='ocrx_word' id='word_1_689' title='bbox 343 5589 626 5658; x_wconf 77' lang='lat' dir='ltr'><strong>negatium</strong></span> <span class='ocrx_word' id='word_1_690' title='bbox 662 5586 980 5646; x_wconf 76' lang='lat' dir='ltr'><strong>lacesseret,</strong></span> <span class='ocrx_word' id='word_1_691' title='bbox 1013 5599 1080 5636; x_wconf 89' lang='lat' dir='ltr'><strong>ne</strong></span> <span class='ocrx_word' id='word_1_692' title='bbox 1111 5582 1318 5635; x_wconf 83' lang='lat' dir='ltr'><strong>diutius</strong></span> <span class='ocrx_word' id='word_1_693' title='bbox 1343 5580 1670 5636; x_wconf 85' lang='lat' dir='ltr'><strong>fluctuarent</strong></span> <span class='ocrx_word' id='word_1_694' title='bbox 1706 5586 1943 5653; x_wconf 82' lang='lat' dir='ltr'><strong>ingenia,</strong></span> <span class='ocrx_word' id='word_1_695' title='bbox 1971 5586 2028 5640; x_wconf 90' lang='lat' dir='ltr'><strong>S.</strong></span> <span class='ocrx_word' id='word_1_696' title='bbox 2061 5590 2393 5658; x_wconf 80' lang='lat' dir='ltr'><strong>AUgustinus</strong></span> <span class='ocrx_word' id='word_1_697' title='bbox 2429 5590 2824 5643; x_wconf 80' lang='lat' dir='ltr'><strong>consulendum</strong></span> <span class='ocrx_word' id='word_1_698' title='bbox 2862 5590 3073 5642; x_wconf 90' lang='lat' dir='ltr'><strong>censuit</strong></span> <span class='ocrx_word' id='word_1_699' title='bbox 3105 5587 3400 5640; x_wconf 81' lang='lat' dir='ltr'><strong>maximum</strong></span> 
     </span>
    </p>
   </div>
   <div class='ocr_carea' id='block_1_74' title="bbox 150 5670 3398 5747">
    <p class='ocr_par' dir='ltr' id='par_1_74' title="bbox 150 5670 3398 5747">
     <span class='ocr_line' id='line_1_74' title="bbox 150 5670 3398 5747; baseline -0.003 -10"><span class='ocrx_word' id='word_1_700' title='bbox 150 5683 525 5737; x_wconf 84' lang='lat' dir='ltr'><strong>Ecclesiarum</strong></span> <span class='ocrx_word' id='word_1_701' title='bbox 586 5675 909 5743; x_wconf 78' lang='lat' dir='ltr'><strong>magistrum</strong></span> <span class='ocrx_word' id='word_1_702' title='bbox 969 5673 1363 5740; x_wconf 84' lang='lat' dir='ltr'><strong>Hieronymum</strong></span> <span class='ocrx_word' id='word_1_703' title='bbox 1400 5688 1413 5734; x_wconf 85' lang='lat'><strong>;</strong></span> <span class='ocrx_word' id='word_1_704' title='bbox 1449 5670 1662 5738; x_wconf 82' lang='lat' dir='ltr'><strong>ipsique</strong></span> <span class='ocrx_word' id='word_1_705' title='bbox 1686 5674 1824 5725; x_wconf 84' lang='lat' dir='ltr'><strong>adeo</strong></span> <span class='ocrx_word' id='word_1_706' title='bbox 1853 5685 1983 5729; x_wconf 87' lang='lat' dir='ltr'><strong>tunc</strong></span> <span class='ocrx_word' id='word_1_707' title='bbox 2017 5678 2157 5745; x_wconf 89' lang='lat' dir='ltr'><strong>apud</strong></span> <span class='ocrx_word' id='word_1_708' title='bbox 2187 5695 2244 5730; x_wconf 89' lang='lat' dir='ltr'><strong>se</strong></span> <span class='ocrx_word' id='word_1_709' title='bbox 2277 5682 2454 5747; x_wconf 76' lang='lat' dir='ltr'><strong>agenti</strong></span> <span class='ocrx_word' id='word_1_710' title='bbox 2487 5680 2680 5732; x_wconf 69' lang='lat' dir='ltr'><strong>Orosio</strong></span> <span class='ocrx_word' id='word_1_711' title='bbox 2707 5689 2900 5731; x_wconf 85' lang='lat' dir='ltr'><strong>auctor</strong></span> <span class='ocrx_word' id='word_1_712' title='bbox 2933 5678 3056 5738; x_wconf 87' lang='lat' dir='ltr'><strong>fuit,</strong></span> <span class='ocrx_word' id='word_1_713' title='bbox 3086 5688 3142 5729; x_wconf 95' lang='lat' dir='ltr'><strong>ut</strong></span> <span class='ocrx_word' id='word_1_714' title='bbox 3176 5676 3242 5730; x_wconf 88' lang='lat' dir='ltr'><strong>ad</strong></span> <span class='ocrx_word' id='word_1_715' title='bbox 3271 5686 3398 5729; x_wconf 90' lang='lat' dir='ltr'><strong>eum</strong></span> 
     </span>
    </p>
   </div>
   <div class='ocr_carea' id='block_1_75' title="bbox 148 5759 3400 5842">
    <p class='ocr_par' dir='ltr' id='par_1_75' title="bbox 148 5759 3400 5842">
     <span class='ocr_line' id='line_1_75' title="bbox 148 5759 3400 5842; baseline -0.006 -10"><span class='ocrx_word' id='word_1_716' title='bbox 148 5777 412 5842; x_wconf 72' lang='grc' dir='ltr'><strong>Ρετεετθι</strong></span> <span class='ocrx_word' id='word_1_717' title='bbox 445 5765 912 5831; x_wconf 61' lang='grc' dir='ltr'><strong>Ηίθτοεοίῖτηθίυν</strong></span> <span class='ocrx_word' id='word_1_718' title='bbox 950 5774 1189 5829; x_wconf 50' lang='lat' dir='ltr'><strong>subque</strong></span> <span class='ocrx_word' id='word_1_719' title='bbox 1237 5759 1313 5810; x_wconf 64' lang='lat' dir='ltr'><strong>illi</strong></span> <span class='ocrx_word' id='word_1_720' title='bbox 1350 5760 1676 5812; x_wconf 62' lang='grc' dir='ltr'><strong>(λείωύιιιιειδ</strong></span> <span class='ocrx_word' id='word_1_721' title='bbox 1715 5761 1926 5816; x_wconf 70' lang='lat' dir='ltr'><strong>liltcras</strong></span> <span class='ocrx_word' id='word_1_722' title='bbox 1958 5768 2103 5819; x_wconf 86' lang='lat' dir='ltr'><strong>dedit</strong></span> <span class='ocrx_word' id='word_1_723' title='bbox 2133 5783 2201 5820; x_wconf 89' lang='lat' dir='ltr'><strong>eo</strong></span> <span class='ocrx_word' id='word_1_724' title='bbox 2245 5785 2409 5836; x_wconf 82' lang='lat' dir='ltr'><strong>super</strong></span> <span class='ocrx_word' id='word_1_725' title='bbox 2436 5780 2780 5836; x_wconf 76' lang='lat' dir='ltr'><strong>argumento,</strong></span> <span class='ocrx_word' id='word_1_726' title='bbox 2815 5783 2933 5834; x_wconf 81' lang='lat' dir='ltr'><strong>quae</strong></span> <span class='ocrx_word' id='word_1_727' title='bbox 2969 5772 3018 5817; x_wconf 91' lang='lat' dir='ltr'><strong>in</strong></span> <span class='ocrx_word' id='word_1_728' title='bbox 3062 5767 3074 5817; x_wconf 98' lang='grc' dir='ltr'><strong>Ι</strong></span> <span class='ocrx_word' id='word_1_729' title='bbox 3113 5775 3259 5816; x_wconf 74' lang='lat' dir='ltr'><strong>torno</strong></span> <span class='ocrx_word' id='word_1_730' title='bbox 3297 5779 3400 5814; x_wconf 84' lang='lat' dir='ltr'><strong>nu-</strong></span> 
     </span>
    </p>
   </div>
   <div class='ocr_carea' id='block_1_76' title="bbox 149 5849 3399 5925">
    <p class='ocr_par' dir='ltr' id='par_1_76' title="bbox 149 5849 3399 5925">
     <span class='ocr_line' id='line_1_76' title="bbox 149 5849 3399 5925; baseline -0.004 -10"><span class='ocrx_word' id='word_1_731' title='bbox 149 5867 316 5920; x_wconf 84' lang='lat' dir='ltr'><strong>meris</strong></span> <span class='ocrx_word' id='word_1_732' title='bbox 350 5863 446 5916; x_wconf 78' lang='grc'><strong>151</strong></span> <span class='ocrx_word' id='word_1_733' title='bbox 487 5869 540 5914; x_wconf 87' lang='lat' dir='ltr'><strong>et</strong></span> <span class='ocrx_word' id='word_1_734' title='bbox 576 5859 672 5911; x_wconf 71' lang='lat'><strong>132</strong></span> <span class='ocrx_word' id='word_1_735' title='bbox 707 5855 1030 5910; x_wconf 78' lang='lat' dir='ltr'><strong>exhibemus</strong></span> <span class='ocrx_word' id='word_1_736' title='bbox 1072 5870 1084 5904; x_wconf 91' lang='lat'><strong>:</strong></span> <span class='ocrx_word' id='word_1_737' title='bbox 1137 5854 1308 5906; x_wconf 89' lang='lat' dir='ltr'><strong>libros</strong></span> <span class='ocrx_word' id='word_1_738' title='bbox 1340 5867 1562 5921; x_wconf 85' lang='lat' dir='ltr'><strong>quoque</strong></span> <span class='ocrx_word' id='word_1_739' title='bbox 1598 5855 1659 5905; x_wconf 85' lang='lat' dir='ltr'><strong>dc</strong></span> <span class='ocrx_word' id='word_1_740' title='bbox 1721 5855 2064 5909; x_wconf 71' lang='lat' dir='ltr'><strong>I’eccalurnm</strong></span> <span class='ocrx_word' id='word_1_741' title='bbox 2101 5859 2299 5910; x_wconf 78' lang='lat' dir='ltr'><strong>meritis</strong></span> <span class='ocrx_word' id='word_1_742' title='bbox 2332 5866 2378 5909; x_wconf 83' lang='lat' dir='ltr'><strong>ct</strong></span> <span class='ocrx_word' id='word_1_743' title='bbox 2411 5858 2742 5920; x_wconf 82' lang='lat' dir='ltr'><strong>remissione,</strong></span> <span class='ocrx_word' id='word_1_744' title='bbox 2777 5865 2828 5910; x_wconf 89' lang='lat' dir='ltr'><strong>et</strong></span> <span class='ocrx_word' id='word_1_745' title='bbox 2866 5855 3154 5925; x_wconf 85' lang='lat' dir='ltr'><strong>epistolam</strong></span> <span class='ocrx_word' id='word_1_746' title='bbox 3205 5852 3271 5904; x_wconf 86' lang='lat' dir='ltr'><strong>ad</strong></span> <span class='ocrx_word' id='word_1_747' title='bbox 3305 5849 3399 5904; x_wconf 62' lang='lat'><strong>5&amp;-</strong></span> 
     </span>
    </p>
   </div>
  </div>
