4202 6524
747 453 805 515 5i
824 451 857 515 5
1914 462 1975 521 S.
2005 462 2317 523 EUSEBII
2360 462 2799 527 HIERONYMI
3890 462 3996 525 516

748 571 966 635 larium,
1014 571 1213 639 quibus
1244 574 1461 644 scriptis
1493 590 1615 645 qua:
1668 574 1945 649 Pelagiani
1982 579 2232 647 discipuli
2270 592 2432 649 atque
2464 580 2514 634 in
2563 581 2757 652 primis
2786 579 3077 637 Caelestius
3112 581 3425 637 clanculum
3483 580 3803 638 eﬂ'utierant
3850 582 3993 636 mala

744 660 998 730 dogmata
1035 664 1373 719 confutabat.
1409 665 1504 721 His
1543 667 1843 723 instruetus
1875 670 2252 723 monumentis
2290 667 2681 742 Hieronymum
2712 671 2846 725 adiit
2880 671 3128 735 Orosius,
3160 672 3247 725 cui
3279 674 3443 727 etiam
3480 674 3543 726 de
3575 687 3669 728 ore
3700 687 3826 743 quae
3858 687 3995 726 Con-

741 757 826 803 tra
860 749 1173 807 leestiuni
1200 752 1536 824 Carthagine
1568 766 1791 825 peracta
1824 755 2043 810 fuerant
2077 760 2353 826 exposuit.
2386 758 2661 814 Continuo
2693 760 2759 813 ad
2792 760 2934 829 vulgi
2961 775 3122 814 aures
3158 760 3276 815 haec
3306 761 3595 820 devenere.
3624 762 3993 830 pluribusque

746 836 1095 911 Hieronymo,
1136 843 1416 898 nonnullis
1469 846 1631 899 etiam
1687 844 1904 913 Pelagio
1942 847 2385 913 astipulantibus,
2420 849 2673 902 oliortmn
2708 848 2993 902 dissidinm
3043 858 3150 916 est,
3183 849 3327 920 quod
3377 850 3617 905 Joannes
3654 850 3976 919 HierOSolyo

744 929 997 992 mitanus,
1032 928 1122 996 qui
1163 930 1365 998 primas
1419 932 1673 985 literelico
1705 931 2003 996 deferebat,
2040 937 2223 987 volens
2251 949 2620 1003 compescere,
2646 936 2899 994 Orosium
2934 938 3364 1011 Hierosolymam
3390 938 3613 1000 accivit,
3649 940 3738 992 ubi
3778 940 3987 993 indicta

746 1018 912 1071 totius
947 1018 1079 1071 cleri
1116 1024 1345 1091 synodo,
1378 1020 1592 1089 Pelagio
1617 1022 1739 1091 ipso
1778 1022 2055 1087 adstante,
2092 1023 2220 1091 quid
2256 1022 2344 1077 ille
2383 1040 2449 1077 ex
2476 1026 2656 1079 Africa
2693 1038 2879 1078 contra
2912 1025 3032 1093 ejus
3064 1027 3372 1079 doctrinam
3414 1027 3745 1087 advexisset,
3784 1027 3990 1097 quibus

743 1107 847 1160 iste
893 1122 952 1162 se
988 1118 1233 1164 tueretur
1280 1111 1643 1179 argumentis,
1697 1128 1970 1181 exponere
2004 1112 2143 1181 jnssi
2180 1126 2332 1167 sunt.
2372 1110 2440 1166 Ut
2468 1129 2579 1166 rem
2610 1114 2935 1168 brevissime
2969 1114 3279 1183 expediam,
3313 1113 3562 1185 Pelagius
3615 1115 3807 1183 judice
3858 1133 3992 1173 usus

741 1213 964 1252 suarum
998 1202 1233 1267 partium
1263 1201 1537 1263 studioso.
1571 1218 1795 1272 suaeque
1844 1202 2098 1257 factionis
2136 1203 2549 1272 interpretibus.
2571 1204 2662 1271 qui
2694 1200 2873 1258 Orosii
2914 1202 3105 1257 Latine
3141 1203 3281 1256 dicta
3319 1202 3504 1257 Graece
3538 1205 3832 1258 redderent
3863 1206 3991 1260 sub-

737 1288 859 1341 dola
900 1289 1025 1351 fide,
1054 1290 1124 1342 ita
1166 1289 1358 1359 synodi
1404 1290 1673 1359 judicium
1714 1292 1911 1353 evasit,
1947 1300 2004 1343 ut
2056 1291 2422 1359 periculosam
2480 1291 2738 1345 invidiam
2792 1292 2845 1343 in
2880 1303 3236 1346 accusantem
3290 1296 3643 1357 Converterit,
3693 1298 3785 1362 qui
3839 1296 3988 1348 edita

738 1377 998 1447 Apologia
1032 1379 1403 1447 suspicionem
1434 1381 1702 1433 haereseos
1730 1395 1758 1433 a
1789 1395 1847 1433 se
1885 1394 2104 1431 omnem
2142 1390 2370 1436 coactus
2407 1392 2491 1436 est
2524 1394 2803 1435 amovere.
2843 1379 2899 1433 ιιι
2934 1382 3034 1433 bac
3068 1396 3201 1434 vero
3223 1382 3485 1450 ApoIOgia
3515 1384 3984 1451 quemadmodum

750 1483 837 1521 res
866 1474 1015 1535 gesta
1065 1475 1170 1532 est,
1216 1483 1311 1536 per
1345 1470 1587 1536 singulas
1622 1480 1802 1536 partes
1852 1477 2077 1520 enarrat
2132 1465 2409 1537 Hispanus
2448 1471 2753 1540 presbyter,
2797 1479 2962 1535 atque
2994 1470 3046 1521 iii
3082 1471 3273 1538 primis
3327 1481 3543 1537 tempus
3573 1470 3847 1539 designat,
3881 1488 3990 1541 quo

740 1558 855 1623 ipse
902 1570 1200 1610 consessus
1238 1555 1779 1626 llierosolymitanus
1823 1564 1907 1609 est
1943 1558 2161 1613 habitus
2197 1576 2209 1611 :
2240 1566 2447 1626 septem
2484 1573 2681 1625 nempe
2720 1570 2774 1611 et
2802 1558 3161 1627 quadraginta
3212 1559 3330 1613 dies
3356 1569 3477 1611 ante
3534 1560 3762 1633 primam
3799 1559 3991 1613 Encas-

738 1645 953 1695 niorum
988 1645 1106 1712 ejus
1142 1645 1326 1711 templi
1360 1647 1525 1697 diem.
1577 1640 1796 1697 Festum
1847 1643 1978 1698 illud
2014 1653 2154 1699 teste
2183 1644 2491 1714 Nicephoro
2559 1644 2776 1700 Hister.
2804 1648 2899 1698 lib.
2928 1662 3017 1700 vni
3051 1646 3106 1699 in
3135 1648 3276 1699 diem
3331 1649 3600 1701 incidebat
3648 1646 3991 1715 Septembris

735 1730 1008 1782 decimum
1051 1740 1327 1798 quartum,
1361 1731 1507 1786 unde
1549 1732 1820 1786 subducta
1867 1732 2081 1786 ratione
2113 1743 2452 1801 compertum
2518 1744 2602 1788 est
2660 1733 2926 1803 synodum
2969 1735 3205 1788 habitam
3240 1747 3471 1789 exeunte
3500 1733 3665 1788 Julio.
3725 1734 3797 1788 De
3845 1751 3991 1789 anno

738 1820 870 1873 nihil
916 1831 997 1873 est
1036 1820 1259 1872 dubium
1296 1820 1472 1889 ipsum
1536 1821 1767 1889 intelligi
1807 1822 2407 1892 quadringentesimum
2464 1822 2733 1877 decimum
2768 1823 3066 1890 quintum;
3105 1838 3228 1875 nam
3265 1824 3358 1890 qui
3396 1822 3500 1876 boc
3530 1837 3673 1876 anno
3706 1822 3988 1877 Bethleem

735 1910 1024 1962 advenerat
1044 1906 1293 1986 Orosius,
1327 1910 1430 1963 sub
1463 1910 1803 1977 insequentis
1829 1910 1984 1963 verni
2012 1921 2231 1979 tempus
2259 1911 2309 1963 in
2336 1909 2576 1964 Africam
2605 1911 2785 1964 denuo
2814 1910 2999 1963 scivit.
3028 1907 3148 1962 Jam
3181 1925 3306 1963 vero
3337 1911 3438 1964 hoc
3471 1926 3637 1973 anno,
3672 1926 3738 1963 eo
3770 1926 3987 1972 mense,

732 2004 908 2071 deque
950 2017 1012 2054 ea
1043 2002 1248 2070 synodo
1290 2002 1543 2069 loquens,
1574 2012 1765 2056 contra
1803 2000 2005 2071 Pelagii
2037 2018 2305 2065 errorem,
2337 1998 2481 2066 quod
2520 2000 2684 2049 homo
2740 1997 2911 2065 possit
2964 1998 3219 2050 mandata
3274 1996 3370 2051 Dei
3418 2000 3536 2051 sine
3590 1999 3763 2066 gratia
3820 1998 3989 2051 facile

734 2089 1034 2151 custodire,
1069 2090 1113 2142 si
1160 2089 1305 2153 velit,
1346 2107 1364 2139 ι
1397 2088 1534 2153 Hoc,
1573 2090 1782 2160 inquit,
1822 2090 2014 2144 beatus
2048 2088 2436 2161 Hieronymus,
2472 2089 2632 2149 cuius
2662 2088 2938 2155 eloquium
2977 2088 3267 2141 universus
3306 2088 3572 2143 Occidens
3611 2090 3752 2143 sicut
3807 2105 3904 2142 ros
3935 2091 3990 2144 in

736 2178 908 2233 vellus
948 2178 1282 2247 exspectat'(
1317 2178 1471 2230 multi
1519 2180 1661 2231 enim
1698 2178 1809 2244 jam
1848 2176 2088 2229 bzeretici
2140 2190 2265 2229 cum
2314 2176 2663 2246 dogmatibus
2720 2181 2835 2229 suis
2869 2176 2985 2244 ipso
3036 2188 3387 2245 oppugnante
3433 2179 3676 2246 supplosi
3715 2190 3899 2241 Sllllll,
3939 2184 3988 2229 in.

733 2271 969 2340 epistola
1013 2287 1134 2338 sua,
1173 2288 1333 2342 quam
1367 2289 1539 2341 nuper
1570 2274 1635 2324 ad
1664 2270 2078 2341 Ctesiphontem
2124 2270 2317 2338 edidit,
2350 2271 2740 2327 coademnavit
2774 2290 2787 2335 ;
2820 2270 3074 2324 similiter
3108 2283 3160 2326 et
3195 2276 3248 2327 in
3285 2274 3445 2337 libro,
3473 2290 3634 2343 quem
3666 2288 3811 2327 sese
3842 2276 3985 2327 scri-

735 2367 811 2420 bit
851 2367 1043 2420 collata
1096 2367 1150 2420 in
1190 2365 1409 2419 modum
1447 2366 1649 2436 Dialogi
1692 2368 2052 2420 altercatione
2106 2367 2376 2421 confutat.
2412 2386 2430 2418 ι
2483 2365 2669 2433 Neque
2726 2382 2855 2420 vero
2887 2366 3115 2421 dilatum
3154 2385 3292 2438 opus
3330 2370 3382 2421 in
3439 2382 3759 2437 sequentem
3812 2384 3992 2434 usqu».

735 2479 935 2516 annum
974 2478 1071 2531 par
1120 2472 1205 2517 est
1244 2465 1479 2533 opinari,
1521 2462 1965 2532 quandoquidem
2024 2463 2331 2517 discedenti
2368 2463 2592 2525 Orosio,
2644 2474 2705 2516 ut
2761 2465 3027 2525 diximus,
3080 2481 3247 2517 verno
3278 2475 3538 2534 tempore,
3579 2464 3793 2518 litteras
3835 2462 3997 2517 dedit

737 2554 1098 2624 Hieronymus
1127 2556 1178 2606 iii
1210 2565 1394 2608 nostra
1460 2555 1777 2608 recensione
1812 2555 1928 2615 l55,
1981 2555 2046 2608 ad
2084 2556 2450 2624 Augustinum
2487 2555 2859 2624 perferendas,
2896 2556 2947 2608 in
2984 2557 3183 2625 quibus
3230 2557 3408 2624 ipsum
3456 2559 3744 2625 alloquens
3780 2554 3997 2624 Hippo-

735 2666 959 2703 nensem
990 2650 1300 2718 episcopum
1334 2666 1483 2703 nnm.
1518 2665 1566 2702 ιε
1598 2648 1806 2711 tCerte,
1834 2650 2029 2719 inquit,
2061 2660 2117 2704 et
2149 2650 2201 2703 iti
2234 2650 2473 2717 Dialogo,
2510 2666 2671 2719 quem
2702 2666 2877 2719 nuper
2907 2651 3076 2715 edidi,
3122 2660 3226 2704 tua:
3258 2650 3645 2713 beatitudinis,
3672 2661 3729 2704 ut
3755 2650 3990 2718 dignum

734 2756 937 2817 fuerat,
960 2758 1080 2797 sum
1121 2742 1461 2797 recordatus.
1505 2761 1523 2793 ι
1564 2742 1679 2795 Hoc
1715 2753 1894 2795 autem
1926 2744 2028 2796 sub
2063 2743 2207 2795 tertii
2247 2742 2370 2795 libri
2405 2744 2593 2807 linem,
2624 2754 2787 2811 atque
2821 2743 2957 2797 adeo
2999 2759 3164 2810 opere
3195 2744 3306 2810 jam
3339 2744 3612 2805 absoluto,
3644 2743 3890 2810 scripsit,
3935 2754 3992 2794 nt

736 2838 864 2891 nulli
904 2838 1131 2891 dubium
1163 2837 1234 2889 sit
1264 2839 1483 2890 exeunti
1522 2849 1668 2888 anno
1698 2837 2245 2905 quadringentesimo
2274 2838 2486 2892 decimo
2519 2841 2712 2906 quinto
2742 2839 2873 2891 illud
2915 2853 3036 2892 esse
3072 2836 3481 2890 ascribendnm.

803 2931 857 2984 ’5.
885 2930 1086 2983 Contra
1118 2930 1295 2984 editos
1320 2944 1348 2981 a
1381 2930 1440 2981 S.
1471 2928 1703 2983 Doctore
1731 2931 1899 2983 libros
1926 2931 2163 2997 priurum
2198 2933 2486 2985 Annianus
2538 2931 2874 2994 Celedcnsis,
2908 2941 2965 2983 ut
2989 2932 3147 3001 vulgo
3177 2930 3757 2995 scriliitur,diaconns,
3790 2933 3993 2984 deinde

735 3018 986 3087 Pelagius
1012 3023 1128 3089 ipse.
1156 3021 1297 3072 haud
1332 3021 1503 3073 multo
1530 3027 1676 3087 post,
1710 3035 1834 3074 cum
1867 3019 2305 3089 Diospolitanam
2343 3020 2717 3073 miserabilem
2747 3018 3014 3088 synodum
3052 3018 3360 3080 fefellisset,
3386 3020 3622 3088 denique
3650 3019 3989 3072 Theodorus

736 3108 1153 3176 Mopsui-stenus
1184 3108 1497 3176 episcopus,
1538 3109 1832 3162 traduntur
1865 3112 2068 3179 Stylnm
2107 3110 2344 3162 acuisse.
2391 3106 2590 3161 Verum
2623 3108 2859 3159 Anniani
2893 3115 2947 3157 et
2982 3104 3210 3176 Pelagii,
3256 3122 3364 3160 non
3404 3109 3530 3166 duo.
3572 3119 3629 3160 ut
3662 3111 3985 3161 communis

735 3196 840 3250 fert
870 3197 1076 3265 opinio,
1104 3196 1198 3248 sed
1227 3212 1395 3248 unum
1433 3207 1597 3264 atque
1630 3186 1772 3249 idem
1811 3200 2099 3263 scriptum,
2125 3198 2267 3263 quod
2302 3197 2498 3250 collata
2531 3210 2693 3262 opera
2720 3194 3153 3255 elaboraverint,
3188 3211 3254 3249 ex
3286 3208 3552 3257 veterum,
3589 3199 3681 3263 qui
3708 3197 3831 3263 ejus
3866 3213 3986 3250 rne-

734 3285 1032 3343 niinerunt.
1083 3283 1414 3337 teStimoiiiis
1468 3283 1649 3353 colligi
1703 3298 1863 3352 posse.
1898 3286 2168 3337 videatur.
2223 3285 2536 3336 Annianum
2582 3281 2788 3349 Pelagii
2837 3284 3167 3350 armigerum
3212 3295 3373 3337 vocat
3430 3284 3661 3339 Orosius
3707 3302 3719 3336 :
3779 3304 3797 3336 ι
3838 3283 3987 3347 Stat,

752 3372 954 3436 inquit,
997 3370 1251 3438 superbia
1286 3370 1716 3424 immaniSsiinus
1764 3369 1981 3423 Golith
2024 3370 2320 3441 (Pelagius)
2358 3372 2566 3424 habens
2594 3377 2717 3436 'post
2749 3386 2807 3424 se
2834 3374 3169 3440 armigerum
3208 3390 3389 3437 suum,
3421 3376 3513 3441 qui
3563 3376 3665 3429 etsi
3712 3377 3830 3442 ipse
3878 3393 3985 3430 non

732 3460 977 3519 dimicat.
1014 3472 1208 3512 cuncta
1252 3469 1429 3511 tamen
1457 3462 1585 3512 teris
1610 3467 1663 3513 et
1698 3462 1824 3512 lerri
1850 3458 2105 3528 suffragia
2134 3462 2536 3513 subministrat.
2572 3478 2590 3510 ι
2619 3457 2987 3527 Hieronymus
3018 3462 3193 3525 illum,
3217 3461 3383 3529 epist.
3418 3461 3539 3524 H5,
3569 3466 3635 3514 ad
3668 3465 3989 3532 Augustin”

732 3548 866 3600 dicit
901 3565 919 3596 ι
966 3547 1345 3615 copiosissime
1384 3548 1557 3615 pasci,
1598 3557 1656 3598 ut
1693 3548 1885 3600 alienae
1916 3549 2265 3614 blasphemia:
2292 3554 2455 3603 verba
2490 3548 2680 3601 frivola
2713 3549 3127 3613 subministret;
3178 3570 3195 3603 ι
3246 3549 3561 3604 Gennadius
3590 3568 3689 3606 nec
3724 3557 3984 3606 nominat

733 3636 995 3704 quidem;
1046 3634 1249 3701 Pelagii
1306 3646 1489 3687 autem
1546 3636 1743 3701 scripta
1774 3637 1963 3688 Itwresi
2001 3653 2110 3688 sua:
2149 3636 2388 3705 [ai'entia
2428 3651 2534 3689 non
2578 3647 2719 3690 tacet
2757 3646 2991 3691 :t‘ontra
3039 3638 3386 3703 Sigebertus,
3422 3642 3514 3703 qui
3554 3640 3688 3693 alios
3740 3643 3985 3694 Anniani

736 3724 908 3778 libros
944 3734 1216 3787 recenset,
1260 3739 1398 3792 quos
1425 3736 1619 3777 contra
1662 3724 2056 3795 Hieronymum
2108 3724 2413 3793 scripserit,
2450 3738 2555 3777 nun
2602 3726 2874 3793 agnoscit.
2916 3723 3019 3778 Sed
3056 3741 3282 3795 quoquo
3314 3743 3373 3780 se
3408 3728 3572 3780 modo
3622 3743 3710 3781 res
3757 3729 3983 3789 habeat,

735 3814 938 3878 scripta
975 3811 1135 3863 malis
1168 3811 1428 3879 auspiciis
1459 3821 1587 3863 nata
1624 3813 1765 3864 male
1793 3813 2027 3879 perdidit
2060 3813 2281 3881 sequior
2314 3824 2465 3865 aetas.
2502 3812 2744 3868 Sanctus
2779 3813 2937 3867 Pater
2973 3814 3093 3882 ipse
3125 3815 3255 3867 dum
3301 3830 3364 3867 ea
3414 3812 3708 3868 confutare
3766 3818 3985 3871 diutius

732 3905 933 3963 differt,
971 3904 1189 3957 tandem
1226 3904 1580 3969 contempsit,
1619 3904 1775 3971 quasi
1820 3919 2108 3970 personam
2147 3919 2302 3955 suam
2347 3902 2637 3955 dedecoret
2669 3924 2687 3951 ι
2728 3901 2922 3955 nteniis
2961 3903 3321 3970 ineptissitnis
3370 3903 3720 3969 respondere.
3765 3923 3785 3955 ι
3838 3903 3988 3959 Tan-

733 4003 844 4046 tttm
878 3994 1185 4062 Augustino
1238 3994 1477 4045 insinuat
1544 3996 1735 4045 mezius
1781 3994 1915 4056 fore,
1950 3996 1993 4045 si
2028 3993 2130 4045 hoc
2165 3993 2253 4045 ille
2299 3990 2523 4051 faceret,
2555 4007 2571 4039 t
2606 3987 2704 4047 Ne.
2748 3988 2946 4058 inquit,
3000 3991 3391 4058 compellamur
3429 4000 3618 4043 contra
3664 3992 3984 4046 licet'eticnm

736 4094 916 4134 noSIra
956 4082 1203 4134 laudare.
1241 4099 1258 4130 ι
1300 4080 1468 4132 Porro
1501 4078 1852 4133 Theodorum
1889 4079 2337 4148 Mopsuestennm
2390 4076 2568 4145 prodit
2624 4073 2935 4143 Pelagiana:
2979 4077 3225 4129 historiae
3270 4078 3523 4129 cotiditer
3575 4087 3986 4134 t'Ottletraneus

734 4184 886 4221 mens
919 4168 1184 4222 llenrirus
1212 4168 1362 4221 card.
1396 4167 1641 4221 Not-isins
1663 4184 1726 4220 ex
1767 4168 1850 4221 his
1882 4166 2066 4220 Photii
2101 4166 2353 4219 Biblioth.
2385 4166 2513 4217 cod.
2545 4165 2646 4218 117
2682 4182 2694 4216 :
2736 4184 2755 4216 ι
2788 4163 3009 4219 Lectum
3034 4176 3118 4219 est
3153 4182 3289 4233 opus
3316 4164 3586 4219 Theodori
3618 4168 3981 4229 Antiocheni,

732 4258 821 4323 qui
853 4256 1270 4325 Mopsuestenns
1314 4257 1400 4309 iile
1426 4259 1725 4326 episcopus
1753 4268 1860 4318 est,
1892 4267 1949 4308 nt
1978 4271 2040 4308 ex
2081 4257 2200 4323 ejus
2226 4254 2557 4324 quibusdam
2588 4254 2840 4321 epistolis
2868 4255 3205 4323 colligimus,
3240 4256 3343 4308 hoc
3372 4257 3549 4319 titulo,
3592 4256 3798 4311 Contra
3834 4274 3985 4309 asse-

737 4356 906 4400 rentes
973 4363 1189 4415 peccare
1226 4348 1464 4399 Iiomiiics
1500 4362 1717 4409 natura,
1764 4363 1865 4399 non
1915 4348 2205 4398 voluntate.
2250 4347 2324 4398 lia
2363 4340 2661 4410 disputatio
2686 4341 2927 4408 quinque
2974 4341 3130 4394 lilnis
3172 4342 3499 4399 absolvitur.
3535 4358 3676 4407 quos
3710 4346 3983 4397 adversus

736 4437 1112 4492 Occidentales
1149 4438 1248 4488 hac
1283 4438 1405 4490 labe
1440 4436 1676 4488 iniectos
1710 4437 1954 4503 scripsit.
2004 4435 2132 4487 Inde
2164 4434 2310 4487 enim
2347 4431 2640 4485 oriundum
2675 4430 2900 4483 haeresis
2936 4431 3098 4500 hujus
3133 4441 3418 4483 auctorem
3452 4430 3505 4483 in
3536 4431 3777 4485 Orientis
3814 4434 3983 4485 modo

736 4527 1047 4593 regionibus
1073 4528 1301 4584 versari,
1327 4526 1604 4592 librosque
1639 4525 1705 4577 de
1735 4539 1930 4577 recens
1965 4539 1991 4574 a
2024 4539 2083 4575 se
2107 4525 2411 4590 excogitata
2443 4519 2636 4572 liaaresi
2672 4521 3035 4589 compositos,
3066 4522 3131 4572 ad
3161 4522 3457 4589 populares
3487 4536 3618 4574 Sllos
3654 4522 3707 4574 in
3738 4528 3978 4590 patriam

738 4614 1106 4666 transmittere
1141 4620 1349 4676 narrat,
1402 4622 1459 4664 tit
1500 4612 1610 4679 jam
1666 4612 1735 4664 ibi
1796 4612 1997 4663 multos
2043 4626 2137 4677 per
2174 4610 2314 4663 hanc
2361 4620 2536 4661 artem
2583 4607 2638 4661 in
2671 4623 2825 4661 suam
2865 4616 3195 4677 pertraxerit
3230 4611 3580 4667 sententiam.
3622 4613 3982 4680 integrasque

736 4704 870 4755 adeo
896 4700 1164 4754 Ecclesias
1200 4701 1448 4754 absurdis
1480 4702 1587 4754 illia
1623 4702 1881 4753 imbuerit
1914 4700 2293 4769 opinionibus.
2316 4696 2481 4750 Aram
2516 4712 2643 4748 vero
2671 4697 2891 4748 illorum
2934 4696 3201 4747 librorum
3241 4706 3546 4757 auctorem,
3578 4698 3691 4749 sive
3724 4706 3980 4759 nomine,

734 4793 848 4841 sive
905 4793 1226 4855 cognomine
1279 4790 1569 4851 incertum,
1641 4789 1894 4855 appellat.
1950 4790 2107 4840 latine
2172 4788 2337 4839 etiam
2397 4789 2647 4854 quintum
2726 4785 3080 4851 evangelium
3123 4783 3479 4845 confinxisse,
3528 4788 3771 4853 illtulque
3824 4791 3982 4841 sein

734 4878 951 4931 Eusebii
998 4876 1268 4930 Palil'siilli
1309 4878 1655 4931 bibliothecis
1698 4878 1965 4944 reperisse
2011 4878 2085 4928 ait
2139 4892 2154 4929 :
2206 4876 2402 4943 rejecta
2438 4884 2698 4938 praeterea
2734 4873 2903 4926 divini
2956 4888 3017 4926 ac
3072 4875 3273 4928 \eleris
3322 4876 3656 4928 'i'estamenti
3695 4892 3979 4932 versione.

731 4984 891 5037 quam
923 4969 1274 5035 Septuaginta
1306 4966 1633 5031 interpretes
1662 4967 1825 5020 simul
1860 4967 2251 5019 convenientes
2308 4965 2617 5028 ediderunt,
2666 4973 2724 5016 ut
2776 4975 2828 5017 et
2874 4964 3188 5034 Symmachi
3246 4974 3298 5017 et
3348 4968 3561 5033 Aquil.e
3617 4971 3983 5039 aliorumque

735 5055 1206 5123 interpretati-mc,
1244 5058 1519 5123 propriam
1555 5055 1850 5122 quamdam
1887 5068 2042 5105 suam
2073 5068 2379 5121 novamque
2413 5054 2685 5106 conﬁcere
2718 5066 2941 5111 ausum.
2976 5067 3100 5105 cum
3135 5068 3310 5121 neque
3343 5051 3622 5107 llebraira:
3656 5055 3882 5125 lingua,
3918 5074 3981 5109 ιιι

733 5146 830 5205 illi,
864 5161 891 5196 a
946 5158 1116 5211 puero
1169 5145 1525 5205 assuevissel,
1581 5158 1756 5209 neque
1796 5152 2030 5195 mentem
2090 5142 2147 5194 S.
2204 5142 2501 5210 Scriptura:
2557 5141 2858 5193 didicisset.
2921 5140 3162 5194 Hebraeis
3215 5143 3602 5194 tantummodo
3642 5148 3980 5211 quibusdam

735 5232 954 5298 abjt‘CItP.
982 5228 1145 5282 sortis
1180 5232 1229 5281 in
1265 5231 1607 5296 disciplinam
1644 5244 1702 5280 se
1762 5228 2074 5289 tradidisse,
2100 5240 2261 5295 atque
2304 5232 2427 5281 hinc
2465 5230 2745 5297 proririam
2799 5228 2905 5282 sibi
2953 5230 3245 5281 editionem
3282 5232 3531 5281 scribere
3561 5246 3912 5299 aggressum.
3959 5257 3978 5285 ι

734 5318 1080 5369 Conviciatur
1134 5318 1423 5369 lizeretieus
1472 5316 1859 5382 Hieronymum
1920 5332 2218 5384 suppresso
2260 5318 2484 5371 nomine
2535 5318 2846 5371 describere
2897 5317 3102 5370 clarius
3147 5317 3234 5369 vix
3285 5319 3594 5386 potitis~et;
3632 5322 3780 5387 quod
3825 5338 3981 5376 enim

734 5410 991 5457 Aramnm
1028 5415 1202 5464 vocat,
1238 5422 1344 5457 non
1374 5405 1590 5457 aliunde
1621 5404 1838 5456 videtur
1903 5420 2024 5456 esse
2080 5419 2248 5472 quam
2304 5405 2447 5472 quod
2499 5407 2659 5458 homo
2726 5405 3038 5459 Pannonius
3086 5408 3307 5473 degeret
3346 5409 3397 5458 in
3427 5406 3726 5461 Orientem.
3769 5407 3983 5463 Veruu;

736 5509 907 5563 neque
938 5494 1083 5547 hisce
1112 5494 1262 5546 libris
1307 5493 1367 5544 Si.
1407 5492 1612 5545 DuClOI‘
1661 5494 1965 5561 respondit,
2003 5494 2111 5546 imo
2155 5509 2219 5546 ne
2265 5494 2465 5544 vidisse
2516 5494 2734 5561 quidem
2787 5495 2929 5552 illos,
2966 5509 3060 5546 ant
3110 5496 3339 5547 servisse
3389 5507 3582 5547 contra
3638 5509 3699 5547 se
3735 5501 3986 5565 scriptm

736 5584 1000 5635 videatur.
1034 5582 1267 5635 linrsum
1308 5598 1411 5633 non
1442 5582 1544 5635 nisi
1579 5584 1823 5649 qnzrdam
1857 5599 1919 5635 ex
1952 5584 2058 5634 illis
2103 5593 2401 5649 supersunt
2430 5592 2709 5650 excerpta,
2745 5600 2865 5651 quae
2907 5582 3115 5636 Marius
3141 5581 3411 5635 Mercator
3450 5596 3643 5636 contra
3695 5583 3986 5653 Augusti-

738 5686 866 5723 num
894 5671 1093 5739 scripta
1138 5671 1437 5721 arbitratus
1469 5680 1572 5730 est,
1608 5684 1669 5719 ac
1708 5668 1897 5720 Latine
1934 5688 1960 5721 ιι
1988 5686 2045 5723 se
2078 5671 2284 5722 reddita
2317 5671 2547 5722 inseruit
2579 5670 3044 5724 Commonitorio.

806 5758 859 5809 lt.
894 5755 1061 5809 Porro
1091 5759 1230 5809 inter
1260 5766 1477 5816 ωειιιιηςι,
1507 5773 1624 5823 quin
1653 5761 1717 5808 ad
1758 5758 2163 5826 liicroaymiani
2215 5757 2376 5823 hujus
2411 5760 2595 5825 operis
2627 5758 2933 5827 augendam
2971 5774 3068 5826 pro
3124 5758 3349 5812 modulo
3400 5770 3591 5813 nostro
3640 5760 3985 5829 dignitatem

741 5847 1113 5913 pricstitimus,
1150 5848 1263 5915 ipsa
1296 5847 1381 5898 illa
1414 5847 1715 5912 ἀποσπαιτιι
1733 5846 1855 5896 uitta
1889 5862 1948 5897 ex
1979 5844 2148 5897 .‘ilario
2176 5844 2479 5899 Mercatura
2504 5848 2810 5899 Balnziana:
2848 5848 3109 5902 editionis
3146 5850 3252 5901 huc
3278 5847 3538 5903 duximus
3588 5852 3991 5909 transferenda

741 5944 857 6000 post
887 5932 1188 5999 Dialognm,
1223 5942 1279 5988 ut
1306 5936 1352 5987 vi
1379 5936 1486 5986 ans
1524 5933 1655 6000 quid
1689 5945 1879 5987 contra
1916 5935 2226 6002 Pelagiana:
2253 5944 2422 5986 secta:
2450 5932 2839 5987 debellatorem
2870 5934 2990 6003 (cur
3023 5937 3167 5990 enim
3203 5936 3307 5989 hoc
3340 5952 3541 5993 ornare
3572 5938 3988 6010 Hieronymus:
