4202 6510
761 478 869 540 519

1969 475 2024 537 S.
2057 473 2358 534 EUSERII
2395 471 2824 534 lllERONYMI

3911 468 4012 533 5Ξο

755 599 1008 646 asset-ant
1054 605 1114 644 se
1166 603 1231 643 ne
1269 586 1599 657 cogitatione
1643 588 1864 658 quidem
1899 597 1952 642 et
1987 591 2318 656 ignorantia,
2350 587 2403 648 Δ
2431 602 2549 642 mus
2578 585 2626 658 ]?
2659 585 2816 643 Nunc
2840 602 3057 659 quoque
3079 586 3398 659 mysterium
3432 583 3735 657 iniquitatis
3761 595 4019 656 operatur

754 699 880 738 cum
909 686 976 736 ad
1000 683 1493 737 consummationis
1518 685 1733 739 culmen
1765 681 2137 746 ascenderint,
2162 699 2329 751 posse

755 791 1004 844 peccare.
1056 774 1119 828 Et
1177 791 1490 843 quanquam
1548 776 1816 845 superiori
1869 775 2122 842 epiStola,
2161 791 2328 843 quam

753 867 1240 936 adCtesiphontem
1273 870 1476 936 scripsi
1506 879 1693 920 contra
1725 879 1944 918 errores
1973 881 2190 930 eorum,
2225 882 2325 935 pro

754 963 1005 1029 angustia
1045 959 1310 1030 temporis
1350 975 1520 1029 pauca
1566 959 2002 1027 perstrinxerim,
2038 960 2126 1015 hic
2171 961 2328 1028 liber,

755 1069 917 1121 quem
949 1070 1095 1108 nunc
1134 1055 1335 1108 cudere
1364 1054 1611 1115 nitimur,
1643 1053 2056 1108 Socraticorum
2088 1069 2330 1108 consue-

757 1151 1001 1204 tudinem
1033 1148 1291 1211 servabit,
1325 1156 1386 1201 ut
1428 1163 1493 1201 es
1530 1161 1765 1216 utraque
1823 1158 1979 1218 p'irte
2030 1149 2159 1218 quid
2221 1149 2330 1203 dici

760 1245 933 1310 prissit
964 1251 1226 1308 exponat,
1286 1251 1342 1294 et
1396 1241 1570 1308 magis
1621 1241 1908 1309 perspicua
1960 1241 2166 1294 veritas
2222 1240 2332 1304 fiat,

756 1349 881 1387 cum
922 1335 1171 1402 posuerit
1202 1333 1316 1407 [Αι.
1364 1335 1729 1405 proposuerit]
1766 1335 2144 1402 unusquisque
2188 1336 2331 1404 quod

757 1432 1017 1483 senserit.
1074 1428 1209 1482 Illud
1268 1441 1448 1482 autem
1502 1429 1754 1494 Origeuis
1816 1429 2092 1495 prppriutu
2146 1440 2245 1487 est.
2281 1438 2335 1482 et

763 1521 1108 1587 impossibile
1137 1535 1260 1573 esse
1304 1521 1598 1572 humanam
1641 1537 1670 1573 a
1724 1521 1997 1591 principio
2041 1536 2217 1589 usque
2265 1524 2332 1575 ad

759 1623 992 1666 mortem
1048 1628 1157 1666 non
1211 1628 1439 1682 peccare
1473 1621 1725 1667 naturam
1755 1631 1787 1674 ,ξ
1821 1623 1877 1668 et
1923 1629 2144 1668 rursum
2212 1628 2336 1668 esse

761 1707 1041 1774 possibile,
1071 1721 1196 1759 cum
1233 1721 1291 1759 se
1357 1707 1558 1774 aliquis
1591 1708 1655 1759 ad
1701 1709 1925 1761 meliora
1977 1708 2332 1771 converterit,

758 1800 828 1854 ad
865 1811 1070 1852 tantam
1123 1799 1493 1852 fortitudinem
1545 1802 1830 1869 pervenire
1873 1801 2039 1870 695
2100 1809 2158 1854 ut
2195 1801 2334 1852 ultra

761 1909 870 1947 non
899 1901 1084 1960 peccet
1109 1892 1146 1943 '.

2434 690 2486 734 et
2518 681 2686 751 garrit
2714 681 3090 752 unusquisque
3124 679 3273 750 quod
3337 681 3503 733 sentit
3530 695 3544 733 :
3584 694 3687 749 ego
3715 678 3868 732 solus
3895 693 4014 732 sum

2434 779 2522 845 qui
2553 786 2871 831 cunctorum
2893 777 3060 846 gloria
3089 776 3361 836 mordear.
3388 785 3440 829 et
3469 785 3576 827 Iani
3633 774 3894 835 miser,ut
3927 772 4014 824 his

2435 883 2652 938 quoque
2680 869 2948 922 invideam
3004 869 3092 938 qui
3123 883 3227 921 non
3249 865 3831 922 merenturinvidiam.
3862 862 4019 918 L'nde

2437 969 2494 1013 ut
2533 960 2787 1014 (minibus
2823 964 3104 1026 probarem
3139 976 3223 1013 me
3258 973 3366 1012 non
3387 957 3568 1013 odisse
3598 957 3875 1024 homines,
3903 956 3996 1009 sed

2434 1067 2672 1117 errores.
2696 1067 2794 1108 nec
2815 1053 3117 1122 aliquorum
3145 1052 3421 1105 infamiam
3447 1065 3710 1120 quaerere,
3737 1049 4018 1118 magisque

2436 1150 2620 1202 dolere
2651 1147 2824 1201 vicem
2853 1145 3020 1218 696
3045 1159 3260 1208 earum,
3289 1144 3378 1213 qui
3406 1143 3526 1198 falsi
3555 1142 3792 1197 nominis
3826 1142 4012 1194 scien-

2439 1243 2509 1296 tia
2545 1241 2990 1310 supplantantur,
3017 1237 3177 1292 Attici
3207 1246 3257 1289 et
3289 1237 3550 1290 Critobuli
3583 1236 3801 1288 nomina
3830 1237 4013 1304 posui,

2440 1352 2534 1405 per
2572 1342 2791 1404 quoset
2846 1343 3031 1386 nostra
3091 1347 3216 1402 pars
3258 1341 3312 1386 et
3375 1333 3816 1384 adversariorum
3880 1326 4013 1396 quid

2438 1430 2683 1490 sentiret,
2714 1439 3083 1494 espromerem
3110 1422 3646 1493 (ALexprimereui).
3706 1421 3846 1487 Quin
3908 1433 4016 1490 po-

2441 1521 2551 1572 tius
2573 1535 2762 1572 omnes
2796 1518 2888 1587 qui
2914 1517 3238 1569 catholicam
3263 1525 3535 1570 seetamur
3561 1515 3741 1576 fidem,
3767 1521 4018 1581 optauus

2440 1619 2489 1663 et
2521 1611 2768 1678 cupimus
2802 1607 3050 1662 damnari
3085 1607 3358 1672 haeresim,
3422 1606 3672 1661 homines
3704 1604 4013 1658 emendari.

2441 1706 2548 1760 Aut
2571 1711 2713 1758 certe
2755 1701 2885 1755 siin
2934 1714 3120 1754 errore
3189 1698 3458 1752 voluerint
3527 1709 3871 1766 permanere.
3904 1709 4013 1748 non

2439 1806 2682 1849 nostram
2705 1793 2916 1863 culpam
2940 1805 3062 1845 esse
3087 1791 3182 1860 qui
3212 1791 3550 1860 scripsimus.
3577 1789 3669 1841 sed
3688 1802 3874 1840 eorum
3928 1785 4021 1853 qui

2443 1886 2781 1940 mendacium
2843 1884 3200 1954 praetulerunt
3248 1884 3482 1937 veritati.
3516 1882 3874 1950 Breviterque
3929 1894 4025 1932 ca-

834 1985 894 2040 2.
925 1982 1049 2036 Non
1101 1980 1299 2035 invidia
1344 1993 1535 2034 motus.
1565 2011 1636 2021 —
1670 1982 1971 2036 Adversum
2003 1999 2098 2037 eos
2127 1992 2334 2050 autem,
2369 1950 2412 2004 Β
2444 1977 2858 2031 lumniatoribus
2882 1977 3414 2043 ’respondemus,qui
3444 1990 3538 2028 sua
3583 1975 3636 2026 in
3665 1989 3764 2028 eos
3798 1972 4027 2026 maledi-

759 2076 853 2144 qni
883 2089 979 2127 ‘me
1003 2075 1192 2125 dicunt
1221 2072 1322 2126 hoc
1339 2087 1475 2140 opus
1505 2072 1898 2126 inﬂammatum
1935 2075 2149 2128 invidia:
2181 2075 2329 2128 faci-

762 2169 864 2220 hus
894 2165 1156 2225 scribere,
1215 2164 1452 2218 breviter
1499 2163 1864 2232 respondebo,
1903 2182 2183 2234 nunquam
2257 2181 2344 2219 me

764 2258 1036 2311 haereticis
1067 2256 1403 2325 pepercisse,
1439 2266 1492 2308 et
1518 2258 1664 2309 omni
1700 2257 1872 2325 egisse
1900 2258 2098 2318 studio.
2131 2268 2190 2312 ut
2250 2257 2345 2311 ho-

763 2359 876 2403 stes
906 2349 1164 2402 bcclesia:
1222 2351 1327 2402 mei
1360 2363 1577 2416 quoque
1610 2349 1792 2402 hostes
1820 2348 2032 2403 fierent.
2066 2349 2346 2405 Helvidius

764 2441 984 2508 scripsit
1017 2452 1208 2492 contra
1237 2447 1438 2492 sanctae
1479 2436 1658 2490 Maria:
1729 2440 2093 2508 virginitatem
2130 2448 2340 2509 perpen-

764 2543 939 2586 tuam.
999 2531 1257 2602 Nunquid
1308 2541 1365 2584 ut
1393 2531 1441 2585 ei
1473 2533 1853 2598 responderem
1910 2532 2104 2585 ductus
2143 2532 2344 2587 invidia

763 2641 911 2686 sum,
943 2640 1103 2693 quem
1143 2624 1367 2677 omnino
1394 2624 1447 2677 in
1469 2638 1632 2679 carne
1666 2640 1774 2678 non
1813 2625 1918 2679 vidi
1945 2625 1968 2676 ?
1995 2623 2342 2691 Iovinianus,

767 2718 956 2787 cujus’
992 2731 1140 2770 nunc
1167 2716 1391 2771 haeresis
1449 2717 1768 2795 suscitatur,
1827 2715 2125 2770 Romanam
2189 2719 2345 2773 Iidem

769 2825 857 2862 me
888 2810 1117 2862 absente
1148 2810 1404 2874 turbavit,
1445 2819 1552 2862 tam
1588 2810 1824 2878 elinguis
1853 2820 1906 2864 et
1968 2810 2046 2864 sic
2083 2815 2351 2867 sermonis

767 2899 963 2964 putidi,
990 2909 1047 2948 ut
1065 2898 1236 2966 magis
1257 2896 1628 2951 misericordia
1648 2897 1842 2964 dignus
1868 2900 2028 2952 fuerit
2087 2900 2354 2969 quamjn-

769 2991 927 3044 vidia.
951 2992 1030 3045 Illi
1058 3006 1272 3061 quoque
1287 2991 1578 3059 respondui
1601 3000 1656 3043 ut
1681 2994 1854 3060 potui.
1875 2993 2104 3046 Ruﬁnus
2126 3009 2229 3047 non
2259 2993 2351 3047 uni

779 3083 925 3143 urbi,
953 3083 1046 3135 sed
1076 3083 1193 3134 orbi
1223 3082 1590 3150 blasphemias
1622 3081 1875 3152 Origenis
1905 3093 1959 3136 et
1985 3085 2114 3152 περὶ
2140 3083 2352 3155 Ἀρχὼν

771 3176 966 3237 libros,
993 3182 1255 3241 quantum
1281 3173 1336 3225 in
1383 3189 1440 3227 se
1477 3173 1598 3237 fuit,
1669 3175 1852 3228 intulit
1885 3193 1896 3228 :
1923 3176 1993 3228 ita
2026 3186 2085 3229 ut
2114 3176 2332 3230 Eusebii

2445 2081 2530 2124 cta
2555 2070 2863 2133 conferunt,
2891 2067 3310 2122 Manichaeorum
3341 2081 3464 2120 esse
3485 2067 3793 2119 sententia“
3845 2065 4028 2119 homi-

2448 2181 2578 2218 num
2616 2164 2880 2216 damnare
2913 2171 3188 2220 naturam,
3218 2171 3272 2213 et
3332 2161 3560 2214 liberum
3625 2158 3845 2210 auferre
3876 2159 4023 2208 arbi-

2448 2257 2695 2318 trium,et
2722 2254 3051 2321 adiutorium
3090 2253 3182 2308 Dei
3207 2253 3415 2306 tollere.
3445 2250 3798 2319 Rursumque
3867 2265 4030 2318 aper-

2449 2350 2673 2404 tissima:
2704 2349 2946 2410 insaniae.
3009 2350 3110 2401 hoc
3157 2345 3428 2401 hominem
3473 2346 3675 2406 dicere,
3710 2345 3854 2414 quod
3888 2343 4030 2396 Dens

2449 2454 2556 2497 est.
2596 2444 2660 2496 Et
2699 2444 2779 2496 sic
2823 2439 3234 2505 ingrediendum
3260 2439 3341 2491 via
3369 2439 3533 2506 regia.
3561 2448 3616 2489 ut
3645 2453 3742 2490 nec
3775 2436 3839 2488 ad
3898 2437 4034 2490 sini-

2451 2546 2616 2591 stram
2653 2550 2754 2589 nec
2810 2533 2874 2587 ad
2938 2533 3190 2586 dextram
3226 2529 3584 2595 declinemus;
3617 2532 4033 2600 appetitumque

2452 2628 2689 2699 propria:
2720 2626 3014 2680 voluntatis
3067 2622 3161 2676 Dei
3219 2637 3432 2692 semper
3489 2622 3774 2675 eri-damus
3824 2623 4034 2675 auxilio

2451 2720 2762 2791 gubernari.
2795 2719 2851 2774 Si
2878 2717 2998 2788 quis
3033 2726 3210 2771 autem
3241 2715 3375 2770 falso
3403 2713 3732 2769 seinfamari
3766 2715 4034 2779 clamitat,

2453 2822 2508 2866 et
2539 2813 2798 2881 gloriatur
2825 2822 3009 2864 nostra
3043 2809 3268 2872 sentire;
3293 2818 3423 2860 tunc
3448 2822 3588 2860 vero:
3617 2807 3734 2859 fidei
3770 2807 4036 2875 probabit

2454 2922 2756 2968 assensum,
2786 2920 2910 2959 cum
2945 2915 3132 2972 aperte
3156 2913 3211 2957 et
3235 2901 3443 2970 absque
3469 2901 3596 2954 dolo
3624 2900 3852 2954 adversa
3886 2902 4039 2952 dam-

2455 2999 2666 3052 naverit
2704 3013 2718 3062 ;
2747 3013 2813 3051 ne
2845 2997 3033 3050 audiat
3062 2995 3190 3048 illud
3221 2994 3732 3064 propheticumtiEt
3779 2997 3830 3047 in
3862 2996 4042 3046 muni-

2457 3093 2554 3145 bus
2585 3091 2666 3143 bis
2699 3105 2803 3142 non
2831 3101 2914 3142 est
2941 3101 3204 3142 conversa
3227 3087 3292 3141 ad
3319 3102 3403 3141 me
3439 3089 3847 3155 praevaricatrix
3885 3103 4039 3141 soror

2455 3184 2571 3252 ejus
2592 3181 2729 3236 Iuda
2751 3197 2816 3234 ex
2843 3189 2956 3234 toto
2977 3180 3141 3234 corde
3160 3194 3282 3241 suo,
3313 3179 3407 3234 sed
3433 3180 3485 3232 in
3506 3179 3791 3233 mendacio
3814 3181 4037 3249 (Jerem.

770 3279 989 3332 quoque
1030 3265 1265 3331 primum
1297 3265 1493 3316 librum
1523 3265 1863 3318 Defensionis
1919 3267 2168 3332 Origenis
2237 3271 2340 3321 sub
2369 3284 2416 3344 ο
2446 3290 2527 3340 ιιι,
2555 3273 2699 3341 10).»
2736 3272 3071 3340 Minorisque
3094 3272 3301 3343 peccati
3358 3283 3443 3326 est
3476 3273 3624 3340 sequi
3654 3273 3858 3323 malum
3893 3272 4042 3340 quod

772 3357 992 3410 nemine
1009 3355 1273 3423 Pamphili
1296 3357 1550 3426 martyris
1574 3356 1778 3418 ederet,
1797 3365 1846 3408 ct
1873 3359 2026 3425 quasi
2053 3359 2139 3411 ille
2161 3373 2349 3427 parum

775 3449 1022 3511 dixisset,
1051 3461 1247 3501 novum
1273 3462 1369 3518 pro
1398 3465 1464 3501 eo
1483 3449 1731 3500 volumen
1754 3451 2186 3502 evomeret.t\'uiu
2217 3453 2355 3505 invi-

763 3543 968 3595 demus
993 3542 1064 3604 ei,
1091 3543 1214 3608 quia
1239 3542 1644 3609 respondimus,
1670 3551 1721 3593 ct
1754 3551 1904 3595 tanta
1934 3543 1987 3595 in
2008 3559 2074 3597 eo
2099 3545 2354 3614 eloquen~

776 3635 864 3686 tia:
891 3639 1038 3685 tuere
1058 3627 1309 3684 ﬂumina'
1348 3643 1408 3684 ut
1437 3647 1524 3685 me
1571 3647 1600 3684 a
1631 3631 1903 3686 scribendi
1932 3643 2096 3702 atque
2112 3634 2353 3689 dictandi

773 3723 955 3777 studio
1012 3722 1398 3778 deterrerent?
1468 3723 1772 3787 Palladius,
1807 3726 2019 3776 servilis
2074 3727 2353 3795 aequitiae.

773 3806 1022 3870 eamdem
1049 3818 1301 3870 heresim
1332 3819 1640 3871 instaurare
1663 3827 1892 3870 conatus
1911 3817 2039 3881 est‘,
2066 3830 2120 3872 et
2149 3835 2349 3874 novam

779 3909 1158 3963 translationis
1177 3909 1458 3963 Hebraica:
1479 3910 1609 3962 mihi
1628 3913 1954 3964 calumniam
1972 3922 2203 3966 struere.
2217 3910 2355 3966 Num

774 4015 827 4057 et
847 4004 990 4057 illius
1019 4003 1236 4072 ingenio
1262 4003 1636 4072 nobilitatique
1692 4003 1995 4059 invidemus
2026 4003 2137 4076 [AL
2164 4006 2357 4061 invidi-

858 4192 875 4219 ι
909 4190 1255 4244 Martianzeus
1288 4189 1494 4256 aliique
1518 4188 1670 4243 editi.
1714 4198 1770 4240 ut
1809 4189 1955 4241 ultra
2008 4205 2222 4250 peccare
2251 4209 2356 4244 non

777 4260 969 4329 possit,
1016 4271 1204 4313 contra
1234 4275 1366 4312 mss.
1399 4263 1580 4320 Iidem,
1639 4257 1885 4311 Vaticani
1913 4260 2052 4313 49-ίὸ
2084 4273 2136 4313 et
2203 4260 2355 4328 Regii

779 4333 907 4384 286.
942 4331 1021 4382 Ad
1056 4332 1156 4382 hoc
1185 4330 1404 4398 dogma,
1434 4334 1574 4398 quod
1607 4329 1842 4395 Origems
1891 4333 2162 4399 proprium
2191 4331 2357 4385 fuisse

781 4401 973 4456 scribit
994 4399 1166 4462 IIier.,
1199 4402 1468 4467 Pelagiani
1489 4400 1780 4468 aliquando
1810 4402 2016 4467 delapsi
2072 4411 2353 4463 suut,cum

783 4473 1552 4536 argumenti.»Catholicoruni
1587 4482 1983 4538 premerentur.
2014 4472 2088 4524 Ita
2113 4472 2358 4539 Pelagius

784 4542 837 4592 in
864 4541 1068 4609 Synod.
1093 4540 1730 4609 Diospolit.,lauseuius,
1754 4540 1861 4594 imo
1888 4551 1941 4594 et
1973 4540 2200 4595 lluctius
2220 4545 2357 4595 male

784 4613 875 4663 bii:
907 4613 1312 4680 reprehendunt
1343 4611 1756 4680 Hieronynitnn.

857 4683 876 4711 ³
905 4679 1243 4740 Jooinionua,
1271 4681 1446 4750 cujus.
1475 4691 1582 4733 etc.
1649 4679 1803 4733 Falso
1833 4693 1895 4733 ac
1923 4680 2172 4750 imperite
2201 4681 2362 4735 nobis

780 4753 1085 4803 obtrndtlut
1120 4751 1321 4818 Pelagii
1368 4766 1561 4803 nomen
1595 4760 1804 4803 veteres
1830 4751 2096 4804 editiones
2133 4750 2360 4805 'Erasuii

781 4828 840 4873 et
879 4817 1105 4872 ﬂariani
1138 4838 1155 4886 ;
1185 4817 1310 4875 cuin
1335 4821 1540 4872 nullum
1571 4821 1642 4872 sit
1665 4821 1943 4886 exemplar
1967 4837 2068 4874 ius.
2089 4822 2232 4888 quod
2260 4837 2362 4873 uo-

786 4904 909 4942 men
944 4890 1074 4943 illud
1101 4892 1333 4944 retineat
1355 4906 1369 4941 :
1390 4899 1442 4942 et
1468 4889 1828 4958 ilaerouyinus
1849 4893 2068 4942 nomina
2103 4893 2191 4944 hic
2219 4891 2358 4945 facta

787 4962 1055 5030 posuerit,
1085 4976 1154 5016 ne
1180 4975 1512 5030 quemquam
1537 4961 1871 5016 nominando
1903 4961 2144 5017 laederet.
2181 4960 2357 5014 Μιητ.

2460 3371 2656 3423 tonum
2683 3366 2976 3437 putaveris,
3000 3381 3294 3435 quamnon
3317 3365 3516 3419 audere
3539 3363 3834 3418 defendere
3885 3365 4035 3435 quod

2455 3462 2657 3517 bonum
2689 3477 2785 3529 pro
2817 3469 2965 3514 certo
3009 3457 3248 3514 noveris.
3309 3455 3413 3523 Qui
3486 3457 3682 3521 minas,
3745 3457 4042 3526 injuriam,

2456 3564 2833 3625 paupertatem
2871 3552 3017 3606 ferre
3048 3567 3157 3606 non
3197 3565 3512 3620 possumus,
3547 3552 3824 3618 quomodo
3883 3548 4041 3602 nam-

2459 3663 2576 3701 mas
2597 3646 2882 3717 Babylonis
2903 3644 3016 3714 (Al.
3065 3642 3438 3714 Babylonius)
3493 3641 3816 3698 vincemus?
3875 3642 4038 3708 Quod

2458 3740 2653 3794 bellum
2688 3739 2942 3802 servavit,
2968 3753 3068 3809 pax
3100 3738 3221 3792 [icta
3259 3752 3367 3792 non
3393 3737 3622 3793 auferat.
3677 3737 3816 3793 Nolo
3845 3739 4044 3792 timore

2462 3832 2737 3900 perfidiam
2770 3833 3000 3894 discere,
3024 3844 3145 3885 cum
3205 3844 3387 3883 veram
3433 3831 3590 3884 ﬁdem
3625 3844 3758 3884 mea
3777 3827 4046 3885 Christus

2461 3922 2736 3993 reliquerit
2763 3921 3047 3976 voluntati.

2461 4194 2753 4259 —Iieginae
2787 4210 2887 4247 ius.
2911 4193 3074 4258 Cujus
3132 4210 3162 4245 a
3196 4201 3243 4244 te
3269 4193 3480 4245 hrrrezis
3529 4192 3836 4245 suscitatur.
3877 4194 4048 4248 Falso

2462 4280 2638 4320 autem
2675 4274 2885 4316 veteres
2908 4265 3196 4322 editiones.
3231 4280 3260 4316 ο
3296 4263 3500 4332 Pelagi,
3537 4263 3843 4324 intrudunt,
3870 4281 4040 4332 quem

2462 4344 2676 4390 constat
2738 4349 3012 4404 nunquam
3050 4333 3102 4386 in
3136 4333 3286 4404 hisce
3317 4333 3467 4386 libris
3499 4332 3565 4385 de
3612 4336 3828 4385 nomine
3852 4337 4048 4404 appelo

2464 4409 2629 4461 latum
2665 4407 2731 4458 ab
2766 4403 3096 4472 Hieronymo
3127 4403 3325 4458 fuisse.

2533 4475 2552 4506 ³
2585 4473 2675 4528 Sic
2731 4491 2862 4528 mss.
2895 4483 2946 4525 et
2983 4483 3134 4526 vetus
3166 4477 3327 4540 edit.;
3361 4472 3515 4526 aliter
3537 4482 3615 4525 est
3648 4472 3900 4541 fulmina.

2526 4546 2547 4576 ⁸
2583 4546 2803 4598 Setlicet
2823 4543 3091 4597 ἀπάθειαν
3122 4554 3305 4610 aperte
3341 4546 3642 4604 prolitetur.
3701 4553 3754 4595 et
3792 4547 3846 4594 in
3911 4545 4048 4596 Anio

2391 4619 2436 4673 ι)
2469 4615 2650 4668 monis
2723 4615 2950 4682 ejusque
2975 4616 3158 4667 uxoris
3178 4611 3298 4665 Vita
3334 4614 3387 4666 in
3409 4611 3612 4666 Histor.
3641 4611 3898 4666 Lausiac.
3925 4631 4050 4678 per-

2463 4687 2660 4740 venisse
2687 4681 2962 4751 utrumque
3000 4684 3068 4734 ad
3094 4683 3564 4751 impossibilitatem
3611 4681 3763 4739 dicit.
3815 4699 3942 4748 qua:
3982 4685 4048 4735 de

2465 4757 2585 4812 aliis
2612 4769 2827 4821 quoque
2867 4753 3149 4804 mendacia
3178 4755 3425 4805 blaterat.

2535 4825 2556 4854 ³⁵
2590 4820 2789 4876 Veeein
2819 4822 3109 4883 sententia,
3143 4837 3261 4890 qua-
3309 4824 3458 4890 prius
3489 4823 3693 4885 deerat,
3716 4820 4047 4890 suﬂ'ecimus

2463 4912 2527 4950 ex
2561 4909 2692 4948 mss.
2724 4903 2775 4945 et
2801 4892 2966 4946 veteri
2997 4889 3250 4945 editione.
3281 4889 3448 4945 Paulo
3504 4903 3624 4960 post
3688 4907 3834 4946 unus
3859 4889 4042 4949 Vatic.

2463 4966 2573 5021 Hoc
2603 4963 2860 5016 hominem
2898 4962 3068 5015 dicere
3091 4976 3220 5027 esse,
3256 4962 3394 5031 quod
3447 4961 3609 5025 Deus.
3642 4971 3747 5018 etc.

2257 5190 4028 5203 —_——_——-.__-—.—_—__.—_————_——————.

1957 5339 2308 5426 LIBER
2382 5339 2871 5428 PRIMUS.

859 5622 1018 5692 ω’]
1057 5623 1107 5675 I.
1141 5619 1284 5673 Nunt
1314 5618 1475 5688 possit
1511 5619 1662 5671 homo
1698 5619 1806 5671 sine
1847 5629 2078 5686 peccato,
2102 5621 2145 5672 si
2199 5623 2348 5683 velit,

790 5728 917 5765 esse.
946 5741 1015 5752 —-
1037 5711 1313 5766 Arrtcus‘.
1344 5711 1436 5762 Die
1463 5709 1593 5761 mihi
1624 5749 1640 5774 ,
1664 5708 1958 5770 Critobule,
1991 5725 2244 5765 verumne
2271 5722 2354 5765 est

869 5849 884 5879 ι
917 5847 1047 5910 Quae
1100 5851 1243 5914 prior
1300 5849 1574 5902 inducitur
1603 5849 1763 5902 Attici
1821 5863 2105 5917 personam
2138 5861 2221 5905 :et
2264 5867 2353 5906 no-

792 5934 916 5973 men
975 5919 1312 5971 .ilaituiua'tts
1371 5921 1645 5974 omiserat.

2464 5621 2602 5688 quod
2637 5628 2749 5674 ate
2782 5621 3044 5690 scriptum
3073 5619 3235 5674 audio
3265 5635 3280 5676 :
3313 5618 3480 5676 Posse
3533 5621 3809 5679 hominem
3846 5628 3868 5659 ³
3923 5630 4046 5682 sine

2465 5724 2685 5782 peccato
2719 5730 2863 5778 esse,
2883 5717 2926 5769 si
2955 5715 3080 5771 velit
3112 5727 3202 5770 :et
3239 5714 3414 5768 facilia
3442 5715 3533 5769 Dei
3561 5729 3683 5770 esse
3714 5731 3994 5788 prziepta
4031 5721 4052 5772 ἲ

2549 5854 2812 5976 :UConfcr
2838 5854 2894 5909 S.
2944 5855 3301 5926 Augustinum
3335 5856 3401 5910 de
3436 5855 3618 5910 Gestis
3644 5853 3876 5928 Pelagii,
3908 5871 3960 5911 c.
3994 5859 4048 5920 Ο,

2463 5941 2514 5977 Il.
2549 5941 2631 5978 ID.
