4202 6466
160 414 248 476 ΞΞῙ

908 412 1298 479 DIALOGUS
1338 419 1639 478 CONTRA
1684 421 2186 486 PELAGIANOS.
2225 450 2293 460 -
2335 426 2484 485 LlD.
2517 425 2566 485 Ῐ.

3302 419 3412 482 522

154 532 553 587 (Icaroscws‘.
584 530 811 592 Verum,
834 534 1009 588 Attice
1043 527 1137 583 sed
1176 548 1281 587 non
1322 535 1508 586 eodem
1569 547 1730 584 sensu
1765 541 1806 594 Α
1839 535 1925 586 trii
1968 534 2264 603 intelligant
2318 546 2660 605 potestatem.
2716 533 2777 588 C.
2812 534 2930 586 Non
2964 544 3046 587 est
3076 534 3146 587 ita
3175 543 3229 586 ut
3255 545 3411 585 autu-

152 626 214 674 ab
240 625 459 677 anilitas
496 624 785 692 accipitur,
809 640 915 694 quo
940 640 972 678 a
997 641 1086 679 me
1112 628 1313 677 oletum
1363 632 1465 677 est.
1499 625 1564 677 Α.
1592 624 1730 687 Quid

151 720 290 768 enim
337 715 731 785 ambiguitatis
760 717 814 770 in
869 718 1015 769 dicto
1067 724 1170 777 est.
1204 716 1508 769 utdiversa:
1539 716 1733 769 intelli-

151 811 341 875 genti.e
383 812 669 863 tribuatur
699 810 940 865 occasio?
972 810 1079 862 Nec
1110 824 1292 879 quaero
1319 818 1375 861 ut
1407 810 1474 862 de
1503 821 1735 871 utroque

152 904 355 968 μιιίιυτ
382 904 749 973 respondeas.
787 905 903 957 Duo
933 904 1075 954 enim
1113 914 1213 956 ate
1235 903 1510 971 proposita
1539 912 1666 955 sunt
1709 919 1724 956 :

159 1014 324 1049 uinum
360 1039 377 1061 ,
413 1014 583 1066 posse
611 1000 889 1052 hominem
929 998 1045 1051 sine
1078 1007 1298 1065 peccato
1328 1011 1467 1059 esse,
1496 996 1539 1049 si
1572 995 1735 1055 Velit;

157 1094 410 1149 alterum,
441 1092 622 1145 facilia
651 1092 740 1144 Dei
770 1106 893 1145 esse
943 1100 1230 1159 praecepta.
1293 1090 1444 1141 Licet
1500 1104 1630 1157 ergo
1666 1090 1743 1141 si-

158 1186 260 1237 mul
278 1188 420 1237 dict:-
441 1186 576 1243 sint.
598 1195 778 1238 tamen
799 1199 891 1252 per
906 1195 1084 1251 partes
1106 1183 1345 1249 singulas
1366 1182 1733 1241 disseruntur,

160 1290 214 1330 ut
239 1294 477 1345 quorum
529 1295 636 1331 una
686 1278 900 1330 videtur
938 1278 1090 1341 fidus,
1124 1280 1273 1329 nulla
1322 1278 1386 1330 sit
1426 1278 1477 1330 in
1524 1288 1741 1329 senten-

163 1374 355 1423 tiarum
389 1372 713 1425 dvversitate
744 1372 1040 1425 contentio.
1103 1369 1163 1424 C.
1196 1368 1330 1435 Ego,
1377 1370 1573 1433 Attice,
1626 1369 1737 1422 divi

162 1464 435 1515 lmuinem
460 1464 672 1528 alisque
695 1472 921 1529 peccato
944 1476 1105 1528 posse
1129 1476 1271 1519 esse.
1295 1463 1337 1511 si
1360 1460 1519 1517 velit,
1549 1476 1653 1511 non
1683 1468 1743 1512 ιιι

161 1556 379 1620 quidam
430 1554 688 1606 maledici
741 1553 1167 1611 calumniantur.
1194 1556 1399 1620 absque
1444 1551 1534 1605 D:-i
1572 1552 1743 1620 gratia

163 1648 325 1713 (quod
360 1650 533 1701 etiam
563 1650 803 1715 rogitare
835 1648 1188 1716 sacrilegium
1226 1657 1309 1701 cst
1340 1648 1382 1715 ),
1414 1649 1502 1699 sed
1532 1648 1744 1715 simpli-

160 1742 293 1792 citer
323 1756 512 1807 posse,
540 1740 584 1792 si
614 1741 761 1804 velit,
794 1749 853 1793 ut
878 1739 1233 1793 subaudiatur
1279 1755 1400 1793 eum
1427 1740 1516 1791 Dei
1550 1741 1743 1808 gratia.

165 1835 228 1886 Α.
267 1832 417 1899 Ergo
457 1841 513 1884 et
550 1833 822 1885 malorum
855 1832 907 1884 iu
936 1842 985 1883 te
1013 1846 1236 1899 sperum
1258 1840 1450 1885 auctor
1471 1840 1554 1886 est
1580 1830 1746 1887 Deus?

1838 642 1973 689 mas,
2002 626 2096 680 sed
2139 642 2166 679 a
2196 644 2280 679 mc.
2325 638 2610 698 utrumque
2662 628 2886 689 dicitur,
2920 633 3051 680 utet
3093 626 3183 679 Dei
3223 624 3413 693 gratia:

1836 722 1928 784 sit,
1956 720 2099 787 quod
2137 720 2271 772 tales
2305 720 2506 772 conditi
2537 738 2745 777 sumus.
2770 728 2822 774 et
2870 734 2964 787 per
2999 718 3207 784 singula
3240 731 3406 786 Opera

1839 813 1981 866 illius
2007 813 2337 866 adminicnlo
2361 812 2668 865 fulciamur.
2737 813 2810 866 Α.
2845 812 3075 865 Constat
3100 827 3228 879 ergo
3267 813 3413 865 inter

1840 922 1959 969 nos,
1985 907 2035 958 in
2066 907 2225 960 bouis
2264 908 2520 975 operibus
2573 914 2694 974 post
2739 907 3009 973 propriam
3054 906 3411 959 voluntatem.

1842 998 1932 1051 Dei
1968 1014 2067 1052 nos
2090 1001 2183 1052 uiti
2209 1000 2429 1054 auxilio.
2462 1000 2513 1051 io
2554 1000 2707 1051 malis
2733 996 2954 1049 diaboli.
2988 996 3050 1052 C.
3084 997 3339 1063 Constat,
3363 1006 3420 1052 et

1840 1108 2003 1160 super
2025 1094 2124 1146 hoe
2146 1093 2290 1144 nulla
2310 1095 2586 1147 contentio
2614 1104 2715 1147 est.
2745 1093 2816 1145 Α.
2846 1090 2981 1144 Male
3007 1108 3131 1159 ergo
3151 1092 3414 1149 sentiunt.

1846 1189 1937 1254 qui
1970 1202 2062 1256 per
2098 1186 2343 1253 singulas
2414 1203 2500 1238 res
2552 1203 2687 1252 quas
2722 1186 2957 1251 agimus,
3004 1184 3095 1237 Dei
3154 1184 3417 1237 auferunt

1845 1278 2192 1347 adjutorinm,
2222 1288 2275 1329 et
2322 1277 2451 1330 illud
2515 1278 2654 1343 quod
2683 1274 2967 1329 P.~almista
3022 1275 3169 1327 canit
3200 1293 3213 1326 :
3254 1293 3271 1324 ι
3305 1273 3416 1326 Nisi

1849 1371 2110 1423 Dominus
2145 1370 2493 1423 :edilieztverit
2523 1370 2767 1429 domum,
2796 1368 2849 1419 in
2915 1384 3113 1419 vanum
3172 1367 3423 1418 laborant

1847 1465 1935 1531 qui
1960 1462 2223 1515 :edilicaut
2252 1478 2395 1515 eam.
2430 1462 2601 1532 699
2644 1459 2759 1514 Nisi
2812 1460 3071 1511 Dominus
3106 1458 3427 1512 custodierit

1847 1557 2141 1616 civitatem,
2177 1555 2373 1609 frustra
2407 1559 2588 1623 vigilat
2648 1556 2741 1623 qtti
2785 1552 3025 1606 custodit
3078 1567 3195 1605 cam
3250 1549 3425 1622 (Psal.

1846 1660 2029 1707 C\X\'l,
2070 1644 2091 1695 l
2131 1644 2206 1715 );›
2248 1656 2301 1699 et
2339 1655 2537 1698 caetera
2582 1644 2975 1714 hujuscemodi,
3048 1644 3317 1713 perversis
3344 1644 3426 1694 in-

1850 1740 2343 1805 t-srpretatiouihus,
2400 1738 2507 1790 imo
2544 1737 2657 1792 risu
2718 1736 2917 1806 dignis,
2953 1735 3020 1790 ad
3074 1736 3205 1790 alios
3230 1750 3429 1790 sensus

1851 1831 2175 1895 detorquere
2209 1838 2481 1882 nituntur.

163 1926 221 1973 σῖ.
266 1925 630 1991 Nequaquam
663 1924 732 1976 ita
767 1932 823 1975 ut
860 1932 1131 1977 autumas.
1167 1922 1271 1979 Sed
1309 1925 1356 1979 si
1407 1926 1535 1993 quid
1572 1925 1625 1977 in
1658 1940 1743 1978 me
1775 1902 1821 1960 Β
1919 1922 1973 1975 5.
2005 1920 2068 1974 In
2106 1921 2324 1990 singulis
2346 1927 2492 1973 rebus
2536 1920 2630 1973 Dei
2662 1937 2790 1990 opus
2820 1936 2932 1973 esse
2954 1920 3328 1987 adjutorio.-—-
3361 1919 3424 1975 C.

166 2018 286 2068 boni
320 2017 527 2080 hab-eo,
552 2016 643 2069 illo
675 2026 994 2083 suggerente
1019 2024 1071 2069 et
1102 2018 1396 2083 adiuvante
1420 2018 1745 2086 completur.

169 2115 231 2164 Α.
258 2110 383 2163 Non
417 2111 484 2162 de
520 2122 714 2163 natura
767 2126 976 2179 quzero.
1004 2113 1097 2164 sed
1159 2112 1226 2165 de
1246 2121 1391 2165 actu.
1450 2112 1583 2179 Quis
1605 2113 1747 2167 enim

168 2205 377 2256 dubitat
405 2207 572 2256 Deum
598 2203 844 2255 omnium
873 2202 1183 2257 Creatorem
1216 2202 1239 2255 ?
1298 2201 1413 2260 lloc
1470 2205 1603 2258 mihi
1661 2220 1748 2258 re—

171 2296 447 2361 spondeas
510 2295 670 2347 velim
706 2311 719 2349 :
755 2295 899 2364 quod
960 2296 1075 2364 agis
1117 2295 1339 2359 bonum,
1372 2305 1521 2350 tuum
1550 2306 1654 2358 est,
1682 2314 1746 2349 au

174 2388 308 2441 Dei?
340 2387 407 2440 C.
444 2386 619 2440 Meum
649 2398 751 2452 est,
782 2397 837 2442 et
873 2386 983 2449 Dei;
1017 2397 1185 2457 utego
1216 2403 1408 2457 operer
1458 2396 1512 2441 et
1537 2388 1627 2441 ille
1657 2388 1749 2441 ad-

169 2481 337 2547 juvet.
373 2480 441 2530 Α.
482 2477 547 2530 Ει
596 2475 868 2544 quomodo
921 2480 1032 2530 lucc
1104 2484 1348 2530 omnium
1406 2478 1591 2546 opinio
1643 2488 1748 2543 est,

175 2574 318 2638 quod
358 2571 453 2623 Dei
486 2574 705 2623 auferas
774 2570 1026 2637 gratiam,
1063 2577 1120 2624 et
1176 2570 1439 2639 quidquid
1503 2571 1750 2625 homines

176 2662 412 2721 agimus,
465 2660 697 2725 propria
755 2668 965 2712 tantum
1028 2676 1244 2715 asseras
1303 2660 1747 2715 voluntatis?C.

178 2752 366 2814 uror,
392 2752 594 2814 Attice,
618 2768 715 2805 cur
735 2753 938 2806 erroris
962 2753 1122 2805 alicui
1157 2769 1183 2803 a
1213 2768 1296 2807 me
1327 2768 1547 2807 causam
1588 2755 1752 2807 ratio.

178 2863 241 2898 ne
268 2862 413 2913 nque
452 2846 677 2916 "agites.
716 2854 769 2899 et
794 2845 845 2897 id
905 2860 1120 2914 qureras
1145 2846 1290 2914 quod
1347 2847 1614 2914 scriptum
1643 2862 1748 2898 nou

174 2952 275 3000 esu,
298 2955 435 2989 rum
451 2940 792 3006 perspicuum
818 2936 889 2991 sit
908 2938 1050 3006 quod
1073 2939 1411 3007 scripserim.
1434 2938 1547 2991 Dixi
1579 2938 1753 2990 homi-

176 3045 295 3081 nem
331 3030 457 3081 sine
498 3041 719 3095 peccato
768 3042 891 3081 esse
941 3042 1121 3095 posse,
1187 3028 1229 3081 si
1282 3028 1431 3080 velit.
1498 3025 1752 3095 Nunquid

178 3119 381 3181 addidi,
419 3121 627 3186 absque
658 3119 747 3172 Dei
784 3120 952 3184 gratia
981 3118 1003 3170 ?
1037 3122 1104 3171 Α.
1145 3118 1251 3172 Sed
1288 3134 1348 3173 ex
1378 3134 1444 3173 eo
1480 3120 1751 3188 quodnon

178 3214 472 3277 addidiSIi,
514 3214 717 3266 videris
747 3228 960 3283 negare.
995 3213 1052 3270 C.
1112 3213 1223 3268 lmo
1282 3230 1345 3268 ex
1376 3230 1438 3267 eo
1465 3216 1607 3282 quod
1647 3231 1753 3268 non

182 3309 399 3375 negavi,
419 3306 624 3359 dixisse
640 3307 1036 3360 existimandus
1056 3322 1198 3361 sum.
1220 3307 1386 3377 698
1410 3306 1590 3377 Neque
1610 3309 1753 3361 enim

180 3399 448 3465 quidquid
486 3412 591 3449 non
629 3400 879 3453 dicimus.
936 3414 1133 3465 negare
1196 3400 1499 3452 arbitrandi
1545 3415 1754 3453 smnus.

177 3491 243 3541 Δ.
264 3489 558 3541 Conﬁteris
576 3504 722 3558 ergo,
748 3504 908 3557 posse
934 3490 1206 3543 hominem
1232 3492 1351 3544 sine
1369 3500 1587 3559 peccato
1610 3506 1753 3552 esse,

180 3581 225 3634 si
255 3580 409 3646 velit,
442 3596 566 3633 cum
597 3580 684 3633 Dei
720 3579 935 3647 gratia?
961 3579 1023 3633 C.
1069 3580 1182 3633 Non
1225 3582 1399 3634 solum
1435 3578 1627 3643 lateor,
1664 3582 1757 3633 sed

181 3688 233 3730 et
266 3679 437 3730 libere
460 3675 757 3742 proclamo.
790 3676 851 3725 Α.
883 3671 1041 3725 Errat
1068 3688 1196 3740 ergo
1228 3674 1318 3739 qui
1376 3672 1468 3726 Dei
1530 3675 1755 3741 gratiam

181 3770 347 3823 tollit?
369 3767 433 3823 C.
459 3767 641 3820 Errat.
672 3767 813 3830 Quin
851 3766 1035 3833 potius
1063 3766 1412 3819 arbitrandus
1432 3774 1517 3818 est
1535 3766 1756 3834 impius,

184 3879 308 3915 eum
336 3862 429 3913 Dei
475 3870 606 3913 nutu
660 3859 839 3911 omnia
887 3860 1279 3922 guberneutur,
1309 3868 1361 3910 et
1381 3858 1483 3909 hoc
1506 3860 1647 3923 quod
1668 3873 1758 3908 su-

188 3968 306 4005 mus
338 3963 392 4005 et
422 3952 689 4005 habemus
723 3952 1015 4017 appetitum
1044 3950 1273 4017 propria!
1307 3950 1624 4010 voluntatis,
1659 3950 1752 4002 Dei

184 4042 491 4095 conditoris
524 4040 598 4093 sit
633 4041 978 4093 benelieium.
1017 4038 1084 4092 Ut
1117 4041 1261 4092 enim
1330 4040 1557 4091 liberum
1594 4041 1757 4107 possi-

183 4134 410 4185 deamus
431 4130 769 4191 arbitrium’,
796 4139 849 4182 et
878 4129 958 4181 vel
998 4129 1062 4179 ad
1099 4129 1315 4191 bonam,
1346 4128 1430 4179 vel
1464 4126 1526 4179 ad
1561 4128 1755 4180 malum

183 4233 394 4289 partem
420 4220 757 4272 declinemus
775 4219 991 4287 propria
1021 4217 1318 4283 voluntate;
1346 4216 1467 4283 eius
1518 4228 1600 4269 est
1638 4234 1761 4285 gra-

186 4321 293 4377 tiae,
326 4314 423 4381 qui
462 4326 563 4364 nos
590 4312 654 4363 ad
709 4310 1022 4379 imaginem,
1057 4318 1111 4364 et
1143 4309 1207 4363 ad
1241 4308 1650 4363 similitudinem
1677 4310 1757 4363 sui

187 4408 322 4458 tales
348 4403 616 4456 condidit.

250 4496 287 4546 2
317 4491 463 4545 Num
489 4493 679 4559 gratim
699 4490 793 4542 Dei
821 4489 1153 4543 tribuendum
1174 4490 1200 4540 .9
1222 4491 1290 4543 Α.
1310 4520 1381 4532 -
1404 4490 1567 4555 Nulli,
1588 4508 1620 4544 ο
1641 4492 1762 4545 Cri-

1850 2011 1987 2076 Quid
2020 2014 2154 2066 mihi
2221 2027 2445 2067 necesse
2494 2023 2578 2067 est
2636 2023 2825 2067 contra
2868 1998 3005 2066 alios
3059 2012 3269 2077 dicere,
3302 2028 3425 2066 cum

1850 2122 2031 2159 meum
2093 2121 2417 2171 responsum
2466 2106 2718 2161 habeas?
2792 2106 2861 2160 Α.
2890 2106 3066 2160 Tuum
3110 2122 3427 2176 responsum

1851 2198 2201 2267 cujusmodi?
2242 2198 2345 2252 Eos
2377 2199 2512 2253 bene
2550 2201 2776 2261 sentire,
2808 2214 2877 2252 an
2916 2199 3100 2253 male?
3132 2200 3193 2254 (Ι.
3222 2201 3286 2254 Et
3308 2216 3429 2269 qua:

1852 2306 1937 2343 me
1974 2291 2121 2360 cogit
2156 2292 2482 2352 necessitas;
2520 2300 2577 2344 ut
2618 2302 2805 2345 contra
2863 2292 2999 2347 alios
3034 2308 3275 2360 promam
3304 2308 3429 2345 scn-

1863 2384 2089 2436 tentiam
2126 2384 2242 2437 ?A.
2276 2385 2668 2453 Disputationis
2714 2385 2849 2439 ordo
2871 2395 2929 2439 ct
2987 2386 3126 2439 ratio
3160 2385 3427 2438 veritatis.

1851 2478 1931 2530 An
1964 2478 2177 2546 ignoras
2207 2493 2368 2533 omne
2391 2478 2535 2547 quod
2593 2480 2815 2545 dicitur,
2886 2488 2978 2532 aut
3008 2493 3150 2539 esse,
3193 2486 3288 2531 aut.
3319 2492 3427 2532 non

1851 2584 1969 2625 esse
1998 2586 2014 2636 ;
2046 2579 2100 2623 et
2129 2581 2221 2623 aut
2251 2570 2392 2623 inter
2432 2572 2571 2623 bona
2629 2580 2723 2623 aut
2780 2570 2921 2623 mala
2979 2569 3177 2623 debere
3242 2585 3435 2621 nume--

1855 2664 1961 2718 rari
1994 2665 2017 2717 ?
2047 2664 2161 2718 lloc
2198 2680 2329 2728 ergo
2368 2664 2436 2717 de
2489 2677 2598 2731 quo
2651 2664 2945 2731 interrogo,
2991 2674 3085 2714 aut
3136 2662 3270 2714 bene
3300 2660 3429 2724 dici,

1854 2765 1945 2809 aut
1986 2756 2144 2817 male,
2173 2755 2396 2822 ingratis
2426 2755 2517 2807 tibi
2546 2752 2822 2807 latendum
2885 2762 2989 2806 est.
3032 2750 3093 2807 C.
3129 2752 3184 2805 Si
3222 2752 3274 2804 in
3312 2752 3429 2803 sin-

1854 2850 1990 2919 gulis
2012 2850 2173 2902 rebus
2219 2862 2358 2917 quas
2386 2847 2648 2916 gerimus,
2713 2845 2805 2899 Dei
2876 2851 3136 2900 utendum
3164 2853 3248 2897 est
3277 2844 3434 2910 adju-

1857 2940 2017 3003 torio,
2047 2955 2177 3007 ergo
2203 2948 2257 2992 et
2292 2939 2558 2991 calamum
2619 2947 2921 3005 temperare
2962 2938 3027 2990 ad
3056 2937 3429 2996 scribendum,

1854 3043 1908 3086 et
1974 3040 2332 3094 temperatum
2388 3032 2602 3098 pumice
2627 3039 2821 3091 terere.
2882 3045 3212 3096 manumque
3240 3038 3432 3099 aptare

1856 3126 2071 3187 litteris,
2094 3134 2292 3181 tacere.
2323 3124 2488 3193 loqui,
2526 3124 2737 3183 sedere.
2772 3134 2938 3185 stare,
2980 3124 3279 3189 ambulare,
3303 3140 3432 3177 cur-

1858 3236 1997 3285 rere,
2028 3218 2332 3281 comedere,
2366 3218 2628 3285 jejunare,
2657 3215 2809 3279 ﬂere,
2864 3216 3060 3281 ridere,
3124 3226 3177 3271 et
3234 3227 3430 3271 caetera

1866 3310 2259 3380 hujuscemodi,
2315 3310 2418 3363 nisi
2446 3310 2587 3363 Dens
2639 3308 2863 3379 juverit,
2932 3325 3036 3363 non
3070 3312 3375 3379 poterimus
3407 3308 3433 3361 ἲ

1863 3404 1928 3454 Α.
1967 3401 2127 3454 Juxta
2150 3416 2324 3455 meum
2380 3416 2601 3455 sensum
2638 3417 2747 3455 non
2776 3416 2937 3470 posse
2967 3402 3431 3470 perspieuumest.

1864 3496 1924 3550 C.
1956 3496 2013 3548 In
2035 3511 2144 3564 quo
2167 3496 2329 3563 igitur
2351 3496 2577 3549 liberum
2616 3496 2879 3550 habemus
2938 3494 3245 3554 arbitrium.
3271 3495 3430 3549 etDei

1866 3584 1918 3635 in
1962 3599 2059 3637 nos
2092 3586 2259 3653 gratia
2284 3586 2605 3648 custoditur,
2638 3586 2681 3639 si
2722 3601 2789 3640 ne
2820 3586 2924 3639 hoc
2978 3585 3198 3654 quidem
3226 3586 3433 3655 absque

1868 3674 1977 3727 Deo
2008 3690 2296 3742 possumus
2333 3674 2510 3729 facere
2537 3674 2561 3726 ἲ

1934 3767 1988 3821 4.
2021 3766 2291 3830 Quomodo
2330 3768 2515 3819 datum
2574 3766 2795 3821 liberum
2828 3767 3127 3820 arbitrium.
3171 3766 3430 3820 Libertati

1865 3874 1967 3909 non
2001 3857 2153 3925 oﬁicit
2190 3857 2280 3909 Dei
2336 3858 2533 3927 gratia.
2561 3885 2631 3899 —-—
2656 3860 2721 3913 Α.
2751 3858 2868 3911 Νοιι
2902 3861 2981 3913 sic
3008 3860 3205 3913 donata
3257 3869 3335 3912 est
3364 3860 3431 3911 li-

1866 3948 1975 4000 beri
2008 3949 2215 3999 arbitrii
2235 3950 2429 4016 gratia,
2451 3958 2509 4001 ut
2536 3950 2625 4003 Dei
2651 3965 2745 4019 per
2774 3951 2983 4019 singula
3011 3952 3232 4003 tollatur
3258 3949 3434 4002 admi—

1866 4040 2129 4092 nieulum.
2196 4038 2259 4093 C.
2324 4039 2438 4093 Non
2490 4042 2696 4094 tollitur
2747 4041 2840 4095 Dei
2891 4043 3241 4110 adiutorium,
3305 4058 3430 4095 cum

1865 4140 2209 4185 ereatnraeex
2258 4131 2424 4183 semel
2446 4132 2554 4183 dati
2587 4132 2742 4185 liberi
2772 4132 2977 4185 arbitrii
3006 4132 3175 4201 gratia
3199 4149 3430 4185 conser-

1866 4218 2107 4276 ventur'.
2170 4221 2226 4275 Si
2268 4224 2410 4275 enim
2440 4223 2644 4290 absque
2700 4223 2826 4287 Deo,
2880 4235 2932 4276 et
2968 4223 3068 4275 nisi
3092 4239 3184 4290 per
3218 4224 3430 4292 singula

1868 4316 1956 4369 ille
1991 4331 2078 4367 me
2100 4314 2326 4383 juverit,
2366 4316 2498 4367 nihil
2529 4331 2746 4382 possum
2783 4330 2942 4383 agere
2971 4330 3109 4369 :nee
3142 4330 3238 4383 pro
3261 4316 3422 4369 bonis

1868 4420 1952 4459 me
1982 4405 2129 4472 juste
2156 4406 2411 4473 operibus
2440 4405 2743 4465 coronabit,
2772 4421 2871 4458 nec
2899 4404 3098 4475 amiget
3124 4421 3221 4475 pro
3252 4408 3427 4470 malis;

1867 4496 1959 4549 sed
1992 4496 2046 4548 in
2099 4508 2331 4565 utroque
2366 4510 2523 4549 suum
2590 4496 2672 4547 vel
2714 4495 2958 4563 recipiet,
3011 4495 3095 4548 vel
3148 4496 3431 4551 damnabit

186 4591 395 4650 tobulc,
430 4589 658 4641 dubium
696 4598 799 4651 est,
825 4602 887 4640 cx
923 4584 1042 4654 ejus
1062 4597 1259 4639 cuneta
1292 4587 1528 4654 pendere
1555 4587 1761 4653 judicio
1792 4602 1838 4657 ι)
1866 4588 2147 4641 auxilium.
2182 4587 2367 4649 A.;Dic
2382 4602 2508 4651 ergo
2536 4586 2876 4654 simpliciter.
2908 4600 3007 4639 cur
3037 4586 3130 4641 Dei
3162 4587 3380 4643 auferas
3407 4590 3428 4619 ‘

185 4685 276 4747 qui
298 4691 521 4735 creator
542 4690 624 4732 est
652 4678 920 4738 entuium,
946 4687 998 4730 et
1020 4677 1279 4745 quidquid
1304 4678 1587 4739 habemus,
1616 4681 1760 4734 illius

188 4773 457 4828 beneﬁcio
494 4768 883 4839 deputandum.
915 4768 1017 4822 Sed
1048 4786 1252 4838 quaero,
1284 4770 1385 4824 hoc
1416 4771 1591 4838 ipsum
1616 4774 1758 4840 quod

190 4870 281 4921 Dei
313 4866 523 4919 asseris
543 4864 753 4933 gratim,
779 4872 961 4915 utrum
991 4863 1057 4915 ad
1082 4861 1411 4917 conditionis
1444 4862 1647 4916 releras
1673 4866 1763 4915 be-

188 4961 480 5017 neﬁcium.
512 4972 577 5008 an
616 4956 667 5008 in
692 4955 922 5024 singulis
951 4957 1112 5007 rebus
1130 4968 1281 5022 putes
1307 4969 1426 5009 esse
1462 4971 1593 5023 quas
1622 4956 1761 5022 geri-

188 5069 331 5116 mus,
361 5061 421 5103 ut
454 5049 659 5103 scilicet
688 5048 834 5100 illius
860 5047 910 5099 in
940 5050 1195 5099 omnibus
1250 5057 1469 5098 utamur
1503 5049 1705 5100 auxilio
1742 5064 1759 5114 ς

186 5163 253 5198 an
296 5144 470 5199 seruet
505 5142 570 5194 ab
599 5156 663 5194 co
692 5141 842 5194 liberi
864 5139 1072 5193 arbitrii
1101 5139 1325 5202 conditi,
1359 5149 1539 5193 nostra
1573 5141 1761 5193 volun-

188 5249 299 5291 Iule
336 5237 423 5287 vel
496 5234 700 5285 viribus
753 5246 975 5299 agamus
1022 5233 1163 5297 quod
1234 5230 1487 5285 volmnus
1525 5231 1550 5287 2
1626 5230 1760 5282 Novi

186 5333 365 5395 enim,
394 5328 685 5397 plerosque
723 5336 962 5377 vestrum
1006 5325 1078 5376 ita
1097 5323 1163 5377 ad
1194 5322 1283 5376 Dei
1311 5334 1504 5377 cuncta
1563 5324 1762 5375 referre

182 5423 444 5493 gratiam,
482 5426 540 5469 ut
572 5432 674 5469 nou
718 5416 770 5467 in
799 5416 1065 5483 partibus,
1089 5415 1181 5468 sed
1215 5417 1266 5467 in
1290 5430 1507 5483 genere,
1538 5415 1639 5468 hoc
1658 5423 1758 5475 est,

181 5526 538 5584 nequaquam
568 5510 619 5562 in
648 5508 875 5578 singulis
897 5508 1077 5566 rebus.
1098 5508 1191 5561 sed
1212 5508 1264 5559 in
1288 5507 1591 5561 conditione
1613 5509 1758 5560 arbi-

246 5663 267 5690 ¹
295 5660 638 5715 Benedictini
674 5658 926 5712 monachi
961 5656 1016 5710 S.
1057 5658 1340 5727 Augustini
1369 5658 1604 5713 editores
1635 5676 1760 5712 cou-

186 5740 407 5785 stauto-r
439 5730 770 5781 Cretobulum
827 5730 1092 5782 ειτίιιιιιιι.

257 5803 278 5829 ³
322 5802 437 5850 \id.
470 5799 954 5867 rursusAugustiui
990 5800 1180 5853 librum
1217 5799 1282 5851 de
1339 5798 1505 5852 (.‘crlis
1538 5796 1757 5867 Pelagii,

184 5889 211 5925 c
274 5870 359 5931 ID,
404 5887 454 5919 ιι.
491 5870 576 5929 :22,
612 5881 663 5919 et
702 5870 783 5932 li,
818 5886 869 5918 ιι.
901 5869 988 5921 ἦυ.

446 5966 710 6023 Ρηιιοι..
784 5964 1010 6024 .\.‘illl.

1864 4679 2112 4748 gratiam.
2146 4678 2417 4746 Quidquid
2440 4679 2580 4732 enim
2609 4678 2753 4731 tollis
2788 4680 2838 4730 in
2875 4680 3155 4747 partibus,
3203 4696 3429 4735 necesse

1862 4780 1945 4823 est
1976 4780 2099 4823 utet
2129 4770 2181 4821 in
2214 4784 2408 4837 genere
2428 4784 2610 4838 neges.
2642 4769 2703 4822 C.
2734 4769 2850 4823 Non
2877 4787 3013 4839 nego
3034 4771 3282 4836 gratiam,
3306 4787 3426 4825 cum

1864 4863 1935 4913 ita
1961 4878 2042 4913 mc.
2064 4877 2092 4914 a
2151 4860 2247 4914 Dei.
2298 4875 2537 4915 asseram
2564 4863 2859 4919 conditum,
2883 4872 2941 4914 ut
2966 4876 3063 4929 per
3087 4861 3175 4915 Dei
3198 4863 3423 4931 gratiam

1861 4970 1995 5006 mea!
2030 4954 2212 5006 datum
2246 4954 2315 5006 sit
2366 4952 2648 5011 voluntati,
2688 4952 2765 5006 vel
2803 4952 2981 5006 facere
3004 4954 3153 5020 quid,
3190 4956 3270 5007 vel
3316 4971 3422 5008 non

1864 5046 2057 5099 facere.
2086 5046 2149 5098 Α.
2185 5046 2448 5099 Dormitat
2472 5060 2599 5112 ergo
2631 5044 2768 5099 Deus
2790 5054 2843 5098 in
2901 5048 3153 5115 operibus
3204 5050 3426 5109 nostris.

1864 5135 2028 5188 semei
2052 5137 2174 5189 data
2197 5136 2349 5189 liberi
2373 5136 2577 5188 arbitrii
2599 5144 2898 5203 potestate:
2935 5153 3035 5191 nec
3063 5138 3303 5191 orandus
3320 5150 3423 5201 est,

1867 5229 1999 5279 utin
2068 5228 2293 5296 singulis
2347 5229 2602 5294 operibus
2672 5228 3107 5293 nosjuvet,cum
3136 5231 3425 5285 voluntatis

1864 5332 2060 5375 nostrae
2088 5323 2160 5374 sit
2191 5332 2243 5374 et
2270 5322 2467 5389 proprii
2490 5322 2724 5385 arbitrii,
2754 5324 2838 5376 vel
2866 5321 3045 5377 facere
3075 5324 3119 5378 si
3152 5326 3425 5389 volumus,

1862 5415 1943 5468 vel
1973 5430 2076 5465 non
2111 5415 2284 5465 lacere
2317 5416 2358 5467 si
2394 5413 2665 5467 nolumus.

1934 5505 2092 5573 700
2116 5504 2170 5557 5.
2195 5503 2556 5568 C.Quomodo
2591 5507 2641 5559 in
2676 5510 2883 5563 caeteris
2918 5508 3180 5563 creaturis
3238 5510 3428 5562 condi-

1936 5660 1955 5689 ⁸
1987 5659 2091 5738 ᾼΙ..
2123 5656 2251 5711 Cum
2290 5669 2543 5713 creatura:
2592 5662 2685 5711 hac
2709 5663 2864 5716 semel
2881 5663 2993 5715 dati
3018 5664 3166 5716 liberi
3222 5667 3431 5719 arbitrii

1864 5742 2036 5799 gratio
2062 5743 2415 5799 conservetur.

1932 5799 1952 5828 ⁸
1994 5794 2265 5851 Vri-torius
2289 5814 2318 5851 e
2347 5796 2574 5869 vetustis
2600 5802 2998 5869 exemplaribus
3029 5805 3427 5865 Ctttt'lltlundum

1867 5871 2161 5922 centendit.
2199 5868 2336 5935 quod
2376 5868 2465 5920 Dei
2507 5868 2888 5937 attfrras,ete..
2925 5889 3020 5939 pro
3055 5889 3167 5936 cur,
3209 5892 3317 5931 ctt'.

2909 5967 2972 6027 l7
