4202 6484
741 448 843 513 ἷιῒι

1890 435 1952 497 S.
1998 429 2315 496 EUSEBli
2364 426 2807 488 lllERONYMI

3884 408 3993 476 ξιὲἱ

739 560 904 615 tionis
932 552 1065 610 ordo
1092 562 1342 609 servatur
1372 569 1383 604 :
1462 550 1540 604 sic
1628 563 1882 604 concessa
1934 547 2100 602 semel
2160 543 2314 597 ΙίὶιοιῙ
2355 549 2389 603 Α
2425 543 2699 597 abstinere
2734 555 2763 593 a
2799 521 3041 609 peccato.
3089 549 3251 605 posse
3287 540 3336 586 cl
3370 533 3540 587 altero
3572 549 3586 586 ε
3621 530 3715 601 qui
3758 532 4003 593 duobus.

741 651 951 707 arbitrii
1002 656 1291 721 potesmte.
1316 653 1510 699 nostra:
1547 644 1810 696 voluntati
1836 640 2016 693 omnia
2055 637 2239 691 δεινῇ(
2264 644 2313 687 ta

742 753 892 796 sunt.
914 740 977 793 Α.
1013 737 1175 807 Ergo,
1209 745 1268 789 ιιι
1291 735 1423 799 dixi,
1453 748 1558 787 non
1591 733 1762 788 debeo
1785 748 1813 785 a
1847 731 1955 785 Deo
1976 744 2072 800 per
2105 726 2315 793 singula

745 833 1006 889 auxilium
1049 828 1350 897 deprecari.
1384 827 1526 896 quod
1552 828 1719 879 semel
1756 838 1870 877 meo
1900 823 2085 875 datum
2122 829 2204 875 est
2226 820 2318 886 ju-

746 926 940 983 dicio?
978 925 1041 986 C.
1074 931 1128 983 Si
1159 928 1209 980 in
1280 925 1535 977 omnibus
1572 922 1659 973 ille
1719 926 2066 986 cooperatur.
2100 930 2204 968 non
2236 923 2318 966 cst

750 1044 949 1089 uicum,
992 1025 1083 1079 sed
1112 1021 1229 1091 ejus
1274 1018 1365 1087 qui
1431 1016 1667 1085 adjuvat,
1736 1012 1845 1064 imo
1892 1011 2065 1080 quiin
2108 1026 2191 1063 me
2232 1023 2321 1061 (ο-

750 1132 1007 1188 operatur
1040 1131 1058 1171 ι
1095 1110 1399 1177 prmsertim
1433 1123 1553 1161 cunt
1590 1106 1804 1172 absque
1843 1116 1908 1154 eo
1950 1101 2126 1155 facere
2188 1100 2319 1151 nihil

751 1213 973 1284 possim.
1002 1210 1064 1264 A.
1089 1208 1197 1262 Oro
1222 1214 1291 1266 te.
1314 1216 1417 1255 non
1442 1199 1618 1268 legisti
1649 1197 1689 1251 ἐ
1730 1213 1748 1247 ι
1777 1193 1893 1249 Non
1921 1194 2062 1247 enim
2092 1192 2322 1245 volentis

752 1322 925 1375 neque
953 1302 1242 1363 currentis,
1281 1295 1372 1351 sed
1406 1292 1717 1348 tttiserentis
1792 1302 1877 1344 est
1914 1288 2003 1341 llei
2042 1285 2217 1353 (Rom.
2246 1301 2322 1349 is,

757 1400 901 1472 ιδγι.
936 1400 1013 1456 Ex
1040 1396 1237 1467 quibus
1288 1389 1639 1456 intelligimus
1700 1397 1943 1438 nnsmnn
1969 1382 2182 1448 quidem
2207 1393 2325 1431 esse

751 1499 889 1550 velle
917 1503 971 1549 et
996 1504 1238 1552 currere;
1278 1485 1371 1540 sed
1398 1494 1454 1537 ut
1486 1480 1739 1533 Voluntas
1766 1486 1949 1528 nostra
1984 1474 2324 1541 t-oinpleatnr

751 1602 804 1643 et
833 1599 1048 1648 cursus,
1077 1583 1142 1635 ad
1181 1581 1275 1635 Dei
1337 1570 1772 1629 tttiserieordiam
1832 1568 2126 1636 pertinere.
2167 1578 2327 1633 atque

754 1684 823 1734 ita
861 1679 996 1738 ﬁeri.
1027 1685 1086 1731 ut
1118 1685 1173 1729 et
1204 1676 1255 1726 in
1312 1668 1589 1722 voluntate
1631 1672 1837 1721 nostra.
1870 1670 1919 1713 et
1954 1662 2006 1712 in
2038 1674 2224 1721 cursu,
2264 1657 2327 1709 li-

756 1784 942 1832 tieruut
968 1779 1211 1828 servetur
1231 1764 1539 1822 arbitrium.
1566 1770 1617 1814 et
1647 1760 1698 1812 in
1733 1755 2204 1812 consummatione
2234 1765 2330 1804 vo-

756 1869 981 1922 luntatis
1004 1875 1054 1918 et
1077 1876 1297 1918 cursus.
1316 1858 1411 1911 Dei
1441 1864 1634 1910 eunt-ta
1654 1848 1902 1922 potentiae
1923 1847 2321 1913 relinquantur.

2424 652 2586 703 posse
2654 645 2705 686 ιιι
2757 633 2968 696 tribus;
3026 630 3116 699 qui
3193 628 3385 693 tribus,
3438 644 3596 696 posse
3639 636 3691 680 et
3743 625 4003 694 triginta;

2425 729 2709 799 atquehor
2744 726 2932 779 ordine
2959 739 3120 795 posse
3174 720 3227 776 cl
3252 723 3532 783 trecentis,
3557 720 3809 774 ettribus
3844 716 4009 769 mill:—

2426 826 2552 888 lms,
2632 830 2684 875 et
2728 819 3191 889 quantilltt'tlttqtle
3245 816 3479 869 voluerit
3529 814 3810 867 abstinere
3862 813 3904 864 '.
3943 812 4006 861 Α.

2428 918 2518 971 Dic
2547 934 2674 988 ergo
2706 914 3027 982 simpliciter
3079 926 3239 980 posse
3270 911 3540 965 ltmuinetu
3580 910 3632 961 in
3671 916 4005 976 perpetuum

2423 1026 2546 1063 esse
2582 1012 2701 1063 sine
2735 1017 2954 1076 peccato
2989 1006 3031 1058 si
3070 1005 3217 1057 velzt.
3256 1002 3628 1056 Possumusne
3660 1016 3827 1052 mune
3858 1000 4001 1065 quod

2427 1102 2723 1156 volumus?
2782 1098 2843 1155 C.
2893 1097 3272 1167 Nequaquam.
3341 1096 3523 1163 Neque
3573 1095 3717 1147 enim
3780 1107 4005 1160 possunt

2428 1196 2689 1267 quidquid
2736 1196 3005 1261 voluero;
3050 1191 3143 1246 se.)
3179 1192 3285 1244 hoc
3331 1192 3507 1242 solum
3550 1188 3692 1247 dico.
3726 1184 4004 1238 hominem

2427 1292 2546 1345 sine
2571 1297 2793 1357 peccato
2823 1302 2981 1355 posse
3015 1301 3155 1344 esse.
3180 1286 3223 1338 si
3254 1284 3401 1339 velit.
3442 1286 3506 1334 Α.
3541 1286 3737 1348 υιιᾉιξὸι)
3772 1291 3829 1333 ut
3874 1279 4007 1330 mihi

2431 1384 2778 1452 respondeas.
2818 1382 3101 1433 Hominem
3133 1393 3219 1432 tne
3245 1386 3425 1446 putas.
3455 1390 3521 1427 an
3549 1376 3781 1427 belluam
3804 1373 3829 1425 ’ἲ
3859 1371 3922 1425 η.
3952 1371 4006 1425 Si

2428 1476 2495 1527 de
2527 1484 2577 1528 te
2608 1472 2847 1540 ambigo.
2885 1481 3067 1522 utrum
3108 1470 3292 1527 homo.
3327 1482 3395 1520 an
3420 1464 3600 1518 bellua
3640 1465 3737 1525 sis,
3776 1464 3893 1530 ipse
3925 1478 4010 1511 me

2431 1568 2665 1621 belluaut
2718 1565 3038 1621 conﬁtebor.
3095 1560 3158 1615 Α.
3213 1560 3269 1613 Si
3310 1574 3459 1629 ergo.
3518 1566 3575 1610 ut
3623 1556 3787 1611 dicis.
3842 1555 4008 1608 homo

2431 1669 2574 1717 sunt,
2621 1653 2894 1721 quomodo
2948 1667 3070 1703 cum
3124 1649 3305 1713 velint,
3354 1656 3409 1702 et
3460 1648 3593 1701 satis
3632 1648 3849 1715 copiam
3900 1659 4005 1695 non

2432 1760 2683 1819 peccare.
2741 1743 3037 1813 delinqno?
3088 1740 3149 1795 ι).
3201 1739 3339 1805 Quia
3398 1740 3647 1793 voluntas
3687 1736 4010 1805 imperfecta

2433 1852 2541 1896 est.
2562 1839 2616 1894 Si
2638 1838 2783 1893 enim
2806 1853 2932 1891 vere
2950 1836 3138 1898 velles,
3161 1850 3285 1888 vere
3306 1834 3491 1902 utique
3511 1847 3618 1885 non
3642 1845 3921 1900 peccares.
3943 1833 4007 1882 Α.

756 1961 978 2017 Scilicet
1003 1971 1148 2010 nunc.
1181 1952 1311 2007 mihi
1345 1950 1754 2016 Scripturarum
1816 1939 2131 1995 testimonia
2161 1936 2327 2005 repli-
2358 1906 2404 1965 Β
2434 1934 2577 2002 Ergo
2609 1943 2664 1987 tu
2695 1932 2786 1998 qui
2815 1946 2899 1990 me
2921 1930 3105 1998 arguis
3136 1943 3242 1979 non
3269 1942 3395 1979 vere
3423 1940 3645 1995 cupere.
3669 1922 3788 1976 sine
3818 1937 4015 1990 pecca-

755 2057 928 2111 randa
960 2059 1109 2114 sunt,
1164 2047 1435 2110 quomodo
1490 2056 1586 2111 per
1636 2037 1851 2107 singula
1893 2035 1983 2087 Dei
2045 2047 2073 2085 a
2125 2033 2327 2087 sanctis

758 2149 1034 2219 ﬂagitetur
1060 2139 1325 2196 auxilium
1356 2144 1410 2189 et
1445 2136 1497 2188 in
1528 2132 1753 2202 singulis
1776 2127 2036 2198 operibus
2075 2126 2213 2189 suis,
2236 2123 2328 2177 illo

757 2245 1006 2315 adjutnre
1060 2245 1114 2291 et
1157 2240 1465 2304 protectore
1496 2228 1572 2281 uti
1609 2224 1945 2279 desiderent.
1978 2222 2120 2289 Lege
2153 2230 2324 2273 totum

758 2311 1106 2394 Psalterium,
1138 2339 1328 2380 omnes
1355 2331 1664 2377 sanctorum
1702 2330 1888 2379 voces,
1913 2312 2048 2365 nihil
2078 2312 2199 2371 erit.
2225 2311 2328 2363 nisi

759 2430 825 2484 ad
860 2427 1029 2479 Deum
1062 2423 1112 2473 in
1144 2416 1353 2471 cunctis
1412 2410 1675 2481 operibus
1710 2404 2045 2475 deprecatio.
2105 2402 2181 2454 Ex
2216 2417 2326 2470 quo

763 2522 1043 2592 perspicue
1071 2509 1403 2569 ostenditur.
1430 2514 1484 2561 te
1518 2512 1613 2557 aut
1668 2502 1765 2556 Dei
1833 2512 2033 2568 negare
2071 2495 2327 2567 gratiam,

762 2588 924 2682 quam
962 2609 1107 2665 tollis
1138 2608 1192 2658 in
1233 2602 1479 2674 partibus
1512 2615 1527 2663 ;
1564 2606 1656 2649 aut
1688 2594 1732 2649 si
1760 2594 1815 2647 in
1847 2593 2094 2659 partibus
2118 2588 2332 2642 dederis

757 2681 903 2775 quod
944 2710 1283 2768 nequaquam
1307 2702 1356 2746 te
1379 2690 1515 2743 velle
1567 2683 1914 2739 manifestum
1982 2690 2085 2743 est,
2137 2681 2188 2731 in
2235 2693 2334 2729 no-

764 2769 936 2851 stram
983 2787 1306 2845 sententiam
1342 2778 1689 2841 transire.uui
1744 2779 1821 2829 sic
1860 2774 2089 2827 liberum
2126 2769 2332 2823 homini

762 2901 1044 2944 servamus
1070 2879 1377 2943 arbitrium,
1413 2884 1469 2928 ut
1508 2873 1600 2926 Dei
1628 2886 1720 2947 per
1742 2869 1955 2939 singula
1996 2864 2331 2935 adjutorium

764 2998 873 3039 non
938 2992 1221 3049 negemus.

836 3075 894 3129 6.
933 3068 1246 3137 Strangulat
1290 3061 1706 3130 Pelagianorum
1745 3058 1957 3125 dogma.
2016 3082 2087 3093 —-
2136 3051 2194 3107 C.
2232 3049 2336 3105 Ca-

779 3172 959 3233 ptiosa
992 3165 1093 3219 ista
1135 3169 1218 3215 est
1248 3156 1549 3218 conclusio,
1584 3163 1638 3207 et
1681 3153 1750 3204 de
1773 3148 2185 3205 dialecticorum
2224 3152 2339 3198 arte

2437 2035 2492 2079 to
2528 2042 2611 2092 es,
2636 2025 2763 2094 quia
2794 2039 2919 2077 vere
2944 2022 3146 2090 cupis?
3178 2024 3242 2074 Α.
3277 2020 3443 2085 Quasi
3468 2034 3567 2087 ego
3595 2018 3660 2070 de
3688 2031 3774 2068 me
3801 2016 4008 2071 dicam.

2436 2134 2595 2190 quem
2634 2132 2971 2186 peccatorem
3007 2131 3127 2170 esse
3156 2116 3443 2176 contiteor,
3480 2121 3531 2163 et
3566 2125 3674 2164 non
3706 2109 3775 2163 de
3822 2111 4015 2177 paucis

2437 2223 2491 2267 et
2523 2212 2686 2274 raris.
2718 2213 2761 2264 si
2796 2212 2886 2279 qui
2953 2209 3224 2263 voluerint
3255 2222 3362 2261 non
3407 2219 3653 2273 peccare.

2509 2307 2565 2360 8.
2588 2306 2716 2374 Ejus
2736 2305 2812 2358 rei
2832 2304 3033 2357 nullum
3054 2300 3512 2365 exemplum—11.
3541 2297 3761 2355 Interim
3791 2312 3858 2351 ex
3896 2310 4019 2349 meo

2444 2398 2894 2467 tuoquejudicio.
2916 2407 2962 2449 et
2988 2411 3087 2465 ego
3105 2396 3195 2464 qui
3216 2394 3583 2465 interrogo.et
3604 2402 3656 2445 tu
3674 2394 3763 2460 qui
3796 2406 4021 2454 respui:-

2442 2493 2557 2554 des,
2585 2500 2901 2560 peccatores
2918 2504 3128 2544 sumus.
3153 2485 3215 2542 C.
3246 2487 3351 2541 Sed
3379 2503 3664 2554 pessunnt-
3688 2498 3796 2537 non
3827 2497 3957 2537 esse
3975 2481 4019 2536 si

2444 2587 2692 2641 velimus.
2714 2588 2774 2637 Α.
2801 2583 2917 2635 Dixi
2939 2598 3022 2635 me
3048 2583 3181 2635 velle
3207 2598 3312 2634 uoti
3332 2594 3575 2646 petituro,
3603 2587 3655 2630 te
3678 2593 3898 2644 quoque
3920 2578 4019 2625 Inc

2443 2680 2646 2733 sentire
2667 2694 2773 2731 non
2797 2676 3021 2729 dubium
3041 2685 3145 2728 Bal.
3172 2673 3455 2739 Quoman
3474 2686 3603 2738 ergo
3620 2672 3763 2739 quod
3788 2682 4021 2735 uterque

2445 2773 2719 2834 Volumus,
2771 2778 2999 2832 uterque
3054 2781 3161 2820 neu
3211 2763 3538 2834 possumus?
3590 2763 3649 2818 C.
3686 2762 3824 2827 Qui:
3865 2762 4023 2830 pleno

2447 2882 2553 2920 non
2582 2869 2853 2918 Volumus.
2886 2863 2947 2915 Α.
2988 2863 3059 2914 [la
3101 2876 3233 2927 ergo
3266 2860 3355 2927 qui
3403 2859 3667 2919 majorum
3705 2867 4021 2908 lln'sltOftllll

2447 2960 2604 3029 plene
2639 2958 2913 3010 voluerint
2957 2966 3009 3008 et
3054 2954 3350 3023 potuerint.
3395 2950 3454 3005 C.
3491 2951 3604 3005 Hoc
3656 2950 3879 3019 quidem
3918 2966 3967 3002 ιι-
3996 2966 4023 3001 ιι

2449 3053 2608 3106 facile
2642 3062 2724 3106 est
2754 3049 3061 3104 ostendere.
3103 3046 3284 3116 Neque
3328 3045 3473 3099 enim
3524 3045 3739 3113 quando
3777 3047 3902 3096 dico
3934 3045 4028 3096 ho-

2451 3146 2653 3198 minem
2707 3158 2865 3211 posse
2912 3156 3033 3195 esse
3082 3141 3201 3194 sine
3252 3149 3474 3207 peccato
3505 3139 3550 3192 si
3602 3139 3749 3194 velit.
3810 3137 4028 3202 aliquos

768 3259 1129 3317 descendens.
1186 3252 1314 3306 Mihi
1380 3258 1559 3302 autem
1623 3246 1810 3298 nullus
1865 3243 2081 3295 auferre
2140 3240 2333 3307 poterit
2369 3282 2410 3337 ϐ
2454 3234 2947 3295 fuissecoutendo;
2980 3230 3410 3297 sedsimpliciter
3433 3243 3591 3296 posse
3617 3227 3807 3280 essesi
3833 3226 4025 3279 vclinl.

766 3354 925 3409 liberi
976 3346 1190 3404 arbitrii
1246 3350 1594 3412 potestatem,
1628 3354 1716 3405 ne,
1750 3338 1795 3390 si
1827 3337 1880 3390 in
1918 3336 2175 3403 operibus
2208 3332 2340 3384 Iltt'lS

771 3448 916 3504 Deus
943 3443 1161 3514 adjutor
1190 3437 1485 3494 exstiterit.
1520 3450 1627 3487 non
1656 3431 1788 3485 mihi
1819 3430 2079 3483 debeatur
2105 3440 2337 3485 merces,

769 3540 864 3595 sed
909 3539 958 3593 ei
994 3536 1087 3605 qui
1123 3535 1178 3588 in
1216 3545 1303 3587 me
1349 3536 1604 3600 operatus
1652 3532 1757 3578 est.
1811 3522 1877 3576 Α.
1927 3519 2127 3574 Fruere
2183 3518 2340 3570 liheri

772 3630 985 3689 arbitrii
1032 3634 1323 3698 potestate.
1365 3631 1423 3675 ut
1455 3629 1644 3674 contra
1678 3613 1846 3669 Deum
1892 3628 2070 3667 armes
2103 3611 2341 3676 linguam

772 3740 942 3789 tuam,
984 3731 1039 3777 et
1072 3721 1122 3777 in
1160 3733 1224 3774 eo
1273 3717 1509 3770 liberum
1550 3709 1767 3780 probes,
1807 3707 1850 3761 si
1888 3706 1979 3760 tibi
2019 3706 2177 3758 liceat
2233 3704 2346 3756 hla-

773 3820 1088 3888 sphetnare.
1116 3812 1319 3868 Verum
1350 3821 1513 3872 super
1553 3805 1655 3856 hoc
1674 3802 1802 3870 quid
1823 3800 2048 3862 sentias.
2084 3797 2215 3849 nulli
2245 3795 2346 3849 dn-

774 3916 924 3967 tmmi
951 3918 1056 3972 εει,
1082 3915 1136 3959 et
1162 3898 1433 3974 pmstigia
1468 3893 1835 3951 confessionis
1863 3901 1968 3945 tua:
2000 3892 2344 3957 apertissima

776 4006 898 4055 luce
955 4000 1292 4052 claruerunt.
1352 3988 1511 4041 Nunc
1566 3993 1907 4039 revertamur
1968 3981 2034 4033 ad
2078 3982 2152 4040 id.
2204 3978 2349 4033 unde

776 4098 1046 4149 disserere
1093 4087 1387 4156 cmpimus.
1423 4079 1521 4133 Die
1559 4079 1715 4138 mihi.
1754 4079 1797 4129 si
1830 4077 1928 4130 tibi
1974 4075 2205 4137 videtur.
2248 4074 2350 4125 hoc

778 4184 924 4256 quod
954 4197 1077 4237 cum
1121 4178 1217 4232 Dei
1250 4172 1522 4243 adiutorio
1559 4171 1722 4239 paulo
1750 4180 1877 4223 ante
1908 4169 2153 4230 dicebas,
2190 4180 2350 4235 posse

781 4279 1057 4332 hominem
1085 4287 1192 4326 non
1225 4281 1453 4338 peccare
1484 4265 1528 4318 si
1562 4264 1717 4323 velit.
1750 4262 1801 4314 in
1831 4270 2147 4329 perpetuum
2177 4258 2349 4323 diras,

780 4388 849 4425 an
879 4370 941 4422 ad
987 4379 1201 4434 tempus
1238 4377 1291 4416 et
1331 4358 1531 4415 breve?
1560 4358 1716 4429 701
1756 4355 1815 4409 C.
1854 4352 2135 4421 Snperllna
2181 4354 2352 4404 inter-

787 4462 995 4527 rogatio
1044 4466 1146 4511 est.
1183 4454 1243 4508 Si
1268 4453 1413 4507 enim
1451 4451 1516 4505 ad
1572 4461 1781 4514 tempus
1813 4455 1866 4500 et
1924 4447 2090 4500 breve
2139 4444 2351 4504 dixero,

783 4550 1142 4608 nihilominus
1204 4546 1472 4598 referetur
1538 4542 1601 4594 ad
1652 4549 2012 4609 perpetmnn.
2078 4533 2351 4602 Quidquid

2450 3331 2605 3381 Aliud
2630 3343 2871 3396 namque
2892 3336 2976 3380 est
3006 3342 3119 3380 esse
3144 3340 3313 3392 posse,
3345 3321 3491 3392 quod
3523 3321 3710 3376 Graece
3732 3322 3938 3375 dicitur
3960 3324 4025 3388 τῇ

2445 3421 2674 3490 δυνάμει
2704 3412 2732 3451 ³’
2758 3418 3192 3487 (possibilitate);
3228 3417 3373 3469 aliud
3426 3425 3510 3467 est
3557 3430 3687 3476 esse,
3736 3414 3887 3482 quod
3924 3414 4026 3482 ipsi

2447 3514 2725 3582 appellant
2754 3517 2820 3582 τῇ
2851 3511 3101 3581 ἐνεργείᾳ
3135 3512 3279 3575 (actu
3313 3509 3470 3576 ipso).
3503 3506 3726 3562 Possum
3758 3523 3884 3561 esse
3915 3521 4029 3559 me-

2448 3608 2645 3673 dicus;
2678 3607 2773 3662 sed
2824 3607 3044 3661 interim
3076 3620 3182 3658 nou
3219 3620 3362 3658 sum.
3399 3602 3626 3656 Possum
3667 3617 3789 3656 esse
3834 3602 4026 3664 faber;

2449 3702 2543 3755 sed
2591 3702 2820 3755 necdum
2864 3698 3048 3754 didici.
3084 3696 3359 3763 Quidquid
3398 3698 3561 3765 igitur
3596 3710 3842 3763 possunt,
3904 3693 4030 3747 licet

2642 3796 2872 3849 necdum
2907 3794 3032 3851 sint.
3068 3804 3243 3845 tamen
3278 3808 3373 3845 cro
3403 3791 3447 3844 si
3486 3794 3730 3844 voluero.

2522 3889 2574 3940 9.
2602 3887 2751 3950 Quod
2775 3888 3014 3955 futurum
3060 3900 3329 3951 nunquam
3358 3893 3452 3944 cst,
3482 3883 3825 3947 (inpossibile
3848 3886 3940 3939 sit.
3962 3914 4031 3929 —-

2453 3981 2516 4032 Α.
2554 3980 2711 4031 Aliud
2746 3987 2874 4032 sunt
2904 3990 3070 4034 artes.
3107 3979 3247 4030 aliud
3284 3977 3332 4028 ill
3375 3980 3519 4044 quod
3552 3990 3646 4043 per
3673 3985 3823 4029 artes
3880 3988 3961 4030 est
3988 3981 4029 4032 ³.

2456 4070 2718 4123 ile-dicina
2765 4080 2819 4122 et
2858 4068 3087 4127 fabrica.
3130 4082 3183 4120 et
3219 4080 3362 4120 artes
3400 4078 3609 4121 cetera:
3668 4069 4031 4121 inveniuntur

2456 4166 2508 4218 in
2567 4163 2816 4232 plurimis
2860 4162 3025 4215 :sine
3080 4174 3307 4229 peccato
3340 4170 3523 4213 autem
3579 4176 3703 4215 esse
3739 4176 4026 4231 perpetuo,

2456 4255 2653 4308 divinae
2700 4254 2870 4306 solius
2905 4262 2984 4305 est
3039 4252 3344 4320 potestatis.
3396 4251 3583 4318 Itaque
3621 4260 3715 4305 aut
3745 4253 3811 4304 da
3843 4268 4029 4305 exem-

2459 4350 2603 4417 plum
2654 4350 2746 4412 qui
2783 4348 2989 4414 absque
3034 4355 3256 4414 peccato
3301 4345 3503 4399 fuerint
3551 4346 3601 4398 in
3644 4357 3972 4413 perpetuum
4017 4364 4032 4400 :

2457 4450 2547 4493 aut
2599 4439 2645 4494 si
2705 4446 2836 4493 dare
2890 4455 2994 4491 non
3057 4450 3234 4506 potes,
3284 4439 3548 4493 conliterc
3600 4439 4032 4493 imbecillitatem

2458 4542 2629 4593 tttatn.
2680 4541 2734 4584 et
2789 4532 2897 4584 noli
2948 4546 3147 4598 ponere
3182 4532 3233 4583 in
3280 4531 3479 4583 caelum
3515 4546 3577 4583 ns
3611 4540 3788 4589 tuum.
3844 4542 3901 4585 nt
3942 4550 4038 4601 per

784 4646 929 4698 enim
962 4642 1026 4696 ad
1079 4643 1239 4692 lireve
1273 4634 1511 4695 dederis.
1546 4632 1646 4685 hoc
1679 4627 1945 4684 concedes
1969 4634 2022 4680 et
2054 4633 2104 4678 iu
2158 4638 2349 4693 pcrpe-
2379 4647 2431 4707 ι)
2457 4640 2600 4689 esse,
2651 4634 2704 4677 et
2748 4640 2871 4679 esse
2922 4639 3100 4692 posse,
3165 4626 3456 4678 stultorum
3514 4626 3708 4678 itludas
3780 4629 4034 4683 auribus.

787 4748 961 4789 tuum.
997 4735 1060 4786 Α.
1092 4729 1231 4795 Quid
1271 4728 1443 4788 dicas,
1487 4739 1598 4777 non
1632 4719 1767 4776 satis
1803 4718 2065 4786 intelligo.
2103 4714 2162 4771 C.
2205 4716 2354 4769 Itane

789 4832 956 4879 durus
985 4840 1067 4887 es,
1103 4832 1160 4875 ιιι
1186 4820 1476 4874 manili-sta
1508 4830 1611 4869 non
1648 4812 1893 4867 sentias?

859 4919 909 4971 7.
970 4914 1110 4968 Num
1169 4913 1237 4965 ad
1290 4919 1487 4975 tempus
1546 4923 1614 4958 an
1651 4906 1704 4957 in
1746 4914 2047 4974 perpetuum
2097 4898 2359 4951 abstinere

789 5012 943 5060 homo
975 5023 1005 5057 α
1036 5012 1245 5071 peccato
1274 5000 1457 5068 possit.
1490 5027 1557 5039 ——
1589 5000 1654 5050 Α.
1685 4993 1809 5047 Non
1837 5011 1921 5046 nte
1954 4991 2117 5059 pudet
2145 4990 2359 5043 nescire

792 5098 934 5164 quod
970 5094 1175 5150 nescio.
1219 5092 1287 5146 Et
1318 5092 1383 5143 de
1423 5104 1532 5157 quo
1577 5088 1760 5141 futura
1794 5094 1876 5139 est
1908 5082 2229 5151 dispmatio,
2267 5082 2361 5134 de-

797 5198 883 5244 bet
925 5192 1063 5241 inter
1114 5176 1408 5250 utrunique
1454 5180 1749 5234 convenire
1792 5192 1953 5245 quem
2003 5191 2225 5229 sensum
2264 5176 2361 5227 tta-

799 5288 936 5334 licat.
976 5277 1035 5332 C.
1074 5276 1182 5345 Ego
1235 5277 1338 5327 hoc
1391 5286 1601 5333 assero.
1647 5272 1739 5345 qui
1796 5278 1973 5338 potest
2024 5284 2132 5321 uno
2182 5267 2270 5320 die
2306 5282 2362 5321 se

870 5440 885 5464 ‘
925 5434 1097 5487 Vatic.
1140 5429 1326 5483 Nonne
1358 5428 1664 5498 legisti.quo
1697 5426 1812 5477 loco
1837 5425 1972 5498 satis
1998 5426 2219 5492 antiqua
2257 5440 2368 5475 tua~

801 5524 898 5568 nu.
925 5509 1037 5558 lucc
1054 5501 1355 5557 additurad
1385 5497 1678 5565 marginem
1700 5504 1821 5548 nota
1851 5513 1861 5545 :
1901 5512 1919 5544 ι
1951 5497 2367 5560 Angustinusde

803 5580 1005 5647 Spiritu
1056 5586 1106 5626 et
1138 5574 1316 5647 littera
1355 5586 1369 5624 :
1402 5568 1538 5647 Ecce
1591 5568 1731 5647 Deus
1772 5570 1896 5647 agit
1949 5575 2004 5641 ut
2055 5568 2281 5643 velimus
2315 5572 2367 5615 rt

805 5635 1121 5705 tiedautus;
1154 5643 1247 5693 sed
1282 5639 1592 5692 consentire
1644 5637 1726 5690 vel
1754 5635 2045 5689 dissentire
2072 5635 2362 5696 vocatioui,

805 5716 1040 5786 propri-.2
1060 5711 1378 5786 voluntatis
1406 5723 1510 5761 est.
1552 5727 1569 5786 ι

881 5778 990 5838 ¹Ἰιι
1023 5784 1141 5836 aliis
1171 5782 1324 5833 libris
1368 5779 1583 5831 coluerit
1620 5778 1909 5831 olim-rare.

891 5856 909 5884 ³
954 5853 1130 5906 Crn'cv
1190 5852 1381 5902 dicitur
1431 5854 1494 5916 τῇ
1542 5849 1787 5914 δυναμει.
1851 5847 2141 5911 llopt‘avato
2203 5845 2362 5897 verba

814 5925 997 5979 Ct'tnca
1041 5938 1254 5991 semper
1300 5923 1443 5972 edita
1495 5920 1733 5970 tttvcruics
1786 5919 1924 5985 apud
1984 5922 2263 5968 i;tas:n:t.u
2313 5929 2363 5967 ct

2458 4717 2590 4783 Quis
2625 4719 2767 4770 enim
2815 4718 2911 4770 tibi
2956 4718 3243 4780 concedet.
3301 4731 3463 4784 posse
3512 4718 3787 4772 honinem
3853 4719 4039 4775 facere

2459 4812 2603 4880 quod
2655 4812 2839 4865 nullus
2891 4827 3128 4876 unquam
3182 4810 3466 4863 hominum
3540 4813 3820 4880 potuerit?
3857 4813 3934 4867 Ne
3982 4827 4036 4866 tn

2459 4906 2763 4962 dialecticis
2816 4908 3058 4960 imbutus
3093 4906 3315 4974 quidem
3365 4921 3426 4961 es
3457 4905 3519 4958 ‘?
3563 4907 3618 4961 Si
3668 4906 3815 4960 enim
3858 4918 3955 4976 pot
3992 4921 4041 4962 st

2464 5002 2647 5058 homo.
2708 5014 2815 5052 non
2874 5014 3031 5067 posse
3066 4998 3295 5053 tollitur.
3352 4999 3407 5053 Si
3454 5010 3780 5053 autemnon
3834 5012 4039 5071 potest.

2466 5107 2623 5159 posse
2670 5092 3025 5145 subvertitur.
3063 5092 3168 5145 Aut
3201 5091 3441 5146 concede
3497 5092 3629 5145 mihi
3665 5094 3909 5160 aliquem
3943 5110 4044 5162 po-

2466 5178 2653 5239 tuisse,
2700 5180 2841 5246 quod
2889 5179 3000 5232 ﬁeri
3040 5193 3201 5247 posse
3255 5181 3541 5235 contendis
3574 5197 3590 5237 :
3627 5193 3721 5234 aut
3753 5184 3799 5235 si
3854 5185 4041 5237 nullus

2467 5270 2569 5324 hoc
2606 5272 2797 5340 potuit,
2837 5274 3040 5325 invitus
3091 5274 3387 5337 teueberis,
3425 5274 3629 5328 nullum
3670 5289 3851 5344 posse.
3892 5280 4039 5346 quod

2470 5423 2914 5508 hl:trianttttt,_q;ii
2978 5426 3159 5492 legunt
3208 5427 3309 5479 hoc
3359 5427 3481 5483 locn
3534 5428 3763 5496 δὸναμις
3814 5446 3917 5495 pro
3979 5436 4043 5500 τῇ

2468 5498 2695 5574 δυνέιμει
2726 5508 2781 5548 et
2810 5498 3080 5574 tvépysta
3106 5512 3204 5574 pro
3224 5502 3299 5574 ⁸τῇ
3329 5501 3620 5574 ξνεργείᾳς
3657 5511 3710 5555 et
3744 5501 3887 5555 infra
3915 5498 4046 5555 coni

2472 5569 2661 5643 trariq
2710 5580 2872 5618 sensu
2964 5569 3093 5632 περὶ
3183 5569 3442 5621 ἀδυνάτου
3505 5588 3603 5640 pro
3681 5574 3813 5639 περὶ
3886 5574 4050 5624 au»:-

2469 5634 2583 5684 ςθῦ.
2622 5634 2884 5688 Μειιιτιιιιι.

2544 5704 2562 5779 ξ
2596 5703 2795 5779 iiii-tor.
2824 5724 2945 5779 cum
2982 5708 3203 5775 antiqua
3232 5708 3361 5761 edit.
3386 5747 3398 5762 .
3428 5710 3567 5779 quod
3596 5725 3754 5777 super
3774 5721 3921 5763 artes
3950 5726 4047 5765 est.

2545 5776 2563 5806 ⁵
2596 5775 2798 5827 (lunlrr
2834 5776 2889 5829 S.
2942 5780 3321 5844 Augustinum.
3363 5775 3453 5831 Ιιιιξ
3499 5796 3556 5833 ιιι
3590 5775 3666 5831 de
3702 5781 4047 5834 l'eccatorum

2476 5848 2692 5966 meritis.
2730 5845 2843 5930 llos
2885 5845 3173 5908 Victorius.
3212 5851 3285 5901 .ln
3319 5850 3692 5919 tnvtlialecticis
3721 5864 3785 5903 ne
3814 5853 4046 5906 inibatur

2476 5935 2576 5966 tmtt
2605 5934 2677 5965 L’IH
2710 5932 2760 5966 es
2787 5930 2808 5966 .’

2474 5930 2677 5985 (Illltlt’tlt
2710 5932 2760 5967 es
2787 5930 2808 5967 .’
