4202 6462
200 400 298 464 5‘25

956 402 1343 464 DlALOGUS
1384 403 1688 463 CONTRA
1731 403 2238 465 PELAGIANOS.
2282 425 2347 435 --
2390 396 2543 460 LIB.
2584 398 2631 458 Ι.

3358 387 3465 450 518

202 515 455 584 possibile
515 517 761 582 jactitas.
831 516 975 571 Inter
1036 517 1332 571 Diodorum
1403 526 1457 570 ct
1512 518 1771 587 (Iltrysip-
1810 520 1853 575 Α
1887 518 2019 569 llum
2078 519 2281 579 lIt'SClS,
2314 513 2534 583 proprio
2557 522 2748 580 raptus
2778 526 2836 562 υς
2870 506 3083 573 laqueo.
3116 508 3177 558 A.
3211 503 3460 570 Quonam

202 627 324 679 pum
426 610 839 665 valentissimos
932 611 1252 666 dialecticos
1334 612 1466 679 περὶ
1551 610 1776 663 δυνατωῦ

202 705 295 757 ista
332 708 629 757 contentio
677 717 778 758 cst.
852 706 1118 758 Diodotus
1170 705 1220 757 id
1256 704 1430 759 solum
1470 719 1628 770 posse
1664 706 1775 757 lie:i

200 798 342 854 dicit,
395 800 546 866 quod
601 808 694 851 aut
748 804 816 852 s't
877 816 1084 862 verum,
1150 810 1243 852 aut
1274 815 1461 852 verum
1532 799 1776 850 futurum

198 898 280 948 sit.
312 894 373 945 lit
406 894 678 963 quidquid
724 896 967 946 futurum
1006 896 1097 953 sit,
1139 894 1188 946 id
1225 894 1341 946 [ἱειὶ
1379 908 1601 945 necrsm
1634 908 1772 945 (δὴ).

196 989 467 1057 Quidquid
527 999 710 1041 autem
776 1006 879 1040 nou
937 990 1003 1040 sit
1055 990 1343 1046 futurum.
1397 988 1447 1039 id
1506 988 1618 1035 fieri
1671 1001 1773 1038 non

200 1097 369 1147 posse.
424 1082 769 1151 (.Itrysippus
822 1096 951 1134 vero
997 1090 1049 1134 ct
1085 1096 1207 1147 quin
1258 1096 1364 1132 non
1402 1088 1524 1130 sunt
1564 1078 1767 1133 futura.

200 1191 350 1241 posse
385 1177 503 1228 lieti
536 1177 666 1229 dicit
699 1184 792 1227 :ttt
828 1174 1003 1245 frangi
1053 1178 1153 1228 hoc
1196 1174 1568 1239 margaritum,
1614 1173 1774 1223 etiam

198 1268 235 1314 si
264 1264 312 1312 id
346 1280 637 1331 nunquam
687 1265 933 1317 futurum
967 1267 1055 1317 sit.
1090 1262 1191 1329 Qui
1232 1279 1362 1332 ergo
1395 1264 1545 1315 aiunt
1600 1263 1775 1315 homi-

199 1371 312 1406 nom
350 1372 518 1424 posse
547 1373 670 1409 esse
708 1358 923 1426 alisque
965 1368 1187 1426 peccato
1222 1358 1265 1409 si
1301 1356 1445 1417 \‘clit,
1484 1372 1587 1408 non
1621 1366 1769 1421 pot:-

200 1460 319 1501 rnnt
376 1450 481 1501 hoc
521 1464 706 1501 verum
738 1451 993 1516 ptobat'e,
1030 1451 1132 1501 nisi
1188 1450 1429 1501 futurqu
1465 1449 1772 1501 docuerint.

197 1541 321 1592 Cum
375 1554 562 1593 autem
599 1542 782 1594 futura
821 1543 1024 1595 incerta
1072 1543 1181 1593 sint
1213 1542 1415 1602 omnia,
1450 1556 1502 1595 et
1537 1542 1716 1594 mnsit
1744 1556 1773 1595 c

195 1651 250 1685 ra
281 1650 409 1702 quae
456 1650 739 1701 nunquam
792 1633 933 1686 lat'la
972 1643 1120 1699 sunt,
1175 1636 1525 1702 perspicuum
1562 1644 1643 1685 cst
1678 1649 1774 1687 Cos

196 1728 240 1779 id
275 1730 524 1779 futurum
546 1726 913 1793 dicereuluod
952 1743 1057 1779 non
1111 1728 1181 1779 sit
1247 1727 1530 1787 futurum;
1592 1728 1774 1778 Eccle-

194 1820 355 1871 siaste
387 1824 535 1870 hanc
561 1820 933 1871 coulirutautc
968 1826 1297 1871 sententiam
1330 1837 1342 1870 :
1385 1816 1586 1872 tOmue
1628 1818 1768 1883 quod

1886 610 2076 661 mulo?
2106 608 2249 661 CJix
2308 606 2581 660 sententia
2618 603 2827 656 Domini
2860 601 3062 655 assct‘is
3092 612 3251 667 posse
3281 597 3461 650 homi-

1881 718 2003 754 nem
2038 718 2159 753 esse
2192 699 2513 768 perfectum.
2557 696 2789 761 Quando
2834 696 2976 747 enim
3014 694 3147 745 dicit
3182 708 3195 744 :
3235 708 3252 740 ι
3293 690 3347 741 Si
3375 689 3458 742 vis

1882 797 2149 864 p-‘rioclus
2179 812 2316 855 t-ssc,
2351 792 2518 844 vende
2550 790 2733 842 omnia
2767 803 2886 855 qua:
2920 788 3109 851 habes,
3137 794 3188 837 ct
3216 784 3280 837 da
3318 798 3477 852 pan-l

1882 908 1925 957 ιη
1951 892 2122 949 νην-ς,
2152 900 2203 941 et
2244 889 2365 939 \‘t'ttl
2390 930 2401 951 ,
2443 902 2672 952 sequere
2709 900 2845 949 ltit‘,)
2892 881 3129 935 ostendit
3161 880 3459 939 hominem,

1878 984 1924 1036 si
1972 983 2222 1041 voiuct'il,
2276 994 2323 1033 ct
2362 982 2548 1033 [verrit
2585 998 2704 1047 qua:
2763 985 3032 1047 praem-pta
3088 987 3239 1037 sunt,
3300 987 3459 1042 posse

1878 1094 2001 1131 esse
2032 1076 2349 1145 petlectsisn.
2397 1077 2454 1127 Α.
2496 1074 2845 1127 Validissimo
2885 1072 3106 1142 quidm]
3156 1084 3338 1139 pugno
3372 1083 3457 1121 me

1882 1172 2221 1243 percussisti,
2260 1173 2408 1222 itaut
2446 1170 2618 1235 caligo
2641 1170 2768 1221 mihi
2805 1181 2927 1223 ante
2952 1168 3139 1221 oculos
3170 1165 3452 1219 obversari

1877 1270 2101 1334 comet-it
2146 1282 2158 1319 :
2191 1264 2282 1317 sed
2319 1274 2497 1317 tamen
2554 1264 2657 1317 hoc
2714 1265 2887 1327 ipsimi
2940 1262 3085 1331 quod
3123 1262 3254 1314 dicit
3286 1276 3301 1315 :
3335 1276 3354 1308 ι
3395 1256 3454 1312 Si

1878 1364 1958 1413 vis
1996 1360 2265 1427 perfectus
2316 1376 2457 1418 esse.
2518 1376 2535 1408 ι
2592 1357 2641 1410 ei
2693 1357 2912 1419 dicitur,
2953 1358 3045 1423 qui
3094 1370 3199 1407 non
3252 1353 3452 1421 potuit,

1879 1454 1986 1504 ino
2046 1452 2223 1503 llllUll.
2286 1466 2298 1503 ;
2359 1460 2413 1501 ct
2478 1450 2684 1502 llt‘il'lfn
2756 1464 2860 1500 non
2930 1446 3125 1513 putuit.
3190 1444 3273 1497 Tu
3353 1459 3454 1495 nu-

1878 1554 1983 1599 tem
2038 1545 2267 1597 ostenle
2330 1542 2481 1602 mihi,
2535 1543 2628 1611 qui
2689 1550 2743 1593 et
2801 1539 3036 1592 voluerit
3086 1545 3139 1592 et
3196 1535 3455 1607 potuerit,

1877 1638 2020 1706 quod
2072 1651 2218 1690 nunc
2266 1635 2542 1701 pollicitus
2588 1649 2665 1687 cs.
2712 1632 2773 1686 (Σ.
2808 1632 2939 1696 Quae
2990 1632 3137 1685 enim
3192 1644 3279 1683 me
3310 1628 3460 1697 cogit

1877 1730 2181 1784 necessitas
2231 1727 2545 1790 ostendere,
2601 1726 2695 1794 qui
2756 1725 2985 1791 perfecti
3045 1725 3272 1788 fuerint,
3328 1738 3453 1776 cum

1880 1824 2232 1890 perspicuum
2275 1822 2346 1873 sit
2384 1834 2546 1889 posse
2590 1833 2712 1872 esse
2767 1816 3059 1883 perfectos,
3104 1832 3168 1871 ex
3208 1831 3273 1869 eo
3306 1814 3457 1882 quod

193 1912 439 1965 futurum
483 1923 588 1973 est,
624 1916 733 1981 jam
777 1912 984 1966 factum
1044 1926 1122 1966 est
1149 1914 1200 1965 iu
1267 1914 1439 1982 priori
1490 1914 1708 1965 saeculo.
1749 1932 1767 1964 ι
1810 1898 1848 1950 Β
1880 1919 1967 1967 ttni
2004 1932 2031 1966 a
2060 1914 2340 1968 Salvatore
2374 1916 2443 1968 sit
2481 1914 2714 1978 dictum,
2745 1923 2799 1968 et
2836 1929 2931 1981 per
2973 1929 3142 1966 unum
3175 1912 3455 1974 omnibus,

264 2009 351 2061 10.
402 2007 699 2060 Possibilia
753 2008 846 2058 Dei
898 2010 1174 2059 mandata.
1220 2035 1289 2043 —
1332 2005 1393 2059 C.
1438 2005 1547 2059 Oro
1601 2015 1671 2067 te,
1718 2014 1774 2059 ut

194 2101 292 2155 hoc
328 2103 467 2153 mihi
504 2105 838 2167 respondeas
867 2116 879 2154 :
908 2100 1181 2167 pessihilia
1215 2101 1353 2152 Deus
1392 2098 1647 2152 mandata
1678 2100 1773 2152 dc—

192 2194 286 2255 dit,
340 2208 411 2244 an
470 2192 872 2260 impossibilia?
924 2195 986 2243 Α.
1043 2191 1221 2246 Cerno
1278 2208 1387 2261 quo
1441 2201 1530 2243 tua
1587 2192 1770 2243 tendat

192 2287 446 2340 3?SCfll0.
484 2284 593 2339 Sed
626 2288 691 2337 de
726 2286 828 2337 hoc
865 2285 917 2337 in
952 2284 1352 2353 posterioribus
1384 2284 1766 2337 disserendum

190 2390 291 2443 est,
342 2395 413 2433 ne
466 2379 597 2434 dum
653 2378 949 2432 niismutus
984 2379 1381 2447 qmestionibus
1416 2379 1767 2444 quzestiours,

191 2479 487 2527 obscuram
521 2475 875 2527 audientibus
913 2474 1323 2542 intelligentiam
1366 2473 1765 2541 relinquamus.

192 2564 496 2620 Reservato
527 2566 692 2635 igitur
720 2566 823 2618 hoc
853 2566 995 2633 quod
1031 2565 1266 2618 fatemur
1292 2565 1572 2633 possibilia
1602 2564 1766 2617 Deum

190 2659 411 2713 dedisse
447 2660 732 2721 mandata,
753 2674 821 2710 nc
848 2658 965 2725 ipse
994 2664 1184 2710 auctor
1211 2657 1490 2723 llljllSllllil‘
1514 2659 1602 2717 sit,
1636 2660 1679 2709 si
1715 2657 1766 2708 id

189 2753 372 2822 exigat
434 2752 577 2814 fieri,
635 2752 779 2821 quod
834 2751 946 2805 fieri
990 2765 1100 2804 non
1155 2759 1381 2818 potest:
1436 2765 1579 2803 nunc
1638 2750 1767 2802 illtnl

190 2844 353 2911 imple
408 2844 562 2910 quod
630 2856 1035 2912 pr0posueras,
1100 2857 1258 2910 posse
1316 2840 1592 2894 hominem
1652 2840 1768 2893 sine

189 2953 419 3009 peccato
452 2954 580 2993 esse
611 2939 655 2993 si
693 2940 835 2993 velit.
876 2939 985 2994 Aut
1019 2941 1165 2991 enim
1209 2936 1366 2989 dabis
1407 2952 1501 2988 eos
1536 2936 1628 3002 qtti
1668 2950 1766 3001 po-

190 3041 411 3085 tueruttt
445 3048 458 3094 ;
494 3038 591 3083 aut
621 3031 666 3084 si
698 3030 882 3083 nullus
932 3032 1128 3097 potuit,
1166 3028 1372 3097 liquido
1421 3028 1768 3080 conﬁteberis

186 3126 469 3178 hominem
515 3126 571 3176 in
600 3133 923 3192 perpetuum
956 3128 1128 3177 vitare
1179 3132 1397 3189 peccata
1440 3137 1545 3173 tton
1583 3136 1764 3188 posse.

1885 2024 1902 2056 ι
1943 2005 1987 2059 si
2021 2005 2103 2059 vis
2130 2022 2250 2059 es<e
2286 2006 2585 2075 perfectus.
2625 2023 2642 2054 ι
2687 2006 2748 2056 Α.
2775 2002 3185 2068 Tergiversaris
3213 2019 3228 2056 :
3261 2002 3314 2055 in
3360 2016 3456 2055 eo-

1876 2099 1996 2153 dem
2035 2099 2145 2151 luto
2190 2099 2429 2152 haesitas.
2463 2099 2569 2150 Aut
2600 2098 2743 2149 cuitu
2782 2096 2925 2163 quod
2968 2106 3147 2164 potest
3184 2095 3325 2159 fieri,
3356 2094 3458 2148 ali-

1874 2192 2091 2258 quando
2127 2182 2329 2243 fitctum
2378 2198 2461 2242 est
2497 2203 2512 2241 :
2550 2198 2642 2240 aut
2688 2188 2735 2241 si
2790 2202 3071 2256 nunquam
3112 2186 3314 2240 factum
3348 2195 3456 2249 est,

1873 2284 1989 2338 fieri
2025 2298 2131 2337 non
2160 2297 2320 2352 posse
2351 2278 2611 2335 concede.

1945 2377 2029 2431 12.
2083 2375 2146 2429 C.
2190 2375 2328 2441 Quid
2380 2374 2517 2427 ultra
2560 2370 2793 2426 diﬂ'ero?
2843 2369 3006 2441 705
3041 2368 3451 2439 Srripturarum

1874 2472 2200 2525 auctoritate
2250 2468 2554 2521 vincendus
2584 2481 2667 2519 es.
2715 2462 2782 2517 lit
2834 2476 3028 2517 cietera
3065 2463 3451 2523 intermittunt,

1874 2580 2055 2618 nonne
2082 2564 2166 2617 his
2207 2564 2423 2615 duobus
2454 2560 2786 2615 testimoniis
2816 2558 2909 2612 tibi
2940 2559 3253 2626 imponetur
3281 2556 3454 2609 silen-

1875 2658 2031 2721 tium,
2094 2658 2146 2708 iit
2203 2654 2401 2721 quibus
2423 2653 2549 2716 Joh,
2601 2662 2656 2706 et
2692 2651 3008 2714 Zacharias,
3068 2648 3495 2713 Elisabcthquel

1871 2750 2203 2804 laudantur?
2233 2748 2345 2801 Nisi
2378 2748 2523 2799 enim
2550 2745 2707 2798 fallor
2735 2745 2787 2796 in
2815 2742 2916 2796 Job
2936 2744 3004 2795 ila
3034 2741 3303 2808 scriptum
3329 2751 3448 2795 est:

1877 2860 1895 2894 ι
1952 2843 2124 2895 llomo
2173 2840 2395 2909 quidam
2446 2845 2565 2892 erat
2600 2837 2652 2891 in
2702 2840 2921 2905 regione
2973 2834 3222 2889 Ausitide
3273 2834 3289 2864 ί
3324 2830 3447 2903 [ΑΙ.

1873 2934 2046 3004 llus],
2097 2936 2315 2988 nomine
2349 2932 2475 2996 Job,
2508 2943 2559 2985 et
2584 2941 2702 2986 erat
2737 2932 2901 2984 homo
2933 2930 3023 2983 ille
3052 2945 3216 2982 verax
3251 2936 3305 2981 et
3332 2930 3450 2980 sine

1870 3029 2121 3083 crimine.
2165 3042 2329 3079 verus
2365 3025 2458 3078 Dei
2491 3025 2690 3089 cultor,
2722 3024 3002 3077 ab5tinens
3033 3036 3092 3075 se
3118 3023 3186 3073 ab
3218 3021 3364 3073 omni
3392 3036 3451 3073 re

1872 3124 2010 3173 nulla
2049 3119 2164 3189 (Job
2193 3134 2231 3181 ι,
2269 3119 2317 3180 l,
2352 3134 2454 3170 sec.
2485 3115 2675 3185 LXX).
2711 3134 2729 3167 ι
2766 3116 2831 3169 Et
2866 3119 3059 3168 iterum
3099 3132 3112 3166 :
3162 3133 3179 3165 ι
3208 3112 3343 3178 Quis
3367 3120 3451 3165 est

182 3216 243 3271 C.
280 3218 565 3283 Quoniam
620 3216 777 3286 703
832 3232 991 3285 urges
1039 3229 1148 3270 me.
1195 3223 1251 3266 ut
1288 3213 1409 3266 dem
1447 3211 1593 3280 quod
1632 3212 1764 3264 dare
1796 3240 1836 3297 ρ
1869 3214 1963 3283 qui
1997 3214 2403 3283 arguitjustum
2443 3213 2561 3266 sine
2586 3222 2810 3281 peccato
2843 3214 2883 3275 ’,
2912 3222 2963 3263 et
2994 3209 3235 3277 loquitur
3267 3208 3450 3262 verbis

184 3326 291 3363 non
324 3312 530 3371 debeo,
567 3309 720 3367 illud,
750 3323 956 3376 quaeso.
990 3307 1304 3368 considera,
1333 3309 1475 3373 quod
1506 3304 1765 3358 Dominus

182 3402 385 3455 disetit
427 3400 651 3454 facilius
680 3400 947 3453 camelum
983 3413 1075 3466 per
1112 3396 1358 3450 foramen
1393 3412 1525 3449 acus
1559 3398 1764 3448 intrare

181 3508 364 3560 posse,
413 3507 583 3559 quam
639 3491 856 3544 divitem
892 3493 942 3541 iu
980 3505 1205 3557 regnum
1234 3491 1500 3543 cmlorutu
1551 3486 1762 3555 (.llattlt.

180 3602 297 3650 ιη,
333 3586 440 3648 2‘5;
477 3595 527 3637 et
552 3582 723 3637 Marc.
761 3600 813 3645 χ,
840 3583 953 3649 ίὶὺ).
975 3583 1039 3635 Et
1067 3595 1245 3634 tamen
1275 3583 1407 3634 dixit
1439 3582 1548 3634 fieri
1583 3596 1760 3649 posse,

179 3679 326 3745 quod
376 3692 669 3744 nunquam
725 3678 928 3727 iactum
975 3687 1078 3727 est.
1112 3672 1296 3741 Neque
1327 3679 1470 3725 enim
1520 3677 1763 3724 cumulus

181 3784 429 3837 unquam
482 3783 581 3836 per
608 3768 851 3820 loranten
888 3784 1022 3819 acus
1060 3768 1342 3832 ingreSsns
1368 3775 1468 3819 est.
1504 3767 1569 3818 Α.
1602 3766 1761 3817 Mim-

180 3862 461 3915 hominem
479 3864 798 3927 prudentem
824 3861 1172 3927 proposuisse
1201 3860 1598 3921 testimonium,
1620 3861 1761 3924 quod

176 3968 368 4006 contra
400 3970 464 4009 sc
499 3957 683 4006 faciat.
718 3953 773 4005 lu
808 3953 907 4004 itnc
935 3952 1081 4003 enim
1115 3967 1219 4004 non
1251 3952 1397 4019 quod
1420 3953 1529 4003 liut’i
1565 3953 1758 4019 possit,

174 4050 383 4101 dictum
402 4026 518 4106 est.
538 4046 631 4098 sed
659 4044 996 4111 impossibile
1022 4043 1335 4109 itupussihili
1360 4052 1757 4109 comparatum.

173 4140 472 4205 Quomodo
521 4138 669 4189 enim
721 4136 963 4189 canit-lus
1019 4151 1125 4187 non
1180 4142 1357 4202 potest
1409 4136 1614 4187 intrare
1667 4152 1759 4203 per

174 4238 425 4287 foramen
456 4246 609 4295 acus,
642 4232 711 4283 ita
739 4238 792 4282 et
820 4228 972 4281 dives
1000 4243 1106 4280 non
1144 4226 1481 4292 ingredietur
1504 4228 1559 4281 iu
1592 4244 1755 4295 regna

171 4328 469 4381 calorum.
522 4326 632 4376 Aut
662 4323 705 4375 si
750 4322 995 4390 potueris
1045 4321 1356 4383 ostendere,
1412 4321 1554 4387 quod
1605 4321 1758 4373 dives

172 4420 527 4488 ingrediatur
561 4430 726 4484 regna
751 4413 1042 4475 ccelorum,
1079 4412 1330 4480 sequitur
1361 4422 1416 4463 ut
1441 4423 1493 4464 et
1514 4412 1759 4465 camclus

170 4515 343 4566 intret
372 4525 474 4579 per
496 4508 745 4561 foramen
774 4520 929 4559 acus.
969 4503 1077 4558 Nec
1107 4504 1236 4555 tnilii
1270 4503 1541 4557 Abraham
1572 4513 1625 4556 et
1648 4518 1757 4557 cae-

1868 3310 1983 3360 suis
2030 3323 2124 3375 per
2176 3307 2541 3375 ignorantiam
2594 3303 2713 3358 (Job
2735 3320 2807 3366 Vl,
2839 3302 2974 3371 25)?
3012 3321 3031 3354 ι
3068 3302 3120 3355 ltt
3154 3300 3449 3369 Evangelia

1866 3414 2085 3468 quoque
2117 3402 2411 3453 serunduui
2451 3399 2651 3451 Lucam
2692 3414 2735 3451 τι
2753 3397 2872 3451 Fuit
2903 3398 2956 3449 itt
2987 3397 3181 3450 diebus
3216 3394 3447 3448 Herodis

1868 3493 2009 3561 regis
2038 3491 2189 3546 λικε
2218 3495 2475 3545 sacerdos
2511 3491 2734 3558 quidam
2763 3490 2987 3543 nomine
3015 3488 3339 3551 Zacharias,
3381 3492 3447 3539 de

1866 3588 1985 3638 vice
2012 3587 2171 3647 Allia,
2210 3596 2263 3639 et
2302 3602 2438 3637 uxor
2474 3585 2548 3637 illi
2575 3586 2641 3638 de
2669 3584 2883 3637 liliabus
2918 3588 3121 3647 Aaron,
3151 3593 3203 3637 ct
3246 3598 3444 3636 nomen

1866 3678 2009 3731 iilius
2068 3678 2359 3730 tilisabetlt.
2427 3678 2605 3731 Erant
2660 3692 2851 3731 aurem
2910 3677 3072 3731 ambo
3119 3675 3251 3744 justi
3315 3687 3444 3728 ante

1870 3771 2057 3831 Deum,
2114 3770 2425 3823 incedentes
2478 3772 2533 3822 in
2585 3772 2840 3824 omnibus
2876 3770 3148 3823 mandatis
3194 3779 3247 3823 et
3274 3770 3441 3838 justi-

1869 3864 2217 3917 licationibus
2245 3863 2479 3925 DOntini,
2504 3863 2620 3915 sine
2654 3864 2874 3931 querela
2900 3862 3051 3929 (Luc.
3085 3878 3123 3925 I,
3148 3863 3387 3931 δαίμ).
3416 3880 3435 3913 ι

1865 3958 1920 4011 Si
1958 3973 2118 4009 verus
2163 3955 2256 4007 Dei
2305 3955 2484 4008 cultor
2518 3966 2621 4017 est,
2652 3967 2707 4010 et
2754 3957 3165 4020 immaculatus,
3215 3972 3280 4010 ac
3320 3959 3441 4010 sine

1864 4052 2094 4103 crimine
2134 4066 2146 4101 :
2186 4058 2241 4099 et
2276 4048 2367 4113 qtti
2414 4048 2773 4101 ambulabant
2822 4052 2874 4101 iit
2917 4051 3127 4104 cunctis
3170 4050 3439 4117 justidca-

1866 4142 2109 4194 tionibus
2142 4139 2379 4203 Domini,
2402 4140 2533 4208 justi
2565 4150 2693 4192 sunt
2725 4140 2778 4194 iu
2804 4150 3098 4209 conspectu
3135 4140 3276 4211 ejus,
3305 4152 3438 4212 puto

1863 4234 2005 4300 quod
2044 4242 2267 4299 peccato
2318 4242 2561 4295 careant,
2592 4242 2646 4287 et
2696 4234 2843 4285 nulla
2884 4248 2941 4287 re
2987 4234 3282 4301 indigeant,
3317 4252 3438 4303 quin

1863 4325 1930 4378 ad
1978 4324 2246 4393 justitiam
2296 4326 2552 4393 pertinet.
2602 4325 2668 4377 Α.
2725 4325 3069 4394 Proposuisti
3123 4327 3437 4382 testimonia

1860 4432 1981 4486 qum.
2016 4433 2125 4469 non
2157 4420 2225 4470 de
2266 4416 2494 4472 alterius
2547 4415 2843 4485 Scriptura:
2894 4420 3036 4484 loco,
3086 4420 3181 4474 sed
3215 4420 3283 4475 de
3313 4437 3438 4491 pro-

1861 4509 1992 4574 priis
2042 4508 2197 4562 lihris
2246 4508 2493 4562 absoluta
2546 4518 2695 4562 sunt.
2750 4506 2884 4563 Nam
2916 4520 2971 4564 et
3012 4509 3115 4565 Job
3150 4523 3433 4580 postquam

170 4618 345 4668 teros,
378 4617 525 4669 quos
576 4601 630 4653 in
662 4599 831 4654 veteri
877 4597 1224 4651 Testamento
1271 4597 1466 4650 divites
1514 4598 1760 4665 legimus,
1796 4608 1839 4661 ι)
1867 4617 2155 4671 percussus
2180 4612 2264 4657 εει
2292 4603 2446 4671 plaga
2480 4604 2648 4655 multa
2674 4604 2941 4657 adversus
2966 4603 3058 4657 Dei
3080 4607 3432 4667 sententiam.

166 4697 429 4767 exemplo
461 4708 758 4765 prOponas,
792 4691 883 4759 qui
918 4691 1116 4744 divites
1154 4688 1385 4757 ingressi
1423 4700 1554 4742 sunt
1591 4705 1753 4757 regna

166 4796 469 4854 caelorum,
492 4804 617 4843 cum
639 4786 742 4855 ipsi
767 4784 876 4856 [AL
896 4784 1094 4855 ipsius]
1114 4783 1319 4836 divitiis
1338 4782 1403 4835 ad
1425 4782 1562 4835 bona
1596 4792 1754 4835 uten-

165 4900 248 4940 tes
264 4898 465 4955 opera,
488 4881 689 4934 divites
706 4893 831 4932 esse
845 4877 1105 4931 desierint
1134 4891 1150 4943 ;
1207 4876 1315 4925 itno
1331 4890 1452 4928 cum
1484 4890 1591 4927 non
1625 4875 1751 4933 sibi.

165 4986 261 5034 sed
288 4978 419 5030 aliis
438 4974 640 5029 divites
659 4970 883 5029 fuerint,
902 4976 956 5021 et
978 4969 1384 5035 dispensatores
1432 4966 1602 5033 magis
1635 4965 1751 5025 Dei,

162 5087 333 5142 quam
367 5069 570 5122 divites
600 5064 906 5133 appellandi
937 5063 1066 5116 sint.
1088 5060 1192 5114 Sed
1229 5060 1388 5113 nobis
1438 5061 1749 5124 evangelica

161 5163 440 5234 perfectio
462 5158 792 5228 requirenda
809 5165 911 5218 est,
946 5154 999 5208 in
1030 5170 1134 5221 qua
1156 5153 1468 5221 praecipitur
1497 5169 1509 5204 :
1545 5170 1562 5201 ι
1588 5151 1643 5203 Si
1674 5153 1752 5205 vis

158 5260 451 5325 perlectus
472 5264 618 5313 esse,
638 5248 773 5301 vade
788 5256 840 5301 et
863 5246 1033 5299 vende
1050 5247 1229 5297 omnia
1255 5258 1374 5309 quae
1394 5246 1578 5308 habes,
1599 5254 1653 5295 et
1687 5244 1750 5295 da

156 5347 526 5421 pauperibus,
558 5354 613 5395 et
641 5341 783 5404 veni,
803 5353 1030 5407 sequere
1058 5353 1141 5390 me
1172 5336 1393 5401 (Matth.
1428 5351 1540 5399 six,
1571 5335 1684 5404 2t).
1725 5353 1743 5386 ι

228 5441 320 5494 ιι.
352 5435 653 5501 Respondet
680 5432 961 5500 objectioui
993 5444 1057 5482 ex
1094 5429 1303 5481 Domini
1337 5429 1615 5480 sententia.
1655 5428 1751 5478 Di-

157 5536 259 5586 ιιὶι
312 5528 564 5596 exempla
598 5527 663 5579 de
700 5524 819 5586 Job.
850 5522 1112 5576 Zucltaria
1158 5531 1206 5573 et
1252 5521 1543 5573 Elioabetlt.
1578 5550 1647 5560 ——
1685 5520 1745 5574 ο,

233 5696 247 5722 ⁸
280 5692 353 5745 lu
392 5689 598 5757 regione
620 5686 879 5757 idtts‘itide.
905 5683 984 5757 ita
1016 5683 1426 5757 l_egttnt_oznnes
1480 5694 1611 5731 mss.
1653 5695 1747 5731 co-

157 5766 316 5818 ditcs
336 5750 677 5829 jusiaLXX.
706 5754 844 5809 Edili
868 5756 993 5808 libri
1024 5754 1157 5806 lnlsu
1178 5750 1284 5804 "iis
1310 5762 1614 5817 posuerunt
1644 5765 1742 5817 pro

156 5828 433 5890 Ausittde.
467 5828 742 5880 Mantua.

230 5908 250 5935 ³
285 5902 518 5968 Its-gina
544 5914 643 5951 nis.
668 5914 789 5951 cum
821 5896 984 5951 veteri
1012 5894 1139 5949 edit.
1165 5902 1218 5946 cl
1245 5892 1503 5957 Victorio,
1526 5893 1735 5958 justum

1861 4711 2163 4764 provocans
2192 4710 2320 4749 eum
2353 4696 2417 4748 ad
2445 4694 2737 4761 judicium,
2784 4695 2993 4750 dixisse
3028 4698 3382 4753 convincitur
3416 4718 3432 4755 ε

1866 4806 1883 4839 ι
1927 4790 2102 4856 Atque
2134 4791 2342 4841 utinam
2372 4787 2451 4841 sic
2480 4788 2823 4853 judicaretur
2863 4788 2944 4842 vir
2978 4802 3102 4841 cum
3141 4791 3267 4856 Deo,
3299 4808 3435 4861 quo-

1860 4880 2023 4932 modo
2072 4879 2352 4948 judicatur
2408 4878 2551 4933 filius
2613 4880 2847 4933 hominis
2903 4894 3026 4932 cum
3083 4881 3286 4951 collega
3329 4899 3433 4936 suo

1857 4970 1979 5041 (Job
2030 4988 2139 5035 XVI,
2186 4969 2310 5041 ’22)!
2353 4990 2369 5022 ι
2412 4971 2478 5025 Et
2521 4972 2714 5025 iterum
2749 4987 2763 5024 :
2795 4989 2812 5022 ι
2851 4971 2982 5036 Quis
3053 4973 3187 5027 mihi
3228 4977 3434 5032 tribuat

1856 5068 2184 5128 auditorem,
2212 5076 2270 5118 ut
2290 5066 2616 5119 desiderium
2644 5082 2821 5120 meum
2849 5070 3199 5136 omnipotens
3221 5072 3430 5137 audiat,

1855 5168 1909 5209 et
1937 5157 2130 5208 librum
2164 5158 2368 5210 scribat
2393 5158 2507 5225 ipse
2529 5157 2620 5224 qui
2648 5158 2859 5223 judieat
2884 5157 3007 5225 (Job
3058 5177 3206 5224 sui,
3237 5154 3370 5232 55)?
3408 5182 3427 5214 ι

1856 5249 1921 5301 Et
1976 5264 2193 5301 rursum
2242 5267 2312 5303 ε(
2352 5248 2409 5302 Si
2467 5250 2613 5303 enim
2673 5249 2827 5304 fuero
2860 5251 3065 5319 justus,
3125 5268 3189 5307 os
3246 5271 3431 5311 meum

1858 5342 2020 5409 impia
2056 5342 2330 5409 loquetur,
2358 5350 2411 5396 et
2440 5342 2482 5395 si
2512 5344 2719 5411 absque
2754 5344 3005 5409 crimine,
3047 5362 3247 5413 pravus
3280 5350 3431 5405 inve-

1856 5436 1971 5487 ttiar
2008 5451 2021 5488 :
2058 5444 2109 5487 ct
2141 5437 2185 5488 si
2223 5434 2539 5504 purificatus
2568 5436 2687 5489 nive
2713 5445 2766 5489 et
2803 5438 2948 5492 lotus
2985 5439 3257 5501 manibus,
3296 5443 3430 5496 satis

1855 5543 1939 5581 me
1974 5528 2135 5581 sorde
2179 5527 2409 5580 tinxisti.
2449 5525 2805 5582 Exsecratum
2845 5540 2929 5583 est
2959 5544 3047 5583 me
3078 5529 3098 5560 ⁸
3133 5533 3429 5584 vestimen-

1855 5701 2025 5736 meunt
2060 5684 2171 5737 sine
2200 5696 2439 5751 peccato.

1924 5755 1943 5785 ⁸
1980 5755 2145 5833 \ietus
2169 5758 2341 5811 editio
2387 5766 2440 5812 et
2465 5756 2746 5822 Erasmus,
2772 5770 2931 5825 quem
2968 5758 3244 5815 Victorius
3264 5762 3427 5815 casti—

1851 5836 1957 5891 gat,
1993 5840 2043 5875 ut
2075 5840 2171 5877 mc.
