4202 6492
730 446 842 515 527

1908 441 1966 498 ς.
2008 434 2314 496 EUSEBH
2355 429 2798 493 HIERONYMI

3887 418 3991 487 5'2‘3

729 573 842 615 tum
893 572 1069 613 meum
1115 555 1238 628 (Job
1291 571 1362 618 ix,
1424 552 1516 617 20,
1565 552 1681 620 2|).
1743 568 1759 602 i
1802 549 1868 604 Et
1915 550 1980 604 de
2036 545 2297 601 Zacharia
2333 557 2371 604 Α
2405 555 2590 595 semen
2621 539 2713 592 Ι)ρὶ
2743 547 2926 592 manet
2955 536 3006 590 in
3040 550 3131 598 eo,
3159 541 3213 589 et
3237 549 3341 587 nou
3374 541 3550 602 potest
3584 547 3833 600 pecearr,
3863 550 3991 602 quia

729 651 994 723 scriptum
1037 659 1121 706 est
1169 647 1337 718 quod.
1372 645 1565 717 angelo
1606 644 1952 699 nativitatem
2009 639 2102 695 lilii
2140 638 2302 710 polli-

727 755 907 808 cente,
953 743 1150 799 dixerit.
1192 757 1205 796 :
1243 759 1260 792 ι
1300 737 1454 795 Unde
1490 739 1589 794 hoc
1624 737 1828 790 sciam?
1859 737 1972 805 Ego
2004 735 2147 788 cnim
2181 748 2300 786 smn

727 855 914 902 senex,
946 847 997 890 et
1017 851 1152 888 uxor
1178 848 1296 890 mea
1330 833 1596 903 processit
1629 832 1679 882 in
1707 829 1901 882 diebus
1934 828 2048 881 suis
2077 824 2232 896 (Luc.
2261 841 2301 888 ι,

730 930 841 996 18),
883 948 899 981 ι
929 933 999 983 ob
1030 943 1150 998 quae
1177 928 1357 982 statim
1391 926 1608 980 silentio
1634 923 2035 977 condemnatur
2065 939 2078 973 ε
2116 939 2133 970 ι
2176 917 2299 971 Eris

728 1039 917 1078 tacens
958 1037 1011 1078 et
1050 1022 1196 1091 loqui
1245 1035 1348 1072 non
1394 1016 1598 1086 poteris
1658 1031 1833 1083 usque
1891 1014 1955 1065 ad
2003 1012 2143 1066 diem
2194 1028 2302 1080 quo

731 1123 854 1171 lieni
915 1120 1048 1182 haec,
1101 1115 1225 1184 quia
1293 1127 1399 1166 llOtI
1449 1109 1732 1164 credidisti
1783 1108 1957 1160 verbis
2015 1104 2149 1158 meis
2184 1120 2303 1173 quae

731 1212 1106 1280 implebuntur
1145 1209 1198 1262 in
1239 1215 1484 1277 tempore
1530 1221 1628 1258 suo
1658 1201 1821 1273 (ibid.
1868 1201 1981 1266 20).
2027 1219 2044 1250 i
2087 1200 2160 1253 Ex
2198 1215 2306 1268 quo

732 1303 1076 1370 perspicuum
1107 1307 1211 1363 est,
1236 1298 1412 1366 justos
1438 1298 1653 1366 quidem
1681 1307 1733 1349 et
1756 1293 2135 1347 iiuinaculatos
2165 1294 2266 1343 «ιιι-ι
2293 1311 2304 1350 ;

733 1396 823 1448 sed
858 1395 901 1448 si
933 1394 1257 1463 negligentia
1303 1392 1667 1458 subrepserit,
1704 1403 1864 1458 posse
1913 1385 2224 1447 concidere,
2253 1394 2306 1436 et

732 1507 948 1559 semper
987 1490 1260 1542 hominem
1303 1491 1356 1538 in
1406 1485 1708 1537 meditullio
1761 1483 2022 1549 positmn,
2061 1491 2116 1532 ut
2147 1491 2199 1532 et
2239 1481 2306 1529 de

734 1580 995 1631 virtutum
1051 1577 1286 1630 culmine
1319 1574 1382 1627 ad
1437 1575 1566 1627 vitia
1627 1573 1931 1636 delabatur,
1973 1582 2026 1624 et
2059 1573 2125 1624 de
2161 1568 2305 1622 vitiis

734 1673 994 1725 ascendat
1035 1669 1098 1722 ad
1138 1668 1430 1730 sublimia;
1461 1675 1516 1719 et
1572 1679 1848 1734 nunquam
1889 1677 2012 1716 eum
2053 1676 2173 1717 esse
2219 1676 2304 1715 se-

733 1779 945 1825 curum,
987 1762 1080 1816 sed
1114 1776 1330 1829 semper
1360 1757 1520 1829 705
1555 1768 1797 1810 metuere
1827 1756 1876 1807 in
1913 1755 2307 1824 tranquillitate

740 1856 1085 1922 naufragium
1133 1869 1249 1908 :ac
1285 1867 1379 1921 per
1431 1855 1532 1905 hoc
1584 1849 1857 1902 hominem
1910 1848 2030 1902 sine
2087 1855 2310 1916 peccato

738 1965 857 2004 esse
907 1965 1012 1999 non
1069 1961 1250 2015 posse.
1297 1943 1515 1997 dicente
1566 1942 1862 1995 Salomone
1907 1955 1921 1991 :
1985 1957 2004 1990 ι
2059 1937 2177 1993 Non
2227 1949 2312 1992 est

744 2043 908 2093 homo
948 2037 1129 2106 justus
1166 2048 1331 2101 super
1381 2041 1604 2095 terram,
1649 2031 1740 2101 qui
1790 2029 1954 2084 faciat
2003 2029 2229 2094 bonum,
2261 2039 2315 2084 et

745 2147 851 2183 nou
889 2139 1072 2199 peccet
1102 2127 1302 2192 (Eccle.
1348 2142 1444 2187 vit,
1477 2127 1570 2194 ξι)
1601 2142 1616 2190 ;
1657 2145 1674 2176 i
1711 2137 1765 2179 et
1796 2125 1988 2180 eodem
2018 2126 2070 2178 iii
2107 2123 2313 2193 Regum

746 2225 880 2276 lihro
914 2239 927 2274 :
967 2239 987 2274 ι
1028 2221 1213 2289 Neque
1267 2221 1412 2273 enim
1464 2227 1547 2272 est
1602 2220 1765 2271 homo
1817 2219 1909 2287 qui
1963 2232 2070 2272 non
2131 2227 2317 2286 peccet

744 2317 864 2388 (Ill
895 2317 1020 2386 Reg.
1051 2334 1166 2378 \'lll,
1191 2316 1302 2383 46).
1350 2334 1367 2366 ι
1396 2315 1471 2368 Ac
1502 2315 1659 2370 beato
1692 2315 1860 2370 David
1891 2334 1906 2372 :
1933 2315 2166 2370 (Delicta
2193 2318 2316 2383 quis

742 2408 1032 2478 intelligit?
1061 2410 1128 2458 ab
1164 2408 1338 2460 oculis
1371 2405 1508 2459 meis
1539 2405 1738 2460 munda
1771 2423 1857 2460 me
1890 2407 1906 2439 ¹
1937 2417 1991 2460 et
2023 2408 2092 2461 ab
2123 2407 2313 2463 alienis

742 2517 900 2571 parce
921 2514 1078 2555 servo
1106 2507 1198 2552 tuo
1236 2497 1411 2566 (Psal.
1442 2499 1730 2564 xvttt,13).
1779 2516 1800 2548 ι
1839 2499 1901 2552 Ει
1925 2501 2119 2554 iterum
2153 2519 2166 2554 :
2210 2501 2317 2557 «Ne

742 2603 913 2648 intres
934 2594 985 2646 iu
1017 2592 1280 2660 judicium
1307 2605 1431 2644 cum
1459 2606 1619 2644 servo
1645 2600 1762 2655 tuo,
1788 2591 1911 2658 quia
1933 2607 2038 2644 non
2059 2591 2319 2660 justifiCa.

744 2683 954 2737 biturin
972 2691 1259 2750 conspectu
1295 2693 1387 2733 tuo
1409 2680 1587 2732 omnis
1605 2679 1789 2732 vivens
1807 2680 1975 2748 (Psal.
2009 2696 2175 2748 chii,
2201 2682 2312 2752 ἢ.»

744 2778 808 2831 lit
840 2775 1005 2828 multa
1037 2774 1138 2827 alia
1165 2773 1364 2841 quibus
1390 2772 1689 2840 Scriptura:
1741 2781 1943 2826 sancta:
1967 2773 2138 2842 plenae
2167 2786 2317 2832 sunt.

811 2867 902 2921 13.
933 2866 1181 2932 Explodit
1235 2875 1605 2934 argumentum
1639 2879 1703 2916 ea:
1751 2863 2036 2934 Evangelia
2068 2865 2318 2919 Joannis.

743 2959 896 3014 ——C.
935 2959 1076 3026 Quid
1136 2973 1265 3026 ergo
1317 2957 1678 3025 respondebis
1733 2958 1798 3011 ad
1839 2956 1966 3010 illud
2007 2961 2312 3026 exemplum

745 3052 887 3120 quod
923 3051 1074 3119 ponit
1132 3048 1464 3119 evangelista
1519 3046 1811 3102 Joannes:
1858 3065 1876 3099 i
1908 3047 2126 3102 Scimus
2173 3051 2315 3116 quod

744 3145 928 3198 omnis
974 3144 1066 3212 qui
1104 3153 1264 3195 natus
1300 3149 1471 3195 estex
1509 3141 1646 3205 Deo,
1681 3155 1791 3192 non
1844 3150 2064 3209 peccat;
2106 3139 2202 3193 sed
2228 3155 2317 3207 ge-

2404 649 2466 686 cv
2540 631 2648 683 lico
2709 642 2867 684 natus
2917 637 3023 682 est.
3077 626 3181 682 Sed
3241 627 3367 695 quia
3422 628 3473 679 in
3528 642 3657 695 agro
3695 626 3992 678 Douiiniro

2405 725 2613 795 (.llatth.
2648 739 2767 786 xui,
2807 723 2921 790 9.5).
2957 720 3263 776 dormiente
3342 718 3644 787 patrefaniil
3670 734 3752 781 as,
3813 718 3998 770 inimi-

2405 837 2501 874 cus
2537 821 2699 871 homo
2725 818 2933 871 zizania
2968 815 3392 883 superseniinal.
3430 823 3483 864 et
3519 812 3794 865 frumento
3819 811 3989 869 bono.

2405 913 2532 966 diiiii
2568 913 2873 977 nescimus,
2902 910 3090 964 lolium
3127 921 3438 974 avenisque
3466 905 3684 959 steriles
3721 915 3874 957 sator
3897 915 3986 954 uo-

2405 1015 2634 1058 ctnrnus
2683 1003 2960 1057 interserit
3003 1018 3016 1054 :
3057 1000 3176 1053 ideo
3235 999 3489 1068 parabola
3541 997 3649 1050 iSIa
3678 994 3986 1062 evangelici

2409 1099 2822 1170 patiisfamilias
2872 1094 3223 1150 formidanda
3255 1102 3374 1157 est;
3413 1093 3505 1160 qui
3541 1100 3735 1160 purgat
3774 1104 3992 1149 aream.

2405 1207 2458 1246 ιιι
2491 1196 2765 1248 frumento
2809 1193 2971 1262 706
3001 1193 3214 1245 horreis
3261 1190 3503 1248 condito.
3554 1188 3740 1254 paleas
3803 1195 3994 1237 vento-

2410 1303 2525 1337 rum
2561 1285 2779 1339 flatibus
2809 1284 3202 1356 dispergendas
3231 1293 3286 1336 et
3321 1280 3556 1335 urcndas
3621 1279 3845 1348 ignibus
3903 1279 3996 1330 de—

2416 1380 2692 1445 relinquit.
2729 1376 2880 1432 Unde
2935 1389 2989 1431 ct
3036 1379 3088 1429 in
3118 1375 3352 1431 Jereniia
3395 1377 3656 1440 scriptum
3709 1373 3943 1441 legimus
3981 1389 3992 1423 :

2419 1490 2436 1522 ι
2481 1470 2622 1535 Quid
2681 1471 2848 1538 paleis
2903 1470 2969 1524 ad
3005 1473 3361 1532 frumentum,
3425 1467 3558 1520 dicit
3597 1465 3860 1518 Dominus
3889 1459 3995 1529 (Je-

2426 1579 2556 1618 rem.
2587 1580 2742 1626 niti,
2789 1564 2881 1627 28)
2906 1567 2928 1617 ?
2953 1583 2972 1616 ι
3013 1563 3181 1617 l’aleae
3215 1575 3392 1615 autem
3422 1575 3448 1612 a
3486 1559 3756 1612 frmnento
3790 1555 3847 1610 in
3869 1569 3998 1611 con-

2425 1657 2792 1709 summatione
2837 1658 3021 1711 szeculi
3053 1667 3393 1725 separantur.
3436 1653 3510 1708 Ex
3567 1667 3675 1720 quo
3728 1652 3998 1716 approba-

2419 1759 2537 1814 tur,
2564 1749 2691 1801 dum
2723 1764 2910 1803 sumus
2964 1750 3016 1802 in
3071 1764 3299 1817 corpore
3333 1750 3435 1802 isto
3481 1744 3938 1810 mortali,mistos
3981 1745 3998 1771 ²

2420 1859 2541 1897 esse
2568 1857 2691 1896 cum
2727 1843 2930 1896 tritico.
2963 1841 3118 1907 Quod
3142 1842 3185 1896 si
3211 1843 3537 1911 apposueris
3564 1855 3733 1910 quare
3758 1839 3959 1893 dixerit
3983 1855 3995 1888 :

2422 1951 2440 1984 ι
2474 1935 2539 1989 Et
2569 1949 2675 1988 non
2715 1943 2892 2003 potest
2915 1950 3159 2004 peccare,
3197 1937 3320 2003 quia
3354 1949 3420 1988 ex
3448 1934 3556 1987 Dco
3587 1941 3750 1985 natus
3793 1939 3879 1985 est
3907 1945 3922 1993 ;
3976 1947 3991 1976 ι

2418 2029 2632 2093 audies,
2678 2037 2732 2082 et
2760 2029 2849 2080 tibi
2900 2029 3000 2082 erit
3038 2030 3320 2097 praemium
3347 2025 3684 2081 voluntatis?
3739 2024 3798 2077 Si
3851 2024 3998 2076 enim

2421 2123 2538 2177 ideo
2563 2119 2670 2175 non
2703 2130 2912 2190 peccat,
2957 2122 3084 2190 quia
3126 2137 3358 2190 peccare
3394 2136 3504 2174 non
3541 2129 3740 2189 potest,
3768 2118 3999 2172 liberum

2421 2217 2641 2271 tolletur
2694 2215 3008 2278 arbitrium,
3063 2225 3116 2268 ct
3185 2229 3529 2282 nequaquam
3603 2222 3849 2266 nostrum
3891 2210 4002 2272 fiet.

2429 2311 2522 2365 sed
2553 2318 2763 2363 natura:
2787 2310 3009 2370 bonum,
3043 2323 3162 2374 qua:
3198 2319 3418 2376 peccata
3449 2322 3554 2360 non
3589 2308 3788 2374 rapiet.

2494 2400 2579 2454 H.
2615 2398 2733 2451 Duo
2772 2399 2883 2451 alia
2913 2415 2976 2452 ex
3022 2396 3193 2452 Veteri
3245 2413 3307 2450 ac
3353 2397 3499 2451 Nora
3553 2397 3902 2450 Testamento.
3936 2422 4004 2431 —

2422 2491 2482 2547 C.
2513 2491 2722 2546 Dudum
2753 2491 3000 2546 faciliora
3024 2492 3304 2561 prOposui,
3334 2501 3393 2545 ut
3426 2500 3476 2543 to
3505 2489 3572 2543 ad
3596 2490 3802 2558 majora
3836 2503 4000 2542 exer-

2421 2598 2626 2640 cerem.
2660 2584 2800 2648 Quid
2835 2584 2900 2637 ad
2962 2583 3095 2636 illud
3126 2582 3310 2636 dicere
3363 2591 3537 2651 potes,
3573 2582 3716 2648 quod
3745 2579 4006 2648 quamvis

2422 2678 2498 2732 sis
2529 2677 2870 2747 ingeniosus.
2899 2675 3044 2731 nulla
3100 2675 3304 2729 valebis
3346 2685 3462 2729 arte
3492 2674 3854 2728 subvertere?
3886 2671 4005 2724 ιπη-

2426 2787 2569 2824 mmn
2605 2785 2798 2837 ponam
2826 2772 2894 2823 de
2929 2770 3096 2824 veteri
3123 2768 3488 2832 Teatatuento,
3513 2766 3709 2821 deinde
3732 2767 3803 2820 de
3838 2780 4001 2819 novo.

2425 2865 2637 2918 Veteris
2657 2863 2989 2917 Testamenti
3009 2863 3260 2932 princeps
3283 2861 3488 2932 Moyses
3508 2874 3620 2926 eSt;
3652 2861 3802 2921 novi,
3826 2859 4008 2912 Domi-

2423 2970 2523 3010 nus
2554 2970 2715 3024 atque
2753 2954 3025 3007 Salvator.
3063 2954 3268 3024 Moyses
3295 2954 3535 3022 loquitur
3583 2951 3647 3005 ad
3682 2953 3945 3021 populum
3989 2965 4005 3007 :

2428 3069 2445 3099 ι
2485 3048 2712 3102 Perfecti
2754 3057 2925 3102 estote
2957 3047 3012 3102 in
3066 3057 3361 3116 coospectu
3413 3045 3627 3099 Domini
3681 3045 3776 3098 Dei
3834 3045 4002 3098 vestri

2427 3139 2604 3210 (Deut.
2655 3155 2809 3203 xvni,
2869 3141 2979 3209 15).
3045 3158 3062 3190 ι
3117 3137 3180 3192 Et
3235 3139 3486 3192 Salvator
3539 3138 3607 3191 ad
3677 3137 4006 3207 apostolos:

748 3240 956 3291 neiatio
989 3237 1076 3290 Dei
1111 3247 1395 3291 conservat
1425 3250 1573 3297 eum,
1609 3243 1663 3286 et
1694 3234 1965 3303 malignus
1991 3250 2097 3287 non
2144 3237 2318 3303 tangit
2348 3266 2391 3322 ο
2431 3248 2449 3280 ι
2489 3231 2671 3285 Estote
2705 3229 2928 3298 perfecti
2965 3232 3105 3286 sicut
3156 3231 3314 3286 Pater
3370 3241 3552 3284 vester
3606 3230 3851 3283 cmlestis
3883 3245 4008 3298 per.

753 3330 929 3385 eam?
979 3328 1196 3382 Scimus
1229 3327 1484 3397 quoniam
1525 3342 1589 3380 ex
1625 3325 1732 3379 Deo
1754 3341 1969 3391 smnus,
2003 3337 2056 3380 et
2087 3330 2320 3380 mundus

753 3432 900 3475 totus
930 3423 983 3474 in
1034 3421 1271 3488 maligno
1301 3418 1513 3488 positus
1542 3427 1626 3471 est
1648 3418 1694 3486 (1
1723 3417 1886 3471 .Ioatt.
1921 3435 1977 3481 ν.
2019 3419 2112 3481 18,
2146 3420 2255 3485 i9).
2296 3437 2314 3471 ι

753 3515 817 3568 .~l.
856 3511 959 3565 Par
1000 3513 1112 3581 pari
1147 3510 1402 3572 referam,
1430 3518 1484 3563 et
1515 3525 1734 3578 parvam
1786 3513 2139 3581 evangelista
2191 3513 2324 3583 Epi-

759 3605 978 3665 stolain,
1035 3602 1334 3656 secundum
1373 3617 1597 3656 sensum
1638 3612 1791 3657 tuum
1821 3606 2028 3659 docebo
2058 3607 2161 3659 sibi
2199 3623 2322 3660 esse

751 3697 1101 3751 contrariam.
1137 3694 1193 3748 Si
1226 3694 1372 3748 enim
1401 3695 1582 3748 omnis
1607 3698 1697 3764 qui
1737 3709 1896 3750 natus
1949 3709 2033 3752 est
2081 3714 2144 3751 ex
2185 3700 2319 3760 Deo,

753 3793 1036 3853 peccatum
1095 3799 1203 3837 non
1256 3783 1385 3839 facit
1419 3801 1432 3838 :
1473 3787 1731 3854 quoniam
1759 3802 1942 3841 semen
1985 3789 2103 3858 ejns
2134 3802 2319 3844 manet

756 3880 807 3928 in
836 3892 922 3939 eo,
953 3883 1010 3930 et
1033 3889 1141 3928 non
1165 3884 1342 3942 potest
1363 3890 1611 3944 peccare.
1643 3877 1767 3944 Quia
1797 3891 1860 3930 ex
1887 3877 1996 3931 Deo
2029 3892 2191 3933 natus
2221 3890 2325 3942 est,

754 3983 859 4036 qua
903 3966 1293 4035 consequentia
1347 3965 1488 4018 idem
1535 3964 1586 4016 in
1623 3965 1812 4018 eodem
1852 3965 1972 4020 loco
2029 3968 2271 4036 loquitur
2309 3985 2324 4024 :

763 4079 780 4108 ι
823 4058 880 4114 Si
910 4058 1210 4111 dixerimus
1255 4056 1512 4125 quoniam
1558 4067 1845 4125 peccatum
1880 4075 1986 4110 non
2037 4059 2324 4126 habemus,

756 4149 856 4214 ipsi
887 4162 986 4199 nos
1027 4146 1360 4210 scducimus,
1397 4154 1454 4199 et
1490 4148 1692 4200 veritas
1751 4147 1804 4200 in
1867 4149 2025 4204 nobis
2082 4164 2188 4203 non
2245 4161 2330 4205 est

757 4237 803 4304 (Ι
831 4234 990 4288 Joau.
1033 4253 1070 4297 i,
1102 4233 1191 4301 8)?
1222 4253 1240 4286 ι
1276 4235 1497 4303 Ignoras
1554 4237 1847 4300 rationem,
1887 4238 2109 4293 haesitas
2167 4248 2329 4308 atque

761 4329 1018 4382 turbaris.
1050 4327 1189 4380 Audi
1221 4328 1471 4380 emndeui
1528 4329 1913 4397 evangelistam
1951 4347 1963 4382 :
2001 4349 2019 4381 ‹
2071 4330 2126 4385 Si
2162 4334 2328 4386 confi-

759 4427 970 4470 teantur
1001 4425 1216 4486 peccata
1244 4425 1461 4478 nostra,
1484 4415 1656 4470 ﬁdelis
1674 4418 1917 4487 etjustus
1950 4427 2053 4484 est,
2079 4427 2133 4472 ut
2151 4421 2330 4473 dimit-

760 4518 835 4560 tat
862 4509 1019 4561 nobis
1070 4517 1291 4576 peccata
1319 4518 1532 4570 nostra,
1559 4519 1612 4560 ct
1653 4511 1878 4562 inundet
1944 4526 2044 4564 nos
2073 4513 2141 4566 ab
2180 4515 2328 4567 omni

2432 3323 2604 3376 fectus
2634 3335 2718 3375 est
2750 3321 2969 3392 (Matth.
3013 3339 3068 3381 ν,
3106 3323 3222 3392 48).
3259 3341 3275 3372 i
3333 3323 3440 3377 Aut
3465 3323 3608 3376 enim
3638 3322 3899 3390 possibile
3927 3331 4012 3375 est

2432 3416 2778 3470 audientibus
2809 3417 2989 3469 facere
3030 3416 3171 3484 quod
3232 3415 3446 3484 Moyses
3475 3425 3529 3468 et
3563 3415 3830 3468 Dominus
3872 3429 4011 3483 pra:-

2433 3517 2696 3577 cepcrunt
2733 3525 2746 3561 :
2785 3516 2878 3561 aut
2909 3509 2949 3560 si
2983 3507 3321 3576 impossibile
3349 3517 3452 3570 est,
3492 3524 3596 3560 non
3629 3517 3713 3562 est
3739 3507 3900 3575 culpa
3925 3523 4014 3560 eo-

2434 3617 2554 3657 rum
2579 3603 2669 3670 qui
2699 3601 2918 3656 obedirc
2949 3617 3055 3654 non
3100 3610 3346 3667 possunt,
3377 3602 3472 3655 sed
3507 3601 3623 3667 ejus
3646 3602 3738 3669 qui
3808 3603 4013 3668 impos-

2434 3695 2613 3748 sibilia
2648 3695 2929 3763 przecepit.
2962 3697 3037 3748 A.
3096 3695 3195 3748 llic
3226 3694 3376 3748 locus
3405 3697 3545 3763 apud
3601 3695 3912 3762 imperitos.
3964 3703 4014 3743 et

2437 3789 2842 3857 Scripturarum
2900 3802 3210 3843 sanctarum
3269 3790 3704 3853 meditationem,
3737 3805 4013 3857 usumque

2435 3890 2488 3934 et
2541 3882 2824 3933 scientiam
2879 3895 2982 3933 non
3018 3881 3298 3942 habentes,
3356 3879 3569 3933 videtur
3599 3881 3847 3948 opinioni
3908 3893 4015 3935 tua:

2439 3974 2613 4041 prima
2659 3973 2837 4026 fronte
2882 3972 3137 4024 blanditi.
3174 3974 3438 4025 Caeterum
3510 3974 3798 4026 discussus
3853 3976 4010 4029 facile

2439 4065 2687 4117 solvitur.
2752 4061 2981 4116 Etcum
3049 4063 3358 4116 tesaimonia
3421 4062 3833 4128 Scripturaruui
3889 4067 4013 4116 alii.-

2438 4155 2842 4222 comparaveris
2879 4153 3225 4216 testimoniis,
3264 4168 3330 4206 ne
3359 4154 3461 4207 sibi
3497 4154 3735 4220 Spiritus
3779 4167 4012 4210 saueius

2438 4258 2535 4306 pro
2574 4244 2835 4312 qualitate
2877 4245 3123 4298 locorum
3154 4255 3208 4298 et
3247 4255 3553 4310 temporum
3596 4245 3850 4300 videatur
3885 4263 4012 4302 esse

2437 4336 2776 4400 contrarius,
2829 4337 3127 4389 secundum
3183 4335 3313 4390 illud
3359 4338 3501 4404 quod
3563 4339 3830 4406 scriptum
3880 4353 4010 4395 est:

2442 4444 2461 4478 ι
2501 4426 2742 4496 Abyssus
2789 4427 3046 4496 abyssum
3080 4427 3298 4479 invocat
3352 4431 3406 4480 in
3433 4442 3565 4482 voce
3597 4440 4008 4486 cataractarum

2441 4532 2652 4574 tuarum
2678 4518 2855 4588 (Psat’.
2883 4535 2990 4582 xu,
3016 4521 3096 4586 8),
3125 4537 3144 4570 ι
3184 4531 3310 4575 tunc
3341 4524 3541 4576 veritas
3571 4524 3880 4593 apparebit,
3910 4528 4013 4583 hoc

762 4599 1047 4667 iniquitate
1109 4598 1267 4666 (Ibid.
1341 4597 1416 4664 9).
1470 4616 1489 4648 ι
1541 4598 1696 4652 Tunc
1756 4615 1887 4665 ergo
1931 4602 2062 4668 justi
2113 4618 2322 4666 sumus.
2358 4618 2549 4679 Dcsl,
2607 4607 2882 4662 Christum
2956 4608 3235 4677 possibilia
3298 4610 3622 4679 praecepisse
3683 4613 4017 4668 dicentem:

759 4690 977 4756 quando
1017 4704 1116 4740 nos
1151 4697 1464 4754 peccatores
1500 4687 1758 4753 fatemur,
1801 4702 1855 4744 et
1900 4693 2110 4760 justiiia
2141 4706 2329 4748 nostra

762 4797 866 4832 non
900 4794 961 4832 ex
995 4793 1213 4847 proprio
1265 4778 1482 4843 merito,
1516 4779 1610 4831 scd
1640 4795 1702 4833 ex
1749 4781 1840 4834 Dei
1883 4785 2140 4837 consistit
2169 4800 2330 4839 mise-

761 4868 1017 4928 ricordia,
1055 4867 1272 4919 dicente
1306 4876 1491 4919 sancta
1521 4867 1803 4936 Scriptura
1834 4887 1846 4921 :
1894 4886 1911 4920 ι
1940 4868 2136 4926 Justus
2163 4887 2328 4926 accu-

763 4971 910 5012 sator
969 4957 1055 5010 sui
1090 4968 1174 5011 cst
1211 4960 1265 5009 in
1298 4958 1568 5028 principio
1618 4962 1894 5016 sermonis
1933 4963 2117 5031 (Prov.
2179 4982 2330 5034 svnt,

765 5051 851 5116 17)
882 5067 895 5114 ;
930 5069 944 5096 ›
982 5058 1037 5102 et
1067 5049 1118 5101 in
1143 5050 1247 5101 alio
1277 5052 1435 5104 loco:
1474 5069 1491 5101 ι
1515 5053 1608 5105 Dic
1633 5062 1685 5106 tu
1709 5066 1925 5122 peccata
1958 5069 2071 5124 tua,
2108 5060 2335 5128 utjttsti-

768 5142 940 5195 ficeris
969 5139 1104 5206 (lsa.
1143 5157 1289 5204 xuii,
1323 5142 1412 5203 9.6,
1436 5161 1537 5196 sec.
1558 5144 1747 5210 LXX).
1775 5165 1791 5196 ›
1837 5167 1852 5196 ι
1882 5148 2159 5204 Conclusit
2188 5154 2333 5208 enim

769 5231 905 5282 Deus
940 5233 1116 5282 omnia
1167 5231 1266 5284 sub
1297 5244 1539 5298 peccato,
1580 5244 1636 5287 ut
1701 5236 1954 5291 omnibus
2010 5239 2336 5295 misereatur

766 5322 942 5388 (Rom.
967 5338 1041 5383 si,
1070 5322 1179 5393 32).
1221 5342 1238 5372 ι
1271 5323 1334 5374 Et
1355 5325 1465 5378 haec
1489 5326 1718 5381 hominis
1751 5344 1961 5382 summa
1990 5341 2070 5384 est
2097 5333 2330 5400 justitia,

767 5412 1030 5482 quidquid
1088 5414 1320 5480 potuerit
1402 5415 1600 5470 habere
1651 5418 1900 5484 virtutis,
1989 5437 2094 5474 non
2171 5439 2331 5478 suum

768 5514 957 5571 putare
1011 5517 1157 5565 esse,
1197 5505 1289 5557 sed
1351 5505 1563 5559 Domini
1628 5506 1720 5574 qui
1771 5508 1999 5578 largitus
2060 5523 2162 5566 est.
2229 5518 2331 5580 Qui

769 5611 896 5666 ergo
951 5609 1104 5649 natus
1154 5611 1237 5648 est
1282 5612 1345 5650 ex
1407 5596 1553 5660 Deo.
1631 5615 1736 5652 non
1808 5613 2015 5668 peccat,
2092 5610 2331 5674 quandiu

844 5804 857 5830 ί
891 5803 943 5852 In
991 5803 1254 5870 plerisque
1307 5804 1454 5858 libris
1481 5805 1696 5860 additur
1729 5806 1969 5877 Domine,
2008 5813 2230 5870 Hebraeo
2287 5826 2340 5871 ct

773 5889 809 5925 tu
822 5890 955 5924 Leito
990 5889 1069 5925 tes
1082 5888 1090 5922 Ι
1103 5891 1132 5924 υ
1168 5885 1442 5928 ιἰτιιυριιιο.

2437 4720 2455 4752 i
2504 4701 2690 4754 Estote
2721 4698 2950 4768 perfecti
2983 4700 3130 4753 sicut
3180 4699 3340 4754 Pater
3367 4709 3546 4753 vester
3570 4701 3809 4757 caelestis
3843 4711 4019 4774 perle-

2429 4803 2548 4845 ctus
2574 4802 2690 4858 est;
2717 4810 2735 4842 ι
2759 4799 2813 4843 rt
2843 4799 3033 4844 tamen
3076 4792 3351 4860 apostolos
3383 4807 3486 4845 non
3518 4794 3691 4848 fuisse
3717 4798 4016 4864 perfectos.

2430 4879 2494 4934 C.
2553 4879 2668 4934 Non
2730 4881 2852 4935 dico
2922 4883 3050 4950 quid
3107 4883 3336 4950 apostoli
3404 4882 3627 4937 fecerint
3662 4925 3678 4950 ,
3744 4887 3842 4942 sed
3882 4893 4019 4959 quid

2431 4973 2682 5027 Christus
2717 4977 3054 5041 praeceperit.
3087 4972 3274 5042 Neque
3299 4978 3446 5028 enim
3487 4978 3645 5045 culpa
3676 4980 4009 5048 imperantis

2441 5073 2546 5128 cst,
2614 5065 2705 5117 sed
2756 5079 2942 5117 eorum
3006 5065 3097 5134 qui
3167 5067 3460 5119 audierunt
3501 5068 3815 5136 imperium,
3867 5077 4014 5141 quod

2445 5162 2629 5226 utique
2662 5163 2902 5226 potuisse
2923 5161 3039 5213 ficri
3073 5174 3137 5213 ex
3165 5161 3378 5228 justitia
3409 5161 3527 5231 ejus
3564 5164 3656 5230 qui
3678 5165 4014 5234 imperabat.

2440 5254 2774 5317 agnoscitur.
2816 5253 2880 5304 A.
2907 5253 3161 5306 Pulchre.
3184 5253 3318 5307 Nolo
3345 5269 3474 5323 ergo
3505 5256 3639 5308 mihi
3669 5258 3820 5312 dicas
3845 5275 4013 5328 p0sse

2442 5342 2712 5396 hominem
2754 5345 2870 5398 sine
2899 5356 3116 5413 peccato
3146 5361 3267 5400 esse
3301 5348 3346 5401 si
3375 5349 3501 5401 velit
3530 5365 3548 5413 ;
3576 5349 3672 5402 sed
3706 5365 3872 5418 posse
3909 5356 4012 5408 lio-

2444 5435 2642 5487 minem
2669 5436 2720 5488 id
2747 5451 2866 5490 esse
2898 5439 3041 5504 quod
3073 5438 3302 5506 apostoli
3335 5438 3492 5507 707
3528 5455 3636 5493 non
3662 5443 3912 5498 fuerunt.
3950 5447 4012 5500 C.

2444 5524 2577 5578 Tam
2611 5527 2839 5580 stultum
2898 5543 2982 5581 me
3018 5538 3196 5597 putas,
3233 5540 3291 5582 ut
3338 5533 3566 5585 audeam
3595 5532 3699 5586 hoc
3729 5533 3922 5602 loqui?
3951 5543 4017 5591 Α.

2445 5615 2596 5670 Licet
2639 5636 2745 5671 non
2809 5622 3095 5688 loquaris,
3147 5633 3324 5677 tamen
3365 5640 3428 5680 es
3485 5627 3853 5693 propositione
3908 5643 4022 5693 tua,

2513 5824 2533 5854 '
2570 5822 2838 5882 Victorius
2870 5830 3052 5883 mistus
3089 5829 3275 5893 voluit,
3304 5831 3507 5886 scilicet
3543 5832 3750 5897 paleas.
