4202 6464
208 417 311 482 513

202 640 306 686 test
335 635 537 687 oculus
571 631 760 689 dicere
793 636 1002 699 manui,
1032 652 1140 690 non
1169 652 1229 690 es
1264 638 1392 692 mihi
1430 642 1785 697 necessaria:

198 737 287 779 aut
323 727 533 781 iterum
575 738 740 794 caput
794 730 1051 799 pedibus,
1112 748 1220 785 non
1275 733 1530 788 desidero
1562 749 1781 803 operam

196 830 463 874 vestram.
494 819 751 891 Nunquid
788 837 981 878 omnes
1016 826 1291 894 apostoli?
1357 828 1605 895 nunquid
1666 843 1787 881 om-

194 930 291 967 nes
320 917 654 986 prophette?
686 919 929 986 nunquid
980 936 1173 976 oumes
1202 922 1490 987 magistri?
1537 924 1787 992 nunquid

202 1024 395 1064 omnes
429 1022 665 1068 cunctas
704 1015 909 1068 habent
964 1016 1243 1070 virtutes?
1292 1017 1538 1087 nunquid
1597 1032 1790 1071 omnes

205 1102 544 1160 donationes
578 1106 783 1161 habent
809 1109 1147 1163 sanitatum?
1171 1111 1421 1179 nunquid
1466 1127 1655 1164 omnes
1686 1111 1791 1162 liu-

198 1198 316 1268 guis
344 1198 657 1267 loquuntur
685 1202 709 1255 ἲ
746 1204 992 1272 nunquid
1019 1218 1213 1257 omnes
1275 1206 1703 1275 interpretantur
1729 1204 1745 1232 ⁸
1773 1204 1795 1255 3

201 1289 577 1347 £utulamini
612 1296 753 1349 dona
794 1297 1024 1365 majora.
1060 1297 1254 1351 Omnia
1284 1308 1464 1352 autem
1505 1298 1620 1351 haec
1664 1312 1792 1366 Ope-

199 1400 351 1442 ratur
385 1405 537 1442 unus
565 1400 730 1460 atque
786 1391 929 1445 idem
986 1392 1225 1460 Spiritus
1255 1433 1269 1457 ,
1317 1393 1566 1446 dividens
1602 1392 1795 1461 singu-

198 1475 285 1535 lis.
318 1480 628 1547 unicuique
664 1489 825 1547 prout
853 1482 967 1534 vult
996 1484 1016 1513 ¹
1057 1479 1110 1548 (1
1141 1480 1267 1537 Cor.
1324 1490 1420 1545 ιιι.
1446 1483 1509 1536 2|
1564 1483 1787 1552 seqq.)-t

198 1566 256 1621 In
298 1584 409 1636 quo
443 1569 747 1641 diligenter
803 1574 1042 1640 attende,
1082 1578 1228 1645 quod
1265 1592 1372 1628 non
1404 1576 1627 1637 dixerit,
1696 1592 1783 1628 se-

200 1660 441 1713 cundum
472 1663 625 1729 quod
662 1666 1089 1734 unumquodque
1126 1668 1431 1720 membrum
1470 1669 1642 1735 cupit,
1698 1668 1791 1721 sed

202 1757 515 1807 secundum
549 1758 695 1825 quod
760 1757 877 1824 ipse
929 1760 1041 1811 vult
1090 1757 1349 1827 Spiritus.
1401 1757 1591 1825 Neque
1646 1759 1789 1811 cuitu

200 1849 383 1903 dicere
414 1858 600 1917 potest
633 1866 726 1905 vas
753 1852 917 1921 ligulo
948 1866 1049 1904 suo
1084 1850 1300 1916 :Quarc
1348 1853 1421 1905 ita
1454 1852 1535 1905 vel
1586 1852 1657 1905 ita
1706 1867 1793 1906 me

1003 425 1393 487 DIAIDGUS
1424 428 1731 489 CONTRA
1766 433 2274 502 PELAGIANOS.
2314 460 2381 473 ····
2424 442 2575 502 LIB.
2616 443 2663 504 Ι.

205 553 319 605 pes,
378 546 580 607 agunt.
620 537 777 593 Unde
818 548 872 596 et
926 542 1229 609 Apostolus
1259 543 1391 599 dicit
1424 563 1437 599 :
1482 562 1500 597 ι
1540 544 1657 599 Νοιι
1692 563 1785 614 po-
1819 570 1863 627 Α

3369 440 3473 505 ωι

1970 554 2056 607 17.
2101 554 2166 610 Id
2209 558 2371 610 etiam
2409 561 2461 611 in
2499 558 2786 613 collatione
2830 568 3167 630 peccatorum
3224 561 3450 631 intelligi

1896 645 2137 710 —Quitl
2202 650 2397 702 mirtttu
2461 651 2512 703 iu
2593 649 2886 704 collatione
2946 660 3284 714 sanctorum,
3337 654 3472 706 alios

1893 755 2015 792 esse
2054 739 2328 803 meliores,
2371 752 2425 794 et
2483 742 2625 796 alios
2680 741 2991 806 inferiores.
3029 759 3152 797 cum
3190 759 3218 798 e
3248 753 3475 798 contra-

1894 835 1975 884 rio
2028 833 2079 885 in
2111 834 2402 887 collatione
2440 846 2794 903 peccatorum
2846 834 2949 888 hoc
2986 836 3213 906 intelligi
3258 836 3475 904 possit?

1893 922 1972 974 Ad
2025 921 2324 977 Jerusalem
2377 925 2621 986 dicitur,
2680 941 2801 995 qum
2882 926 3068 981 multis
3124 939 3471 997 peccatorum

1893 1025 2009 1067 erat
2054 1016 2308 1071 confossa
2348 1018 2711 1072 vulneribus:
2769 1039 2785 1071 ι
2822 1019 3130 1075 Justiticata
3180 1031 3266 1077 est
3304 1024 3475 1078 Sodo-

1897 1120 1980 1158 ma
2010 1121 2075 1160 ex
2112 1117 2161 1161 te
2198 1108 2413 1176 tTltren.
2445 1126 2519 1176 tv,
2555 1110 2651 1178 6);
2684 1129 2701 1160 ι
2753 1128 2858 1166 non
2900 1114 3044 1181 quod
3092 1113 3328 1169 Sodoma
3379 1132 3474 1184 per

1896 1214 1953 1252 se
1981 1199 2126 1268 justa
2160 1202 2250 1265 sit,
2286 1219 2403 1271 qua
2437 1204 2491 1257 in
2528 1213 2766 1259 mternos
2791 1209 3026 1276 collapsa
3060 1209 3276 1265 cineres
3313 1208 3466 1281 (Gen.

1896 1309 2009 1358 xix,
2041 1293 2157 1362 25),
2188 1297 2340 1347 audit
2390 1311 2484 1363 per
2521 1297 2862 1352 Ezechielem
2896 1316 2910 1353 :
2972 1318 2990 1350 ι
3020 1298 3254 1358 Sodoma
3306 1306 3473 1359 resti-

1900 1396 2082 1440 tuetur
2132 1388 2185 1439 in
2242 1388 2529 1455 antiquum
2565 1388 2783 1456 (Ezech.
2823 1407 2934 1455 χνι,
2969 1390 3058 1463 55)
3094 1411 3112 1444 ι
3159 1410 3172 1450 :
3207 1397 3297 1450 sed
3331 1398 3475 1466 quod

1897 1480 2311 1545 comparatione
2376 1478 2755 1535 sceleratioris
2789 1483 3091 1539 Jerusalem
3152 1487 3267 1541 haec
3320 1487 3467 1556 justa

1902 1571 2164 1622 videatur.
2219 1570 2314 1623 Illa
2369 1573 2515 1625 enim
2574 1571 2666 1626 Dei
2728 1574 2921 1629 Filium
2984 1579 3298 1643 trucidavit,
3362 1582 3476 1634 btet:

1900 1673 2117 1731 propter
2154 1665 2545 1719 abundantiam
2594 1667 2615 1697 ⁸
2659 1669 2839 1735 panis,
2873 1679 2926 1723 et
2962 1687 3059 1739 per
3090 1671 3321 1726 luxuria:
3354 1688 3475 1726 ma-

1900 1758 2245 1825 gnitudinem
2283 1761 2521 1813 οκρυεςὶι
2570 1763 2789 1816 ιιιοιΙιιιιι
2836 1763 3101 1818 libidinis.
3142 1764 3476 1820 Publicanus

1899 1848 1953 1902 iu
1990 1850 2283 1919 Evangelia
2314 1850 2465 1918 (Luc.
2502 1868 2661 1917 xvttt,
2697 1855 2807 1920 15),
2846 1856 2939 1925 qui
2985 1857 3329 1925 percutiebat
3384 1873 3477 1923 pe-

200 1940 423 1995 feeisti?
458 1946 578 1995 ιλιι
610 1960 711 1995 non
745 1945 903 1997 habet
929 1945 1120 2013 ligulus
1149 1956 1475 2014 potcs=atem
1506 1945 1572 1999 de
1599 1946 1789 1999 eodem
1824 1932 1871 1991 Β
1900 1953 2045 2006 rtus,
2095 1942 2252 2009 quasi
2291 1944 2607 1997 thesaurum
2651 1948 3047 2014 cogitationum
3084 1950 3472 2017 pessimarum,

202 2036 335 2099 luto,
379 2038 531 2088 aliud
564 2053 659 2091 vas
681 2038 861 2091 facere
885 2041 934 2089 in
960 2040 1243 2100 honorem,
1262 2038 1410 2090 aliud
1437 2038 1490 2091 in
1511 2050 1795 2092 contume-

199 2132 327 2183 liam
358 2129 541 2199 (Rom.
593 2147 667 2191 ις.
699 2131 837 2200 2|)?
866 2150 885 2183 t
932 2130 1087 2185 Unde
1126 2142 1531 2201 consequenter
1575 2133 1798 2197 adjecit,

211 2248 226 2277 ι
254 2226 627 2282 Ξιιιυιειιιὶιιὶ
664 2231 803 2283 dona
849 2229 1145 2299 majora“
1190 2240 1250 2283 ut
1283 2230 1337 2284 iu
1392 2231 1493 2285 fide
1538 2239 1592 2284 et
1644 2232 1799 2283 indu-

208 2325 344 2375 stria
384 2322 514 2390 plus
543 2322 758 2375 czcteris
793 2321 1186 2376 cltristuatibus
1218 2323 1419 2376 habere
1460 2338 1796 2383 mereamur,

208 2415 586 2481 melioresque
639 2415 812 2469 simus
852 2416 939 2469 his
968 2456 983 2481 ,
1035 2414 1127 2484 qui
1176 2416 1589 2482 comparatione
1625 2414 1796 2466 nostri

218 2508 267 2557 in
303 2509 559 2560 secundo
592 2508 674 2560 vel
714 2508 875 2561 tertio
905 2506 1075 2577 gradu
1111 2508 1276 2576 positi
1312 2517 1457 2561 sunt.
1502 2507 1555 2558 In
1607 2522 1797 2559 tuatua

204 2599 370 2652 domo
391 2614 527 2652 vasa
559 2600 777 2652 diversa
808 2609 960 2663 sunt,
997 2600 1101 2652 alia
1130 2615 1297 2654 aurea
1327 2641 1341 2665 ,
1378 2602 1483 2654 alia
1522 2610 1794 2669 argentea,

204 2706 378 2757 λιπες,
425 2688 632 2755 ferrea,
667 2691 978 2759 ligneaque.
1016 2690 1083 2743 Et
1118 2701 1300 2745 tamen
1334 2695 1637 2746 secundum
1676 2709 1792 2744 mo-

212 2784 411 2835 dulum
475 2798 665 2847 suum,
725 2797 848 2836 cum
910 2799 1123 2837 aeneum
1182 2801 1275 2839 vas
1330 2784 1629 2854 perlecutm
1687 2786 1796 2847 sit,

206 2876 629 2945 comparatione
681 2876 923 2946 argentei
986 2876 1149 2946 712
1207 2879 1353 2931 vasis
1409 2878 1794 2945 itttpet‘lurtuut

206 2967 435 3030 dicitur,
474 2958 807 3037 rursumque
841 2979 1154 3036 argenti-um
1199 2969 1353 3022 aurei
1391 2971 1679 3023 collatione
1708 2971 1799 3019 de-

210 3063 385 3116 terics
420 3070 528 3115 est.
585 3062 763 3130 Atque
822 3061 923 3115 hoc
980 3063 1161 3121 modo.
1217 3065 1344 3114 dttm
1400 3064 1502 3115 sibi
1566 3065 1796 3115 invicem

210 3165 615 3224 eotnparantur
639 3192 654 3218 ,
692 3154 1015 3221 imperfecta
1050 3165 1103 3207 et
1144 3154 1383 3223 pet-ferta
1424 3165 1551 3207 sunt
1583 3156 1794 3207 omnia.

1905 2039 1964 2082 et
2018 2032 2358 2085 conscientia
2417 2033 2783 2097 delictorum,
2838 2038 3027 2092 oculos
3076 2054 3183 2091 non
3239 2039 3475 2092 audebat

1905 2123 2174 2186 attollere,
2229 2123 2600 2192 superbientis
2654 2124 2915 2180 Pliariszei
2963 2128 3341 2183 collatiouelit
3384 2129 3474 2197 ju-

1903 2216 2061 2269 stior.
2100 2214 2161 2267 Et
2195 2214 2432 2269 Thamar
2474 2219 2576 2271 sub
2626 2220 2809 2287 specie
2864 2220 3168 2273 meretricis
3216 2221 3347 2273 fallit
3380 2218 3477 2275 Ju-

1901 2309 2047 2371 dam,
2079 2318 2132 2363 et
2175 2309 2345 2377 ipsius
2376 2312 2647 2364 sententia
2682 2313 2773 2379 qui
2815 2312 3075 2381 deceptus
3098 2321 3201 2374 est,
3236 2323 3478 2368 meretur

1901 2404 2090 2456 audire
2124 2420 2137 2454 :
2183 2423 2198 2454 ι
2228 2404 2531 2458 Justiticata
2572 2416 2655 2457 est
2686 2407 2926 2459 Thamar
2959 2407 3131 2474 magis
3169 2422 3331 2474 quant
3374 2423 3477 2476 ego

1903 2494 2055 2555 (Cen.
2092 2511 2320 2556 xxmtl,
2346 2494 2462 2560 26).
2500 2514 2516 2545 ι
2555 2496 2716 2566 713
2750 2496 2820 2549 Ex
2853 2498 3053 2565 quibus
3085 2498 3346 2552 omnibus
3382 2515 3477 2567 ap-

1903 2589 2189 2656 probatur,
2208 2591 2383 2641 solum
2414 2594 2609 2642 nonad
2631 2594 3099 2657 comparationem
3132 2592 3329 2646 divina:
3357 2608 3475 2645 mae

1908 2682 2127 2751 jestatis
2167 2685 2417 2737 homines
2450 2700 2795 2753 nequaquam
2825 2701 2947 2740 esse
2970 2686 3263 2755 perfectos,
3284 2688 3379 2740 sed
3410 2704 3477 2739 un

1902 2776 2218 2841 angelorum
2277 2777 2498 2843 quidem
2554 2787 2608 2829 et
2642 2788 2969 2832 (‘zt‘leIOI‘UItt
3022 2780 3327 2843 hominum,
3385 2778 3477 2845 qui

1903 2869 2162 2921 virtutum
2203 2871 2440 2923 culmina
2483 2872 2965 2935 coosceuderunt;
3025 2887 3147 2924 cum
3199 2881 3251 2924 et
3282 2880 3338 2923 tu
3382 2872 3476 2939 qui

1903 2964 2096 3016 melior
2144 2978 2203 3016 es
2241 2964 2469 3016 alterius
2519 2966 2831 3027 eollatione,
2889 2982 3047 3033 quem
3094 2964 3477 3033 imperfectum

1903 3070 2025 3109 esse
2073 3058 2495 3122 monstraveris,
2557 3074 2773 3112 rursum
2826 3059 2894 3111 ab
2931 3061 3039 3111 alio
3086 3069 3135 3113 te
3192 3068 3474 3127 przeeuute

1907 3148 2150 3203 vincaris
2190 3165 2204 3202 :
2237 3164 2298 3203 ac
2327 3165 2421 3218 per
2462 3150 2567 3203 hoe
2600 3168 2707 3203 non
2740 3151 2940 3204 habeas
2969 3166 3149 3205 veram
3188 3150 3478 3220 periculo-

210 3248 264 3302 In
288 3262 431 3315 agro
456 3259 621 3300 terrm
650 3247 823 3307 bonae.
846 3254 981 3300 etes
1008 3262 1112 3300 una
1140 3248 1726 3300 semente.irier-uarius
1748 3257 1797 3300 et
1825 3279 1868 3340 C
1901 3256 2047 3301 neut.
2083 3258 2202 3310 qua!
2234 3243 2277 3295 si
2314 3244 2554 3311 perfecta
2587 3247 2678 3307 sit,
2715 3246 2858 3298 nulla
2895 3262 2949 3298 re
2981 3244 3205 3312 indiget.

208 3339 617 3407 tcsagenarius
654 3349 707 3392 et
728 3342 1085 3393 eentenarius
1118 3340 1329 3393 fructus-
1349 3342 1591 3393 exoritur
1620 3358 1633 3394 :
1666 3343 1797 3409 ipsis

209 3435 469 3489 numeris
529 3433 802 3486 indicatur
839 3433 1012 3499 impar
1042 3447 1164 3485 esse
1189 3431 1328 3501 quod
1354 3434 1618 3493 nascitur,
1640 3443 1694 3485 et
1718 3445 1798 3484 ta-

211 3542 334 3580 men
381 3527 441 3579 in
470 3540 576 3579 suo
594 3540 795 3595 genere
819 3524 1063 3589 perfecta
1095 3534 1218 3577 sunt
1259 3526 1493 3591 singula.
1520 3524 1796 3577 Eiisalwth

208 3631 262 3674 et
296 3618 608 3673 Zacharias
631 3656 645 3680 ,
700 3633 811 3685 quo
848 3618 1188 3679 testimonio,
1222 3617 1379 3685 quasi
1401 3614 1798 3685 impenetrabili

214 3714 393 3766 uteris
412 3713 628 3780 clypeo.
652 3725 749 3764 nos
772 3711 967 3763 docere
995 3718 1247 3778 possunt,
1275 3720 1483 3776 quanto
1517 3709 1801 3760 inferiores

1976 3336 2064 3390 18.
2109 3335 2387 3401 Quomodo
2431 3338 2649 3406 perfecti
2696 3339 2987 3406 jubeatnur
3039 3354 3172 3392 esse.
3204 3367 3275 3377 ——
3303 3338 3361 3392 (Ι.
3416 3336 3482 3389 Et

1902 3434 2201 3497 quomodo,
2245 3431 2445 3492 Attice.
2490 3432 2555 3485 ad
2606 3432 2999 3499 perleCtionem
3034 3432 3255 3485 divinus
3296 3446 3479 3485 sermo

1905 3535 2008 3575 nos
2046 3522 2066 3551 ⁸
2123 3522 2521 3590 provoc::t?:t.
2570 3523 2678 3577 llac
2714 3525 2920 3577 ratione
2956 3540 3062 3591 qua
3114 3525 3246 3584 dixi,
3290 3532 3348 3576 ut
3398 3538 3482 3575 se-

1904 3618 2141 3669 cundum
2197 3618 2340 3673 vires
2377 3630 2592 3673 nostras
2646 3621 3049 3687 unusquisque,
3087 3627 3350 3686 quantum
3391 3633 3480 3668 va-

1906 3702 2088 3769 luerit,
2124 3708 2472 3768 extendatur,
2512 3712 2556 3759 si
2610 3723 2720 3775 quo
2772 3708 2935 3760 modo
2965 3707 3135 3775 possit
3167 3705 3478 3775 pervenire,

212 3814 345 3859 sunt
382 3807 558 3856 beata!
592 3802 773 3855 Maria:
822 3802 1016 3853 matris
1072 3800 1286 3853 Domini
1320 3802 1630 3861 sanctitate,
1683 3815 1802 3868 quae

212 3895 566 3951 conSeientia
601 3896 653 3946 itt
692 3909 749 3946 se
789 3892 1089 3946 habitantis
1125 3891 1212 3945 Dei
1248 3893 1417 3945 libere
1448 3892 1747 3958 proclamat
1785 3909 1799 3944 :

220 3990 396 4041 «Ecce
416 3988 567 4056 enim
589 4001 653 4038 ex
680 3987 778 4037 hoc
815 3986 1028 4037 beatam
1048 3998 1133 4037 me
1163 3986 1345 4037 dicent
1373 3998 1561 4036 oumes
1584 3998 1806 4052 genera-

217 4084 399 4135 tiones
426 4121 441 4139 .
484 4079 613 4147 quia
667 4078 795 4132 fecit
845 4078 975 4129 mihi
1012 4092 1202 4145 magna
1236 4078 1325 4143 qui
1383 4085 1578 4144 potens
1610 4084 1713 4139 est,
1750 4086 1805 4129 et

219 4191 273 4228 s1
286 4186 477 4227 actum
504 4185 707 4223 nomen
732 4169 943 4237 ejus.Et
964 4167 1341 4222 misericordia
1362 4168 1481 4236 ejus
1502 4184 1529 4220 a
1548 4168 1806 4237 progenie

216 4269 269 4319 itt
293 4280 395 4334 pro
411 4264 601 4334 genies
621 4262 934 4315 timentibus
961 4277 1106 4316 eum.
1125 4260 1270 4315 Fecit
1290 4261 1583 4328 potentiam
1606 4262 1658 4313 in
1684 4262 1811 4313 bra-

215 4360 341 4409 rliio
366 4371 474 4408 suo
512 4353 670 4422 (Luc.
698 4370 734 4412 ι,
758 4352 825 4406 48
854 4362 902 4405 et
934 4352 1156 4423 seqq.).t
1193 4352 1246 4404 In
1273 4366 1381 4420 quo
1412 4352 1799 4410 animadverte.

217 4454 366 4517 quod
400 4449 619 4498 beatam
665 4460 721 4496 se
753 4458 874 4497 esse
902 4442 1049 4495 dicat
1080 4458 1184 4495 non
1224 4444 1447 4510 proprio
1485 4443 1684 4496 merito
1717 4453 1804 4494 at-
1908 4440 2019 4495 Deo
2047 4442 2146 4494 soli
2182 4444 2425 4509 subjecta
2456 4445 2559 4497 erit
2586 4444 2767 4496 anima
2816 4460 2932 4497 mea
2969 4444 3029 4498 ‘l
3070 4445 3139 4498 ab
3173 4446 3291 4513 ipso
3324 4448 3470 4497 enim

214 4555 323 4606 qne
362 4537 715 4596 virtute,sevl
777 4533 871 4585 Dei
931 4535 984 4587 in
1042 4548 1101 4585 se
1155 4532 1457 4586 habitantis
1492 4532 1801 4587 clementia.
1910 4544 1995 4589 est
2050 4534 2292 4589 salutare
2351 4551 2531 4589 meum
2565 4535 2743 4604 (υκαι.
2803 4554 2911 4598 ιλιι.
2960 4539 3035 4603 1).
3068 4555 3086 4588 ι
3129 4538 3192 4589 Et
3240 4539 3365 4601 quia
3421 4540 3472 4589 iu

218 4630 339 4697 Ipse
365 4644 594 4697 quoque
622 4625 859 4679 Joannes
886 4666 901 4691 ,
934 4641 1043 4695 quo
1077 4626 1250 4694 major
1282 4640 1389 4679 non
1419 4625 1521 4678 fuit
1546 4624 1689 4679 inter
1710 4640 1807 4677 na-
1842 4631 1881 4683 D
1912 4644 2145 4697 corpore
2195 4630 2454 4683 Ecclesia:
2485 4640 2645 4696 caput
2684 4629 2939 4682 Christus
2988 4642 3093 4693 est,
3149 4632 3474 4700 quibusdam

217 4734 304 4776 tos
334 4722 682 4789 λιιιιιΙὶειίιιιι,
739 4719 1061 4785 parentibus
1117 4718 1235 4772 suis
1292 4717 1624 4771 meliorest.
1687 4716 1805 4771 Non
1915 4720 2092 4774 adhuc
2144 4721 2579 4789 repugnantibus
2639 4724 2941 4787 membris,
2995 4723 3213 4778 videtur
3276 4740 3476 4792 corpus

212 4818 362 4870 enim
396 4814 577 4865 solum
618 4809 952 4873 hominibus,
1017 4810 1110 4863 sed
1164 4818 1217 4862 et
1259 4808 1463 4877 angelis
1493 4808 1806 4862 testimonio
1912 4827 2130 4880 quoque
2204 4812 2368 4880 capiti
2454 4829 2561 4867 non
2650 4830 2769 4868 esse
2842 4815 3168 4880 subjectum.
3231 4814 3476 4885 Namque

215 4906 440 4963 Domini
486 4901 954 4971 coxuparatur.Et
990 4910 1174 4956 tamen
1209 4901 1302 4971 qui
1329 4902 1541 4957 cunctis
1575 4901 1808 4955 homini-
1910 4904 1954 4956 si
2022 4905 2226 4973 patitur
2280 4922 2444 4959 unum
2516 4909 2841 4972 membrum,
2894 4912 3306 4978 compatiuntur
3362 4929 3476 4964 oin-

215 5006 323 5056 bus
354 5007 479 5053 erat
520 4999 696 5063 major
726 4996 779 5049 in
817 5006 982 5058 terra,
1030 4995 1258 5048 minimo
1294 4996 1346 5048 in
1402 5010 1570 5063 regno
1636 4995 1806 5048 cwlo-
1913 4996 2021 5057 uia,
2072 5008 2127 5047 et
2218 5007 2388 5049 totum
2440 5014 2639 5064 corpus
2670 4999 2858 5051 dolore
2889 5000 3055 5053 unius
3098 5003 3319 5054 membri
3355 5019 3477 5055 cru-

214 5111 341 5147 rum
374 5090 557 5142 mittor
591 5089 756 5143 fuisse
786 5087 1125 5158 perhibetur.
1912 5090 2108 5142 t'iatttt'.
2162 5088 2315 5153 Quod
2366 5090 2487 5141 (Ιίςυ
2544 5090 2616 5143 ita
2667 5091 3013 5145 manifestius
3067 5092 3175 5145 ﬁet.
3224 5092 3473 5157 Quamliu

1905 3807 1956 3849 et
2002 3799 2467 3863 comprehendere
2532 3800 2781 3853 bravium
2841 3816 3093 3867 superme
3145 3799 3474 3852 Vocatiouis.

1907 3885 2148 3955 Denique
2203 3890 2553 3962 omnipotens
2609 3890 2773 3953 Deus,
2830 3893 2916 3943 cui
2971 3891 3131 3945 docrt
3184 3891 3479 3953 Apostolus

1902 3978 2056 4045 juxta
2093 3980 2554 4047 dispensationem
2589 3983 2774 4035 carnis
2825 3992 3116 4049 :tSstttttpl;e
3177 3982 3475 4047 subjiciun-

1908 4072 2036 4125 dum
2069 4072 2290 4137 Filium,
2320 4093 2338 4124 ι
2367 4084 2424 4128 ut
2454 4076 2524 4127 sit
2550 4074 2691 4128 Deus
2717 4077 2897 4127 omnia
2921 4077 2971 4127 itt
3005 4077 3257 4127 omnibtts
3284 4076 3328 4139 (Ι
3350 4074 3477 4127 (ἔον.

1910 4180 2015 4230 XV,
2058 4165 2236 4233 28),:
2296 4168 2584 4236 perspicue
2639 4167 2998 4226 demonstrat,
3058 4182 3401 4234 nequaquam
3459 4166 3479 4198 '

1906 4258 2008 4311 sibi
2044 4270 2243 4311 cuncta
2272 4276 2396 4313 esse
2424 4259 2692 4328 subjecta.
2728 4259 2877 4314 Unde
2907 4271 2957 4313 et
2986 4259 3262 4323 Propheta
3293 4261 3477 4326 subje-

1907 4352 2146 4405 ctionem
2182 4354 2263 4406 sui
2298 4355 2353 4407 in
2386 4356 2544 4406 linem
2601 4355 2884 4423 pnesusnit
2934 4354 3126 4405 dicens
3159 4372 3172 4406 :
3230 4370 3249 4405 ι
3286 4353 3476 4406 Nonne

291 5210 305 5235 ‘
358 5206 475 5257 Duo
515 5218 648 5253 mss.
677 5201 847 5254 Varie.
876 5213 930 5253 et
957 5201 1175 5269 Regin.,
1224 5202 1460 5269 nunquid
1493 5216 1665 5253 omnes
1699 5201 1804 5251 t'ir-

213 5274 405 5329 tuter?
439 5273 675 5340 nunquid
702 5312 716 5336 ,
756 5284 859 5323 etc.

298 5350 318 5378 ³
364 5343 589 5410 εἶν-βιαιως
624 5360 739 5403 ηις..
774 5341 1013 5394 divit/ens
1050 5342 1264 5408 propria
1317 5341 1598 5408 unicuique
1647 5350 1803 5411 prout

220 5419 359 5469 Htll.
400 5413 581 5465 Valte.
612 5412 841 5463 diridcns
884 5413 1035 5479 singn
1064 5412 1111 5463 is
1135 5421 1291 5475 prout
1333 5411 1463 5464 t'ull.

1910 5218 2012 5323 ms.
2068 5217 2165 5255 vox
2199 5204 2284 5255 illa
2319 5202 2605 5265 habeatur.
2649 5204 2822 5259 satius
2856 5206 3117 5259 duximus
3154 5221 3471 5276 expungi-n-

1910 5288 2057 5323 tam.

1907 5288 1971 5323 (ΙὶΙ
1984 5288 2031 5322 111
2045 5312 2057 5323 ς

1977 5344 1997 5373 ⁸
2036 5341 2274 5417 Negaudi
2303 5345 2625 5417 particulam
2666 5362 3018 5414 nequaquam,
3058 5360 3238 5417 utpote
3287 5356 3475 5408 sensui

1907 5414 2295 5491 necessariam,
2325 5415 2639 5491 sullecintus
2680 5433 2741 5491 es
2780 5432 2910 5469 mss.
2952 5414 3223 5491 Victorius
3259 5442 3477 5491 quoquo

297 5492 317 5516 ⁸
359 5484 638 5536 Lacunam
684 5484 903 5548 implere
936 5482 1147 5551 videtur
1184 5479 1478 5551 Vaticanus
1513 5481 1670 5542 liber,
1709 5486 1799 5551 qui

224 5567 347 5605 ιυιύ
373 5555 548 5608 addit.
585 5552 699 5614 Qun
737 5553 1001 5613 impietate
1038 5550 1167 5601 nihl.
1198 5550 1368 5615 majus
1396 5562 1472 5603 est
1505 5568 1517 5608 τ
1546 5552 1655 5603 ltu'c
1701 5573 1799 5605 au-

220 5636 329 5677 tem
364 5624 645 5687 superbirit
685 5634 893 5687 propter
924 5618 1323 5683 abundantiam,
1364 5633 1471 5672 etc.

298 5694 317 5722 ⁸
374 5695 629 5744 \omtlam
660 5708 750 5744 nos
780 5708 843 5743 ex
888 5690 1145 5741 Vaticano
1179 5696 1543 5755 reposuimus.
1586 5689 1703 5744 Mox
1736 5693 1786 5742 εει

223 5766 500 5815 hactenus
550 5764 706 5813 editis
753 5774 862 5814 erat
904 5762 1261 5824 unusquisque
1299 5772 1599 5811 nostrorum.
1628 5779 1797 5827 quan-

222 5844 366 5890 tum,
395 5844 500 5883 t'tt'.
531 5830 644 5882 λιιι
683 5833 1049 5899 ιίδνιιιηιιδδὲνὶ
1090 5841 1348 5887 uestrum,
1384 5835 1461 5881 vel
1490 5843 1758 5896 riustorum

224 5918 328 5957 sca
386 5917 507 5956 cum
564 5916 736 5970 neque
774 5897 850 5953 ἰιι
892 5897 1175 5959 \atiram,
1236 5917 1406 5968 neque
1457 5916 1510 5953 to
1580 5903 1797 5969 Κυδίππη

1909 5484 2226 5535 interseruit
2258 5492 2442 5550 (quem
2477 5486 2770 5552 aliquando
2815 5490 3098 5541 consulere
3129 5484 3475 5550 Mattianaius

1906 5552 2207 5619 debuisset)
2242 5566 2293 5604 et
2350 5555 2553 5608 itBtiUlll
2615 5555 2825 5609 Erasini
2880 5574 3123 5612 earoretu
3181 5567 3475 5619 emendare

1908 5638 1954 5689 ιιι
1973 5626 2185 5674 ol'essus
2217 5633 2318 5674 est.

1978 5692 2003 5771 ⁸.
2046 5693 2235 5754 Vatia,
2300 5691 2487 5746 Nonne
2522 5694 2626 5747 Deo
2654 5698 2889 5765 subjecta
2920 5701 3018 5751 erit
3046 5701 3072 5746 .9
3101 5710 3233 5764 cte.,
3266 5705 3473 5771 alisque

1904 5763 2221 5838 sibi,_qnani
2267 5779 2450 5838 vocem
2494 5777 2672 5819 textus
2724 5763 2927 5834 nullus,
2979 5772 3131 5838 quod
3155 5763 3345 5833 sciam,
3383 5763 3475 5828 aut

1911 5834 2081 5889 vt’rsiu
2114 5835 2216 5885 ulla
2249 5850 2319 5886 tu:
2344 5835 2455 5903 lp'll.
