4198 6484
728 407 834 480 535

1893 411 1954 470 S.
1991 406 2307 470 EUSEBlI
2355 408 2793 472 HIERONYMI

3862 407 3966 468 530'

717 530 977 585 habemus
1046 530 1364 583 thesaurum
1414 527 1576 583 istum
1630 528 1684 584 in
1738 529 1882 583 vasis
1917 522 2353 589 lictilibus.etA
2386 522 2537 587 fecit,
2594 529 2725 596 quia
2778 528 2954 583 facere
3010 528 3204 593 voluit,
3259 526 3330 580 ita
3367 538 3417 581 et
3452 527 3505 580 in
3573 541 3659 585 eo,
3693 539 3790 593 per
3816 528 3962 593 quod

715 621 890 689 fragili
932 637 1098 677 carne
1128 622 1557 687 circumdamur,
1609 624 1719 677 imo
1791 622 2008 676 utortali
2071 632 2125 675 et
2160 636 2282 677 cor-

714 716 986 785 ruptibili,
1024 717 1213 768 beatos
1245 730 1366 769 esse
1399 731 1498 769 nos
1529 716 1831 773 credimus.
1866 717 1909 768 si
1946 715 1999 767 iu
2046 714 2280 781 singulis

713 806 1007 857 virtutibus
1057 804 1414 873 partibusque
1446 805 1708 856 virtutum
1764 804 1873 857 Deo
1929 802 2164 871 subjecti
2197 803 2273 854 si-

716 916 837 955 mus
858 898 969 970 (At.
1007 896 1246 968 sumus].
1271 898 1404 951 Cum
1430 905 1611 949 autem
1640 898 1871 950 mortale
1905 900 2007 951 hoc.
2028 896 2279 949 indutum

717 994 876 1047 fuerit
906 992 1343 1053 immortalitate,
1373 1000 1428 1044 ct
1472 992 1848 1057 corruptivum
1895 991 1998 1044 hoc
2032 991 2283 1042 incorru-

715 1086 901 1155 ptione
958 1088 1268 1150 vestitum,
1335 1094 1388 1138 et
1452 1089 1713 1150 absorpta
1779 1098 1927 1137 mors
2002 1082 2166 1137 fuerit
2227 1084 2281 1135 iu

713 1181 920 1236 Christi
955 1182 1205 1244 victoria,
1232 1187 1363 1233 tunc
1393 1178 1535 1233 Deus
1559 1181 1663 1233 erit
1693 1178 1875 1231 omnia
1907 1177 1959 1231 in
1988 1177 2240 1231 omnibus
2266 1195 2279 1231 :

716 1286 777 1329 ut
809 1290 914 1329 non
952 1277 1019 1329 sit
1047 1283 1257 1328 tantum
1299 1274 1350 1327 in
1381 1271 1674 1326 Salomone
1704 1271 1998 1337 sapientia,
2028 1271 2081 1325 in
2118 1270 2284 1325 David

718 1369 884 1423 animi
920 1368 1302 1429 mansuetudo,
1354 1367 1407 1420 in
1462 1365 1575 1418 Elia
1623 1374 1677 1418 et
1725 1366 1967 1420 Phiuees
2009 1365 2176 1430 zelus,
2228 1364 2283 1419 in

720 1462 993 1516 Abraham
1073 1461 1253 1523 fides,
1350 1459 1401 1512 iu
1460 1456 1625 1511 Petro
1661 1497 1678 1521 ,
1738 1459 1827 1512 eui
1879 1459 2083 1511 dictum
2141 1466 2284 1513 est:

725 1575 743 1608 ι
788 1554 979 1610 Simon
1038 1552 1291 1612 Joannis.
1349 1568 1504 1606 amas
1552 1568 1638 1606 me
1672 1552 1854 1623 (Joan.
1921 1567 2032 1617 xxi,
2094 1550 2228 1618 l5)?
2261 1570 2279 1600 ι

722 1648 966 1719 perfecta
1000 1646 1254 1712 dilectio;
1294 1648 1347 1699 in
1383 1644 1673 1700 electionis
1707 1660 1836 1699 vase
1870 1645 2112 1698 studium
2148 1658 2284 1710 prze-

722 1741 964 1802 dicundi,
998 1750 1051 1795 et
1278 1740 1489 1793 trieteris
1520 1738 1600 1791 vel
1630 1739 1773 1799 bina,
1819 1738 1901 1790 vel
1959 1736 2101 1790 trina
2128 1753 2143 1791 :
2193 1735 2285 1790 scd

2387 620 2749 688 imperfectus
2802 630 2907 684 est,
2940 623 3070 693 quia
3120 636 3224 676 non
3286 620 3434 684 fecit,
3471 621 3776 687 perfectum
3841 632 3964 669 esse

2386 716 2661 781 potuisse,
2684 715 2729 765 si
2756 712 2941 768 facere
2966 715 3247 769 voluisset.
3279 714 3343 767 A.
3371 711 3504 778 Quis
3529 712 3671 765 enim
3703 725 3813 763 non
3852 711 3965 760 vult

2389 806 2567 860 facere
2591 807 2740 876 quod
2780 805 3083 876 perfectum
3120 816 3206 860 est
3230 806 3252 859 ?
3276 807 3383 859 Aut
3413 806 3539 872 quis
3595 819 3705 858 non
3745 813 3965 854 cum-trs

2386 902 2570 969 cupiat
2589 900 2781 954 ﬂorere
2800 900 3122 955 virtutibus?
3146 898 3204 953 Si
3230 908 3397 953 totum
3427 898 3658 967 requiris
3678 897 3749 950 ab
3778 896 3966 947 omni-

2388 996 2511 1055 hus.
2549 992 2709 1064 715
2750 994 2898 1047 tollis
2926 1010 3110 1048 rerum
3136 992 3536 1053 diversitatem,
3578 1002 3631 1043 et
3658 989 3965 1057 gratiarum

2392 1088 2739 1149 distantiam,
2773 1098 2827 1141 et
2849 1086 3127 1142 Creatoris
3158 1085 3390 1140 artilicis
3428 1086 3773 1144 varietatem,
3805 1084 3967 1146 cujus

2388 1195 2544 1234 sacro
2574 1181 2836 1247 Propheta
2869 1190 3027 1235 sonat
3056 1177 3299 1234 carmine
3329 1195 3341 1229 :
3381 1197 3398 1229 ι
3429 1176 3624 1230 Ouiuia
3652 1177 3706 1230 in
3744 1177 3969 1239 sapien-

2390 1275 2461 1327 tia
2498 1274 2676 1327 fecisti
2728 1273 2907 1339 (Psal.
2962 1288 3081 1335 cm,
3134 1274 3249 1341 2i).
3311 1290 3331 1325 ι
3365 1272 3685 1338 lndignetur
3738 1268 3962 1327 lucifer.

2387 1384 2559 1437 quare
2593 1367 2857 1436 fulgorem
2886 1369 3026 1422 lunae
3056 1381 3162 1421 non
3212 1367 3432 1421 habeat.
3467 1364 3618 1418 Luna
3652 1378 3821 1427 supo'r
3850 1362 3965 1412 suis

2389 1462 2696 1517 defectibus
2750 1471 2802 1514 et
2851 1462 3038 1514 labore
3090 1469 3365 1524 causetnr,
3419 1474 3517 1513 cur
3551 1470 3796 1510 annuum
3830 1453 3967 1506 solis

2390 1559 2657 1611 circulum
2688 1554 2922 1623 singulis
2955 1553 3239 1607 mensibus
3268 1551 3503 1620 expleat.
3542 1548 3634 1603 Sol
3660 1556 3954 1616 queratur,

2390 1646 2518 1713 quid
2545 1646 2829 1699 offenderit
2862 1652 2919 1697 ut
2945 1644 3086 1697 lunae
3106 1659 3272 1699 cursu
3298 1643 3505 1697 tardior
3530 1643 3623 1697 sit.
3649 1642 3967 1693 Clamcnius

2392 1751 2444 1791 et
2479 1755 2583 1794 nos
2616 1738 2961 1799 homunculi,
3002 1738 3130 1804 quid
3170 1753 3351 1791 causa:
3379 1736 3668 1797 cnstiterit,
3704 1747 3762 1786 ut
3794 1734 3969 1786 humi-

723 1843 868 1888 totns
919 1834 971 1886 in
1004 1834 1221 1887 cunctis
1253 1832 1343 1894 sit,
1397 1843 1448 1885 et
1508 1831 1560 1883 iu
1602 1830 1748 1884 omni
1799 1831 2059 1882 virtutum
2118 1829 2287 1883 choro
2327 1866 2366 1921 Β
2397 1848 2491 1886 ucs
2522 1847 2579 1886 et
2619 1847 2723 1886 non
2773 1832 2947 1898 angeli
3003 1831 3129 1885 farti
3166 1831 3380 1883 simus:
3432 1842 3745 1896 quanquam
3798 1824 3971 1884 ωτιέί-

722 1936 1065 1989 sanctorum,
1106 1930 1366 1981 numerus
1414 1926 1699 1995 glorietur,
1732 1936 1785 1980 et
1821 1925 1893 1978 sit
1943 1924 2084 1979 Deus
2112 1923 2293 1977 omnia

724 2020 778 2071 in
813 2022 1093 2073 omnibus.
2212 2084 2216 2088 Α

796 2112 883 2167 19.
924 2110 1177 2176 Quaudiu
1216 2112 1434 2165 uiuimus
1464 2120 1681 2164 cunctas
1716 2111 1935 2165 virtutes
1963 2108 2155 2163 habere
2184 2125 2289 2163 non

724 2220 1025 2272 possumus.
1059 2234 1127 2243 —
1147 2202 1207 2259 C.
1243 2203 1434 2256 Nullus
1460 2218 1588 2273 ergo
1616 2213 1936 2258 sanctorum
1977 2203 2022 2265 ³,
2052 2202 2296 2273 quandiu

728 2300 783 2351 in
821 2300 928 2352 isto
1003 2298 1327 2367 corpusculo
1407 2307 1523 2360 est,
1582 2307 1811 2350 cunctas
1865 2304 2047 2364 petest
2098 2295 2298 2350 habere

728 2391 1001 2445 virtutes?
1030 2395 1093 2445 Α.
1135 2387 1349 2449 Nullus.
1379 2388 1507 2458 quia
1536 2404 1681 2443 nunc
1707 2404 1771 2442 ex
1816 2374 2301 2459 parte-propheta-

732 2499 875 2548 mus,
908 2493 961 2537 et
986 2501 1053 2537 es
1085 2494 1238 2552 parte
1271 2482 1683 2553 cognoscimus.
1734 2481 1846 2537 Nec
1878 2484 2025 2535 enim
2066 2489 2298 2553 possunt

729 2576 913 2627 omnia
946 2589 1069 2628 esse
1102 2574 1157 2627 in
1189 2575 1445 2627 omnibus
1480 2574 1795 2627 hominibus
1831 2590 1845 2627 :
1894 2574 2022 2642 quia
2077 2589 2184 2628 non
2218 2584 2302 2628 est

732 2668 1054 2725 immortalis
1086 2668 1229 2719 ﬁlius
1256 2664 1515 2719 hominis.
1544 2664 1605 2720 ϐ.
1640 2664 1701 2717 Et
1728 2667 2006 2732 quomodo
2032 2666 2298 2735 legimus:

732 2762 836 2828 Qui
887 2775 1049 2815 uuam
1094 2760 1366 2822 habuerit,
1398 2774 1593 2813 omnes
1631 2759 1843 2813 videtur
1872 2761 1893 2792 ⁸
1950 2760 2153 2815 habere
2189 2762 2301 2814 vir-

732 2852 993 2909 tutes?A.
1010 2853 1572 2919 Participationemoo
1601 2851 2201 2921 proiirietateﬁecesse
2221 2864 2304 2907 est

731 2947 897 3009 enim,
932 2954 990 2999 ut
1042 2945 1244 3011 singuli
1294 2945 1574 2997 excellant
1628 2946 1678 2996 in
1730 2944 2057 3011 quibusdam
2095 2955 2191 2998 :et
2223 2954 2304 2997 tuo

735 3053 859 3090 men
916 3038 1019 3090 hoc
1051 3036 1195 3103 quod
1236 3035 1432 3103 legisse
1482 3048 1531 3088 te
1565 3035 1730 3097 dicis,
1786 3037 1874 3090 ubi
1930 3037 2193 3105 scriptum
2232 3037 2304 3090 sit

734 3132 941 3187 nescio.
973 3128 1032 3183 ϐ.
1080 3128 1304 3197 Ignoras
1340 3130 1483 3183 hanc
1525 3126 1978 3198 philosophorum
2026 3146 2151 3185 esse
2178 3145 2305 3185 sen-

2399 1936 2509 1979 stcr
2546 1935 2744 1986 vester,
2777 1924 2806 1976 ὀ
2841 1925 3068 1992 ἀρχαῖος
3111 1922 3155 1984 ³,
3185 1920 3253 1976 de
3283 1920 3445 1988 cuius
3481 1920 3595 1973 haec
3651 1917 3796 1970 fonte
3845 1932 3973 1981 pro-

2397 2021 2622 2082 cedunt,
2685 2032 2876 2071 omnes
2923 2016 3226 2069 rationales
3255 2024 3537 2067 creaturas
3567 2026 3725 2079 rerum
3760 2020 3972 2062 ειςηετειι

2394 2112 2518 2182 jure
2544 2111 2817 2173 conditas,
2854 2118 2914 2162 ut
2953 2108 3130 2163 instar
3170 2106 3564 2175 quadrigarum
3610 2114 3664 2156 ct
3705 2118 3969 2156 enrruum

2399 2206 2463 2257 de
2494 2202 2808 2257 carceribus
2843 2211 3127 2261 exeuntes,
3183 2199 3237 2251 in
3278 2198 3460 2250 medio
3497 2196 3673 2264 spatio
3718 2193 3802 2246 vel
3852 2207 3971 2243 cor-

2400 2304 2583 2357 ruant,
2614 2295 2695 2347 vel
2737 2292 3146 2361 praetervolant,
3181 2298 3236 2343 et
3272 2293 3340 2342 ad
3372 2299 3557 2356 optata
3616 2286 3965 2357 perveniant.

2400 2387 2685 2456 Elephanti
2721 2394 2885 2437 tantae
2917 2384 3100 2446 molis,
3135 2391 3189 2436 et
3220 2383 3457 2452 grypbes
3483 2381 3537 2434 in
3570 2395 3668 2433 sua
3697 2376 3972 2448 gravitate

2400 2487 2699 2531 causentur
2725 2475 2767 2539 ‘,
2796 2489 2896 2529 cur
2935 2472 3220 2541 quaternis
3256 2472 3484 2541 pedibus
3528 2470 3809 2528 incedant,
3841 2482 3968 2518 cum

2401 2584 2623 2633 tunsae,
2659 2568 2996 2633 cuiicesque,
3028 2572 3084 2618 et
3126 2573 3322 2617 extera
3372 2561 3682 2629 liujttsmodi
3716 2559 3973 2612 animau-

2402 2661 2475 2714 tia
2507 2658 2608 2712 sub
2652 2656 2906 2728 pennulis
2956 2667 3123 2709 senos
3180 2652 3346 2724 pedes
3398 2651 3654 2716 habeant,
3700 2659 3758 2703 et
3802 2648 3974 2716 aliqui

2400 2750 2679 2804 vermiculi
2718 2749 2847 2810 sint,
2875 2747 2969 2816 qui
3000 2745 3164 2800 tantis
3196 2745 3425 2815 pedibus
3458 2750 3724 2801 seateaut,
3759 2753 3821 2793 ut
3890 2741 3975 2791 in-

2405 2842 2771 2899 numerabiles
2801 2838 2965 2893 simul
2992 2849 3170 2891 motus
3236 2835 3387 2890 nulla
3419 2834 3568 2887 acies
3611 2830 3977 2899 comprehen-

2402 2942 2514 2993 dat.
2574 2938 2729 2991 Dicat
2782 2936 2896 2989 ha-e
2951 2932 3189 2987 Marcion
3247 2941 3301 2984 et
3330 2943 3527 2983 omnes
3582 2925 3850 2987 haeretici,
3884 2923 3977 2991 qui

2403 3031 2681 3084 Creatoris
2729 3026 2988 3097 cperibus
3046 3023 3310 3077 illudunt.
3380 3022 3635 3074 Vestrum
3689 3018 3975 3070 decretum

2406 3126 2688 3190 hucusque
2724 3119 3027 3189 perveniet,
3050 3118 3255 3171 utdum
3288 3113 3499 3183 singula
3535 3109 3973 3168 calumniantur,

738 3219 1007 3277 tentiam?
1059 3204 1127 3275 Α.
1187 3219 1292 3273 Sed
1348 3235 1455 3272 non
1493 3222 1891 3288 apostolorum.
1939 3222 2132 3290 Neque
2158 3225 2301 3275 enim
2329 3215 2375 3272 (Ξ
2412 3229 2631 3269 manum
2697 3210 2949 3278 iujiciant
2996 3209 3103 3262 Deo
3143 3244 3159 3269 ,
3226 3219 3323 3259 cur
3362 3203 3516 3257 solus
3556 3201 3699 3255 Deus
3746 3201 3847 3262 sit,
3882 3213 3982 3252 cur

737 3315 870 3369 mihi
902 3329 1048 3367 cura:
1095 3322 1180 3367 est
1226 3313 1357 3381 quid
1416 3312 1767 3377 Aristoteles,
1801 3314 1893 3367 sed
1929 3315 2054 3383 quid
2103 3314 2304 3369 Paulus

737 3407 952 3461 doceat.
1002 3389 1065 3460 ἀ.
1120 3404 1364 3459 Obsecro
1399 3414 1479 3470 te,
1533 3420 1716 3459 nonne
1754 3404 1996 3460 Jacobus
2026 3408 2307 3475 apostolus

736 3499 929 3553 scribit
978 3497 1120 3567 (Jac.
1157 3512 1216 3558 ιι.
1264 3496 1377 3555 10).
1413 3495 1505 3562 qui
1563 3494 1615 3548 in
1663 3513 1774 3549 uno
1807 3497 2120 3562 oll‘euderit,
2174 3513 2302 3553 eum

735 3607 858 3646 esse
879 3592 1124 3645 omnium
1160 3588 1355 3642 reum?
1379 3587 1446 3640 Α.
1468 3587 1588 3656 ipse
1612 3587 1765 3642 locus
1795 3604 1853 3642 se
1884 3590 2305 3657 interpretatur.

736 3681 854 3735 Non
887 3683 1034 3751 enim
1078 3680 1216 3732 dixit
1248 3680 1389 3732 unde
1417 3689 1657 3745 creperat
1684 3678 2003 3748 disputatio,
2037 3679 2131 3751 qui
2171 3683 2311 3737 divi-

741 3785 848 3826 lcm
885 3773 1102 3839 pauperi
1132 3772 1186 3823 in
1214 3771 1421 3824 honore
1456 3769 1792 3840 praetulerit,
1828 3787 1955 3825 rcus
1986 3782 2067 3826 est
2100 3773 2313 3828 adulte-

746 3865 811 3917 rii
842 3863 926 3917 vel
955 3860 1263 3915 homicidii.
1295 3860 1351 3913 In
1381 3861 1485 3914 hoc
1510 3864 1656 3914 enim
1684 3861 1920 3914 delirant
1946 3862 2134 3921 Stoici,
2162 3865 2309 3931 paria

744 3954 1145 4007 contendentes
1204 3966 1330 4005 esse
1359 3960 1605 4017 peccata.
1639 3951 1744 4006 Sed
1799 3954 1871 4006 ita
1906 3970 1921 4006 :
1961 3973 1979 4003 ι
2010 3953 2114 4019 Qui
2150 3955 2308 4013 dixit.

742 4058 852 4099 nou
903 4044 1286 4106 mmchaberis,
1321 4042 1461 4095 dixit
1494 4051 1568 4101 et,
1602 4056 1713 4095 non
1746 4044 2002 4110 occides;
2033 4047 2175 4113 quod
2210 4047 2311 4099 etsi

745 4151 855 4191 nou
912 4135 1144 4196 occidis,
1180 4133 1494 4194 imreeharis
1541 4141 1745 4197 autem,
1802 4134 1982 4189 factus
2028 4151 2089 4191 es
2134 4146 2316 4192 trans-

744 4242 965 4298 gressor
1000 4226 1134 4296 legis
1183 4223 1349 4297 (Ibid.
1392 4227 1508 4295 ll).
1544 4244 1565 4278 ι
1603 4225 1764 4281 Levia
1800 4241 1925 4281 cum
1984 4228 2217 4293 levibus,
2260 4242 2315 4285 et

748 4322 935 4388 gravia
968 4336 1089 4373 cum
1118 4320 1377 4388 gravibus
1406 4317 1819 4388 comparantur.
1868 4320 1981 4376 Nec
2033 4321 2205 4378 ferula
2241 4326 2317 4379 di-

750 4429 916 4477 gnum
952 4411 1165 4471 vitium,
1206 4409 1383 4478 gladio
1412 4408 1815 4463 vindicandum
1842 4420 1963 4475 est;
1999 4428 2099 4466 nec
2137 4416 2318 4483 gladio

2416 3306 2674 3364 inviderit
2712 3302 3019 3365 creaturis,
3049 3310 3107 3355 ut
3130 3312 3237 3353 non
3270 3310 3461 3351 omnes
3500 3294 3690 3348 eadem
3738 3290 3984 3361 polleant

2412 3399 2720 3468 majestate.
2764 3395 2920 3459 Quod
2972 3395 3102 3447 licet
3159 3406 3269 3446 non
3322 3387 3521 3443 dicatis
3576 3386 3778 3456 (neque
3836 3382 3983 3435 enim

2412 3503 2519 3547 tam
2546 3489 2721 3544 insani
2745 3488 2900 3550 estis,
2928 3494 2988 3539 ut
3009 3494 3195 3553 aperte
3215 3478 3528 3550 repugnetis
3550 3476 3572 3507 ⁸
3603 3476 3760 3541 Deo),
3797 3482 3983 3527 tamen

2413 3584 2534 3638 aliis
2554 3584 2735 3636 verbis
2758 3566 3205 3647 loquimini,’rem
3237 3571 3335 3626 Dei
3399 3569 3603 3623 homini
3636 3565 3984 3633 copulantes,

2414 3686 2475 3730 ut
2504 3676 2575 3729 sit
2626 3674 2833 3742 absque
2885 3676 3141 3738 peccato.
3218 3664 3362 3734 quod
3399 3673 3451 3717 et
3487 3661 3628 3715 Deus
3663 3667 3771 3712 est.
3832 3652 3989 3709 Unde

2415 3766 2708 3835 Apostolus
2731 3778 2894 3831 super
2920 3758 3154 3815 diversis
3180 3758 3440 3810 iutonans
3463 3751 3662 3822 gratiis
3692 3749 3945 3815 loquitur
3969 3763 3986 3797 :

2422 3881 2442 3913 ι
2482 3858 2795 3914 Divisiones
2825 3854 3184 3909 donationum
3217 3857 3375 3915 sunt,
3412 3847 3558 3900 idem
3598 3853 3783 3897 autem
3816 3840 3993 3908 Spiri-

2417 3962 2543 4016 tus;
2579 3962 2632 4005 et
2654 3947 2956 4003 divisiones
2984 3942 3412 3997 ministeriorum
3458 3944 3626 3997 sunt,
3695 3934 3792 3988 sed
3843 3935 3989 3985 idem

2424 4046 2686 4100 Dominus
2716 4059 2734 4098 :
2775 4051 2830 4094 et
2855 4038 3152 4093 divisiones
3178 4032 3557 4102 operationqu
3615 4037 3780 4089 sunt,
3844 4039 3991 4077 unus

2421 4150 2601 4191 autem
2627 4135 2788 4189 Deus.
2814 4132 2907 4202 qui
2931 4137 3190 4198 operatur
3211 4124 3397 4180 omnia
3428 4122 3482 4176 iu
3504 4120 3758 4177 omnibus
3786 4116 3840 4185 (1
3859 4116 3991 4170 Car.

2423 4245 2521 4287 xit.
2556 4228 2610 4290 4,
2647 4226 2723 4294 5).
2759 4245 2777 4275 ι

2496 4321 2590 4375 20.
2623 4318 2894 4382 Quantum
2928 4314 3081 4366 homo
3116 4326 3147 4362 a
3174 4307 3280 4361 Deo
3300 4305 3538 4373 diﬂ‘erat.
3565 4330 3634 4343 ε-
3656 4300 3721 4355 C.
3771 4299 3994 4355 Ninnius

2426 4430 2485 4468 es
2518 4414 2568 4465 in
2616 4424 2720 4463 una
2753 4418 2917 4474 atque
2947 4404 3134 4457 eadem
3181 4398 3505 4467 quaestione,
3555 4406 3615 4447 ut
3658 4395 3997 4461 persuadere

750 4504 978 4572 dignum
1042 4500 1249 4563 scelus,
1284 4498 1458 4554 ferula
1506 4501 1901 4557 coercendum.
1954 4500 2012 4557 C.
2059 4502 2220 4570 Esto,
2261 4517 2321 4562 ut
2353 4542 2404 4600 Β
2432 4502 2645 4558 coneris
2685 4499 2956 4553 hominem
2988 4494 3243 4548 universa
3275 4488 3435 4541 simul
3468 4486 3663 4539 habere
3690 4484 3857 4554 716
3884 4502 3993 4536 non

839 4597 867 4600 -_
1654 4594 1667 4600 -
1904 4594 1918 4600 -
1978 4594 1990 4600 -
2795 4588 2807 4600 ο
2942 4593 2952 4600 .
2984 4585 2994 4595 ⁸
3047 4584 3090 4600 με
3118 4581 3234 4600 ι---ε.
3273 4587 3360 4600 ---ι
3398 4593 3502 4600 nu“
3561 4587 3687 4600 -.Λ-ι.
3714 4578 3793 4600 ...ξι
3851 4574 3993 4600 [ΧΑ-..κ

762 4597 943 4649 nullus
1016 4602 1327 4647 sanctorum
1380 4607 1570 4647 omnes
1618 4594 1849 4648 virtutes
1904 4594 2155 4659 habeat;
2216 4600 2319 4655 hoc

763 4697 912 4741 certe
949 4686 1131 4749 dabis,
1164 4686 1220 4737 in
1256 4700 1321 4738 eo
1351 4686 1494 4752 quod
1543 4694 1722 4751 potest
1760 4684 1964 4751 facere,
2012 4689 2057 4742 si
2109 4689 2319 4757 fecerit,

753 4796 876 4835 esse
912 4779 1232 4847 perfectum.
1264 4778 1330 4831 Α.
1358 4775 1471 4829 Non
1502 4787 1655 4831 tenes
1677 4778 1808 4845 qttid
1849 4792 2010 4846 supra
2042 4780 2319 4839 dixerim?

758 4872 815 4923 tl.
863 4871 1131 4935 Quidnam
1171 4866 1302 4921 illud
1357 4866 1479 4919 est?
1535 4868 1599 4920 Α.
1637 4866 1940 4919 Perfectum
2000 4885 2121 4925 esse
2170 4874 2224 4925 iu
2257 4890 2322 4927 eo

757 4967 903 5022 uuod
959 4962 1124 5024 fecit,
1172 4970 1226 5014 et
1281 4958 1662 5027 imperfectttm
1721 4960 1777 5012 in
1825 4974 1911 5024 eo,
1950 4966 2094 5029 quod
2145 4964 2324 5021 facere

764 5075 870 5113 non
908 5059 1104 5126 potuit.
1141 5053 1203 5108 (Σ.
1243 5052 1347 5107 Sed
1380 5053 1520 5105 sicut
1549 5053 1828 5119 perfectus
1862 5062 1945 5105 est
1979 5053 2030 5106 in
2077 5069 2143 5108 eo
2178 5058 2322 5124 quod

835 5200 849 5230 ¹
896 5198 1017 5250 Vid.
1046 5195 1242 5247 librum
1275 5192 1337 5244 de
1362 5188 1767 5259 GestisAPelagii
1789 5204 1911 5259 cap.
1942 5191 2032 5255 Μ,
2058 5208 2210 5246 num.
2231 5194 2322 5250 32.

834 5272 853 5299 ⁸
907 5268 1140 5320 Verbum
1186 5264 1393 5315 videtur
1441 5260 1493 5313 iu
1544 5257 1764 5327 Regina!
1818 5257 1923 5313 nis.
1962 5263 2322 5318 desideratur.

763 5342 1035 5394 Caeterum
1069 5334 1261 5386 confer
1284 5330 1572 5402 Augustini
1608 5328 1899 5396 epistolam
1935 5332 2002 5383 ad
2055 5332 2320 5402 Hierony-

765 5428 909 5461 mum
963 5408 1106 5460 illlrr
1160 5401 1611 5466 llict‘ouytni'mas
1664 5402 1714 5449 in
1771 5402 2095 5452 recensione
2131 5401 2321 5456 nostra

766 5482 871 5532 ,δέ
910 5478 976 5529 de
1022 5480 1142 5527 loco
1172 5471 1361 5525 Jacobi
1394 5488 1405 5522 :
1442 5468 1547 5533 Qui
1589 5467 1892 5535 offenderit,
1928 5470 1983 5523 iu
2026 5472 2324 5539 unol‘actus

761 5560 838 5602 l‘al
875 5562 1105 5599 ommum
1142 5558 1282 5595 γεω.

840 5628 858 5657 ³
887 5618 939 5668 Id
973 5626 1055 5668 est
1087 5616 1351 5679 antiquus.
1411 5609 1523 5663 Hoc
1555 5611 1774 5663 nomine
1831 5610 2105 5663 Platonem
2153 5610 2322 5679 inuui

763 5690 977 5741 volebat
1015 5677 1290 5737 Erasmus.
1351 5679 1621 5733 Victorius
1676 5693 1730 5733 et
1764 5682 2106 5733 Martialiqu
2138 5677 2325 5747 Orige-

768 5777 886 5811 Imm
926 5754 1252 5820 intelligunt.
1287 5751 1415 5820 Vide
1448 5749 1769 5802 Garucrinm
1801 5752 2073 5820 dissertat.
2110 5752 2160 5800 in
2220 5751 2327 5802 Ma-

768 5829 907 5881 rium
942 5818 1313 5878 Mei-calorem.
1353 5818 1473 5873 Vcri
1520 5821 1678 5870 etiam
1728 5818 1905 5872 simile
1979 5830 2048 5871 Sil
2102 5820 2325 5886 ἀρχαῖον

770 5900 1057 5966 Origenem
1093 5894 1339 5948 (‘Oll\l(‘lt'
1369 5890 1598 5961 quodam
1640 5890 1916 5959 appellari’
1952 5890 2093 5955 qugd
2130 5899 2320 5941 Nam.

2431 4608 2611 4661 posse,
2648 4588 2808 4656 quasi
2865 4581 3239 4637 autiuviderit
3272 4587 3366 4631 aut
3398 4593 3504 4629 non
3561 4578 3799 4643 potui-rit
3851 4574 3996 4625 Deus

2429 4692 2687 4751 prreSIare
2711 4674 2933 4743 imagini
2966 4682 3020 4725 et
3046 4667 3392 4724 similitudini
3426 4680 3558 4728 suze,
3612 4674 3669 4716 ut
3707 4666 3758 4715 in
3818 4664 3995 4715 omni-

2429 4775 2531 4827 bus
2566 4766 2898 4838 respoudeat
2925 4778 3025 4819 suo
3054 4761 3327 4815 Creatori.
3362 4760 3425 4811 Α.
3456 4756 3638 4825 Egone
3668 4756 3899 4817 nimius,
3928 4771 3993 4807 an

2428 4865 2527 4919 tu?
2558 4864 2647 4930 qui
2699 4861 2874 4913 soluta
2913 4856 3206 4926 proponis;
3258 4863 3314 4905 et
3366 4867 3473 4905 nou
3536 4848 3790 4917 intelligis
3846 4848 3994 4901 aliud

2428 4972 2547 5011 esse
2575 4952 3016 5011 similitudinem,
3039 4947 3185 5001 aliud
3203 4945 3565 5014 mqualitatem
3601 4956 3616 4994 :
3646 4942 3775 4993 illud
3811 4943 3887 5007 pii
3908 4950 3994 4992 lu-

2431 5064 2570 5110 ram,
2599 5049 2702 5099 hoc
2732 5058 2854 5097 esse
2882 5040 3163 5095 veritatem
3196 5034 3243 5091 ⁸.
3276 5032 3451 5087 Verus
3472 5046 3646 5099 equus
3674 5043 3995 5097 camporum

2430 5176 2704 5235 exstiterit
2731 5172 2914 5242 operis
2953 5168 3082 5242 crept
3107 5165 3360 5242 _‘Apyjbv;
3395 5178 3631 5232 eumque
3694 5160 3999 5215 festivitate

2430 5252 2665 5321 quadam
2687 5240 2954 5321 ser‘ttiouis
2986 5240 3223 5321 irrideri.

2505 5320 2526 5349 δ
2561 5317 2687 5369 Ηωο
2720 5311 2973 5365 videlicet
3007 5308 3236 5361 celebris
3266 5304 3497 5373 qtttcstio
3550 5311 3689 5373 erat,
3726 5316 3896 5369 quam
3950 5310 4002 5353 ct

2434 5390 2491 5445 S.
2524 5383 2853 5441 Barnabmin
2880 5370 3362 5446 liecoguitionibus
3388 5370 4001 5446 Pseudo-Qlementiad-

2434 5441 2657 5526 ξένίνιίε
2691 5450 2997 5526 philosophi
3030 5441 3458 5526 ἰιτυμυὲυςΐειυῑ
3487 5442 3556 5526 ad
3624 5441 3999 5526 illudcndutu.

2432 5510 2744 5584 iniii'atitea
2779 5523 2870 5573 lib.
2904 5510 2961 5573 in
2999 5510 3187 5571 contra
3220 5515 3641 5581 Ru/mamt_hanc
3669 5510 3774 5584 sibi
3809 5526 4004 5578 propo-

2437 5583 2572 5652 ncns
2604 5598 2992 5659 Hieronymus,
3016 5599 3276 5657 tanquam
3340 5584 3589 5637 inutilem
3624 5583 4002 5635 dlllicultatcta

2434 5671 2759 5734 cxploserat.

2506 5727 2525 5767 ⁵
2557 5736 2695 5789 Ιλᾳιιιιὶ
2721 5731 2980 5800 pugnctis,
3010 5727 3368 5781 renitentibus
3407 5740 3536 5777 mss.

2508 5810 2523 5838 '
2566 5808 2665 5861 MSS
2704 5844 2712 5869 ι
2754 5806 2864 5856 ητις
2903 5816 3009 5856 εδει·
3041 5802 3268 5868 corporis
3294 5808 3582 5852 veritatem.
