4198 6466
191 408 291 471 545

1001 410 1383 474 DIALOGUS
1422 410 1721 472 CONTRA
1756 409 2252 478 PBLAGIANOS.
2298 440 2361 449 —
2397 414 2525 475 LIB
2592 416 2639 479 l.

3360 425 3465 485 546

191 541 293 577 non
352 532 660 596 resurgunt
714 524 869 596 impii
922 525 976 581 in
1021 524 1276 596 judicio;
1316 546 1335 578 ι
1375 529 1484 598 jam
1537 526 1683 579 enim
1719 526 1769 576 in
1804 530 1850 583 Α
1882 529 2149 583 mcntaris
2188 529 2461 583 hominem
2492 548 2596 584 non
2630 547 2753 587 esse
2783 545 2905 586 sine
2938 547 3178 600 peccato,
3210 538 3303 592 sed
3338 552 3460 593 esst:

190 619 552 684 p-rdiiionem
592 627 728 673 sunt
778 617 1140 690 pratjudicati,
1183 639 1202 672 σ
1238 635 1416 692 neque
1454 630 1777 690 peccatores

188 711 349 781 725
380 712 437 766 in
489 712 724 767 consilio
774 712 1052 783 juStorum
1101 714 1276 783 (Psal.
1309 731 1348 780 ι,
1409 714 1487 783 5).
1543 733 1561 765 ι
1613 713 1775 767 Aliud

188 809 332 858 enim
364 814 452 860 est
484 807 716 874 gloriam
763 808 995 876 perdere
1034 809 1381 878 resurgendi,
1416 810 1562 864 aliud
1598 808 1777 878 perire

189 908 459 966 perpetuo
506 916 520 956 :
568 920 587 951 ε
648 899 865 964 Veniet.
915 900 1114 973 inquit.
1153 904 1307 964 hora,
1342 905 1395 955 ln
1429 917 1537 972 qua
1586 916 1776 955 omnes

188 990 277 1057 qui
332 992 385 1042 iu
432 991 706 1059 sepulcris
732 1000 886 1056 sunt,
917 994 1139 1047 audient
1172 1007 1356 1046 vocem
1384 993 1525 1064 ejus,
1545 1003 1601 1048 et
1623 1008 1777 1060 egre-

188 1088 430 1151 dientur,
498 1089 589 1157 qui
648 1088 791 1142 bona
854 1088 1128 1156 iecerunt,
1188 1091 1243 1144 in
1308 1091 1772 1145 resurrectionem

192 1192 317 1235 veta:
346 1198 365 1248 ;
414 1182 510 1249 qui
539 1190 722 1235 autem
754 1184 896 1239 mala
928 1192 1181 1253 egerunt,
1214 1183 1267 1236 in
1304 1184 1770 1237 resurrectionem

186 1273 377 1343 jndicii
405 1272 666 1345 (Jonn.v,
698 1274 792 1338 9.8,
811 1274 881 1331 29
907 1277 946 1344 ).
980 1292 998 1326 ι
1021 1274 1174 1331 Unde
1202 1284 1253 1330 et
1272 1274 1567 1343 Apostolus
1585 1276 1771 1327 eodem

186 1383 375 1433 sensu,
406 1367 540 1437 quia
584 1368 775 1422 eodem
836 1377 890 1421 et
964 1367 1182 1435 spiritu,
1217 1367 1464 1435 loquitur
1531 1368 1599 1422 ad
1655 1366 1770 1419 Ro-

189 1474 382 1513 manos
418 1476 433 1515 :
480 1478 499 1510 ι
532 1459 859 1530 Quicunque
906 1461 1051 1515 enim
1088 1459 1207 1515 sine
1232 1459 1348 1529 lege
1380 1469 1771 1528 peccaverunt,

186 1554 305 1605 sine
331 1552 452 1620 lege
487 1553 769 1620 peribunt.
807 1551 872 1605 Et
929 1554 1246 1619 quicunque
1282 1553 1336 1606 in
1367 1553 1480 1622 lege
1514 1568 1772 1621 peccave-

186 1652 336 1709 runt,
376 1658 476 1711 per
505 1642 1100 1711 legemjudicabuntur
1129 1642 1306 1709 (Rom.
1342 1659 1403 1708 ιι,
1434 1643 1544 1709 ιε).
1588 1662 1604 1694 ι
1641 1641 1775 1699 Siue

184 1736 299 1804 lege
340 1736 557 1804 impius
587 1746 691 1799 est,
729 1737 823 1805 qui
881 1735 937 1789 in
984 1745 1249 1789 aeternum
1300 1736 1525 1807 peribit.
1563 1737 1621 1790 In
1658 1737 1775 1805 lege

187 1839 453 1895 peccator
486 1828 721 1885 credens
756 1830 811 1884 in
841 1829 1034 1895 Deum,
1066 1832 1161 1901 qui
1196 1846 1295 1899 per
1330 1830 1502 1899 legem
1554 1829 1770 1899 judica-

186 1924 356 1984 bitur.
390 1934 447 1977 et
486 1939 596 1977 non
631 1924 849 1992 peribit.
884 1923 943 1978 Si
974 1934 1290 1991 peccatores
1319 1932 1373 1978 et
1406 1925 1573 1995 iniqui
1604 1935 1770 1981 aeter-

184 2017 263 2069 nis
284 2016 516 2083 ignibus
537 2024 869 2079 exuruntur,
901 2032 1011 2072 non
1040 2017 1207 2073 times
1238 2020 1566 2074 sententiam
1596 2030 1768 2081 tuam,

182 2110 267 2173 qui
296 2110 560 2178 iniquum
594 2118 648 2163 et
678 2119 1023 2177 peccatorem
1060 2119 1112 2164 te
1137 2125 1263 2165 esse
1283 2111 1464 2169 dicis?
1499 2112 1565 2167 Et
1599 2128 1767 2183 argu-

184 2311 299 2346 rum
332 2292 565 2345 adducit
594 2293 857 2345 Servatus
882 2290 1067 2359 Lupus
1093 2291 1145 2343 in
1176 2291 1509 2348 Collectmteo
1524 2293 1588 2348 de
1609 2298 1772 2353 tribus

190 2366 596 2423 mmtionibm.
628 2373 684 2417 ut
718 2377 872 2416 suam
909 2362 976 2415 de
1024 2361 1498 2430 pra‘destinntione
1556 2378 1775 2422 senten-

183 2437 306 2487 tinn
325 2437 554 2504 probet.
573 2436 627 2487 in
661 2448 823 2507 quem
845 2448 1063 2507 sensum
1089 2433 1285 2507 aliae:
1311 2434 1638 2507 Hieronymo
1688 2449 1771 2494 te.

182 2502 448 2577 stimonia
481 2521 550 2557 ex
580 2505 743 2577 tertio
776 2502 944 2577 huius
971 2503 1153 2577 operis
1180 2503 1321 2577 libro
1346 2509 1399 2558 in
1424 2502 1551 2577 line,
1612 2518 1774 2577 atque

183 2596 240 2629 μς
294 2575 737 2629 Commentariis
796 2570 865 2627 ini
914 2570 1107 2627 Isaiam
1173 2576 1386 2629 recitat.
1437 2573 1571 2631 lliuc
1626 2570 1775 2633 certe

183 2648 361 2699 hausit
396 2643 1018 2715 Pseudo-Hietnuymus
1049 2644 1103 2697 in
1134 2643 1413 2699 Breviario
1471 2647 1525 2701 in
1562 2647 1775 2702 Psalte-

183 2734 321 2769 num
362 2736 378 2771 :
424 2736 442 2764 σ
479 2716 606 2771 Non
646 2716 804 2778 dixit,
835 2715 962 2784 quia
985 2728 1095 2786 non
1155 2725 1464 2784 resurgant.
1521 2721 1613 2772 sed
1645 2722 1772 2786 quia

182 2796 230 2840 iu
261 2788 486 2854 judicio
513 2802 624 2841 neu
652 2793 946 2854 resurgunt
980 2801 997 2851 ;
1024 2785 1134 2852 jam
1167 2787 1313 2840 enim
1370 2788 1439 2842 de
1463 2788 1549 2842 his
1578 2785 1773 2858 praeiu-

181 2861 422 2911 diratnni
454 2867 568 2911 est.
614 2875 633 2907 ι

253 2931 263 2958 ¹
302 2929 497 2981 Innnit
544 2925 787 2998 proceris
840 2934 1065 2998 statura:
1102 2925 1374 2998 hominem
1421 2927 1587 2981 fuisse
1625 2928 1773 2983 Pela-

182 3006 353 3070 gium,
393 2995 565 3065 quem
600 3008 656 3052 et
679 2999 741 3070 in,
771 2995 979 3070 praefat.
1009 2996 1190 3070 _lib.iu
1226 2997 1277 3052 iu
1330 2996 1622 3052 Jeremiam
1678 3016 1775 3053 vo-

183 3066 267 3124 cat
304 3090 322 3120 ι
368 3072 636 3135 Alpinum
705 3066 836 3137 (leg.
896 3066 1182 3133 Albinum)
1245 3083 1455 3129 canem,
1511 3071 1772 3136 grandem

182 3154 228 3192 et
256 3142 673 3210 corpulentum,
707 3148 762 3191 et
804 3137 899 3204 qui
923 3137 1162 3193 calcibus
1187 3140 1357 3208 magis
1393 3142 1562 3202 possit
1612 3142 1775 3195 saevi-

184 3227 238 3264 re
274 3227 452 3274 quam
486 3209 765 3261 dentibus.
809 3226 828 3258 ι

248 3287 267 3315 ³
302 3282 467 3335 llunc
494 3279 674 3332 locum
708 3278 949 3346 plerique
978 3293 1168 3333 omnes
1200 3278 1513 3402 suggillant.
1569 3289 1621 3335 et
1671 3296 1766 3334 ca-

248 3355 557 3402 mniantur.
591 3364 655 3402 ac
690 3364 793 3402 non
859 3347 1018 3402 modo
1072 3349 1255 3402 hetero
1298 3349 1410 3402 oxi.
1465 3351 1640 3402 unalis
1686 3360 1766 3402 est

184 3355 557 3407 lnmniantur.
591 3364 655 3404 ac
690 3364 793 3402 non
859 3347 1018 3402 modo
1072 3347 1410 3414 heterodoxi,
1465 3351 1640 3416 qualis
1686 3360 1773 3406 est

182 3424 509 3476 Stanislans
542 3417 856 3473 PannOnins
911 3420 1290 3487 Anabaptista.
1322 3418 1416 3473 lib.
1475 3422 1539 3472 (te
1589 3424 1772 3475 divina

189 3490 635 3556 Philumhropia,
690 3489 756 3542 ad
788 3488 1045 3543 nefariam
1089 3490 1336 3544 haeresim
1357 3494 1770 3556 perStruendam

186 3574 505 3632 usurpant;
544 3576 729 3632 verum
765 3560 925 3613 etiam
949 3559 1253 3632 doctissimi
1289 3559 1395 3632 viri
1450 3574 1514 3614 at:
1556 3577 1770 3632 suntme

185 3629 476 3691 catholici,
530 3631 709 3699 qualis
738 3638 821 3683 est
878 3642 1026 3699 certe
1073 3629 1429 3685 Abrineensis
1480 3631 1769 3699 episcopus

187 3706 375 3758 Daniel
462 3698 717 3762 Huelius,
756 3700 807 3752 in
878 3698 1246 3762 Origenianis.
1300 3700 1396 3753 lib.
1430 3715 1492 3762 ιι.
1520 3698 1766 3756 alienum

192 3772 607 3841 pronttntianta
640 3780 786 3824 recta
805 3770 930 3841 ﬁde.
956 3770 1065 3824 Nec
1092 3770 1313 3824 dubium
1345 3775 1387 3823 si
1418 3771 1772 3839 quemadmo~

183 3839 313 3901 dum
361 3846 822 3909 interpetrantur,
878 3839 1239 3910 Hieronymus
1279 3840 1501 3903 dixerit,
1554 3842 1771 3897 diabolo

186 3926 406 3969 tantum
456 3922 623 3976 atque
676 3912 858 3977 impiis
924 3912 1308 3975 «hominibus,
1368 3913 1459 3977 qui
1524 3913 1768 3965 notitiam

187 3988 277 4040 Dei
317 3999 429 4049 non
470 3982 695 4043 habent,
733 3999 751 4029 ι
795 3980 1156 4048 sempiternas
1213 3979 1469 4034 destinari
1530 3996 1767 4049 plenas;

189 4046 413 4115 iniquis
433 4064 564 4103 vero
587 4046 931 4109 Christianis,
962 4051 1179 4103 tametsi
1226 4046 1542 4118 graviorum
1600 4046 1769 4105 scele-

189 4142 311 4179 rum
351 4123 483 4178 rcis.
537 4120 880 4173 solummodo
930 4121 1310 4187 temporarias.
1345 4118 1451 4173 Sed
1479 4136 1587 4174 non
1646 4138 1767 4173 eam

188 4199 359 4249 fuisse
384 4192 509 4259 ejus
539 4201 772 4242 mentem
800 4258 803 4259 ν
831 4192 1125 4250 contendo,
1184 4192 1226 4244 si
1276 4192 1559 4243 commode
1599 4192 1771 4258 possit

186 4258 474 4319 catholico
509 4275 672 4313 sensu
699 4258 891 4326 accipi,
922 4274 989 4313 ne
1018 4259 1459 4313 invidiosissimze
1485 4261 1771 4314 calumnia:

189 4345 377 4403 pateat
430 4329 787 4403 sanctissimi
842 4329 1015 4403 Patris
1077 4330 1346 4383 doctrina.
1414 4330 1679 4403 Equidem
1707 4331 1768 4403 Asi

192 4398 360 4472 imjus
443 4399 828 4453 tantummodo
884 4398 985 4453 loci
1044 4403 1284 4472 suspicio
1337 4401 1616 4469 purganda
1672 4401 1767 4463 sit,

187 4471 350 4529 {sane
379 4472 750 4540 praestiterim,
784 4472 855 4523 ita
911 4471 1256 4538 exponendo.
1308 4472 1766 4540 quemadmodum

189 4538 413 4602 nativus
455 4540 718 4595 orationis
760 4554 954 4593 sensus
1000 4556 1107 4606 pra:
1135 4555 1193 4593 se
1237 4540 1386 4594 fert:
1439 4538 1767 4594 Christianos

185 4636 295 4672 non
327 4624 515 4666 tamen
540 4610 996 4677 prwvaricatores,
1023 4624 1160 4678 quos
1187 4612 1345 4661 modo
1369 4612 1548 4678 impiis
1595 4627 1767 4664 auun-

187 4687 395 4740 nieravi
430 4721 445 4745 ,
479 4684 525 4734 si
559 4684 609 4731 in
639 4691 852 4747 peccato
878 4685 1123 4746 prementi
1180 4680 1397 4748 fuerint,
1442 4683 1631 4749 utique
1700 4682 1775 4733 le-

190 4760 366 4819 vidre,
394 4754 542 4821 quod
572 4766 600 4803 a
636 4754 751 4818 lege
778 4752 1149 4817 praevaricatio
1184 4766 1289 4803 non
1344 4750 1435 4815 sit,
1466 4820 1469 4821 ν
1496 4752 1776 4804 salvandos

185 4844 299 4880 esse
329 4820 452 4895 post
478 4837 681 4888 prunas,
719 4822 933 4895 scilicet
958 4824 1325 4895 purgatorias,
1364 4820 1563 4895 quibus
1598 4824 1767 4895 deleri

188 4889 485 4965 peccatum
517 4900 719 4965 queat.
742 4889 936 4944 Verum
982 4889 1188 4965 scimus
1220 4890 1286 4943 tle
1316 4894 1476 4965 hujus
1514 4892 1618 4943 loci
1646 4909 1771 4944 seu-

188 4961 253 5020 su
280 4983 350 5021 ex
387 4970 625 5015 duorum
652 4962 884 5014 aliorum
920 4962 1211 5014 collatione
1246 4963 1383 5015 velle
1413 4961 1769 5016 adversarios

188 5039 336 5093 sumi
362 5035 668 5103 judicium.
702 5030 948 5103 Alterum
976 5040 1260 5099 opponunt
1310 5046 1374 5084 ex
1420 5031 1769 5085 Commenta-

192 5112 289 5162 riis
321 5101 376 5159 in
414 5104 611 5157 Isaiam
648 5116 769 5167 cap.
809 5101 1035 5154 ultimo:
1072 5104 1255 5154 «Sicut
1285 5103 1509 5164 diaboli,
1550 5111 1603 5153 et
1650 5117 1772 5155 Otii-

192 5184 346 5232 uiuni
379 5182 701 5243 negaturum
728 5181 893 5240 atque
918 5172 1235 5238 impiorum,
1278 5174 1369 5240 qui
1420 5173 1676 5224 dixerunt
1717 5174 1769 5224 in

190 5249 363 5304 corde
419 5261 547 5305 suo,
572 5258 673 5294 non
691 5249 769 5295 est
797 5243 962 5302 Deus,
986 5246 1258 5296 credimus
1283 5254 1485 5296 acterna
1534 5250 1773 5293 tormen-

194 5334 287 5385 ta;
336 5319 420 5371 sic
485 5324 839 5382 peccatorum
896 5322 1057 5379 atque
1112 5314 1425 5385 impiorum,
1481 5320 1536 5365 et
1590 5322 1767 5365 tamen

191 5381 654 5446 Christianorum,
686 5397 917 5450 quorum
953 5399 1114 5448 opera
1139 5381 1263 5450 igne
1282 5385 1561 5452 probanda
1606 5393 1771 5449 atque

192 5460 485 5530 purganda
511 5465 659 5513 sunt,
695 5455 1427 5530 tnoderatani__arbitramur,
1460 5464 1508 5504 et
1545 5457 1765 5504 mistam

193 5521 511 5585 clementiae
563 5522 887 5576 sententiain
942 5521 1161 5588 judicis.
1206 5540 1225 5572 ι
1277 5524 1522 5576 Alterum
1581 5537 1646 5575 ex
1683 5537 1769 5586 eo,

192 5601 346 5667 quod
382 5596 578 5651 eadem
607 5595 658 5667 in
689 5593 1109 5667 tioniuientariis
1136 5596 1496 5667 quoqttehsuis
1515 5593 1580 5667 in
1605 5594 1767 5660 epist.

195 5662 264 5724 ad
291 5669 577 5737 Ephesios
599 5665 656 5716 ὃ.
686 5662 887 5715 Doctor
915 5676 1233 5737 _aspct°s'eijit,
1264 5672 1320 5716 et
1350 5662 1528 5715 ltntini
1592 5677 1774 5737 repre-

198 5733 501 5795 nensiones
550 5736 851 5796 declinans,
913 5735 1005 5788 lib.
1071 5751 1106 5786 ιι
1150 5736 1444 5802 Apologue,
1493 5747 1648 5785 nunt.
1711 5733 1765 5795 7,

194 5810 538 5879 scripserit:
603 5822 621 5855 ι
667 5806 1048 5879 ριιυιιλκιιιριιι
1098 5802 1765 5879 imprecarisfratribus,

197 5875 331 5937 tioc'
362 5890 443 5934 est
501 5876 940 5932 criminatoribus
1001 5888 1109 5927 tuis
1162 5886 1395 5929 .ctcrnos
1442 5875 1593 5942 igncs
1643 5888 1765 5927 cuni

1881 635 2058 687 posse.
2081 621 2222 691 Ergo
2260 624 2408 676 solus
2447 622 2535 676 ille
2571 624 2832 689 salvetur,
2872 626 2963 692 qui
3019 645 3298 697 nunquam
3330 632 3457 694 fuit,

1881 728 1979 767 nec
2022 726 2125 776 est,
2161 716 2255 769 sed
2310 716 2529 770 futurus
2586 720 2879 790 99,726
2907 729 3001 774 aut
3056 720 3283 777 lorsitau
3344 738 3453 779 nec

1880 805 2099 862 futurus
2136 824 2151 863 :
2196 817 2250 862 et
2279 818 2504 879 pereant
2532 825 2747 872 omnes.
2782 828 2921 882 quos
2963 825 3112 870 retro
3156 816 3330 873 fuisse
3365 821 3445 873 le-

1878 902 2079 973 gimus.
2121 902 2198 956 'l'n
2234 904 2351 972 ipse
2378 904 2470 973 qui
2503 904 2807 960 Catoniana
2842 907 2950 975 (Al.
3002 908 3324 979 Catoniaca)
3360 930 3457 966 no-

1878 994 1961 1049 bis
2002 996 2211 1049 inﬂaris
2241 999 2519 1065 superbia,
2569 1008 2624 1051 et
2656 998 2878 1053 Milonis
2909 1002 3156 1059 humeris
3206 1005 3450 1061 intnnie-
3524 1018 3525 1021 ‘

1879 1088 1989 1142 scis
2023 1089 2062 1151 ¹,
2121 1104 2226 1156 qua
2260 1090 2589 1153 temeritate,
2640 1099 2917 1160 peccator,
2969 1096 3213 1156 magistri
3252 1114 3453 1153 nomen

1877 1180 2161 1235 assumis?
2198 1181 2305 1235 Aut
2335 1182 2379 1235 si
2416 1181 2593 1249 iustus
2642 1198 2726 1248 es,
2761 1192 2815 1239 et
2865 1183 3170 1242 humilitate
3221 1190 3456 1244 simulas

1880 1285 2247 1344 peccatorem,
2301 1276 2625 1330 mirabimur
2659 1288 2821 1347 atque
2844 1280 3208 1347 gaudebimus
3234 1284 3437 1338 habere

1880 1383 1930 1426 te
1952 1373 2129 1426 solum
2155 1383 2208 1426 et
2235 1371 2520 1439 possidere
2550 1387 2673 1425 cum
2703 1376 2891 1439 sociis,
2917 1377 3061 1445 quod
3087 1393 3191 1434 nec
3217 1380 3452 1448 patriar-

1877 1466 2128 1526 charum,
2162 1479 2261 1519 nec
2295 1465 2708 1533 prophetarum,
2745 1482 2845 1521 nec
2878 1472 3260 1539 apostolorum
3298 1475 3455 1542 quis-

1876 1556 2022 1625 piam
2065 1554 2276 1609 habuit.
2311 1554 2367 1608 Si
2399 1556 2508 1624 (Al.
2542 1556 2650 1623 sin)
2709 1564 2894 1613 autem
2949 1558 3216 1627 Origenes
3262 1576 3456 1616 omnes

1878 1645 2244 1700 rationabiles
2276 1656 2560 1700 creaturas
2593 1648 2725 1702 dicit
2762 1664 2867 1703 non
2898 1664 3020 1705 esse
3046 1652 3375 1721 perdendas,
3398 1662 3457 1707 et

1877 1739 2096 1793 diabolo
2130 1737 2322 1793 tribuit
2372 1741 2772 1807 paenitentiam,
2808 1745 2938 1812 quid
2980 1746 3047 1800 ad
3087 1762 3209 1809 nos,
3260 1750 3353 1816 qui
3400 1757 3455 1802 et

1880 1831 2156 1887 diabolum
2177 1840 2233 1887 et
2256 1833 2523 1888 satellites
2548 1836 2665 1901 ejus
2690 1851 2993 1907 omnesque
3020 1837 3219 1907 impios
3238 1851 3291 1892 et
3316 1857 3453 1907 pra:-

1880 1927 2211 1982 varicatores
2227 1927 2459 1982 dicimus
2486 1928 2664 1996 perire
2689 1942 2979 1997 perpetuo,
3004 1940 3058 1985 et
3085 1931 3452 1997 Christianos,

1880 2021 1923 2075 si
1956 2023 2007 2075 in
2045 2028 2270 2091 peccato
2324 2022 2580 2091 precventi
2630 2020 2833 2077 fuerint
2867 2026 2909 2087 ³.
2973 2025 3271 2080 salvandos
3325 2042 3455 2082 esse

1876 2122 1998 2183 post
2028 2112 2263 2181 pinnas?

1875 2294 2394 2368 diaholo,_nou_tam
2455 2292 2650 2368 fratres
2705 2295 2832 2349 mihi
2901 2296 3104 2352 videris
3175 2315 3450 2368 premere,

1876 2379 2067 2437 quam_
2106 2364 2383 2437 diabolum
2437 2366 2747 2437 sublevare,
2805 2382 2926 2437 cum
2977 2364 3189 2437 iisdcm'
3239 2373 3445 2437 quibus

1877 2434 2162 2489 christiani
2191 2436 2405 2508 ignibus
2441 2436 2751 2508 puniendus
2774 2436 2868 2491 sit.
2904 2454 2923 2489 ι
2974 2436 3069 2490 llis
3099 2442 3144 2493 si
3206 2434 3452 2508 oppona-

1876 2513 2273 2579 mussexcenta
2308 2504 2815 2579 ipsinsllieronynii
2876 2509 3184 2579 testimonia
3246 2504 3451 2579 quibus

1875 2588 2105 2630 mternas
2132 2577 2400 2648 malorum
2443 2575 2908 2648 Christianorum,
2945 2578 3036 2647 qui
3091 2575 3299 2647 absque
3331 2600 3451 2648 pm-

1875 2647 2103 2701 nitentia
2142 2647 2495 2717 decesserint,
2532 2645 2742 2717 (uturas
2769 2645 2976 2717 poenas
3004 2645 3262 2717 expresse
3284 2645 3453 2706 tradi-
3486 2696 3493 2710 .

1874 2719 1972 2775 dit.
2011 2717 2082 2768 nil
2118 2716 2345 2787 amplius
2378 2715 2556 2769 evinci
2595 2715 2803 2776 volunt.
2840 2733 3000 2787 quam
3032 2715 3270 2776 mutasse
3296 2723 3448 2777 illum

1876 2786 2174 2860 aliquando
2201 2787 2552 2860 sententiain,
2584 2802 2685 2860 nec
2720 2789 2878 2860 unice
2924 2803 3141 2854 semper
3193 2794 3441 2860 opinioni

1877 2857 2193 2931 adhaesisse.
2244 2856 2408 2931 Quasi
2446 2872 2575 2931 vero
2612 2856 2806 2931 ingliis,
2849 2874 2986 2931 quos
3015 2856 3300 2931 tantopere
3359 2880 3452 2919 ca.

1878 2929 2213 2996 linnniantur
2244 2926 2396 2987 locis,
2438 2926 2714 2981 abnormis
2744 2930 2862 2996 ejus
2891 2930 3153 2984 doctrinae
3173 2926 3327 2986 crror
3356 2937 3451 2989 sit.

1880 2997 2055 3051 Dixit:
2090 2994 2519 3057 «Peccatorum,
2578 2999 2673 3050 sed
2737 2994 2917 3052 tamen
2975 2998 3448 3065 Christianorum.

1877 3084 2108 3136 quorum
2130 3082 2291 3134 opera
2314 3070 2441 3139 igne
2467 3067 2741 3132 probanda
2799 3078 2964 3137 atque
2997 3063 3276 3139 purganda
3299 3063 3449 3135 sunt.

1878 3140 2212 3192 moderatam
2247 3137 2499 3190 arbitrari
2533 3152 2614 3199 se,
2643 3148 2694 3191 et
2723 3140 2935 3192 uiistam
2969 3137 3275 3196 clementia:
3318 3160 3449 3197 sen-

1878 3208 2099 3260 teutiaui
2124 3207 2342 3271 judicis.
2388 3225 2406 3257 ι
2448 3205 2601 3258 Pauli
2631 3210 2912 3263 enimvero
2950 3211 3319 3265 testimonium
3365 3226 3452 3269 est

1876 3279 1898 3332 1
1933 3278 2055 3331 Cor.
2086 3293 2168 3338 ui,
2200 3278 2387 3340 ἰδέη,
2417 3277 2850 3332 Christianorum
2882 3283 3184 3349 operaigne
3218 3284 3453 3349 prona"-

1874 3352 1938 3402 da
1963 3358 2019 3420 et
2056 3350 2334 3420 purganda
2367 3387 2380 3409 ,
2430 3358 2488 3401 ut
2532 3351 2837 3404 mercedem
2892 3353 3184 3420 accipiant,
3242 3354 3450 3408 scilicet

1876 3428 1933 3472 ut
1963 3418 2163 3494 leviora
2195 3419 2451 3494 crimina.
2484 3427 2536 3471 et
2576 3434 2697 3485 quin
2728 3418 3021 3494 graviora,
3044 3423 3155 3489 jam
3201 3432 3327 3476 stltll.
3354 3440 3450 3494 per

1876 3488 2248 3556 pieniteutiam
2278 3488 2528 3548 dimissa,
2582 3488 2898 3557 purgatorio
2926 3488 3053 3559 igne
3091 3488 3442 3548 lltllittlt‘nlill'.

1872 3559 1938 3612 Et
1963 3569 2147 3629 noster
2177 3560 2394 3627 quidem
2438 3574 2542 3611 non
2575 3560 2829 3613 omnibus
2861 3561 3061 3629 passim
3088 3560 3446 3627 Christianis,

1873 3630 1969 3684 sed
2013 3629 2077 3683 iis
2118 3628 2295 3682 dixit:
2338 3644 2362 3680 ι
2411 3629 2654 3698 Quorum
2683 3628 3004 3697 opera’igne
3063 3633 3337 3698 probanda
3365 3645 3448 3687 at—

1872 3715 1979 3768 que
1999 3703 2273 3766 purganda
2308 3710 2457 3753 sunt.
2495 3717 2512 3749 ι
2536 3697 2769 3763 (Quibus
2805 3708 2955 3755 certe
2999 3697 3185 3756 verbis
3223 3704 3442 3759 nonnisi

1874 3769 2226 3839 purgatoriis.
2308 3780 2365 3822 ut
2417 3769 2796 3826 ecclesiastico
2841 3787 3007 3826 sensu
3061 3786 3125 3827 ac
3180 3777 3444 3827 vocabulo

1872 3842 2130 3899 dicimus.
2175 3855 2365 3908 pteuas
2399 3840 2464 3893 ad
2494 3848 2706 3907 tempus
2738 3842 3051 3902 duraturas.
3088 3852 3144 3896 et
3192 3843 3444 3898 ﬁdelibus

1872 3911 2071 3966 levium
2131 3915 2415 3980 culparum
2478 3910 2609 3981 rcis,
2668 3918 2775 3981 aut
2846 3912 3158 3979 graviorum
3226 3927 3445 3981 quoque

1874 3992 1992 4048 post
2060 3979 2454 4047 pmnitentiam,
2523 3979 2847 4047 intligcudas
2912 3981 3207 4048 signiticat.
3246 3979 3445 4037 ’Porro

1870 4054 2103 4105 alterum
2176 4050 2548 4104 testimonium
2617 4065 2681 4103 ex
2738 4051 3076 4119 Apolagetico
3148 4050 3443 4106 adductum

1876 4136 1983 4174 non
2016 4136 2224 4181 moror,
2260 4136 2421 4187 supra
2452 4123 2594 4172 enim
2620 4122 2685 4171 ad
2719 4137 2842 4191 cum
2913 4125 3089 4174 locum
3129 4122 3291 4191 (col.
3312 4124 3442 4185 449.

1873 4192 2052 4254 not.‘)
2075 4192 2231 4249 satis.
2260 4201 2317 4242 ut
2349 4194 2563 4256 opinor,
2606 4190 2897 4243 manifesto
2934 4192 3166 4256 ostendi,
3228 4208 3332 4246 non
3379 4196 3445 4246 de

1876 4261 2015 4327 ignis
2036 4261 2341 4314 mternitate
2372 4261 2429 4313 ὃ.
2464 4259 2746 4313 Ductorem
2808 4260 2978 4330 loqui,
3005 4261 3097 4315 sed
3130 4271 3336 4315 tantum
3364 4268 3443 4313 vi-

1870 4333 1983 4383 deri
2020 4332 2122 4384 sibi
2147 4330 2426 4383 diabolum
2457 4330 2753 4398 sublevari,
2790 4332 2937 4398 quod
2978 4346 3102 4384 eum
3151 4332 3344 4385 iisdem
3379 4348 3443 4386 ac

1869 4401 2209 4455 Christianos
2245 4399 2582 4454 cruciatibus
2612 4397 2841 4454 Rufinus
2895 4399 3205 4455 addiceret:
3242 4404 3445 4471 quippe

1870 4473 1959 4540 qui
1993 4472 2281 4532 sentiebat,
2306 4472 2616 4523 acerbiores
2651 4471 2991 4524 daemonibus
3056 4486 3153 4539 pro
3218 4472 3445 4527 sceleris

1870 4544 2154 4609 gravitate,
2186 4556 2348 4609 quam
2385 4540 2633 4595 tidelibus
2691 4541 2960 4594 damnatis
2993 4540 3203 4596 deberi.
3237 4540 3441 4607 Quam-

1874 4615 2060 4667 obrem
2115 4625 2291 4678 neque
2343 4611 2386 4663 si
2437 4612 2770 4678 propositam
2817 4611 2901 4662 hic
2936 4612 3035 4663 luci
3066 4612 3438 4664 ditlicnltateun

1861 4683 2108 4739 .seorsim
2138 4682 2508 4743 extendimus,
2544 4696 2720 4749 neque
2759 4696 2804 4735 si
2830 4696 2953 4733 cum
2984 4681 3107 4733 aliis
3143 4682 3271 4735 hinc
3318 4685 3449 4736 inde

1875 4756 2232 4813 contulimus,
2292 4749 2651 4821 Hieronymus
2712 4760 2913 4805 tenicre
2968 4753 3235 4815 vnleatnr,
3280 4760 3448 4821 atque

1880 4824 2251 4890 imprudenter
2320 4824 2553 4874 loeutus.
2621 4820 2723 4874 Sed
2772 4832 2830 4874 ut
2858 4822 2992 4873 nihil
3038 4821 3320 4873 calumnia:
3358 4820 3448 4876 sit

1877 4895 2169 4960 reliquum,
2199 4892 2327 4944 illud
2370 4900 2452 4943 est
2481 4893 2663 4943 animo
2691 4892 3069 4959 repetendum,
3135 4891 3192 4944 S.
3250 4890 3443 4946 Docto-

1876 4978 1989 5016 rem
2014 4973 2201 5016 contra
2258 4961 2575 5029 Pelagianos
2614 4963 2875 5023 scribere,
2906 4962 3119 5028 sibique
3150 4963 3292 5015 hunc
3323 4980 3443 5017 esse

1877 5035 2214 5101 propositum
2246 5047 2491 5098 scopum,
2546 5041 2735 5084 contra
2788 5031 3001 5083 illorum
3082 5034 3327 5085 insanias
3376 5038 3445 5087 de

1877 5114 2220 5174 peccatorum
2247 5103 2452 5174 meritis
2488 5112 2538 5154 et
2583 5103 2926 5174 remissione.
2985 5103 3127 5169 quod
3160 5104 3303 5174 ets.
3330 5105 3445 5174 An-
3534 5171 3538 5174 ~

1874 5174 2124 5241 guminus
2147 5172 2294 5231 fecit,
2328 5173 2630 5239 disputare.
2680 5171 3093 5237 Pelagianorum
3149 5172 3291 5222 enim
3329 5173 3444 5225 hazc

1873 5253 1993 5294 erat
2020 5243 2348 5310 hypocrisis,
2379 5258 2408 5293 e
2440 5241 2748 5294 Stoicorum
2819 5251 2942 5291 nata
2986 5241 3224 5294 cmuosis
3280 5241 3443 5293 fonti-

1878 5318 1999 5373 bus,
2032 5327 2088 5364 tit
2120 5328 2240 5379 quae
2269 5311 2403 5365 levia
2434 5324 2590 5363 erant
2620 5320 2861 5375 peccata,
2899 5310 3000 5377 ipsi
3037 5314 3192 5376 longe
3234 5311 3442 5377 gravis-

1876 5384 2016 5435 sima
2057 5384 2320 5444 dicerent,
2356 5385 2464 5433 imo
2496 5389 2556 5433 ut
2608 5385 2770 5447 paulo
2817 5396 3068 5448 superius
3120 5382 3442 5434 adnotatum

1874 5466 1976 5515 εει,
2015 5467 2118 5504 ιιοιι
2146 5454 2549 5519 distinguerent
2584 5453 2722 5504 inter
2749 5451 3005 5503 leviorum
3047 5461 3099 5501 et
3130 5453 3443 5516 graviorum

1874 5526 2168 5575 criminum
2244 5537 2387 5583 reos,
2443 5536 2551 5588 quo
2602 5524 2897 5573 severioris
2934 5520 3158 5587 iustitia:
3215 5528 3440 5574 asseclee

1873 5593 1974 5660 ipsi
2008 5594 2344 5646 \iderentur.
2393 5590 2741 5645 Prolerauith
2768 5590 3000 5656 exempli
3037 5591 3207 5659 gratia
3250 5606 3312 5642 ex
3349 5592 3438 5643 lli-

1873 5664 1992 5716 ldt'il
2028 5663 2362 5731 Syracusani
2417 5678 2503 5729 ep.
2544 5664 2609 5714 ad
2653 5662 3037 5729 Augustinum,
3096 5662 3240 5725 quod
3272 5662 3443 5725 jactao

1876 5744 1988 5785 tutu
2016 5749 2042 5784 a
2074 5728 2387 5798 Pelagianis
2422 5728 2623 5787 dicitur
2655 5750 2667 5785 :
2704 5752 2719 5782 ι
2748 5728 2978 5783 intcui
3025 5742 3334 5782 manentem
3386 5735 3441 5786 ιιι

1873 5805 2074 5857 dmtiis
2107 5818 2221 5858 suis
2250 5819 2472 5871 regnum
2513 5804 2603 5854 ιλιι
2671 5820 2775 5855 non
2826 5817 2985 5869 posse
3042 5801 3274 5866 ingredi,
3337 5803 3444 5858 nisi

1875 5891 2055 5929 omnia
2096 5890 2193 5929 sua
2250 5876 2550 5929 tendidcrit
2579 5890 2590 5935 ;
2624 5890 2723 5927 nec
2756 5881 3015 5942 prodesse
3049 5879 3223 5923 eidem
3259 5888 3441 5941 posse,
