4198 6464
158 420 239 485 ὄις
944 420 1067 480 DIA
1081 419 1326 479 LL‘GUS
1363 418 1654 480 CONTRA
1701 419 1816 479 [‘Ei

1753 419 2200 481 ELAGHNOS.
2244 445 2308 453 -
2350 420 2497 482 LIB.
2541 420 2587 480 Ι.
3304 424 3411 490 550

153 534 570 605 appmpinquavit
621 550 787 591 cutm
828 550 1060 607 regnum
1089 538 1353 592 cinlorum
1394 537 1610 607 (.llattli.
1646 552 1718 596 IV,
1757 547 1794 598 Α
1830 554 1895 593 nc
1928 538 2063 593 forte
2112 542 2162 594 iu
2214 559 2380 611 opere
2426 554 2481 596 te
2533 543 2731 614 aliquis
2781 542 2985 596 dixisse
3032 543 3406 601 existimaret.

155 631 245 688 17;.
286 646 302 678 ι
335 628 392 681 Et
442 630 647 682 iterum
693 647 707 683 :
753 649 773 681 ι
834 630 1121 686 Circuibat
1158 629 1318 683 Jesus
1368 630 1619 683 civitates
1670 638 1723 682 et
1827 632 2110 685 annectis:
2145 632 2373 685 (Malum
2410 652 2509 689 nec
2542 635 2892 705 cogitandum
2918 634 3304 703 '(tit.csn\-t,
3330 634 3407 690 al.

156 727 294 786 tifCS,
334 724 530 776 docens
560 724 616 776 iu
654 728 971 797 synagogis
1002 723 1114 795 [ΑΙ.
1146 722 1448 795 synagoga]
1488 740 1679 777 eorum
1706 762 1721 785 ,
1827 728 2033 786 cum),
2072 742 2089 776 ι
2131 742 2310 793 neque
2347 727 2489 780 illius
2526 731 2811 784 sententia:
2842 730 3150 783 recordaris
3184 747 3198 783 :
3243 751 3261 778 ι
3306 732 3407 785 De-

154 832 193 872 οι
220 818 492 886 prtcdicans
518 835 763 890 regnum
806 821 906 875 Dei
936 818 1158 889 (ΜιιιιΙι.
1202 836 1279 883 Ix,
1311 819 1461 886 55).»
1494 819 1557 871 Et
1587 834 1695 882 apo
1828 819 1951 871 licta
1993 819 2118 888 quis
2152 822 2399 890 intelligit
2421 822 2445 872 ‘i
2471 822 2537 875 ab
2567 823 2803 876 occultis
2840 824 2974 878 meis
3006 823 3170 894 730
3203 825 3406 880 munda

156 915 283 968 stolis
314 913 553 982 prrcipit
593 930 607 966 :
647 934 667 964 ο
723 914 811 969 lte
838 925 895 969 et
935 916 1248 982 praedicatis,
1286 914 1555 978 dicentes,
1589 929 1726 982 quo-
1831 927 1935 975 me,
1969 909 2217 976 Domine,
2250 924 2302 967 et
2350 916 2416 968 ab
2458 915 2655 969 alienis
2707 929 2869 984 parce
2907 930 3065 971 servo
3106 927 3200 970 tuo
3232 917 3402 986 (Psal.

156 1010 274 1061 niam
304 1009 773 1076 appropinquavit
810 1024 1041 1077 regnum
1076 1009 1342 1062 caelorum
1377 1006 1601 1077 (Matth.
1636 1022 1665 1060 ς
1705 1046 1720 1072 ,
1828 1020 1961 1059 mu
1999 1006 2085 1071 13)
2124 1024 2138 1068 ;
2179 1025 2197 1056 ι
2236 1022 2360 1059 cum
2395 1007 2640 1062 Ecclesia
2677 1011 2839 1062 etiam
2873 1024 2934 1062 ea
2969 1024 3087 1077 qua:
3125 1026 3219 1077 per
3255 1012 3407 1078 iguoo

154 1101 215 1152 τι.
252 1118 267 1149 ι
297 1097 368 1151 Tu
402 1107 582 1151 autem
615 1098 748 1153 illos
796 1098 1131 1153 Mznniclizeos
1160 1112 1344 1162 vocas,
1377 1097 1503 1166 quia
1542 1094 1674 1167 Legi
1706 1095 1722 1126 ⁸
1829 1099 2062 1151 rantiam
2089 1100 2481 1166 delinquimus,
2516 1114 2565 1155 et
2591 1106 2702 1157 sola
2733 1104 3066 1173 cogitatione
3092 1119 3409 1173 peccamus,

158 1196 469 1263 llrangelium
522 1193 925 1264 pr:eferentes,
983 1195 1035 1246 iu
1092 1192 1181 1246 illa
1222 1196 1491 1253 umbram,
1528 1190 1581 1243 in
1619 1191 1725 1244 hoc
1827 1194 2020 1247 delicta
2060 1208 2181 1247 esse.
2221 1191 2456 1247 fateatur
2491 1212 2504 1261 ;
2541 1194 2593 1248 in
2640 1206 2845 1251 tantum
2872 1238 2887 1263 ,
2943 1204 3003 1251 ut
3054 1198 3262 1255 hostias
3311 1215 3411 1269 pro

156 1292 399 1344 wrime,“
443 1306 568 1344 esse
629 1291 902 1345 dicamus
932 1332 945 1354 ,
999 1298 1053 1345 ει
1105 1304 1209 1342 non
1256 1286 1513 1355 intelligis
1561 1286 1727 1357 729
1828 1303 2016 1341 errore
2059 1287 2247 1355 jnbeat
2306 1286 2516 1354 oﬂ'erri,
2570 1299 2625 1342 et
2662 1291 2903 1359 pontifex
2939 1293 3029 1359 qtti
3076 1310 3172 1363 pro
3209 1305 3409 1349 cuncto

158 1385 281 1436 stiilii
310 1387 407 1437 iam
441 1396 592 1437 tuam
639 1385 1015 1453 impudentiae
1049 1385 1384 1452 copulatam.
1414 1382 1569 1435 Aliud
1604 1398 1725 1436 esse
1827 1378 2026 1446 populo
2067 1379 2430 1445 depreCatur,
2477 1389 2603 1432 ante
2640 1397 2738 1449 pro
2787 1396 2844 1434 se
2894 1381 3089 1436 offerat
3134 1386 3399 1441 victimas

159 1474 248 1546 [ιι.
277 1474 370 1547 est]
416 1476 691 1529 damnare
734 1479 918 1546 legem
950 1515 963 1537 ,
1001 1476 1146 1545 quod
1184 1475 1513 1528 Manichacus
1552 1474 1722 1535 facit;
1830 1471 2020 1539 (Hebr.
2050 1488 2147 1533 vn,
2173 1472 2290 1535 26),
2325 1473 2416 1540 qui
2443 1484 2590 1526 certe
2614 1490 2890 1543 nunquam
2924 1491 3024 1545 pro
3051 1478 3170 1531 aliis
3194 1476 3412 1545 jubere-

155 1571 272 1621 aliul
300 1570 392 1636 legi
424 1568 689 1636 priefc-rre
722 1567 1110 1637 Evangeliuai,
1147 1583 1264 1634 qua:
1291 1567 1587 1636 apostolica
1627 1565 1727 1618 do-
1831 1575 1918 1617 tur
1945 1566 2161 1626 diferre,
2204 1565 2305 1617 nisi
2336 1566 2516 1626 justus
2550 1566 2668 1634 ipse
2699 1579 2898 1631 esset,
2933 1586 3031 1622 nee
3065 1585 3278 1623 rursum
3315 1586 3412 1640 pro

157 1664 300 1713 ctrina
329 1672 423 1714 ρει.
457 1662 509 1712 lu
550 1662 645 1714 illa
689 1662 854 1715 enim
898 1661 1039 1714 servi
1070 1701 1083 1722 ,
1120 1660 1170 1711 iu
1211 1660 1310 1713 hoc
1342 1674 1582 1728 praesens
1619 1656 1724 1709 Do-
1830 1674 1890 1712 se
1936 1658 2175 1721 olferret,
2208 1658 2249 1711 si
2286 1667 2511 1727 peccato
2546 1671 2757 1714 careret
2794 1663 3139 1730 ignorantiie.
3184 1662 3412 1718 Scilicet

160 1752 311 1802 minus
341 1754 616 1819 loquitur;
652 1752 733 1805 ibi
775 1752 1144 1820 promittitur,
1200 1750 1289 1803 hic
1322 1750 1614 1815 impletur;
1650 1748 1721 1801 ibi
1833 1768 1978 1803 nunc
2027 1752 2157 1804 mihi
2213 1751 2477 1807 latissima
2531 1753 2956 1820 Scripturarum
3020 1758 3196 1823 spatia
3252 1771 3411 1823 pe'a-

158 1842 303 1898 initia.
334 1842 417 1895 hic
447 1841 724 1911 perfectio
753 1854 880 1907 est;
914 1842 965 1895 in
1001 1843 1089 1895 illa
1116 1857 1341 1909 operum
1369 1840 1723 1895 fundamenta
1756 1901 1799 1917 ἡ
1832 1843 2033 1907 ςιτιιιιιλ
2068 1843 2087 1872 ⁸
2130 1852 2291 1909 sunt,
2323 1854 2381 1899 ut
2410 1843 2630 1898 doceam
2666 1860 2907 1900 errorem
2941 1856 2995 1900 et
3044 1848 3410 1917 ignorantiam

152 1939 416 2005 jaciunlur,
470 1938 559 1992 hic
612 1938 751 1992 tidei
806 1946 860 1991 et
906 1938 1094 2005 gratiae
1128 1935 1345 1989 culmen
1400 1936 1719 2002 imponitur.
1754 1935 1800 1959 ν
1831 1952 1947 1990 essi-
1978 1948 2282 2003 peceatum.

158 2030 251 2084 lloc
296 2032 571 2097 posuimus
600 2070 616 2096 ,
674 2042 743 2085 ut
799 2030 1007 2101 egregii
1071 2027 1428 2099 prmeeptoris
1476 2030 1726 2083 doctrina
1902 2031 1986 2083 '53.
2024 2028 2152 2082 Esse
2207 2040 2419 2097 peccata
2468 2034 2809 2100 ignorantiw.
2847 2060 2908 2072 -
2942 2031 3004 2085 C.
3046 2031 3285 2088 Obsecro
3331 2042 3403 2095 to,

157 2134 551 2179 monstraretur.
1833 2137 2014 2175 nonne
2052 2122 2267 2187 legisti,
2343 2140 2359 2172 ι
2401 2120 2502 2187 Qui
2545 2125 2739 2177 viderit
2772 2126 3055 2178 mulierem
3103 2126 3167 2179 ad
3202 2141 3412 2178 concu-

213 2218 289 2271 32.
337 2216 681 2285 Principatum
724 2218 1143 2288 Pelagianorum
1192 2221 1500 2274 sententiam
1551 2218 1730 2285 impu-
1832 2216 2149 2285 piscendum
2186 2230 2303 2269 eam
2330 2254 2345 2279 ,
2372 2216 2482 2283 jam
2516 2218 2823 2271 mmchatus
2850 2227 2934 2272 est
2980 2234 3097 2271 eam
3146 2218 3199 2272 in
3244 2220 3413 2273 cordo

157 2321 278 2379 gnat.
304 2341 366 2350 —
397 2312 767 2366 Centesimus
808 2312 1003 2367 titulus
1035 2321 1142 2377 est,
1178 2329 1197 2361 ι
1228 2311 1400 2367 Posse
1444 2312 1722 2365 hominem
1831 2324 1932 2363 suo
1963 2307 2177 2373 (.ilattli.
2210 2326 2261 2369 v,
2306 2308 2439 2379 28)?
2478 2330 2495 2362 ι
2539 2310 2658 2377 Ijlon
2695 2327 2829 2381 ergo
2880 2313 3033 2367 solus
3065 2324 3321 2379 aspectus
3354 2322 3411 2364 et

159 2406 255 2455 sine
284 2414 501 2470 peccato
530 2420 689 2467 esse,
723 2415 786 2459 et
817 2403 907 2458 Dei
938 2405 1190 2458 mandata
1228 2404 1387 2459 facile
1426 2403 1724 2463 custodire,
1832 2403 2102 2456 incentiva
2137 2390 2390 2455 vitiorum
2426 2415 2749 2473 reputantur
2774 2406 2827 2460 in
2858 2415 3140 2474 peccatum
3169 2423 3182 2469 ;
3218 2405 3310 2461 sed
3341 2421 3404 2458 ea

158 2496 194 2548 si
230 2497 365 2557 veht,
403 2514 423 2546 ι
458 2496 528 2551 de
560 2512 680 2563 quo
733 2497 959 2550 abunde
988 2495 1192 2550 dictmn
1238 2507 1341 2550 cst.
1376 2495 1628 2563 Cumque
1666 2508 1726 2546 se
1831 2495 2029 2564 quibus
2054 2496 2410 2550 attriliuimus
2437 2513 2747 2551 assensum;
2772 2500 2879 2553 Aut
2906 2499 3050 2552 enim
3078 2502 3250 2553 vitare
3284 2513 3411 2568 pos-

159 2588 480 2649 imitaiorem,
538 2587 657 2640 imo
707 2588 1051 2655 expletorem
1084 2586 1268 2653 operis
1298 2584 1439 2638 beati
1469 2580 1729 2651 martyris

1832 2606 2021 2643 smnus
2054 2588 2252 2642 malam
2292 2591 2705 2658 cogitationem,
2734 2602 2787 2645 ct
2833 2605 3236 2661 consequenter
3275 2608 3406 2659 pus-

157 2679 407 2748 CF‘Pricmi.
450 2680 767 2734 scribentis
811 2679 876 2733 ad
908 2680 1199 2745 Qniritium
1237 2678 1399 2750 [ωηο
1430 2674 1725 2744 (ἶίνίηυιηῖο
1831 2699 2019 2737 sumus
2048 2698 2238 2736 carere
2267 2693 2526 2751 peccato;
2555 2693 2648 2737 aut
2676 2686 2718 2737 si
2756 2686 2929 2739 vitare
2966 2701 3071 2739 non
3094 2698 3414 2753 posSumus,

159 2787 264 2824 esse
295 2771 526 2826 fateatur
550 2812 565 2837 ,
602 2786 722 2825 nou
759 2772 1015 2840 intelligit
1045 2787 1103 2826 se
1134 2771 1187 2824 in
1220 2775 1411 2826 eodem
1448 2786 1615 2839 opere
1648 2769 1727 2821 di-
1833 2791 1937 2828 non
1982 2784 2260 2843 reputatur
2295 2776 2347 2829 in
2382 2786 2664 2845 peccatum
2706 2777 2751 2839 ',
2786 2778 2926 2844 quod
2961 2776 3141 2830 caveri
3177 2791 3281 2830 non
3318 2792 3409 2843 po-

160 2864 601 2918 sissecontraria.
636 2863 739 2916 Ille
770 2862 825 2915 in
857 2863 1311 2931 quinquagesimo
1335 2871 1532 2930 quarto
1568 2862 1726 2915 titulo
1836 2877 1958 2920 test.
1997 2871 2059 2922 Α.
2087 2868 2295 2922 Cumth
2325 2869 2545 2935 quidem
2583 2871 3011 2936 argumentaris,
3048 2869 3140 2923 sed
3173 2885 3285 2923 non
3316 2868 3405 2921 in-

162 2958 286 3009 Iertii
325 2958 467 3019 libri,
511 2956 679 3025 ponit
723 2955 999 3010 nemiuem
1043 2954 1164 3009 sine
1189 2956 1351 3009 sorde
1374 2964 1425 3008 Cl
1452 2954 1569 3008 sine
1603 2969 1731 3023 βιέυ·
1832 2963 2029 3029 telligis
2062 2962 2589 3030 argumentatione-ii
2625 2969 2772 3013 tuam
2806 2970 3216 3035 contrasacras
3247 2960 3403 3014 Scri-

158 3058 260 3103 cato
290 3066 408 3105 esse
444 3053 492 3115 ’,
526 3050 846 3117 statimque
872 3046 1052 3116 jungit
1076 3046 1408 3110 testimonia,
1443 3047 1493 3098 in
1528 3046 1729 3114 quibus

1833 3066 2020 3124 pluras
2068 3054 2267 3106 faciere.
2304 3050 2506 3105 Volunt
2555 3052 2702 3106 enim
2750 3054 2964 3119 eloquia
2999 3053 3405 3119 Seripturarum

158 3146 392 3211 seriptum
432 3154 518 3197 est
563 3141 721 3210 apud
772 3138 876 3194 Job
925 3157 940 3193 :
982 3158 1001 3190 ι
1058 3139 1191 3205 Quis
1224 3140 1365 3192 ellilll
1414 3139 1647 3191 mutldlls
1699 3151 1725 3189 8
1832 3145 1997 3197 etiam
2033 3144 2395 3211 ignorantiam
2426 3142 2626 3195 habere
2662 3152 2941 3211 pet-catum
2979 3156 2991 3191 :
3031 3140 3178 3194 unde
3206 3150 3260 3193 et
3302 3140 3412 3195 Jul»

158 3235 432 3289 sordibus?
458 3250 565 3288 nec
597 3239 647 3287 si
706 3233 875 3287 unius
910 3232 1070 3285 etiam
1104 3232 1209 3285 diei
1258 3232 1330 3284 sit
1363 3232 1465 3283 vita
1517 3230 1635 3297 ejus
1669 3230 1721 3283 in
1754 3242 1796 3295 ε
1832 3240 1969 3305 (cap.
2001 3236 2039 3305 ι)
2076 3234 2237 3288 olfert
2281 3235 2489 3287 hostias
2526 3249 2625 3303 pro
2663 3235 2787 3287 filiis
2827 3233 2964 3296 suis,
3016 3250 3083 3287 uc
3132 3231 3269 3287 forte
3306 3250 3403 3301 per

160 3336 283 3377 terra
308 3326 419 3389 (Job
479 3341 603 3385 xlv,
640 3324 727 3389 ι).
762 3342 780 3374 ι
811 3323 876 3377 Et
899 3323 948 3383 in
993 3322 1201 3392 psalmo
1230 3322 1681 3389 quinquagesimo
1712 3336 1726 3372 ε
1833 3329 2189 3397 ignm‘autiuut
2225 3327 2276 3378 iu
2301 3328 2631 3390 cogitatione
2658 3327 3021 3395 peccaverint.
3051 3326 3112 3378 Et
3141 3326 3233 3395 qui
3260 3328 3405 3396 ligna

163 3417 311 3472 ilicce
334 3420 386 3470 in
416 3416 821 3487 iniquitatibus
852 3425 1149 3483 conceptus
1182 3429 1329 3474 sum.
1362 3426 1413 3466 Cl
1449 3415 1499 3465 ill
1537 3429 1729 3482 pecca-
1831 3437 1909 3474 cie
1932 3422 2008 3484 fit,
2043 3420 2087 3473 si
2123 3419 2301 3473 Securi
2353 3434 2416 3471 ac
2451 3418 2594 3472 ferro
2645 3418 2885 3487 fugiente
2918 3418 2985 3472 de
3028 3419 3195 3487 ligno,
3238 3418 3405 3472 homo

160 3513 218 3562 tis
246 3513 489 3579 concepit
523 3512 547 3542 ⁸
577 3524 674 3563 me
723 3518 897 3562 mater
944 3522 1061 3560 mea
1091 3506 1266 3575 (Prol.
1319 3521 1356 3571 ι,
1386 3506 1463 3572 t3).
1506 3524 1523 3557 ι
1565 3506 1631 3559 Et
1670 3505 1725 3558 iu
1833 3510 1993 3564 inierit
2030 3510 2269 3571 occisus,
2310 3522 2535 3574 pergere
2564 3508 2789 3574 jubeiur
2824 3507 2888 3559 ad
2923 3506 3115 3559 urbem
3154 3505 3408 3573 fugitivo-

162 3600 383 3671 Epistola
423 3600 668 3655 Joannis
704 3617 721 3655 :
764 3619 781 3651 ι
825 3599 879 3654 Si
921 3599 1239 3662 dixerimus,
1284 3598 1411 3666 quia
1442 3608 1723 3663 peccatum
1831 3618 1951 3656 rum
1994 3612 2047 3655 ct
2085 3602 2271 3653 tandiu
2320 3600 2389 3652 ibi
2455 3614 2597 3659 esse.
2632 3598 2871 3667 quandiu
2932 3598 3190 3652 sacerdos
3234 3598 3406 3649 niaxi-

159 3712 249 3747 non
282 3696 570 3756 habemus,
600 3693 972 3758 nosmetipsos
1000 3691 1329 3759 decipimus,
1357 3702 1407 3741 et
1438 3690 1641 3743 veritas
1672 3690 1723 3741 iu
1834 3710 1952 3749 mus
1986 3693 2250 3745 moriatur
2288 3690 2472 3754 (Deut.
2512 3706 2626 3754 xix,
2662 3690 2717 3753 ι,
2750 3688 2826 3750 5),
2876 3688 2925 3741 id
2960 3696 3065 3751 est,
3100 3687 3408 3739 redimatur

161 3790 298 3841 00b?!
328 3805 431 3842 non
464 3799 552 3842 est
589 3787 642 3855 (I
675 3784 841 3840 Ιοαη.
871 3802 907 3849 t,
938 3786 1046 3853 8).»
1078 3784 1157 3837 Tu
1184 3802 1213 3837 υ
1244 3784 1460 3837 diverso
1500 3782 1725 3847 asset‘is,
1832 3790 2096 3856 sanguine
2130 3782 2431 3837 Salvatoris
2454 3821 2468 3843 ,
2502 3789 2596 3833 aut
2630 3782 2681 3832 in
2717 3780 2879 3833 domo
2912 3778 3276 3848 baptismatis,
3311 3787 3406 3831 aut

163 3898 177 3927 ι
213 3880 366 3934 Posse.
412 3882 705 3933 hominem
754 3880 872 3932 sine
918 3886 1143 3947 peccato
1179 3891 1324 3941 esse;
1382 3896 1400 3929 ι
1451 3886 1502 3930 et
1535 3883 1594 3927 ut
1628 3876 1727 3927 hoc

1834 3880 1885 3933 in
1941 3879 2282 3948 poenitentia,
2328 3892 2448 3943 qua:
2493 3875 2744 3927 imitatur
2775 3873 3121 3940 baptismatis
3171 3872 3402 3940 gratiam

160 3988 324 4025 terum
352 3974 565 4026 dixisse,
608 3972 845 4023 videaris
872 4014 885 4034 ,
928 3970 1108 4022 statim
1146 3970 1399 4039 adjungis
1426 4010 1439 4033 ,
1478 3986 1496 4019 ι
1536 3966 1599 4021 Et
1634 3966 1725 4019 Dei
1832 3984 1925 4037 per
1976 3968 2301 4021 iutﬂ’ahilem
2364 3964 2709 4016 clementiam
2766 3960 3093 4024 Salvatoris,
3150 3964 3240 4028 qui
3295 3976 3405 4014 non

158 4054 387 4116 mandata
423 4064 594 4117 facile
628 4064 924 4126 cnstolire,
953 4064 993 4114 si
1025 4063 1170 4126 ve!ii,
1212 4081 1229 4112 ι
1261 4076 1383 4130 qua:
1413 4070 1506 4113 aut
1543 4075 1721 4124 rarus,
1830 4058 1945 4110 Vttll
1997 4072 2173 4125 perire
2206 4071 2535 4123 quemquam
2577 4054 2621 4116 ⁸,
2661 4068 2761 4107 nec
2806 4053 3106 4106 delectatur
3138 4054 3409 4105 mortibus

158 4172 231 4207 aut
267 4158 445 4209 nullus
475 4154 751 4221 implevit.
792 4154 845 4205 Si
877 4158 1020 4206 enim
1052 4154 1227 4207 facilia
1276 4164 1425 4217 Sunt,
1463 4154 1659 4208 debent
1695 4167 1725 4206 a
1831 4158 2210 4220 peccatorum,
2245 4148 2337 4199 sed
2373 4158 2433 4199 ut
2464 4157 2855 4200 convertantur
2882 4156 2935 4197 et
2971 4150 3151 4196 vivant
3184 4142 3399 4212 (Ezec/r.

158 4253 383 4312 pluribus
416 4248 720 4302 custodiri.
757 4246 851 4299 Sin
885 4256 1089 4306 autem,
1119 4257 1174 4299 ut
1208 4248 1570 4299 concedamus
1609 4246 1724 4304 tibi,
1834 4260 1985 4306 xvui,
2015 4243 2129 4297 23).
2159 4241 2221 4294 C.
2254 4240 2404 4307 Rogo
2432 4255 2551 4309 quae
2579 4250 2665 4293 est
2694 4238 2796 4291 ista
2824 4238 3059 4306 justitia,
3097 4250 3148 4288 ut
3186 4238 3238 4290 in
3278 4253 3404 4305 pee-

160 4358 299 4395 rarus
325 4344 632 4410 quisquam
660 4354 721 4392 ea
756 4340 978 4405 implere
1012 4348 1211 4406 potest,
1256 4336 1605 4391 manifestum
1643 4347 1728 4391 est
1832 4345 1953 4388 cato
1983 4341 2167 4385 tenear
2195 4332 2423 4390 erroris,
2461 4329 2620 4396 cuius
2654 4336 2861 4380 reatum
2903 4343 3012 4380 non
3065 4328 3226 4380 habet
3263 4343 3398 4379 con-

154 4450 261 4487 esse
292 4434 513 4485 difficile
546 4432 915 4500 quod‘rarum
950 4431 1250 4499 est.Aique
1283 4439 1339 4481 ut
1368 4430 1470 4482 hoc
1502 4444 1722 4495 augeas,
1832 4425 2102 4481 scientia?
2151 4421 2349 4476 Nescio
2390 4438 2473 4473 me
2526 4434 2814 4489 pisci-asse,
2867 4428 2923 4473 et
2961 4420 3083 4487 ejus
3125 4421 3199 4473 rei
3238 4434 3406 4488 quam

155 4538 198 4573 et
229 4525 670 4593 magnitudinem
720 4532 827 4573 tua:
866 4521 1084 4573 virtutis
1119 4519 1396 4579 ostendas,
1432 4519 1575 4586 quod
1615 4520 1722 4571 sci-
1834 4519 2040 4582 nescio,
2074 4530 2267 4586 pmnas
2298 4516 2430 4569 luo?
2456 4515 2520 4569 Et
2566 4514 2696 4583 quid
2729 4515 2847 4581 plus
2876 4513 3093 4573 faciam,
3128 4516 3171 4567 si
3207 4524 3405 4584 sponte

156 4618 266 4667 iii-et
297 4619 361 4667 de
394 4617 557 4666 bono
582 4612 927 4666 conscientia:
965 4613 1225 4664 thesauro
1255 4619 1507 4664 eructare
1538 4611 1729 4681 creda-
1759 4597 1806 4656 Β
1838 4608 2172 4677 peccavero?
2196 4608 2260 4659 Α.
2292 4608 2333 4659 Α
2364 4622 2448 4659 me
2493 4609 2778 4660 sententias
2813 4613 2866 4657 et
2900 4604 3275 4673 dispositionis
3312 4606 3403 4661 Dei

156 4709 222 4757 iis
245 4707 289 4768 δ,
320 4708 485 4775 ponis
555 4705 608 4757 in
660 4705 816 4756 titulo
860 4719 878 4759 ;
914 4723 931 4754 ι
971 4701 1047 4755 Ne
1100 4702 1289 4755 leviter
1335 4702 1554 4769 quidem
1607 4717 1729 4754 esse
1834 4701 1990 4772 731
2027 4715 2221 4754 causas
2247 4698 2526 4767 requiris?
2558 4697 2869 4766 Respondet
2891 4698 3068 4752 stulte
3100 4700 3410 4770 interroga-

155 4802 477 4866 peccandum
536 4798 640 4861 (tit.
669 4798 876 4867 cum).
919 4814 936 4846 ι
1009 4794 1072 4848 Ει
1099 4797 1236 4864 quid
1268 4794 1340 4849 sit
1392 4796 1495 4848 huc
1527 4794 1727 4856 leiiter,
1833 4792 1963 4845 tioni
2000 4802 2102 4845 tua:
2131 4790 2267 4844 liber
2293 4789 2590 4859 Sapientia:
2620 4804 2634 4841 :
2678 4807 2695 4837 ι
2738 4787 2942 4842 Altiora
2978 4798 3027 4841 te
3060 4804 3125 4844 ne
3162 4791 3398 4859 quaesie-

221 4982 241 5010 ¹
264 4980 537 5034 Μειιάοερ
566 4992 729 5046 penes
758 4975 1150 5034 Martianmum,
1180 4974 1422 5041 aliosque
1445 4989 1539 5027 cur
1573 4974 1724 5043 Legi,
1906 4975 1925 5005 ⁸
1959 4976 2245 5043 l‘erperam
2284 4974 2640 5046 Martiauaeus
2675 4974 3411 5044 peragenda,dissentienti-

155 5060 254 5104 ctc.
571 5045 576 5046 ί
1834 5047 1935 5101 bus
1964 5061 2094 5098 mss.
2130 5056 2293 5110 atque
2327 5045 2489 5097 editis
2523 5048 2992 5112 castigatioribus.

221 5125 239 5153 ε
266 5121 549 5187 Corrnple
580 5116 840 5169 hactenus
863 5117 1177 5187 obtinuerat
1197 5114 1309 5166 sine
1339 5126 1548 5187 peccato
1574 5130 1726 5187 posse
1904 5118 1921 5147 ⁷
1956 5116 2176 5169 Scilicet
2209 5114 2453 5187 (annale,
2490 5126 2547 5165 ut
2568 5116 2784 5187 aliquid
2838 5132 2867 5167 e
2918 5117 3231 5187 schoiaruni
3279 5117 3400 5184 pul-

154 5208 275 5251 ηδε,
304 5185 505 5245 contra
539 5201 696 5254 quam
733 5198 826 5239 aut
854 5186 1162 5254 Cyprianus
1194 5186 1437 5254 scripsit,
1471 5196 1561 5236 aut
1598 5185 1724 5236 llie-
1833 5204 1957 5241 vere
1991 5186 2322 5237 adduiamns
2355 5186 2404 5236 iu
2440 5186 2718 5254 medium,
2774 5202 2880 5239 non
2924 5185 3236 5248 uiateriule;
3289 5198 3410 5240 Im'c

156 5277 410 5330 rouyn.u:i
439 5252 701 5330 intendit,
724 5266 817 5309 aut
849 5252 1081 5330 denique
1105 5253 1413 5330 praeferunt
1449 5270 1581 5307 mss.
1610 5263 1723 5307 tum
1831 5259 1973 5309 enim
2027 5254 2135 5330 duo
2184 5252 2453 5318 Pelagiani
2496 5256 2845 5330 confundere
2872 5258 3152 5307 amabant.
3195 5255 3413 5310 Similis

156 5325 349 5389 ιςιιὶξιιις
407 5344 518 5383 nos
570 5328 793 5387 utimur,
840 5340 952 5379 tum
988 5325 1341 5380 Corbi-ieusis
1380 5339 1521 5376 unus
1558 5339 1725 5392 penes
1830 5338 1915 5381 est
1957 5325 2266 5393 pervulgata
2304 5328 2391 5375 Illa
2427 5326 2696 5377 sententia
2731 5328 2787 5379 S.
2820 5326 3109 5391 Augustini
3144 5339 3158 5377 :
3207 5343 3225 5373 ι
3271 5327 3415 5391 Quia.

154 5399 547 5454 Benedictiuos
580 5397 638 5450 S.
672 5398 959 5461 Augustini
992 5396 1251 5454 editores,
1286 5394 1339 5445 in
1372 5394 1574 5463 quibus
1610 5409 1725 5448 om-
1832 5406 2018 5465 peccat
2071 5397 2124 5447 in
2179 5410 2244 5447 co
2276 5396 2419 5465 quod
2458 5397 2635 5446 careri
2669 5412 2773 5448 non
2814 5396 3029 5465 potest?
3081 5414 3098 5446 ι
3132 5412 3292 5463 quam
3331 5398 3409 5449 ita

156 5473 311 5522 nibus
339 5472 572 5521 verbum
604 5483 753 5532 posse
780 5483 883 5517 non
922 5467 1227 5519 invenitur.
1831 5464 2095 5520 adversus
2128 5464 2311 5530 Pelagi
2332 5480 2545 5517 morum
2582 5468 2885 5518 calumnias
2918 5464 3181 5528 defendit,
3209 5478 3266 5517 ut
3294 5482 3364 5519 uo
3390 5488 3401 5519 ι

224 5541 242 5571 ³
268 5541 321 5593 In
352 5541 573 5593 duobus
606 5537 896 5599 Vaticanis,
930 5535 994 5589 In
1026 5535 1252 5605 peccatis
1292 5535 1510 5599 peperit,
1545 5542 1650 5587 ctc.
1830 5547 2118 5605 propterea
2155 5545 2311 5603 neget
2348 5537 2427 5586 vel
2462 5536 2727 5602 originali:
2768 5547 3069 5601 peccatum,
3107 5539 3251 5602 quod
3296 5549 3405 5588 uti-

222 5613 240 5639 δ
276 5612 442 5663 Vetus
476 5610 607 5660 ciit.
642 5618 693 5660 et
735 5606 923 5675 ltegiu.
960 5624 1086 5665 ms.,
1125 5604 1380 5676 liructare
1416 5605 1688 5676 conaris:
1830 5604 1935 5676 Que
1984 5606 2163 5658 caveri
2219 5622 2320 5658 nou
2378 5614 2574 5672 potest,
2629 5608 2707 5658 rei
2749 5612 3130 5676 neCL‘Ssllzllell)
3193 5607 3412 5674 peccati

222 5683 240 5711 ⁵
272 5682 363 5732 Sic
398 5695 501 5730 ms.
536 5688 694 5743 atque
721 5672 846 5729 editi
888 5680 1110 5744 passim.
1149 5674 1251 5726 Pl'.
1284 5676 1622 5726 Benedictini
1650 5672 1717 5744 S.
1831 5672 2156 5729 materialis.
2198 5675 2328 5728 γωδ
2365 5688 2502 5741 opus
2540 5683 2832 5744 utrumque
2876 5688 3063 5729 contra
3096 5672 3407 5729 lulianum.

157 5751 442 5818 Augustuii
494 5748 749 5805 editores,
810 5746 1010 5799 .llut'um
1057 5745 1438 5818 iwc__c_ogit_r_iri_:
1472 5759 1578 5797 nou
1608 5743 1723 5818 dis-
1898 5746 1919 5777 ⁸
1959 5744 2108 5800 Unus
2142 5744 2343 5803 Vatic.,
2374 5746 2475 5809 Qui
2506 5761 2606 5797 non
2649 5743 2757 5799 vult
2787 5749 3000 5815 parilem
3050 5762 3398 5813 queinquam,

160 5812 380 5883 ptu'ervt
422 5818 461 5869 si
528 5817 863 5869 addidissent
908 5819 1109 5869 debere.
1150 5813 1268 5868 Vid.
1301 5813 1358 5867 ὃ.
1395 5816 1623 5882 August.
1659 5812 1723 5866 de
1828 5826 1937 5871 etc.

162 5888 326 5942 Cutis
380 5889 599 5956 Pelagii,
633 5902 749 5957 cap.
790 5888 840 5947 ὃ,
869 5902 1017 5939 ιιιιιιι.
1054 5885 1139 5938 1‘2.
