4198 6484
744 409 841 474 5ὄί

1917 399 1978 460 S.
2025 396 2336 457 EUSEDII
2380 395 2817 457 HIERONYMI

3906 394 4010 457 552

742 529 842 587 ris,
887 532 943 574 ct
990 518 1217 573 fortiora
1251 517 1317 571 te'
1349 529 1416 568 ne
1447 518 1726 567 scrutatus
1768 508 1937 564 fueris
1975 507 2166 580 (Eccli.
2208 524 2264 562 III
2295 545 2311 568 θ
2345 513 2389 565 Α
2421 508 2811 574 ignorantiam,
2839 508 3035 562 exsilio
3079 512 3495 564 condemnatur.
3529 509 3583 563 lo
3636 508 3888 563 Levitico
3924 512 4008 564 lex

738 618 853 681 2‘2).
892 634 909 666 ι
939 615 1001 669 Et
1030 613 1197 667 alibi:
1229 630 1247 663 ι
1281 610 1397 665 Noli
1429 622 1550 661 esse
1576 606 1798 675 sapiens
1832 604 2088 666 multum,
2115 616 2169 656 et
2198 601 2307 654 noli

741 706 1107 777 argumentari
1143 706 1261 773 plus
1290 717 1449 768 quam
1486 709 1734 767 oporteat
1762 696 1963 767 (Eccle.
1999 713 2091 758 vtt,
2129 695 2242 753 Π).
2293 713 2310 744 ι

746 801 883 855 litin
924 800 1114 854 eodem
1152 797 1272 851 loco
1306 796 1319 825 '
1369 811 1381 847 :
1424 814 1441 847 t
1486 793 1542 847 ltt
1570 792 1834 862 sapientia
1870 801 1924 844 et
1961 789 2013 843 in
2047 788 2317 857 simplici-

745 904 855 949 tate
879 894 1060 950 cerdis
1087 892 1313 958 quzrrito
1341 888 1505 941 Deum
1542 886 1695 957 (Sttp.
1734 902 1769 948 t,
1810 885 1912 949 |).|
1950 883 2026 937 Ae
2066 898 2135 935 ne.
2179 880 2319 936 forte

748 990 874 1042 huic
902 985 1164 1042 volumini
1197 984 1564 1040 eoutradicas.
1603 981 1724 1032 audi
1758 976 2113 1045 Apostolum,
2147 992 2320 1030 evan-

747 1081 915 1144 gelica
966 1078 1307 1146 clangentetn
1356 1078 1527 1128 tuba:
1570 1091 1586 1123 t
1622 1070 1666 1127 Ο
1714 1069 1948 1125 altitudo
1999 1069 2318 1123 divitiarum

747 1175 1026 1242 sapientiae
1066 1182 1119 1229 ct
1151 1170 1389 1227 scientiae
1416 1167 1530 1229 Dei,
1567 1181 1732 1237 quam
1774 1166 2151 1219 inscrutabilia
2185 1174 2315 1219 sunt

742 1268 945 1335 judicia
976 1268 1117 1337 ejus,
1148 1274 1201 1318 et
1233 1261 1641 1317 investicabiles
1668 1262 1688 1293 ²
1718 1258 1819 1312 via:
1840 1260 1992 1329 ejus!
2020 1257 2153 1322 Quis
2176 1257 2321 1309 cnim

748 1362 1005 1428 cognovit
1035 1374 1251 1412 sensum
1280 1356 1532 1409 Domini?
1560 1365 1654 1409 aut
1684 1354 1807 1422 quis
1836 1351 2180 1405 consiliarius
2204 1349 2323 1415 ejus

752 1458 852 1507 luit
889 1454 1065 1523 (Rom.
1100 1468 1175 1514 XI,
1208 1451 1298 1511 3'5,
1340 1449 1470 1517 5i)?
1513 1467 1530 1498 ι
1566 1447 1684 1499 Isne
1714 1454 1841 1498 sunt
1875 1446 2229 1512 quaestiones,
2256 1442 2324 1495 de

751 1549 947 1614 quibus
977 1556 1030 1598 et
1077 1546 1127 1596 in
1178 1544 1284 1596 alio
1318 1544 1437 1595 loco
1478 1540 1669 1593 scribit
1706 1556 1719 1593 :
1761 1558 1778 1589 ‹
1820 1538 2028 1591 Stttltas
2056 1546 2239 1588 autem
2274 1544 2327 1588 et

753 1642 1053 1697 ineruditos
1097 1639 1428 1701 quaestiones
1464 1634 1668 1699 devita,
1701 1633 1879 1686 sciens
1916 1632 2174 1701 quoniam
2204 1629 2326 1681 lites

753 1740 1018 1801 generant
1056 1729 1139 1801 (11
1180 1730 1316 1783 Tim.
1348 1744 1405 1793 tt,
1430 1728 1577 1795 25).)
1621 1726 1681 1779 Et
1717 1726 2075 1779 Ecclesiastes
2105 1723 2191 1793 (de
2215 1735 2325 1784 quo

754 1838 900 1879 certe
936 1825 1070 1876 libro
1115 1823 1259 1874 nulla
1310 1832 1391 1874 est
1443 1818 1816 1886 ambiguitas),
1877 1837 1894 1869 σ
1934 1817 2086 1877 Dixi,
2126 1816 2323 1881 inquit,

755 1918 972 1984 sapiens
997 1915 1216 1971 cﬂiciar,
1251 1922 1308 1965 et
1338 1913 1451 1979 ipsa
1492 1912 1650 1980 longe
1680 1912 1821 1964 facta
1858 1920 1941 1964 est
1972 1926 2000 1962 a
2036 1925 2146 1963 nte.
2184 1907 2323 1961 Pro-

756 2010 919 2061 funda
951 2007 1318 2073 profunditas,
1348 2004 1470 2074 quis
1519 2020 1638 2057 cam
1694 2003 1932 2057 inveniet
1980 2002 2177 2070 (Eccle.
2213 2014 2285 2054 vtt
2312 2041 2327 2063 ,

755 2102 845 2163 εει,
883 2100 1016 2163 23}?
1062 2118 1081 2149 ›
1134 2099 1171 2150 Λ
1212 2114 1296 2151 me
1334 2098 1554 2165 quaeris,
1605 2111 1776 2165 quare
1823 2095 2020 2161 figulus
2053 2094 2197 2149 aliud
2236 2110 2331 2148 vas

760 2194 946 2250 fecerit
977 2193 1030 2245 in
1070 2192 1355 2250 honorem,
1389 2190 1530 2243 aliud
1567 2189 1618 2242 in
1671 2189 2093 2249 contumeliam,
2127 2198 2181 2240 et
2221 2203 2328 2240 non

758 2291 838 2340 vis
888 2283 1243 2353 acquiescere
1297 2282 1488 2346 Paulo,
1531 2298 1626 2349 pro
1676 2296 1779 2335 suo
1830 2281 2061 2333 Domino
2107 2295 2334 2347 respon-

758 2380 905 2432 denti
936 2395 950 2432 :
996 2395 1012 2425 ι
1057 2376 1099 2427 υ
1128 2376 1325 2429 homo!
1382 2383 1441 2429 tu
1480 2374 1605 2443 quis
1631 2389 1712 2434 es,
1741 2373 1836 2443 qui
1865 2374 2191 2442 respondeas
2223 2372 2333 2425 Deo

760 2471 935 2541 (Rom.
968 2485 1042 2527 Iv,
1072 2466 1207 2535 20)?
1246 2486 1264 2518 ι

830 2564 917 2616 3i.
972 2559 1201 2630 Opponit
1248 2557 1651 2626 Scripturarum
1710 2555 2039 2609 testimonia.
2081 2584 2151 2594 —
2186 2552 2325 2606 Audi

760 2667 891 2721 ergo
928 2652 1159 2704 breviter
1195 2649 1503 2702 testimonia
1537 2648 1964 2715 Scripturarum,
2004 2656 2063 2699 ttt
2116 2648 2279 2699 stulta
2312 2687 2326 2710 ,

763 2747 870 2797 into
926 2745 1088 2810 impia
1152 2743 1452 2796 sciscitatio
1513 2754 1601 2793 ttta
1638 2740 1687 2793 itt
1732 2748 2049 2807 perpetuum
2092 2738 2337 2792 contice-

762 2848 898 2891 seat.
945 2836 1211 2904 Loquitur
1249 2836 1389 2888 Deus
1424 2835 1475 2886 itt
1512 2832 1733 2895 Genesi,
1767 2852 1785 2883 σ
1816 2829 1932 2885 Non
1968 2830 2220 2899 adjiciam
2255 2829 2336 2881 ul.

766 2940 843 2980 tra
888 2927 1210 2980 maledicere
1234 2935 1395 2979 terrm
1429 2934 1649 2993 propter
1672 2940 1837 2987 onera
1875 2922 2179 2982 hominum,
2205 2922 2333 2988 quia

763 3021 1014 3088 apposita
1061 3027 1142 3071 est
1181 3032 1334 3071 tuens
1379 3016 1619 3069 hominis
1654 3016 1946 3085 diligenter
1996 3013 2061 3067 ad
2117 3014 2254 3067 mala
2305 3026 2334 3065 a

767 3112 995 3181 pueritia
1031 3110 1182 3176 (Ceu.
1219 3108 1471 3177 vitt,2l).
1510 3126 1528 3159 ι
1581 3108 1851 3163 Abraham
1876 3118 1929 3160 et
1956 3104 2110 3170 Sara,
2148 3106 2336 3159 audita

2425 602 2643 669 ponitur
2676 601 2695 630 ³
2724 619 2737 655 :
2772 619 2792 653 α
2836 602 3032 656 Att-ma
3072 603 3116 658 si
3151 602 3459 673 peccaverit
3492 602 3542 656 itt
3571 613 3873 671 conspectu
3904 603 4013 657 Do~

2424 693 2555 747 mini
2599 711 2705 748 uon
2743 706 2938 765 sponte
2965 734 2980 757 ,
3021 712 3086 749 ex
3120 695 3378 749 omnibus
3413 696 3703 764 prmceptis
3738 695 3963 755 Domini
3997 737 4010 755 ,

2422 801 2544 856 quae
2572 805 2677 844 non
2705 798 2923 859 oportet
2954 790 3095 854 fieri,
3136 790 3435 856 feceritque
3464 804 3629 843 unum
3658 805 3723 844 ex
3757 790 3864 853 eis,
3896 792 4014 839 sive.

2426 883 2671 949 pontifex
2725 883 2911 943 fuerit,
2945 885 3060 938 sive
3095 883 3276 937 omnis
3312 897 3585 953 synagoga
3609 923 3625 945 ,
3657 894 3712 935 et
3756 883 4011 949 reliquus

2424 974 2679 1040 populus,
2709 984 2761 1029 et
2803 984 2989 1044 postea
3018 975 3271 1029 didicerit
3301 982 3584 1042 peccatum
3626 989 3787 1027 suum
3816 1013 3833 1032 ,
3863 975 4009 1040 qttotl

2424 1069 2670 1132 peccavit
2716 1083 2810 1136 per
2856 1069 3241 1133 ignorantiam,
3291 1066 3481 1121 offeret
3530 1083 3755 1129 mtttuts,
3791 1066 4007 1119 hircum

2426 1157 2492 1212 de
2524 1158 2735 1227 capris,
2760 1159 3060 1214 masculum
3094 1159 3502 1213 intutamlatnm
3541 1173 3556 1207 :
3590 1167 3644 1210 et
3681 1167 3854 1225 ponet
3901 1170 4016 1207 tua-

2427 1268 2532 1306 nus
2567 1267 2697 1307 suas
2730 1267 2897 1322 super
2932 1261 3098 1323 caput
3131 1254 3272 1322 ejus,
3301 1250 3706 1319 interficietque
3750 1250 3906 1302 illttnt
3959 1250 4011 1300 in

2430 1348 2551 1401 loco
2605 1346 2695 1401 ubi
2751 1358 3063 1403 mactantur
3113 1346 3439 1401 holocausta
3494 1360 3680 1397 coram
3728 1343 3967 1395 Domino
3998 1384 4012 1398 .

2427 1441 2554 1509 quia
2604 1449 2704 1510 pro
2756 1451 2978 1508 peccato
3030 1449 3113 1494 est
3152 1439 3339 1509 (Leuit.
3408 1456 3480 1502 tv,
3512 1439 3546 1490 εὶ
3592 1437 3780 1505 seqq.).
3819 1454 3837 1485 ι
3888 1436 4014 1488 Sta-

2433 1535 2639 1600 timque
2686 1532 2739 1586 in
2786 1534 3142 1603 sequentibus
3181 1552 3196 1590 :
3238 1552 3256 1584 ‹
3299 1533 3354 1588 Si
3394 1531 3630 1599 tetigerit
3663 1532 3870 1595 aliquid
3911 1532 4012 1581 im-

2430 1629 2719 1686 mundum,
2768 1627 2915 1697 qttod
2969 1643 3077 1681 non
3132 1630 3291 1681 liceat
3335 1636 3579 1696 tangere,
3609 1634 3661 1677 et
3694 1621 3888 1675 fecerit
3925 1638 4017 1685 per

2432 1721 2816 1783 ignorantiam,
2847 1732 2901 1776 et
2947 1731 3132 1791 postea
3181 1723 3459 1781 didicerit.
3514 1722 3631 1776 sive
3690 1721 4013 1786 promiserit

2432 1812 2660 1882 aliquid,
2706 1825 2761 1868 et
2809 1814 2973 1868 fuerit
3016 1815 3243 1878 oblitus,
3288 1814 3667 1884 pronuntiabit
3722 1823 4012 1882 peccatum

2434 1922 2619 1973 suum,
2651 1906 2704 1961 iu
2734 1923 2844 1974 quo
2870 1923 3126 1977 peccasse
3172 1924 3231 1962 se
3278 1909 3554 1978 perspicit,
3600 1919 3654 1962 et
3689 1907 3885 1961 offeret
3915 1905 4018 1956 Do-

2434 1999 2582 2052 tnino
2610 2014 2706 2067 pro
2729 1996 2816 2053 his
2834 2014 2956 2067 quae
2983 2000 3252 2066 peccavit,
3285 2016 3479 2070 agnam
3513 2003 3628 2054 sive
3660 2016 3881 2069 capram
3917 2017 4017 2068 pio

2434 2106 2660 2160 peccato
2715 2108 2814 2147 suo
2869 2093 3015 2160 quod
3066 2096 3336 2158 peccavit.
3381 2104 3434 2149 et
3476 2096 3789 2159 precabitur
3819 2110 3920 2162 pro
3951 2110 4014 2141 eo

2434 2184 2693 2237 sacerdos
2726 2199 2890 2252 super
2919 2178 3168 2251 peccato,
3202 2196 3256 2238 et
3280 2187 3588 2239 dimittetur
3618 2187 3664 2239 ei
3696 2196 4012 2253 peccatum.

2437 2274 2530 2328 Sin
2561 2288 2743 2329 autem
2777 2292 2883 2329 non
2926 2276 3273 2344 przevaluerit
3300 2293 3496 2331 manus
3538 2279 3682 2345 ejus,
3719 2287 3777 2329 nt
3815 2275 4017 2330 offerat

2435 2386 2587 2425 ovem
2642 2387 2743 2440 pro
2804 2372 3043 2439 peccatis
3095 2373 3212 2426 suis
3268 2374 3469 2440 quibus
3503 2375 3748 2439 peccavit
3794 2374 3836 2433 ⁵,
3878 2374 4019 2426 duos

2436 2475 2701 2525 turtures,
2736 2474 2831 2518 aut
2871 2468 3007 2521 duos
3037 2467 3218 2536 pullos
3246 2466 3628 2520 columbarum
3687 2465 3885 2519 offeret
3917 2466 4021 2518 Do-

2435 2558 2605 2619 mino,
2632 2573 2802 2611 unum
2833 2574 2933 2627 pro
2962 2568 3211 2626 peccato,
3244 2570 3293 2613 et
3316 2574 3483 2613 unum
3509 2558 3563 2612 in
3588 2559 3975 2612 holocaustum
3999 2575 4012 2609 :

2436 2661 2493 2704 et
2522 2651 2761 2718 portabit
2792 2666 2856 2704 ea
2889 2653 2954 2704 ad
2980 2650 3346 2713 sacerdotem,
3380 2663 3431 2706 et
3457 2653 3647 2706 offeret
3674 2652 3939 2707 sacerdos
3966 2654 4017 2705 id

2436 2741 2580 2808 quod
2614 2755 2713 2810 pro
2742 2751 2969 2809 peccato
3002 2750 3089 2795 est
3120 2742 3383 2811 primum,
3436 2752 3496 2797 et
3526 2742 3581 2795 in
3616 2742 3735 2809 ipso
3764 2744 4023 2797 reconci-

2439 2830 2659 2884 liabitur
2689 2846 2787 2899 pro
2816 2841 3039 2899 peccato
3061 2832 3206 2902 quod
3241 2835 3507 2901 peccavit.
3541 2845 3594 2887 et
3628 2833 3938 2887 dimittetur
3962 2834 4009 2885 ei

2441 2919 2630 2989 (Leuit.
2661 2937 2714 2984 v,
2757 2922 2791 2975 5
2819 2924 3008 2989 seqq).
3057 2940 3075 2973 δ
3120 2920 3436 2989 Caeteraque
3493 2924 3578 2975 his
3618 2923 3845 2985 similia,
3893 2938 4016 2990 qua:

2438 3013 2622 3067 studio
2668 3013 2950 3069 brevitatis
3006 3014 3221 3077 ontitto,
3262 3030 3327 3067 ne
3384 3014 3669 3069 fastidium
3721 3014 4019 3069 stomacho

2442 3119 2542 3164 tuo
2577 3109 2795 3161 faciam.
2828 3107 2883 3159 In
2918 3108 3379 3174 consequentibus
3409 3122 3629 3176 quoque
3655 3117 3841 3161 narrat
3874 3106 4025 3177 Moy-

769 3205 1191 3271 rcpromissione
1238 3204 1329 3257 filii
1367 3202 1540 3263 Isaac,
1593 3202 1772 3255 rident
1825 3201 1879 3254 itt
1928 3199 2092 3253 corde
2125 3214 2249 3261 suo,
2280 3208 2332 3251 et
2360 3206 2402 3264 c
2437 3218 2523 3257 ses
2557 3202 2721 3270 (Ibid.
2758 3202 2911 3271 vttt),
2956 3205 3100 3269 quod
3139 3203 3190 3255 itt
3225 3200 3639 3255 consecratione
3676 3201 3855 3253 Aaron
3880 3206 3936 3253 et
3972 3199 4031 3253 fi-

768 3301 929 3353 tacita
960 3300 1214 3369 cogitatio
1248 3313 1353 3352 non
1404 3297 1535 3350 latet
1559 3295 1841 3349 scientiam
1878 3292 1993 3347 Dei.
2021 3294 2339 3362 Arguuntur

771 3397 826 3446 in
869 3395 1001 3457 risu,
1035 3404 1089 3445 et
1126 3393 1243 3460 ipsa
1282 3390 1575 3459 cogitatio.
1609 3387 1764 3456 quasi
1820 3400 1945 3452 pars
1998 3384 2339 3437 infidelitatis

772 3479 1208 3548 reprehenditur.
1268 3478 1517 3530 Attamen
1576 3490 1681 3527 ttott
1730 3488 1794 3526 ex
1841 3488 1906 3526 eo
1942 3472 2091 3541 quod
2131 3473 2340 3533 risere,

770 3571 1081 3625 ditlideutire
1123 3570 1585 3627 condemnamur,
1618 3566 1711 3620 sed
1760 3579 1825 3617 ex
1867 3580 1930 3619 eo
1977 3563 2117 3632 quod
2154 3573 2342 3631 postea

771 3664 1139 3724 crediderunt,
1171 3662 1397 3730 jttstitia:
1436 3663 1671 3728 palmam
1722 3668 2073 3726 acceperunt.
2107 3655 2211 3712 Lot
2246 3673 2345 3709 ne-

775 3758 878 3810 scit
910 3758 965 3811 in
999 3756 1293 3810 concubitu
1327 3755 1558 3807 filiarum
1593 3751 1723 3821 quid
1769 3751 1979 3814 fecerit,
2024 3760 2080 3805 et
2112 3751 2347 3803 inebria-

779 3861 864 3899 tus
898 3848 962 3897 ah
991 3848 1072 3900 cis
1104 3862 1208 3898 non
1244 3846 1407 3898 habet
1436 3845 1640 3897 crimen
1676 3845 2043 3905 conscientias,
2081 3852 2134 3895 et
2167 3853 2347 3895 tamen

773 3956 930 3992 error
976 3940 1027 3990 in
1064 3939 1191 3989 vitio
1241 3948 1345 3990 est.
1381 3939 1561 4001 Argue
1611 3950 1860 3989 sanctum
1905 3938 2083 3988 virum
2128 3935 2303 3989 Jacob
2331 3977 2347 3998 ,

777 4045 949 4097 quare
981 4028 1181 4081 ltachel
1229 4027 1521 4081 formosam
1566 4028 1839 4089 dilexerit,
1879 4042 1976 4095 pro
2006 4041 2112 4095 qua
2146 4033 2200 4079 et
2234 4040 2350 4079 ser-

779 4121 909 4171 vivit
957 4120 1128 4173 tunlto
1184 4131 1451 4189 tempore,
1486 4128 1539 4174 et
1582 4122 1637 4175 in
1687 4122 1795 4175 Lize
1848 4123 2022 4190 primo
2062 4122 2350 4174 concubitu

783 4214 946 4266 tuerit
974 4212 1368 4276 contristatus;
1406 4222 1461 4266 et
1497 4214 1787 4283 acquiesco
1826 4212 2043 4266 tandem
2100 4214 2349 4264 humanae

784 4305 1092 4372 fragilitati,
1138 4319 1258 4373 qua:
1305 4305 1467 4359 etiam
1504 4305 1727 4371 pulchra
1784 4320 2016 4373 corpora
2070 4303 2266 4371 diligit,
2304 4312 2358 4355 et

784 4397 1052 4450 deformia
1083 4396 1405 4450 detestatur.
1440 4394 1612 4462 Luget
1658 4395 1828 4449 Jacob
1864 4406 2097 4449 mortem
2133 4394 2228 4446 lilii
2265 4392 2353 4445 sui

783 4492 1008 4559 Joscph,
1045 4498 1097 4541 et
1134 4487 1303 4540 multo
1333 4496 1577 4555 tempore
1613 4486 2045 4540 consolationem
2076 4501 2183 4538 ttott
2218 4484 2357 4538 reci-

2442 3296 2639 3349 liorntu
2671 3296 2790 3363 ejus
2826 3295 3085 3349 obtulerit
3124 3296 3359 3349 vitulum
3408 3311 3506 3365 pro
3537 3305 3785 3364 peccato,
3816 3304 3875 3349 et
3922 3308 4025 3363 po-

2443 3392 2614 3445 suerit
2643 3390 2823 3441 Aaron
2860 3398 2913 3442 et
2950 3388 3040 3440 filii
3075 3388 3193 3455 ejus
3225 3403 3422 3442 manus
3457 3402 3622 3454 super
3650 3402 3803 3448 eum,
3851 3402 4024 3452 super

2446 3489 2608 3550 caput
2643 3480 2898 3533 videlicet
2931 3478 3083 3531 vituli
3108 3523 3122 3543 ,
3162 3481 3252 3548 qui
3280 3489 3397 3531 erat
3424 3492 3524 3547 pro
3550 3485 3797 3548 peccato,
3824 3485 3881 3530 et
3914 3493 4031 3528 ma-

2445 3572 2675 3625 ctaverit
2701 3586 2847 3631 cum,
2877 3582 2931 3624 et
2963 3570 3151 3624 tulerit
3180 3569 3247 3625 de
3277 3570 3393 3639 ejus
3420 3570 3707 3640 sanguine,
3730 3581 3789 3623 et
3826 3586 4031 3639 posue-

2450 3666 2517 3719 rit
2556 3680 2720 3732 super
2751 3678 2956 3716 cornua
2989 3662 3179 3716 altaris
3212 3663 3264 3714 in
3292 3661 3527 3716 circuitu
3559 3661 3727 3731 digito
3770 3676 3899 3722 suo,
3934 3675 4022 3714 at-

2449 3774 2558 3827 que
2591 3739 2762 3811 altare
2803 3755 3172 3809 tnumlaverit.
3220 3752 3489 3808 Similiter
3536 3753 3590 3807 in
3640 3752 3803 3822 733
3854 3754 4034 3805 ariete

2453 3852 2663 3914 fecerit,
2687 3860 2741 3903 et
2768 3852 2831 3902 de
2865 3851 3131 3919 sanguine
3164 3848 3283 3915 ejus
3309 3848 3548 3915 tetigerit
3578 3847 3879 3899 auriculam
3911 3848 4038 3914 ejus

2454 3947 2759 4005 dexteram,
2800 3952 2855 3994 et
2910 3956 3129 3994 manum
3183 3940 3500 4002 dexteram,
3554 3949 3607 3992 et
3655 3938 4033 3992 summitatem

2457 4035 2609 4105 pedis
2640 4034 2839 4086 dextri.
2874 4033 2941 4086 Et
2968 4040 3088 4102 post
3117 4032 3290 4085 multa
3330 4030 3461 4091 alia,
3489 4035 3611 4099 q'ue
3639 4023 3871 4083 narrare
3906 4032 4033 4084 lon-

2457 4127 2741 4197 gissimum
2792 4136 2914 4185 est,
2961 4121 3298 4177 enumeratis
3326 4121 3519 4176 diebus
3551 4134 3757 4191 septem
3794 4124 3868 4176 ita
3905 4124 4042 4193 legi-

2458 4234 2621 4273 mus:
2664 4237 2680 4270 ι
2718 4215 2944 4271 Factuut
2977 4226 3061 4271 est
3096 4231 3318 4286 quoque
3355 4217 3445 4271 die
3473 4227 3685 4278 octavo,
3723 4227 3780 4270 et
3812 4219 4035 4271 vocavit

2458 4308 2667 4378 Moyses
2711 4308 2913 4367 Aaron.
2966 4316 3020 4361 et
3059 4306 3198 4361 filios
3247 4307 3388 4373 ejus,
3439 4316 3494 4360 et
3548 4321 3738 4360 omnes
3787 4307 4041 4360 seniores

2461 4402 2651 4468 Israel,
2682 4412 2736 4457 et
2766 4402 2906 4455 dixit
2932 4401 2999 4455 ad
3030 4403 3211 4455 Aaron
3252 4416 3268 4455 :
3309 4400 3459 4453 Tolle
3494 4401 3721 4454 vitulum
3748 4401 3820 4454 de
3855 4402 4036 4453 bobus

2464 4510 2560 4563 pro
2595 4494 2833 4562 peccatis
2872 4491 2983 4562 (Al.
3025 4490 3297 4563 peccato],
3331 4502 3383 4544 et
3426 4492 3648 4545 arietem
3681 4492 3734 4543 itt
3767 4491 4036 4544 holocau-

790 4587 869 4654 pit
900 4582 1062 4653 732
1094 4580 1353 4641 filiorum,
1388 4580 1831 4647 respondetque:
1867 4596 1884 4628 ι
1922 4577 2143 4647 Lugens
2175 4586 2230 4630 et
2258 4593 2352 4647 ιςοο
2388 4556 2438 4613 D
2468 4598 2614 4640 stunt
2652 4556 3088 4646 immaculatum,
3138 4594 3192 4637 et
3236 4557 3433 4638 olIeres
3483 4600 3577 4638 eos
3622 4584 3677 4635 in
3737 4596 4040 4649 conspectu

794 4692 966 4741 meus,
1006 4676 1197 4727 vadam
1250 4678 1314 4726 ad
1351 4672 1624 4725 infernum
1656 4671 1806 4742 (Gen.
1841 4687 2050 4737 uxvtt,
2077 4670 2167 4739 '55)
2198 4686 2212 4723 :
2247 4688 2266 4722 ι
2310 4680 2363 4723 ct

791 4770 979 4839 probat
1008 4784 1065 4822 se
1103 4766 1398 4829 hominem,
1432 4764 1560 4819 dum
1584 4767 1765 4834 justus
1791 4765 2151 4833 ignoratquid
2180 4774 2362 4817 actum

791 4863 867 4915 sit
900 4864 965 4913 de
991 4858 1140 4927 justo
1186 4857 1294 4911 filio
1340 4856 1562 4926 .loseplt.
1617 4855 1673 4907 In
1714 4856 1900 4907 Exodo
1933 4855 2199 4923 scriptum
2234 4864 2315 4906 est
2346 4869 2360 4903 :

798 4955 894 5006 iSi
928 4954 1258 5020 percusserit
1289 4950 1486 5017 aliquis
1518 4948 1857 5017 quempiam,
1890 4958 1942 5000 et
1976 4956 2224 4999 mortuus
2254 4944 2366 4997 fue-

796 5049 895 5106 rit,
953 5054 1124 5097 morte
1178 5045 1459 5095 moriatur.
1513 5040 1607 5093 Siu
1643 5050 1825 5093 autem
1882 5054 1990 5091 non
2025 5038 2232 5097 voletis,
2270 5035 2366 5089 sed

803 5141 949 5191 Deus
990 5135 1213 5189 tradidit
1250 5150 1371 5186 euut
1407 5134 1458 5183 itt
1494 5132 1746 5183 manibus
1794 5132 1933 5197 ejus,
1977 5129 2117 5182 dabo
2155 5128 2251 5181 tibi
2292 5127 2367 5180 lo-

798 5245 953 5288 cum,
984 5234 1048 5277 :td
1086 5241 1244 5291 quem
1281 5222 1557 5292 confugiat
1588 5224 1677 5291 (ιιιί
1720 5220 1985 5274 occiderit
2012 5219 2212 5289 (Exod.
2252 5234 2364 5282 XXI,

809 5320 894 5379 f2,
934 5320 1040 5387 15).
1084 5337 1101 5368 ι
1138 5318 1194 5370 ltt
1224 5334 1329 5385 quo
1362 5317 1656 5370 notandum
1680 5324 1784 5377 est,
1815 5315 1955 5381 quod
1975 5312 2111 5365 Deus
2146 5312 2372 5364 tradidit.

805 5414 1079 5466 hominem
1125 5412 1175 5464 itt
1216 5426 1408 5464 manus
1436 5410 1573 5478 ejus,
1626 5422 1681 5461 et
1732 5410 1821 5460 ille
1871 5408 1964 5475 qui
2008 5407 2213 5459 occidit
2266 5420 2368 5474 per

890 5588 903 5615 ¹
946 5585 1213 5638 Victorius
1256 5584 1317 5637 Et
1362 5587 1413 5637 in
1467 5585 1574 5637 alio
1611 5584 1721 5637 loco
1756 5584 1987 5648 repetiit.
2027 5598 2149 5635 nam
2184 5582 2373 5637 Eccle-

808 5657 1015 5709 siastici
1057 5673 1241 5716 ttntttn,
1275 5659 1506 5707 alterum
1543 5655 1833 5721 Sapientia:
1867 5655 2233 5705 lt‘alltlltillllllll
2264 5665 2369 5706 est.

820 5735 879 5777 ἧι
913 5728 1073 5777 Ittodtt
1102 5727 1228 5777 liber
1260 5726 1542 5794 Sapientia:
1598 5731 1796 5777 tltCtlttl‘
1853 5724 2183 5792 Ilterouytttu
2232 5724 2367 5777 liocr

814 5796 909 5847 lict
930 5796 1215 5847 Icsiastict.

886 5867 905 5895 ⁸
935 5867 1072 5919 Altbi
1104 5868 1445 5931 adnotatum,
1480 5867 1570 5921 ubi
1602 5865 1895 5919 versiculus
1945 5866 2043 5918 istc
2095 5866 2328 5919 occurrit
2365 5907 2377 5923 ,

2473 4676 2686 4730 Domini
2720 4694 2733 4726 :
2762 4688 2815 4729 et
2848 4677 3162 4730 senioribus
3195 4674 3359 4728 ISrael
3388 4676 3629 4743 loquete,
3654 4676 3845 4729 dicens
3876 4695 3889 4728 :
3920 4677 4047 4731 Tol-

2473 4768 2562 4817 litc
2599 4767 2809 4818 hircum
2846 4768 2913 4818 de
2947 4766 3130 4832 capris
3188 4780 3356 4817 unum
3393 4780 3489 4833 pro
3521 4776 3766 4831 peccato,
3816 4778 3873 4820 et
3902 4771 4046 4821 vitu-

2471 4856 2579 4909 lttnt
2614 4858 3022 4908 immaculatum
3070 4856 3386 4908 auuiculum
3420 4856 3472 4908 in
3512 4857 3921 4911 holocaustum.
3961 4858 4045 4910 Di-

2474 4947 2655 5014 aitque
2684 4947 2890 5013 Moyses
2920 4946 2987 4998 ad
3025 4946 3209 4998 Aaron
3242 4960 3257 4998 :
3302 4946 3513 4999 Accede
3559 4946 3625 4998 ad
3670 4946 3844 5000 altare
3870 4957 3929 5001 et
3966 4950 4047 5002 fac

2473 5054 2568 5106 pro
2616 5048 2836 5105 peccato
2885 5047 2977 5090 tuo
3011 5036 3202 5098 (chit.
3232 5052 3307 5099 ιι,
3344 5037 3366 5089 1
3402 5043 3598 5105 seqq.),
3644 5056 3661 5088 ι
3701 5048 3755 5091 et
3804 5040 4040 5109 reliqua.

2480 5150 2497 5181 ι
2533 5131 2885 5197 Rursumque
2914 5130 3147 5183 elevavit
3168 5130 3352 5183 Aaron
3384 5145 3576 5182 manus
3602 5145 3730 5183 suas
3758 5145 3929 5198 super
3958 5150 4049 5201 po-

2476 5226 2683 5293 puium,
2718 5232 2773 5277 et
2802 5225 3078 5277 benedixit
3108 5225 3210 5277 eis.
3245 5225 3642 5291 Descenditque
3673 5238 3799 5277 cum
3828 5226 4050 5277 fecisset

2479 5332 2575 5383 pro
2632 5326 2853 5383 peccato
2898 5325 2949 5367 et
3002 5316 3322 5369 ltolocausto
3370 5326 3425 5369 et
3476 5317 3702 5369 salutari
3742 5313 3909 5383 (Ibid.
3943 5316 4045 5377 ει,

2474 5407 2590 5475 ‘29.).
2642 5426 2660 5458 ι
2698 5406 2890 5459 Mulier
2938 5418 3161 5476 generat
3216 5409 3417 5462 liberos
3464 5408 3579 5478 lege
3606 5411 3842 5463 naturali
3871 5422 3927 5464 et
3958 5414 4051 5464 itu-

2481 5593 2565 5642 vix
2599 5591 2744 5641 credi
2780 5605 2938 5657 posse
2969 5592 3356 5661 inrestigabifes
3387 5606 3481 5658 pro
3515 5589 3963 5657 iuinvestigabiles
3991 5594 4052 5643 lc-

2480 5674 2623 5713 ctttttt
2651 5676 2678 5711 a
2719 5662 3063 5729 flteronyuto.

2554 5734 2572 5759 ³
2607 5730 2659 5781 lu
2698 5743 2859 5782 vetcrt
2894 5732 3025 5783 edit.
3062 5731 3170 5783 Lex
3204 5731 3501 5793 expauitnr.

2558 5799 2576 5828 λ
2612 5801 2760 5857 Μδς..
2803 5799 2905 5850 f’ro
2939 5815 3147 5866 peccatu
3177 5818 3268 5853 suo
3294 5818 3394 5868 quo
3426 5803 3686 5865 μετείη-51,
3722 5802 4050 5868 assentiente

2483 5871 2669 5925 (ἐπευκο
2709 5882 2876 5934 testu,
2906 5873 3038 5939 Περὶ
3069 5872 3158 5937 τῆς
3199 5867 3474 5940 ἁμαρτίας
3506 5869 3692 5931 aitait,
3728 5867 3795 5942 ἧς
3816 5874 4045 5939 ἧμαρτε.
