4198 6538
158 454 167 467 ³
204 458 299 516 553

988 447 1376 510 DIALOGUS
1413 443 1711 507 CONTRA
1754 437 2235 500 PELAGIANOS
2303 462 2368 472 --
2414 437 2555 498 LIB.
2610 438 2649 496 I.

3327 434 3433 499 554

206 573 397 630 munda
426 579 531 635 est,
566 571 609 626 si
644 572 945 627 masculum
979 571 1268 643 pepererit,
1299 570 1489 625 diebus
1525 567 1763 639 quadra-
1793 568 1837 627 Α
1868 582 1972 619 non
2023 562 2299 618 nnmdabit
2338 576 2512 623 reum,
2567 579 2583 609 ι
2635 558 2777 628 quoi
2826 556 3040 613 s:ilicet
3091 558 3256 611 etiaai
3309 566 3436 627 post

203 669 375 739 ginta;
402 668 446 720 si
485 664 762 729 feminam,
789 666 980 721 diebus
1011 663 1309 733 octoginta.
1349 666 1560 719 Accusa
1596 660 1768 714 Crea-

204 770 391 817 torem,
443 772 543 810 cur
595 758 933 811 immundum
969 757 1267 825 quidquam
1326 756 1572 811 nominet
1624 752 1767 822 quod

202 849 312 918 ipse
346 848 617 901 condidit.
648 846 711 900 Et
739 864 845 901 non
878 848 1054 902 solum
1087 846 1199 917 ipsa
1227 848 1509 900 immunda
1536 852 1644 905 cst,
1676 841 1767 896 sed

200 954 249 993 et
287 955 454 995 omne
504 940 650 1009 quod
696 942 933 1009 tetigerit
972 957 985 993 :
1025 959 1041 990 ι
1092 941 1337 1008 Cumque
1376 938 1515 997 dies,
1571 936 1768 1003 inquit,

204 1034 547 1103 purgationis
598 1037 716 1103 ejus
762 1033 1009 1101 complcti
1066 1032 1269 1085 fuerint
1316 1044 1479 1097 super
1532 1028 1639 1081 tilio
1675 1037 1771 1080 aut

204 1126 330 1189 filia,
369 1125 565 1180 oﬂ'eret
600 1140 797 1193 agnum
854 1124 1169 1178 anniculqu
1227 1121 1657 1183 immaculatum,
1720 1128 1771 1171 et

204 1220 405 1287 pullum
436 1219 846 1282 columbarum,
896 1225 950 1272 et
984 1225 1246 1270 turturem
1284 1230 1378 1283 pro
1412 1222 1658 1282 peccato,
1703 1212 1769 1264 ad

203 1311 402 1363 ostium
436 1309 774 1363 tabernaculi
802 1307 1095 1364 testimonii
1132 1306 1401 1360 sacerdoti
1434 1308 1474 1369 ί,
1505 1305 1594 1373 qui
1634 1302 1770 1356 otii-.-

205 1410 281 1454 ret
322 1416 385 1454 ea
430 1402 483 1454 in
519 1411 819 1469 conspectu
853 1398 1084 1463 Domini,
1117 1396 1428 1465 ctexpiabit
1458 1410 1554 1463 pro
1588 1408 1650 1447 ea
1678 1408 1765 1446 sa-

202 1494 393 1547 cerdos
428 1491 620 1561 (Levii.
654 1509 747 1555 SH,
789 1492 821 1544 6
878 1490 1061 1559 δίψῃ).
1096 1510 1114 1541 ι
1180 1489 1253 1543 De
1286 1490 1501 1557 leproso
1554 1500 1771 1555 quoquc

204 1585 423 1645 dicitur,
457 1587 601 1653 quod
636 1586 688 1638 in
718 1586 803 1637 die
849 1583 1185 1652 purgationis
1230 1580 1349 1647 ejus
1375 1579 1637 1632 ofl‘cratnr
1673 1594 1771 1644 pro

212 1690 277 1728 eo
313 1677 536 1731 victima
596 1694 692 1745 pro
751 1687 990 1744 peccato,
1026 1676 1238 1741 duoque
1276 1680 1515 1724 turtures
1566 1680 1617 1722 et
1665 1668 1774 1721 duo

205 1769 335 1834 pulii
371 1772 753 1824 columbarum
789 1786 802 1821 :
840 1784 979 1821 unus
1008 1784 1103 1835 pro
1136 1772 1380 1832 peccato,
1419 1764 1558 1817 alius
1585 1764 1636 1815 in
1670 1762 1771 1814 ho-

204 1862 512 1917 locaustum
543 1861 731 1929 (Lerit.
769 1878 881 1921 xw,
912 1862 968 1913 11
1008 1858 1192 1926 seqq.).
1235 1858 1293 1910 [ﬁt
1328 1857 1419 1926 qui
1447 1855 1650 1908 fluxum
1688 1866 1773 1907 se-

1872 655 2291 725 iudnlgcntiam,
2326 667 2452 707 rcus
2484 652 2553 705 sit
2588 650 2824 718 propriae
2869 652 3239 705 conscientiae.
3267 650 3435 706 Cum-

1872 765 1996 818 que,
2020 750 2112 807 ait.
2136 746 2465 817 ignoraret-it
2491 742 2747 813 populus,
2765 744 2824 795 ἐι
2852 744 3040 798 fecerit
3068 759 3230 796 unum
3251 758 3317 797 ex
3352 744 3439 796 his

1872 858 1991 911 quin
2019 843 2191 893 [ιρι-νε
2218 854 2321 891 non
2347 839 2550 898 debuit.
2588 843 2709 907 post
2734 836 3184 890 caeremoniarum
3216 836 3433 907 longum

1873 933 2116 986 ordinem
2148 930 2380 985 infertur
2418 941 2470 984 ct
2504 930 2711 984 dicitur
2746 944 2761 983 :
2804 948 2823 981 ι
2871 927 3072 983 Oﬂ'erte
3105 928 3315 983 hircum
3348 945 3437 981 ca-

1875 1038 2092 1093 prarum
2150 1036 2246 1091 pro
2313 1032 2556 1090 peccato,
2613 1032 2666 1075 et
2716 1022 2952 1091 placabit
3026 1023 3288 1077 sacerdos
3343 1037 3441 1091 pro

1877 1115 2023 1169 Omni
2058 1130 2332 1185 synagoga
2367 1114 2598 1167 filiorum
2642 1114 2830 1181 Israel,
2875 1125 2928 1169 ct
2960 1115 3346 1185 propitiabitur
3388 1117 3438 1170 ei

1878 1206 2159 1273 Dominus,
2219 1208 2346 1275 quia
2406 1207 2712 1276 ignorantia
2762 1216 2846 1260 est
2894 1223 2907 1259 :
2960 1217 3012 1259 ct
3073 1209 3173 1275 ipsi
3212 1208 3443 1263 offerent

1875 1299 2202 1354 oblationem
2239 1314 2390 1354 suam
2439 1300 2492 1352 in
2541 1297 2872 1352 sacrificium
2908 1296 3142 1353 Domino
3171 1314 3267 1368 pro
3315 1315 3440 1367 pec-

1874 1402 1994 1447 cato
2047 1408 2145 1446 suo
2196 1392 2248 1445 in
2292 1401 2587 1457 conspectu
2637 1391 2778 1455 eius,
2824 1391 3082 1457 quoniam
3127 1391 3443 1445 nescierunt

1877 1483 2067 1554 (Num.
2105 1498 2197 1547 vn,
2240 1483 2330 1546 ‘28,
2375 1483 2488 1549 ΞΟ).
2524 1502 2539 1533 ι
2588 1480 2774 1550 Ibique
2811 1483 3029 1534 additur
3067 1500 3079 1536 :
3115 1501 3133 1534 ι
3171 1483 3226 1538 Si
3261 1485 3441 1537 anima

1878 1594 1982 1632 una
2030 1576 2334 1646 peccaverit
2393 1592 2486 1645 per
2539 1576 2921 1646 ignorantiam,
2972 1575 3161 1630 offeret
3221 1592 3441 1645 capiam

1879 1669 2185 1721 anniculam
2224 1682 2319 1734 pro
2353 1677 2579 1737 pet-cato
2614 1668 2937 1736 ignorantim
2969 1683 3152 1723 coram
3192 1668 3445 1733 Domino,

1878 1772 1931 1813 ct
1960 1760 2339 1827 deprecabitur
2368 1775 2466 1828 pro
2502 1776 2564 1814 ea
2594 1760 2850 1814 sacerdos
2880 1775 2944 1813 co
2978 1759 3119 1827 quod
3160 1760 3451 1830 ignorave-

1878 1854 1971 1917 rit,
2036 1869 2131 1923 pio
2184 1864 2406 1921 peccato
2464 1855 2785 1921 ignorantiae
2845 1868 3028 1906 coram
3080 1853 3329 1919 Domino,
3395 1862 3450 1907 et

207 1958 369 2011 minis
401 1957 636 2025 patitur,
663 1954 849 2007 eodem
893 1951 1145 2006 sacrificii
1185 1952 1375 2003 ordine
1421 1964 1518 2016 pro
1556 1956 1775 2011 peccato
1810 1936 1847 1990 η
1881 1949 2095 2015 rogabit
2149 1963 2245 2014 pro
2276 1962 2360 2009 ea,
2408 1956 2461 1999 et
2501 1945 2891 2015 propitiabitur
2927 1946 2975 1998 ei
3030 1945 3213 2009 (Leuit.
3257 1962 3332 2003 tv,
3378 1945 3446 1998 €47

205 2060 257 2103 et
292 2050 619 2103 holocausto
650 2048 915 2101 liberatur
962 2044 1151 2106 (Leuit.
1196 2060 1291 2104 xu,
1327 2042 1356 2092 ’ἵ
1384 2040 1571 2109 seq/1.).
1617 2038 1677 2092 Et
1710 2038 1775 2091 ad

204 2151 521 2194 euri-muni
560 2141 793 2194 infertur
828 2156 841 2193 :
884 2139 1221 2191 «Timoratos
1246 2136 1407 2187 facito
1444 2133 1581 2187 Iilios
1612 2130 1780 2185 Israel

206 2237 271 2287 ab
305 2235 679 2287 intmnoditigs
704 2233 837 2294 suis,
872 2244 923 2285 ct
950 2247 1054 2284 non
1090 2230 1389 2282 morientur
1421 2242 1519 2295 pro
1552 2233 1779 2294 peccato

205 2342 303 2379 suo
333 2365 351 2388 ,
387 2328 431 2379 si
472 2325 962 2379 contaminaverint
1003 2319 1413 2375 tabernaculum
1470 2314 1777 2371 testamenti

208 2415 395 2477 (Lavit.
432 2432 527 2475 xv.
554 2414 669 2483 5i).
706 2435 723 2464 ι
756 2413 862 2481 Ipsi
890 2426 1105 2481 quoque
1133 2410 1313 2462 Aaron
1344 2407 1682 2476 praccipitur,
1723 2413 1780 2458 ut

208 2526 313 2561 non
346 2508 502 2560 cunni
533 2517 775 2574 tempore
825 2505 1160 2573 ingrediatur
1201 2505 1251 2557 in
1308 2504 1510 2557 SanCIa
1560 2508 1781 2555 sancto—

209 2618 349 2660 rum,
389 2618 458 2653 ne
518 2600 657 2653 forte
714 2598 994 2651 moriatur.
1033 2614 1049 2645 ι
1086 2596 1352 2665 Cumque,
1403 2595 1499 2654 ait,
1548 2590 1781 2645 voluerit

208 2695 431 2753 ξμιτυεηεξ,
478 2690 675 2743 olli-rat
721 2688 947 2741 vitulum
980 2702 1077 2755 pro
1103 2695 1345 2756 peccato,
1380 2695 1433 2739 et
1467 2684 1689 2737 arietem
1726 2683 1779 2734 in

209 2787 621 2845 Ituioigatlsklll),
652 2785 893 2850 tlttOSque
936 2780 1114 2836 hin-os
1150 2780 1381 2848 accipiat
1417 2778 1483 2831 ab
1518 2778 1775 2829 universo

207 2878 443 2944 populo;
492 2890 663 2926 unum
702 2887 766 2925 ex
801 2873 879 2926 eis
910 2870 1101 2926 offerat
1147 2886 1244 2939 pro
1296 2877 1514 2936 peccato
1570 2882 1690 2929 suo,
1727 2874 1782 2917 tt

208 2985 371 3021 unum
412 2984 513 3034 pro
546 2974 769 3035 peccato
801 2965 1007 3032 populi,
1037 2972 1090 3015 et
1139 2962 1363 3015 arietem
1416 2961 1468 3013 in
1519 2960 1784 3012 holocau-

206 3069 345 3112 stum
383 3058 582 3127 (Lerit.
620 3073 729 3120 xvi,
765 3057 799 3108 2
830 3055 1018 3125 scqq.).
1060 3075 1077 3106 ι
1116 3054 1276 3125 734
1306 3054 1454 3108 Alter
1507 3051 1783 3106 hircorum

206 3170 403 3210 macra
457 3163 686 3223 peccata
732 3152 957 3221 suscipit
997 3152 1178 3219 populi
1215 3151 1266 3204 in
1325 3159 1510 3220 typum
1570 3145 1783 3200 Domini

206 3246 539 3305 Salvator-is.
569 3252 623 3297 et
650 3241 801 3296 effert
833 3244 883 3295 in
918 3243 1265 3297 solitudinem
1304 3259 1318 3305 ;
1345 3251 1396 3294 et
1433 3240 1509 3295 sic
1541 3238 1785 3307 placatur

210 3339 347 3392 Dens
369 3344 529 3392 omni
570 3335 923 3389 multitudini.
955 3335 1032 3388 Ad
1063 3345 1364 3387 extremum
1390 3331 1593 3385 dicitur
1630 3350 1645 3385 :

209 3430 521 3483 comederit
556 3427 720 3479 homo
756 3424 823 3478 de
850 3423 1204 3478 sanetilicatis
1253 3436 1346 3491 per
1397 3422 1783 3489 ignorantiam,

212 3520 531 3587 imputatur
565 3518 615 3571 ei
650 3516 907 3585 iniquitas
936 3529 1096 3581 atque
1140 3514 1417 3577 delictum,
1443 3524 1497 3569 et
1521 3514 1628 3567 voti
1659 3529 1786 3569 reus

206 3614 311 3664 erit
352 3610 557 3677 (Lerit.
609 3624 712 3671 xu,
758 3609 861 3677 Η).
904 3627 921 3659 ι
959 3607 1110 3662 L'ndc
1161 3619 1214 3661 et
1248 3606 1543 3676 Apostolus
1599 3614 1787 3659 monet

207 3700 620 3755 Eucharistiam
660 3700 865 3753 Domini
900 3714 1021 3751 eum
1057 3701 1308 3753 cautione
1337 3697 1678 3763 sumendam,
1718 3712 1785 3752 ne

210 3793 818 3847 iucondemnationcm
847 3791 1007 3844 nobis
1036 3806 1313 3846 sumamus
1340 3791 1783 3860 atquejudieituo

211 3884 264 3952 (Ι
290 3884 416 3937 Cor.
448 3899 526 3947 χι,
559 3883 651 3945 9.7,
674 3882 784 3949 28).
813 3883 868 3935 Si
898 3884 1180 3936 damnatur
1209 3885 1261 3936 in
1298 3885 1412 3952 lege
1445 3884 1780 3951 ignorantia.

206 3988 420 4043 quanto
457 3975 635 4040 magis
671 3974 722 4026 in
757 3973 1045 4042 Evangelio
1075 3974 1445 4027 conscientia!

281 4065 373 4117 35.
394 4064 492 4116 Ἐκ
519 4062 877 4115 Numerorum
910 4064 1064 4116 libro.
1098 4093 1170 4104 ο-
1192 4065 1562 4120 Transeamus
1578 4064 1786 4132 adiNu-

207 4169 417 4218 meros,
438 4169 493 4206 et
531 4153 601 4207 ob
631 4152 1097 4206 contentiosorum
1123 4153 1512 4222 impudentiam
1544 4156 1782 4209 refutan-

203 4247 363 4309 daui,
396 4261 617 4299 summa
653 4260 882 4314 quaeque
918 4259 1223 4314 carpamus.
1265 4243 1555 4300 Nazaraeus
1592 4258 1784 4303 saneto

207 4337 366 4391 crine
408 4336 762 4398 tenerabilis,
795 4336 1017 4388 alterius
1038 4338 1215 4389 subita
1244 4346 1418 4390 morte
1453 4338 1783 4401 maculatur,

204 4439 261 4480 et
302 4441 502 4480 omnes
548 4426 664 4478 dies
715 4426 1142 4481 consecrationis
1177 4426 1294 4494 ejus
1337 4429 1595 4497 praeteriti
1644 4429 1780 4484 irriti

204 4520 350 4573 ﬁunt
386 4536 402 4572 :
438 4526 741 4587 posteaque
777 4531 877 4585 pro
900 4531 965 4569 eo
994 4518 1301 4572 offeruntur
1354 4521 1463 4573 dno
1515 4531 1780 4585 turtures,

1683 3289 1782 3384 {Si
1811 3289 1856 3347 C

1882 2042 2045 2107 seqq.)
2080 2060 2097 2089 ι
2144 2039 2198 2091 In
2228 2036 2486 2092 Kalendis
2516 2037 2853 2108 singulorum
2889 2039 3160 2091 mensium
3219 2038 3450 2091 ollcrtti:'

1882 2131 2069 2184 hircus
2098 2146 2383 2199 caprarum
2422 2148 2519 2201 pro
2574 2142 2797 2199 peccato
2838 2131 3090 2185 Doinino.
3151 2129 3202 2183 In
3240 2129 3445 2184 Pascha

1882 2238 2098 2293 quoque
2138 2238 2231 2290 per
2268 2221 2385 2278 dies
2412 2233 2556 2285 octo,
2590 2239 2616 2276 a
2656 2224 2739 2276 die
2765 2225 2980 2278 decimo
3012 2235 3207 2287 quarto
3238 2225 3445 2279 mensis

1882 2315 2038 2383 primi
2078 2331 2251 2384 usque
2299 2316 2360 2368 a.l
2395 2316 2555 2386 735
2611 2316 2931 2371 vicesimum
2990 2318 3224 2383 primum
3269 2318 3443 2378 diem,

1884 2408 2215 2462 sacriﬁcium
2252 2424 2349 2476 pro
2384 2418 2611 2477 pet-cato
2647 2420 2751 2462 est.
2795 2411 2851 2461 ln
2897 2408 3220 2463 Pentecoste
3263 2411 3447 2463 hircus

1884 2516 1982 2569 pro
2008 2510 2229 2568 peccato
2252 2500 2499 2563 otfcrtur,
2524 2512 2575 2553 et
2601 2501 2654 2554 in
2685 2502 2944 2556 Kalendis
2966 2503 3168 2558 mensis
3204 2505 3446 2572 St‘plimi,

1885 2597 2104 2661 quando
2166 2593 2418 2645 tubarum
2468 2595 2691 2660 clangor
2739 2595 2999 2657 concinit,
3058 2597 3243 2649 eadem
3303 2597 3442 2650 hirci

1883 2698 1982 2752 pro
2007 2694 2230 2753 peccato
2259 2686 2447 2755 religio
2466 2696 2843 2741 conservatur.
2871 2688 2960 2739 Die
2989 2704 3207 2756 quoque
3235 2688 3448 2743 decimo

1884 2776 2123 2847 ejusdun
2183 2778 2385 2833 mensis
2440 2780 2683 2847 septimi,
2754 2783 2972 2846 Qttattlo
3031 2782 3301 2848 jejunium
3366 2794 3446 2835 est

1886 2884 2058 2936 usque
2103 2868 2169 2923 ad
2202 2886 2507 2938 vesperam.
2535 2869 2763 2925 oIIettnr
2799 2872 2983 2927 hircus
3028 2889 3314 2942 caprarum
3354 2891 3449 2942 pro

1885 2974 2129 3031 peccato,
2159 2974 2355 3031 praeter
2381 2979 2502 3017 cum
2533 2965 2767 3027 hircum,
2796 2967 2887 3035 qui
2918 2977 3041 3021 ante
3072 2969 3455 3039 ltolocattstttur

1891 3071 1991 3122 pro
2026 3066 2248 3122 peccato
2285 3072 2347 3108 cx
2406 3056 2520 3123 lege
2569 3067 2859 3109 maelatur.
2898 3058 2953 3109 In
2996 3058 3189 3113 diebus
3233 3077 3449 3130 quoquo

1886 3148 2248 3217 SecnOpegim,
2283 3147 2501 3215 quando
2534 3149 2837 3217 ligelzautnr
2890 3151 3257 3217 tabernacula,
3297 3168 3323 3205 a
3365 3154 3451 3206 die

1890 3240 2100 3294 decimo
2131 3238 2327 3308 quinto
2366 3238 2606 3308 ejusdem
2663 3242 2864 3295 mensis
2895 3244 3110 3309 septimi
3162 3259 3331 3311 us;u:-
3384 3248 3450 3299 aal

1891 3333 2032 3386 diem
2071 3332 2394 3386 vicesimum
2452 3334 2778 3396 secundum,
2829 3333 2970 3387 inter
3015 3338 3150 3390 alias
3205 3338 3453 3390 victimas

1892 3440 2107 3493 semper
2160 3439 2255 3490 pro
2295 3432 2520 3490 peccato
2572 3425 2758 3479 hircus
2809 3424 3160 3491 «im-rebatur,
3216 3439 3275 3481 ut
3324 3430 3454 3482 illud

1893 3517 2177 3585 impleatur
2240 3517 2379 3570 beati
2425 3515 2590 3568 David
2648 3533 2660 3567 :
2713 3535 2729 3567 ι
2770 3516 2889 3570 Tibi
2944 3520 3044 3571 soli
3101 3521 3340 3586 peccavi,
3402 3533 3454 3575 et

1891 3610 2095 3663 malum
2133 3624 2313 3663 coram
2341 3618 2389 3663 te
2422 3609 2546 3672 feci,
2582 3620 2635 3662 ut
2665 3609 2988 3677 justiticm'is
3023 3612 3074 3663 in
3112 3614 3455 3666 sermonibus

1891 3698 2029 3760 tuis,
2066 3707 2119 3751 et
2153 3698 2341 3751 vincas
2385 3713 2505 3750 cum
2550 3698 2817 3762 iudicaris
2870 3697 3042 3768 (I’sal.
3081 3717 3133 3765 L,
3163 3702 3240 3769 5).
3285 3721 3303 3753 ι
3343 3704 3451 3756 Sex

1890 3788 2139 3842 civitaes
2168 3787 2440 3856 eliguntur
2474 3788 2650 3842 exsilii
2690 3804 2906 3852 eorum,
2957 3791 3048 3858 qui
3079 3807 3184 3843 non
3237 3803 3451 3858 spnttlr,

1890 3880 1982 3935 sed
2018 3897 2115 3950 per
2147 3881 2530 3950 ignorantiam,
2560 3882 2640 3934 ιιι-1
2671 3882 2821 3949 jactu
2850 3882 3069 3949 lapidis,
3130 3886 3211 3937 \cl
3260 3886 3456 3953 impul-

1888 3972 2041 4025 sione
2076 3988 2291 4030 manus.
2335 3973 2412 4025 vel
2448 3972 2594 4037 joco,
2626 3972 2707 4024 vel
2743 3972 2963 4025 lascivia
3012 3973 3220 4040 abeque
3266 3975 3455 4027 inimi-

1891 4058 2062 4121 citiis,
2098 4057 2422 4112 infelicitate
2461 4060 2633 4129 magis
2673 4076 2835 4129 quam
2887 4060 3162 4115 voluntate
3198 4079 3455 4128 peccari»-

1891 4161 2040 4217 runt,
2078 4161 2133 4205 et
2162 4158 2342 4207 tamen
2371 4166 2478 4206 non
2503 4153 2709 4222 absque
2732 4152 2962 4207 crimine
2995 4164 3143 4211 sunt,
3178 4154 3304 4207 dum
3362 4172 3448 4208 te-

1890 4244 2139 4314 lcgautur
2178 4245 2230 4298 in
2280 4253 2619 4313 perpetuum,
2648 4253 2701 4297 et
2732 4252 2857 4297 ante
2890 4249 3243 4299 constitutum
3281 4248 3449 4310 diem,

1890 4354 1991 4393 nec.
2027 4339 2448 4407 supplicatione,
2482 4351 2578 4390 nec
2609 4337 2783 4405 pretio
2816 4352 3006 4391 eorum
3059 4341 3299 4395 reversio
3345 4342 3450 4392 ini.

1892 4431 2089 4498 pt'lt‘ali
2122 4440 2169 4482 et
2199 4428 2387 4483 redimi
2421 4436 2621 4495 potest.

1959 4518 2048 4573 '56.
2079 4519 2156 4572 Ex
2195 4516 2615 4572 Deutcronomio.
2649 4548 2713 4560 —-
2759 4518 2814 4572 In
2865 4518 3306 4584 Deuterononiio,
3357 4523 3448 4590 qui

204 4620 263 4663 et
296 4612 406 4661 duo
448 4608 579 4674 pulli
636 4605 1035 4670 columbarum,
1097 4622 1236 4661 unus
1289 4623 1382 4675 pro
1434 4619 1677 4677 peccato,
1728 4625 1781 4665 et
1814 4614 2025 4684 Dliber
2056 4612 2445 4680 prxtcritorum
2490 4613 2830 4666 enumeratio
2876 4623 2978 4677 est,
3023 4615 3310 4685 perspicue
3353 4617 3450 4669 de-

206 4699 353 4753 alter
384 4699 440 4751 iu
502 4698 906 4749 holocaustum.
956 4696 1011 4749 In
1057 4696 1146 4749 die
1182 4710 1398 4765 quoque
1433 4712 1781 4752 coiisumma-

207 4790 380 4844 tionis
406 4789 529 4858 ejus
557 4788 779 4841 ollertur
810 4802 983 4856 agnus
1011 4789 1062 4840 in
1095 4788 1412 4842 bolocausto
1441 4798 1495 4842 et
1518 4804 1656 4858 agna
1687 4807 1782 4857 pro

209 4892 463 4951 peccato.
490 4880 555 4933 Et
585 4880 890 4948 postmulta
926 4878 1190 4945 scriptum
1220 4889 1302 4933 est
1335 4878 1525 4949 (Num.
1556 4898 1665 4940 xiv.
1694 4882 1780 4947 l7,

210 4974 301 5040 18)
354 4991 369 5026 :
432 4990 452 5021 ι
494 4970 559 5023 Et
616 4984 760 5023 nunc
799 4968 1173 5039 magnificetur
1225 4969 1484 5024 fortitudo
1545 4970 1782 5037 Domini,

203 5069 351 5120 sicut
381 5068 604 5119 locutus
631 5065 773 5124 est’,
808 5060 1017 5121 dicens,
1056 5060 1312 5113 Dominus
1367 5059 1691 5129 longanirnis
1731 5069 1784 5113 et

215 5160 399 5211 amitae
430 5152 843 5218 misericordiae,
871 5152 1122 5206 auferens
1171 5151 1509 5219 iniquitatem
1560 5161 1608 5203 et
1659 5165 1779 5204 sce-

207 5265 349 5310 icra,
397 5256 455 5301 et
503 5243 774 5297 mundatis
819 5258 925 5297 non
971 5241 1133 5296 faciet
1182 5242 1568 5305 innocentem;
1606 5260 1625 5291 ι
1686 5257 1781 5309 pro

207 5357 325 5407 quo
361 5337 717 5405 Septuaginta
759 5335 1097 5403 interpretati
1125 5342 1276 5397 sunt,
1321 5350 1339 5383 t
1371 5330 1436 5385 Et
1476 5331 1782 5386 emundaos

282 5455 301 5482 ί
350 5449 528 5503 V'atie.
569 5447 881 5511 testamenti,
918 5456 1181 5501 renuente
1210 5446 1398 5501 Gnaeo
1442 5444 1537 5498 τοῦ
1572 5463 1783 5516 μαρτυ-

210 5540 361 5591 ριου.

282 5620 303 5648 ³
350 5613 613 5668 Meudose
645 5622 801 5666 antea
835 5622 952 5666 erat
983 5611 1143 5665 etiam
1174 5612 1226 5663 in
1266 5628 1396 5666 mss.
1439 5615 1647 5667 locutus
1674 5625 1774 5668 est.

208 5689 427 5742 Tutus
460 5700 513 5734 es
549 5684 709 5735 habet
734 5683 786 5733 io
826 5684 1022 5751 linguis
1067 5680 1346 5734 munibus.
1383 5682 1486 5735 Pro
1529 5684 1775 5739 subnexa

212 5765 489 5811 sententia
527 5763 572 5805 et
600 5754 856 5803 nzundans
890 5768 992 5803 non
1028 5752 1187 5819 faciet
1235 5750 1581 5813 innocentem,
1615 5770 1776 5821 quam

214 5841 342 5880 cum
392 5822 906 5890 Septuagintavirali
959 5821 1403 5888 interpretatione
1440 5838 1650 5884 corner,
1728 5828 1777 5877 in

215 5894 473 5949 versione
503 5909 563 5943 ex
599 5890 841 5951 Hebraeo,
884 5893 1340 5957 quemaatumlum
1387 5902 1436 5946 ct
1476 5895 1527 5944 in
1556 5892 1777 5961 Vulgata

543 5986 802 6045 I'a'rnOL.
849 5983 1060 6045 XXIII.

1892 4713 2249 4764 monstratur,
2284 4718 2390 4755 non
2427 4704 2476 4755 in
2502 4703 2758 4771 operibus
2788 4705 2990 4756 nostris
3019 4716 3182 4773 atque
3205 4708 3446 4772 justitia,

1890 4796 1985 4851 sed
2019 4794 2109 4849 Dei
2141 4796 2519 4849 misericordia
2557 4810 2653 4848 nos
2697 4798 3035 4860 conservari,
3084 4799 3300 4854 dicente
3343 4801 3448 4854 Ito-

1892 4888 2038 4939 niino
2071 4902 2166 4954 per
2195 4885 2410 4955 Moysen
2445 4902 2463 4941 :
2509 4904 2526 4937 ‹
2560 4885 2637 4939 Ne
2672 4886 2824 4940 dicas
2873 4887 2922 4939 in
2968 4888 3135 4944 corde
3175 4900 3290 4957 tuo,
3325 4908 3445 4946 cum

1893 4973 2343 5027 subvertcriteos
2376 4972 2637 5027 Dominus
2682 4974 2819 5029 Deus
2871 4985 2998 5030 tuus
3034 4994 3060 5027 τι
3116 4980 3254 5034 facie
3304 4992 3391 5034 tua
3428 4999 3440 5032 :

1888 5065 1947 5119 lu
1990 5065 2196 5132 justitia
2251 5080 2365 5118 mea
2408 5066 2706 5121 introduxit
2740 5083 2824 5121 me
2852 5069 3136 5133 Dominus,
3177 5080 3236 5124 ut
3265 5076 3440 5141 possi-

1886 5158 2039 5208 deam
2100 5166 2300 5208 tcrrant
2354 5157 2513 5217 hunc,
2574 5159 2701 5225 quia
2760 5160 2812 5211 in
2872 5160 3147 5229 impietate
3200 5169 3441 5233 gentium

1888 5248 2118 5301 istarqu
2157 5246 2420 5301 Dominus
2448 5262 2735 5305 consumet
2776 5266 2871 5303 eos
2900 5267 2927 5303 a
2974 5251 3114 5306 facie
3158 5263 3248 5306 ttta
3284 5272 3298 5307 :
3332 5272 3439 5309 non

1888 5341 1939 5393 in
1969 5340 2179 5409 justitia
2213 5347 2325 5404 tua,
2356 5349 2408 5392 et
2438 5340 2732 5394 directione
2764 5340 2873 5412 [ΑΙ.
2907 5342 3222 5416 dilectione]
3261 5347 3443 5400 cordis

1887 5452 2102 5521 legitur,
2135 5451 2435 5520 nullumque
2469 5453 2745 5527 innoxium
2787 5455 3176 5526 derelinquens.
3231 5457 3284 5509 In
3328 5458 3444 5527 ipsa

1887 5541 2112 5625 llehrm’o
2145 5549 2314 5619 textu,
2344 5548 2478 5625 ripa:
2512 5526 2585 5620 κβ
2615 5552 2760 5625 opai.
2805 5558 2927 5621 ῳιω
2959 5544 3151 5625 reditas
3184 5553 3233 5595 et
3277 5546 3402 5596 inno
3426 5576 3443 5586 ο

1883 5616 2030 5665 trium
2065 5611 2286 5676 furious,
2321 5610 2422 5659 no'u
2453 5610 2608 5677 faciet
2638 5610 2937 5663 i'nuoxium.
2970 5611 3020 5664 In
3049 5612 3235 5667 Grict'o
3262 5625 3443 5669 autem

1886 5685 1979 5732 κα).
2012 5677 2337 5746 καυαρισμῴ
2367 5679 2426 5728 Οὐ
2460 5679 2713 5743 καθαριιῖ
2754 5682 2843 5731 τὸν
2882 5681 3085 5749 ἔνοχον,
3115 5682 3181 5735 Et
3218 5687 3445 5735 munda-

1886 5753 2021 5802 tione
2057 5765 2157 5800 non
2194 5750 2468 5799 ntuudabit
2501 5766 2678 5810 reum;
2712 5766 2833 5817 qua:
2862 5756 3040 5804 omnia
3109 5754 3268 5806 simul
3314 5770 3446 5805 t'flll‘

1887 5823 2007 5879 ltili,
2045 5829 2629 5889 ntquauiversionetn
2686 5820 3048 5889 Ilii-ronymus
3096 5824 3182 5876 hic
3234 5823 3441 5887 laudet,

1885 5904 2115 5960 quamve
2144 5887 2430 5954 intelligat,
2461 5903 2774 5956 expressam
2806 5908 2833 5945 e
2867 5887 3002 5943 LXX
3033 5891 3263 5958 judiccs.

3037 5982 3105 6042 13
