4198 6482
698 435 818 499 555

1872 441 1932 503 S.
1975 436 2294 500 EUSEBII
2339 437 2783 501 IIIERONYMI

3869 440 3973 501 uno
4003 405 4023 429 ’

713 546 791 602 ιιιί
822 545 1077 615 intrabis,
1124 554 1184 602 ut
1221 548 1508 618 possideas
1558 559 1763 607 terram
1815 569 2000 610 eorum
2034 571 2049 609 :
2085 555 2179 611 sed
2229 553 2284 607 in
2318 554 2360 610 Α
2393 550 2594 605 boves?
2627 551 2758 622 quid
2806 551 2945 609 asini
2975 554 2993 607 ἲ
3040 553 3171 625 quid
3215 553 3455 626 pecora?
3486 553 3594 611 Fac
3624 552 3732 607 Deo
3774 550 3988 605 ιιιιὶιιιιι-

714 641 994 710 impietate
1027 656 1216 696 corum
1245 639 1510 699 Dominus
1539 644 1679 702 Deus
1714 657 1842 702 tuus
1874 658 2158 704 consumet
2192 665 2287 705 eos

710 751 738 787 a
773 734 910 788 facie
947 744 1058 798 tua,
1087 745 1146 791 ut
1176 739 1404 794 suscitet
1455 741 1682 796 verbum
1729 744 1874 811 quod
1930 745 2149 800 locutus
2199 752 2286 800 est

710 827 957 896 patrihus
985 829 1117 896 tuis,
1163 830 1464 897 Abraham,
1509 831 1662 886 Isaac
1707 841 1761 887 et
1807 833 1999 891 Jacob.
2038 837 2101 891 Et
2144 838 2288 893 scies

706 921 856 988 quod
886 936 995 977 non
1025 922 1078 977 in
1108 925 1322 993 justitia
1353 934 1442 978 tua
1482 923 1763 980 Dominus
1800 925 1943 984 Deus
1978 936 2104 983 tuus
2139 930 2292 985 dabit

710 1014 808 1068 tibi
840 1022 1042 1070 terram
1079 1017 1364 1085 optimam,
1403 1026 1460 1071 ιιι
1496 1019 1785 1089 possideas
1815 1037 1956 1085 eam,
2001 1026 2130 1092 quia
2187 1041 2288 1097 po-

716 1109 881 1178 pulus
911 1109 1058 1164 durae
1089 1110 1319 1166 cervicis
1348 1126 1407 1166 es
1451 1122 1504 1168 tu
1539 1103 1730 1184 (Deut.
1756 1131 1832 1183 Ix,
1865 1117 2004 1179 4-6).
2051 1139 2068 1172 ι
2119 1119 2178 1174 1η
2221 1136 2288 1177 eo

709 1212 889 1258 autem
922 1204 1066 1273 quod
1112 1204 1294 1259 dixit:
1343 1224 1360 1258 ι
1409 1203 1690 1265 Perfectus
1719 1212 1830 1267 eris
1875 1229 1999 1268 cum
2052 1213 2287 1271 Domino

711 1299 861 1356 Deo‘
901 1311 993 1356 tuo
1026 1301 1208 1372 (Deut.
1260 1310 1416 1369 xvui,
1461 1304 1574 1376 I5),
1610 1323 1630 1360 ι
1689 1321 1800 1377 quo
1848 1323 2014 1364 sensu
2065 1310 2290 1376 dixerit,

708 1409 776 1449 ex
807 1397 1284 1466 consequentibus
1332 1398 1696 1469 approbatur.
1741 1415 1762 1451 ι
1792 1398 1929 1455 Cum
1982 1403 2287 1472 ingressus,

707 1490 910 1557 inquit,
949 1491 1117 1545 fueris
1160 1499 1383 1558 terram,
1439 1506 1602 1560 quam
1657 1491 1922 1548 Dominus
1961 1497 2106 1552 Deus
2157 1507 2287 1553 tuus

706 1583 855 1636 dabit
889 1583 1008 1644 tibi,
1043 1597 1152 1636 non
1205 1582 1385 1638 disces
1432 1583 1616 1639 facere
1666 1585 2104 1643 abominationes
2157 1605 2294 1657 gen-

704 1676 842 1726 tium
887 1673 1125 1739 illarum,
1155 1689 1260 1730 nec
1317 1675 1628 1731 invenietur
1665 1678 1722 1732 in
1779 1686 1832 1734 te
1884 1680 1976 1749 qui
2039 1679 2291 1736 traducat

707 1764 871 1835 736
908 1766 1078 1821 lilium
1114 1771 1198 1822 vel
1231 1767 1399 1822 filiam
1435 1784 1591 1824 suam
1626 1785 1724 1839 per
1753 1770 1954 1838 ignem.
1985 1773 2289 1828 Divinatio-

706 1857 869 1912 nibus
905 1859 987 1912 vel
1027 1860 1286 1914 omnibus
1334 1861 1625 1929 auguriis‘
1662 1869 1718 1916 et
1773 1863 2038 1919 maleficis
2071 1866 2285 1921 artibus

2408 643 2552 697 niam
2577 659 2749 714 quare
2783 661 2925 700 unus
2966 648 3293 717 peccaverit,
3326 657 3381 703 et
3424 663 3552 717 pars
3586 647 3776 719 populi
3819 645 3991 700 truci-

2407 738 2530 790 data
2567 737 2681 790 sit?
2711 736 2825 792 Cur
2854 747 2909 793 et
2950 738 3065 809 ipse
3108 740 3383 812 lapidatur
3418 739 3530 813 [ΑΙ.
3570 738 3898 811 lapidetur],
3931 744 3985 792 et

2405 830 2590 882 omnia
2635 845 2761 896 qua:
2806 831 3008 886 habere
3057 835 3320 903 potuerit,
3375 834 3543 888 ultrix
3587 835 3808 888 flamma
3858 848 3992 887 con-

2407 923 2744 992 sumpserit?
2787 924 3039 980 Dicamus
3081 935 3134 980 et
3175 928 3362 983 aliud:
3406 946 3424 981 ι
3455 926 3571 983 Non
3598 939 3734 990 erat,
3781 929 3987 998 inquit.
4055 957 4066 964 ι

2406 1015 2621 1080 civitas,
2654 1031 2820 1088 quam
2858 1035 2967 1073 non
3015 1020 3241 1074 tradidit
3298 1020 3563 1078 Dominus
3620 1021 3748 1076 ﬁliis
3798 1023 3991 1084 lar-lci,

2406 1109 2614 1182 absque
2668 1111 2860 1166 llevaao
2915 1112 3009 1182 qui
3068 1111 3350 1168 habitabat
3394 1115 3445 1168 in
3477 1113 3746 1170 Gabaon:
3800 1130 3994 1169 omnos

2406 1203 2697 1274 pugnando
2732 1214 3015 1273 ceperunt,
3052 1204 3185 1275 quia
3234 1218 3264 1258 a
3313 1204 3548 1261 Domino
3593 1206 3801 1262 factum
3843 1215 3982 1269 erat,

2409 1305 2466 1349 nt
2508 1297 2792 1351 induraret
2813 1311 2908 1352 cor
2932 1312 3148 1366 eorum,
3178 1306 3232 1354 et
3262 1310 3570 1372 pugnarent
3592 1300 3754 1372 737
3791 1315 3988 1355 contra

2406 1389 2597 1456 Israel,
2660 1399 2717 1446 ut
2765 1391 3260 1448 interficerentur:
3313 1401 3368 1449 et
3432 1409 3540 1447 non
3591 1392 3742 1448 ﬁ-rrel
3801 1397 3857 1448 in
3911 1403 3991 1448 eis

2409 1481 2816 1550 miserieOrdia,
2859 1494 2911 1538 et
2943 1482 3209 1554 perirent,
3240 1485 3382 1539 sicut
3421 1486 3682 1554 praecepit
3725 1485 3992 1538 Dnl'nitrtts

2405 1574 2573 1646 Moysi
2607 1574 2788 1647 (Iosue
2860 1576 3056 1649 xt,{I9,
3085 1576 3200 1646 20).
3236 1596 3254 1630 ι
3294 1575 3349 1631 Si
3389 1575 3604 1631 Domini
3649 1577 3856 1632 faetum
3912 1591 3994 1630 ρει

2408 1667 2712 1734 voluntate,
2739 1675 2793 1722 ut
2819 1684 3006 1738 pacem
3042 1685 3148 1725 non
3179 1671 3486 1740 reciperent
3515 1685 3617 1725 nec
3643 1671 3993 1739 susciperrnt

2403 1758 2620 1826 Israel;
2684 1758 2934 1815 dicamus
2977 1761 3131 1830 juxta
3191 1763 3516 1831 Apostolum
3557 1779 3571 1816 :
3615 1780 3633 1813 ι
3663 1760 3805 1826 Quid
3859 1777 3990 1830 ergo

2405 1846 3051 1917 queritur‘IVoluntati
3102 1851 3245 1906 enim
3301 1851 3420 1922 ejus
3487 1853 3611 1924 quis
3673 1862 3863 1922 potest
3900 1868 3991 1908 rc-

710 1960 763 2002 et
794 1951 1262 2007 incantationibus
1303 1953 1420 2008 'non
1459 1953 1685 2019 servies,
1725 1963 1783 2008 ut
1834 1957 2140 2024 interroges
2177 1975 2292 2012 ma-

2404 1937 2595 1993 sistere
2627 1939 2804 2007 (Rom.
2834 1955 2910 2001 rx.
2945 1939 3075 2011 I9)?
3104 1959 3122 1992 ι

705 2055 802 2110 gos
827 2051 880 2096 et
905 2041 1112 2097 ariolos
1151 2051 1208 2097 et
1291 2052 1561 2099 mortuos.
1597 2045 1945 2100 Abominatio
1997 2049 2144 2103 enim
2191 2049 2295 2106 Do-

707 2133 842 2187 mini
911 2142 995 2188 est
1049 2134 1232 2190 omnis
1286 2135 1381 2206 qui
1442 2134 1574 2191 facit
1620 2136 1758 2192 hac.
1818 2138 1887 2193 Et
1919 2151 2141 2209 propter
2195 2141 2295 2198 has

705 2223 1145 2281 abominationes
1179 2224 1448 2283 Dominus
1478 2227 1623 2285 Deus
1647 2237 1773 2286 tuus
1801 2243 2089 2289 consumet
2137 2250 2231 2290 eas
2263 2251 2292 2290 a

709 2317 849 2372 faeie
891 2327 984 2372 tua
1035 2335 1049 2372 :
1111 2319 1386 2390 perfectus
1424 2321 1536 2376 eris
1579 2337 1704 2377 cum
1760 2323 1993 2380 Domino
2048 2327 2157 2381 Deo
2200 2339 2294 2382 tuo

708 2409 882 2477 (Ibid.
910 2410 1084 2476 9-12).
1129 2429 1146 2462 ι
1187 2409 1434 2482 Denique
1465 2411 1630 2468 infert
1664 2431 1678 2467 :
1723 2434 1740 2466 ι
1779 2415 1918 2481 Quia
1954 2427 2144 2486 gentes
2177 2419 2295 2474 istre

706 2518 848 2571 quas
893 2512 948 2556 ιιι
1001 2503 1334 2572 possidehis,
1433 2505 1636 2562 ariolos
1688 2515 1742 2562 et
1786 2507 2006 2564 divinos
2041 2510 2294 2567 audiunt.

707 2595 832 2650 'I'ibi
863 2605 1043 2649 autem
1070 2611 1178 2649 non
1203 2595 1281 2652 sic
1313 2596 1463 2651 dedit
1506 2597 1771 2653 Dominus
1801 2601 1947 2656 Deus
1972 2611 2097 2657 tuus
2125 2602 2292 2675 (Ibid.

709 2687 825 2759 II).
869 2706 887 2740 ι
926 2687 1236 2759 Statimque
1290 2690 1573 2761 subiungit
1610 2707 1624 2744 :
1682 2709 1701 2744 ι
1741 2691 2074 2762 Prophetam
2125 2711 2295 2750 unum

707 2797 774 2836 ex
826 2790 875 2836 te
912 2781 980 2837 de
1041 2781 1306 2838 fratribus
1363 2783 1471 2837 tuis
1528 2784 1672 2840 sicut
1722 2801 1808 2841 me
1851 2788 2145 2844 suscitabit
2199 2789 2296 2844 tibi

711 2873 976 2930 Dominus
1022 2875 1164 2931 Deus
1217 2885 1346 2931 tuus
1383 2892 1401 2931 :
1438 2879 1617 2947 ipsum
1668 2879 1859 2935 audies
1901 2879 2074 2950 (Ibid.
2119 2882 2229 2950 15).
2274 2900 2293 2934 ι

711 2963 792 3022 Ex
850 2980 961 3035 quo
1015 2966 1328 3022 ostenditur
1385 2967 1692 3038 perfectum
1741 2970 1830 3026 hic
1877 2971 1982 3026 diei
2040 2987 2151 3028 non
2204 2975 2299 3044 qui

708 3067 937 3112 cunctas
991 3059 1221 3114 virtutes
1277 3060 1494 3127 habeat,
1558 3061 1655 3116 sed
1711 3063 1805 3130 qui
1881 3063 2182 3134 perfectum
2244 3075 2302 3122 et

682 3163 878 3205 .unum
936 3158 1198 3219 sequatur
1256 3150 1445 3204 Denm.
1524 3150 1838 3223 Narratque
1898 3155 2155 3210 similiter
2232 3157 2299 3212 de

2467 2028 2557 2082 38.
2583 2029 2666 2082 Ea:
2697 2031 2897 2100 Regum
2947 2031 3121 2089 libris.
3146 2062 3216 2074 —
3245 2034 3318 2089 De
3353 2035 3572 2091 Samuel
3595 2047 3649 2092 et
3674 2037 3992 2094 Malachim.

2400 2120 2666 2176 Jonathas
2694 2123 2876 2178 favum
2911 2126 3087 2181 mellis
3119 2131 3362 2194 gustavit
3390 2129 3445 2184 in
3488 2140 3734 2201 sceptro,
3768 2143 3823 2187 et
3864 2134 3993 2187 illu-

2402 2215 2628 2271 minatis
2667 2218 2861 2282 oculis,
2894 2219 3260 2288 periclitatur,
3291 2222 3436 2290 quod
3475 2226 3728 2280 nesciens
3768 2224 3986 2282 fecerit.

2402 2306 2517 2362 Hoc
2547 2310 2692 2362 enim
2743 2309 3027 2380 Scriptura
3061 2321 3314 2380 testatur,
3361 2317 3503 2384 quod
3560 2316 3903 2386 ignoraverit
3959 2335 3990 2375 a

2403 2410 2558 2468 patre
2632 2416 2758 2456 esse
2835 2412 3192 2471 priceeptum,
3243 2420 3310 2457 ne
3359 2407 3654 2478 quisquam
3709 2421 3985 2481 gustaret,

2400 2488 2577 2543 donec
2620 2491 2852 2545 victoria
2915 2490 3130 2547 Domini
3189 2495 3582 2564 complet-etur.
3639 2499 3697 2553 In
3766 2509 3987 2555 tantum

2405 2589 2586 2635 autern
2621 2583 2794 2636 Iratus
2820 2584 2903 2638 est
2928 2583 3216 2650 Dominus,
3253 2596 3311 2639 ut
3344 2602 3464 2642 sors
3496 2589 3768 2646 inveniret
3792 2594 3991 2648 occul-

2404 2682 2544 2738 tum,
2582 2683 2638 2728 et
2673 2675 2788 2745 ipse
2830 2675 3092 2732 fateretur
3122 2679 3315 2735 dicens
3351 2699 3365 2738 :
3405 2702 3425 2736 ι
3466 2682 3694 2738 Gustavi
3742 2687 3797 2738 in
3829 2701 3982 2741 sutu-

2403 2765 2593 2820 mitate
2635 2768 2864 2836 sceptri,
2929 2771 3072 2838 quod
3126 2781 3210 2826 est
3260 2775 3312 2827 in
3368 2791 3530 2835 manu
3597 2793 3739 2843 mea,
3791 2795 3988 2850 parum

2404 2856 2605 2922 mellis,
2640 2867 2694 2910 et
2725 2871 2854 2912 ecce
2900 2874 3001 2929 ego
3048 2861 3257 2917 morior
3289 2862 3341 2930 (I
3383 2863 3508 2936 Reg.
3540 2882 3652 2934 xtv,
3699 2868 3815 2938 45).
3867 2889 3885 2921 ι
3923 2871 3989 2924 Et

2403 2957 2590 3014 postea
2625 2948 3026 3006 intercessione
3071 2963 3126 3006 et
3173 2955 3429 3022 precibus
3481 2959 3665 3028 populi
3713 2959 3988 3017 liberatus

2404 3047 2507 3107 est,
2538 3040 2776 3095 dicentis
2819 3042 2885 3096 ad
2921 3042 3052 3097 Saul
3087 3060 3103 3100 :
3143 3063 3161 3097 ι
3197 3043 3337 3100 Num
3379 3044 3645 3105 Jonathas
3697 3051 3987 3117 morietur,

2404 3132 2498 3200 qui
2531 3129 2660 3186 fecit
2687 3131 2919 3188 salutem
2958 3133 3099 3189 hanc
3146 3151 3400 3207 magnam
3435 3138 3488 3192 in
3541 3137 3756 3194 Israel?
3795 3144 3983 3197 Absit.

707 3240 1026 3297 conditione
1068 3242 1320 3298 exsulum
1357 3244 1449 3313 qui
1503 3259 1600 3314 per
1638 3221 2003 3316 ignorantiam
2038 3264 2300 3318 peccave-
2327 3253 2368 3311 C
2406 3221 2550 3318 Υίνίι
2581 3221 2850 3279 Dominus
2887 3243 2900 3278 ³
2936 3225 2980 3281 Si
3018 3227 3284 3282 “ﬁdem
3310 3228 3376 3283 de
3397 3230 3608 3298 capillis
3643 3232 3840 3301 capi‘i‘
3864 3234 3988 3302 eius

712 3341 863 3399 runt,
893 3348 1001 3403 quo
1030 3333 1328 3404 confugere
1365 3335 1597 3389 debeant
1629 3337 1671 3400 ³,
1731 3347 1898 3406 atque
1949 3341 2234 3411 subjungit
2260 3343 2297 3404 lt

714 3445 734 3478 ι
772 3425 1001 3493 Quando
1043 3428 1402 3483 :rdiﬁcaveris
1437 3427 1661 3483 domum
1716 3445 1937 3496 novam,
1967 3432 2139 3488 facies
2173 3435 2301 3489 lori-

712 3517 890 3571 culam
935 3517 1077 3572 lecto
1115 3527 1207 3572 tuo
1239 3517 1292 3570 in
1323 3518 1581 3582 circuitu,
1619 3533 1688 3573 ne
1726 3522 2008 3591 sanguinis
2035 3539 2165 3580 reus
2197 3525 2298 3594 sis,

712 3625 833 3665 cum
888 3609 1082 3680 aliquis
1125 3610 1386 3664 ceciderit
1441 3625 1505 3665 ex
1557 3625 1621 3666 ea
1650 3610 1840 3683 (Deut.
1873 3629 2006 3682 xxtt,
2051 3615 2131 3688 8).
2173 3635 2192 3669 ι
2234 3617 2299 3672 Ει

713 3702 913 3755 iterum
947 3718 965 3757 :
1001 3721 1020 3754 ι
1059 3701 1116 3756 Si
1160 3701 1324 3757 fuerit
1373 3701 1427 3758 in
1482 3711 1532 3758 te
1571 3703 1676 3769 vir,
1737 3706 1829 3774 qui
1865 3721 1974 3761 non
2029 3709 2100 3762 sit
2132 3725 2298 3764 mun-

717 3794 822 3848 dus
843 3809 872 3847 a
892 3806 1161 3852 nocturno
1180 3796 1348 3861 fluxu,
1375 3797 1680 3865 egredietur
1703 3808 1859 3853 extra
1889 3809 2087 3864 castra,
2113 3813 2297 3859 etnon

717 3891 1051 3964 ingredietur
1104 3889 1347 3942 medium
1391 3897 1723 3954 castrorum,
1757 3905 1992 3963 eumque
2017 3893 2300 3951 advenerit

719 3997 966 4051 vespera,
996 3981 1196 4034 lavabit
1241 3996 1299 4034 se
1343 3995 1506 4050 aqua,
1545 3990 1602 4034 et
1651 3991 1775 4050 post
1824 3984 2136 4038 occubitum
2170 3987 2301 4042 solis

718 4074 1055 4142 ingredietur
1088 4073 1325 4128 medium
1355 4088 1543 4127 eorum
1574 4073 1756 4144 (Deut.
1789 4091 1949 4136 xxm,
1990 4076 2088 4140 I0,’
2120 4077 2231 4146 Il).
2271 4097 2288 4129 ι

791 4171 880 4222 57.
926 4168 1009 4221 Ea:
1047 4166 1231 4220 Josua
1267 4165 1423 4220 libro.
1460 4195 1522 4206 —
1553 4167 1630 4221 De
1670 4165 1801 4224 Iesu
1846 4169 1956 4224 lilio
1995 4167 2145 4226 Nave
2186 4170 2299 4227 duo

722 4270 931 4314 tantum
968 4273 1163 4327 ροιιιιηι
1199 4255 1531 4310 testimonia.
1562 4254 1813 4311 Peccavit
1839 4258 2049 4326 Achan,
2071 4269 2124 4317 ct
2148 4269 2299 4319 totus

719 4352 954 4423 populus
1017 4348 1265 4403 offendit.
1329 4347 1577 4419 Dixitque
1613 4349 1880 4406 Dominus
1938 4354 2003 4405 ad
2066 4352 2287 4409 Iosue:

727 4465 744 4497 ι
784 4444 899 4497 Non
942 4451 1198 4512 poterunt
1235 4449 1380 4496 stare
1414 4442 1505 4496 tilii
1546 4443 1712 4497 Israel
1770 4443 1822 4497 in
1861 4455 2164 4516 conspectu
2198 4446 2300 4502 ini-

723 4536 987 4590 micorum
1043 4548 1306 4598 suorum;
1357 4532 1451 4586 sed
1504 4533 1663 4586 dorsa
1707 4545 1919 4589 vertent
1965 4537 2296 4593 adversariis

724 4627 860 4688 suis,
889 4624 1013 4692 quia
1051 4623 1250 4677 laetum
1283 4629 1364 4674 est
1399 4620 1690 4673 anathema
1726 4622 1778 4674 in
1815 4622 1918 4677 cis.
1950 4623 2014 4677 Et
2063 4639 2168 4678 non
2205 4626 2295 4679 ad-
2331 4599 2374 4654 θ

743 4721 846 4773 iam
912 4726 969 4770 ut
1035 4716 1138 4768 sim
1208 4714 1515 4777 vobiscum,
1579 4713 1685 4767 nisi
1765 4715 2067 4769 contritum
2128 4715 2299 4783 fuerit

725 4810 1013 4864 anathema
1082 4807 1150 4860 de
1201 4805 1379 4858 ntedio
1434 4814 1668 4858 vestrum
1737 4804 1922 4874 (Josue
1974 4812 2065 4869 vti,
2129 4808 2293 4874 12).»

724 4902 970 4969 Cumque
1007 4898 1353 4967 sacrilegium
1383 4905 1741 4965 qumveretur,
1767 4910 1817 4950 et
1861 4914 1986 4953 surs
2037 4893 2296 4954 latentem

726 4993 1024 5047 invenissrt
1083 5003 1257 5052 reum,
1313 4986 1718 5040 interficiuntur
1776 5002 1897 5037 eum
1964 4987 2151 5039 Achan
2202 4985 2298 5039 filii

726 5086 868 5149 ejus,
911 5092 962 5134 et
993 5081 1138 5144 ﬁliae,
1175 5081 1362 5143 boves,
1400 5079 1560 5144 asini,
1594 5093 1792 5148 pecora
1820 5094 1832 5136 :
1864 5078 2296 5142 tabernaculum,

728 5188 780 5231 et
843 5189 1195 5244 quaecunque
1250 5171 1453 5224 habere
1507 5171 1705 5237 potuit,
1755 5171 1877 5239 igne
1919 5170 2093 5222 deleta
2148 5179 2297 5226 sunt.

732 5268 882 5329 Esto,
910 5266 1023 5334 ipse
1064 5262 1377 5333 peccaverit
1423 5275 1437 5312 :
1472 5259 1602 5330 quid
1639 5263 1965 5316 commisere
2009 5260 2146 5315 lilii?
2172 5261 2301 5330 quid

804 5465 816 5492 '
859 5460 1010 5515 Unus
1054 5461 1222 5514 Vat'c.
1259 5474 1436 5510 coram
1461 5456 1685 5509 Domino
1717 5455 1843 5518 Deo,
1879 5467 1986 5510 etc.

803 5536 820 5562 '
862 5535 1003 5584 Idem
1039 5531 1210 5585 Vatic.
1238 5529 1680 5589 Dtuinalioutbus,
1717 5536 1763 5580 et
1810 5528 2096 5588 ominibus,
2126 5537 2172 5580 et
2210 5545 2305 5580 au-

735 5605 918 5672 guriis.
956 5614 1062 5656 etc.

805 5674 823 5703 ³
867 5673 990 5724 Mss.
1019 5686 1207 5723 omnes
1239 5684 1360 5722 cum
1396 5669 1560 5722 veteri
1600 5668 1838 5722 editione
1876 5669 2015 5734 Quo,
2052 5683 2096 5721 et
2139 5685 2306 5737 quan-

737 5744 823 5793 diu
861 5743 1138 5809 confugere
1170 5740 1412 5809 debeant,
1453 5749 1561 5795 etc.

805 5815 826 5842 δ
869 5808 1140 5864 Hactenus
1171 5812 1324 5868 editi,
1363 5808 1503 5874 Quid
1528 5827 1650 5879 ergo
1673 5810 1970 5877 quaeritur?
1994 5808 2305 5861 [isnon-lan-

738 5897 824 5938 tur
854 5899 878 5934 ει
920 5882 1155 5952 scriptis,
1189 5889 1240 5934 et
1278 5879 1465 5934 Crteco
1505 5890 1650 5934 textu
1690 5882 1741 5932 τί
1784 5881 1864 5933 ἔτι
1902 5881 2174 5947 ειέμςετιε
2220 5897 2231 5944 ;

2405 3315 2458 3370 in
2493 3325 2716 3382 terram,
2745 3317 2874 3387 quia
2911 3334 3034 3372 cum
3086 3318 3318 3374 Domino
3350 3319 3480 3376 fecit
3505 3323 3645 3376 diem
3687 3324 3830 3379 hanc
3870 3343 3884 3380 :
3934 3338 3989 3381 et

2405 3406 2659 3462 liberavit
2690 3409 2923 3478 populus
2951 3411 2972 3441 '
3021 3409 3316 3474 Jonatban,
3353 3422 3407 3466 et
3457 3428 3564 3467 non
3607 3424 3690 3468 est
3731 3427 3989 3473 mortuus

2407 3501 2568 3573 (Ibid.
2595 3502 2709 3572 45).
2748 3521 2766 3554 ι
2808 3502 3027 3559 Samuel
3057 3505 3314 3558 irascitur
3339 3504 3513 3569 Sauli,
3539 3516 3722 3560 etnon
3761 3511 3882 3561 vult
3909 3510 3989 3565 ire

2405 3607 2529 3648 cum
2566 3609 2718 3664 rege;
2779 3603 2960 3663 postea
3013 3597 3268 3665 precibus
3322 3597 3583 3660 vincitur,
3618 3607 3675 3650 ut
3723 3601 3987 3654 ostendat

2405 3682 2628 3738 humani
2679 3684 2847 3738 animi
2910 3685 2964 3739 in
3023 3685 3303 3739 diversum
3363 3687 3747 3740 mutationem.
3797 3687 3984 3760 Pergit

2406 3775 2706 3842 Bethleem,
2741 3778 2989 3845 singulos
3027 3778 3260 3832 filiorum
3289 3776 3442 3833 Iesse
3470 3787 3626 3849 putat
3657 3779 3810 3847 ipsos
3839 3797 3981 3848 esse,

2405 3883 2542 3937 quos
2578 3867 2841 3924 Dominus
2879 3869 3218 3939 requirebat.
3252 3870 3498 3940 Cumque
3525 3872 3752 3928 vidisset
3804 3873 3978 3940 Eliab,

2404 3958 2480 4012 ait
2511 3974 2522 4008 :
2568 3977 2584 4009 ι
2620 3959 2760 4014 Ecce
2790 3960 2842 4013 in
2873 3971 3172 4027 conspectu
3201 3962 3412 4016 Domini
3437 3963 3694 4019 Christus
3737 3967 3888 4036 ejus.
3920 3971 3982 4023 Et

2403 4048 2481 4101 ait
2533 4047 2798 4103 Dominus
2856 4049 2923 4103 ad
2977 4065 3150 4104 eum:
3192 4051 3268 4104 Ne
3315 4053 3577 4121 respicias
3639 4056 3706 4109 ad
3763 4059 3978 4113 vultum

2404 4140 2541 4208 ejus,
2567 4149 2620 4194 ct
2645 4141 2712 4195 ad
2737 4149 2999 4195 staturam
3030 4143 3278 4212 corporis
3305 4143 3475 4206 illius,
3506 4147 3775 4215 quoniam
3802 4150 3981 4218 abieci
4061 4197 4065 4199 .

2404 4249 2551 4289 eum.
2590 4233 2765 4287 Aliter
2797 4233 2940 4286 enim
2989 4234 3139 4288 videt
3173 4234 3358 4298 homo,
3405 4236 3561 4290 aliter
3602 4237 3764 4294 Deus.
3806 4238 3982 4297 Homo

2403 4327 2547 4381 enim
2579 4326 2728 4380 videt
2762 4326 2811 4378 in
2849 4325 3008 4392 facie,
3065 4325 3205 4381 Deus
3238 4327 3288 4379 in
3328 4329 3492 4382 corde
3535 4326 3585 4397 (1
3613 4327 3739 4400 Reg.
3777 4347 3893 4397 xvi,
3927 4335 3981 4399 6,

2405 4423 2481 4491 7).
2519 4441 2535 4473 ι
2566 4424 2741 4492 Atque
2781 4421 2832 4474 in
2865 4421 3012 4473 hunc
3060 4418 3279 4473 modum
3321 4434 3415 4487 per
3445 4435 3640 4476 omnes
3675 4435 3854 4488 errat,
3885 4441 3981 4494 per

2404 4531 2596 4571 omnes
2626 4516 2941 4585 corrigitur,
2973 4495 3031 4566 ιιι
3067 4523 3248 4581 pateat
3286 4518 3535 4566 humane
3574 4517 3779 4571 mentis
3824 4518 3980 4573 inﬁr-

2405 4611 2583 4663 mitas.
2637 4606 2932 4661 Isboseth‘
2987 4606 3115 4659 Saul
3173 4605 3316 4658 filius
3368 4606 3698 4660 interficiutr
3768 4611 3897 4664 dolo
3950 4627 3977 4665 a

2405 4704 2501 4754 Iter.
2519 4703 2626 4755 hab
2658 4709 2709 4753 et
2744 4699 2920 4752 Baana
2954 4698 3078 4751 filiis
3118 4697 3383 4751 Remmon
3421 4698 3694 4753 Berntitae.
3728 4701 3980 4772 Cumque

2406 4796 2752 4849 nuntiassent
2796 4791 2981 4856 David,
3013 4799 3068 4844 et
3098 4802 3253 4858 caput
3291 4790 3592 4846 adversarii
3632 4795 3982 4850 demonstra-

2407 4898 2548 4949 rent,
2575 4886 2746 4939 occisi
2780 4892 2907 4939 sunt
2939 4899 2966 4936 a
2998 4883 3189 4946 David,
3216 4883 3431 4939 dicente
3461 4899 3475 4936 :
3519 4883 3661 4940 «Viri
3699 4886 3854 4956 impii
3879 4903 3974 4943 oc-

2406 4981 2657 5035 ciderunt
2692 4981 2868 5031 virum
2903 4977 3110 5045 justum
3146 4976 3198 5029 in
3238 4983 3400 5030 domo
3443 4992 3542 5030 sua
3592 4987 3646 5031 et
3676 4979 3731 5032 in
3775 4979 3977 5037 lectulo

2408 5087 2508 5127 suo
2552 5069 2640 5140 (II
2683 5069 2803 5136 Reg.
2843 5083 2912 5133 tv,
2954 5068 3064 5134 II).
3099 5086 3116 5118 ›
3152 5067 3312 5121 Certe
3363 5067 3608 5123 Isboseth
3638 5069 3825 5139 justus
3868 5089 3972 5126 non

2407 5175 2546 5228 erat,
2609 5174 2662 5217 et
2723 5173 2902 5216 tamen
2972 5163 3022 5213 in
3085 5177 3149 5215 eo
3204 5161 3388 5230 justus
3449 5162 3777 5231 appellatur,
3831 5167 3979 5233 quod

2411 5264 2611 5327 absque
2639 5271 2776 5310 nova
2809 5254 3129 5309 iuterfrctus
3161 5262 3267 5310 est.
3302 5253 3408 5308 02a
3444 5255 3655 5318 levites,
3691 5269 3818 5309 cum
3853 5271 3976 5311 arca

2481 5459 2500 5488 ⁸
2544 5455 2701 5510 Falso
2740 5457 2999 5510 bach-nus
3031 5457 3262 5526 vulgati,
3292 5454 3833 5515 Liberauilﬂominus
3877 5455 3976 5508 Ju-

2412 5528 2626 5579 multum
2667 5543 2759 5594 pro
2783 5528 3028 5593 populus,
3062 5528 3207 5595 quod
3239 5541 3374 5580 mss.
3410 5540 3600 5579 omnes
3648 5528 3974 5594 praeferunt,

2412 5607 2696 5667 lexlttsqtte
2741 5600 2854 5664 ipse
2888 5597 3204 5667 Sttripturae.

2484 5669 2503 5698 ⁶
2544 5666 2675 5720 Mss.
2717 5668 2802 5719 hic
2840 5664 3027 5735 atque
3060 5668 3200 5720 inira
3235 5675 3552 5720 constanter
3597 5664 3977 5731 .IIiplribosetIt,

2411 5742 2554 5805 quo.|
2584 5739 2775 5805 legisse
2816 5738 2982 5788 \‘nluit
3026 5736 3282 5790 Erasmus
3331 5751 3548 5805 quoque
3591 5751 3715 5790 cum
3753 5736 3978 5804 scripsit

2419 5805 3088 5875 staphium-:1::Jenazha:
3126 5807 3267 5860 ﬁlius
3301 5817 3377 5860 est
3433 5825 3458 5856 a
3513 5806 3689 5860 Baana
3736 5806 3976 5872 occisus,

2417 5893 2466 5931 ιιι
2503 5896 2560 5931 ev
2600 5878 2636 5930 ll
2677 5879 2804 5946 llcg.
2835 5879 2995 5942 libro,
3027 5893 3150 5947 cap.
3187 5894 3239 5931 ix
3279 5889 3324 5930 et
3359 5893 3496 5944 seqq.
