4198 6462
222 407 332 478 557

1015 411 1400 474 DIM.OGUS
1438 407 1734 470 CONTRA
1783 405 2287 468 PELAGIANOS.
2328 431 2396 443 -
2437 408 2585 468 LIB.
2641 410 2684 466 l.

3354 403 3461 466 553

225 521 442 574 Domini
511 520 898 575 transferretur
950 520 1278 585 Jerusalem,
1329 532 1382 576 et
1429 522 1785 581 Jasrivicntcs
1814 527 1876 582 Α·
1893 529 1944 572 et
1995 536 2097 572 non
2152 520 2385 573 audies?
2418 519 2771 573 Vociferabur
2802 517 2865 570 aJ
2901 526 2949 570 te
2982 516 3086 572 vim
3119 517 3353 585 patiens,
3394 530 3450 570 et

224 613 393 668 boves
432 614 736 683 plaustrum
772 614 824 669 in
861 625 1069 686 partem
1116 617 1340 670 alteram
1396 616 1785 677 declinassent,

225 705 378 757 misit
437 720 657 758 manum
717 716 774 758 ut
825 714 1159 761 sustentaret
1216 706 1529 761 inclinatam
1583 721 1787 759 arcam.

223 797 394 866 738
423 796 732 866 Statimque
755 800 1042 869 sequitur:
1094 818 1112 850 r
1160 799 1333 853 iratus
1368 811 1449 852 est
1479 799 1634 852 furor
1681 797 1791 851 Do»

225 889 358 941 nini
417 889 472 941 iu
538 888 728 953 01am,
767 900 818 944 et
868 893 1138 958 percussit
1186 906 1309 946 cum
1371 892 1509 944 Deus
1565 891 1636 944 ibi
1697 907 1792 957 pro

227 978 568 1043 ignorantia,
604 994 654 1034 et
679 990 928 1036 mortuus
957 992 1038 1036 est
1083 983 1236 1053 juxta
1271 997 1451 1034 arcam
1490 982 1605 1034 Dei.
1650 980 1793 1034 Con-

222 1071 588 1138 tristatusque
651 1071 839 1136 David,
909 1072 1052 1142 quod
1137 1080 1476 1142 percusserat
1535 1071 1792 1124 Dominus

223 1159 427 1226 03am,
472 1164 649 1217 timuit
684 1163 968 1218 Dominum
1016 1165 1070 1218 in
1116 1165 1205 1218 illa
1247 1165 1351 1225 die.
1395 1174 1447 1218 et
1489 1166 1563 1217 ait
1598 1177 1611 1216 :
1649 1163 1794 1227 Quo-

224 1253 390 1305 modo
451 1252 786 1321 ingredietur
841 1254 904 1308 ad
961 1270 1046 1307 me
1086 1268 1210 1306 arca
1268 1252 1478 1306 Domini
1537 1250 1612 1318 (Il
1665 1249 1789 1319 Reg.

225 1355 298 1402 vi,
332 1339 383 1403 7,
422 1341 524 1407 8)?
560 1360 579 1390 ι
627 1340 792 1396 David
819 1343 1002 1411 justus
1031 1353 1085 1396 et
1111 1328 1376 1411 propheta
1408 1352 1464 1395 et
1491 1349 1692 1394 unctus
1735 1341 1787 1392 in

225 1448 405 1501 regem
441 1432 615 1501 ([ιωι.
639 1437 869 1498 Lxxvu),
901 1449 1061 1502 quem
1099 1433 1265 1501 elegit
1291 1427 1562 1486 Dominus
1600 1446 1794 1485 secun-

221 1523 352 1574 dum
382 1537 480 1575 cor
514 1538 696 1585 suum,
723 1533 784 1575 ut
811 1523 1012 1578 faceret
1043 1533 1274 1577 cunctas
1311 1522 1620 1575 voluntates
1649 1521 1790 1589 ejus.

226 1623 283 1666 ut
315 1614 464 1668 videt
525 1615 882 1674 ignorantiam
920 1617 1132 1670 Domini
1175 1615 1359 1669 furore
1389 1614 1656 1682 punitam,
1687 1622 1795 1666 ter-

226 1714 380 1756 retur
405 1714 572 1771 atque
599 1707 869 1769 tristatur,
902 1723 997 1760 nec
1017 1709 1207 1776 quaerit
1238 1719 1458 1758 causam
1484 1718 1512 1756 a
1540 1704 1792 1766 Domino,

234 1810 411 1864 quare
446 1794 560 1866 [ΑΙ.
594 1795 722 1868 qua]
764 1798 1094 1861 percusserit
1122 1798 1488 1865 ignorantem,
1521 1793 1615 1848 sed
1647 1793 1794 1847 simi-

1898 631 2002 666 non
2050 613 2286 667 salvabis
2325 612 2548 678 ?Quare
2598 611 2880 665 ostendisti
2937 609 3068 665 mihi
3100 610 3446 682 iniquitatem

1894 718 1941 759 et
1977 706 2238 770 laborem,
2261 707 2444 759 videre
2478 705 2717 775 praedam
2757 714 2812 758 ct
2845 703 3164 772 injustitiam
3197 704 3220 755 ?
3250 704 3450 758 Contra

1898 813 1981 851 nve
2019 790 2218 850 factum
2248 798 2606 866 estjudicinm
2647 806 2700 850 et
2730 795 3098 850 contradictio
3129 797 3408 865 potentior
3439 814 3452 850 :

1897 899 2116 958 pt'an‘I'
2166 891 2276 943 haec
2322 891 2552 944 lact-rata
2589 897 2671 944 est
2716 891 2821 944 lex.
2854 898 2907 944 et
2939 905 3044 943 non
3078 891 3324 958 pervenit
3358 905 3455 944 us-

1895 999 2002 1051 que
2035 983 2098 1033 ad
2133 981 2291 1035 linem
2314 982 2577 1050 judicium
2614 998 2628 1035 :
2672 984 2798 1053 quia
2842 979 3040 1052 impius
3070 983 3324 1048 przcvalet
3359 982 3454 1036 ad-

1895 1072 2338 1137 versnsjustum,
2381 1084 2665 1142 propterea
2695 1075 2969 1142 egreditur
3012 1073 3279 1142 judicium
3329 1088 3455 1144 per-

1897 1173 2111 1211 versum
2152 1157 2384 1226 (llatae.
2409 1168 2447 1220 t,
2485 1161 2623 1227 1-4).
2679 1179 2696 1210 ι
2752 1159 2859 1212 Pro
2889 1176 2997 1228 quo
3038 1175 3096 1214 se
3128 1162 3244 1230 ipse
3275 1176 3481 1231 repre--

1897 1251 2142 1304 [tendens
2186 1251 2329 1320 quod
2363 1267 2456 1320 per
2501 1252 2858 1318 ignorantiam
2896 1253 2966 1306 sit
2994 1253 3230 1316 Iorttttts,
3271 1255 3460 1308 scribit

1895 1340 2180 1395 Canticum
2213 1343 2562 1410 pmnitcntim.
2607 1340 2661 1395 Si
2703 1353 2981 1411 peccatum
3026 1357 3133 1396 non
3163 1353 3277 1396 erat
3307 1345 3462 1414 igno-

1902 1436 2098 1495 rautia,
2126 1434 2398 1502 superﬂuo
2426 1435 2610 1488 scribit
2643 1435 2838 1488 librum
2861 1435 3239 1503 paenitudinis,
3267 1444 3319 1488 et
3344 1437 3463 1489 ina-

1901 1524 2044 1576 niter
2075 1525 2242 1576 Voluit
2272 1524 2323 1577 id
2363 1526 2563 1591 lugeze,
2616 1526 2758 1592 quod
2802 1535 3084 1592 peccatum
3133 1541 3240 1578 non
3273 1525 3457 1580 habet.

1898 1613 1952 1667 lu
1992 1616 2241 1670 Ezechiel
2272 1627 2511 1670 extrema
2549 1626 2722 1684 parte,
2759 1616 2846 1669 ubi
2883 1633 2974 1686 per
3003 1616 3290 1670 aedilicium
3331 1629 3464 1672 tem-

1902 1708 1974 1776 pli
2009 1709 2060 1760 in
2095 1719 2278 1762 monte
2314 1708 2424 1771 siti,
2463 1707 2720 1762 Ecclesia:
2751 1710 2915 1760 multa
2959 1717 3080 1776 post
3128 1709 3324 1763 stecula
3373 1713 3463 1762 fu-

1905 1808 2034 1852 tura:
2070 1811 2410 1854 sacramenta
2452 1810 2766 1860 narrantur,
2802 1799 2975 1866 primo
3011 1807 3063 1852 et
3110 1801 3342 1867 septimo
3377 1800 3464 1853 die.

227 1887 329 1940 lein
363 1889 688 1942 sententiam
721 1889 1104 1958 pertremiscit.
1142 1888 1401 1956 Praecepit
1443 1886 1606 1939 David
1646 1886 1795 1950 prin.
1830 1879 1868 1932 Β
1905 1894 2106 1945 mensis
2137 1892 2293 1959 primi
2340 1892 2640 1945 ulleruntur
2674 1893 2906 1946 victimae
2965 1907 3060 1960 pro
3095 1906 3313 1959 peccato
3347 1892 3463 1962 [ΑΙ.

222 1980 333 2047 cipi
362 1982 644 2034 exercitus
670 1979 825 2046 Joah,
866 1991 923 2033 ut
954 1991 1199 2035 numeret
1240 1981 1495 2048 populum
1525 1995 1540 2043 ;
1581 1981 1794 2030 statim-

223 2087 335 2142 que
386 2071 671 2138 Scriptura
725 2085 1163 2126 commemorat:
1218 2089 1236 2121 ι
1269 2071 1334 2124 Et
1380 2066 1653 2137 percussit
1703 2082 1798 2121 cor

227 2180 392 2220 suum
419 2163 616 2225 David,
643 2174 697 2219 et
730 2165 862 2219 dixit
900 2164 963 2218 ad
1017 2163 1308 2216 Dominum
1338 2177 1354 2215 :
1387 2160 1605 2214 Peccavi
1641 2159 1799 2212 vehe-

227 2266 472 2323 menter,
512 2257 638 2325 quia
683 2257 786 2311 hoc
833 2255 934 2310 feci
981 2253 1063 2324 (ΙΙ
1094 2253 1219 2324 Reg.
1272 2268 1417 2317 utv,
1468 2252 1572 2320 10).
1609 2269 1627 2302 ι
1661 2250 1797 2303 Cum

223 2348 449 2417 iuberet
495 2361 549 2403 ut
583 2350 758 2414 ﬂeret,
801 2349 990 2413 utique
1024 2348 1155 2415 quid
1204 2346 1432 2410 diceret,
1473 2344 1795 2414 ignorabat;

227 2454 283 2496 et
315 2454 505 2496 tamen
556 2457 614 2496 se
668 2442 785 2510 ipse
835 2440 1202 2510 reprehendit,
1247 2451 1299 2494 et
1342 2455 1438 2508 pro
1491 2441 1589 2490 hac
1645 2439 1798 2504 culpa

229 2535 586 2605 septuaginta
641 2534 808 2587 millia
856 2533 1136 2586 hominum
1186 2533 1361 2599 angeli
1413 2531 1590 2598 gladio
1630 2530 1799 2582 truci-

228 2630 462 2682 «laritur.
528 2627 781 2680 Salomon
850 2624 1135 2694 completis
1189 2623 1374 2692 templi
1437 2620 1798 2683 caeremoniis,

235 2730 506 2785 utrasque
561 2720 768 2786 palmas
820 2716 1054 2771 tetendit
1100 2715 1165 2769 ad
1224 2715 1535 2779 Dominum,
1572 2724 1624 2768 ct
1671 2714 1745 2765 ait
1786 2727 1798 2763 :

239 2830 256 2863 ι
287 2812 429 2866 Cum
463 2811 771 2880 peccaverit
804 2809 898 2860 tibi
928 2806 1176 2875 populus,
1201 2821 1309 2859 non
1337 2813 1420 2858 est
1449 2805 1592 2857 enim
1641 2804 1802 2856 homo

235 2905 324 2972 qui
364 2918 477 2956 non
510 2911 696 2968 peccet
735 2897 853 2968 (III
885 2898 1010 2967 Reg.
1036 2913 1154 2962 vui,
1178 2897 1289 2964 46).
1327 2914 1343 2944 ι
1377 2896 1510 2948 Abia
1545 2895 1804 2964 propheta

237 2997 508 3049 Siloniles
541 2991 816 3046 nesciebat
845 2990 910 3043 ad
937 3004 994 3044 se
1023 2990 1210 3042 venire
1231 3001 1454 3040 uxorein
1477 2983 1760 3038 Jcroboam
1790 2998 1804 3046 ;

235 3090 490 3156 dixitque
521 3087 630 3157 [ΑΙ.
677 3085 802 3138 add.
839 3083 913 3155 ei]
956 3082 1268 3136 Dominus:
1312 3099 1329 3131 ι
1371 3081 1508 3132 Ecce
1552 3093 1686 3131 uxor
1716 3075 1806 3129 Je-

236 3181 468 3235 nboam
505 3176 856 3245 ingredietur,
897 3181 954 3226 ut
989 3181 1198 3241 quaerat
1236 3171 1399 3224 verba
1428 3185 1458 3222 a
1493 3177 1543 3221 te
1568 3182 1667 3236 pro
1694 3167 1804 3219 [ilio
1835 3209 1876 3265 ϐ

237 3289 339 3328 suo
365 3273 464 3342 qui
502 3276 746 3337 aegrotat,
795 3267 948 3336 juxta
983 3266 1084 3318 hoc
1130 3273 1184 3317 et
1226 3263 1377 3331 juxta
1421 3263 1524 3315 hoc
1567 3258 1808 3327 laqueris

237 3364 346 3437 [AL
384 3357 665 3431 loquaris]
697 3360 763 3412 ad
814 3375 932 3412 eam
969 3355 1088 3426 (Ill
1132 3355 1252 3424 Reg.
1287 3369 1395 3418 xiv,
1435 3354 1508 3411 5).
1541 3370 1558 3402 ο
1596 3352 1808 3406 Eliseus

236 3455 468 3511 sedebat
526 3453 583 3505 in
637 3462 840 3514 monte,
895 3451 1045 3502 venit
1097 3448 1163 3500 ad
1197 3462 1320 3500 eum
1374 3445 1591 3507 mulier,
1651 3442 1806 3510 cujus

237 3547 387 3601 titius
420 3555 676 3598 mortuus
707 3551 842 3604 erat,
864 3550 918 3594 et
950 3539 1256 3605 amplexata
1292 3537 1454 3605 pedes
1483 3535 1623 3604 ejus,
1663 3534 1811 3587 voci-

239 3639 479 3691 feratur.
519 3633 832 3700 Ro-pvllente
854 3640 1031 3683 autem
1061 3643 1179 3682 eam
1218 3626 1392 3690 Giezi,
1415 3627 1554 3680 dixit
1584 3627 1649 3677 ad
1681 3639 1802 3678 eum

238 3731 322 3783 vir
360 3727 463 3780 Dei
505 3742 520 3777 :
569 3742 586 3773 ι
623 3723 840 3775 Dimitte
877 3734 1022 3780 eam,
1053 3719 1306 3787 quoniam
1359 3717 1541 3769 anima
1591 3715 1712 3781 ejus
1755 3713 1807 3765 in

239 3817 614 3874 amaritudine
642 3821 746 3874 est,
783 3819 835 3864 et
864 3809 1129 3862 Dominus
1157 3806 1353 3860 celavit
1384 3821 1414 3859 a
1451 3819 1556 3869 me,
1591 3816 1652 3858 ut
1694 3817 1806 3857 non

237 3908 604 3964 annuntiaset
631 3902 759 3956 mihi
788 3898 890 3970 (IV
919 3897 1043 3967 Reg.
1076 3912 1150 3960 tv,
1177 3897 1292 3964 27).
1328 3913 1346 3946 ο

308 4000 402 4054 59.
441 3996 530 4049 Ea:
561 3995 693 4047 libro
723 3993 926 4045 dierum
943 3997 991 4042 et
1015 3987 1309 4055 Prophctis.
1335 4014 1404 4025 —
1437 3983 1491 4038 In
1520 3985 1656 4039 libro
1688 3985 1810 4038 dic-

242 4091 362 4146 rum
395 4091 634 4156 legimus
665 4101 680 4140 :
718 4100 737 4134 ι
768 4082 1010 4137 Fuerunt
1040 4080 1135 4133 ﬂlti
1164 4079 1326 4134 Sobal
1355 4077 1524 4145 patris
1545 4077 1805 4130 Cariath-

236 4184 426 4251 jarim,
460 4177 556 4246 qui
598 4172 994 4244 prephetabant
1027 4172 1044 4202 ¹
1070 4185 1140 4225 ex
1170 4168 1398 4222 dimidio
1444 4167 1494 4237 (1
1528 4167 1711 4221 Parui.
1745 4182 1807 4227 tt,

241 4277 353 4344 52).
391 4291 411 4323 ι
460 4270 526 4323 Et
565 4271 761 4322 iterum
798 4281 812 4318 :
850 4282 867 4315 ι
894 4262 1014 4317 Filii
1051 4272 1230 4317 autem
1268 4261 1448 4316 Saluta
1484 4259 1656 4328 patris
1709 4257 1810 4312 Be-

244 4365 452 4416 thleem
495 4364 560 4411 et
592 4351 910 4421 Netopbathi
944 4365 1142 4404 corona
1201 4349 1396 4403 domus
1442 4346 1600 4412 Joab,
1630 4356 1682 4400 et
1717 4346 1810 4413 qui

245 4449 672 4522 prophetabant,
707 4460 772 4498 ex
802 4443 1028 4497 dimidio
1059 4439 1239 4506 Zarai,
1281 4461 1297 4491 ι
1338 4449 1390 4494 ct
1420 4444 1613 4495 cmtet‘a
1644 4437 1810 4507 (Ibid.

1901 1981 2161 2053 pereatis]
2207 1984 2472 2044 omnium,
2539 1984 2590 2036 itt
2644 2001 2751 2052 quo
2783 2001 2875 2053 p-r
2908 2000 3145 2039 errorem
3187 1993 3279 2036 aut
3315 1985 3469 2055 igno-

1905 2075 2140 2128 rantiam
2175 2083 2554 2142 peccaverunt.
2591 2073 2806 2144 Septem
2860 2091 3078 2145 quoque
3127 2076 3322 2131 diebus
3363 2077 3467 2131 Pa-

1908 2163 2078 2228 schre,
2116 2165 2301 2220 hircus
2331 2180 2550 2235 semper
2581 2181 2679 2234 pro
2707 2177 2930 2236 peccato
2961 2175 3249 2221 mactatur.
3282 2167 3464 2236 Septi-

1907 2258 1976 2311 mi
2009 2259 2212 2314 mensis
2249 2260 2438 2328 quinta
2487 2261 2694 2313 decima
2735 2261 2842 2325 die,
2900 2260 3040 2315 idem
3092 2276 3188 2328 pro
3231 2260 3468 2328 peccatis

1904 2352 2296 2406 sacriﬁciorum
2327 2353 2460 2407 ordo
2481 2353 2808 2408 celebratur.
2835 2354 2896 2407 Et
2937 2360 3058 2420 post
3083 2354 3182 2405 alia
3212 2354 3466 2420 plurima,

1903 2458 2022 2512 quae
2061 2459 2167 2496 non
2216 2453 2299 2497 est
2352 2445 2508 2498 istius
2564 2445 2819 2511 temporis
2880 2445 3164 2512 replicare,
3202 2447 3461 2514 scriptum

1906 2543 2031 2588 est:
2074 2552 2091 2584 ι
2128 2534 2255 2588 Erat
2295 2545 2473 2587 autem
2509 2535 2581 2587 ibi
2617 2536 2766 2588 lucus
2809 2537 2872 2587 ad
2902 2536 3273 2599 Orcidcntem,
3307 2539 3470 2591 dixit-

1906 2639 2013 2693 que
2061 2622 2126 2676 ad
2169 2639 2293 2677 me:
2329 2623 2428 2677 lste
2479 2634 2563 2677 est
2617 2623 2786 2686 lucus,
2846 2625 2933 2677 nht
2980 2639 3215 2693 coquere
3271 2626 3470 2680 debent

1907 2716 2219 2770 sacerdotes
2255 2717 2488 2770 hostiam
2527 2733 2620 2783 pro
2656 2728 2875 2785 peccato
2925 2728 2978 2771 ct
3012 2734 3110 2787 pro
3161 2719 3469 2788 ignorantia

1910 2807 2128 2875 (Ezech.
2168 2822 2309 2870 XLU,
2360 2809 2475 2875 ‘20).
2509 2827 2525 2858 ι
2564 2808 2828 2863 Jeremias
2883 2809 3123 2879 loquitur
3150 2815 3213 2864 ad
3251 2811 3418 2868 Deum
3451 2830 3465 2865 :

1917 2918 1933 2950 ι
1970 2898 2117 2962 Scio,
2175 2899 2420 2960 Domine,
2457 2899 2616 2969 740
2664 2901 2802 2964 quod
2851 2918 2955 2954 non
2982 2914 3056 2953 est
3098 2904 3335 2958 hominis
3386 2907 3471 2959 via

1911 2990 2028 3056 ejus
2075 3005 2086 3039 :
2127 3003 2226 3043 nec
2260 2989 2358 3040 viri
2400 2996 2504 3054 (est,
2539 2999 2594 3041 υι
2622 2991 2860 3043 ambulet
2908 2999 2960 3044 et
2997 2990 3197 3060 dirigat
3253 3008 3472 3060 gressus

1912 3096 2039 3134 suos
2070 3080 2282 3148 (Jercm.
2315 3099 2365 3138 κ.
2399 3082 2512 3148 9.3).
2548 3081 2782 3147 Ideoque
2811 3099 3033 3152 pravum
3060 3095 3142 3138 est
3173 3100 3269 3139 cor
3298 3085 3473 3138 Immi-

1913 3172 2018 3234 nis,
2055 3183 2102 3222 et
2137 3173 2502 3234 iuscrutaldle,
2527 3181 2578 3225 ct
2607 3175 2728 3239 quis
2761 3183 3058 3240 cognoscet
3089 3173 3217 3226 illud
3248 3172 3468 3244 (latent.

1915 3279 2046 3323 xm,
2075 3263 2171 3328 9)?
2213 3281 2230 3313 ι
2276 3265 2332 3315 ln
2380 3263 2682 3316 Proverbiis
2737 3263 2964 3331 legimus
2999 3282 3012 3318 :
3061 3283 3078 3316 ί
3113 3263 3200 3318 Est
3232 3267 3316 3318 via
3350 3281 3471 3336 quae

1916 3353 2130 3404 videtur
2185 3361 2330 3404 rcCta
2388 3367 2508 3405 esse
2560 3354 2698 3420 apud
2749 3353 3020 3416 homines,
3080 3365 3134 3406 ct
3177 3357 3471 3409 novissima

1912 3443 2029 3510 ejus
2093 3443 2312 3494 veniunt
2371 3444 2420 3494 in
2491 3443 2816 3509 profundum
2887 3443 3079 3497 inferni
3145 3443 3471 3512 (Prov.xrv,

1917 3535 2025 3602 12;.
2091 3552 2108 3584 ι
2183 3534 2320 3587 Ecce
2385 3546 2434 3586 et
2495 3536 2577 3587 hic
2641 3535 2924 3589 manifeste
2977 3538 3274 3604 ignorantia
3335 3553 3470 3592 con-

1915 3628 2223 3686 demnatur,
2261 3639 2383 3677 cum
2421 3625 2562 3678 aliud
2603 3635 2754 3692 putat
2808 3627 2990 3687 humo,
3037 3637 3090 3680 et
3145 3629 3246 3682 sub
3291 3631 3474 3698 specie

1917 3719 2159 3773 veritatis
2193 3718 2258 3770 ad
2292 3717 2504 3770 inferna
2542 3717 2832 3771 delabitur.
2873 3737 2890 3768 ‹
2921 3719 3124 3779 Multae,
3158 3720 3352 3788 inquit,
3386 3737 3475 3775 co-

1915 3811 2201 3880 gitationes
2241 3812 2292 3862 in
2327 3808 2489 3862 corde
2523 3809 2756 3863 hominis
2800 3809 2974 3877 (Prov.
3007 3827 3115 3876 xix,
3159 3813 3250 3880 21)
3279 3829 3295 3879 ;
3323 3832 3342 3865 ι
3376 3817 3472 3869 sed

1915 3918 2019 3955 non
2049 3912 2228 3954 tamen
2257 3901 2401 3953 illius
2427 3901 2698 3964 voluntas,
2731 3918 2851 3970 quae
2875 3903 3084 3957 incerta
3121 3913 3174 3958 et
3204 3904 3474 3961 ﬂuctuans

1916 4001 2080 4058 atque
2137 3989 2417 4042 mutabilis
2469 3999 2573 4049 est.
2615 3991 2707 4043 sed
2762 3990 2852 4043 Dei
2909 3993 3200 4046 consilium
3239 3997 3470 4050 obtinet.

1924 4101 1941 4134 ι
1969 4083 2121 4147 Quis,
2154 4083 2350 4151 inquit,
2390 4081 2713 4147 gloriabitur
2757 4092 2965 4134 castum
3025 4097 3084 4136 se
3131 4082 3330 4138 habere
3379 4101 3476 4138 cor

1919 4174 2099 4242 (Prov.
2147 4189 2235 4234 xx,
2289 4170 2444 4238 9)?»
2493 4189 2509 4221 ι
2540 4171 2605 4224 Et
2660 4171 2782 4239 quis
2817 4171 3055 4224 conﬁdet
3104 4173 3360 4225 tnttndum
3416 4190 3475 4228 se

1916 4281 2037 4320 esse
2088 4280 2115 4317 a
2154 4272 2378 4333 peccato
2410 4263 2430 4314 ?
2462 4263 2645 4316 Dulcis
2691 4273 2776 4316 est
2822 4263 2970 4316 enim
3023 4262 3261 4318 hominis
3314 4267 3471 4334 panis

1917 4355 2206 4418 mendacii,
2235 4364 2286 4406 et
2319 4361 2500 4423 postea
2531 4353 2844 4421 implcliitur
2891 4367 2952 4405 os
2982 4353 3101 4420 ejus
3143 4353 3372 4409 calculo.
3425 4359 3467 4409 A

1921 4449 2147 4502 Domino
2189 4462 2410 4514 gressus
2439 4446 2676 4497 hominis
2715 4445 3041 4512 diriguntur,
3078 4446 3324 4502 mortalis
3363 4463 3464 4502 au-

245 4541 359 4606 54).
397 4535 668 4591 Similiter
719 4533 904 4601 utique
961 4531 1139 4584 sancti
1168 4539 1328 4584 erant
1380 4531 1470 4601 qui
1522 4529 1810 4599 Ρτοβυθιπ·
1841 4534 1884 4590 Ῐ)
1919 4551 2022 4593 lem
2063 4554 2115 4607 (ιι

1919 4551 2022 4593 tem
2063 4537 2331 4607 quomodo
2377 4537 2515 4590 seire
2564 4536 2762 4604 poterit
2805 4536 2918 4589 vias
2964 4534 3349 4593 suas‘POmnis
3386 4541 3468 4593 vir

246 4634 402 4690 bant,
438 4639 495 4682 et
527 4637 704 4679 tamen
733 4623 1025 4693 perlectam
1057 4636 1164 4676 non
1197 4631 1518 4676 meruerunt
1564 4623 1812 4688 accipere

247 4722 594 4793 prophetiam
637 4736 650 4771 :
681 4729 1017 4784 nequaquam
1054 4715 1120 4770 de
1159 4715 1340 4768 futuro
1371 4713 1670 4768 secundum
1703 4722 1808 4765 tro-

248 4816 523 4888 pologiam
579 4819 596 4867 :
649 4809 742 4865 sed
785 4808 1276 4876 impraesentiarum
1323 4806 1478 4874 juxta
1527 4804 1809 4857 historiam

249 4906 670 4978 prophetantes.
707 4898 959 4952 Habacuc
997 4898 1258 4966 propheta
1313 4895 1598 4949 Canticum
1650 4908 1809 4946 suum

249 5004 357 5052 hoc
408 4991 666 5049 inscribit
719 4990 924 5044 titulo:
971 5007 989 5041 ι
1022 4987 1207 5043 Oratio
1247 4987 1498 5042 Habacuc
1541 4985 1814 5052 prophetae

249 5105 352 5160 pro
399 5082 832 5156 ignorationibus
861 5079 972 5152 [ΑΙ.
1021 5078 1418 5149 ignorantibus]
1449 5076 1678 5145 (llabac.
1731 5089 1811 5138 nt,

257 5183 333 5248 Ι).
370 5198 390 5230 ι
439 5177 685 5228 Locutus
718 5173 858 5225 enim
893 5171 1070 5223 fuerat
1103 5170 1360 5223 audacter
1393 5170 1457 5218 ad
1499 5165 1812 5228 Dmninum,

249 5283 305 5328 ct
341 5272 561 5323 dixerat
588 5283 603 5319 :
629 5262 791 5334 739
826 5279 844 5314 ι
877 5260 1188 5331 Usquequo,
1241 5259 1488 5322 Domine,
1540 5257 1810 5318 clamabo,

333 5478 348 5507 ί
382 5474 500 5526 Duo
531 5486 662 5524 mss.
697 5470 783 5523 hic
816 5478 870 5522 et
898 5467 1058 5538 paulo
1089 5477 1206 5535 post
1243 5465 1436 5519 minori
1471 5479 1697 5518 numero
1722 5464 1812 5532 qui

254 5542 623 5615 promittebat.

330 5607 360 5647 "
389 5614 564 5667 Totus
593 5611 679 5664 hic
723 5610 868 5665 locus
914 5622 978 5660 ex
1020 5608 1157 5662 LXX
1203 5608 1450 5663 versione
1496 5607 1815 5671 desumptus

257 5687 385 5739 hinc
418 5683 547 5735 inde
565 5690 666 5740 est,
703 5689 889 5733 nonut
922 5679 1178 5746 hodierna
1216 5678 1510 5746 praeferunt
1537 5679 1812 5740 exempla-

259 5757 362 5808 ria.
388 5751 562 5803 Porro
592 5749 912 5807 versiculus,
945 5745 1119 5799 Filius
1156 5745 1325 5800 mulus
1357 5747 1552 5810 iustum
1584 5760 1637 5794 se
1660 5745 1808 5807 facit,

261 5827 372 5877 etc.
413 5821 575 5873 aliter
599 5820 664 5873 ab
692 5819 992 5888 Augustino
1026 5817 1220 5887 legitur
1251 5819 1410 5887 epist.
1440 5816 1509 5870 93
1537 5833 1548 5866 :
1592 5833 1608 5863 ι
1643 5811 1812 5865 Filius

1921 4627 2132 4679 videtur
2177 4624 2280 4677 sibi
2335 4622 2536 4690 justus,
2588 4626 2679 4676 scd
2733 4622 2958 4689 corrigit
3002 4623 3166 4676 corda
3223 4627 3466 4678 omnium

1919 4715 2079 4771 Deus.
2110 4714 2278 4768 Filius
2304 4714 2475 4766 malus
2508 4712 2714 4781 justum
2765 4726 2822 4764 se
2853 4711 3049 4776 facit”,
3087 4721 3138 4766 et
3182 4729 3286 4768 non
3323 4715 3470 4770 lavat

1917 4811 2119 4864 exitum
2164 4822 2345 4862 suum.
2371 4805 2540 4859 Filius
2573 4805 2750 4858 malus
2783 4805 3028 4859 excelsos
3063 4807 3228 4861 habet
3257 4810 3465 4873 oculos,

1915 4909 1969 4953 ct
2015 4897 2287 4968 palpebris
2334 4897 2450 4950 suis
2486 4897 2744 4948 elevatur.
2797 4894 2890 4947 Est
2930 4897 3073 4949 enim
3119 4897 3319 4966 justus,
3372 4901 3467 4970 qui

1918 4995 2052 5058 perit
2085 4991 2135 5042 in
2164 4989 2373 5058 justitia
2422 5003 2518 5042 sua
2555 4985 2735 5047 (Prov.
2774 5004 2866 5048 xx.
2904 4989 2966 5043 16
2996 5006 3136 5059 seqq.
3165 4992 3204 5055 ).
3245 5010 3262 5042 ›
3312 4993 3464 5047 Unde

1916 5085 2111 5134 dicitur
2163 5082 2226 5134 aJ
2274 5096 2395 5134 eum
2441 5096 2454 5132 :
2495 5097 2512 5130 ‹
2561 5077 2636 5133 Ne
2678 5081 2752 5134 sis
2803 5079 2985 5146 justus
3043 5082 3312 5146 multum,
3362 5099 3463 5139 nec

1916 5174 2069 5241 quasi
2105 5188 2198 5234 per
2236 5172 2558 5240 sapientiam
2603 5187 2815 5240 quaaras
2870 5173 3166 5240 superﬂua,
3219 5190 3285 5227 ne
3329 5173 3470 5230 forte

1915 5267 2293 5333 obstupescas.
2345 5262 2692 5332 Quaecunque
2731 5264 2872 5316 enim
2928 5263 3261 5318 laboraverit
3307 5267 3469 5321 homo

1919 5464 2090 5518 malus
2121 5461 2234 5530 ipse
2249 5477 2305 5514 se
2333 5461 2538 5528 justum
2565 5463 2937 5523 dicit,exitum
2965 5470 3144 5516 autem
3176 5478 3334 5516 suum
3357 5479 3462 5517 non

1918 5535 2105 5586 uoluit.
2147 5551 2164 5582 ι
2205 5533 2367 5583 Abest
2397 5541 2576 5584 autem
2606 5534 2703 5585 iste
2740 5533 3036 5585 versiculus
3071 5546 3099 5583 a
3134 5530 3385 5598 Vulgata,
3415 5543 3467 5587 et

1919 5606 1969 5656 in
2003 5601 2484 5670 Gr:eco.inseritur
2530 5617 2649 5668 cap.
2684 5603 2774 5656 24.
2808 5612 2860 5651 et
2895 5605 2997 5653 sub
3029 5603 3135 5654 alio
3167 5605 3342 5670 capite
3374 5603 3465 5664 50,

1917 5687 2075 5724 versu
2110 5669 2628 5736 duozleriino,quetn
2666 5673 2716 5722 in
2745 5671 2932 5722 Gra’co
2964 5671 3175 5725 confer.
3203 5669 3260 5725 In
3301 5674 3466 5726 veteri

1921 5741 2155 5792 editione
2205 5741 2358 5789 verba
2397 5737 2497 5791 Sed
2549 5743 2761 5807 corripit
2793 5743 2954 5792 Corda
3005 5743 3236 5794 omnium
3303 5741 3461 5806 Deus,

1925 5812 2027 5872 his,
2075 5810 2233 5860 Lut'al
2261 5811 2455 5860 exitum
2499 5827 2672 5872 suum,
2702 5822 3116 5879 pustponuutur.
