4198 6470
796 391 900 455 559

1927 402 1985 460 S.
2029 403 2332 463 EUSEDII
2375 406 2811 468 HIERONYMI

3914 414 4023 479 560

787 518 845 560 ut
877 507 1139 576 requirat,
1176 522 1282 562 non
1318 509 1581 567 inveniet.
1615 512 1667 566 Si
1705 511 1895 566 dixerit
1929 515 2144 582 sapiens
2174 531 2229 565 se
2264 518 2346 569 in-
2384 539 2419 586 Α
2458 523 2737 574 hominum
2818 524 3078 591 repletum
3134 535 3214 580 cst
3266 527 3468 582 malitia
3525 527 3725 598 (Ea-le.
3763 545 3861 594 vn,
3954 532 4023 584 16

789 599 1048 667 telligere,
1084 602 1322 670 reperire
1375 620 1480 658 non
1520 605 1737 674 poterit.
1789 605 1896 658 Cor
1929 608 2072 659 enim
2110 608 2343 660 liliornm

859 737 876 767 ⁸
920 735 1148 816 Vallars.
1181 744 1264 797 ed.
1299 744 1446 798 addit
1479 763 1491 798 :
1528 745 1919 816 Explicitiliber
1948 749 2175 816 primus.
2207 749 2338 814 Qui-

784 807 888 862 bus
910 811 1095 866 verbis
1121 807 1637 884 appenditnotulatn
1671 835 1684 872 :
1712 834 1731 868 ι
1763 815 1878 872 Duo
1904 807 2146 874 vinem
2178 807 2332 882 ιιξς..

2465 630 2606 682 seqq.
2637 617 2704 681 )¹.
2744 635 2758 664 ι

2447 755 2588 808 Finit
2623 760 2910 836 superioris
2956 761 3077 813 libri
3125 780 3248 829 pars
3291 767 3483 828 prima.
3534 766 3727 830 Incipit
3771 769 4013 836 ejusdem

2443 843 2564 893 pars
2589 829 2781 882 altera.
2813 848 2831 880 ι
2871 829 3028 884 Ευιτ.

805 1007 4004 1042 ......__._.._._________.________._.________________________

1875 1125 2220 1223 LIBER
2283 1137 2934 1229 SECUNDUS.

867 1449 1026 1524 751
1068 1451 1115 1502 1.
1161 1447 1496 1517 Sacriﬁcium
1530 1463 1625 1515 pro
1660 1447 1977 1517 ignorantia,
2008 1464 2203 1514 errore,
2240 1463 2343 1506 etc.

783 1572 852 1586 --
878 1544 1108 1600 Cntroe.
1153 1543 1322 1597 Multa
1355 1543 1570 1611 quidem
1600 1543 1663 1596 de
1687 1541 1918 1609 Scriptut
1938 1543 1982 1596 is
2008 1545 2211 1596 sanctis
2233 1560 2345 1599 me-

785 1639 1008 1690 moriter
1062 1635 1390 1703 copioseque
1448 1634 1658 1696 dixisd,
1696 1643 1748 1686 et
1802 1635 1956 1702 quasi
2014 1635 2341 1704 quibusdam

782 1725 1015 1779 nubibus
1050 1726 1065 1756 ¹
1097 1726 1302 1779 clarum
1338 1725 1492 1777 nisus
1519 1739 1576 1777 es
1605 1725 1844 1776 veritatis
1884 1724 2063 1778 lumen
2104 1728 2340 1794 operire,

780 1814 876 1870 sed
909 1815 1034 1884 quid
1075 1818 1138 1867 ad
1199 1813 1358 1869 rem?
1406 1812 1502 1866 llis
1542 1813 1686 1865 enim
1747 1815 1964 1867 cunctis
2024 1816 2348 1871 testimoniis

781 1905 980 1961 videris
1031 1907 1308 1961 hominum
1352 1920 1611 1958 ai-rusare
1677 1915 1947 1970 naturam,
1988 1922 2050 1960 ac
2098 1922 2194 1976 per
2248 1907 2349 1962 hoc

786 1999 1048 2053 invidiam
1083 1999 1287 2052 referre
1317 1997 1369 2050 in
1406 1995 1597 2057 Demu,
1629 1998 1671 2049 si
1706 1997 1841 2050 tales
1876 1999 2124 2052 homines
2154 2001 2348 2054 condi-

777 2091 880 2155 dit,
912 2100 970 2144 ut
992 2089 1264 2143 oblivione
1299 2095 1351 2142 et
1384 2089 1701 2156 ignorantia:
1748 2099 1969 2156 peccato
1997 2103 2186 2142 carere
2232 2105 2344 2144 non

779 2185 1009 2250 possint.
1042 2182 1118 2236 Ex
1142 2197 1250 2251 quo
1279 2182 1621 2250 perspicuum
1647 2189 1750 2242 est,
1792 2181 2062 2233 hominem
2096 2196 2275 2248 posse,
2302 2184 2345 2237 si

2455 1458 2656 1516 dicere.
2707 1465 2770 1519 C.
2829 1466 2938 1524 lloc
2984 1471 3229 1544 intelligo
3285 1479 3427 1547 quod
3489 1481 3745 1550 loqueris,
3799 1496 3856 1539 et
3911 1505 4019 1543 non

2455 1557 2596 1624 quod
2627 1568 2794 1613 taces.
2824 1563 2885 1618 Α.
2921 1565 3124 1622 Tacere
3155 1570 3250 1624 tibi
3282 1571 3485 1638 videor,
3511 1575 3599 1641 qui
3626 1581 3796 1634 tantis
3831 1597 4019 1635 excin-

2451 1651 2556 1718 plis
2588 1652 2781 1708 docere
2816 1666 2865 1710 te
2906 1660 3068 1722 volui,
3136 1677 3362 1731 peccare
3409 1667 3678 1722 hominem
3732 1688 3828 1739 per
3863 1676 4018 1743 igno-

2380 1790 2419 1846 Β
2451 1745 2685 1798 rantiam
2723 1764 2737 1800 :
2770 1757 2822 1802 et
2873 1766 2970 1819 pro
3004 1764 3254 1822 peccato,
3307 1769 3361 1810 ut
3397 1758 3449 1812 in
3500 1760 3612 1830 lege
3667 1764 3904 1829 hostias,
3943 1767 4012 1820 ita

2451 1844 2504 1888 et
2541 1836 2593 1888 iu
2628 1838 2926 1908 Evangeho
2963 1844 3292 1902 offerendam
3323 1852 3760 1919 pmnitudinem?

2519 1927 2571 1980 ἓ.
2614 1927 2926 1994 Exemplum
2959 1951 2985 1988 θ
3017 1937 3090 1992 Ν.
3127 1937 3186 1994 T.
3227 1940 3280 1992 in
3312 1944 3552 2009 Apostoli
3588 1963 3832 2008 persona.
3870 1950 4011 2003 —C.

2452 2017 2526 2070 Da
2582 2024 2951 2079 testimoniqu
3006 2027 3140 2082 Novi
3191 2029 3557 2095 lnstrumenti.
3611 2038 3700 2091 ubi
3727 2054 3906 2106 error,
3958 2053 4013 2096 et

2448 2110 2776 2181 ignorantia,
2813 2127 2865 2171 et
2911 2121 3323 2190 impossibilitas
3370 2128 3608 2183 mandati
3661 2141 3916 2187 teneatur
3954 2144 4009 2187 In

2448 2210 2695 2265 crimine.
2721 2215 2786 2267 Α.
2818 2214 2931 2268 Non
2965 2232 3187 2273 necesse
3212 2231 3296 2275 est
3325 2223 3490 2276 multa
3527 2224 3787 2292 proferre.
3819 2226 4006 2282 Unum

778 2276 1032 2336 voluerit,
1082 2288 1186 2328 uon
1243 2288 1488 2340 peccare.
1526 2273 1576 2326 ld
1608 2271 1750 2324 enim
1787 2270 1937 2336 fecit,
1990 2271 2135 2341 quod
2172 2274 2347 2328 vitare

3011 2270 3056 2272 -,
3220 2270 3295 2275 __-
3325 2270 3490 2276 ψη---
3527 2270 3787 2292 rm-.."

2408 2313 2424 2337 κ
2447 2301 2740 2370 proferam.
2777 2308 2864 2360 cui
2901 2318 3048 2363 certe
3077 2311 3455 2368 contradicere
3499 2331 3603 2369 non
3638 2319 3864 2385 pateris.
3901 2319 4009 2373 v.15

778 2386 885 2425 non
917 2370 1112 2440 potuit.
1139 2367 1239 2422 Ubi
1273 2379 1452 2420 autem
1488 2367 1736 2419 aufertur
1769 2365 2128 2434 possibilitas,
2159 2365 2343 2420 aufer-

779 2470 867 2513 tur
915 2469 970 2514 et
1023 2460 1234 2521 vitium,
1283 2470 1444 2509 nemo
1498 2457 1641 2509 enim
1706 2457 1757 2507 in
1802 2469 1866 2507 co
1916 2461 2341 2519 condemnatur,

778 2551 922 2621 quod
964 2548 1138 2604 facere
1167 2563 1272 2600 nou
1310 2548 1502 2614 potuit.
1545 2550 1726 2599 Arrtc.
1775 2545 1929 2612 Smpe
1977 2548 2085 2600 dixi
2133 2557 2183 2601 te
2233 2563 2343 2600 non

776 2643 1077 2713 intelligere
1106 2650 1337 2695 conatus
1373 2653 1542 2701 meos,
1571 2653 1669 2691 nec
1698 2638 2048 2691 considerare
2089 2639 2216 2706 quid
2251 2654 2339 2692 ar-

777 2731 1114 2800 gumenteris
1142 2746 1157 2796 ;
1184 2729 1276 2783 sed
1308 2730 1438 2797 quid
1467 2724 1606 2781 Deus
1638 2728 1884 2796 jusserit.
1913 2726 2014 2780 Pro
2043 2729 2336 2794 oblivione,

777 2837 966 2878 errore
1000 2832 1053 2878 et
1100 2821 1431 2891 ignorantia,
1471 2821 1622 2888 quasi
1659 2836 1755 2888 pro
1789 2830 2006 2887 peccato
2038 2820 2339 2876 oll‘eruntur

776 2914 1045 2968 sacriﬁcia
1082 2931 1095 2965 :
1135 2915 1248 2965 sive
1284 2912 1383 2964 huc
1425 2911 1564 2963 male
1591 2911 1745 2977 justo
1786 2920 1856 2971 te.
1896 2913 2009 2966 sive
2043 2913 2177 2966 bene
2207 2915 2336 2981 jux-

777 3017 826 3059 ta
861 3021 964 3067 me,
1000 3005 1141 3058 Deus
1175 3003 1448 3073 praecepit.
1500 3002 1673 3055 Meum
1711 3013 1794 3056 est
1842 3005 2134 3056 observare
2189 3007 2334 3073 quod

770 3098 937 3168 jussit
965 3114 980 3161 ;
1017 3105 1166 3148 tuum
1205 3094 1298 3148 Dei
1328 3095 1474 3160 jussa
1517 3093 1932 3160 reprehendere.
1974 3092 2034 3147 C.
2065 3093 2331 3158 Quoniam
2363 3122 2404 3180 ρ

777 3191 881 3244 vim
912 3190 1044 3244 lacis
1083 3190 1379 3257 perspicue
1411 3186 1644 3246 veritati,
1674 3194 1726 3240 et
1777 3201 1861 3238 me
1912 3186 2084 3240 trahis
2117 3189 2182 3238 ad
2219 3189 2332 3242 bla-

775 3284 1098 3353 sphemiam,
1141 3280 1431 3334 concedam
1470 3278 1564 3331 tibi
1603 3279 1705 3330 hoc
1742 3277 1796 3331 in
1834 3281 2001 3331 veteri
2053 3280 2164 3347 lege
2196 3294 2333 3347 pra:-

772 3385 1014 3445 ceptum,
1041 3376 1106 3427 de
1136 3389 1237 3442 qua
1260 3374 1522 3438 scriptum
1556 3378 1638 3425 est
1671 3389 1682 3423 :
1715 3369 1934 3423 «Vetera
1963 3371 2329 3424 transierunt:

773 3481 899 3521 ecce
930 3466 1066 3519 facta
1091 3473 1219 3517 sunt
1246 3463 1425 3514 onznia
1460 3476 1597 3515 nova
1624 3479 1640 3510 ι
1684 3459 1766 3526 (ΙΙ
1799 3459 1920 3513 Cor.
1955 3475 2007 3524 ν,
2041 3462 2149 3528 t7).
2183 3461 2333 3514 Nun-

773 3559 904 3627 quid
934 3557 1074 3610 etde
1112 3554 1399 3624 Evangi-lio
1427 3552 1633 3620 poteris
1667 3552 1766 3605 hoc
1803 3552 2124 3620 approbare,
2158 3562 2209 3604 ut
2239 3565 2335 3619 pu-

773 3650 956 3704 niatur
991 3646 1258 3718 quispiam
1293 3659 1391 3713 pro
1420 3659 1483 3698 eo
1517 3643 1661 3713 quod
1701 3643 1930 3706 nesciat,
1970 3652 2023 3696 et
2048 3651 2171 3695 ante
2209 3656 2329 3709 pm-

772 3759 871 3798 nas
901 3743 1031 3804 luat,
1068 3755 1228 3809 quam
1265 3753 1391 3792 reus
1422 3739 1492 3792 sit
1522 3737 1875 3790 conscientiae
1924 3734 2036 3806 [AL
2075 3735 2331 3803 ignoran-

776 3833 884 3906 tim]
910 3833 934 3886 Ἰ
961 3834 1028 3885 Α.
1065 3831 1232 3886 Deum
1273 3832 1613 3900 ignoramus,
1649 3827 1979 3882 Maniclneus
2005 3827 2162 3880 nobis
2203 3841 2333 3880 con-

773 3928 948 3998 surgit
981 3933 1222 3994 repente,
1261 3923 1350 3992 qui
1386 3923 1553 3990 legem
1593 3921 1716 3973 dicit
1771 3919 2052 3979 abolitam,
2081 3929 2132 3971 et
2179 3917 2327 3972 solos

773 4016 904 4071 Novi
937 4013 1273 4069 Testamenti
1309 4014 1565 4081 legendos
1598 4009 1783 4061 libros.
1835 4007 1894 4061 C.
1932 4007 2070 4071 Quid
2125 4007 2268 4059 enim
2304 4021 2332 4058 a

776 4123 860 4162 me
891 4105 1168 4166 audivisti,
1208 4112 1266 4155 ut
1296 4101 1397 4154 hoc
1431 4110 1682 4152 autumes
1713 4092 1738 4148 τ
1776 4095 1839 4148 Et
1870 4099 1950 4149 lex
1983 4097 2125 4149 enim
2159 4097 2331 4166 patri-

773 4199 877 4253 bus
904 4197 1050 4261 data,
1087 4209 1184 4263 pro
1225 4202 1464 4260 tempore
1493 4191 1634 4258 justa
1671 4199 1724 4242 ct
1779 4198 1964 4243 saneta
2014 4199 2116 4252 est,
2162 4199 2214 4241 et
2245 4201 2333 4241 ve-

776 4291 958 4345 niente
995 4285 1265 4355 Evangelii
1297 4282 1652 4354 perfectione,
1704 4281 1891 4336 viliora
1925 4288 2230 4334 cessarunt.
2267 4281 2327 4332 Λ.

774 4381 914 4450 Ergo
943 4391 1282 4447 nequaquam
1312 4375 1714 4430 observandum
1748 4381 1851 4436 est,
1874 4372 2015 4440 quod
2049 4371 2166 4438 lege
2198 4384 2331 4439 prse-

774 4472 1020 4544 cipitur?
1053 4470 1111 4526 C.
1150 4468 1406 4534 Quaedam
1443 4465 1805 4529 observanda,
1839 4463 2080 4532 quaedam
2110 4475 2330 4530 praeter-

773 4563 1038 4620 mittenda
1088 4569 1236 4615 sunt.
1284 4564 1347 4614 Α.
1387 4559 1651 4624 Quoniam
1689 4567 1736 4609 te
1769 4555 1922 4608 video
1967 4569 2087 4608 esse
2125 4555 2329 4610 doctis-

777 4660 1004 4720 simum,
1040 4657 1127 4710 dic
1157 4654 1288 4707 mihi
1321 4667 1438 4722 quze
1467 4651 1532 4703 de
1558 4648 1735 4702 Veteri
1769 4644 2116 4698 Testamento
2146 4645 2332 4696 obser-

775 4767 901 4806 vare
953 4750 1203 4813 debeam,
1238 4754 1291 4799 et
1327 4759 1446 4812 qua:
1491 4743 1820 4808 relinquere.
1857 4735 1916 4790 C.
1949 4734 2197 4789 Mandata
2231 4735 2329 4787 oh-

772 4856 999 4899 serVare
1021 4841 1309 4898 debemus,
1341 4849 1458 4902 quae
1484 4835 1547 4884 ad
1576 4831 1737 4883 vitam
1773 4836 1824 4882 et
1853 4842 2029 4880 mores
2063 4827 2330 4894 pertinent

772 4931 1145 5003 corrigendos.
1194 4928 1260 4980 de
1307 4924 1506 4993 quibus
1546 4921 1751 4976 dictum
1785 4927 1866 5003 est
1902 4935 1915 4971 :
1962 4935 1979 4968 ι
2016 4915 2327 5003 Mandatum

775 5001 989 5074 Domini
1011 5014 1247 5069 lucidum
1275 5009 1592 5063 illuminans
1611 5005 1798 5058 oculos
1825 5002 1997 5073 (Psal.
2024 5017 2177 5064 xvut,
2209 5001 2318 5070 9).»

775 5112 904 5174 Qme
937 5117 1116 5161 autem
1152 5102 1218 5155 ad
1267 5099 1618 5153 cmremonias
1649 5093 1826 5162 Legis.
1867 5102 1920 5146 et
1953 5095 2089 5145 ritus
2118 5093 2329 5145 sacrili-

777 5205 989 5255 ciorum
1041 5196 1339 5266 pertinent,
1388 5189 1738 5256 relinquenda
1787 5193 1933 5240 sunt.
1983 5186 2045 5238 Α.
2099 5183 2326 5252 Ignosce

776 5291 932 5351 mihi,
996 5293 1116 5341 cum
1171 5283 1302 5352 legis
1333 5280 1492 5351 742
1534 5286 1586 5331 ct
1621 5277 1862 5329 omnium
1917 5274 2323 5341 Scripturarum

773 5382 1058 5437 scientiam
1117 5375 1357 5446 jartitcs,
1417 5387 1519 5423 non
1571 5366 1954 5420 animadvertis
1989 5364 2116 5432 quid
2168 5363 2325 5416 velim

845 5521 860 5550 ⁸
903 5516 1068 5582 Quasi
1091 5511 1405 5580 quibusdam
1441 5501 2226 5582 nubibus.rsensuglomnino.
2261 5501 2326 5553 li-

773 5563 1159 5656 quidusqucjm
1186 5563 1420 5633 retinent
1438 5567 1876 5656 mss-codices:
1911 5563 2069 5656 illum
2086 5571 2324 5656 minime

770 5639 1314 5720 assecuti'Marianus
1347 5656 1399 5720 et
1432 5647 1543 5720 alii,
1584 5640 1870 5720 hoemodo
1921 5639 2108 5720 legere
2127 5640 2322 5720 tvolune-

775 5706 902 5778 iii...
939 5740 952 5775 :
986 5722 1052 5773 Et
1088 5719 1239 5788 quasi
1287 5711 1611 5788 quibusdam
1640 5706 2186 5788 disc-ussisnubibus‘
2213 5709 2325 5788 cla-

772 5777 885 5846 rum
911 5794 1046 5845 visits
1067 5777 1118 5844 εὶ
1150 5777 1383 5842 vei-initis
1411 5786 1593 5843 lumen
1617 5785 1848 5860 aperire.
1881 5785 2150 5861 Erasmus
2174 5777 2345 5837 habet

774 5866 907 5918 tistts
943 5877 1036 5921 υιό
1069 5862 1230 5912 nisus.
1655 5859 1661 5860 ί
1870 5859 2152 5920 Mum“.

2446 2395 2730 2452 electionis
2789 2399 3075 2468 perspicue
3126 2403 3369 2472 loquitur
3403 2423 3420 2460 :
3451 2427 3468 2458 ς
3504 2408 3798 2464 (Σοιιεωιιίο
3855 2414 4005 2466 enim

2445 2486 2546 2555 legi
2586 2489 2677 2544 Dei
2705 2489 2860 2556 juxta
2913 2492 3228 2548 interiorem
3261 2496 3558 2552 hominem.
3606 2498 3772 2555 Video
3817 2515 4005 2558 autem

2447 2579 2604 2632 aliam
2647 2582 2817 2652 legem
2851 2584 2905 2638 in
2963 2587 3222 2643 membris
3254 2593 3411 2653 meis,
3455 2603 3854 2660 repugnantem
3900 2596 4009 2666 legi

2445 2675 2643 2727 mentis
2677 2691 2826 2742 meae,
2862 2688 2915 2731 et
2961 2682 3322 2749 captivantem
3379 2700 3464 2739 me
3491 2686 3544 2740 in
3605 2690 3719 2754 lege
3771 2691 4009 2756 peccati,

2446 2781 2563 2834 quae
2590 2777 2672 2821 est
2709 2771 2760 2823 in
2792 2773 3048 2827 membris
3081 2777 3240 2832 meis.
3292 2777 3454 2834 Miser
3497 2795 3597 2848 ego
3642 2783 3826 2845 homo,
3882 2785 4010 2853 quis

2443 2873 2528 2911 me
2558 2859 2813 2917 liberabit
2861 2866 2925 2920 de
2957 2882 3182 2936 corpore
3214 2872 3404 2925 mortis
3443 2873 3603 2942 hujus
3636 2873 3870 2928 ?Gratia
3913 2878 4006 2931 Dei

2442 2965 2536 3018 per
2563 2950 2748 3007 Jesum
2781 2955 3062 3013 Christum
3092 2960 3379 3017 Dominum
3418 2975 3665 3022 nostrum
3695 2967 3870 3037 (Rom.
3905 2987 4002 3036 vn,

2439 3042 2507 3094 22
2540 3060 2680 3113 seqq.
2721 3050 2760 3115 ).
2798 3066 2818 3099 ι
2857 3048 2921 3103 C.
2952 3049 3234 3107 Pmtulisti
3277 3058 3670 3123 testimonium,
3715 3061 3864 3129 quod
3902 3079 4002 3132 pro

2440 3150 2525 3187 me
2560 3134 2713 3190 facit.
2751 3137 2994 3194 Liberati
3031 3157 3161 3213 ergo
3204 3148 3270 3200 de
3305 3162 3534 3216 corpore
3586 3151 3749 3219 hujus
3803 3158 4004 3211 mortis

2438 3245 2532 3297 per
2567 3233 2792 3299 gratiam
2846 3236 3056 3291 Domini
3110 3243 3280 3296 nostri
3331 3241 3458 3296 Jesu
3522 3245 3745 3308 Christi,
3790 3265 4005 3319 nequa-

2435 3336 2598 3388 quam
2639 3325 2775 3377 ultra
2811 3341 3035 3393 peccare
3062 3330 3342 3388 debemus.
3380 3337 3444 3388 Α.
3485 3335 3721 3392 Liberati
3769 3343 3996 3408 quidem

2436 3425 2624 3466 sumus
2656 3413 2923 3481 baptismo
2980 3417 3300 3476 Salvatoris.
3332 3424 3440 3479 Sed
3475 3427 3527 3480 id
3563 3429 3694 3482 mihi
3727 3436 3998 3495 edissere.

2435 3519 2600 3570 quare.
2635 3507 2876 3562 dixerit:
2935 3529 2952 3560 ‹
2989 3511 3158 3567 Video
3213 3516 3373 3570 aliam
3410 3518 3578 3588 legem
3635 3522 3687 3576 in
3731 3529 3998 3582 membris

2436 3599 2571 3651 meis
2603 3613 2988 3670 repugnantem
3025 3607 3127 3676 legi
3152 3610 3348 3664 mentis
3374 3625 3526 3679 meai,
3551 3623 3600 3670 et
3626 3617 3996 3685 captivantem

2435 3705 2520 3742 me
2572 3691 2624 3744 in
2674 3693 2790 3762 lege
2825 3699 3050 3763 peccati,
3097 3715 3216 3768 quae
3262 3702 3314 3754 in
3351 3706 3606 3758 membris
3649 3709 3789 3762 meis
3827 3723 3932 3766 est.
3973 3731 3990 3762 ι

2433 3781 2563 3847 Quae
2601 3794 2681 3838 cst
2716 3787 2815 3841 ista
2853 3789 2935 3842 lex
2969 3805 3200 3859 regnans
3232 3795 3284 3847 in
3339 3797 3595 3852 membris
3639 3801 3904 3865 hominis,
3947 3815 4000 3858 et

2434 3888 2745 3943 repugnans
2777 3877 2874 3947 legi
2909 3882 3104 3936 mentis
3133 3884 3251 3952 ejus
3279 3885 3302 3937 ?
3330 3885 3616 3956 Responde
3647 3893 3994 3961 simpliciter.

2435 3965 2650 4023 Taces?
2674 3970 2810 4024 Audi
2841 3973 3091 4028 eumdem
3127 3979 3443 4044 Apostolum
3474 3983 3821 4049 apertissime
3860 4002 3998 4056 pra-

2434 4061 2703 4117 dicantem
2759 4082 2771 4118 :
2830 4085 2847 4116 σ
2879 4067 3033 4132 Quod
3079 4071 3224 4125 enim
3278 4087 3495 4142 operor,
3546 4091 3650 4129 non
3697 4093 3994 4146 cognosco.

2434 4153 2548 4208 Non
2581 4157 2721 4210 enim
2763 4158 2902 4226 quod
2931 4160 3074 4225 volo.
3109 4178 3308 4232 operor
3336 4181 3350 4217 :
3385 4166 3477 4220 sed
3509 4167 3656 4235 quod
3689 4168 3801 4236 odi,
3851 4173 3986 4226 illud

2434 4251 2593 4306 facio.
2632 4251 2725 4306 Sin
2767 4264 2946 4308 autem
2979 4259 3121 4325 quod
3172 4259 3321 4322 nolo,
3369 4261 3470 4315 hoc
3505 4261 3668 4327 facio,
3705 4272 3997 4321 consentio

2435 4343 2560 4412 legi,
2597 4345 2853 4412 quoniam
2902 4347 3042 4400 bona
3091 4359 3192 4403 est.
3230 4349 3382 4405 Nunc
3428 4363 3606 4406 autem
3647 4370 3995 4425 nequaquam

2364 4448 2408 4503 ι)
2441 4446 2536 4500 ego
2567 4447 2762 4501 operor
2792 4434 2944 4498 illud,
2992 4435 3088 4490 sed
3117 4439 3258 4505 quod
3290 4439 3342 4492 in
3395 4455 3478 4496 me
3517 4441 3744 4504 habitat,
3795 4462 3990 4514 pecca-

2441 4532 2574 4579 tum.
2611 4523 2734 4580 Scio
2769 4527 2912 4580 enim
2945 4528 3085 4598 quod
3125 4544 3235 4584 non
3267 4531 3473 4585 habitat
3522 4533 3576 4587 in
3623 4550 3707 4590 me
3765 4537 3869 4591 hoc
3911 4550 3997 4593 est

2436 4613 2488 4666 in
2525 4630 2690 4672 carne
2739 4633 2877 4682 mea,
2914 4619 3144 4675 bonum.
3202 4620 3348 4676 Velle
3381 4624 3524 4677 enim
3566 4625 3779 4695 adjat-et
3834 4630 3995 4693 mihi,

2434 4711 2649 4776 operari
2699 4723 2881 4766 autem
2947 4713 3144 4767 benum
3199 4731 3307 4769 non
3353 4715 3590 4770 invenio.
3645 4717 3759 4771 Non
3819 4723 3993 4784 enim,

2433 4804 2575 4872 quod
2604 4804 2740 4866 volo,
2787 4804 3135 4868 houum,hoc
3185 4809 3445 4877 agozseJ
3489 4810 3632 4878 quod
3677 4814 3823 4873 nolo,
3878 4829 3998 4864 tua-

2433 4897 2564 4963 lum,
2625 4901 2727 4955 hoc
2772 4899 2932 4953 facio.
2985 4897 3040 4952 Si
3090 4909 3272 4955 autem
3335 4901 3478 4970 quod
3526 4903 3674 4967 nolo,
3741 4904 3843 4956 hoc
3892 4920 3997 4972 ego

2434 4993 2597 5058 facio,
2657 5009 2994 5064 nequaquam
3061 5009 3160 5064 ego
3229 5008 3424 5062 operor
3484 4994 3634 5058 illud,
3699 4996 3790 5049 sed
3846 4997 3996 5064 quod

2432 5088 2641 5141 habitat
2699 5087 2750 5140 in
2786 5103 2870 5140 me
2918 5098 3198 5154 peccatum
3245 5085 3418 5154 (Rom.
3451 5101 3546 5147 vn,
3577 5100 3642 5137 xv
3693 5101 3836 5152 seqq.
3872 5085 3917 5154 ).
3967 5106 3986 5137 s

2432 5179 2494 5235 C.
2532 5179 2695 5232 Miror
2747 5186 2797 5233 te
2851 5178 3121 5231 hominem
3175 5175 3494 5245 prudentem
3549 5174 3629 5229 sic
3681 5175 3996 5246 intelligere

2429 5273 2768 5342 Apostolum,
2822 5278 2880 5323 ut
2922 5284 3044 5322 eum
3093 5284 3155 5321 ex
3201 5283 3427 5337 persona
3480 5282 3576 5321 sua
3602 5269 3643 5329 ',
3677 5277 3732 5320 et
3769 5283 3876 5321 non
3925 5284 3997 5322 ex

2430 5365 2658 5417 aliorum
2699 5363 2815 5416 hmc
2849 5359 3008 5430 743
3045 5361 3227 5413 dicere
3276 5360 3499 5421 sentias.
3534 5358 3636 5424 Qui
3672 5359 3820 5412 enim
3855 5374 3995 5414 con-

2502 5502 2520 5530 ²
2565 5497 2695 5551 Vide
2732 5498 2790 5549 S.
2849 5496 3230 5564 Augustinum,
3285 5493 3336 5547 in
3383 5494 3670 5547 Retractat.
3710 5501 3762 5546 et
3814 5493 3997 5564 Opere

2429 5579 2609 5621 contra
2639 5566 2914 5619 Julianum
2959 5568 3153 5633 primo,
3193 5566 3284 5618 ubi
3333 5567 3477 5617 hunc
3524 5578 3767 5626 sensum,
3821 5580 3990 5632 quem

2430 5638 2702 5704 Pelagiani
2735 5638 3015 5704 proposito
3050 5635 3194 5687 Pauli
3233 5637 3349 5684 loco
3384 5633 3716 5704 tribuebant.
3747 5644 3798 5686 et
3825 5649 3995 5703 quem

2430 5710 2546 5775 ipse
2568 5703 2634 5759 in
2672 5703 2942 5774 prioribus
2975 5707 3087 5758 suis
3120 5704 3622 5758 elucubrationibus
3654 5703 3830 5755 fuerat
3869 5720 3992 5754 atu-

2432 5780 2695 5846 plexalus,
2742 5775 2990 5844 pluribus
3035 5780 3326 5842 impugnat.
