4198 6484
142 402 230 467 561
927 403 1323 471 DIALOGUS
1367 410 1668 471 CONTRA
1705 412 2209 477 PELAGIANOS.
2240 442 2309 452 -
2344 416 2493 481 LIB.
2536 418 2618 477 Ii.
3290 416 3393 479 562

138 516 362 571 scientia
395 516 451 572 in
476 532 539 573 se
566 516 841 587 loquentis
890 517 1095 575 Christi
1145 518 1313 572 libere
1362 519 1663 586 proclamat
1697 536 1711 572 :
1744 523 1786 577 Α
1824 539 1840 570 t
1874 521 2013 577 Sunt
2073 525 2171 579 viae
2223 541 2342 594 qua:
2380 524 2633 578 ridentur
2682 524 2799 578 viro
2846 526 3031 594 justm,
3088 524 3387 577 novissima

145 631 162 661 ι
194 610 272 665 An
300 611 744 683 experimentum
771 613 1013 684 quaeritis
1045 614 1183 683 ejus,
1218 613 1313 681 qui
1341 612 1393 666 in
1416 627 1502 667 me
1531 611 1709 681 loqui-
1824 624 2007 669 autem
2078 633 2267 671 earum
2325 618 2631 687 respiciunt
2678 616 2730 671 in
2789 617 3118 687 profundum
3192 612 3395 670 inferni

142 714 225 758 tur
274 704 534 761 Christus
563 704 651 774 (II
676 705 802 761 Cor.
832 723 951 771 stu,
992 706 1089 773 5)?
1133 725 1151 758 ι
1206 713 1260 758 et
1296 705 1350 759 in
1402 705 1512 758 alio
1550 703 1709 757 loco:
1819 708 2002 775 (Prov.
2039 726 2149 775 xiv,
2190 711 2274 777 12)
2306 731 2323 777 ;
2362 732 2379 764 ι
2417 720 2475 766 et
2507 712 2705 765 iterum
2744 724 2758 765 :
2792 728 2810 763 t
2841 709 3029 766 Omnis
3060 710 3144 764 vir
3178 708 3398 764 videtur

150 798 437 851 iCursum
465 800 873 863 consummavi,
910 799 1067 853 filem
1102 798 1342 862 servavi,
1396 798 1463 851 de
1515 805 1714 850 caetero
1820 802 1924 857 sibi
1978 802 2182 871 justus,
2239 806 2379 861 Deus
2431 816 2612 861 autem
2642 805 2805 859 corda
2863 803 3139 858 hominum
3191 802 3381 872 dirigit

142 889 383 959 rrposita
421 898 506 945 est
558 892 691 945 mihi
731 906 933 947 corona
980 890 1211 960 justitiae
1247 888 1332 958 (Il
1373 889 1511 944 Tim.
1545 904 1618 943 tv.
1661 889 1714 952 7,
1823 894 2007 960 (Prov.
2052 896 2255 966 xxﬂl)
2285 914 2299 955 :
2326 916 2343 949 ι
2373 900 2577 954 idcirco
2598 898 2935 967 temperabat
2956 899 3301 964 sententiam,
3330 911 3398 952 ne

142 982 238 1049 3);
277 999 296 1032 ³
334 985 436 1037 iste
473 984 580 1037 hoc
605 984 671 1037 de
715 996 776 1037 se
807 982 983 1036 dicere
1016 988 1228 1050 poterat
1267 997 1280 1035 :
1314 998 1332 1031 t
1366 977 1589 1048 Operari
1619 977 1717 1031 bo-
1824 984 1965 1040 forte
2023 1001 2115 1054 per
2174 988 2539 1057 ignorantiam
2597 990 2941 1059 deliquisset,
2981 988 3215 1043 maxime
3256 1004 3381 1042 cum

145 1091 275 1129 num
299 1091 411 1130 non
440 1076 715 1131 invenio?
753 1094 773 1128 ι
804 1084 877 1140 et,
922 1093 942 1127 ι
973 1072 1093 1129 Νοη
1121 1076 1267 1144 quod
1303 1072 1447 1138 volo,
1488 1073 1715 1135 bonum.
1826 1074 2106 1146 Scriptura
2136 1086 2367 1133 testetur
2402 1095 2418 1132 :
2453 1099 2471 1130 ι
2504 1078 2599 1135 Bst
2623 1081 2827 1150 justus,
2862 1080 2955 1149 qui
2981 1079 3121 1148 perit
3152 1078 3204 1132 in
3233 1078 3397 1149 justi-

152 1171 257 1225 hoc
307 1169 461 1224 facio
503 1187 517 1223 :
553 1166 650 1224 sed
698 1168 845 1238 quod
900 1169 1046 1233 nolo,
1097 1168 1323 1232 malum,
1358 1166 1460 1221 hoc
1502 1167 1658 1235 ago?
1697 1183 1715 1216 ι
1826 1165 1899 1219 tia
1950 1182 2046 1221 sua
2092 1168 2289 1237 (Ecclc.
2328 1185 2423 1234 vtr,
2456 1170 2569 1240 16).
2609 1188 2626 1222 ι
2660 1170 2726 1225 Et
2764 1171 2939 1225 alibi:
2984 1189 3003 1223 ε
3037 1169 3195 1226 Juste
3251 1171 3396 1239 quod

146 1264 287 1329 Quid
322 1262 463 1318 illud
498 1274 617 1318 erat
647 1263 803 1332 boui,
834 1262 982 1332 quod
1034 1262 1249 1317 volebat
1296 1258 1496 1323 facere,
1527 1268 1580 1313 et
1613 1273 1723 1312 non
1824 1259 2031 1329 justum
2059 1271 2143 1317 est
2174 1264 2673 1332 sectaberis(Deut.
2707 1280 2818 1328 XVI,
2849 1262 2962 1333 20),
3002 1282 3021 1315 ι
3055 1278 3123 1318 ne
3144 1261 3403 1332 opinione

152 1358 413 1425 poterat?
449 1357 516 1411 Et
550 1358 682 1426 quid
717 1356 850 1410 illud
887 1365 1003 1410 erat
1034 1355 1183 1417 mali,
1214 1354 1357 1422 quod
1400 1352 1642 1418 nolebat,
1673 1361 1728 1407 et
1830 1356 2076 1411 veritatis
2104 1355 2127 1386 ‘
2156 1372 2185 1411 a
2214 1356 2423 1426 iustitia
2451 1357 2811 1422 declinemus,
2868 1356 3221 1411 recordantes
3258 1354 3401 1410 Sau-

155 1460 335 1503 tamen
375 1452 555 1505 vitare
587 1466 693 1504 non
731 1452 993 1520 poserat?
1029 1448 1166 1520 Ergo
1203 1464 1307 1503 non
1356 1464 1419 1503 ex
1462 1462 1560 1502 sua
1606 1462 1729 1515 per-
1831 1448 1900 1504 lis
1930 1458 1983 1503 et
2014 1450 2186 1517 Λευίς.

152 1557 279 1594 sana
316 1544 421 1595 hoc
472 1542 627 1608 dicit,
690 1544 786 1597 ενδ
820 1559 885 1597 ex
942 1558 1171 1612 perseua
1215 1542 1434 1612 generis
1482 1539 1725 1604 humani,

1901 1564 1957 1617 4.
1997 1564 2371 1634 Pluresjustos
2406 1584 2541 1629 esse,
2563 1570 2817 1622 neminem
2848 1570 2960 1624 sine
2986 1582 3215 1638 peccato.
3246 1600 3315 1611 --
3341 1568 3402 1625 C.

151 1651 266 1703 qua-
305 1635 458 1690 \itiis
485 1636 737 1704 subjacct
761 1636 832 1689 ob
879 1652 1061 1691 caruts
1095 1633 1473 1701 fragilitatem.

1832 1651 1910 1707 Ne
1988 1657 2313 1711 contendere
2400 1656 2587 1712 videar
2636 1671 2687 1712 et
2733 1660 2786 1713 in
2877 1661 3153 1716 diversum
3200 1662 3407 1733 absque

218 1748 272 1801 3.
309 1747 394 1801 Et
426 1749 585 1817 cujus
610 1765 835 1817 persona
875 1747 1078 1802 Paulus
1110 1750 1317 1802 locutus
1368 1749 1435 1801 sit
1484 1749 1733 1814 aliudque
1836 1760 2088 1801 mensura
2112 1749 2295 1801 funem
2327 1749 2565 1814 trahere,
2600 1749 2788 1804 saltem
2813 1750 2916 1805 hoc
2940 1752 3069 1805 mihi
3096 1754 3330 1808 concede
3361 1755 3405 1817 ⁵,

152 1842 260 1907 είιη
300 1843 696 1895 testimonium.
732 1844 883 1896 -Α,
932 1842 1124 1895 i'arum
1164 1842 1296 1896 mihi
1330 1842 1499 1901 tollis,
1538 1850 1597 1894 ut
1648 1848 1728 1893 ιο·
1765 1866 1805 1922 Β
1830 1838 2011 1907 justus
2045 1840 2098 1894 in
2161 1841 2464 1910 Scripturis
2530 1843 2791 1912 plurimos
2831 1845 3115 1915 appellari.
3170 1846 3237 1899 Α.
3290 1846 3409 1901 Non

158 1942 263 1983 tum
303 1933 543 1987 tribuas.
575 1933 687 2002 Ego
715 1934 860 1987 enim
895 1949 1059 1987 unum
1096 1934 1394 1997 hominem,
1431 1932 1559 1986 licet
1587 1934 1730 1999 Apo-
1834 1931 2009 1985 solum
2041 1933 2323 1999 plurimos,
2358 1938 2451 1989 sed
2486 1936 2929 1993 innumerabiles.
2959 1937 3018 1993 C.
3067 1936 3122 1993 Si
3149 1940 3406 1994 innume-

155 2029 379 2085 stolum,
415 2024 665 2092 intelligo
696 2023 809 2094 [AL
865 2024 1257 2095 intelligebatur]
1290 2027 1573 2093 suhjacere
1611 2040 1733 2092 pec-

1835 2024 2193 2093 rabilesjusti
2231 2036 2377 2091 sunt,
2419 2038 2470 2082 et
2516 2028 2620 2082 hoc
2653 2029 2840 2098 negari
2887 2045 2993 2084 non
3045 2031 3236 2100 possit,
3278 2030 3408 2101 qttid

156 2127 292 2179 t-atn,
338 2125 399 2169 tu
436 2125 615 2169 totum
664 2116 962 2170 huutanum
1010 2133 1180 2186 genus
1237 2117 1460 2170 aSSt‘riS.
1495 2118 1649 2181 Quod
1687 2116 1733 2170 si
1839 2116 1979 2170 male
2012 2118 2228 2173 locutus
2254 2134 2395 2179 sum.
2427 2135 2587 2189 posse
2632 2134 2755 2174 esse
2806 2122 3090 2176 hominem
3127 2123 3241 2177 sine
3270 2137 3403 2192 pec-

161 2223 342 2261 rerum
371 2218 457 2263 est
494 2209 547 2261 in
582 2224 807 2277 genere,
851 2218 1104 2263 tenemus
1144 2220 1194 2263 et
1228 2210 1486 2278 speciem.
1521 2207 1652 2263 Nam
1681 2218 1735 2264 et
1839 2218 1983 2272 cato,
2019 2210 2063 2264 si
2088 2211 2257 2264 velit?
2298 2211 2411 2266 lloc
2468 2222 2551 2268 est
2607 2214 2726 2269 aliis
2781 2214 2961 2268 verbis
2999 2214 3201 2277 dicere,
3254 2228 3413 2284 posse

158 2299 453 2364 Apostolus
488 2301 651 2354 homo
674 2310 753 2355 est
789 2318 801 2364 ;
835 2309 888 2353 ct
924 2302 967 2355 si
1002 2302 1164 2355 homo
1192 2312 1273 2355 est
1309 2341 1322 2361 ,
1359 2302 1439 2355 vel
1471 2301 1537 2354 de
1567 2303 1713 2367 aliis,
1838 2300 2047 2369 justum
2091 2304 2208 2360 sine
2240 2314 2464 2373 peccato
2519 2321 2662 2373 esse,
2694 2308 2745 2361 in
2798 2323 2865 2362 eo
2897 2307 3039 2376 quod
3081 2308 3264 2377 justus
3304 2314 3409 2362 est.

158 2391 235 2441 \el
269 2388 337 2442 de
366 2406 427 2445 se
454 2393 613 2459 quasi
646 2391 809 2445 homo
840 2392 1116 2461 loquitur:
1164 2413 1181 2445 ι
1214 2392 1376 2447 Miser
1408 2408 1506 2461 ego
1543 2393 1727 2459 homo,
1844 2393 1909 2445 Α.
1939 2391 2121 2449 Justos
2152 2410 2276 2449 esse
2328 2397 2589 2459 concedo,
2650 2398 2771 2451 sine
2802 2397 2949 2449 omni
2982 2405 3162 2450 autem
3191 2404 3414 2465 peccato

159 2484 281 2549 quis
314 2498 402 2535 me
443 2483 703 2538 liberabit
730 2484 795 2538 de
844 2500 1075 2554 corpore
1132 2489 1322 2541 mortis
1360 2489 1520 2559 hujus
1562 2489 1738 2558 (Rom.
1844 2485 2067 2539 omnino
2107 2500 2215 2539 non
2269 2489 2556 2542 assentior.
2600 2486 2807 2542 Etenim
2840 2487 3047 2557 absque
3081 2486 3235 2551 vitio,
3268 2487 3414 2557 quod

160 2590 253 2637 vn,
303 2576 452 2642 ειη
516 2594 534 2625 ι
579 2577 691 2630 Et:
742 2596 759 2627 ι
791 2579 1060 2644 Quoniam
1112 2596 1219 2633 non
1265 2582 1474 2636 habitat
1529 2583 1582 2635 in
1631 2597 1739 2647 me,
1846 2576 2032 2632 Graece
2097 2578 2295 2631 dicitur
2347 2580 2539 2643 κακία,
2590 2579 2863 2633 hominem
2929 2595 3089 2648 posse
3136 2593 3257 2635 esse
3290 2580 3411 2634 aio:

166 2664 263 2717 hoc
297 2674 409 2726 est,
471 2667 527 2719 in
559 2682 726 2721 carne
756 2685 901 2729 mea,
937 2670 1137 2724 bonum
1186 2671 1485 2741 (lbid.lS).
1532 2692 1549 2724 ι
1602 2672 1739 2727 Cur.
1844 2670 2253 2739 ἀναμάρτητον.
2284 2670 2334 2725 id
2383 2680 2468 2726 est
2513 2671 2625 2725 sine
2676 2681 2888 2740 peccato
2938 2686 3085 2736 esse,
3142 2686 3301 2740 nego.
3363 2670 3418 2724 id

164 2758 427 2824 ruptibile
444 2760 599 2812 enim
629 2775 830 2830 corpus
849 2771 1105 2831 aggravat
1127 2764 1384 2827 animum,
1417 2782 1433 2815 ί
1476 2764 1743 2831 Depriatit
1844 2764 1988 2817 enim
2022 2764 2120 2817 soli
2155 2762 2261 2817 Deo
2291 2764 2551 2833 competit
2606 2764 2651 2828 ⁵,
2699 2763 2987 2832 omnisque
3013 2772 3261 2819 creatura
3299 2778 3420 2833 pee-

164 2860 379 2901 terrena
411 2852 681 2904 habitatio
710 2869 933 2908 sensum
967 2856 1128 2908 multa
1180 2867 1461 2909 curantem
1499 2858 1513 2886 ¹
1551 2855 1732 2924 (lium.
1856 2862 1978 2905 cato
2007 2852 2271 2920 subjaeet,
2308 2862 2363 2905 et
2394 2852 2600 2922 indiget
2631 2852 3010 2906 misericordia
3066 2852 3180 2917 Dei,
3208 2853 3423 2907 dicente

170 2942 385 3005 11,15).
418 2960 437 2993 s
468 2943 531 2998 C.
563 2944 653 2997 Sic
678 2946 940 3013 loqueris,
967 2949 1119 3016 quasi
1142 2963 1241 3016 ego
1278 2949 1377 3001 hoc
1412 2964 1476 3002 ex
1507 2963 1738 3017 perspna
1849 2942 2130 3011 Scriptura
2186 2963 2200 2998 :
2241 2963 2258 2995 ι
2290 2944 2654 2998 Misericordia
2709 2943 2921 3000 Domini
2963 2945 3118 3013 plena
3150 2952 3236 2999 est
3279 2953 3423 2998 terra

169 3034 381 3102 generis
407 3037 667 3090 humanis
696 3039 976 3106 accipiam,
1014 3048 1067 3092 et
1107 3056 1214 3091 non
1249 3057 1311 3092 ex
1356 3054 1585 3107 persona
1624 3055 1749 3105 μου·
1852 3034 2030 3105 (Psal.
2063 3052 2229 3102 χχιιι,
2259 3038 2326 3097 5;
2362 3052 2552 3100 cxvut,
2583 3036 2697 3104 6i).
2729 3053 2749 3088 ι
2795 3036 2860 3090 Et
2895 3051 2963 3091 ne
2992 3037 3148 3104 quasi
3185 3036 3425 3091 maculas

169 3126 374 3180 caloris
412 3123 531 3197 [ΑΙ.
566 3126 962 3196 peccatorum].
993 3130 1059 3182 Α.
1096 3130 1157 3181 Ει
1192 3130 1313 3195 quis
1359 3130 1451 3182 tibi
1488 3131 1589 3183 hoc
1612 3145 1746 3183 con-
1782 3188 1816 3198 _
1853 3131 2117 3197 quasdam
2167 3129 2221 3183 in
2276 3129 2481 3184 sanctis
2535 3129 2669 3182 viris
2726 3127 2913 3182 videar
2965 3127 3321 3198 perscrutari,
3368 3127 3421 3179 in

168 3216 346 3276 cedet,
408 3230 469 3269 ut
537 3232 605 3270 cx
664 3233 896 3285 persona
959 3220 1271 3287 peccatoris
1334 3220 1434 3272 hoc
1489 3219 1749 3287 loquatur
1774 3188 1819 3251 Ο
1855 3223 2050 3291 quilms
2080 3236 2263 3276 errore
2295 3230 2422 3276 sunt
2450 3218 2563 3291 [ΑΙ.
2593 3218 2725 3292 sint]
2760 3220 2918 3289 lapsi,
2946 3234 3118 3290 pauca
3151 3218 3421 3289 proferam

169 3308 469 3376 Apostolus
494 3309 520 3361 τ
545 3308 599 3361 Si
633 3310 774 3363 enim
807 3325 871 3363 ex
915 3324 1142 3379 persona
1193 3311 1494 3379 peccatoris
1528 3312 1627 3363 hoc
1660 3326 1753 3363 ac-
1855 3327 1974 3382 quas
2002 3327 2107 3365 non
2134 3310 2200 3365 ad
2244 3311 2509 3380 singulos,
2572 3310 2666 3364 sed
2699 3308 2765 3363 ad
2789 3324 2984 3364 omnes
3015 3310 3068 3363 in
3131 3322 3428 3363 commune

171 3400 330 3467 cipis,
365 3401 605 3455 debebat
639 3403 819 3456 dicere
860 3422 874 3457 :
918 3402 1078 3458 Miser
1108 3420 1207 3473 ego
1239 3415 1582 3473 peccator,et
1616 3419 1748 3467 non,
1855 3405 2177 3472 pertineant.
2239 3402 2295 3457 lu
2353 3401 2628 3456 tricesimo
2694 3401 2871 3468 primo
2940 3400 3156 3469 psalmo
3189 3405 3344 3462 (vers.
3374 3400 3430 3471 5)

174 3492 336 3545 miser
373 3508 472 3561 ego
501 3495 676 3547 homo.
712 3493 885 3550 llomo
918 3498 1118 3567 quippe
1158 3506 1365 3549 natura:
1405 3507 1509 3558 est,
1562 3512 1757 3565 pccca-
1855 3496 2119 3564 scriptum
2168 3503 2280 3548 est:
2335 3510 2353 3544 t
2398 3493 2537 3555 Dixi,
2599 3491 2966 3561 pronuntiabo
2998 3490 3283 3545 adversum
3342 3505 3431 3544 me

174 3595 259 3637 tur
292 3585 626 3639 voluntatis.
658 3584 769 3640 Nisi
806 3587 945 3641 forte
994 3597 1049 3641 et
1081 3589 1234 3651 illud,
1290 3590 1432 3655 quod
1485 3591 1750 3657 scriptum
1856 3582 2172 3659 injustitiam
2204 3600 2376 3639 meam
2403 3584 2653 3648 Domino,
2690 3593 2745 3637 et
2794 3593 2847 3636 tu
2890 3583 3143 3636 dimisisti
3180 3582 3428 3651 impieta-

172 3686 293 3729 est:
337 3672 568 3729 Vanims
609 3680 900 3730 vattilalum
938 3690 984 3732 et
1035 3681 1209 3731 omnia
1257 3682 1457 3733 vanitas
1490 3681 1753 3749 (lfccle.t,
1858 3692 1965 3736 tvm
2021 3679 2205 3733 cordis
2264 3676 2392 3731 mei.
2431 3695 2450 3729 ι
2506 3675 2815 3745 Statimque
2875 3676 3124 3742 sequitur
3169 3690 3183 3727 :
3261 3692 3281 3725 r
3320 3672 3428 3726 Pro

170 3766 250 3835 ἓ),
287 3772 355 3823 ad
395 3782 719 3837 peccatmes
756 3771 1010 3835 reicitur,
1043 3785 1096 3827 et
1125 3788 1231 3827 non
1262 3773 1327 3826 ad
1364 3788 1555 3828 omnes
1579 3775 1754 3828 homi-
1857 3773 1979 3833 hac,
2011 3790 2028 3822 ι
2093 3772 2193 3825 hoc
2229 3778 2312 3823 est
2367 3768 2645 3835 impietate
2697 3768 2809 3822 sive
2862 3766 3147 3835 iniquitate
3185 3766 3422 3834 (utrum-

176 3874 292 3920 nes.
326 3860 400 3915 Et
433 3860 632 3915 iterum
669 3882 727 3917 ες
765 3864 1148 3917 Verumtamen
1185 3865 1240 3918 in
1278 3866 1509 3933 imagine
1540 3882 1755 3935 peratu-
1856 3879 1962 3934 que
2000 3863 2145 3916 enim
2200 3860 2432 3928 intelligi
2474 3858 2700 3928 potest),
2741 3876 2760 3909 ι
2800 3857 2981 3911 orabit
3026 3857 3092 3911 ad
3153 3867 3206 3911 te
3255 3858 3434 3911 omnis

175 3952 441 4007 bulabat:
481 3959 500 3987 ²
544 3956 705 4007 homo
737 3954 909 4022 (Psal.
950 3971 1175 4013 xxxvtu.
1208 3958 1303 4025 7);
1345 3976 1363 4010 ι
1400 3973 1462 4013 ac
1490 3958 1686 4011 deinde
1734 3978 1747 4014 :
1856 3966 2078 4010 sanctus
2102 3954 2156 4007 iu
2187 3960 2429 4021 tempore
2449 3958 2758 4019 opportuno
2790 3946 3037 4019 (lbid.6).
3069 3967 3087 3999 ι
3122 3948 3178 4003 Si
3211 3956 3433 4003 sanctus

183 4065 201 4095 ι
242 4047 425 4099 Homo
457 4046 685 4099 vanitati
734 4048 1073 4105 assintilatus
1132 4060 1232 4113 est,
1264 4049 1381 4105 dies
1424 4051 1543 4120 ejus
1594 4052 1742 4103 velut
1857 4059 1964 4112 est,
1994 4048 2269 4118 quomodo
2319 4053 2441 4098 orat
2492 4056 2590 4113 pro
2614 4041 2943 4111 iniquitate?
2993 4041 3048 4093 Si
3092 4040 3430 4108 iniquitatem

177 4142 379 4194 umbra
410 4149 798 4208 pertranseunt
824 4140 996 4210 (Psal.
1023 4156 1210 4206 chttt,
1234 4142 1346 4204 4).»
1382 4142 1440 4196 Si
1467 4145 1566 4197 hoc
1599 4142 1752 4197 Pauli
1862 4139 2043 4201 habet,
2073 4154 2176 4206 qua
2217 4137 2426 4189 ratione
2448 4141 2671 4187 sanctus
2706 4130 3054 4201 appellatur?
3081 4129 3243 4184 Juxta
3273 4131 3431 4184 illum

174 4230 505 4284 testimonio
539 4246 646 4284 nou
694 4234 955 4293 moveris,
1012 4234 1137 4287 audi
1172 4234 1317 4287 aliud
1371 4233 1616 4302 ejusdem
1668 4235 1759 4287 cui
1860 4233 2111 4287 videlicet
2140 4229 2384 4292 modum,
2425 4226 2515 4292 qui
2565 4235 2621 4280 et
2676 4226 2731 4279 in
2791 4225 2898 4279 alio
2959 4223 3080 4278 loco
3136 4223 3431 4279 scribitur:

178 4324 569 4378 contradicere
589 4339 694 4376 non
727 4333 881 4390 potes
912 4341 927 4378 :
957 4324 1143 4378 tNihil
1175 4326 1306 4379 mihi
1334 4326 1589 4380 conscius
1614 4340 1759 4389 sum,
1866 4342 1886 4377 t
1947 4323 2155 4392 Septies
2204 4320 2361 4375 cadet
2420 4319 2528 4388 (Al.
2584 4316 2750 4385 cadit)
2804 4315 3005 4383 justus,
3067 4324 3122 4369 et
3170 4326 3425 4385 resurget

130 4478 135 4483 ι
177 4427 233 4467 et
284 4427 484 4468 caetera
535 4415 557 4445 ³
589 4412 644 4481 (1
688 4414 808 4470 Cor.
865 4431 937 4479 tv,
973 4415 1051 4483 4).
1088 4435 1108 4468 s
1138 4416 1292 4478 Mire,
1341 4431 1442 4471 nec
1491 4418 1759 4485 tut-ipsum

1863 4414 2037 4486 (Prov.
2093 4429 2239 4476 xxiv,
2272 4412 2383 4483 16).
2440 4429 2458 4463 ›
2508 4411 2593 4475 Ει,
2626 4428 2645 4461 t
2702 4408 2891 4463 Justus
2924 4405 3086 4477 745
3148 4418 3436 4460 accusator

180 4508 373 4575 judico
413 4522 427 4556 :
460 4508 599 4560 nihil
637 4507 766 4560 tuihi
803 4509 1058 4561 conscius
1082 4522 1225 4570 sum,
1250 4522 1351 4560 nec
1382 4515 1565 4561 tamen
1599 4506 1761 4577 744
1797 4536 1840 4592 ι)
1867 4505 1949 4560 sui
1981 4516 2066 4560 est
2098 4504 2152 4558 in
2204 4502 2474 4573 principio
2525 4500 2797 4555 sermonis
2834 4498 3018 4568 (Prov.
3079 4512 3233 4559 xvttt,
3266 4499 3373 4566 17).
3411 4516 3430 4549 ι

184 4602 239 4652 iu
281 4602 383 4653 hoc
416 4600 757 4668 justiticatus
789 4614 935 4653 sum.
963 4600 1061 4665 Qui
1112 4604 1211 4651 hoc
1270 4600 1507 4663 dicebat,
1562 4600 1763 4652 nullius
1800 4589 1819 4592 ⁷
1875 4595 1938 4648 Et
1966 4595 2102 4650 alias
2132 4613 2145 4649 :
2181 4611 2200 4645 ι
2238 4593 2470 4647 Alienati
2521 4591 2630 4662 (Al.
2664 4589 2973 4651 abalienati)
3011 4598 3139 4642 sunt
3188 4597 3439 4656 pcccatu-
3506 4646 3507 4653 η

184 4693 381 4759 utique
415 4690 631 4759 pet-cati
676 4690 778 4743 sibi
832 4692 1085 4744 conscius
1120 4700 1255 4744 erat.
1292 4689 1395 4747 Sed
1445 4694 1570 4760 quia
1611 4693 1757 4758 lege-

186 4798 274 4837 tat
305 4799 321 4837 :
360 4803 378 4833 ι
415 4782 622 4837 Delicta
652 4782 772 4850 quis
803 4782 1051 4852 intelligit
1082 4782 1254 4850 (Psal.
1282 4798 1435 4844 svnt,
1475 4783 1561 4850 15)
1593 4782 1616 4836 ?
1670 4795 1767 4837 ct:

269 4988 285 5016 ⁸
334 4981 621 5038 Victorius
662 4980 827 5032 n.u'ta
858 4981 1171 5048 cogitantem
1204 4995 1267 5033 ex
1308 4978 1583 5033 Brixianis
1611 4978 1770 5033 codd.

187 5073 241 5110 et
271 5056 471 5110 (ἒς-ινα)
504 5051 631 5103 νοῦν
660 5050 1075 5114 mineo/ivstitia,
1106 5060 1163 5102 ut
1200 5051 1315 5118 ipse
1342 5048 1594 5118 explicat.

268 5128 290 5156 ²
362 5124 613 5176 Vatican.
647 5130 703 5171 et
758 5120 1030 5171 Victorius
1072 5116 1357 5178 pertransit
1384 5133 1507 5172 cum
1544 5116 1774 5178 Vulgata

268 5136 290 5156 ι
366 5136 613 5176 \attcnn.
647 5136 703 5171 et
763 5136 1030 5171 ncsonus
1108 5136 1357 5171 crtransu
1384 5136 1507 5172 cum
1552 5136 1774 5178 vulgata

188 5198 338 5250 edit.
359 5207 410 5247 et
431 5189 622 5244 Graeci:
635 5189 1041 5257 διαπορεύεται.
1065 5136 1354 5241 Erasmum
1376 5192 1620 5255 sequitur
1639 5189 1777 5240 .llar-

192 5277 457 5320 ltatta’us.

274 5337 295 5366 ³
332 5336 389 5388 In
417 5332 634 5399 Itasime
664 5342 768 5379 ms.
815 5334 868 5379 et
902 5325 1336 5399 veterieditione
1380 5326 1596 5399 additur
1634 5342 1777 5379 reco-

196 5406 363 5459 lenda
398 5395 530 5456 dicit
567 5400 889 5452 testimonia.
939 5396 995 5450 In
1026 5397 1131 5450 alio
1184 5407 1362 5448 autem
1414 5395 1671 5450 Vaticano
1701 5400 1780 5451 sic

197 5481 450 5529 uertitur
484 5476 662 5534 lat-us,
702 5471 850 5524 Nihil
904 5469 1032 5521 mihi
1082 5468 1321 5520 conscius
1368 5484 1503 5523 sum.
1565 5482 1651 5518 nec
1707 5482 1784 5519 ne

198 5551 387 5614 ipsum
408 5546 618 5611 judico,
653 5554 781 5603 ctc.,
801 5541 1020 5614 omiss‘s
1052 5539 1622 5614 (ιιιω-,ἰιιι-ετεξεηιηιίιικ

283 5620 307 5648 ⁸
348 5607 607 5671 Fortasse
639 5614 820 5664 verius
858 5609 1030 5663 Vutic.
1067 5609 1316 5676 puritatis
1361 5607 1485 5672 legit
1527 5622 1620 5674 pro
1653 5607 1782 5659 vrri-

202 5690 368 5741 latr’s.
402 5684 531 5738 Mos
560 5692 739 5740 autem
767 5696 863 5748 pro
898 5680 1041 5748 Agag
1065 5680 1301 5736 nomine,
1339 5678 1477 5741 quod
1529 5680 1773 5748 reposui-

206 5772 348 5811 mus
399 5770 431 5809 c
497 5746 957 5811 tuasnhactcnus
997 5746 1324 5813 obtinuerat,
1376 5749 1572 5804 Achati,
1634 5746 1786 5812 cujus

203 5826 455 5886 historia
484 5824 570 5878 hic
607 5838 826 5878 mintme
860 5823 921 5875 ad
960 5833 1067 5873 rem
1101 5829 1200 5877 εει.
1234 5827 1421 5871 contra
1484 5819 1565 5869 ills
1610 5814 1785 5868 Saulis

1880 4701 1965 4739 res
1992 4699 2022 4738 ι
2054 4684 2232 4747 vulva,
2262 4690 2584 4736 erraverunt
2610 4681 2677 4735 ab
2702 4689 2882 4739 utero,
2931 4676 3095 4730 locuti
3129 4686 3255 4729 sunt
3306 4675 3436 4728 falsa

1881 4776 2055 4849 (Psal.
2086 4790 2214 4841 Lvtt,
2248 4772 2323 4842 4).
2363 4791 2382 4826 s
2410 4771 2506 4827 Vel
2557 4772 2741 4827 statim
2774 4778 2832 4825 ut
2884 4768 2994 4822 nati
3048 4777 3196 4833 sunt,
3250 4766 3438 4836 subja-

1882 4991 1933 5034 et
1962 4981 2125 5048 Agag,
2161 4992 2322 5045 quam
2359 4983 2543 5043 repete
2594 4988 2659 5026 ex
2705 4972 2725 5026 ι
2770 4970 2975 5038 Regum
3017 4981 3139 5037 cap.
3174 4982 3261 5031 av,
3304 4967 3440 5020 satis

1884 5051 2020 5105 bene
2055 5048 2334 5117 prOposito
2357 5048 2607 5111 quadrat.
2761 5109 2803 5117 η
3219 5108 3229 5117 ,
3256 5109 3266 5117 _
3414 5106 3444 5117 ,,

1953 5120 1971 5150 ⁵
2000 5106 2172 5171 vinci
2204 5106 2474 5178 concedes,
2503 5125 2557 5167 et
2596 5128 2719 5166 mox
2754 5109 2872 5164 Non
2924 5118 3113 5179 potest,
3141 5108 3266 5177 quid
3316 5106 3444 5159 ntali

1883 5192 2084 5244 locutus
2118 5205 2253 5249 sum,
2283 5198 2390 5237 etc.

1955 5262 1974 5291 ⁸
2010 5245 2359 5325 “agitaturus.
2395 5252 2705 5325 rumvctcri
2730 5250 3142 5325 editione,_nec_
3171 5245 3445 5325 nou‘alius

1885 5317 2226 5383 Crit-beietisis
2283 5340 2447 5387 penes
2514 5321 2916 5377 Benedictiuos,
2990 5317 3197 5371 Etenim
3251 5317 3445 5387 absque

1887 5401 2030 5455 vitio.
2062 5397 2196 5463 quod
2249 5384 2426 5448 Gra'ce
2484 5392 2676 5444 dicitur
2735 5391 3144 5463 ἀναμάρτητον,
3181 5386 3280 5465 soli
3338 5384 3444 5437 Deo

1887 5474 2144 5533 competit,
2177 5465 2442 5526 omnisque
2479 5471 2741 5523 creatura,
2768 5471 2869 5511 etc.
2891 5496 2907 5521 ,
2935 5471 3166 5536 ειιιιιεςγβ¹
3195 5466 3450 5534 Interme-

1886 5525 2209 5595 c'iis'xaxia,
2263 5525 2521 5585 hominem
2566 5546 2715 5595 posse
2755 5542 2867 5581 esse
2901 5528 3005 5585 aio,
3031 5539 3082 5579 et
3114 5525 3166 5575 id
3213 5532 3286 5595 est
3340 5525 3449 5574 sine

1889 5593 2099 5675 proruto
2128 5593 2267 5675 esse,
2286 5618 2433 5675 nego,
2471 5603 2524 5653 id
2556 5593 2744 5675 Ienint.
2809 5597 3004 5675 Recole
3035 5669 3046 5675 “
3074 5593 3443 5675 pervulgatam

1892 5660 2213 5730 sentt-miunt
2249 5660 2312 5724 Ὅ
2348 5660 2505 5737 ξιόὺος
2545 5670 2929 5738 ἀναμάρτητος
2957 5660 3111 5728 Θεὶνᾷ,
3143 5660 3307 5717 δαίων
3336 5661 3455 5715 sine

1892 5752 2099 5814 percolo
2136 5745 2270 5796 Dt'tts
2307 5750 2400 5794 cst.
