4198 6462
204 377 306 438 Σ.ὀὲ
992 385 1381 449 DIALOGUS
1424 391 1725 452 CONTRA
1776 396 2273 458 l‘ELAGlANOS.
2305 423 2367 432 -
2414 398 2562 459 LIB.
2593 400 2672 462 Ιῐ.

3353 405 3462 470 566

193 491 520 562 Εκθιιεειὶοε
554 514 570 546 t
627 494 824 567 Jugutn
885 513 1061 553 meum
1117 519 1283 558 suave
1336 516 1416 559 cst
1445 549 1458 573 ,
1511 519 1563 560 ct
1628 525 1772 563 unus
1804 514 1848 572 Λ
1880 512 2187 577 sapientiai,
2218 513 2507 567 tnultitudo
2536 517 2814 571 scientim:
2872 525 2924 571 ct
2951 517 3042 588 qui
3099 519 3249 575 addit
3283 524 3460 578 scicn-

194 601 371 639 meutu
406 588 523 642 leve
552 587 768 660 (.lluttlt.
800 607 874 655 XI,
909 591 1038 661 '50);
1070 613 1089 647 ι
1144 595 1398 653 facillime
1448 601 1774 657 revinceris:

200 679 340 733 levia
366 683 516 735 enim
567 697 777 739 certum
814 695 898 740 est
956 688 1160 743 dixisse
1203 689 1472 759 Evangelii
1522 694 1777 747 mandata

194 775 258 826 ad
321 779 784 843 comparationem
827 784 1238 849 superstitionis
1295 786 1553 853 Judaicce,
1592 787 1775 855 inqua

196 862 343 915 varia
367 868 823 922 ceremoniarum
852 884 1047 938 genera
1068 876 1601 947 qttterebantur,qute
1625 880 1775 948 juxta

196 954 459 1022 litteram,
493 969 546 1011 et
575 962 801 1030 apostoli
828 961 972 1019 Petri
998 972 1346 1037 sententiam,
1380 972 1562 1026 nullus
1601 974 1775 1039 putuit

193 1047 432 1116 explere.
468 1050 625 1107 Unde
650 1054 783 1109 etin
812 1056 1042 1114 Actibus
1066 1063 1442 1129 apostolorum
1477 1065 1773 1121 scribitur:

199 1156 215 1189 ι
248 1138 409 1197 Nunc
462 1159 592 1214 ergo
622 1148 751 1217 quid
785 1155 1009 1207 teutatis
1044 1154 1058 1185 ¹
1092 1153 1373 1225 imponere
1400 1156 1587 1225 jugutu
1618 1173 1779 1227 super

192 1236 470 1291 ct-rviccnt
502 1238 924 1311 discipulorum,
960 1248 1101 1315 quod
1139 1265 1311 1318 neque
1346 1262 1529 1321 patres
1580 1253 1775 1318 nostri,

192 1341 367 1393 neque
397 1345 496 1386 uos
544 1344 762 1402 portare
786 1340 1097 1405 potuimus:
1137 1342 1228 1395 sed
1278 1358 1371 1411 per
1400 1344 1622 1411 gratiam
1674 1345 1775 1398 Do-

193 1422 323 1472 mini
350 1420 478 1475 vau
517 1425 713 1479 salvari
750 1432 1049 1492 credémus,
1103 1436 1557 1502 quernadnmdum
1616 1448 1669 1491 et
1703 1436 1778 1489 illi

195 1511 329 1574 (lct.
385 1529 481 1579 xv,
538 1516 649 1587 lt‘).
690 1536 709 1570 ι
763 1519 1005 1576 Jacobus
1058 1527 1339 1593 apostolus
1377 1529 1610 1583 scribit:
1668 1548 1685 1579 ι
1721 1528 1777 1587 Si

191 1604 239 1672 ji
266 1604 399 1659 Iicas
445 1611 640 1676 legem,
673 1626 777 1667 non
812 1629 869 1667 es
898 1618 1070 1670 luctor
1100 1619 1253 1688 legis,
1290 1621 1383 1673 sel
1432 1623 1594 1689 judex
1639 1621 1775 1690 (Jac.

194 1708 263 1756 tv,
316 1697 426 1766 ll).
476 1716 494 1749 ι
534 1699 628 1755 llle
684 1701 895 1769 judicat
959 1707 1155 1777 legem,
1202 1709 1293 1778 qui
1352 1712 1502 1777 dicit,
1570 1714 1777 1782 aliquid

195 1802 301 1839 non
333 1787 485 1853 juste
521 1804 877 1861 praeceptum,
909 1807 961 1852 et
992 1800 1355 1870 ignorantiam
1410 1822 1517 1859 non
1575 1807 1773 1861 habere

196 1879 304 1937 (Al.
342 1881 525 1946 habet)
566 1897 880 1955 peccatum;
935 1901 987 1945 et
1049 1891 1249 1946 frustra
1299 1896 1480 1950 offerri
1514 1898 1769 1954 victimas

197 1988 291 2041 pzo
323 1991 539 2041 errore,
587 1982 726 2047 quod
761 1984 967 2051 peccati
1002 2000 1109 2039 non
1170 1988 1326 2042 habet
1353 1991 1762 2047 conscientiam.

194 2066 377 2135 Neque
404 2070 554 2124 enim
592 2073 642 2125 in
672 2074 787 2141 lege
837 2077 978 2130 ratio
1016 2082 1295 2147 qutcritur,
1324 2082 1415 2136 sed
1451 2086 1768 2143 auctoritas.

192 2161 333 2213 idem
362 2162 418 2216 in
455 2166 647 2219 eadem
681 2166 813 2221 dicit
862 2168 1140 2238 Epistola:
1179 2172 1291 2227 «Ira
1354 2175 1451 2228 viri
1500 2179 1766 2247 justitiam

194 2252 281 2306 Dei
312 2270 423 2309 non
457 2266 714 2324 cperatur
741 2258 887 2327 (Jac.
939 2278 977 2327 t,
1025 2264 1149 2331 20);
1189 2285 1205 2316 ι
1241 2280 1294 2321 et
1350 2271 1470 2336 quis
1519 2280 1766 2325 nostrum

192 2360 373 2403 carere
437 2357 619 2417 potest
656 2354 754 2414 ira,
785 2353 852 2407 de
876 2370 978 2421 qua
1007 2357 1268 2425 scriptum
1300 2373 1418 2415 est:
1460 2379 1478 2412 ε
1513 2360 1593 2415 lra
1650 2378 1769 2431 per-

191 2440 261 2489 dit
289 2440 459 2492 etiam
496 2443 769 2506 sapientes
802 2447 822 2478 ²
900 2443 1078 2509 (Prov.
1126 2465 1218 2513 xv,
1254 2451 1354 2517 2)?
1388 2471 1405 2503 ι
1443 2454 1765 2523 Significan-

192 2539 376 2599 terquc
415 2547 527 2585 non
560 2532 697 2585 iram
727 2534 841 2599 Dei,
874 2539 962 2591 sed
993 2540 1127 2593 iram
1154 2541 1251 2593 viri
1285 2548 1481 2608 posuit.
1514 2546 1593 2599 lra
1620 2550 1765 2602 enim

191 2620 279 2676 Dei
303 2624 465 2691 justa
498 2634 621 2683 est:
658 2627 733 2679 ira
782 2638 961 2683 autem
994 2631 1094 2685 viri
1147 2632 1212 2686 de
1246 2640 1558 2704 perturbata
1591 2652 1768 2695 mente

191 2717 457 2782 procedit.
507 2714 661 2771 Unde
692 2730 738 2774 et
774 2722 827 2774 in
891 2720 1363 2785 Psalmodicitur:
1399 2749 1416 2780 ι
1463 2731 1764 2790 lraseimini

189 2814 240 2859 et
270 2807 444 2861 nolite
479 2824 709 2878 peccare
762 2811 937 2881 (Psal.
1000 2832 1071 2881 tv,
1129 2817 1183 2887 5)
1217 2835 1275 2882 ;›
1332 2820 1423 2889 qui
1466 2825 1767 2881 versiculus

188 2913 343 2965 quem
385 2916 611 2954 scnsutn
648 2903 866 2967 habeat,
898 2904 1193 2975 Apostolus
1226 2911 1415 2966 docet:
1456 2930 1473 2964 ι
1533 2915 1624 2969 Sol
1660 2932 1765 2971 non

188 2990 401 3044 occidat
427 3008 597 3061 super
627 2995 959 3052 iracundiam
990 3009 1221 3055 vestram
1258 3002 1473 3073 (Epiros.
1506 3021 1577 3071 tv,
1600 3008 1711 3077 ~26);
1744 3030 1762 3063 ι

189 3094 241 3136 ιιι
276 3098 567 3154 peccatum
610 3092 830 3145 omnino
876 3094 941 3147 sit
990 3095 1073 3148 vel
1122 3096 1310 3152 leviter
1365 3099 1525 3155 irasci
1556 3118 1568 3159 :
1604 3102 1765 3170 justi-

1890 603 2041 667 tiam,
2080 604 2230 658 addit
2293 605 2535 660 doloretn
2584 605 2779 677 (Eccle.
2814 625 2850 674 t,
2908 611 3041 680 18);
3085 630 3102 663 ι
3162 613 3467 685 intelligens

1885 694 2029 761 quod
2085 695 2422 762 perfectione
2465 704 2689 761 careat,
2752 709 2807 752 et
2864 716 2928 755 ex
2978 717 3042 757 co
3095 703 3238 771 quod
3290 708 3459 771 novit,

1888 801 2091 858 quanta
2127 807 2229 845 non
2274 792 2506 847 noverit.
2547 791 2615 847 Et
2660 792 2809 854 odio.
2842 794 3037 864 inquit,
3070 797 3231 853 habui
3264 800 3453 865 vitam,

1885 882 2140 951 quoniam
2175 883 2373 936 malum
2404 893 2487 939 est
2543 900 2682 953 opus
2735 885 2882 954 quod
2911 902 3105 956 operor
3161 906 3324 960 super
3352 900 3462 946 ter-

1885 974 2052 1028 ram”.
2108 974 2299 1028 Omnia
2359 978 2500 1029 enim
2534 980 2741 1033 vanitas
2770 1021 2783 1044 ,
2842 987 2894 1033 et
2926 982 3272 1051 praesumptio
3305 985 3460 1053 Spiri-

1884 1078 1989 1124 tus.
2023 1067 2192 1123 Nemo
2220 1068 2323 1123 scit
2352 1070 2477 1137 quid
2530 1071 2769 1127 futurum
2824 1076 2915 1140 sit,
2950 1075 3079 1144 quia
3136 1076 3295 1131 sicuti
3345 1088 3455 1141 est,

1881 1161 2006 1229 quis
2048 1162 2393 1215 aununtiabit
2429 1163 2523 1215 ei?
2578 1165 2715 1218 Sunt
2767 1167 2897 1236 justi
2947 1168 3011 1221 ad
3043 1183 3181 1238 quos
3209 1172 3459 1239 pervenit

1881 1254 2036 1323 quasi
2062 1269 2198 1323 Opus
2232 1254 2550 1323 impiorum.
2586 1256 2649 1310 Et
2683 1267 2812 1311 sunt
2845 1260 3019 1328 impii,
3057 1261 3122 1314 ad
3163 1276 3301 1330 quos
3335 1276 3459 1332 per-

1881 1346 2206 1414 venitquasi
2266 1349 2697 1415 Opusjustorum
2736 1348 2931 1419 (Eccle.
2970 1366 3089 1414 vrtt,
3123 1352 3177 1418 6,
3208 1353 3262 1418 7,
3293 1353 3398 1421 Η).
3431 1374 3448 1405 ι

1882 1436 2469 1503 llecitlcircodicitur,
2517 1440 2644 1509 quia
2703 1451 2911 1494 certum
2968 1441 3234 1511 judicium
3285 1444 3458 1500 solius

1886 1526 1977 1580 υ.μὶ
2008 1538 2113 1592 est,
2144 1538 2196 1582 et
2228 1544 2366 1595 quos
2395 1539 2654 1598 putatnns
2689 1534 2868 1601 justos
2893 1573 2908 1599 ,
2968 1549 3111 1605 saepe
3144 1546 3457 1605 peccatores

1887 1620 2260 1685 inveniuntur,
2327 1631 2381 1675 et
2431 1638 2569 1690 quos
2632 1638 2661 1678 e
2717 1626 2997 1681 contrario
3096 1639 3452 1696 peccatores.

1880 1729 1980 1781 apti
2009 1717 2017 1762 Ξ
2047 1713 2138 1765 Ι)έί
2176 1712 2463 1767 scientiam
2494 1714 2623 1781 iusti
2680 1724 2830 1769 sunt.
2906 1736 2923 1768 ‹
2960 1716 3455 1789 Quantumcunque

1883 1800 2204 1855 laboraverit
2236 1802 2420 1868 homo,
2474 1813 2531 1857 ttt
2564 1804 2822 1871 inquirat,
2882 1820 2985 1859 non
3023 1808 3273 1876 reperiet.
3312 1808 3377 1863 Et
3405 1809 3450 1863 si

1871 1894 2066 1947 dixerit
2107 1896 2325 1963 sapiens
2361 1910 2519 1948 nosse
2541 1911 2618 1957 se,
2652 1897 2896 1952 invenire
2928 1913 3033 1951 non
3067 1900 3268 1966 poterit
3326 1898 3452 1969 (Ec-

1870 1978 1965 2032 cie.
2032 1996 2143 2043 vnt,
2210 1981 2319 2049 17).
2358 1981 2612 2036 Omnium
2660 1986 2801 2038 enim
2834 2002 2974 2041 untts
3027 2002 3291 2043 occursus
3342 1996 3446 2053 est,

1871 2070 2141 2137 ctirdaque
2173 2072 2403 2126 liliorum
2457 2075 2740 2128 hominum
2783 2079 2984 2146 repleta
3049 2092 3176 2134 sunt
3220 2081 3447 2147 malitia,

1872 2170 1921 2213 et
1951 2161 2158 2215 incerto
2189 2171 2331 2217 statu
2368 2164 2562 2232 (L‘crle.
2590 2183 2662 2233 ts,
2712 2168 2768 2232 2,
2807 2170 2859 2237 ὖ)
2886 2209 2899 2232 ,
2944 2187 2962 2221 ι
2996 2186 3117 2240 qua:
3137 2171 3321 2227 Graece
3351 2190 3448 2226 πε-

1874 2255 2130 2323 ριφίρειςι
2160 2258 2381 2311 dicitur.
2413 2275 2431 2308 ι
2474 2258 2667 2314 Musca:
2725 2263 3003 2316 moritura:
3030 2303 3045 2327 ,
3100 2263 3215 2318 sive
3240 2303 3255 2328 ,
3289 2275 3346 2319 ut
3392 2265 3445 2319 in

1873 2342 2138 2399 llcbraico
2173 2346 2426 2412 habetur,
2462 2358 2709 2412 lllfrt‘llla),
2739 2351 3109 2407 (lt‘ﬂlOiilllllUf
3134 2364 3297 2422 atque
3327 2369 3447 2409 cor.

1872 2446 2132 2505 rumpunt
2178 2440 2497 2493 suavitatem
2530 2442 2629 2495 olei
2674 2442 2872 2511 (Eccle.
2903 2461 2956 2509 st,
2986 2446 3099 2507 1).»
3139 2445 3275 2512 Quis
3299 2462 3447 2502 mor-

1872 2530 2059 2581 talium
2088 2531 2271 2598 aliquo
2306 2546 2494 2586 errore
2548 2548 2655 2588 non
2694 2537 2953 2604 capitur?
3008 2536 3179 2603 Quem
3235 2540 3446 2594 haereti—

1872 2635 2057 2675 corum
2092 2632 2144 2675 et
2190 2622 2448 2676 falsorum
2510 2625 2821 2694 dogmatum
2873 2644 3077 2683 venena
3122 2645 3229 2684 non
3259 2644 3445 2686 macu-

1872 2712 2024 2765 lant?
2064 2729 2080 2762 t
2123 2712 2379 2781 Tempus,
2412 2715 2610 2783 inquit,
2643 2726 2727 2770 est
2760 2726 2816 2771 ut
2866 2718 3090 2787 incipiat
3118 2720 3381 2788 judicium
3414 2736 3444 2775 a

1872 2801 2033 2854 domo
2068 2799 2180 2855 D.;i.
2216 2801 2269 2856 Si
2300 2813 2479 2858 autem
2516 2805 2748 2873 primum
2779 2821 2806 2860 a
2839 2808 3014 2875 nobis,
3047 2810 3169 2879 quis
3201 2811 3325 2865 linis
3350 2826 3439 2866 eor

1871 2907 1988 2945 rum
2021 2895 2110 2960 qui
2144 2910 2251 2947 non
2307 2896 2533 2950 credunt
2565 2897 2899 2968 Evangelio?
2948 2901 3013 2954 Et
3045 2903 3088 2955 si
3118 2903 3293 2969 justus
3351 2904 3439 2957 vix

1869 2984 2186 3047 satiabitur.
2218 2987 2417 3055 impius
2444 2998 2495 3041 et
2522 3001 2775 3057 peccator
2800 2993 2889 3046 ubi
2917 2996 3183 3062 parebunt
3205 2995 3253 3066 (Ι
3290 2994 3438 3053 Petr.

1869 3094 1943 3139 vt,
1979 3077 2064 3140 Π,
2099 3078 2227 3131 18ιῖ
2266 3097 2283 3129 ι
2318 3079 2477 3134 Certe
2516 3080 2693 3147 iustus
2746 3094 2849 3148 est,
2876 3086 2967 3154 qui
3028 3087 3080 3140 itt
3135 3089 3221 3142 die
3249 3089 3441 3156 judicii

186 3177 258 3229 ua
312 3186 525 3243 autem,
592 3180 726 3234 ira",
759 3183 923 3236 celeri
948 3188 1282 3255 pmnimdine
1314 3193 1584 3256 mimum
1613 3192 1766 3249 Unde
1794 3202 1837 3258 ο
1875 3172 1959 3222 vix
2003 3170 2261 3223 salvator.
2316 3170 2633 3227 Salvaretur
2687 3184 2867 3229 autem
2904 3177 3082 3243 facile,
3138 3180 3181 3234 si
3216 3181 3349 3234 nihil
3386 3183 3438 3234 iu

187 3278 283 3332 pro
312 3267 497 3321 otioso
528 3273 690 3324 verbo
759 3272 1023 3329 reddituri
1048 3292 1237 3332 sumus
1273 3281 1542 3335 rationem
1584 3282 1635 3337 in
1678 3285 1769 3338 die

186 3353 400 3421 iudicii.
442 3356 511 3411 Et
535 3359 589 3412 in
640 3361 824 3415 eodem
858 3361 1149 3433 Evangelio
1181 3366 1478 3435 legiutuszt
1521 3372 1620 3435 Qui
1662 3373 1770 3427 ira-

188 3448 361 3501 scitur
395 3448 556 3503 fratri
591 3466 690 3505 suo
710 3453 826 3507 sine
854 3469 1039 3520 causa,
1071 3473 1196 3510 rcus
1234 3460 1339 3513 erit
1370 3461 1577 3530 judicio
1607 3461 1772 3531 (Mat-

188 3539 262 3591 tit.
296 3554 353 3601 ν,
384 3538 508 3609 92).
542 3558 562 3591 ι
602 3540 750 3596 Licet
782 3544 831 3597 in
885 3545 1159 3616 plerisque
1194 3549 1476 3606 codicibus
1499 3556 1765 3625 antiquis.

192 3646 211 3681 ι
246 3631 369 3685 sine
401 3646 568 3686 causa
594 3633 635 3697 ⁸,
668 3653 685 3685 ι
727 3636 969 3690 additum
1002 3654 1109 3693 non
1161 3641 1250 3705 sit,
1316 3651 1373 3695 ut
1427 3645 1640 3701 scilicet
1704 3666 1770 3705 ne

186 3734 309 3774 cum
338 3738 507 3776 causa
530 3723 748 3792 quidem
776 3726 1070 3785 debeamus
1102 3731 1286 3786 irasci.
1318 3733 1453 3799 Quis
1485 3737 1767 3797 hominum

188 3812 385 3879 poterit
420 3814 628 3877 dicere,
662 3816 804 3885 quod
844 3818 921 3871 ira
945 3818 988 3881 ⁸.
1018 3836 1138 3887 ηιιιιι
1191 3822 1626 3894 absquejustitia
1661 3841 1764 3895 est,

187 3903 241 3954 in
273 3902 675 3972 sempiternum
705 3907 833 3959 vitio
857 3909 1074 3963 careat?
1116 3911 1179 3965 Et
1211 3914 1441 3967 iterum:
1488 3934 1505 3965 ‹
1540 3915 1613 3971 Ne
1638 3917 1755 3986 glo-

187 3992 346 4047 rieris
376 3994 430 4048 'rn
488 3994 825 4060 crastinum,
887 4001 1065 4053 nescis
1110 4001 1253 4053 enim
1286 4001 1413 4069 quid
1456 4003 1747 4061 adveniens

186 4084 363 4150 pariat
393 4083 511 4137 dies
539 4082 715 4153 (Prov.
748 4100 911 4152 xxvtt,
937 4087 1010 4156 1).
1042 4107 1061 4140 ι
1096 4088 1245 4145 Unde
1296 4095 1561 4161 scriptum
1618 4105 1700 4150 est
1735 4114 1749 4154 :

192 4191 209 4223 ι
230 4170 309 4227 Ne
334 4175 556 4227 beatum
584 4175 787 4231 dixeris
810 4179 1117 4249 quempiam
1144 4193 1269 4238 ante
1297 4195 1523 4240 mortem
1552 4186 1760 4259 3(Ecclt'.

187 4280 263 4325 ιι,
291 4265 462 4333 50).ζι
494 4264 751 4331 Quandiu
784 4270 928 4323 enim
961 4272 1215 4337 vivimus,
1250 4274 1303 4327 in
1327 4279 1622 4332 certamine
1669 4296 1763 4334 su-

188 4372 329 4420 mus,
361 4366 414 4410 et
444 4358 688 4426 quandiu
715 4360 766 4412 in
799 4362 1111 4426 certamine,
1169 4364 1314 4417 nuila
1342 4374 1425 4420 est
1464 4378 1610 4423 certa
1679 4373 1759 4425 vi-

184 4449 383 4508 ctoria.
416 4464 545 4516 qua:
575 4449 737 4503 etiam
773 4455 1020 4520 aposmlo
1070 4453 1364 4511 fortissime
1396 4461 1661 4528 pra‘lianti
1707 4463 1756 4516 iu

1876 3277 1932 3313 se
1961 3263 2181 3315 haberet
2212 3263 2456 3318 maculat.
2500 3264 2641 3334 Ergo
2695 3267 2877 3336 justus
2905 3280 2988 3324 est
3043 3271 3095 3325 in
3153 3286 3240 3336 eo,
3296 3274 3440 3343 quod

1881 3351 2036 3405 ﬂoret
2072 3354 2258 3408 multis
2284 3356 2596 3422 virtutibus,
2619 3367 2673 3414 ct
2706 3361 2790 3413 vix
2819 3362 3058 3417 salvator
3082 3363 3133 3417 iu
3185 3380 3271 3431 eo,
3296 3370 3436 3436 quo]

1873 3444 1925 3497 itt
1964 3445 2284 3513 quibusdam
2314 3446 2406 3500 Dei
2438 3447 2643 3518 indiget
2683 3450 3080 3509 misericordia.

1944 3538 1994 3588 ti.
2052 3535 2485 3593 Pet'lurbationcs
2520 3542 2740 3595 humani
2790 3547 3017 3613 generis.
3068 3577 3139 3587 —
3189 3548 3439 3615 Quatuor

1872 3638 2001 3682 sunt
2026 3630 2485 3698 perturbationes,
2523 3635 2722 3703 quibus
2744 3651 2920 3704 genus
2963 3648 3194 3695 vexatur
3242 3642 3437 3697 huma-

1871 3724 2149 3788 num,dua:
2166 3725 2530 3792 prtesentis,et
2557 3726 2676 3781 duae
2697 3727 2861 3783 futuri
2886 3748 2898 3784 :
2925 3730 3044 3786 dum
3073 3734 3437 3800 bonorum,et

1871 3813 1992 3867 dua:
2013 3814 2301 3868 malorum.
2325 3814 2636 3885 ngritutlo,
2663 3834 2785 3887 qua:
2819 3818 3008 3876 Greece
3033 3823 3235 3878 dicitur
3262 3826 3433 3896 λύπη,

1867 3912 1920 3957 et
1953 3905 2398 3974 gaudium,quod
2423 3907 2499 3962 illi
2550 3910 2723 3979 χαρὰ-ι
2793 3912 2874 3966 vel
2928 3913 3122 3984 ἡδονὴν
3184 3928 3434 3971 vocant:

1867 4012 2178 4067 quanquam
2240 3999 2403 4070 ἡδονὴ
2458 4001 2700 4068 voluptas
2755 4017 2784 4056 a
2842 4004 3117 4074 plerisque
3155 4007 3372 4062 dicatur
3418 4027 3431 4063 :

1867 4088 2102 4141 alterum
2148 4089 2300 4152 mali,
2333 4090 2562 4145 alterum
2595 4094 2749 4148 boni.
2806 4093 3239 4167 Exceditnnsque
3282 4116 3436 4154 mett-

1869 4196 2077 4248 soratn,
2114 4181 2159 4235 si
2191 4182 2526 4250 gaudeamus
2550 4200 2713 4253 super
2739 4186 2845 4251 his,
2867 4203 2985 4255 qute
3010 4204 3117 4242 non
3148 4191 3433 4256 debemus,

1868 4271 2092 4335 divitiis,
2124 4276 2387 4341 potentia,
2444 4276 2743 4331 honoribus
2772 4294 2786 4343 ;
2818 4278 3168 4335 inimicorum
3202 4282 3432 4339 infelici-

1868 4372 1995 4428 tate,
2053 4366 2133 4419 vcl
2182 4368 2448 4421 tnortibus
2481 4383 2494 4421 :
2528 4379 2619 4423 aut
2668 4384 2697 4424 e
2742 4372 3020 4427 contrario
3081 4379 3428 4444 prmsentium

1864 4458 2127 4511 malorum
2179 4458 2365 4513 dolore
2422 4462 2783 4528 cruciemur,
2860 4464 3139 4529 adversis,
3201 4456 3428 4536 eisiliis,

184 4541 372 4595 futuro
396 4541 603 4595 szecnlo
644 4554 972 4598 reservatur.
1011 4545 1269 4601 Dominus
1314 4551 1755 4621 atqne‘ﬁalvator

1878 4559 2207 4618 iatipertate,
2241 4550 2401 4621 749
2452 4554 2733 4623 languore,
2793 4565 2845 4610 et
2906 4559 3173 4614 mortibus
3212 4563 3433 4631 propiu-

184 4630 287 4681 sub
315 4644 546 4696 persona
616 4633 882 4700 assumpti
960 4634 1193 4690 hominis
1258 4639 1537 4707 loquitur:
1593 4644 1758 4716 748

191 4737 213 4771 ι
264 4723 752 4789 lusip’entiss'ntus
789 4739 835 4778 et
860 4725 929 4778 im
958 4730 1194 4782 omnium
1230 4730 1504 4786 hominum
1530 4752 1668 4803 sum,
1704 4748 1761 4791 et

185 4827 294 4865 non
324 4822 408 4867 est
442 4814 680 4870 hominis
715 4819 997 4884 prulcntia
1042 4821 1093 4873 in
1137 4837 1221 4876 me
1252 4821 1439 4893 (Ecclt'.
1475 4843 1546 4890 tu,
1580 4830 1689 4899 19.)
1732 4850 1750 4884 ι

181 4900 249 4954 Et
281 4903 335 4955 in
373 4904 716 4973 sexagesimo
759 4914 947 4960 octavo
980 4910 1188 4977 psalmo
1242 4929 1255 4967 :
1300 4934 1316 4965 ι
1362 4914 1597 4983 Deus,tu
1649 4926 1756 4977 scis

190 4994 570 5064 insipientiam
596 5011 769 5050 meatu
800 4997 972 5067 (Psal.
1009 5016 1192 5069 vaut,
1217 5006 1294 5072 6);
1329 5024 1347 5057 ι
1375 5010 1466 5061 sed
1502 5028 1518 5059 ι
1552 5012 1754 5066 fatuum

194 5084 314 5150 υιὶ,
352 5087 788 5167 sapientiusest
840 5091 1148 5148 hominibus
1179 5095 1227 5165 (I
1256 5098 1377 5151 Cor.
1410 5114 1447 5161 ι.
1486 5103 1598 5169 25).
1644 5123 1660 5155 ι
1700 5109 1754 5160 In

185 5178 519 5233 Ecclesiaste
540 5166 760 5249 quoque
798 5183 1060 5253 scriptum
1094 5196 1206 5242 est:
1265 5206 1283 5239 ‹
1322 5190 1377 5243 lo
1412 5194 1755 5251 multitmliue

258 5384 273 5411 ‘
308 5382 530 5435 Addunt
570 5397 700 5437 mss.
756 5381 942 5463 Dium,
1008 5397 1098 5463 aut
1152 5388 1451 5463 Demittunt.
1512 5395 1752 5463 Quorum

183 5452 419 5505 alterum
482 5466 679 5507 nomen
713 5461 767 5507 et
810 5453 1028 5510 Grazcus
1080 5458 1255 5523 habet,
1283 5472 1335 5515 et
1377 5452 1631 5537 Vulgatus
1677 5452 1757 5523 uti

186 5532 416 5590 terpres.

257 5589 279 5663 ξ
322 5589 478 5645 Unus
504 5591 686 5663 Yatic.
706 5635 720 5656 ,
750 5591 923 5645 Etiam
964 5597 1261 5663 prudentes.

260 5660 470 5741 'ﬂAdeo
501 5662 555 5741 in
588 5660 1007 5741 gomtnentariis
1045 5669 1094 5720 iu
1140 5670 1467 5741 Matttimum,
1498 5687 1550 5732 et
1578 5679 1669 5734 lib.
1699 5697 1755 5734 nt

190 5730 241 5805 in
281 5728 459 5805 Epist.
488 5733 555 5805 ad
588 5733 847 5805 Ephesios
871 5750 1091 5805 (comma
1156 5740 1285 5795 illttd
1349 5728 1466 5799 sine
1504 5728 1679 5803 ’δείιὶξη
1726 5770 1754 5805 c

189 5796 291 5853 Lat
320 5796 405 5855 nis
435 5796 713 5858 codicibus
756 5804 1079 5861 eradcndum
1135 5796 1454 5869 contendit:
1478 5796 1640 5875 viis"
1666 5796 1750 5875 iuv-

1862 4656 2117 4709 quorum,
2156 4646 2297 4710 quod
2333 4645 2626 4711 Apostolus
2661 4647 2773 4701 fieri
2799 4650 3050 4717 prohibet
3084 4667 3100 4716 ;
3129 4661 3183 4706 et
3207 4668 3425 4731 rursum

1865 4733 1909 4784 si
1944 4734 2232 4799 cupiamus
2254 4750 2314 4787 ca
2349 4752 2467 4803 qua:
2496 4739 2827 4794 arbitramur
2850 4740 3015 4807 bona,
3054 4743 3425 4812 hereditates,

1866 4823 2127 4886 honores,
2157 4827 2543 4895 prosperitates
2561 4832 2800 4884 omnium
2843 4847 3044 4896 rerum,
3069 4845 3426 4906 etcorporum

1864 4916 2174 4983 sanitatem,
2234 4928 2286 4971 ct
2348 4929 2545 4975 cmtera
2599 4938 2830 4987 quorum
2887 4928 3176 4992 praesentia
3226 4932 3426 5000 gaudio

1866 5008 2141 5061 fruimur:
2176 5020 2225 5063 et
2253 5019 2555 5064 metuamus
2581 5012 2690 5076 illa,
2725 5029 2845 5083 quae
2869 5027 3122 5083 putamus
3148 5015 3371 5075 adversa
3408 5041 3422 5087 ;

1866 5100 2065 5164 quibus
2095 5100 2159 5151 ad
2194 5099 2493 5167 perfectum
2519 5116 2705 5156 carere
2726 5104 2871 5170 juxta
2898 5104 3128 5173 Stoicos,
3150 5107 3421 5165 Zenonem

1864 5189 2116 5244 videlicet
2175 5200 2231 5243 et
2287 5190 2699 5262 Chrysippum,
2757 5197 3013 5265 possibile
3069 5207 3151 5254 est
3204 5218 3218 5255 :
3270 5203 3423 5272 juxta

1867 5398 2018 5450 terim
2055 5411 2173 5464 quae
2208 5395 2259 5447 in
2304 5395 2464 5466 epist.
2523 5396 2608 5462 l3,
2664 5399 2728 5453 ad
2786 5399 3146 5467 Castorinam,
3198 5405 3426 5461 adnota-

1862 5483 2056 5520 VllllllS.
3133 5500 3137 5504 '

1934 5536 1953 5566 ⁸
1983 5536 2159 5592 Malim
2192 5542 2287 5595 ira:
2318 5584 2331 5607 ,
2360 5539 2567 5595 scilicet
2606 5541 2763 5613 vitio;
2785 5556 2910 5613 quo
2950 5541 3070 5610 quis
3121 5542 3175 5596 in
3224 5548 3423 5613 sempi-

1864 5616 2075 5681 toruum
2110 5625 2296 5665 carere
2363 5628 2422 5666 se
2454 5612 2624 5676 possit
2650 5612 2852 5681 dicere.
2888 5610 3162 5681 Autjttxta
3188 5610 3419 5671 alterum

1868 5676 2039 5730 Vatic.
2072 5695 2172 5734 tus.
2203 5696 2384 5734 vocent
2413 5682 2531 5733 vitio
2560 5680 2898 5734 excluserim.

1934 5748 1954 5778 ⁵
1992 5746 2163 5802 Vatic.
2209 5751 2345 5804 liber
2375 5754 2509 5819 quod
2546 5766 2728 5819 operor
2749 5766 2902 5814 super
2936 5753 3239 5809 utc.Gr:cCe
3264 5757 3424 5811 021:5

1871 5837 1906 5871 π
1947 5818 2077 5888 ἔπνει
2098 5820 2153 5873 τ’)
2180 5823 2550 5890 πεποιημένον
2576 5821 2678 5873 ὑπὸ
2704 5821 2792 5875 τὴν
2818 5821 2993 5888 ἥλων.
