4198 6522
192 418 288 482 535

979 427 1366 492 DIALOGUS
1406 429 1704 491 CONTRA
1735 427 2226 496 PELAGIANOS.
2276 456 2341 465 -κ
2372 430 2519 492 LIB.
2570 432 2651 494 ll.

3323 435 3431 502 586

189 530 553 602 contrivitque
586 540 892 606 serpentem
925 551 1160 600 :eneum.
1185 555 1345 607 quem
1380 539 1581 595 fecerat
1608 539 1755 611 Moy-
1787 545 1828 602 Α
1860 557 1964 610 que
1996 553 2050 595 et
2079 542 2312 611 argenti,
2374 555 2426 598 ct
2452 560 2704 600 vasorum
2749 545 3138 615 supellectilem
3167 566 3182 605 :
3260 568 3278 602 ι
3306 550 3424 608 Non

186 640 265 679 ses
292 622 313 696 (
341 624 423 679 η’
452 625 582 698 Reg.
617 645 787 693 xvttt,
813 629 868 696 3,
901 631 933 686 AI
959 632 998 698 l.
1044 650 1062 682 ι
1093 633 1159 685 Et
1188 632 1404 699 iterum,
1439 655 1456 685 ‹
1491 636 1547 689 1η
1579 636 1756 687 Domi-

187 734 249 772 no
290 718 404 773 Deo
425 720 594 775 Israel
620 724 857 777 conlisus
885 738 983 785 ρει,
1008 736 1061 778 et
1121 734 1244 794 post
1271 727 1445 796 ipsum
1478 744 1582 781 non
1657 728 1757 782 fuit

186 812 376 867 similis
398 816 447 867 ei
476 817 531 869 in
563 817 775 870 cunctis
813 820 1030 887 regibus
1062 816 1221 882 Iuda,
1266 820 1359 888 qui
1391 822 1606 874 fuerunt
1629 830 1753 876 ante

183 918 319 959 eum.
350 904 603 961 Adhaesit
660 906 911 972 Domino,
967 918 1022 962 et
1086 925 1193 963 non
1241 912 1461 965 rechsit
1494 912 1562 965 ab
1587 925 1675 977 eo,
1705 920 1758 966 et

182 995 477 1049 custodivit
506 998 756 1050 mandata
815 998 953 1067 ejus,
1013 1014 1133 1067 qua:
1185 1001 1441 1070 prmcepit
1496 1001 1756 1059 Dominus

184 1087 370 1160 Moysi,
404 1099 461 1142 et
494 1099 613 1144 erat
653 1091 912 1144 Dominus
938 1107 1060 1146 cum
1106 1109 1190 1158 eo,
1234 1094 1366 1149 etin
1394 1095 1668 1159 omnibus,
1702 1095 1757 1149 in

185 1184 381 1248 quibus
429 1183 740 1246 incedebat,
778 1184 1054 1254 sapienter
1083 1186 1276 1256 agebat
1332 1185 1496 1256 (Ibid.
1529 1188 1583 1251 5,
1616 1187 1692 1255 6).
1733 1206 1753 1238 ι

184 1274 427 1344 Cumque
468 1290 568 1330 rex
597 1275 948 1346 Assyriorum
970 1276 1348 1333 Senuachcrih
1379 1281 1613 1348 cepisset
1638 1280 1761 1333 uni-

184 1381 361 1421 versas
391 1368 562 1423 urbes
598 1367 755 1424 Iuda?
800 1408 817 1433 ,
846 1370 992 1424 misit
1025 1372 1091 1425 ad
1124 1384 1247 1424 eum
1282 1371 1540 1427 Ezechias
1576 1374 1627 1426 in
1657 1372 1762 1426 La-

186 1459 293 1512 chis
315 1459 515 1513 dicens
545 1475 560 1510 :
608 1477 627 1511 ι
676 1459 923 1522 Peccavi,
985 1462 1179 1516 recede
1204 1479 1232 1515 ει
1260 1478 1367 1525 me,
1394 1462 1760 1532 quodcunque

184 1548 433 1615 iusseris,
454 1549 624 1604 dabo.
651 1548 1019 1617 Imposuitque
1035 1566 1128 1605 rex
1151 1553 1495 1623 Assyriorum
1518 1552 1763 1609 Ezechia:

190 1650 428 1693 trecenta
467 1642 777 1709 argenti,et
805 1642 1024 1711 triginta
1091 1644 1289 1697 talenta
1343 1644 1460 1696 auri
1496 1661 1509 1695 :
1541 1645 1766 1701 ctdedit

191 1731 682 1787 Ezechiasomnem
709 1736 1015 1803 pecuniam.
1067 1752 1187 1805 qum
1220 1742 1441 1790 inventa
1479 1747 1560 1792 est
1589 1739 1641 1791 in
1672 1740 1765 1790 do-

190 1840 270 1879 mo
303 1824 529 1879 Domini
594 1833 651 1879 et
711 1826 764 1879 in
805 1826 1073 1881 thesauris
1107 1828 1301 1881 domus
1342 1830 1504 1899 regis.
1546 1830 1604 1882 ln
1635 1840 1769 1883 tem-

1862 634 1978 695 fuit.
2007 635 2202 703 inquit,
2236 651 2342 698 res,
2379 652 2538 703 quam
2587 655 2690 691 non
2719 640 3032 695 ostenderet
3059 641 3138 695 eis
3173 642 3431 697 Ezechias

1861 729 1911 779 in
1945 726 2104 780 domo
2131 726 2387 792 Domini’,
2421 740 2476 784 et
2502 731 2553 783 in
2617 734 2763 787 omni
2830 743 3101 804 potestate
3137 750 3233 789 sua
3269 734 3385 803 (Ira
3410 777 3425 790 .

1861 833 2051 880 mm.
2073 818 2106 871 2
2143 818 2180 888 ).
2212 838 2231 870 ι
2268 820 2339 873 Ex
2374 836 2480 889 quo
2509 823 2856 892 intelligimus
2902 828 3063 881 etiam
3096 842 3221 881 vasa
3248 830 3429 898 templi

1861 908 2151 980 Babylonis
2199 921 2496 967 monstrata
2559 915 2767 982 legatis.
2807 916 2963 971 Unde
3017 930 3070 972 et
3106 920 3183 973 ira
3218 919 3429 973 DOmitti

1861 1004 2190 1065 concitatur.
2216 1013 2270 1059 et
2294 1014 2481 1073 postea
2502 1004 2652 1061 Isaiae
2681 1009 3069 1065 vaticinatione
3103 1014 3382 1081 cognoscit
3418 1030 3432 1065 :

1891 1111 1909 1144 ι
1937 1094 2012 1148 De
2034 1095 2157 1150 liliis
2201 1098 2309 1152 tuis
2343 1099 2580 1152 eunuchi
2606 1110 2787 1162 erunt.
2818 1111 2874 1156 et
2919 1103 3102 1157 omnia
3128 1119 3259 1158 vasa
3296 1114 3435 1159 tem-

1872 1186 1943 1257 pli
1980 1189 2380 1247 transferentur
2412 1190 2742 1261 Babylonem
2778 1192 2940 1264 (Ibid.
2977 1193 3053 1260 6).
3090 1211 3110 1243 ι
3166 1193 3250 1249 0b
3281 1208 3439 1263 quant

1869 1296 2091 1337 causam
2111 1283 2131 1312 ⁵
2152 1286 2315 1336 etiam
2351 1285 2404 1338 in
2438 1285 2578 1339 libro
2606 1285 2820 1339 Dierum
2843 1286 3107 1353 scriptum
3140 1294 3226 1340 est
3256 1302 3272 1341 :
3313 1286 3445 1343 «Ce-

1871 1376 2008 1428 cidit
2038 1374 2304 1429 Ezechias
2334 1378 2569 1432 elatione
2591 1379 2773 1433 cordis
2803 1380 2887 1433 sui
2918 1378 3002 1450 (II
3042 1378 3237 1436 Paral.
3273 1398 3445 1442 usit.

1870 1466 1983 1524 26).
2018 1485 2036 1517 ι
2082 1465 2243 1520 Certe
2277 1469 2565 1525 Ezecltiam
2609 1472 2809 1537 iustum
2850 1486 3033 1533 nemo,
3075 1473 3182 1529 nisi
3226 1473 3445 1543 impiuq

1869 1556 2173 1625 denegabit.
2202 1556 2387 1621 Dicas,
2419 1557 2659 1626 peccavit
2685 1562 2735 1616 in
2760 1558 3113 1626 quihusdam,-
3139 1569 3193 1613 et
3227 1559 3441 1613 idcirco

1867 1650 2050 1717 justus
2077 1664 2196 1704 esse
2223 1650 2386 1704 desiit
2416 1667 2429 1702 :
2455 1650 2549 1704 sed
2585 1652 2687 1703 hoc
2723 1652 3004 1721 Scriptura
3036 1668 3143 1706 non
3177 1653 3440 1722 loquitur.

1869 1738 1988 1792 Non
2024 1740 2166 1795 enim
2192 1756 2252 1793 ex
2280 1755 2346 1794 eo
2396 1742 2539 1810 quod
2602 1756 2765 1810 parva
2800 1743 3062 1810 μευειιγίι,
3103 1745 3323 1809 iustitia:
3348 1757 3444 1797 no-

1877 1846 1998 1885 men
2024 1832 2228 1895 amisit,
2261 1834 2353 1886 sed
2376 1848 2438 1887 ex
2464 1847 2528 1887 eo
2562 1835 2704 1902 quod
2744 1836 2907 1887 multa
2942 1835 3105 1905 770
3129 1837 3267 1889 liena
3294 1834 3440 1900 fecit,

192 1933 312 1985 pore
346 1917 441 1971 illo
473 1912 719 1972 concidit
746 1919 928 1974 valvas
983 1919 1172 1987 templi
1215 1919 1448 1983 Domini,
1472 1929 1525 1973 et
1551 1920 1770 1990 clypeos

1886 1925 2011 1993 iusti
2045 1926 2370 1981 vocabulum
2400 1928 2663 1996 possidet.
2699 1928 2809 1981 Iloc
2841 1936 3011 1982 totum
3042 1930 3184 1988 dico.
3216 1938 3273 1981 ut
3296 1929 3445 1982 Scri-

190 2027 318 2079 quos
352 2016 736 2075 deaurarerat,
770 2022 823 2066 et
854 2012 1037 2066 omnia
1071 2012 1219 2067 dedit
1272 2015 1383 2080 regi
1412 2014 1767 2083 Assyriorum

194 2104 342 2172 (Ibid.
370 2104 440 2156 Η
464 2106 503 2171 ).
544 2121 562 2153 ι
602 2103 847 2171 Cumque
877 2101 943 2157 de
965 2117 1029 2157 eo
1076 2111 1227 2158 tanta
1266 2104 1539 2171 dicantur,
1574 2120 1678 2159 non
1707 2107 1771 2160 ti-

195 2199 323 2249 tnuit
353 2196 684 2250 necessitate
718 2205 968 2264 cogente,
996 2211 1117 2265 quae
1144 2195 1377 2251 Domino
1403 2208 1771 2261 consecrarat,

193 2289 297 2358 regi
340 2288 541 2342 oﬁ’crre
577 2288 1147 2359 Assyrio,diciturque
1176 2287 1244 2342 ad
1274 2302 1400 2343 eum
1430 2304 1444 2342 :
1489 2307 1507 2341 ι
1541 2286 1654 2359 Ego
1677 2304 1772 2343 cuo

196 2384 426 2438 stodiam
453 2384 730 2438 civitatem
754 2383 894 2438 hanc
922 2396 1141 2453 propter
1170 2398 1276 2447 me,
1295 2394 1347 2437 et
1364 2392 1583 2453 propter
1607 2381 1773 2437 David

197 2492 415 2531 servum
453 2491 635 2529 meum
670 2474 769 2542 (IV
801 2470 928 2546 Reg.
959 2491 1050 2537 ιι.
1074 2476 1171 2544 5);
1204 2495 1231 2530 ο
1260 2492 1372 2531 non
1406 2457 1645 2546 propter
1699 2486 1773 2541 te,

199 2571 321 2639 quia
353 2570 644 2635 superiora
694 2568 903 2628 fecisti,
954 2571 1179 2636 quando
1216 2579 1445 2622 mutum
1504 2566 1780 2633 octoginta

200 2664 442 2731 quinque
486 2661 652 2713 millia
701 2660 975 2715 exercitus
1031 2660 1402 2729 Assyriorum,
1450 2657 1641 2728 angelo
1669 2672 1779 2711 cae-

202 2754 383 2817 dente,
412 2762 681 2821 prostrata
708 2760 856 2807 sunt.

268 2845 439 2917 769
458 2845 551 2899 22.
584 2843 818 2897 Eur-hia:
850 2852 899 2897 et
919 2843 1076 2898 latice
1105 2856 1289 2914 regam
1315 2840 1781 2912 exemiila.-Illud

200 2955 420 3009 quoque
477 2938 789 3009 diligentius
820 2938 1232 3001 attendendum,
1297 2939 1437 3006 quod
1499 2940 1785 3007 Scriptura

200 3039 643 3084 commemorat:
671 3046 690 3079 ι
722 3027 1028 3099 £grotavit
1052 3026 1322 3085 Ezechias
1354 3044 1525 3100 usque
1550 3029 1616 3084 ad
1645 3045 1786 3083 mor-

202 3133 331 3187 tem,
376 3124 637 3191 venitque
664 3122 873 3176 adeum
905 3121 1076 3176 Isaias
1113 3121 1259 3176 ﬁlius
1283 3122 1474 3186 Amos,
1550 3121 1741 3176 dicens
1770 3137 1783 3174 :

199 3212 447 3283 Praecipe
482 3212 666 3267 domui
694 3222 817 3275 tua,
845 3212 973 3282 quia
1006 3212 1256 3268 morieris
1284 3222 1363 3267 tu.
1393 3211 1493 3276 Qui
1517 3212 1787 3265 convertit

199 3306 426 3363 faciem‘
451 3319 609 3360 suam
637 3305 701 3358 ad
754 3306 1036 3374 parietem,
1077 3311 1131 3358 et
1154 3303 1332 3358 oravit
1385 3302 1451 3357 ad
1491 3302 1776 3356 Dominum

196 3399 393 3453 dicens
423 3416 438 3451 :
471 3395 733 3461 Obsecro,
774 3395 1018 3461 Domine,
1055 3404 1331 3450 memento
1357 3394 1629 3464 quomodo
1658 3408 1775 3447 am-

198 3488 512 3544 bulaverim
540 3488 595 3540 in
620 3496 914 3556 conspectu
942 3496 1054 3551 tuo,
1081 3485 1134 3538 in
1155 3484 1383 3539 veritate
1402 3493 1456 3538 et
1480 3483 1644 3537 corde
1662 3497 1783 3553 per-

198 3580 370 3647 freto,
439 3591 499 3635 et
523 3581 720 3633 bonum
750 3579 803 3633 in
859 3579 1035 3632 oculis
1063 3579 1177 3632 tuis
1235 3576 1475 3631 fecerim.
1506 3575 1787 3643 Flevitque

197 3675 469 3729 Ezechias
500 3672 626 3727 ﬁetu
663 3687 857 3741 magno
887 3669 991 3737 (IV
1024 3669 1300 3741 Reg.xx,I
1338 3668 1525 3739 seqq).
1567 3687 1584 3720 ι
1622 3668 1783 3723 Certo

191 3769 383 3839 justus
408 3775 533 3821 erat
565 3765 827 3819 Ezechias
865 3774 919 3818 et
953 3763 1116 3818 corde
1173 3760 1434 3831 perfecto.
1464 3761 1643 3814 lturus
1669 3770 1785 3814 erat

195 3866 264 3914 ad
291 3860 614 3923 Dominum,
641 3860 858 3926 plorare
888 3872 993 3910 non
1030 3855 1238 3909 debuit.
1272 3852 1488 3919 Quaeris
1520 3852 1784 3906 rationem

196 3950 482 4006 ﬂetuum?
527 3950 583 4003 Si
637 3947 956 4018 cogitaveris
992 3947 1302 4008 hominem,
1336 3959 1442 3996 non
1497 3941 1787 3995 miraberis

194 4060 399 4099 causas
418 4046 439 4075 '
469 4041 703 4097 doloris.
736 4038 927 4093 Nullus
951 4039 1091 4091 enim
1120 4034 1422 4104 intrepidus
1450 4033 1596 4086 vadit
1620 4034 1683 4085 ad
1703 4034 1791 4099 ju-

187 4112 405 4193 dicium
437 4136 677 4198 Domini,
713 4134 926 4188 habens
974 4131 1357 4186 conscientiam
1425 4136 1785 4197 peccatorum.

189 4231 449 4299 Cumque
484 4227 748 4289 ﬂevisset,
783 4224 961 4278 factus
992 4233 1075 4277 est
1127 4235 1308 4276 sermo
1342 4216 1554 4272 Domini
1584 4218 1647 4271 ad
1675 4217 1792 4271 Isa-

187 4324 299 4377 iam
338 4321 691 4390 prophetam.
713 4318 901 4369 dicens
930 4332 944 4371 :
976 4331 994 4364 ι
1029 4312 1339 4373 Revertere,
1363 4310 1516 4365 etdic
1550 4309 1794 4363 Ezechiae

184 4415 318 4469 duci
358 4429 481 4466 meo
515 4410 708 4480 (Ibid.
742 4409 819 4477 5).
863 4427 881 4459 ι
920 4408 1032 4461 Dux
1061 4407 1151 4460 Del
1185 4404 1508 4475 appellatur,
1530 4402 1615 4456 cui
1644 4416 1792 4455 mors

183 4505 374 4559 fuerat
422 4506 700 4563 nuntiata,
755 4503 883 4569 quia
938 4500 1242 4553 humilitate
1298 4505 1607 4566 prostratus
1657 4504 1786 4549 est:

1875 2028 2154 2085 pturarum
2183 2026 2493 2072 sanctarum
2527 2020 2854 2074 testimoniis
2898 2021 3303 2091 comprobetttr,
3337 2034 3447 2075 non

1874 2124 1938 2161 ex
2003 2122 2068 2162 eo
2121 2117 2433 2177 peccatores
2498 2125 2617 2164 esse
2664 2110 2886 2181 jnstos,
2945 2113 3086 2181 quod
3154 2112 3450 2182 aliquando

1879 2208 2281 2269 peccaverunt;
2341 2201 2433 2254 sed
2464 2215 2529 2254 ex
2586 2201 2851 2270 eojustos
2903 2217 3239 2271 permanere.
3299 2204 3450 2272 quod

1880 2293 2066 2350 multis
2094 2292 2385 2348 virtutibus
2418 2293 2666 2348 floreant.
2707 2294 2778 2349 De
2827 2293 2971 2349 Josia
3009 2297 3273 2365 scriptum
3308 2307 3391 2350 est
3430 2313 3448 2352 :

1884 2402 1901 2436 ι
1934 2383 2083 2439 Fecit
2108 2393 2317 2440 rectum
2351 2385 2405 2438 in
2427 2396 2721 2455 conspectu
2754 2386 3453 2454 Domini,etambulavitin

1877 2478 1964 2531 via
1994 2478 2158 2531 David
2184 2478 2356 2547 patris
2380 2479 2486 2533 sui.
2518 2479 2634 2533 Non
2664 2481 2887 2535 recessit
2905 2496 3078 2550 neque
3100 2483 3164 2535 ad
3183 2481 3452 2545 dextram,

1884 2583 2059 2638 neque
2089 2571 2153 2622 ad
2184 2569 2463 2625 sinistram
2507 2570 2594 2640 (II
2621 2571 2808 2626 Paral.
2834 2588 3018 2636 xxxw,
3050 2573 3162 2643 2).»
3198 2582 3250 2627 et
3272 2584 3453 2627 tamen

1884 2675 2006 2715 cum
2034 2670 2181 2716 esset
2208 2662 2417 2731 justus,
2446 2672 2688 2732 tempore
2711 2666 3052 2719 necessitatis
3079 2674 3133 2718 et
3163 2668 3449 2734 angustia.

1884 2753 2049 2807 mittit
2074 2753 2139 2807 ad
2170 2752 2363 2808 Oldam
2395 2754 2797 2823 prophetissam
2850 2770 3073 2809 uxorem
3098 2753 3325 2818 Selium,
3360 2756 3450 2809 lilii

1883 2840 2080 2899 Tecum
2108 2883 2123 2908 ,
2179 2844 2271 2897 lilii
2304 2845 2477 2898 Aaras
2534 2844 2775 2899 custodis
2829 2845 3087 2899 vestium.
3127 2862 3148 2896 ι
3219 2844 3283 2898 Et
3315 2843 3457 2909 hzec,

1885 2937 2083 3005 inquit,
2115 2936 2396 2989 habitabat
2415 2934 2717 2989 Jerusalem
2746 2935 2798 2988 in
2835 2935 3072 2988 secunda
3104 2934 3269 3004 (Ibid.
3299 2935 3450 3004 22);.

1887 3024 2033 3078 haud
2056 3025 2274 3081 dubium
2308 3025 2435 3093 quin
2462 3026 2613 3080 urbis
2649 3036 2855 3094 partem
2888 3023 3179 3093 signiﬁcet,
3215 3042 3334 3095 qua:
3367 3027 3456 3079 in-

1890 3118 2072 3172 teriori
2121 3133 2279 3171 muro
2310 3118 2650 3176 vallabatur:
2686 3138 2703 3169 ‹
2743 3120 2800 3171 Et
2836 3119 2925 3172 illa
2960 3120 3238 3186 respondit
3270 3136 3285 3173 :
3332 3119 3458 3173 Ila‘c

1892 3205 2023 3259 dicit
2076 3204 2336 3260 Dominus
2394 3207 2534 3261 Deus
2559 3206 2742 3273 Israel,
2802 3206 2875 3260 ite
2922 3218 2975 3261 et
3005 3209 3169 3262 dicite
3220 3208 3457 3276 viqutti

1890 3300 2039 3355 misit
2063 3313 2156 3354 vos
2179 3298 2245 3352 ad
2271 3314 2354 3353 me
2378 3298 2548 3370 (Ibid.
2578 3299 2689 3368 23).
2708 3318 2724 3349 i
2760 3297 2817 3353 In
2846 3315 2954 3369 quo
2990 3302 3202 3355 occulta
3231 3312 3286 3355 et
3318 3302 3463 3373 regis

1886 3401 1940 3448 et
1962 3391 2304 3447 sacerdotum
2327 3400 2380 3444 et
2413 3393 2656 3445 omnium
2695 3392 2932 3446 virorum
2970 3393 3321 3461 reprehensio
3350 3406 3460 3456 est,

1886 3483 2032 3556 quod
2066 3486 2249 3538 nullus
2280 3486 2519 3538 virorum
2552 3494 2776 3538 sanctus
2833 3487 3068 3554 potuerit
3090 3485 3335 3553 reperiri,
3366 3486 3461 3555 qui

1888 3583 2073 3647 posset
2105 3574 2278 3627 futura
2304 3573 2617 3641 prtedicere.
2662 3573 2903 3642 Denique
2934 3573 3258 3628 interﬁcitur
3282 3573 3463 3629 Josias

1890 3683 1918 3721 a
1943 3667 2225 3721 Pharaone
2263 3681 2384 3734 rege
2407 3663 2623 3737 IEgypIi
2652 3704 2668 3728 ,
2708 3680 2772 3719 eo
2810 3664 2954 3735 quod
3002 3665 3237 3719 noluerit
3271 3665 3463 3720 audire

1888 3762 2053 3815 verba
2088 3759 2322 3826 Domini,
2354 3776 2417 3812 cx
2452 3774 2546 3812 ore
2564 3756 2812 3811 Jercmize
2857 3757 3157 3826 prephctaa.
3192 3757 3304 3811 sive
3332 3758 3463 3811 utin

1888 3852 2316 3921 Pat'alzpomenis
2360 3849 2456 3917 (al.
2492 3849 2941 3916 Paralipomenon
2996 3846 3158 3916 libro)
3199 3852 3466 3916 scriptum

1889 3953 1975 3997 est
2004 3961 2017 3997 :
2058 3962 2075 3993 σ
2111 3941 2291 3994 Noluit
2314 3939 2493 3995 Josias
2525 3941 2747 4004 reverti,
2778 3939 2869 3993 sed
2896 3939 3104 4007 paravit
3131 3948 3316 3992 contra
3339 3954 3465 3992 eum

1893 4032 2112 4094 bellum,
2143 4046 2240 4083 nec
2265 4030 2533 4099 acquievit
2560 4030 2900 4082 sermonibus
2921 4030 3136 4084 Nechao
3156 4044 3221 4083 ex
3252 4044 3347 4083 ore
3375 4031 3467 4083 Dei

1895 4123 1955 4192 (ll
1988 4121 2171 4175 Pural.
2206 4137 2366 4184 xxxv,
2404 4120 2517 4190 22).
2555 4138 2575 4171 ι
2618 4119 2685 4173 Et
2743 4120 2973 4174 infertur
3002 4136 3017 4174 ξ
3048 4137 3067 4170 t
3114 4119 3470 4187 Mortuusque

1894 4222 2052 4268 estet
2082 4212 2323 4280 sepultus
2355 4214 2408 4263 in
2441 4212 2715 4265 mausoleo
2746 4222 2956 4278 patrum
2986 4227 3232 4275 suorum,
3262 4222 3317 4265 et
3348 4213 3471 4263 uui-

1896 4302 2235 4358 tersusJuda
2267 4312 2320 4355 et
2343 4299 2641 4356 Jerusalem
2664 4304 2683 4335 ⁸
2713 4302 2963 4356 luxerunt
2993 4318 3141 4367 eum,
3172 4303 3472 4372 prtecipue-

1896 4413 2001 4466 que
2030 4396 2315 4461 Jeremias,
2350 4394 2507 4463 cujus
2537 4410 2725 4447 omnes
2752 4403 3060 4448 cantatores
3085 4404 3252 4462 atque
3284 4407 3473 4448 canta-

1902 4489 2066 4542 trices
2103 4501 2275 4557 usque
2297 4489 2351 4539 in
2385 4493 2706 4555 praesentem
2736 4486 2901 4548 diem,
2932 4484 3351 4537 lamentationes
3379 4499 3473 4538 su-

188 4618 209 4649 ,
250 4597 411 4657 μετ’
440 4594 641 4661 inquit.
673 4591 1079 4647 ἀίεῑιυοηιίηυε
1103 4588 1254 4643 Deus
1281 4587 1444 4641 David
1480 4585 1740 4655 patristui
1772 4604 1784 4640 ε
1819 4598 1865 4654 ι)
1899 4592 1994 4646 per
2021 4576 2225 4630 Josiam
2262 4576 2536 4642 replicant,
2565 4584 2617 4627 et
2639 4575 2795 4643 quasi
2832 4572 2914 4627 lex
2937 4572 3173 4627 obtinuit
3198 4572 3470 4628 inIsrael:

180 4691 712 4743 Audiviorationem
771 4694 945 4750 tuam,
976 4693 1030 4737 et
1082 4682 1190 4736 vidi
1246 4682 1508 4751 lacrymas
1572 4690 1719 4731 tuas.

183 4783 362 4852 (Ibid.
385 4781 716 4845 SirAdditur
741 4779 789 4831 ei
826 4786 1035 4843 tempus
1066 4773 1205 4835 vitae,
1234 4782 1287 4825 et
1336 4770 1403 4824 de
1432 4770 1779 4839 Assyriorum

180 4878 459 4929 manibus
481 4872 789 4934 liberatur;
823 4877 881 4920 et
924 4874 1103 4919 tamen
1152 4864 1365 4930 signum
1423 4859 1676 4929 postulat,
1726 4867 1783 4910 ut

178 4972 387 5023 credat
424 4978 615 5019 verum
642 4975 787 5024 esse,
810 4958 956 5028 quod
987 4955 1129 5011 Deus
1186 4952 1583 5023 repromiserit,
1635 4950 1780 5019 quod

180 5065 391 5115 Saltem
433 5071 618 5127 parvae
649 5050 918 5107 ﬁdelitatis
950 5048 1205 5104 indicium
1235 5056 1338 5102 est.
1367 5044 1514 5099 Misit
1563 5056 1783 5113 quoque

180 5170 280 5206 rex
312 5148 624 5219 Babylonis
660 5145 880 5199 nuntios
901 5151 956 5195 et
998 5143 1226 5212 legatos,
1255 5139 1347 5209 qui
1380 5136 1429 5190 ei
1492 5139 1781 5203 congratuo

178 5245 451 5297 larentur
515 5240 587 5292 ob
623 5237 929 5291 restitutam
999 5232 1249 5300 corporis
1306 5228 1596 5284 sanitatem
1645 5227 1782 5294 :qui

178 5333 452 5389 ostendit
485 5332 570 5385 eis
597 5343 784 5382 omnes
815 5327 1101 5382 thesauros
1131 5330 1457 5380 aromatum.
1516 5320 1785 5387 auriquo—

255 5472 273 5502 ¹
307 5470 440 5523 Duo
472 5466 721 5519 Vaticani
770 5478 900 5516 mss.
932 5504 945 5525 ,
977 5462 1079 5527 Qui
1116 5459 1301 5512 arertit
1358 5456 1570 5525 faciem,
1601 5464 1707 5507 etc.

255 5546 280 5576 ’
305 5543 476 5596 Alter
515 5536 687 5589 Vatic.
710 5576 723 5593 .
750 5550 851 5586 non
874 5533 1190 5584 desiderabis
1225 5544 1439 5587 causas,
1466 5537 1573 5579 etc.

251 5615 276 5645 ³
306 5593 601 5662 ἶίςιοτὶιις
630 5610 682 5657 iu
711 5606 864 5657 domo
930 5618 1050 5660 sua.
1078 5617 1141 5653 ex
1208 5599 1477 5672 Brixiauis
1507 5593 1694 5672 codd.
1732 5600 1785 5645 et

181 5681 399 5737 Graec»
426 5678 578 5731 Isaia-
599 5688 745 5729 textu
765 5678 821 5725 ἐν
850 5672 927 5742 τῷ
946 5673 1080 5742 (οἴκῳ
1108 5668 1299 5732 αὑτοῦ,
1325 5666 1585 5742 Hebraice
1616 5666 1783 5717 etiam

173 5763 389 5811 viz-.1,
437 5766 490 5799 m
524 5748 680 5797 domo
740 5761 860 5805 sua,
892 5738 945 5794 at
1003 5738 1405 5814 Hieronymiani
1462 5750 1605 5814 mss.
1645 5748 1786 5814 quos

179 5801 597 5873 ξυιιῖἷιῖιίωιιιυε
622 5832 744 5868 cum
770 5801 1041 5883 plerisque
1067 5801 1325 5866 omnibus
1357 5806 1641 5878 impressis
1674 5801 1784 5854 Do-

177 5909 323 5945 num
358 5887 688 5959 praclarum.

542 5981 810 6039 ΡΑτῐιοι.
850 5976 1071 6037 ΧΧΙΙῙ.

1894 4670 2030 4723 ιιίςρρ
2055 4668 2318 4737 scriptum
2369 4666 2611 4720 ferturin
2650 4664 3138 4720 lamentationibus
3172 4664 3417 4732 (Ibidib
3453 4705 3469 4724 .

1884 4762 2083 4831 25).»

1955 4855 2043 4908 ‘23.
2070 4852 2326 4919 Exempla
2361 4852 2470 4905 alia
2508 4861 2814 4905 sanctorum
2844 4850 2899 4902 in
2921 4848 3309 4917 Scripturis.—
3332 4849 3474 4903 Puto
3498 4912 3499 4915 η

1889 4946 2036 5017 quod
2059 4945 2404 5001 sermonibus
2434 4943 2525 4997 Dei
2554 4959 2648 5012 per
2671 4942 3096 5012 quemlibetnon
3131 4941 3474 5010 acquievissc

1887 5027 2161 5107 peccatum
2210 5036 2303 5091 sit.
2359 5036 2431 5089 De
2485 5034 2605 5105 ipso
2658 5031 2926 5087 Ieremias
2976 5032 3240 5101 loquitur,
3295 5046 3475 5101 quan-

1887 5143 2048 5198 quam
2079 5129 2179 5181 hoc
2208 5126 2448 5195 plerique
2481 5128 2781 5178 secundum
2815 5139 3093 5195 anagogen
3163 5122 3476 5190 intelligant

1885 5224 1955 5275 de
2004 5220 2235 5273 Domino
2298 5218 2621 5272 Salvatorc:
2687 5234 2705 5267 ι
2746 5215 2986 5284 Spiritus
3035 5214 3196 5269 faciei
3258 5226 3465 5268 nostra:

1887 5310 2138 5365 Christus
2172 5308 2431 5362 Dominus
2460 5315 2652 5375 captus
2707 5315 2790 5360 est
2823 5321 2918 5375 pro
2969 5306 3209 5374 prccalis
3247 5303 3476 5359 nostris.

1960 5445 1980 5472 "
2016 5443 2287 5499 Mssmum
2321 5443 2488 5497 veteri
2525 5442 2656 5498 edit.
2684 5484 2699 5507 ,
2733 5442 2794 5495 ob
2825 5459 2982 5511 quam
3034 5443 3263 5509 culpant.

1961 5514 2213 5568 'Nonten
2275 5514 2445 5567 Israel
2506 5529 2789 5582 perperam
2837 5509 2940 5564 hic
2983 5513 3287 5582 obtrudunt
3345 5509 3478 5582 editi

1890 5588 2155 5640 hactenus
2180 5585 2323 5647 libri,
2357 5590 2410 5636 in
2443 5580 2643 5652 quibus
2672 5592 2755 5637 est
2807 5585 3076 5636 universus
3112 5580 3305 5644 Israel,
3331 5580 3480 5634 Juda

1888 5668 1936 5709 ct
1967 5654 2291 5707 Jerusalem.
2314 5656 2418 5708 Sed
2444 5657 2574 5709 illud
2598 5670 2773 5721 neque
2800 5670 2931 5707 mss.
2963 5655 3132 5705 nostri
3154 5659 3476 5720 agnoscunt.

1893 5742 2069 5793 neque
2102 5726 2400 5793 Scriptura:
2428 5736 2634 5782 textus.
2660 5726 2776 5779 Mox
2803 5724 3059 5777 cantrices
3084 5723 3284 5776 habent
3310 5721 3476 5775 iidem

1893 5812 2032 5852 mss.
2067 5810 2168 5865 pro
2191 5796 2537 5851 cantatrices.

3016 5956 3089 6016 19
