4198 6484
690 490 804 556 587

1860 468 1920 531 S.
1961 460 2280 525 EUSEBll
2323 450 2763 517 HIERONYMI

3835 435 3949 494 δεε

824 602 1084 663 diximus,
1138 592 1254 653 Sub
1304 593 1492 648 umbra
1519 598 1611 644 tua
1651 585 1895 641 vivemus
1929 584 1983 636 in
2022 580 2273 653 gentibus
2303 589 2348 645 Α
2379 575 2470 645 qui
2506 579 2712 635 rectus,
2746 566 2902 638 quasi
2959 563 3113 636 spina
3141 559 3218 663 .de
3278 573 3422 663 sepe.
3469 553 3744 663 (Ῑὸὶάζι).
3775 551 3955 663 1:12:

695 699 908 770 (Thrcn.
939 691 1146 762 tv.2tt).
1188 709 1205 742 ι
1241 689 1453 759 Moyses
1484 685 1569 740 cui
1618 683 1834 737 locutus
1891 686 1976 733 est
2002 673 2265 729 Dominus

694 767 836 846 facie
865 788 930 840 ad
954 785 1144 841 faciem
1174 781 1370 854 (Exod.
1406 792 1598 836 xum.
1628 773 1736 843 ll),
1765 782 1819 827 et
1841 771 1988 827 salva
2019 767 2160 821 facta
2184 773 2267 821 est

694 885 872 937 anima
907 880 1046 951 ejus,
1086 878 1149 931 ad
1181 888 1350 946 aquas
1394 865 1842 925 contradictionis
1894 861 2138 923 offendit,
2171 872 2271 914 nec

694 976 891 1030 meruit
947 989 1070 1027 cum
1127 971 1292 1024 fratre
1351 967 1530 1018 Aaron
1563 974 1764 1015 terram
1825 952 2266 1029 repromissionis

693 1069 925 1123 intrare.
977 1066 1051 1120 De
1073 1062 1271 1132 quibus
1299 1065 1354 1113 et
1384 1054 1672 1111 Psalmista
1731 1052 1879 1108 canit
1907 1069 1920 1104 :
1961 1067 1978 1100 ι
2013 1044 2267 1113 Ahsorpti

694 1172 823 1222 sunt
855 1158 1028 1231 juncti
1064 1165 1231 1226 petrae
1287 1152 1501 1224 judices
1562 1162 1748 1205 eorum
1786 1142 2050 1201 :audient
2110 1140 2271 1194 verba

695 1253 1012 1325 mea,771
1037 1249 1292 1321 quoniam
1321 1246 1639 1317 placuerunt
1662 1243 1675 1272 '
1701 1239 1874 1311 (Psal.
1899 1252 2021 1302 εει,
2047 1235 2123 1303 6).
2156 1252 2174 1284 ι
2209 1234 2272 1286 Ει

694 1359 780 1402 est
840 1360 1036 1401 sensus
1073 1361 1085 1394 :
1120 1340 1338 1396 Judices
1398 1335 1577 1414 populi
1609 1332 1920 1386 Jutlteorum
1950 1368 1965 1391 ,
1991 1326 2202 1396 Moyses
2224 1333 2276 1376 ot

697 1445 901 1504 Aaron,
932 1433 1166 1491 devorati
1199 1439 1322 1484 sunt
1352 1443 1380 1481 a
1412 1435 1630 1496 peccato
1653 1424 1833 1493 populi
1854 1422 2005 1491 juxta
2034 1426 2270 1487 petram,

697 1535 763 1586 de
788 1547 891 1599 qua
913 1538 1177 1593 aquarum
1207 1519 1407 1574 ﬂuenta
1428 1523 1744 1579 manarunt,
1777 1522 1829 1567 et
1846 1521 1994 1568 certe
2023 1507 2274 1580 ipsijusti

698 1625 938 1682 fuerunt,
975 1629 1029 1672 et
1057 1615 1377 1671 obedicrttnt
1429 1610 1774 1666 sermonibus
1817 1606 1931 1667 Dei,
1962 1603 2054 1672 qui
2092 1615 2183 1670 per
2213 1613 2273 1654 se

699 1710 1008 1769 suavissimi
1050 1717 1202 1761 sunt.
1252 1703 1495 1772 Denique
1548 1700 1793 1769 sequitur
1825 1698 1890 1751 de
1927 1691 2280 1749 cadaveribus

699 1807 754 1860 itt
786 1800 1080 1858 solitudine
1108 1810 1443 1852 mortuorum
1473 1809 1486 1846 :
1531 1812 1549 1844 ι
1583 1793 1753 1858 Quasi
1791 1785 2100 1842 crassitudo
2123 1791 2283 1836 terrae

699 1897 896 1964 tlirupti
923 1901 1226 1958 suutsuper
1248 1898 1470 1941 terram.
1503 1883 1752 1952 Dispersa
1772 1887 1901 1934 sunt
1926 1890 2054 1931 ossa
2087 1881 2276 1928 nostra

699 1997 857 2040 secus
889 1979 1155 2034 infernum
1181 1975 1358 2046 (Psal.
1383 1990 1503 2038 cn,

700 2075 847 2129 Deus
886 2087 899 2128 :
940 2089 957 2121 ι
1002 2069 1353 2138 DeSponsabo
1387 2075 1436 2118 te
1466 2062 1599 2116 milii
1652 2061 1704 2113 iu
1729 2057 1936 2125 justitia
1999 2065 2053 2110 et
2081 2053 2294 2125 judicio

705 2153 860 2221 (Osee
899 2178 960 2226 tt,
985 2161 1136 2227 19).:
1165 2158 1470 2226 Statimque
1498 2153 1777 2221 subjungit
1805 2167 1820 2204 :
1851 2167 1869 2200 ι
1901 2151 1966 2204 Et
1984 2145 2296 2202 misericor-

707 2256 797 2310 dia
831 2264 885 2309 et
915 2247 1355 2306 miserationibus
1382 2248 1422 2310 ',
1455 2252 1509 2298 et
1532 2243 1586 2296 in
1610 2242 1712 2296 fide
1740 2239 1928 2309 (Ibid.)
1957 2254 1972 2302 ;
2006 2256 2024 2289 ι
2054 2243 2114 2290 ιιι
2138 2232 2295 2304 largi-

708 2349 842 2407 toris
872 2345 1096 2417 praemio
1125 2345 1492 2412 recognoscat,
1517 2335 1659 2406 quod
1687 2333 1801 2403 ipse
1825 2331 1896 2386 sit
1920 2327 2203 2384 Dominus.
2231 2324 2289 2376 In

707 2439 903 2495 eodem
955 2436 1218 2504 scriptum
1257 2435 1339 2484 est
1375 2427 1516 2481 libro
1549 2441 1562 2478 :
1599 2441 1617 2474 α
1648 2423 1788 2476 Deus
1809 2433 1908 2488 ego
1954 2431 2074 2472 sum
2108 2422 2162 2468 et
2188 2426 2296 2465 non

711 2534 896 2590 homo.
928 2530 979 2581 in
1009 2503 1187 2579 medio
1220 2523 1293 2577 tui
1329 2527 1572 2582 sanctus,
1606 2525 1659 2578 et
1705 2527 1813 2566 non
1854 2509 2131 2579 ingrediar
2154 2503 2293 2560 civi-

712 2635 874 2683 tttent
908 2620 1062 2691 (Osee
1084 2632 1160 2683 ιι,
1193 2615 1272 2686 9),
1302 2633 1321 2666 ι
1356 2612 1607 2666 vitiorum
1628 2605 1830 2661 scilicet
1854 2597 2293 2657 conciliabulum.

713 2715 832 2786 Ipse
897 2714 1051 2768 solus
1104 2710 1248 2764 hanc
1303 2721 1408 2760 non
1449 2699 1750 2770 ingreditur
1801 2694 2098 2756 civitatem,
2130 2701 2296 2758 quam

715 2776 1006 2862 aedificavit
1035 2800 1170 2855 Cain
1198 2799 1251 2851 iu
1284 2794 1504 2850 nomine
1527 2791 1618 2845 filii
1643 2789 1726 2844 sui
1745 2784 2093 2851 Enoch,fqu:e
2115 2776 2298 2832 omnia

717 2898 1059 2955 sacerdotum
1105 2888 1348 2962 quotidie
1377 2900 1472 2940 ora
1505 2880 1911 2940 concelebrant,
1940 2877 1967 2928 ὁ
1991 2874 2149 2944 μόνος
2172 2871 2300 2924 dva-

727 2991 1004 3061 μάρτητος
1025 2987 1067 3050 ³,
1100 2961 1245 3054 quod
1276 2982 1328 3034 in
1361 2979 1538 3048 lingua
1585 2981 1769 3028 nostra
1801 2970 2020 3032 dicitur,
2050 2965 2139 3034 qui
2157 2961 2299 3016 solus

720 3057 930 3136 estsine
971 3084 1202 3148 peccato.
1243 3072 1371 3137 Quae
1403 3066 1699 3136 lausjuxta
1752 3057 2080 3115 sententiam
2143 3065 2291 3108 tuam

683 3235 688 3239 ,
723 3175 922 3226 frustra
953 3169 1064 3222 Deo
1100 3172 1382 3234 reputatur
1415 3158 1514 3229 (at.
1567 3149 1901 3224 deputatur),
1956 3152 2001 3205 si
2037 3158 2121 3203 est
2149 3162 2298 3201 com-

725 3263 902 3318 tnunis
950 3275 1072 3314 cum
1123 3255 1359 3310 emeris.
1426 3249 1536 3303 Nos
1583 3247 1729 3300 enim
1782 3244 1936 3310 juxta
1975 3241 2141 3293 Amos
2171 3253 2301 3291 con-

655 3382 666 3389 ν
723 3357 987 3412 vertimus
1015 3349 1282 3422 justitiam
1316 3347 1368 3400 in
1400 3339 1751 3400 absinthium,
1792 3345 1846 3389 et
1877 3331 2299 3403 fructusjudicii

725 3452 778 3503 in
807 3443 1224 3502 amaritudinem
1251 3439 1432 3508 (Amos
1498 3450 1576 3497 vt,
1611 3429 1724 3500 13).
1750 3428 2073 3497 Loquuntur
2123 3431 2301 3477 nauta:

727 3549 889 3608 atque
929 3543 1175 3588 vectores
1204 3530 1257 3583 in
1290 3529 1429 3582 libro
1459 3523 1610 3577 Iona:
1638 3536 1650 3572 :
1684 3537 1700 3569 ι
1734 3515 2028 3586 Rogamus,
2055 3511 2302 3574 Domino,

730 3604 814 3683 ..θ’
834 3627 1031 3697 perdas
1067 3637 1164 3677 nos
1184 3629 1404 3691 propter
1434 3612 1709 3668 hominem
1741 3609 1905 3661 istum
1935 3607 1978 3670 ⁸,
2013 3618 2189 3672 neque
2219 3604 2301 3654 iu-

730 3693 900 3776 ducas
934 3728 1214 3787 supernos
1245 3707 1565 3778 sanguinem
1595 3703 1960 3757 innocentem.
1992 3693 2140 3748 Sicut
2161 3693 2302 3746 enim

733 3811 938 3881 placuit
981 3785 1102 3872 tibi,
1135 3806 1213 3860 sic
1237 3804 1439 3856 factum
1471 3806 1576 3862 est,
1616 3793 1846 3849 Domine
1875 3785 2021 3856 (Jan.
2069 3802 2110 3850 t,
2139 3786 2248 3851 Η).
2283 3803 2301 3836 ι

733 3878 997 3961 Nesciunt
1028 3909 1241 3958 causas,
1279 3891 1406 3962 quid
1443 3896 1712 3942 mereatur
1745 3882 2032 3954 prapbcta,
2066 3893 2257 3933 servus
2291 3878 2311 3908 ⁸

741 3993 1021 4066 fugitivus,
1073 3997 1127 4041 ct
1160 3996 1339 4040 tamen
1364 3980 1670 4053 justilicant
1693 3976 1882 4038 Deum,
1907 3982 1960 4026 et
1985 3971 2302 4039 sanguinem

739 4058 1085 4141 iniiocontem
1155 4077 1418 4136 fatentur,
1474 4070 1632 4138 cujus
1655 4081 1816 4136 opera
1850 4080 1954 4117 non
1995 4068 2216 4116 norunt.
2251 4058 2314 4110 Et

740 4178 806 4233 ad
865 4183 1200 4230 extremum:
1243 4184 1262 4217 ι
1298 4164 1450 4218 Sicut
1503 4160 1702 4231 placuit
1761 4156 1881 4222 tibi,
1955 4151 2200 4214 Domine,
2237 4149 2315 4203 sic

743 4269 942 4322 factum
977 4271 1080 4318 est.
1122 4279 1140 4311 ι
1174 4256 1292 4312 Non
1325 4249 1854 4326 qua'runtjustitiatn
1882 4243 2162 4301 sententia:
2186 4239 2313 4295 Dei:

745 4357 840 4413 scd
871 4359 1146 4409 veritatem
1175 4349 1307 4422 justi
1336 4345 1536 4416 judicis
1587 4341 1933 4396 confitentur.
1972 4332 2317 4390 Miclmasla-

746 4445 1024 4517 crymabili
1061 4459 1191 4497 voce
1229 4449 1459 4494 testatur
1490 4453 1505 4490 :
1538 4454 1556 4487 ι
1595 4433 1764 4489 Periit
1810 4438 2034 4486 sanctus
2082 4426 2181 4498 (al.
2230 4441 2316 4482 se'

751 4540 896 4607 mnu)
928 4544 989 4590 t'e
1046 4546 1210 4592 terra,
1243 4541 1297 4584 et
1359 4540 1539 4582 rectus
1579 4528 1632 4579 in
1692 4521 2008 4578 hominibus
2049 4535 2159 4574 non
2211 4525 2317 4581 cst,

2380 667 2655 722 hominum
2679 662 2896 734 justitia
2930 667 3033 724 est,
3065 654 3287 725 utjuxta
3312 651 3476 706 verba
3505 649 3751 723 ejusdem
3783 645 3954 717 772

2375 760 2672 830 prophetae,
2730 768 2828 808 nec
2885 751 3081 816 amico,
3113 761 3212 804 nec
3264 744 3507 813 conjugi,
3539 757 3637 797 nec
3709 739 3831 794 ﬁliis
3885 738 3960 791 sit

2375 851 2729 914 credendum,
2761 843 2886 916 quia
2921 862 2940 895 ι
2978 841 3182 896 inimici
3236 837 3472 892 hominis
3515 834 3800 891 domestici
3831 832 3956 900 ejus

2378 946 2663 1018 (Ibid.6).i
2690 945 2861 1010 Quam
2891 938 3214 995 sententiam
3243 937 3403 991 etiam
3431 947 3610 988 sermo
3634 928 3960 984 Dominicus

2377 1039 2754 1109 coinprobavit
2787 1032 3007 1109 (Matth.
3041 1047 3096 1096 ι,
3121 1030 3188 1085 36
3215 1029 3257 1098 ).
3286 1026 3440 1083 Unde
3482 1026 3642 1079 datur
3665 1021 3962 1076 consilium

2383 1149 2474 1203 per
2509 1131 2761 1186 eumdem
2805 1127 3118 1199 pr0plu-tam
3151 1138 3166 1180 :
3203 1140 3222 1173 t
3264 1120 3518 1174 Indicabo
3553 1116 3669 1178 tibi,
3704 1129 3734 1167 ο
3773 1116 3960 1172 homo,

2382 1226 2508 1296 quid
2542 1226 2612 1278 sit
2644 1225 2870 1284 bonum,
2900 1228 2952 1273 et
2989 1217 3115 1290 qttid
3155 1215 3411 1270 Dominus
3437 1220 3644 1282 qua-rat
3674 1224 3702 1262 a
3736 1216 3812 1270 te,
3853 1205 3964 1260 uti-

2381 1333 2486 1387 quc
2510 1315 2688 1370 facere
2727 1313 3020 1382 judicium,
3055 1318 3109 1364 et
3142 1307 3362 1378 diligere
3420 1298 3873 1359 misericordiam,
3906 1307 3962 1351 et

2381 1408 2671 1462 solliritum
2721 1404 2996 1459 ambulare
3040 1416 3164 1456 cum
3201 1397 3312 1453 Deo
3348 1407 3440 1452 tuo
3465 1395 3651 1465 (uicit.
3687 1408 3759 1457 vt,
3795 1391 3894 1454 8).
3939 1407 3960 1441 ι

2383 1499 2638 1569 Nunquid
2666 1497 2802 1551 dixit
2827 1537 2841 1560 ,
2872 1496 3068 1548 habeto
3093 1491 3456 1561 aequalitatem
3491 1487 3602 1550 Dei,
3626 1498 3680 1540 et
3702 1499 3810 1536 non
3840 1482 3967 1545 hcc,

2383 1591 2526 1659 quod
2557 1590 2849 1643 maximum
2875 1597 2977 1648 est,
3026 1602 3045 1635 ι
3087 1583 3377 1638 sollicitum
3409 1578 3686 1632 ambulare
3732 1576 3969 1643 (ul.aiu-

2384 1683 2507 1738 bula
2537 1682 2700 1752 )cum
2731 1681 2837 1735 Deo
2863 1688 2977 1732 tuo.
3010 1673 3111 1731 θυι
3173 1687 3450 1741 nunquam
3503 1684 3733 1724 securus
3770 1667 3871 1727 sis,
3911 1675 3970 1718 ut

2386 1772 2536 1825 omni
2575 1769 2922 1825 observantia
2952 1763 3230 1820 custodias
3269 1777 3362 1816 cor
3397 1770 3571 1820 tuum,
3616 1767 3674 1810 ut
3704 1755 3967 1810 conside-

2387 1879 2496 1927 res,
2527 1863 2783 1933 quoniam
2819 1864 2871 1914 in
2907 1857 3084 1913 modio
3107 1857 3425 1924 laqueorum
3481 1852 3750 1915 ambules,
3784 1861 3838 1903 et
3867 1851 3970 1904 sub

1537 1938 1653 2038 7,.8
1682 1970 1724 2038 ).
1757 1988 1775 2020 ι
1799 1969 1856 2022 In
1878 1965 2018 2021 Osee
2043 1964 2285 2033 loquitur
2313 1938 2361 1998 Β
2396 1967 2676 2009 murorum
2709 1950 2889 2019 pinnis
2941 1947 3283 2019 ingrediaris,
3317 1954 3376 1999 ut
3404 1945 3535 1998 illud
3585 1943 3829 2013 quotidie
3855 1957 3970 1996 me-

2396 2047 2622 2101 diteris:
2652 2063 2668 2096 (
2698 2041 2855 2096 Juxta
2886 2042 3132 2095 semitam
3159 2037 3474 2094 scandalum
3507 2045 3803 2104 posuerunt
3835 2036 3968 2088 mihi

2400 2136 2589 2204 (Psal.
2614 2150 2830 2197 CXXXIX,
2856 2132 2963 2202 6).»
3004 2149 3022 2181 r
3070 2128 3331 2201 Superbis
3359 2130 3503 2184 enim
3555 2129 3761 2181 resistit
3800 2124 3972 2188 Deus,

2398 2228 2692 2283 humilibus
2724 2236 2905 2279 autem
2937 2224 3027 2278 dat
3057 2222 3286 2293 gratiam
3320 2220 3464 2299 (Jac.
3494 2236 3571 2287 tv,
3602 2221 3697 2289 6).
3730 2238 3750 2272 ι

2467 2319 2559 2374 24.
2593 2318 2827 2372 Timidus
2879 2316 3043 2368 citare
3078 2323 3244 2385 potest
3287 2316 3356 2368 ad
3389 2325 3591 2383 tempus
3635 2322 3878 2383 peccata.
3903 2340 3974 2354 -

2398 2410 2498 2478 Qui
2540 2421 2737 2464 cautus
2775 2420 2826 2462 et
2869 2409 3094 2464 timidus
3135 2417 3239 2474 est,
3275 2407 3538 2478 potestad
3563 2416 3780 2476 tempus
3803 2407 3979 2460 vitare

2402 2512 2617 2572 peccata
2645 2518 2659 2566 ;
2697 2503 2791 2570 qui
2826 2517 3052 2555 securus
3085 2509 3169 2556 est
3199 2502 3264 2555 de
3297 2498 3510 2569 justitia
3542 2513 3664 2561 sua,
3708 2507 3978 2568 repugnat

2405 2601 2536 2663 Deo,
2583 2598 2837 2668 illiusque
2869 2598 3074 2651 auxilio
3107 2597 3430 2659 destitutus,
3469 2594 3684 2649 insidiis
3729 2594 3976 2648 hostium

2401 2699 2569 2761 patet.
2609 2708 2627 2742 ι
2664 2691 3146 2760 Coutputrescant,
3191 2689 3324 2744 dicit
3357 2686 3637 2753 Habacuc,
3670 2701 3798 2741 ossa
3834 2702 3977 2750 mea,

2401 2793 2455 2837 et
2485 2784 2671 2838 subter
2703 2798 2789 2838 me
2821 2798 3037 2838 vermes
3076 2791 3345 2848 scateant,
3383 2790 3591 2834 tantum
3633 2791 3692 2833 ut
3753 2783 3980 2850 requie-

2401 2888 2551 2929 scam
2583 2874 2634 2928 in
2666 2875 2752 2930 die
2775 2876 3057 2944 angustiae,
3087 2883 3146 2928 ut
3174 2874 3460 2927 ascendam
3492 2872 3558 2927 ad
3587 2874 3852 2941 populum
3873 2873 3985 2927 for-

2403 2977 2509 3021 tem
2558 2982 2734 3020 tneum
2786 2965 3267 3038 (Habac.ttt,16).
3317 2984 3335 3016 ι
3378 2964 3474 3020 llic
3511 2965 3897 3019 tribulationes
3932 2975 3986 3020 et

2404 3059 2687 3128 angustias
2731 3055 3184 3124 amictionemque
3228 3056 3394 3109 animi
3437 3057 3782 3124 deprecatur,
3831 3066 3890 3110 ut
3928 3059 3980 3111 in

2403 3147 2587 3203 futuro
2661 3149 2900 3203 virorum
2931 3147 3044 3213 jam
3080 3161 3203 3202 cum
3247 3147 3467 3201 Christo
3500 3148 3848 3218 regnantium
3885 3165 3982 3204 nu-

2329 3277 2372 3334 c
2406 3258 2556 3296 mero
2612 3243 2871 3297 societur.
2911 3240 2991 3294 Ex
3040 3255 3150 3310 quo
3197 3241 3545 3310 perspicuum
3598 3252 3704 3305 est,
3746 3241 3839 3296 hic
3881 3257 3985 3311 pu-

2405 3349 2564 3401 gnam
2595 3344 2759 3403 atque
2782 3343 3082 3393 certamen.
3119 3342 3171 3386 et
3203 3334 3254 3386 in
3291 3332 3475 3386 futuro
3510 3349 3631 3388 esse
3660 3335 3984 3389 victoriam.

2402 3421 2562 3479 Jesus
2613 3425 2757 3479 ﬁlius
2811 3423 3053 3490 Josedec,
3099 3424 3243 3494 quod
3300 3425 3692 3494 interpretatur
3735 3444 3755 3478 ι
3794 3427 3989 3497 justus

2409 3515 2704 3586 Dominl',t
2740 3517 2996 3571 sacerdos
3038 3530 3288 3584 magnus,
3329 3516 3550 3571 indutus
3650 3519 3990 3573 describitur

2406 3606 2647 3661 vestibus
2671 3607 2928 3671 sordidis,
2963 3607 3055 3676 qui
3083 3616 3364 3676 peccatum
3399 3624 3506 3662 non
3536 3608 3684 3675 fecit,
3713 3621 3769 3663 et
3799 3620 3985 3666 tamen

2409 3708 2599 3750 nostra
2647 3710 2870 3767 peccata
2904 3699 3161 3768 portavit,
3195 3699 3260 3752 ad
3308 3701 3466 3768 cujus
3502 3700 3750 3755 dextram
3801 3702 3989 3756 stabat

2412 3783 2662 3850 Satanas,
2690 3795 2746 3840 ut
2768 3787 3151 3842 adversaretur
3170 3789 3219 3841 ei
3242 3789 3491 3858 (Zachar.
3523 3806 3602 3850 ιιι,
3638 3791 3711 3845 il.
3747 3789 3994 3846 Dicitur-

2414 3891 2518 3941 quo
2548 3875 2611 3928 ad
2644 3893 2765 3929 eum
2802 3890 2924 3946 post
2957 3893 3194 3948 pugnam
3224 3889 3386 3949 atque
3426 3881 3708 3934 victoriam
3745 3898 3761 3935 ι
3812 3900 3831 3934 ι
3872 3886 3990 3937 Au-

2411 3967 2548 4019 [ιι-ἐ
2597 3977 2799 4020 vestem
2853 3969 3132 4023 sordidam
3198 3970 3264 4024 ab
3315 3987 3380 4024 eo
3440 3969 3601 4037 (Ibid.
3649 3973 3703 4044 ι)
3757 3991 3774 4040 ;
3837 3995 3856 4026 ι
3889 3988 3990 4030 et:

2422 4075 2438 4106 ι
2481 4055 2616 4109 Ecce
2664 4059 2862 4112 abstuli
2896 4075 2925 4112 a
2963 4071 3018 4114 te
3061 4061 3408 4130 iniquitatem
3447 4071 3618 4124 tuam,
3663 4081 3682 4115 ι
3719 4075 3776 4118 et
3819 4074 3996 4121 naues

2417 4141 2686 4198 Ioviniani
2738 4147 3026 4215 loquitur:
3074 4167 3092 4201 ι
3133 4150 3265 4206 Sine
3306 4152 3455 4205 omni
3499 4154 3726 4207 omnino
3759 4169 3992 4223 peccato

2419 4252 2563 4301 sum,
2597 4238 2813 4292 sordida
2850 4241 3172 4295 vestimenta
3202 4258 3305 4295 nou
3343 4245 3536 4305 habeo,
3564 4246 3793 4313 proprio
3831 4261 3994 4316 regor

2420 4328 2667 4396 arbitrio,
2703 4331 2878 4400 major
2920 4333 3181 4399 Apostolo
3213 4349 3358 4388 sum.
3392 4333 3485 4389 Ille
3538 4335 3669 4389 facit
3703 4339 3854 4406 quod
3883 4354 3994 4394 nou

2421 4423 2558 4488 vult,
2595 4431 2646 4474 et
2680 4423 2824 4491 quod
2872 4424 2986 4478 vult
3019 4439 3123 4478 non
3165 4425 3322 4488 facit,
3356 4443 3456 4498 ego
3495 4427 3634 4483 facio
3661 4430 3810 4500 quod
3844 4431 3993 4496 volo.

2423 4523 2476 4567 et
2529 4512 2674 4582 quod
2734 4515 2860 4569 nolo
2914 4530 3022 4570 non
3087 4519 3249 4583 facio,
3309 4531 3610 4589 praeparata
3671 4533 3805 4575 situt
3859 4526 3998 4578 mibi

749 4606 938 4678 mnues
972 4625 1026 4676 in
1050 4620 1313 4689 sanguine
1348 4617 1698 4677 insidiantur,
1757 4611 2138 4680 unusquisque
2203 4608 2315 4663 fra-
2347 4624 2391 4679 ι)
2433 4619 2594 4672 regna
2628 4606 2909 4669 cmlorum,
2949 4610 3058 4663 imo
3101 4610 3215 4678 ipse
3255 4626 3315 4664 ea
3353 4612 3485 4664 mihi
3515 4613 3648 4665 meis
3687 4613 3850 4682 773
3887 4617 4000 4669 τῑιι.

751 4729 886 4772 trem
929 4731 1084 4768 suum
1111 4721 1334 4765 venatur
1354 4709 1418 4764 ad
1453 4717 1702 4762 mortem.
1731 4704 1925 4758 Malum
1953 4717 2171 4756 manum
2198 4716 2323 4755 sua-

757 4826 869 4863 runt
903 4809 1086 4863 d‘cuut
1125 4806 1323 4858 bonum
1351 4803 1368 4869 (
1399 4799 1567 4854 llich.
1609 4814 1702 4862 vn,
1729 4799 1782 4860 2,
1809 4797 1891 4866 .3).
1928 4814 1946 4847 ι
1984 4795 2046 4849 Ει
2080 4795 2275 4850 iterum
2311 4811 2324 4854 ;

762 4919 777 4950 c
812 4899 911 4964 Qui
941 4899 1173 4968 optimus
1214 4899 1355 4950 inter
1390 4907 1486 4948 eos
1516 4902 1621 4958 est,
1651 4889 1806 4960 quasi
1843 4888 2085 4959 paliurus
2139 4895 2243 4954 est,
2273 4895 2328 4940 ct

831 5063 845 5090 ι
884 5057 1224 5110 Μετιῑεηεεςιε
1281 5068 1491 5114 omnes.
1539 5050 1734 5117 quibus
1791 5061 1926 5101 usus
1976 5055 2078 5109 est,
2115 5045 2328 5099 codices

758 5144 892 5182 mss.
928 5127 1179 5194 praeferre
1201 5126 1332 5178 dicit
1362 5129 1664 5194 potuerunt.
1696 5120 1893 5171 Contra
1934 5117 2106 5194 nostri
2132 5129 2328 5194 omnes

759 5185 942 5264 leguni
983 5197 1313 5262 placuerunt,
1362 5185 1427 5246 ἐι
1459 5189 1966 5264 V’_ictoriusquoque
1997 5186 2064 5238 ita
2098 5185 2146 5236 in
2211 5187 2327 5264 suis

761 5256 1347 5333 ινῇεισὲιξὸιιιῐωεκιιὶῐ
1371 5273 1425 5315 ει
1473 5260 1694 5333 Graccus
1759 5256 2086 5333 movens“,
2121 5261 2173 5332 et
2202 5256 2328 5306 sub-

762 5323 893 5389 μέν
927 5335 984 5387 S.
1018 5323 1261 5387 "octonis
1281 5334 1546 5400 expositio
1565 5330 1651 5398 qui
1683 5323 1844 5394 pense
1864 5323 2158 5377 sttuviuimi
2183 5332 2326 5376 sunt.

760 5435 828 5445 —
853 5403 1111 5468 Quoniam
1141 5395 1438 5472 potuerunt.
1471 5402 1544 5453 lta
1575 5395 1993 5472 legtrnt'omnes
2019 5395 2329 5472 mss.‘codi-

763 5461 1068 5527 tiro—.IIUSII'I.
1105 5461 1374 5524 Marianos
1398 5474 1522 5538 legit
1549 5485 1609 5520 et
1631 5461 1806 5529 LXX,
1837 5464 2083 5532 quoniam
2114 5461 2327 5526 placue-

767 5554 908 5596 runt.
952 5544 1217 5596 Mantus.

838 5615 856 5644 ²
886 5613 1052 5666 νιιιὶς.
1076 5624 1121 5664 et
1140 5616 1191 5665 in
1212 5609 1587 5667 misericordia,
1607 5616 1654 5659 et
1674 5609 1726 5658 iu
1756 5601 2198 5661 miserationibus,
2223 5610 2328 5654 etc.

838 5683 857 5712 ³
897 5685 956 5734 Ὀ
986 5686 1138 5751 μόνος
1168 5686 1573 5751 aanimi-59;.
1607 5679 1735 5729 {Vota
1757 5675 1999 5741 quotidie
2031 5686 2332 5722 orasarcr-

767 5757 954 5805 t'otuut
986 5742 1399 5805 concelebrassot
1434 5742 1485 5799 in
1512 5747 1765 5800 lict-lenis
1806 5744 2003 5795 sunttui
2047 5742 2135 5791 Dei
2171 5749 2332 5791 attrto

770 5827 958 5876 butum
994 5834 1046 5874 et
1089 5821 1498 5889 [tt-.t‘lcctinttetu,
1551 5817 1781 5889 dltjt‘ll‘lt)
1817 5829 1830 5863 τ
1866 5813 1907 5863 Ο
1960 5827 2137 5862 manus
2193 5827 2328 5861 ana-

771 5903 992 5944 ntat'mu
1013 5929 1040 5955 ι,
1071 5883 1116 5944 lii
1141 5903 1242 5950 est,
1269 5907 1354 5957 qut
1383 5891 1524 5941 solus
1550 5897 1622 5938 cat
1651 5888 1758 5936 sine
1790 5894 2018 5949 peccato.
2052 5883 2327 5933 διιεῖ-λς.

2433 4699 2640 4753 tutibus
2664 4702 2982 4768 prmparavi.
3017 4719 3032 4750 ι
3057 4700 3112 4754 lu
3139 4716 3244 4769 quo
3266 4701 3433 4753 Adam
3463 4716 3675 4757 tenetur
3700 4707 3998 4768 obnoxius.

2429 4800 2482 4844 et
2512 4791 2603 4844 alii
2645 4793 2734 4860 qu‘i
2784 4808 2906 4847 reos
2939 4807 2996 4847 se
3024 4802 3212 4862 putant
3246 4794 3297 4846 in
3331 4794 3747 4847 similitudinem
3786 4811 4001 4864 preva-

2432 4884 2713 4938 ricatiouis
2753 4883 2903 4950 Adae,
2954 4899 3053 4955 ego
3087 4885 3238 4940 solus
3291 4901 3415 4940 cum
3462 4901 3578 4940 mea
3626 4896 3844 4941 caterva
3891 4904 4001 4942 non

2427 5043 2692 5123 z—o-rVatic.
2721 5059 2872 5123 quem
2914 5044 3112 5123 omnia,
3155 5041 3568 5123 etczhllymnum
3603 5043 3888 5123 designari
3912 5032 4005 5098 3|:-

2431 5112 2623 5189 bitror,
2676 5110 2766 5189 qui
2817 5128 2960 5189 nunc
2999 5114 3196 5189 dicitur
3239 5110 3424 5167 Gloria
3469 5115 3523 5164 iu
3567 5113 3789 5166 excelsis
3845 5112 3957 5166 Deo
3987 5131 4004 5165 :

2432 5185 2774 5261 verbisqueo
2809 5184 2966 5261 μρνος
2999 5185 3404 5261 ἀνηαμάρτητος,
3443 5187 3777 5261 respondere
3814 5183 4003 5261 tituba-

2434 5254 2669 5303 tinorum
2699 5251 3010 5316 doxologia,
3043 5251 3306 5315 Quoniam
3334 5261 3390 5305 tu
3419 5254 3562 5306 solus
3585 5265 3827 5308 sanctus.
3861 5251 4006 5306 Hinc

2433 5333 2483 5374 et
2517 5336 2645 5390 mss.
2672 5323 2863 5381 nostri,
2900 5322 3006 5386 Qui
3035 5325 3176 5376 solus
3208 5339 3261 5376 es
3285 5323 3394 5375 sine
3417 5334 3652 5390 peccato,
3686 5323 3893 5387 legunt.

2507 5395 2526 5418 ⁸
2573 5389 2738 5457 Τιιιρι
2782 5407 2969 5445 errore
3010 5394 3275 5446 hactenus
3307 5392 3540 5446 obtinuit
3573 5393 3626 5447 itt
3660 5393 3818 5446 editis
3873 5409 4006 5458 pro-

2432 5471 2544 5526 pter
2581 5460 2838 5512 Ιιοηιὶιιεηι
2882 5463 3111 5528 justum,
3163 5476 3261 5530 pro
3302 5463 3487 5523 istum,
3535 5462 4007 5530 quemadmodum

2435 5534 2728 5607 etnetnlant
2755 5547 2888 5607 tuss.
2931 5545 3130 5607 nostri.
3169 5529 3222 5584 et
3259 5529 3564 5600 Scriptura!
3585 5540 3765 5586 textus
3795 5533 3850 5584 in
3882 5545 4007 5586 Otu-

2437 5600 2602 5674 nitius
2635 5600 2831 5665 linguis
2868 5601 3106 5665 μηνίει-ι.

2439 5749 2457 5792 ι
2514 5670 2533 5698 ⁵
2564 5668 2766 5722 Nomen
2801 5687 2977 5722 δίνη-υς
3013 5675 3066 5723 in
3101 5687 3233 5726 mss.
3267 5671 3469 5726 nostris
3500 5671 3701 5727 rectius
3730 5671 4008 5726 desidera-

2465 5757 2543 5792 ur.

2465 5757 2543 5793 nr.

2476 5809 2528 5889 ὀ
2566 5808 2617 5889 It)
2667 5809 2804 5889 illi”)
2862 5811 3149 5866 Νιςιιιέωιιιιι
3199 5813 3263 5867 de
3305 5812 3520 5881 Αρςτο,
3564 5811 3774 5866 Domini
3803 5811 4012 5880 ian“,

2440 5887 2541 5933 sire
2569 5887 2917 5947 Ναξία-ρεαδ.
