4198 6462
205 411 303 472 38-0

197 631 289 683 tes,
324 624 463 691 quia
498 627 687 683 miseri
735 637 889 691 sunt,
919 636 971 682 et
1006 628 1170 682 verba
1207 641 1326 681 mea
1365 643 1474 682 non
1524 626 1773 694 audiunt,

196 724 532 784 torquentur
589 720 879 775 desideriis
930 739 943 775 :
998 736 1097 791 ego
1163 719 1328 775 etiam
1387 720 1431 775 si
1486 719 1774 775 mulierum

194 810 369 863 vallor
412 813 752 878 agminibus,
815 812 1016 868 nullam
1060 811 1232 866 habeo
1259 810 1776 881 concupiscentiam.

196 901 264 956 De
290 919 382 958 me
416 907 572 960 enim
605 906 812 960 dictum
844 913 926 960 est
964 921 978 963 :
1018 924 1033 957 ι
1075 902 1311 974 Lapides
1338 903 1516 959 sancti
1546 904 1775 958 volvun-

198 1006 279 1046 tur
309 1011 487 1063 super
541 1005 743 1049 terram
774 994 961 1064 (Zach.
989 1011 1067 1059 ιι,
1099 992 1187 1055 16.
1215 1010 1316 1048 sec.
1340 990 1560 1062 ιΧΧ);ο
1577 998 1628 1043 et
1656 995 1775 1049 ideo

198 1104 293 1140 tum
345 1089 559 1148 sentio,
616 1090 742 1156 quia
795 1089 946 1143 liberi
998 1086 1214 1142 arbitrii
1273 1095 1541 1157 potestate
1570 1086 1773 1142 Christi

195 1191 460 1248 Impulit)!
521 1179 872 1235 circumfero.
932 1179 1228 1235 Audiamus
1268 1193 1365 1249 per
1412 1177 1603 1233 Isaiam
1662 1178 1776 1234 cla-

196 1290 437 1327 manem
482 1274 653 1327 Dt-um
690 1291 703 1330 :
747 1294 763 1326 ι
803 1274 1042 1343 Pupulus
1083 1288 1260 1337 meus,
1315 1269 1409 1342 qui
1443 1270 1631 1327 beatos
1676 1286 1775 1327 vos

194 1368 404 1425 tiii‘tml,
458 1382 484 1419 s
526 1369 735 1420 ducunt
780 1382 899 1429 vos,
930 1374 982 1420 et
1023 1366 1275 1421 semitam
1314 1363 1512 1434 pedum
1559 1373 1774 1421 vestro-

197 1477 304 1508 r-m
357 1458 728 1525 supplantant
778 1459 914 1519 (In.
955 1475 1022 1517 tv,
1062 1459 1173 1524 16).
1216 1476 1234 1509 ο
1274 1456 1410 1522 Quis
1443 1457 1614 1526 magis
1639 1472 1774 1526 sup.

195 1552 397 1615 pluuia!
436 1551 702 1618 pupulum
753 1551 844 1604 Dei
883 1567 897 1605 ζ
929 1551 1021 1619 qui
1061 1549 1216 1603 liberi
1249 1549 1465 1603 arbitrii
1508 1556 1777 1619 potestate

194 1643 469 1695 subnixus
517 1643 752 1711 dwspicit
799 1644 1067 1697 auxilium
1118 1640 1456 1709 Conditoris,
1491 1643 1634 1697 etin
1678 1656 1775 1699 sua

196 1736 277 1786 \‘vl
304 1746 482 1788 nitate
519 1751 747 1789 securus
776 1746 880 1797 est.
917 1752 984 1789 an
1016 1735 1105 1805 qui
1161 1735 1225 1788 ad
1266 1736 1513 1806 singulas
1557 1744 1781 1790 senten-

194 1826 296 1876 tias
348 1837 751 1893 prmccpmrttm
813 1826 1026 1879 Domini
1085 1826 1351 1894 judicium
1407 1825 1779 1895 pertimescit?

193 1919 267 1970 Al
292 1918 679 1985 hujuscemodi
702 1918 952 1972 homines
970 1918 1207 1988 loquitur
1227 1919 1368 1972 Deus
1394 1934 1407 1973 ζ
1435 1936 1453 1969 t
1484 1916 1573 1973 Va:
1596 1918 1773 1982 vobis,
1806 1901 1847 1956 Β

193 2010 283 2076 qui
318 2010 605 2078 sapientes
634 2010 766 2064 estis
794 2012 935 2079 apud
965 2025 1083 2073 vos,
1114 2021 1167 2065 et
1193 2010 1560 2079 intelligentes
1588 2020 1773 2065 vestro

188 2101 247 2169 ju
274 2102 404 2154 licio
444 2100 581 2169 (Isa.
616 2118 668 2165 v,
699 2101 813 2170 2|).
858 2120 874 2152 ι
908 2101 1074 2154 Isaias
1115 2101 1268 2171 juxta
1304 2100 1623 2157 llebraicum
1654 2101 1774 2171 plo-

194 2200 295 2253 rat,
324 2198 379 2242 et
411 2188 550 2242 eiezt
588 2206 601 2246 :
642 2187 767 2243 «Var
804 2190 959 2255 tnihi,
987 2192 1111 2261 quia
1144 2191 1313 2256 tacui,
1342 2192 1469 2261 quia
1496 2192 1776 2246 immunda

195 2282 409 2335 habens
447 2282 613 2347 labia,
647 2292 700 2336 et
733 2284 784 2336 in
818 2283 994 2338 medio
1027 2285 1206 2354 populi
1240 2284 1521 2339 immunda
1567 2284 1775 2338 haben-

196 2384 266 2427 ιεε
321 2376 469 2427 labia
503 2376 784 2439 habitans,
819 2376 924 2429 vidi
978 2375 1270 2431 Dominum
1321 2377 1549 2432 sabaoth
1602 2378 1777 2434 oculis

196 2466 331 2516 meis
358 2462 505 2528 Usa.
538 2465 718 2534 v1.5).
766 2484 785 2515 ι
823 2466 917 2519 lllc
955 2466 1215 2519 virtutum
1256 2467 1473 2531 merito,
1511 2466 1602 2521 Dei
1631 2469 1778 2524 frue-

194 2558 358 2610 batur
411 2568 664 2627 aspectu,
710 2566 762 2612 et
806 2560 1141 2613 conscientia
1204 2567 1577 2628 peccatorum,
1638 2559 1776 2616 labia

193 2666 292 2704 sua
345 2650 628 2705 fatebatur
680 2650 980 2704 immunda.
1018 2647 1135 2704 Non
1192 2649 1340 2716 quod
1383 2650 1600 2707 locutus
1632 2663 1779 2707 esset

192 2744 437 2812 aliquid,
492 2744 638 2811 quod
697 2742 963 2797 voluntati
1021 2741 1234 2795 Domini
1290 2754 1643 2813 repugnaret,
1680 2744 1777 2799 sed

199 2838 349 2905 quod
387 2837 657 2898 siluisset,
693 2837 773 2891 rel
816 2837 1032 2899 timore,
1069 2836 1149 2890 vel
1184 2836 1390 2905 pudore
1430 2838 1777 2906 perterritus,

198 2943 301 2983 nec
336 2930 621 2997 arguisset
663 2927 910 2981 libertate
943 2926 1255 2997 prophetica
1306 2928 1565 2995 pepulum
1602 2928 1778 2981 delin-

192 3006 484 3090 quentetn;
524 3020 637 3075 Nos
677 3030 963 3088 peccantes
991 3018 1217 3089 quando
1253 3019 1587 3088 corripimus
1618 3019 1656 3085 ¹,
1688 3021 1777 3089 qui

197 3111 505 3165 adulamur
542 3110 824 3175 divitibus,
868 3119 922 3164 et
950 3124 1216 3180 personas
1251 3110 1555 3180 accipimus
1588 3125 1777 3179 pecca-

194 3214 407 3263 torum.
471 3202 650 3268 turpis
681 3202 817 3256 lucri
870 3202 1085 3272 gratia?
1115 3201 1221 3256 uisi
1256 3200 1395 3256 forte
1447 3211 1558 3255 tota
1594 3203 1674 3257 eis
1706 3203 1782 3256 lo-

994 418 1380 481 DMLOGUS
1424 418 1728 481 CONTRA
1772 422 2276 488 PEI..\GI.~\NOS.
2326 452 2384 460 -
2420 431 2572 492 LIB.
2619 429 2705 490 ΙΙ.

200 539 407 583 teneor.
450 530 559 586 Alii
604 534 778 590 clausi
833 532 1063 597 cellulis,
1096 542 1149 588 et
1194 531 1426 589 feminas
1457 548 1566 587 non
1595 533 1779 588 ridcn-
1807 550 1855 606 Α

3343 437 3447 501 590

1954 539 2040 595 “.23.
2080 541 2171 593 Dei
2208 544 2447 607 justitin.
2485 576 2545 587 —
2591 565 2606 597 |
2646 545 2926 609 Quomodo
2982 547 3094 621 [al.
3146 549 3451 626 Quoniam

1884 630 2193 687 inebriatus
2238 644 2344 697 est,
2392 634 2586 704 inquit,
2625 638 2679 691 in
2724 639 2865 693 cado
2909 640 3120 708 gladius
3170 660 3345 709 meus,
3397 656 3455 701 et

1882 738 2026 776 nunc
2061 738 2223 793 super
2259 724 2552 780 ldumaam
2586 729 2880 786 descendet
2911 732 3049 803 (Isa.
3095 753 3274 802 uxrv,
3309 740 3384 803 ὅ).
3428 760 3447 792 ι

1877 814 2102 872 Gladius
2135 818 2226 872 Dei
2284 819 2585 875 inebriatur
2620 822 2674 875 in
2710 826 2886 890 cmlis,
2941 838 2995 882 et
3048 840 3198 882 tttum
3253 834 3450 889 solium

1877 909 1982 962 erit
2016 911 2068 963 in
2102 914 2392 969 sanctitate
2442 918 2740 971 securum?
2789 920 2842 974 ln
2880 922 3171 978 ldtnuream
3226 926 3454 981 descen-

1879 1002 1967 1055 det
1997 1003 2036 1066 ',
2072 1018 2190 1070 qum
2221 1006 2631 1075 interpretatur,
2668 1011 2748 1064 vel
2790 1020 3137 1085 sanguinaria
3172 1021 3251 1073 vel
3285 1030 3451 1075 terre-

1880 1099 2005 1147 na“:
2042 1107 2096 1148 ut
2138 1100 2452 1167 prophetica
2504 1105 2829 1160 auctoritate
2878 1108 3178 1174 discamus,
3235 1130 3451 1169 omnem

1880 1195 2079 1242 terram
2116 1191 2361 1262 indigere
2384 1195 2611 1265 judicio.
2647 1197 2799 1254 Unde
2824 1204 3117 1271 sequitur:
3153 1228 3169 1260 ι
3216 1208 3449 1264 Victima

1881 1282 2092 1337 Domini
2114 1285 2165 1338 in
2191 1284 2377 1351 Bosra,
2409 1306 2425 1339 ι
2452 1305 2572 1357 qua:
2608 1292 3019 1362 interpretatur,
3043 1313 3199 1353 caro:
3236 1320 3254 1352 ‹
3284 1312 3338 1356 et
3363 1305 3451 1357 iu-

1881 1377 2128 1432 terfectio
2171 1379 2291 1447 ejus
2320 1382 2491 1435 multa
2520 1383 2571 1436 in
2610 1394 2752 1455 terra
2784 1387 3074 1452 Edom,rid
3101 1401 3204 1455 est,
3247 1393 3299 1444 in
3322 1407 3453 1444 san.

1878 1468 2029 1537 guine
2096 1469 2256 1540 (Ibid.
2294 1470 2370 1537 6),
2473 1473 2626 1551 juxta
2687 1480 2830 1545 quod
2883 1485 3033 1548 ponit
3086 1484 3383 1552 Apestulus
3435 1508 3447 1542 :

1888 1577 1906 1610 ι
1955 1558 2095 1614 Caro
2144 1569 2197 1615 et
2252 1564 2474 1630 sanguis
2528 1562 2754 1635 regnum
2798 1569 2887 1624 Dei
2950 1590 3054 1626 non
3095 1579 3455 1643 possidebunt

1881 1650 1931 1722 (1
1955 1652 2077 1707 Cor.
2123 1669 2213 1716 xv,
2250 1654 2398 1723 50).»
2440 1674 2459 1707 ‹
2501 1657 2591 1712 Va:
2618 1660 2712 1727 qui
2746 1663 3071 1717 contradicit
3106 1668 3278 1723 lictori
3326 1687 3450 1735 suo,

1879 1760 1959 1800 va:
1989 1745 2082 1814 qui
2137 1746 2267 1802 dicit
2303 1750 2468 1817 patri,
2506 1751 2707 1818 thuid
2735 1769 2819 1807 me
2851 1758 3165 1823 generasti?
3194 1770 3245 1813 et
3270 1765 3449 1826 tualri,

1880 1836 2060 1904 Quare
2094 1854 2177 1893 me
2227 1842 2485 1911 peperisti
2549 1844 2683 1913 (Isa.
2738 1861 2861 1911 xcv,
2896 1848 3023 1918 10)?
3059 1872 3077 1901 ι
3117 1848 3229 1906 Hoc
3258 1856 3322 1906 ad
3354 1871 3452 1910 ens

1878 1930 2129 1998 pertinet,
2167 1933 2485 2001 quidicunt,
2515 1932 2693 1999 Quare
2742 1939 2862 1991 talis
2911 1942 3158 1995 conditus
3182 1962 3325 2009 sum,
3358 1949 3451 2014 qui

1878 2037 1988 2077 non
2035 2038 2252 2091 possum
2286 2026 2339 2079 itt
2374 2038 2692 2094 perpetuum
2730 2045 2916 2086 carere
2972 2048 3193 2102 peccato
3221 2038 3244 2091 ?
3269 2039 3452 2106 Quare

1882 2114 1987 2167 tale
2016 2130 2107 2170 vas
2140 2116 2346 2182 licium,
2378 2128 2436 2172 ut
2473 2136 2577 2174 non
2612 2123 3022 2178 adamantinum
3047 2143 3445 2197 permanerem,

1880 2207 1972 2261 sed
1999 2207 2061 2261 ad
2095 2223 2309 2263 omnem
2336 2219 2538 2265 tactum
2568 2213 2731 2269 fictile
2761 2228 2920 2286 atque
2953 2217 3143 2291 fragile
3170 2222 3233 2277 ’i
3265 2244 3281 2275 ι
3323 2225 3450 2278 (lm-

1880 2315 1974 2355 nes
2007 2300 2151 2355 sicut
2184 2316 2312 2357 oves
2343 2306 2668 2371 erravimus;
2706 2318 2759 2363 et
2782 2314 3028 2367 omnium
3066 2327 3314 2370 nostrum
3346 2318 3450 2372 Do-

1881 2390 2063 2445 minus
2093 2403 2312 2457 peccata
2347 2398 2581 2461 portavit
2611 2398 2745 2467 (Isa.
2776 2416 2897 2467 LIII,
2932 2404 3008 2473 6).
3051 2424 3070 2458 ι
3112 2406 3343 2465 lntuitus
3366 2422 3451 2466 est

1880 2481 2049 2549 enim,
2097 2494 2151 2537 et
2184 2486 2475 2556 diligenter
2533 2488 2792 2561 inspexit,
2848 2495 3165 2566 nullmnque
3220 2504 3447 2569 reperit,

1880 2574 1974 2644 qui
2016 2576 2288 2645 judicaret
2330 2579 2495 2647 juste,
2537 2581 2628 2649 qui
2664 2597 2821 2637 suam
2870 2585 2921 2638 in
2958 2589 3212 2645 omnibus
3249 2591 3451 2648 faceret

1882 2664 2235 2719 voluntatem.
2270 2666 2336 2722 Et
2363 2667 2566 2724 idcirco
2594 2670 2878 2728 brachium
2908 2676 3027 2743 ejus
3054 2681 3278 2734 salutem
3315 2699 3453 2752 pne-

1882 2753 2021 2828 buit,
2053 2754 2335 2822 etjustitia
2368 2772 2466 2811 sua
2497 2760 2731 2815 salvavit
2758 2766 2964 2829 omnia,
2996 2776 3054 2821 ut
3090 2773 3270 2826 omnis
3299 2792 3455 2835 mun-

1884 2846 1985 2900 dus
2006 2847 2329 2916 subjiciatur
2351 2849 2483 2913 Deo,
2509 2860 2563 2905 et
2588 2851 2735 2907 illius
2760 2856 3047 2913 clementia
3074 2876 3450 2921 conservetur.

1882 2938 2110 2994 Fuimus
2167 2940 2311 2993 enim
2362 2942 2654 3008 immundi,
2685 2960 2792 2999 non
2856 2950 3034 3017 pauci,
3090 2955 3182 3007 sed
3236 2970 3447 3012 Omnes.

1891 3050 1909 3082 ι
1950 3032 2116 3099 Quasi
2151 3048 2363 3102 pannus
2392 3042 2770 3104 menStruataz,
2816 3052 3063 3107 reputata
3106 3058 3235 3099 sunt
3265 3052 3450 3103 otnnia

1886 3126 1939 3178 in
1977 3125 2090 3195 lege
2122 3139 2285 3194 Opera
2319 3137 2504 3183 nostra
2532 3128 2843 3198 (Isa.t.xrv,
2873 3137 2947 3203 t5).
2989 3153 3005 3185 ι
3042 3137 3118 3189 Ad
3149 3137 3449 3193 Jerusalem

1884 3217 1941 3273 in
1993 3218 2243 3274 Ezechiel
2301 3220 2543 3289 loquitur
2592 3222 2735 3278 Deus
2789 3243 2862 3280 εί
2917 3227 3160 3284 Perfecta
3221 3248 3343 3287 eras
3395 3234 3449 3287 in

194 3298 425 3362 quimttr
454 3292 567 3366 [αι.
604 3290 923 3364 loquamur]
944 3292 1291 3358 confidentia,
1314 3310 1549 3364 quorum
1573 3294 1768 3364 opibus
1796 3330 1798 3349 ς

1879 3313 2073 3368 decore
2098 3327 2219 3366 meo
2253 3311 2466 3382 (Ezec/i.
2506 3332 2614 3382 xvt,
2656 3315 2743 3387 Μ)
2774 3335 2788 3383 ;
2836 3336 2855 3369 r
2888 3330 2941 3373 et
2971 3332 3054 3375 est
3089 3340 3307 3390 sensus,
3343 3341 3449 3380 non

194 3388 559 3457 indigemus?
608 3384 675 3439 L’t
710 3386 836 3439 talia
882 3399 992 3439 non
1024 3398 1272 3455 agamus,
1312 3393 1372 3440 ut
1398 3385 1771 3440 abstineamus

193 3494 297 3532 nos
353 3478 426 3531 ab
486 3478 634 3530 onmi
695 3477 873 3546 specie
934 3486 1307 3546 peccatorum,
1374 3483 1524 3530 certe
1583 3490 1772 3529 verum

194 3574 465 3635 tacuisse,
504 3580 784 3639 peccatum
834 3578 938 3624 est.
982 3570 1305 3639 Quanquam
1355 3568 1501 3639 apud
1553 3566 1778 3637 Septua-

193 3664 346 3732 ginta
380 3676 494 3713 non
527 3661 598 3713 sit
638 3660 924 3727 seriptum,
974 3676 992 3710 ι
1031 3657 1166 3724 Quia
1196 3658 1362 3723 tacui,
1402 3676 1421 3709 ι
1450 3658 1565 3721 sed.
1601 3676 1619 3709 t
1649 3657 1778 3725 quia

195 3760 576 3819 compunctus
602 3766 743 3814 sum,
772 3769 789 3801 ι
820 3749 1157 3805 conscientia
1174 3749 1384 3805 scilicet
1408 3759 1777 3820 peccaturum,

197 3854 255 3899 ut
288 3845 424 3898 itlu-l
460 3843 801 3912 compleatur
832 3842 1209 3911 propheticum
1245 3860 1262 3898 :
1301 3861 1321 3896 ι
1360 3840 1623 3897 Versatus
1656 3857 1778 3897 sum

198 3936 255 3989 in
336 3936 610 4001 miseria,
674 3934 802 3987 dum
872 3934 1115 4003 inﬁgitur
1182 3934 1315 3987 mihi
1384 3932 1539 4002 spina
1599 3932 1778 4003 (Psal.

201 4044 356 4090 snt,
389 4029 475 4094 ὁ).
511 4044 529 4076 ι
566 4023 657 4079 Ille
686 4025 891 4094 peccati
923 4025 1078 4095 spina
1104 4026 1492 4095 compungitur
1528 4043 1541 4080 :
1577 4036 1634 4079 tu
1667 4025 1781 4079 vir-

200 4130 379 4173 lutum
408 4118 645 4171 ﬂoribus
675 4132 870 4173 vernas
906 4134 922 4175 :
961 4136 979 4169 ι
1024 4116 1347 4184 Erubescet,
1382 4115 1585 4187 inquit,
1624 4118 1779 4182 luna,

195 4222 253 4267 et
297 4211 675 4266 confundetur
722 4210 826 4274 sol,
882 4209 1107 4280 quando
1155 4209 1460 4266 visitaverit
1515 4210 1782 4268 Dominus

198 4319 374 4371 super
422 4301 680 4355 militiam
712 4302 837 4355 οωΙί
876 4301 929 4355 in
965 4302 1196 4358 excelsis
1230 4300 1368 4373 (Isa.
1405 4318 1557 4368 utv,
1597 4302 1714 4372 25),
1754 4321 1772 4353 ο

200 4398 306 4451 hoc
355 4406 443 4450 est
497 4392 642 4463 quod
686 4391 849 4464 774
900 4393 954 4447 in
1006 4393 1114 4448 alio
1162 4393 1283 4449 loco
1330 4394 1594 4459 scriptum
1646 4401 1777 4449 est:

205 4508 225 4539 σ
268 4489 432 4541 Astra
462 4499 684 4554 quoque
716 4499 821 4537 non
853 4493 981 4538 sunt
1022 4484 1223 4539 munda
1254 4485 1307 4539 in
1334 4495 1630 4555 conspectu
1659 4485 1777 4554 ejus

202 4581 349 4647 (Ιυὸ,
387 4594 515 4640 xxv,
553 4578 629 4645 5),
673 4595 689 4627 ι
723 4586 794 4638 et,
830 4595 847 4627 ε
881 4576 1181 4630 Adversum
1216 4578 1438 4645 angelos
1468 4594 1622 4646 suos,
1660 4594 1781 4649 per-

204 4687 430 4724 versum
476 4668 609 4737 quid
662 4668 859 4737 reperit
896 4667 1054 4737 (Job,
1109 4685 1181 4731 tv,
1227 4668 1341 4739 l8).
1393 4688 1413 4723 ι
1451 4670 1605 4725 Luna
1653 4686 1780 4725 eru-

201 4764 401 4827 bescit,
437 4761 524 4817 sol
567 4759 942 4823 confunditur,
977 4769 1032 4814 et
1060 4759 1262 4814 caelum
1304 4762 1549 4829 operitur
1577 4762 1779 4827 cilicio,

200 4867 261 4911 et
286 4871 387 4909 nos
422 4853 686 4921 intrepidi
713 4861 876 4919 atque
921 4850 1187 4911 letantes.
1220 4858 1379 4923 quasi
1412 4854 1560 4909 omni
1589 4869 1785 4908 carea-

204 4963 332 5001 mus
378 4946 541 5011 sitio,
590 4957 945 4998 occurremus
984 4942 1188 5011 judicis
1232 4944 1528 5014 majestati,
1568 4944 1789 5014 quando

204 5042 499 5095 tabesceut
553 5044 791 5098 montes,
845 5036 1013 5090 erecti
1066 5036 1319 5092 videlicet
1363 5038 1416 5092 in
1449 5039 1785 5106 superbiam,

204 5145 264 5188 et
303 5131 490 5184 omnis
539 5127 735 5181 militia
768 5127 1055 5189 caelorum,
1088 5127 1172 5180 vel
1207 5136 1378 5194 astra,
1408 5128 1490 5183 vel
1531 5128 1788 5197 angelitm

207 5227 512 5289 dignantes
542 5241 554 5273 :
588 5230 641 5273 et
680 5219 1147 5286 complirabuntur
1194 5219 1337 5273 sicut
1373 5220 1495 5274 libri
1545 5219 1694 5292 cceli,
1735 5227 1789 5274 et

207 5319 391 5371 amnis
454 5316 733 5367 exercitus
781 5326 972 5367 eorum
1027 5312 1200 5364 instar
1245 5310 1499 5365 foliorum
1567 5310 1788 5368 deﬂuet.

290 5542 455 5596 ‘liss.
482 5548 754 5607 peccantes
786 5537 1071 5607 aliquando
1090 5536 1594 5607 corripimus.mque
1633 5534 1790 5607 bene.

214 5615 421 5664 Verum
482 5604 646 5675 paulo
687 5604 917 5661 inferius
960 5623 1027 5661 ex
1083 5608 1271 5662 iisdem
1320 5604 1683 5675 praetulitnus,
1727 5604 1793 5659 Ut

209 5686 348 5737 talin
427 5674 526 5731 nm
591 5693 974 5747 agamus,cum
1004 5690 1160 5731 antea
1189 5684 1355 5739 esset,
1392 5674 1469 5747 Ut,
1518 5676 1649 5739 alta,
1684 5687 1793 5730 etc.

284 5757 305 5786 ί
356 5750 587 5803 Multum
626 5740 879 5800 'divi-rsis
943 5748 1159 5809 verbis,
1217 5746 1570 5801 concinninre
1626 5740 1841 5799 etiam‘

210 5840 381 5875 sensu
412 5822 617 5872 habent
655 5834 783 5871 mss.
817 5817 988 5870 nostri
1042 5826 1090 5869 et
1144 5818 1197 5870 in
1227 5831 1316 5869 tua
1349 5817 1513 5870 solum
1546 5814 1645 5867 erit
1670 5830 1795 5867 sun-

213 5904 400 5953 (κιεισ
432 5889 696 5957 jejunus?
733 5887 790 5941 lu
835 5886 1150 5949 ldunia'mn,
1193 5897 1295 5941 etc.

1883 3402 1938 3455 in
1979 3404 2084 3457 tuis
2146 3406 2424 3471 operibus,
2493 3422 2599 3461 non
2664 3410 2718 3463 in
2770 3421 2856 3464 tua
2914 3416 3269 3479 conscientia,
3329 3434 3452 3472 cor-

1882 3495 2073 3563 disque
2156 3496 2453 3562 jactantia,
2526 3499 2622 3553 sed
2712 3501 2764 3554 in
2839 3518 2959 3557 meo
3035 3505 3255 3573 decore,
3343 3512 3461 3579 quo

1883 3594 1934 3640 te
1990 3588 2275 3642 clementia
2368 3605 2486 3643 mea
2552 3591 2798 3647 libertate
2858 3597 2881 3624 ⁸
2929 3597 3277 3652 donaveram.
3349 3603 3450 3657 De~

1884 3680 2047 3748 niqne
2102 3681 2155 3734 in
2205 3683 2667 3751 consequentibus
2732 3687 2974 3753 inquitur
3018 3692 3083 3743 ad
3112 3708 3451 3763 ram,quan~

1881 3770 1954 3827 do
1982 3772 2223 3827 salvatur
2266 3789 2371 3827 non
2414 3789 2515 3829 suo
2548 3778 2762 3843 merito,
2807 3780 2967 3850 775
3003 3784 3093 3837 sed
3128 3786 3250 3853 ejus
3285 3789 3451 3843 uise-

1884 3862 2139 3916 ricortlia.
2184 3880 2203 3912 ι
2240 3861 2591 3919 Recordabar
2638 3869 2780 3936 pacti
2818 3873 2919 3925 mei
2956 3884 3131 3927 tecum
3170 3878 3220 3929 in
3254 3878 3447 3933 diebus

1882 3952 2260 4008 adolescentiae
2301 3964 2426 4017 tuae,
2467 3966 2521 4012 et
2568 3958 2846 4015 suscitabo
2896 3962 2990 4016 tibi
3040 3978 3254 4032 pactum
3304 3986 3448 4024 sent-

1884 4044 2182 4113 piternum,
2220 4054 2276 4099 et
2302 4048 2675 4105 recordaberis
2712 4051 2919 4106 viarum
2956 4064 3192 4122 tuarum,
3225 4068 3277 4113 ct
3310 4078 3446 4115 con-

1882 4132 2130 4191 funderis
2170 4134 2331 4204 (Ibid.
2371 4135 2457 4202 60,
2510 4137 2625 4207 61).
2661 4157 2679 4190 ι
2722 4139 2787 4194 Et
2830 4142 3027 4197 iterum
3060 4162 3075 4198 :
3113 4164 3131 4196 ι
3167 4147 3453 4205 Suscitabu

1882 4234 2100 4296 paetum
2145 4244 2325 4283 meum
2357 4238 2537 4285 tecum
2576 4240 2632 4285 et
2682 4234 2825 4289 scies
2866 4236 2993 4305 quia
3032 4252 3130 4308 ego
3164 4239 3448 4308 Dominus,

1884 4329 1943 4373 ut
1977 4319 2281 4374 recorderis
2318 4330 2375 4375 et
2400 4320 2777 4387 confundaris,
2826 4338 2881 4381 et
2919 4342 3027 4383 non
3059 4332 3130 4384 sit
3164 4332 3259 4386 tibi
3308 4336 3451 4390 ultra

1884 4407 2098 4476 aperire
2120 4420 2206 4470 os,
2238 4423 2349 4478 prae
2375 4411 2697 4467 confusione
2725 4426 2840 4481 tua,
2866 4432 2989 4471 cum
3019 4420 3173 4475 fuero
3206 4424 3451 4491 placatus

1886 4500 1981 4554 tibi
2032 4501 2085 4554 in
2130 4503 2385 4558 omnibus
2435 4520 2557 4574 quae
2604 4506 2802 4573 fecisti,
2861 4511 2939 4565 ait
2991 4511 3252 4579 Dominus
3310 4517 3455 4577 Deus

1890 4591 2052 4664 (Ibid.
2103 4595 2193 4659 62,
2244 4596 2356 4664 65).
2418 4614 2437 4647 ι
2495 4597 2633 4655 Ecce
2696 4613 2882 4670 aperte
2952 4604 3139 4661 divino
3197 4623 3455 4668 sermone

1894 4695 2254 4751 monstratur,
2298 4690 2430 4758 quid
2464 4690 2517 4745 in
2551 4692 2659 4746 alio
2687 4693 2804 4748 loco
2844 4695 3046 4750 dixerit
3079 4714 3093 4751 :
3135 4716 3153 4749 ι
3192 4699 3256 4753 Ει
3290 4718 3455 4754 mnu-

1891 4778 2025 4832 dans
2072 4789 2122 4832 te
2161 4793 2269 4834 non
2323 4781 2485 4837 faciet
2540 4784 2883 4840 innocentem
2921 4785 3185 4855 (Na/tum.
3227 4807 3266 4857 ι,
3302 4793 3391 4860 5);
3432 4813 3451 4845 ι

1893 4868 2036 4937 quod
2067 4869 2201 4938 justi
2230 4885 2447 4941 quoque
2476 4883 2529 4926 et
2554 4883 2672 4942 post
2699 4885 2979 4943 peccatum
3016 4880 3066 4931 in
3100 4892 3303 4936 statum
3342 4890 3458 4953 pri-

1892 4963 2101 5015 stinum
2150 4963 2412 5031 restituti,
2444 4979 2507 5019 os
2541 4968 2752 5035 aperire
2777 4985 2882 5023 non
2912 4973 3175 5037 audeant,
3212 4977 3303 5029 sed
3334 4994 3456 5033 cum

1892 5056 2153 5123 Apostolo
2191 5058 2409 5112 dicant:
2441 5077 2459 5110 ι
2492 5058 2591 5125 Qui
2624 5077 2728 5115 non
2770 5078 2888 5116 smn
2914 5064 3105 5133 dignus
3130 5070 3460 5137 vocariapn-

1894 5149 2089 5210 stolus,
2119 5149 2245 5215 quia
2272 5164 2590 5218 persecutus
2616 5169 2734 5206 sum
2793 5153 3095 5209 Ecclesium
3148 5158 3237 5213 Dei
3263 5158 3313 5230 (Ι
3336 5162 3457 5217 Cur.

1896 5256 1983 5307 xv,
2032 5243 2105 5310 9).
2159 5262 2177 5295 ι
2221 5245 2463 5314 Denique
2514 5255 2567 5301 et
2627 5248 2676 5299 in
2728 5247 2833 5300 alio
2886 5249 3008 5303 loco
3066 5266 3160 5319 per
3204 5253 3458 5308 eumdem

1897 5336 2213 5403 prophetam
2233 5336 2298 5389 ad
2316 5353 2429 5399 eos,
2452 5338 2542 5393 oui
2565 5338 2708 5392 illius
2737 5339 3162 5395 misericordiam
3184 5346 3462 5400 consecuti

1969 5538 1989 5570 ³
2022 5537 2145 5591 Mss.
2173 5537 2255 5610 .id
2287 5555 2490 5591 onmem
2517 5550 2715 5591 tactum
2746 5541 2927 5593 inutile
2951 5553 3104 5608 atque
3131 5512 3414 5610 fi'hngibilc
3445 5558 3460 5595 :

1899 5608 2300 5729 alli’i',’equibus
2360 5626 2501 5663 unus
2553 5611 2869 5676 Vaticanus,
2910 5610 3063 5678 futile
3110 5608 3271 5681 atque
3312 5614 3465 5681 {rau-

1899 5695 1943 5729 ai
1986 5694 2070 5729 ie.

1932 5694 2070 5731 ioue.

1895 5695 1926 5749 g
1966 5749 1988 5778 δ
2025 5749 2174 5802 Unus
2210 5748 2382 5801 Valic.
2406 5791 2421 5812 ,
2472 5766 2573 5817 quo
2608 5761 2654 5802 te
2688 5751 2975 5804 clenentiw
3021 5767 3147 5805 mea:
3192 5752 3461 5821 libertate,

1898 5828 2002 5873 etc.
2040 5821 2194 5874 Alius
2245 5821 2533 5873 deminuit.-
2589 5837 2713 5874 nth
2749 5822 3087 5888 liberalitate,
3115 5831 3220 5876 etc.
