4198 6490
696 461 796 524 591

1886 457 1942 515 S.
1992 453 2305 514 EUSEBII
2348 451 2780 515 HIERONYMI

3849 443 3953 504 592

693 588 818 632 sunt
860 579 896 640 ',
933 573 1175 644 loquitur
1214 573 1384 630 Deus:
1425 591 1442 623 ι
1484 571 1548 625 Et
1587 572 2016 626 rccordabiinini
2053 572 2265 624 viarum
2298 583 2339 637 Α
2375 574 2466 627 sed
2526 575 2747 643 propria
2797 570 3078 626 voluntate
3114 585 3128 634 ;
3163 568 3288 634 quia
3342 565 3646 620 docuerunt
3706 565 3952 633 linguam

692 679 994 724 vestrarum
1030 677 1083 721 et
1107 667 1352 721 omnium
1391 663 1656 718 sceierum
1695 674 2023 726 vestrorum,
2057 663 2261 732 quibus

693 763 882 834 polluti
917 764 1111 825 eratis,
1135 772 1187 814 et
1213 757 1526 828 displicebit
1553 758 1705 811 vobis
1730 756 1747 827 [
1768 756 1842 810 al.
1869 753 2263 827 displicebitis]

693 859 746 911 iu
798 867 1091 925 conspectu
1137 861 1339 914 vestro,
1391 851 1443 902 in
1480 849 1695 904 cunctis
1748 847 1972 902 malitiis
2011 863 2151 917 quas
2191 847 2268 901 fe-

685 949 868 1012 cistis,
893 957 946 1001 et
974 947 1155 999 scietis
1183 943 1308 1012 quia
1339 957 1437 1012 ego
1460 939 1749 1005 Dominus,
1785 954 1910 994 cum
1944 938 2268 994 benefecero

689 1041 848 1095 vobis
870 1046 1089 1109 propter
1105 1050 1302 1090 nomen
1327 1049 1532 1099 meum,
1552 1048 1658 1086 non
1682 1032 1982 1086 secundum
2035 1031 2150 1085 vias
2173 1047 2266 1086 ve-

691 1143 834 1186 stras
857 1129 1053 1188 malas.
1078 1141 1256 1194 neque
1279 1124 1579 1179 secundum
1605 1122 1808 1177 scelera
1829 1132 2007 1176 vestra
2031 1123 2268 1191 pessima

691 1224 930 1295 (Ezech.,
959 1238 1054 1288 xx,
1095 1221 1184 1283 43,
1209 1221 1354 1284 44).»
1384 1216 1790 1284 Erubescamus
1813 1225 1976 1284 atque
1998 1216 2268 1278 dicamus,

690 1320 834 1389 quod
869 1317 1166 1386 loquuntur
1191 1313 1242 1366 lii
1291 1311 1508 1380 quijam
1538 1309 1759 1380 praemia
1783 1310 2060 1364 consecuti
2109 1317 2264 1364 sunt:

690 1414 983 1482 loquamur
1038 1417 1357 1478 peccatores
1410 1420 1576 1473 super
1613 1413 1836 1469 terram,
1885 1411 1939 1456 et
1985 1403 2040 1455 in
2094 1402 2269 1470 fragili

694 1505 1016 1573 mortalique
1051 1513 1283 1568 corpore
1319 1497 1631 1558 constituti,
1669 1495 1815 1565 quod
1862 1501 2087 1548 sanctos
2121 1493 2271 1546 vide-

692 1611 814 1651 mus
860 1595 914 1648 iu
951 1591 1104 1647 cmlis
1137 1591 1342 1652 dicere,
1400 1589 1562 1641 etiam
1624 1583 2038 1653 incorruptione
2070 1591 2126 1637 et
2168 1583 2272 1635 ini-

693 1689 1030 1744 mortalitate
1061 1685 1297 1739 donatos
1331 1696 1346 1735 :
1386 1697 1405 1731 ι
1455 1679 1519 1732 Ει
1559 1677 1763 1740 dicitis,
1805 1676 2003 1745 inquit,
2035 1674 2155 1728 Non
2190 1683 2277 1728 est

689 1793 840 1839 recta
859 1781 942 1836 via
965 1776 1203 1840 Domini,
1223 1788 1346 1828 cum
1371 1781 1566 1827 vestras
1587 1770 1686 1823 via:
1719 1784 1896 1838 pravae
1922 1768 2031 1823 sint
2051 1767 2274 1838 (Ezecli.

690 1885 889 1933 xxxiii,
927 1865 1042 1936 οὶθ).
1066 1862 1506 1918 iPliarisazorum
1545 1870 1631 1914 est
1682 1859 1787 1911 hoc
1840 1857 2191 1928 supercilium
2228 1857 2274 1920 ',

2370 681 2522 720 suam
2560 665 3001 728 meudacium,ct
3033 663 3192 734 proni
3215 663 3465 716 feruntur
3492 659 3555 711 ad
3595 657 3952 728 iojustitiam.

2378 778 2394 809 ι
2429 758 2482 812 Si
2511 758 2785 828 EthiOps,
2822 758 2919 821 ait,
2952 756 3248 811 mutaverit
3296 754 3492 824 pellem
3534 766 3712 809 suam.
3748 762 3796 802 et
3829 763 3958 816 par-

2367 854 2470 905 dus
2496 853 2810 906 varietatem
2826 866 3005 912 suam,
3030 859 3082 903 et
3111 864 3209 903 vos
3238 847 3488 916 poteritis
3515 844 3686 899 facere
3723 842 3954 900 bonum,

2369 956 2487 994 cum
2519 942 2823 996 didiceritis
2869 942 3009 995 mala
3039 939 3252 1009 (Jerem.
3298 954 3416 1002 xiii,
3455 934 3570 999 25).
3602 954 3620 986 ι
3670 933 3729 986 Et
3745 947 3815 1003 go
3846 933 3959 1000 pel-

2372 1034 2436 1089 lis
2479 1032 2786 1103 Althiopica
2821 1045 2876 1090 et
2913 1033 3202 1102 pardorum
3235 1029 3472 1084 varietas
3521 1028 3828 1097 disciplinae
3852 1034 3956 1082 est.

2375 1145 2479 1182 non
2514 1140 2739 1192 naturae,
2766 1143 2886 1192 quae
2929 1131 3158 1181 docetur
3216 1133 3270 1178 et
3329 1123 3560 1176 discitur
3597 1139 3611 1188 ;
3644 1130 3829 1174 tanien
3861 1132 3958 1169 au-

2375 1221 2504 1276 ferri
2540 1236 2646 1276 non
2687 1228 2864 1291 potest
2892 1219 3082 1273 vitium
3114 1217 3290 1273 inoliii
3327 1214 3476 1278 mali,
3513 1214 3617 1270 nisi
3673 1229 3768 1281 per
3802 1225 3954 1271 eum.

2373 1318 2459 1370 cui
2500 1317 2679 1369 omnia
2715 1313 2998 1384 possibilia
3033 1322 3184 1366 sunt.

2443 1405 2534 1458 27.
2570 1405 2726 1459 Unde
2781 1403 3024 1473 loquitur
3077 1402 3144 1455 ad
3198 1417 3344 1464 eum,
3403 1400 3497 1469 qui
3561 1398 3714 1452 solus
3792 1410 3958 1450 verus

2377 1497 2623 1551 medicus
2673 1506 2753 1550 cst
2791 1513 2804 1551 :
2853 1515 2871 1548 ι
2911 1495 3054 1549 Sana
3131 1510 3235 1558 ine,
3276 1492 3525 1556 Domine,
3557 1498 3609 1544 et
3664 1487 3908 1543 satiabor
3943 1501 3958 1542 :

2379 1590 2589 1642 salvum
2626 1603 2709 1642 me
2743 1587 2851 1648 fac,
2888 1587 3135 1651 Domine,
3182 1596 3234 1640 et
3272 1585 3460 1640 salvus
3499 1598 3592 1636 ero
3625 1601 3637 1644 ;
3666 1592 3720 1634 tu
3752 1593 3814 1633 es
3841 1579 3962 1647 glo-

2379 1681 2456 1733 ria
2487 1678 2586 1752 [al.
2625 1676 2900 1749 gloriatio]
2955 1693 3074 1731 mea
3133 1686 3187 1730 et
3235 1691 3359 1746 spes
3389 1690 3511 1729 mea
3546 1673 3765 1742 (Jereui.
3822 1685 3960 1732 xvii,

2381 1774 2493 1843 N).
2539 1791 2556 1822 ι
2596 1771 2652 1824 Si
2683 1771 2831 1825 enim
2882 1769 2948 1823 ad
3009 1769 3382 1823 conditionem
3440 1782 3615 1821 meam
3668 1763 3964 1818 infelicita-

2383 1878 2600 1936 temque
2625 1864 2942 1935 respiciam,
2969 1863 3104 1916 nihil
3133 1862 3278 1916 aliud
3314 1863 3417 1916 nisi
3458 1861 3561 1916 hoc
3608 1873 3830 1928 possum
3877 1857 3962 1910 lo-

697 1971 754 2016 ut
795 1968 1021 2032 poccata
1059 1955 1292 2025 propria:
1351 1951 1649 2004 voluntatis
1685 1947 1928 2003 referant
1979 1948 2043 2001 ad
2077 1947 2276 2000 Condi-

2383 1963 2473 2029 qui
2509 1978 2524 2016 :
2561 1981 2577 2012 ι
2619 1958 2950 2014 Maledictus
3010 1959 3174 2010 homo
3213 1955 3234 1984 ⁸
3268 1955 3361 2022 qui
3414 1954 3760 2007 annuntiavit
3815 1951 3959 2019 patri

696 2055 831 2109 toris
879 2048 1158 2121 injuriam,
1215 2051 1270 2097 et
1315 2044 1464 2097 illius
1519 2041 1792 2111 justitiam
1849 2039 2276 2093 calumnieiitur.

696 2148 1020 2201 Sacerdotes
1083 2139 1277 2208 templi.
1332 2137 1594 2209 mystici,
1671 2136 1812 2206 quod
1877 2135 2278 2203 interpretatur

697 2239 966 2303 Ecclesia,
1006 2235 1101 2288 filii
1151 2233 1390 2296 Sadoch,
1447 2246 1565 2284 cum
1603 2229 1949 2284 vestimentis
1981 2227 2277 2283 ministerii

693 2347 804 2386 non
827 2328 1184 2400 egrediuntur
1213 2324 1278 2378 ad
1305 2323 1561 2392 populum
1621 2319 1839 2390 (Ezerli.
1871 2335 2016 2383 xLiv,
2051 2319 2136 2384 15,
2166 2319 2276 2388 16),

697 2439 766 2480 ne
813 2426 1049 2477 humana
1087 2415 1500 2473 conversatione
1538 2412 1862 2468 sanctiﬁcati
1909 2412 2276 2466 maculentnr.

700 2519 764 2572 Et
799 2527 856 2572 tu
898 2516 951 2570 in
983 2513 1164 2567 medio
1187 2509 1355 2580 vulgi,
1392 2522 1649 2578 unusque
1678 2508 1745 2561 de
1771 2507 1977 2577 populo
2009 2505 2274 2560 mundum

695 2625 820 2667 esse
857 2621 908 2665 te
940 2605 1159 2662 credis?

770 2795 855 2849 26.
888 2791 972 2846 Ea:
998 2787 1250 2844 Ieremia.
1272 2815 1342 2826 —
1370 2783 1663 2840 Jeremiam
1721 2781 2040 2852 prophetam
2087 2781 2276 2835 brevi-

697 2900 778 2941 Iﬂl’
822 2891 1230 2955 percurrentes,
1311 2891 1472 2931 sensu
1538 2876 1714 2944 inagis
1784 2890 1946 2944 quam
2023 2889 2279 2930 sermone

692 2992 1012 3050 carpamus.
1042 2993 1060 3024 ι
1091 2971 1352 3033 Circuitc,
1381 2969 1580 3036 inquit,
1615 2967 1668 3020 in
1701 2968 1936 3020 exitibus
1969 2966 2275 3022 Jerusalem

693 3085 744 3128 et
787 3070 1019 3142 qumrite
1054 3068 1106 3118 iu
1147 3063 1344 3134 plateis
1405 3061 1527 3130 ejus
1579 3059 1746 3129 776
1798 3059 1972 3113 sicubi
2034 3061 2276 3129 reperire

665 3164 945 3239 _p0teritis
984 3159 1184 3221 virum,
1221 3153 1316 3225 qui
1352 3155 1508 3224 juxta
1535 3151 1806 3221 justitiam
1843 3153 2065 3205 vivatet
2093 3152 2274 3216 fidem,

694 3269 749 3313 et
785 3271 882 3312 ero
925 3252 1192 3323 pr0pitius
1219 3258 1443 3318 propter
1472 3262 1621 3302 eum.
1659 3245 1928 3310 Quamvis
1985 3248 2132 3298 enim
2181 3245 2268 3298 di-

696 3359 824 3404 cant
869 3366 881 3403 :
915 3346 1064 3400 Vivit
1101 3343 1390 3404 Dominus,
1418 3339 1798 3394 fraudulenter
1843 3338 2053 3404 jurant,
2091 3338 2273 3394 ethoc

697 3451 877 3514 ipsum
908 3443 960 3495 in
993 3436 1281 3494 mendacio
1309 3433 1530 3503 (Jerem.
1559 3450 1612 3498 v,
1647 3433 1698 3494 l,
1721 3433 1799 3500 Ξ).
1838 3451 1857 3484 ι
1890 3430 2117 3487 Refutat
2147 3447 2278 3502 pec-

696 3553 945 3594 catorqu
983 3530 1253 3589 sacriﬁcia
1283 3547 1298 3594 ;
1324 3531 1623 3584 vesceiidas
1657 3525 1897 3580 detrahit
1921 3525 2279 3580 offerentibus

696 3628 979 3694 hostias',
1013 3625 1206 3680 dicens
1241 3637 1298 3678 se
1338 3636 1443 3676 non
1481 3621 1775 3674 mandasse
1805 3619 2058 3687 patribus
2085 3635 2304 3686 eorum,

696 3723 918 3794 quando
969 3718 1160 3772 eduxit
1201 3729 1299 3770 eos
1331 3713 1397 3768 de
1435 3722 1580 3766 terra
1639 3710 1882 3782 Egypti,
1917 3720 1976 3763 ut
2010 3709 2279 3765 offerrent

695 3813 1018 3884 huiusmodi
1078 3807 1378 3865 sacriﬁcia.
1434 3803 1551 3858 Non
1611 3804 1758 3858 enim
1827 3804 2132 3868 voluntate,
2185 3802 2280 3856 sed

698 3908 972 3963 idolorum
1029 3897 1443 3969 comparatione
1513 3894 1817 3958 mandavit,
1895 3894 2109 3948 malens
2174 3893 2279 3948 sibi

697 3999 882 4056 oﬁerri
929 3995 1202 4055 victimas,
1249 4004 1413 4058 quam
1460 3985 1827 4040 daemonibus.
1860 3985 2064 4040 Omnes
2101 3999 2282 4040 reces-

699 4101 889 4149 serunt
915 4089 983 4142 ab
1011 4101 1097 4150 eo,
1118 4083 1304 4136 nullus
1335 4090 1418 4134 est
1449 4080 1540 4148 qui
1581 4078 1840 4148 loquatur
1880 4076 2047 4140 bona,
2081 4084 2133 4131 et
2158 4086 2283 4145 agat

702 4179 1080 4254 pceuiti-ntiatn
1117 4175 1181 4229 de
1213 4172 1450 4243 peccatis
1483 4169 1621 4225 suis.
1674 4168 2000 4238 Sequuntur
2032 4169 2283 4237 proprias

703 4280 1038 4334 voluntates,
1090 4266 1248 4336 quasi
1301 4278 1478 4332 equus
1528 4271 1811 4331 promptus
1865 4262 1930 4315 ad
1998 4261 2278 4331 praelium.

702 4368 999 4426 lutcuduut
1051 4353 1289 4429 linguam
1322 4371 1474 4410 suain
1512 4355 1668 4424 quasi
1711 4370 1898 4408 arcum
1937 4371 1952 4421 ;
2001 4356 2281 4408 mentiun-

705 4474 790 4515 tur
828 4459 1036 4518 omnia,
1070 4462 1124 4504 ct
1177 4456 1402 4504 nonest
1458 4447 1512 4500 iii
1555 4445 1635 4499 eis
1691 4443 1912 4497 veritas.
1965 4445 2280 4497 Amicorum

705 4564 924 4620 quoque
954 4544 1230 4601 cavendas
1272 4540 1500 4594 insidias
1533 4537 1874 4608 pr:ecipit,et
1901 4535 2030 4588 nulli
2062 4535 2283 4590 credere

2299 3304 2340 3361 C

2383 2067 2524 2115 meo,
2549 2053 2738 2107 dicens
2772 2070 2785 2105 :
2825 2051 2962 2104 Ecce
2995 2061 3156 2104 natus
3183 2057 3266 2103 est
3298 2048 3394 2100 tibi
3429 2062 3564 2115 puer
3593 2063 3607 2111 ;
3651 2044 3740 2097 ﬁat
3789 2043 3962 2097 homo

2381 2144 2471 2197 ille
2505 2145 2702 2197 similis
2749 2143 3004 2207 urbibus,
3057 2157 3197 2211 quas
3259 2140 3529 2196 subvertit
3581 2139 3741 2192 Deus.
3771 2136 3960 2201 Quare

2381 2239 2524 2290 enim
2559 2237 2612 2290 in
2658 2237 2818 2290 vulva
2886 2251 2996 2290 non
3042 2234 3226 2289 statim
3269 2233 3430 2301 perii,
3476 2243 3530 2286 et
3577 2232 3775 2286 fuisset
3817 2229 3959 2281 mihi

2381 2331 2692 2399 sepulcrum
2748 2340 2923 2383 mater
2992 2343 3135 2393 mea,
3189 2339 3241 2383 et
3276 2331 3432 2381 vulva
3517 2329 3638 2397 ejus
3703 2326 3964 2380 infernus

2380 2421 2792 2490 sempiternus?
2821 2421 2999 2486 Quare
3029 2437 3279 2492 egressus
3307 2437 3425 2475 smn
3457 2435 3521 2474 ex
3557 2430 3736 2481 utero,
3770 2427 3831 2470 ut
3884 2419 3963 2470 vi-

2380 2519 2564 2570 derem
2608 2515 2824 2569 labores
2849 2525 2904 2569 et
2928 2515 3200 2579 miserias,
3228 2522 3281 2568 et
3326 2521 3787 2566 consumerentur
3844 2511 3965 2564 dies

2380 2607 2486 2662 mei
2520 2607 2574 2660 iii
2607 2607 2866 2660 mruuinis
2900 2605 3118 2671 (Jerem.
3169 2622 3262 2669 xx,
3309 2605 3376 2658 i5
3419 2603 3624 2673 seqq)?
3652 2621 3669 2653 ι
3719 2603 3963 2656 Tantum

2379 2699 2446 2753 de
2482 2714 2580 2753 sua
2614 2699 2927 2753 conditione
2977 2712 3208 2752 securus
3247 2707 3353 2758 est,
3395 2707 3450 2751 et
3499 2698 3578 2750 sic
3635 2694 3868 2748 conﬁdit
3906 2695 3962 2747 in

2381 2791 2724 2854 fortitudine,
2755 2800 2815 2844 ut
2843 2801 3069 2843 mortem
3105 2789 3266 2859 777
3313 2789 3565 2857 praeferat
3601 2789 3750 2844 vitae.
3777 2788 3962 2844 Nave.

2381 2897 2464 2938 rat
2507 2886 2651 2938 enim
2708 2885 2906 2937 vulnus
2959 2898 3120 2938 suum
3167 2892 3218 2936 et
3274 2884 3568 2952 potentiam
3627 2883 3769 2951 ejus,
3801 2898 3961 2950 quem

2382 2980 2560 3033 celare
2598 2978 2736 3032 nihil
2763 2985 2964 3047 potest,
2997 2977 3090 3047 qui
3128 2976 3372 3044 loquitur
3405 2992 3498 3048 per
3529 2977 3856 3045 pl'Ojihelilm
3891 2980 3909 3009 '
3941 2993 3956 3029 :

2385 3093 2404 3127 ι
2442 3073 2579 3128 Deus
2608 3071 3054 3142 appropinquans
3086 3085 3209 3140 ego,
3253 3080 3309 3127 et
3363 3087 3468 3125 non
3503 3072 3691 3140 procul
3730 3069 3958 3136 (Jerem.

2380 3182 2541 3231 χχιιι,
2565 3165 2678 3234 23).
2715 3182 2732 3216 ι
2771 3162 2873 3228 Qui
2901 3163 3046 3216 enim
3076 3164 3274 3218 coelum
3311 3164 3480 3233 replet
3504 3172 3558 3217 et
3592 3173 3821 3226 terram,
3846 3165 3964 3218 nul-

2383 3259 2466 3311 lut-
2498 3264 2671 3327 potest
2724 3256 2896 3309 vitare
2940 3255 3056 3324 ejus
3111 3255 3389 3319 notitiam,
3423 3265 3477 3310 et
3507 3255 3693 3310 cordis
3743 3256 3963 3311 occulta

2382 3350 2581 3408 celare.
2616 3346 2715 3414 Qui
2766 3354 3049 3400 scrutatur
3083 3361 3260 3411 renes,
3287 3347 3615 3417 introspicit.
3654 3347 3716 3400 Et
3740 3358 3802 3402 ut
3829 3350 3967 3403 scia-

2383 3458 2506 3496 mus
2544 3443 2633 3496 Dei
2661 3455 2782 3496 esse
2817 3439 3019 3495 bonum
3052 3455 3214 3494 omne
3243 3440 3393 3509 quod
3426 3441 3668 3511 gerimus
3702 3458 3718 3493 :
3758 3461 3778 3492 ε
3827 3441 3964 3513 Ego,

2384 3536 2586 3604 inquit,
2625 3534 2884 3604 plantabo
2917 3549 3034 3598 eos,
3086 3541 3145 3586 ut
3187 3547 3532 3602 nequaquam
3585 3533 3963 3600 eradiceiitur,

2381 3637 2433 3680 et
2461 3641 2563 3694 ego
2614 3627 2754 3680 dabo
2788 3627 2868 3680 eis
2904 3625 3291 3694 cogitationem
3323 3633 3378 3678 et
3408 3639 3656 3691 sensum,
3687 3636 3748 3679 ut
3797 3628 3968 3682 intel-

2382 3719 2548 3788 ligant
2610 3733 2696 3772 me
2757 3719 2970 3787 (Jerem.
3019 3733 3167 3780 ιλιι,
3193 3718 3254 3782 6,
3318 3718 3392 3788 7).
3446 3737 3466 3770 ι
3505 3717 3563 3773 Si
3612 3722 3883 3789 cogitatio
3915 3733 3970 3775 et

2383 3823 2578 3863 sensus
2603 3807 2808 3862 dantur
2830 3824 2858 3862 a
2886 3808 3090 3872 Deo,et
3113 3808 3424 3864 intellectus
3451 3808 3658 3863 Domini
3687 3825 3763 3865 ex
3795 3811 3966 3879 illius,

2385 3902 2478 3970 qui
2517 3900 2827 3956 noscendus
2858 3910 2961 3966 est,
3016 3900 3200 3954 radice
3238 3901 3489 3970 pullulat,
3547 3901 3635 3954 ubi
3682 3912 3767 3957 est
3812 3904 3969 3960 liberi

2385 3993 2602 4046 arbitrii
2641 4001 2854 4045 tantum
2904 3991 3138 4061 superba
3181 3992 3442 4062 jactatio?
3496 3991 3764 4049 Volumus
3828 4001 3969 4052 scire

2385 4085 2751 4139 conditionem
2777 4094 3040 4147 nostrain,
3068 4085 3354 4139 audiamus
3386 4084 3692 4141 historiam.
3715 4087 3967 4143 luat-him

2387 4192 2478 4230 rex
2503 4175 2660 4241 Juda,
2691 4176 2985 4245 cunctique
3010 4176 3145 4232 socil
3176 4176 3296 4245 ejus
3319 4187 3370 4231 et
3400 4180 3674 4247 principes
3698 4182 3846 4247 ejus,
3872 4198 3970 4235 au-

2388 4271 2515 4324 ditis
2568 4271 2914 4323 sermonibus
2962 4267 3134 4337 Urie,
3180 4269 3471 4323 voluerunt
3527 4271 3782 4324 occidere
3842 4288 3967 4328 eum

2388 4360 2603 4431 (larem.
2633 4376 2784 4424 am,
2824 4360 2936 4428 Ἦ).
2977 4360 3128 4426 Quod
3165 4375 3291 4413 cum
3346 4359 3436 4414 ille
3465 4361 3773 4424 didicisset,
3803 4366 3972 4420 timo-

2389 4468 2444 4508 re
2475 4455 2794 4522 perterritus
2825 4452 2959 4520 fugit
2992 4453 3045 4506 in
3072 4451 3389 4522 Egyptuin.
3416 4454 3527 4507 Cur
3548 4468 3779 4510 mortem
3809 4455 3972 4511 time-

2388 4546 2499 4612 bat,
2528 4545 2617 4614 qui
2668 4545 2962 4616 explicavit
2996 4546 3323 4600 sententiain
3377 4545 3612 4610 Domini,
3649 4558 3700 4599 et
3736 4549 3890 4616 quia
3915 4563 3972 4602 se

710 4643 1103 4714 proximorum.
1127 4633 1386 4704 Singulos
1407 4632 1552 4684 enim
1589 4628 1837 4682 insidiari
1865 4629 2078 4691 amicis,
2099 4638 2152 4681 et
2175 4627 2276 4680 fra-

2396 4638 2634 4691 nuniiari
2665 4638 2879 4692 Domini
2915 4646 3145 4691 noverat
3176 4637 3557 4690 voluntatem?
3589 4637 3971 4707 Dedignamur

711 4751 844 4791 trem
863 4754 887 4786 ιι
907 4733 1073 4785 iratre
1103 4729 1300 4796 decipi,
1339 4736 1394 4780 et
1415 4724 1520 4778 hoc
1543 4723 1722 4776 facere
1747 4737 1852 4774 non
1881 4730 2090 4775 natura:
2118 4721 2281 4786 malo,

785 4895 801 4924 ¹
843 4891 992 4947 Unus
1034 4888 1322 4950 Vatican.,
1377 4884 1526 4937 illius
1577 4881 1945 4934 misericordia
1991 4881 2284 4934 conservati

711 4975 856 5020 sunt.
919 4962 1035 5015 Moti
1109 4975 1172 5012 ex
1234 4956 1492 5010 omnibus
1549 4963 1597 5006 et
1653 4952 2081 5020 recortlabimiiii,
2131 4953 2285 5019 juxta

712 5018 962 5090 Crmcuiii
1023 5026 1426 5097 pvqeﬁﬂssoﬁs,
1481 5026 1828 5097 reposuimus
1866 5037 1988 5075 cum
2018 5018 2282 5097 ⁸νιριοςὶτι,

715 5124 812 5174 pro
842 5123 949 5172 quo
1011 5091 1260 5152 Stantiaii.
1295 5095 1688 5174 recordamini.
1722 5091 2126 5173 hAliliOIa'lldUlli
2186 5092 2286 5144 hoc

717 5163 836 5230 ioco
861 5163 1182 5238 Pelagianos
1217 5171 1304 5232 qui
1339 5169 1392 5218 in
1436 5166 1520 5238 die
1561 5163 1765 5238 judicii
1788 5163 1982 5238 iniquis
2025 5176 2068 5238 et
2102 5177 2287 5238 pecca-

717 5249 916 5299 toribus
957 5232 1058 5294 non
1087 5238 1406 5306 pur-rendam
1437 5235 1709 5306 dicebant.
1757 5235 1886 5306 ideo
1911 5232 2185 5306 confutari
2215 5235 2282 5306 ab

722 5304 1246 5384 llieronyuio,‘quod
1283 5310 1424 5384 inter
1452 5305 1858 5384 gravioruninet
1878 5304 2140 5355 IeVilll'lllll
2168 5304 2284 5354 cul-

721 5370 944 5457 parum.
975 5370 1249 5435 rcus-nou
1285 5370 1708 5444 distinguerent.
1762 5370 1882 5425 για.
1937 5388 2058 5442 quae
2115 5387 2282 5441 supra

722 5463 1097 5511 observamus.

794 5530 816 5558 ⁸
838 5530 1040 5577 Auctor
1056 5517 1521 5574 Constitutionum
1543 5514 1980 5584 Apusiolicamm
2007 5514 2044 5566 ι,
2063 5529 2136 5576 γι,
2165 5528 2214 5565 ρ,
2235 5512 2289 5572 6,

727 5597 1024 5648 i‘liarisreus
1063 5591 1311 5644 Fortuna:
1346 5604 1408 5641 ac
1439 5585 1570 5640 Fato
1607 5601 1766 5653 opera
1796 5589 2133 5652 peccantium
2161 5585 2295 5636 dicit

725 5673 1020 5720 ascribere.
1056 5661 1326 5727 Joseplius
1356 5674 1482 5710 vero
1514 5661 1727 5724 Auliqq.
1768 5672 1882 5727 alii,
1916 5657 1969 5713 9,
2001 5665 2056 5705 et
2087 5670 2196 5727 μιν,
2232 5655 2288 5714 2,

726 5738 969 5789 utimilaiii
1006 5723 1259 5792 humana,
1289 5730 1575 5782 autetiam
1610 5723 1796 5779 omnia
1841 5723 1971 5774 Fato
2009 5724 2225 5789 quidem
2263 5740 2290 5774 a

725 5795 1016 5859 Pharismis
1046 5803 1206 5854 tribui
1244 5808 1463 5858 latetur,
1499 5809 1565 5848 ita
1595 5807 1769 5849 tamen
1800 5806 1853 5846 iit
1887 5797 2113 5845 libcruni
2148 5793 2293 5843 arbi-

729 5894 888 5930 ιτιιιιιι
926 5877 1035 5928 tulli
1077 5878 1300 5925 iiullctit.
1349 5873 1449 5922 Sed
1507 5878 1614 5918 tuin
1673 5869 1903 5932 iuiplcxn
1944 5880 2129 5913 i-oruui
2169 5879 2292 5914 Sl‘tl-

728 5961 893 6002 tentia
923 5955 1060 6008 crat,
1095 5955 1149 5996 ut
1177 5953 1370 5994 merito
1408 5939 1774 6008 Hieronymus
1805 5949 2029 5996 flabe‘ai,
2075 5937 2192 5987 il!os
2224 5934 2288 5986 ad

2387 4745 2481 4798 per
2513 4730 2725 4797 singula
2755 4729 3022 4784 auxilium
3051 4727 3169 4791 Dei,
3212 4739 3265 4782 et
3305 4728 3371 4782 ad
3405 4728 3552 4782 illius
3593 4739 3790 4783 nutum
3827 4745 3965 4785 cun-

2386 4883 2700 4939 Conditoris
2758 4883 3020 4952 injuriam
3085 4885 3320 4956 propriae
3374 4885 3673 4940 voluntatis
3747 4900 3972 4953 peccata

2391 4957 2667 5009 retulisse.

2460 5023 2699 5081 ’Verius
2761 5024 2995 5078 fortasse
3048 5025 3158 5079 duo
3219 5023 3397 5080 Vatic.
3435 5041 3569 5080 mss.
3627 5042 3753 5081 cum
3795 5031 3972 5085 veteri

2389 5095 2522 5150 edit.
2557 5137 2570 5158 ,
2618 5101 2897 5150 sescenaris
2937 5096 3101 5148 tradit
3131 5095 3468 5163 offerentibus
3501 5097 3726 5150 Itastias.

2465 5166 2484 5194 ⁸
2521 5168 2915 5238 Superioreiii__
2959 5167 3089 5238 huic
3161 5166 3492 5220 versiculum
3547 5169 3619 5219 ita
3701 5171 3977 5238 praeponit

2397 5235 2569 5289 Vatic.
2615 5241 2738 5291 cod.
2776 5275 2791 5298 ,
2819 5255 2836 5285 ι
2867 5235 3150 5288 Maledicta
3179 5237 3296 5290 dies
3327 5240 3510 5304 inqua
3548 5246 3708 5290 natus
3744 5235 3895 5302 sum,
3920 5251 3975 5293 et

2395 5323 2499 5359 non
2537 5308 2606 5359 sit
2642 5309 2760 5360 dics
2797 5309 2883 5358 illa
2921 5307 3225 5366 benedii-ta,
3260 5308 3312 5359 in
3346 5323 3450 5370 qua
3491 5309 3826 5376 peperitime
3862 5325 3976 5362 nia-

2397 5387 2480 5428 ter
2498 5393 2634 5428 mea.
2675 5399 2692 5426 ι
2731 5377 2890 5440 Τυιιι,
2921 5395 2938 5426 ι
2973 5376 3018 5428 Μ
3040 5377 3290 5430 dedit-tus
3314 5375 3503 5435 homo,
3529 5395 3546 5428 ι
3576 5386 3682 5430 etc.
3713 5375 3782 5431 Et
3817 5377 3974 5433 facile

2396 5450 2612 5514 quidem
2647 5464 2713 5501 ex
2767 5451 2890 5499 aliis
2943 5449 3094 5498 libris
3152 5447 3239 5499 ille
3296 5447 3542 5500 Videatur
3587 5448 3861 5502 excidisse
3905 5452 3975 5502 ob

2397 5520 2592 5570 similis
2639 5519 2790 5570 vocis
2835 5531 3151 5579 occursum,
3210 5532 3274 5570 ex
3309 5532 3414 5585 qua
3473 5517 3780 5570 versiculus
3838 5519 3976 5572 alter

2397 5589 2709 5640 iiirlioiiur.
3136 5595 3143 5603 '

2469 5659 2488 5688 ⁸
2531 5657 2732 5711 Victor.
2767 5697 2780 5717 ,
2822 5655 2923 5710 Per
2957 5659 3193 5711 eumdem
3231 5656 3564 5724 prop/ictam,
3603 5673 3800 5726 nempe
3823 5655 3980 5711 lere-

2401 5729 2588 5784 miain,
2623 5745 2687 5780 ne
2735 5735 2944 5794 alisque
2988 5745 3050 5781 ea
3104 5746 3233 5781 voce
3288 5739 3536 5781 diversus
3586 5734 3655 5780 ab
3705 5730 3977 5779 hactenus

2400 5799 2618 5849 laudato
2688 5805 2953 5865 propheta
3020 5800 3172 5850 iniiui
3232 5800 3524 5850 iiderctur.
3600 5797 3767 5850 Paulo
3833 5800 3974 5852 infla

2411 5868 2532 5921 \at.
2579 5908 2593 5932 ,
2629 5885 2717 5936 qui
2763 5889 2801 5920 si
2824 5878 3030 5923 rnlator
3063 5875 3197 5922 renis
3232 5869 3547 5933 introspicit,
3582 5885 3688 5921 τις.
