4198 6464
209 400 311 464 593

997 403 1388 464 DIALOGUS
1424 400 1726 463 CONTRA
1767 402 2282 466 PELAGIANOS.
2318 406 2561 467 -ιιιλ
2611 407 2685 466 II.

3374 407 3479 471 sat

204 531 287 570 cta
319 529 516 586 gerere
551 517 899 588 negligimus,
929 533 1046 572 cum
1080 519 1324 589 legamus
1354 530 1578 574 sanctos
1606 518 1782 580 viros,
1818 526 1858 578 Α
1895 517 2051 586 mini)
2078 517 2433 577 conﬁrmant,
2465 518 2705 573 dicentes
2735 533 2751 572 :
2781 519 2900 574 Non
2936 520 3306 588 peccavitnns,
3352 537 3474 574 cum

205 610 368 662 etiam
423 609 709 665 hominum
762 611 1063 680 indiguisse
1106 612 1394 681 praesidio?
1442 610 1788 665 Periclitatur

204 698 474 755 Jeremias
507 714 559 756 et
597 703 884 758 manifeste
917 706 1316 774 dicitur,.quod
1355 705 1560 758 auxilio
1585 705 1631 756 ei
1672 704 1784 758 fue-

209 796 272 846 rit
302 810 512 849 manus
547 796 773 851 Abicam
828 797 921 850 filii
979 797 1222 865 Saphan,
1265 814 1332 853 ne
1390 797 1697 852 traderetur
1732 798 1786 852 in

203 895 533 956 potestatem
566 891 732 960 vulgi,
759 901 813 945 et
844 892 1173 947 obrueretur
1199 892 1494 962 lapidibus.

271 982 362 1036 28.
402 981 690 1054 Evangelii
739 989 938 1054 gratia.
973 1017 1041 1025 ——
1072 987 1304 1042 Abolitis
1356 989 1495 1057 legis
1529 1004 1789 1044 caeremo-

203 1073 327 1136 niis,
378 1085 432 1128 et
490 1078 631 1129 duro
681 1079 921 1145 pondere
957 1087 1198 1133 veterum
1239 1092 1669 1147 praeceptorum.
1705 1098 1792 1136 re-

205 1172 554 1238 pro.nittitur
605 1172 886 1243 Evangelii
937 1175 1131 1243 gratia.
1181 1177 1467 1244 legemque
1521 1175 1788 1232 Dominus

205 1259 518 1327 pollicetur,
541 1272 599 1315 ut
625 1277 814 1318 omnes
847 1279 974 1318 eum
1007 1267 1260 1319 noverint
1296 1280 1324 1319 a
1355 1268 1581 1322 minimo
1613 1283 1787 1338 usque

204 1352 264 1406 ad
297 1355 630 1418 maximum.
661 1357 854 1412 dicens
899 1373 916 1413 :
957 1376 973 1409 ι
1007 1359 1286 1413 Dimittam
1317 1374 1540 1425 peccata
1571 1376 1786 1426 eorum,

201 1455 247 1500 et
269 1447 631 1515 iniquitatnm
665 1451 884 1504 illorum
911 1452 1048 1506 ultra
1081 1468 1294 1506 memor
1316 1469 1420 1507 non
1446 1469 1539 1508 ero
1565 1453 1785 1525 (larem.

202 1554 352 1601 xxxi.
386 1540 510 1608 3i).
546 1560 563 1592 ι
599 1542 770 1608 Quam
817 1554 995 1597 autem
1035 1544 1326 1599 habuerint
1385 1547 1560 1600 sancti
1597 1547 1699 1600 viri
1732 1548 1787 1603 in

202 1629 315 1698 lege
369 1633 547 1684 veteri
597 1632 894 1698 justitiam,
953 1637 1203 1703 sequenti
1265 1651 1521 1691 sermone
1564 1636 1789 1692 demon-

200 1731 383 1781 strat;
427 1743 444 1774 ε
486 1723 610 1777 Filii
647 1723 810 1778 Israel
875 1735 930 1778 et
955 1726 1044 1778 lilii
1086 1726 1223 1781 Juda
1256 1727 1603 1794 iniquitatem
1640 1727 1784 1782 fece-

201 1829 253 1867 re
288 1824 617 1884 perpetuam
657 1815 708 1869 in
736 1825 1036 1886 conspectu
1087 1833 1208 1872 meo
1241 1834 1258 1884 ;
1295 1818 1361 1872 ab
1415 1820 1782 1874 adolescentia

199 1920 291 1958 sua
347 1922 532 1975 usque
571 1907 636 1960 ad
670 1907 813 1962 diem
861 1919 1203 1977 praesentem,
1230 1917 1283 1963 et
1311 1911 1503 1964 civitas
1552 1911 1783 1968 Jerusa-

198 1997 296 2050 lem
330 1999 405 2051 ab
443 1999 602 2053 initio
625 2000 958 2055 conditionis
993 2017 1104 2056 sua:
1135 2017 1309 2071 usque
1338 2003 1404 2056 ad
1443 2003 1586 2058 diem
1631 2020 1782 2058 ever-

199 2087 373 2140 si0nis
405 2103 524 2141 sua:
555 2105 641 2144 me
683 2091 749 2144 ad
801 2091 1140 2146 iracundiam
1197 2095 1521 2162 provocavit
1558 2095 1782 2164 (Jerem.

200 2192 377 2242 xxxtt,
416 2179 534 2249 50).
569 2200 588 2232 ι
623 2182 857 2237 Attende
880 2185 1010 2253 quid
1038 2185 1202 2251 dicat,
1238 2187 1399 2240 finem
1431 2187 1602 2257 jnnge
1633 2189 1783 2255 prin-

199 2273 367 2338 cipio,
400 2288 567 2329 omne
600 2277 838 2333 medium
879 2288 1094 2348 tempus
1125 2279 1178 2333 in
1204 2280 1338 2334 vitio
1379 2292 1482 2334 est.
1511 2282 1780 2336 Jeremias

197 2366 576 2421 sanctiﬁcatus
598 2368 652 2421 in
680 2381 834 2425 utero
855 2372 871 2402 ¹
899 2383 1190 2442 antequam
1215 2384 1373 2428 natus
1399 2373 1619 2445 (Jerem.
1645 2392 1680 2434 ι,
1698 2375 1777 2443 5).

197 2456 373 2525 virgo,
434 2460 698 2529 propheta
767 2465 969 2519 veteris
1031 2465 1363 2522 Testamenti
1407 2468 1780 2536 pertremiscit

197 2545 554 2615 Sedecbiam,
581 2564 634 2607 et
680 2553 934 2609 ﬂebiliter
966 2557 1240 2622 obsecrat,
1276 2559 1466 2613 dicens
1499 2577 1512 2614 :
1553 2576 1573 2611 ‹
1621 2559 1779 2618 Nunc

199 2655 352 2708 ergo,
384 2643 612 2698 domine
645 2645 714 2698 mi
749 2661 863 2712 rex,
905 2649 1031 2723 audi
1071 2649 1512 2718 deprecationem
1571 2667 1776 2720 meam,

199 2745 250 2786 et
284 2737 588 2802 praevaleat
613 2738 753 2806 apud
784 2746 836 2794 te
864 2741 1176 2797 obsecratio
1220 2758 1365 2808 mea,
1413 2759 1479 2798 ne
1527 2745 1782 2799 remittas

200 2825 368 2896 778
398 2843 484 2880 me
518 2828 572 2881 in
619 2829 840 2884 domum
882 2833 1155 2887 Jonathan
1192 2835 1406 2899 scribte,
1439 2851 1505 2890 ne
1546 2837 1618 2890 ibi
1652 2851 1780 2905 per-

198 2934 318 2972 eam
394 2922 618 2991 (Jerem.
655 2938 854 2989 xxxvu,
882 2925 994 2992 I9).
1041 2943 1058 2976 ι
1095 2926 1139 2980 O
1168 2928 1456 2995 propheta.
1489 2943 1588 2983 cur
1619 2930 1782 2983 times

199 3011 436 3082 impium
471 3014 690 3082 regem?
716 3015 824 3069 Cur
861 3031 982 3071 eum
1021 3019 1244 3082 metuis,
1277 3034 1436 3085 quem
1490 3020 1634 3075 nosti
1667 3021 1780 3089 jam

194 3106 422 3176 jamque
457 3109 762 3175 periturum
787 3109 811 3160 ?
836 3124 1112 3164 carcerem
1147 3111 1496 3174 reformidas.
1544 3111 1632 3166 cui
1681 3129 1778 3181 pa-

197 3207 352 3253 ratur
372 3198 709 3267 paradisus?
744 3201 1112 3269 Respondebit
1140 3206 1160 3235 ¹¹
1183 3203 1316 3256 mihi
1346 3203 1555 3258 :Ilomo
1580 3219 1699 3259 sum
1727 3205 1778 3259 in

1899 612 2245 678 peccaverint
2271 611 2320 663 iu
2359 611 2814 679 pulchritudinem
2840 612 3085 678 jllSlllIlB,
3120 622 3171 666 et
3202 613 3252 666 in
3286 629 3472 682 exspe-

1894 703 2185 756 CIationcm
2217 713 2428 770 patrum
2460 702 2679 772 (Jerem.
2703 719 2752 767 t.,
2780 702 2854 771 7).
2903 722 2919 754 ι
2961 704 3053 758 Vis
3083 706 3220 758 scire
3259 709 3472 772 quando

1893 797 2076 850 omnia
2095 807 2312 864 peccata
2345 797 2802 852 Iiniantur?Audi
2829 798 3080 851 eumdem
3110 800 3425 865 pr0phetam
3457 817 3470 852 :

1898 906 1915 937 ι
1947 889 2004 940 In
2036 896 2279 957 tempore
2312 890 2422 953 illo,
2466 891 2596 946 dicit
2641 890 2921 954 Dominus,
2958 899 3234 959 quaeretur
3276 892 3467 961 iniqui-

1894 987 1978 1033 tas
2012 980 2063 1033 in
2108 981 2295 1044 Israel,
2325 991 2378 1035 et
2412 997 2517 1036 non
2570 986 2695 1050 crit,
2721 993 2773 1039 et
2813 993 3096 1052 peccatum
3140 985 3191 1037 in
3226 984 3387 1045 Juda,
3424 995 3480 1037 et

1894 1087 2001 1126 non
2025 1072 2336 1129 invenietur
2361 1075 2525 1145 (Ibid.
2558 1079 2668 1147 ΞΟ).
2707 1099 2724 1129 ι
2757 1078 2888 1140 Cur,
2922 1078 3148 1144 quaeso?
3177 1078 3473 1146 Sequitur:

1891 1166 2057 1232 «Quia
2086 1167 2350 1236 propitius
2375 1183 2471 1223 ero
2498 1167 2659 1225 illis.»
2685 1170 2786 1226 Ubi
2805 1182 2989 1224 autem
3014 1171 3327 1240 prOpitiatio
3352 1180 3454 1226 est.

1889 1258 2167 1330 praecessit
2206 1269 2330 1314 ante
2371 1271 2671 1328 peccatum.
2719 1263 2872 1319 Tolle
2915 1263 3084 1334 igitur
3125 1278 3283 1334 posse
3315 1261 3360 1323 ⁸,
3404 1271 3458 1316 ct

1891 1353 2188 1408 concedam
2230 1354 2437 1415 omnia,
2480 1355 2719 1407 donante
2754 1354 2882 1418 Dt-o,
2910 1355 3234 1406 subsistere.
3316 1369 3334 1402 ι
3374 1351 3477 1402 [ἰυ-

1892 1461 2020 1499 num
2061 1455 2144 1498 est
2195 1445 2498 1514 praestolari
2525 1461 2648 1499 cum
2702 1448 2922 1500 silentio
2977 1446 3221 1500 salutare
3259 1443 3476 1497 Domini

1891 1540 2110 1610 (Thren.
2150 1556 2228 1602 ιιι,
2254 1540 2387 1609 26);
2428 1559 2445 1591 ι
2474 1541 2680 1594 bonum
2716 1549 2801 1593 est
2842 1553 3047 1608 ponere
3073 1538 3124 1589 in
3156 1536 3377 1606 pulvere
3413 1549 3476 1586 os

1891 1648 2076 1695 suum,
2104 1634 2233 1686 dare
2273 1633 2600 1701 percutienti
2630 1648 2688 1686 se
2738 1631 3046 1689 maxillam.
3089 1630 3329 1683 saturari
3382 1645 3477 1694 op-

1893 1725 2149 1794 probriis,
2178 1739 2328 1794 Spem
2363 1727 2568 1779 habere
2622 1727 2674 1778 in
2715 1725 2943 1778 Domino
2980 1722 3150 1792 (Ibid.
3185 1723 3253 1774 27
3284 1721 3476 1790 seqq.).

1895 1817 1950 1870 Si
1987 1818 2128 1871 enim
2164 1818 2383 1885 abjecit,
2409 1827 2462 1869 et
2500 1818 2850 1871 miserebitur
2880 1817 3026 1885 juxta
3060 1814 3469 1868 multitudinem

1897 1910 2396 1963 misericordiarum
2433 1924 2702 1965 suarum:
2741 1924 2920 1975 neque
2950 1910 3096 1962 enim
3157 1907 3474 1960 humiliavit

1895 2005 2062 2056 corde
2099 2017 2197 2056 suo
2231 2012 2284 2055 et
2314 2001 2515 2070 abjecit
2541 2003 2680 2057 ﬁlios
2711 2003 3021 2056 hominum.
3061 1999 3289 2052 Frustra
3321 2015 3473 2051 mur-

1896 2099 2076 2145 murat
2137 2092 2300 2144 homo
2334 2106 2429 2159 pro
2479 2091 2716 2159 peccatis
2773 2090 2906 2144 suis.
2988 2086 3309 2141 Scrutcmur
3357 2083 3473 2136 vias

1893 2193 2134 2247 nostras,
2168 2194 2223 2237 et
2272 2199 2580 2252 qumritmus
2653 2192 2707 2236 et
2762 2191 3102 2236 revertamur
3168 2178 3235 2232 ad
3288 2177 3474 2231 Domi-

1892 2293 2021 2332 num
2057 2275 2221 2344 (Ibid.
2248 2277 2338 2341 40,
2363 2279 2472 2346 41).
2517 2275 2786 2330 chemus
2814 2276 2978 2329 corda
3010 2290 3132 2327 cum
3161 2271 3324 2342 779
3357 2287 3474 2325 ma-

1892 2370 2057 2424 nibus
2088 2371 2154 2424 ad
2217 2369 2508 2424 Dominum
2579 2368 2631 2421 in
2683 2368 2907 2432 ctelum,
2967 2367 3325 2433 dicamusque
3370 2365 3472 2418 ei:

1899 2482 1917 2514 ι
1954 2463 2142 2533 Inique
2170 2463 2404 2533 egimus,
2439 2472 2491 2516 et
2517 2460 2584 2515 ad
2621 2460 2964 2516 iracundiam
3020 2458 3471 2528 provocavimus,

1891 2556 2096 2610 idcirco
2137 2565 2192 2609 tu
2226 2555 2582 2610 inexorabilis
2620 2569 2678 2608 es
2713 2553 2878 2623 (Ibid.
2909 2552 3023 2621 42).
3066 2572 3083 2603 ι

1960 2648 2052 2703 50.
2085 2647 2288 2702 Causas
2309 2650 2500 2702 divina:
2532 2647 2820 2702 voluntatis
2860 2648 3150 2701 noscimus.
3184 2675 3254 2686 —-
3284 2646 3474 2703 Daniel

1888 2743 2149 2811 propheta
2209 2743 2453 2810 loquitur
2487 2741 2554 2794 ad
2601 2739 3128 2802 Nabuchodonosor,
3180 2740 3328 2808 quod
3369 2740 3471 2795 do-

1889 2834 2129 2888 minetur
2153 2833 2416 2888 Excelsus
2445 2849 2612 2901 regno
2652 2833 2959 2896 hominum,
2985 2843 3038 2887 et
3073 2835 3163 2888 det
3189 2834 3322 2887 illud
3355 2835 3475 2889 cui-

1887 2943 2101 2996 cunque
2127 2927 2376 2991 voluerit,
2406 2935 2782 2980 etextremum
2813 2936 2976 2996 atque
3006 2929 3306 2997 projectum
3335 2942 3471 2982 con-

1886 3019 2076 3074 stituat
2110 3034 2274 3086 super
2307 3018 2456 3071 illud.
2513 3018 2793 3088 Interroga
2826 3034 2947 3073 eum
2999 3035 3105 3088 qua
3148 3033 3311 3074 causa
3344 3019 3473 3074 ulti-

1888 3126 2033 3164 mum
2093 3119 2254 3177 atque
2304 3109 2625 3178 despectum
2689 3109 2991 3164 constituat
3043 3111 3095 3164 in
3158 3124 3373 3178 regem,
3415 3119 3470 3163 et

1887 3201 2058 3255 faciat
2111 3201 2254 3270 quod
2311 3201 2596 3255 voluerit:
2640 3210 2692 3255 et
2749 3202 2987 3266 discute,
3041 3210 3232 3255 utrum
3291 3201 3468 3270 ipsius

197 3291 420 3345 mortali
454 3305 623 3345 carne
650 3303 703 3345 et
733 3294 1090 3363 corruptibili
1127 3297 1479 3360 constitutus,
1535 3298 1780 3352 dolorem
1811 3285 1852 3341 (ἶ
1889 3294 2140 3349 voluntas
2168 3295 2314 3364 justa
2338 3295 2514 3359 sit,de
2545 3309 2656 3364 quo
2691 3295 2958 3365 scriptum
2991 3304 3074 3349 est
3108 3312 3122 3348 :
3163 3314 3179 3345 ι
3211 3294 3312 3360 Qui
3343 3310 3471 3348 sus-

196 3387 398 3448 sentio,
421 3384 684 3439 horresco
701 3385 992 3450 cruciatus,
1011 3404 1148 3456 quos
1169 3389 1328 3443 etiam
1350 3388 1614 3444 Dominus
1635 3406 1784 3445 meus

196 3492 293 3545 pro
317 3493 443 3530 mea
473 3476 649 3530 salute
677 3492 935 3533 sensurus
967 3488 1072 3534 est.
1103 3479 1390 3534 Miseretur
1425 3484 1664 3535 humano
1695 3499 1784 3552 ge-

197 3570 314 3622 neri
361 3570 530 3633 Deus,
566 3578 619 3622 et
648 3585 754 3622 non
783 3570 897 3624 vult
929 3573 1107 3638 perire
1130 3571 1273 3640 quod
1314 3572 1462 3627 fecit.
1501 3591 1520 3624 ι
1557 3572 1673 3627 Noli
1709 3574 1779 3627 ti-

199 3676 367 3723 mere,
396 3658 590 3721 Jacob,
617 3659 746 3715 dicit
788 3661 1074 3729 Dominus;
1105 3677 1203 3733 ego
1254 3665 1394 3718 enim
1454 3681 1573 3720 sum
1605 3677 1780 3722 tecum

199 3761 252 3806 et
277 3755 612 3808 interiiciam
646 3770 834 3810 omnes
864 3768 1050 3826 gentes
1094 3757 1146 3811 in
1183 3772 1320 3827 quas
1336 3759 1570 3829 dispersi
1597 3771 1685 3828 te;
1719 3769 1774 3815 te

199 3861 326 3900 Vero
359 3849 542 3915 ipsum
587 3851 764 3917 perire
809 3866 914 3904 non
958 3851 1177 3917 faciam,
1211 3853 1304 3906 sed
1332 3853 1613 3923 castigabo
1638 3863 1690 3908 te
1717 3855 1771 3908 in

195 3939 430 4005 iustitia,
460 3948 514 3993 et
561 3941 634 3994 ita
676 3941 976 3996 miserebor
1014 3944 1117 4006 tui,
1163 3952 1219 3996 ut
1253 3953 1303 3999 te
1351 3945 1634 4000 innoxium
1665 3962 1773 4001 non

200 4026 510 4102 relinquam
554 4030 774 4102 (Jerem.
807 4050 932 4098 xxx,
965 4033 1050 4098 I0,
1076 4035 1187 4105 Il).
1228 4054 1246 4087 ι

266 4124 360 4178 ἳ9,
405 4123 692 4176 Saivemur
742 4124 834 4179 Dei
885 4126 1272 4187 misericordia.
1305 4157 1371 4168 —
1403 4125 1560 4184 Unde
1592 4137 1646 4184 et
1681 4145 1780 4186 nos

201 4217 438 4270 dicimus
471 4215 795 4285 essejustos
815 4217 836 4249 ³
863 4228 1084 4275 sanctos
1104 4219 1248 4275 viros
1269 4264 1285 4287 ,
1314 4231 1368 4275 et
1400 4233 1525 4292 post
1556 4232 1778 4288 peccata

200 4310 483 4378 placentes
514 4309 646 4374 Deo,
678 4325 785 4364 non
814 4326 916 4364 suo
977 4320 1187 4366 tantum
1251 4313 1469 4378 merito,
1505 4314 1600 4369 sed
1650 4315 1776 4383 ejus

199 4402 512 4464 clementia,
551 4403 636 4455 cui
671 4403 848 4457 omnis
890 4414 1140 4457 creatura
1174 4405 1416 4473 subjecta
1454 4416 1558 4473 est,
1596 4414 1648 4459 et
1696 4408 1778 4460 in-

199 4494 343 4564 diget
375 4493 756 4547 misericordia
809 4495 947 4562 ejus.
979 4494 1219 4551 Audiant
1253 4497 1516 4563 haeretici,
1543 4498 1632 4566 qui
1666 4498 1775 4552 ele-

1887 3388 2023 3442 citat
2081 3387 2148 3441 de
2214 3396 2356 3442 terra
2418 3387 2701 3452 humilem,
2765 3398 2818 3442 et
2871 3388 2938 3442 de
2995 3397 3238 3440 stercore
3291 3387 3469 3441 elevat

1887 3496 2202 3550 pauperem,
2236 3488 2294 3533 ut
2330 3481 2562 3534 collocet
2595 3496 2721 3534 eum
2776 3496 2899 3534 cum
2939 3479 3303 3548 principibus,
3333 3494 3459 3533 cum

1889 3573 2228 3643 principibus
2265 3573 2450 3642 populi
2483 3573 2569 3628 sui
2606 3571 2781 3642 (Psal.
2814 3588 2944 3635 cxu,
2981 3572 3030 3631 7,
3057 3572 3132 3639 8).
3163 3590 3180 3622 ι
3213 3573 3295 3625 An
3351 3571 3466 3625 for-

1887 3667 2030 3721 sitan
2055 3668 2209 3736 juxta
2237 3677 2287 3721 te
2324 3667 2532 3736 absque
2559 3666 2771 3733 judicio
2799 3667 3195 3736 atquejustitia
3239 3667 3464 3736 gloriam

1884 3759 2071 3827 quaarit
2128 3772 2428 3825 auramque
2483 3758 2823 3826 papularem,
2883 3768 2941 3811 ut
2982 3757 3216 3810 humiles
3285 3758 3464 3826 erigat

1886 3849 1940 3903 in
1986 3861 2206 3918 regnum
2243 3857 2295 3902 et
2324 3859 2574 3918 potentes
2611 3848 2918 3902 humilitate
2943 3847 3289 3900 commutet?
3320 3848 3462 3900 Audi

1883 3942 2204 4012 pr0pbetam
2243 3941 2514 3995 dicentem
2552 3957 2566 3994 :
2611 3957 2630 3992 ι
2666 3939 2869 3994 Omnes
2911 3938 3249 3994 habitatores
3305 3949 3465 3993 terrae

1883 4033 2042 4103 quasi
2074 4033 2207 4087 nihil
2242 4033 2475 4102 reputati
2508 4042 2639 4088 sunt
2670 4032 2816 4100 apud
2853 4047 2977 4085 eum
3010 4031 3151 4100 (Isa.
3177 4048 3262 4096 xc,
3295 4030 3403 4099 l7).
3437 4051 3458 4084 ι

1884 4125 2035 4180 Fecit
2057 4125 2201 4178 enim
2240 4124 2608 4194 quodcunque
2640 4123 2811 4178 voluit
2862 4123 2915 4176 in
2950 4125 3090 4177 caalo
3120 4134 3173 4176 et
3207 4124 3260 4176 in
3293 4132 3462 4189 terra,

1882 4229 1936 4272 et
1971 4204 2131 4272 nemo
2156 4226 2259 4284 est,
2303 4217 2394 4286 qui
2429 4216 2649 4271 resistat
2691 4214 2952 4268 voluntati
2993 4216 3113 4283 ejus
3145 4217 3187 4278 ⁵,
3221 4222 3315 4268 aut
3341 4229 3464 4282 pos-

1881 4309 1953 4362 sit
1991 4308 2194 4372 dicere,
2249 4307 2432 4373 Quare
2481 4307 2586 4360 hoc
2648 4304 2848 4369 fecisti,
2897 4305 3056 4374 cujus
3107 4315 3233 4360 sunt
3278 4305 3462 4358 omnia

1881 4413 2043 4468 opera
2077 4401 2128 4452 in
2179 4399 2430 4460 veritate.
2465 4406 2518 4452 et
2554 4399 2654 4452 viae
2693 4398 2839 4450 illius
2869 4396 3105 4464 justitia,
3154 4406 3208 4450 et
3268 4411 3461 4464 super-

1883 4491 2093 4545 bientes
2129 4498 2309 4560 potest
2362 4491 2480 4558 ipse
2515 4491 2828 4544 humiliare.
2862 4489 3166 4543 Antiochus
3221 4488 3461 4558 Epipha-

200 4596 397 4640 vantur
431 4600 532 4654 per
563 4585 902 4652 superbiam,
936 4596 990 4640 et
1020 4587 1206 4642 dicunt
1250 4604 1266 4644 :
1306 4607 1325 4640 ι
1357 4587 1461 4656 Ipsi
1514 4590 1672 4643 nobis
1701 4588 1776 4643 fe.
1808 4626 1855 4684 ο
1885 4597 1982 4637 nes
2014 4599 2107 4636 rex
2140 4582 2554 4637 crudelissimus
2613 4582 2884 4636 subvertit
2941 4582 3113 4635 altare
3172 4581 3459 4650 ipsamque

199 4680 376 4731 cimus
406 4692 615 4729 cornua
644 4679 848 4747 (Amos.
886 4695 962 4744 vt,
997 4679 1105 4749 I4).
1151 4700 1169 4732 ι
1201 4681 1436 4734 Audiant
1465 4681 1596 4734 illttd
1631 4683 1774 4749 quod

199 4769 408 4823 audivit
461 4767 618 4822 Moab
649 4787 664 4822 :
702 4788 719 4820 ι
757 4770 1078 4825 Andivimus
1111 4771 1420 4838 superbiam
1470 4771 1649 4835 Moab,
1679 4788 1776 4826 su-

200 4860 400 4929 perbus
443 4867 526 4914 est
563 4859 738 4914 valde.
801 4859 1162 4914 Altitudinem
1195 4862 1360 4924 illius,
1392 4872 1445 4916 et
1484 4862 1772 4917 elationem

198 4964 251 5008 et
285 4952 774 5022 gloriﬁcationem,
804 4961 857 5005 et
905 4951 1250 5008 inﬂationem
1307 4953 1488 5009 cordis
1535 4969 1637 5024 ego
1685 4971 1777 5010 co-

200 5048 384 5115 gnovi,
413 5044 548 5097 dicit
605 5043 887 5105 Dominus,
916 5044 1174 5113 quoniam
1235 5059 1588 5116 nequaquam
1619 5048 1774 5117 juxta

200 5136 538 5190 inﬂationem
577 5133 698 5201 ejus
742 5143 798 5188 et
845 5132 1106 5187 fortitudo
1164 5133 1312 5187 illius
1361 5146 1444 5188 est
1476 5133 1608 5203 (Ira.
1661 5151 1772 5202 xw,

199 5227 271 5293 6).
312 5245 330 5276 ι
368 5225 688 5294 Diciturque
720 5226 788 5279 ad
819 5224 1200 5294 hujuscemodi
1253 5227 1503 5281 homines
1541 5247 1556 5282 :
1595 5247 1613 5279 ‹
1667 5228 1777 5282 lni-

200 5319 321 5373 niici
355 5329 541 5372 autem
567 5333 754 5373 eorum
788 5318 954 5386 (haud
1002 5316 1228 5373 dubium
1279 5318 1411 5388 qttin
1454 5320 1630 5389 gregis
1675 5320 1776 5374 Do-

274 5542 290 5573 ¹
321 5540 379 5592 In
403 5540 578 5592 altero
615 5538 792 5593 Vatic.
828 5549 882 5592 et
914 5538 1083 5592 veteri
1130 5537 1263 5592 edit.
1327 5549 1488 5594 voces
1528 5541 1581 5592 in
1631 5548 1777 5594 utero

202 5627 304 5664 non
342 5611 640 5662 habentur.

269 5683 289 5711 ¹
322 5679 638 5749 Legendum
683 5688 822 5749 puto
898 5680 1260 5741 respondebis,
1333 5692 1446 5736 ute
1498 5681 1779 5737 cod’cihus

203 5748 538 5802 Florentinis
586 5758 636 5801 et
678 5748 949 5803 Brixiauis
978 5751 1251 5804 Vit-t0rius
1282 5751 1585 5818 rescripsit,
1637 5761 1778 5805 tam-

207 5823 304 5871 et~i
367 5835 505 5880 non,
567 5831 628 5872 ut
656 5819 732 5872 illi
783 5820 980 5881 placet,
1020 5819 1324 5889 Pelagium.
1351 5824 1445 5876 sed
1485 5821 1779 5876 Jeremiatn

210 5892 410 5959 alloqui
462 5904 685 5960 pergere
724 5889 969 5944 videatur
1015 5889 1170 5945 nobis
1226 5890 1606 5963 Hieronymus.
1654 5893 1776 5947 Mss.

1881 4674 2149 4744 justitiam
2195 4673 2323 4727 fecit
2371 4673 2703 4737 conculcari,
2737 4675 2865 4743 quia
2919 4688 3239 4727 concessum
3275 4682 3390 4726 erat
3425 4687 3459 4726 a

1885 4765 2152 4822 Domino:
2186 4778 2493 4833 causasque
2528 4764 2728 4836 reddit,
2765 4775 2980 4834 propter
3035 4773 3254 4833 peccata
3285 4765 3460 4832 pluri-

1883 4872 1971 4909 ma
2001 4855 2430 4924 (“Maelium”).
2462 4855 2604 4925 Ergo
2636 4872 2743 4910 non
2779 4858 2906 4910 fecit
2929 4857 3074 4926 quod
3100 4857 3215 4924 ipse
3246 4865 3458 4910 tantum

1881 4947 2074 5010 voluit,
2105 4947 2199 5001 sed
2232 4947 2378 5016 quod
2410 4957 2634 5017 pmpter
2668 4955 2898 5016 peccata
2946 4949 3130 5018 populi
3175 4949 3456 5004 concessit

1870 5037 2170 5092 'Dominus.
2198 5038 2436 5107 Denique
2465 5039 2732 5108 sequitur,
2761 5041 2908 5109 quod
2972 5057 3079 5094 non
3114 5056 3182 5095 ex
3235 5044 3454 5109 propria

1881 5131 2076 5186 fecerit
2128 5130 2474 5193 fortitudine.
2515 5131 2610 5186 sed
2637 5147 2703 5185 ex
2736 5131 2854 5201 ejus
2901 5132 3131 5200 imperio
3185 5133 3276 5201 qui
3320 5146 3458 5201 prae-

1882 5223 2026 5292 cepit
2065 5233 2121 5275 ut
2157 5222 2327 5276 ﬂeret.
2361 5223 2494 5275 Illud
2524 5231 2706 5277 autem
2765 5222 2914 5292 quod
2959 5221 3012 5275 in
3046 5222 3298 5276 oratione
3350 5237 3450 5276 sua

1880 5314 2173 5383 loquitur:
2212 5333 2230 5365 ι
2275 5313 2653 5378 Peccavimus,
2698 5314 2889 5384 inique
2964 5314 3198 5382 egimus,
3253 5315 3454 5385 injuste

1881 5550 2061 5594 autem
2100 5538 2273 5591 nostri
2322 5539 2508 5592 silent.

1956 5609 1974 5639 ³
2007 5607 2280 5662 Victorius
2314 5610 2560 5662 vocnlani
2605 5618 2654 5662 et
2680 5607 2747 5663 ad
2788 5607 3200 5662 concinniorem
3231 5624 3454 5665 sensum

1883 5681 2162 5733 contendit
2189 5677 2683 5747 superaddeudam.
2957 5722 2959 5724 .

1951 5749 2240 5868 ‘-'l§"icilicet
2295 5763 2444 5814 posse
2508 5750 2622 5802 suis
2705 5747 2939 5808 viribus.
2990 5759 3042 5802 et
3097 5750 3303 5820 absque
3359 5750 3454 5807 Dei

1960 5835 2008 5868 XI
2041 5833 2112 5868 ιο.

1920 5833 2112 5872 IIXIIIO.

1975 5836 2030 5868 ’11
2101 5858 2112 5869 .

1885 5836 1987 5960 θιῗ
2014 5836 2183 5944 \igtic.
2213 5889 2301 5958 qui
2330 5890 2535 5943 resistat
2563 5888 2861 5957 fortitudini
2891 5890 3027 5958 ejus,
3048 5898 3153 5946 etc.
