4198 6546
677 406 782 470 595

1845 419 1907 480 S.
1944 420 2260 483 EUSEBII
2309 425 2747 489 IllERONYMl

3817 435 3925 499 596

671 521 942 590 gessimus
975 532 1024 576 ct
1060 528 1392 584 recessimus
1433 543 1459 581 a
1494 527 1761 586 mandatis
1789 543 1842 587 et
1866 533 2095 600 justitiis
2129 536 2238 590 tuis
2275 542 2311 599 Α
2347 549 2513 611 atque
2545 545 2771 600 mortale
2821 545 3234 620 incorruptione
3264 560 3315 606 et
3355 554 3766 610 immortalitate
3801 570 3928 608 mu-

672 615 834 674 (Dan.
863 616 1072 679 ttt.9.0),
1100 638 1117 670 ι
1152 629 1204 674 et
1236 633 1429 675 cretera
1459 622 1796 692 hujusmodi,
1816 627 2001 682 soletis
2032 628 2236 693 dicm'e,

673 706 836 775 730
868 710 1009 776 quod
1050 722 1104 764 et
1147 714 1308 764 David
1357 715 1395 778 ‘,
1430 725 1483 768 et
1538 718 1745 780 Daniel,
1773 727 1825 771 et
1880 734 2068 774 omnes
2114 737 2238 790 pro-

667 800 866 867 phetae.
902 817 1004 856 nou
1036 819 1132 872 pro
1160 821 1239 866 se,
1273 808 1360 874 qui
1422 811 1596 864 sancti
1656 819 1834 873 erant,
1870 813 1962 866 sed
2017 829 2078 867 ex
2119 830 2238 885 per-

667 907 802 945 sona
833 896 1018 964 populi
1063 907 1187 949 sunt
1224 897 1414 954 locuti.
1457 903 1757 956 Adversum
1805 920 1968 974 quam
2025 909 2241 978 opinio-

666 999 789 1038 nem
825 988 936 1053 ipsc
968 990 1314 1057 respondebit
1355 1003 1407 1046 et
1446 993 1588 1048 dicet
1622 1013 1634 1049 :
1672 1014 1688 1046 ι
1730 997 1865 1051 Cum
1903 1000 2081 1056 adhuc
2117 1018 2239 1055 ora-

666 1092 804 1142 rem,
834 1086 884 1130 et
913 1080 1202 1133 conﬁterer
1238 1095 1457 1153 peccata
1515 1102 1634 1141 mea
1696 1091 1760 1154 et'
1803 1101 2020 1156 peccata
2050 1098 2234 1164 populi

665 1167 831 1222 lsrael
866 1169 1030 1235 (Dan.
1080 1173 1298 1243 tx,20).
1346 1195 1363 1227 ι
1408 1174 1574 1233 Vides
1625 1196 1754 1250 ergo
1788 1184 1932 1250 quod
1975 1193 2082 1237 tam
2139 1202 2237 1256 pro

666 1263 904 1329 peccatis
938 1266 1076 1330 suis,
1110 1284 1271 1336 quam
1309 1285 1406 1337 pro
1439 1276 1679 1339 peccatis
1711 1275 1914 1344 populi,
1943 1278 2234 1334 Dominum

665 1355 736 1406 sit
767 1357 1116 1424 deprecatus,
1146 1372 1195 1413 et
1223 1360 1476 1416 effuderit
1523 1368 1936 1431 deprecationos
1995 1386 2124 1425 suas
2183 1374 2235 1426 in

663 1460 960 1514 conspectu
997 1450 1208 1505 Domini
1247 1452 1334 1506 Dei
1373 1457 1475 1508 sui.
1508 1455 1600 1510 Vis
1633 1458 1826 1512 iterum
1863 1478 2238 1532 nosse,quan-

677 1541 749 1592 rlo
785 1551 1065 1607 peceatum
1106 1553 1157 1596 et
1190 1544 1451 1615 iniquitas
1481 1549 1747 1604 finiatur?
1799 1555 2122 1625 Quanquam
2151 1559 2236 1613 di-

663 1645 821 1682 versa
858 1630 927 1684 sit
955 1644 1240 1688 auctorum
1296 1637 1664 1705 interpretatio
1703 1645 1742 1708 ³,
1799 1644 1926 1698 audi
1985 1649 2234 1702 eumdem

663 1723 987 1790 prophetam
1035 1741 1049 1779 :
1091 1745 1108 1775 ι
1150 1727 1501 1796 Septuaginta
1537 1731 1894 1789 hebdomadas
1950 1742 2239 1807 complctm

663 1823 973 1884 stttttsupcr
999 1817 1256 1883 pupulum
1286 1829 1461 1884 tttttttt,
1487 1832 1538 1876 et
1561 1839 1724 1892 super
1757 1826 2029 1881 civitatem
2084 1841 2231 1885 tuam

2354 643 2514 701 tetnr,
2563 653 2788 695 necesse
2839 651 2943 707 est,
3002 659 3101 699 nos
3155 646 3444 718 subiacere
3508 660 3755 717 peccato,
3813 663 3927 702 non

2351 734 2559 783 natura:
2616 741 2669 786 et
2729 735 3083 799 conditionis,
3139 747 3196 790 ut
3238 750 3293 793 tu
3354 741 3729 804 ealttmniaris,
3768 740 3929 806 vitio,

2350 818 2444 871 sed
2500 817 2812 893 fragilitate,
2847 834 2901 879 et
2926 828 3356 886 commutatione
3399 830 3693 884 voluntatis
3728 831 3929 884 huma-

2349 931 2452 977 me,
2488 934 2610 987 quae
2645 934 2738 988 per
2767 932 3042 975 momenta
3086 923 3329 978 variatur
3365 944 3377 978 :
3409 926 3534 995 quia
3590 923 3732 980 Deus
3775 926 3931 980 solus

2350 1019 2432 1063 est
2469 1009 2843 1067 immutabilis.
2885 1011 3097 1078 Quaeris
3133 1007 3226 1070 ub'i
3270 1016 3430 1080 Abel,
3463 1017 3552 1072 ubi
3593 1017 3806 1080 Enoch,
3836 1019 3928 1072 ιιι-ἱ

2349 1099 2514 1156 Jesus
2546 1101 2691 1158 ﬁlius
2741 1105 2908 1171 Nave,
2940 1107 3031 1161 ubi
3074 1106 3322 1174 Elisaeus,
3356 1111 3646 1179 czeterique
3689 1123 3932 1164 saneto-

2354 1212 2470 1249 rum
2505 1200 2874 1266 peccaverint.
2899 1201 3016 1254 Non
3051 1211 3133 1256 est
3164 1216 3392 1257 necesse
3420 1203 3621 1257 nodum
3655 1204 3708 1256 in
3747 1205 3931 1269 scirpo

2351 1305 2642 1360 quaerere;
2687 1292 2896 1348 utinam
2958 1309 3175 1364 possem
3234 1306 3289 1350 et
3352 1297 3635 1351 manifesta
3692 1297 3934 1350 reticere

2349 1389 2600 1450 peccata!
2627 1384 2679 1439 Si
2715 1384 2794 1439 vis
2826 1402 2854 1440 a
2892 1402 2977 1443 me
3009 1404 3197 1443 verum
3250 1390 3461 1452 audire.
3495 1391 3708 1445 nescio.
3777 1411 3794 1442 ι
3840 1392 3930 1445 Μ-

2350 1475 2448 1538 hil,
2480 1475 2675 1546 inquit,
2702 1476 2836 1531 mihi
2887 1479 3146 1533 conscius
3193 1497 3338 1546 sunt,
3374 1495 3470 1536 nec
3501 1491 3681 1536 tamen
3735 1484 3787 1535 in
3824 1484 3931 1537 hoc

2344 1563 2678 1632 justiﬁcatus
2729 1583 2847 1622 sum
2875 1569 2929 1638 (Ι
2978 1570 3100 1627 Cor.
3142 1589 3216 1636 tv,
3245 1575 3320 1634 4).
3370 1594 3389 1627 ι
3415 1593 3434 1626 ι
3475 1574 3647 1631 Homo
3679 1577 3828 1632 videt
3873 1576 3927 1630 in

2349 1657 2511 1724 facie,
2548 1661 2688 1717 Deus
2718 1661 2774 1716 in
2804 1664 2968 1718 corde
2993 1664 3079 1731 (11
3109 1665 3236 1737 Reg.
3274 1683 3382 1732 xvi,
3419 1670 3495 1735 7).
3541 1687 3558 1719 ι
3610 1669 3763 1737 Αριιά
3805 1670 3931 1735 ejus

2349 1751 2741 1806 conscientiam
2772 1763 2933 1824 atque
2965 1766 3318 1826 conspectum
3366 1761 3547 1815 nullus
3565 1760 3928 1830 justifieatur.

2350 1840 2505 1896 Unde
2563 1855 2617 1898 et
2672 1843 2876 1902 Paulus
2930 1849 3172 1917 laquitur
3232 1852 3568 1907 conﬁdenter
3605 1870 3668 1906 τι
3722 1853 3932 1907 Omnes

663 1919 934 1970 sanctam,
970 1919 1025 1962 ut
1060 1912 1435 1992 compleantur
1485 1915 1830 1982 iniquitates.
1863 1927 1916 1972 et
1943 1921 2104 1974 finem
2140 1937 2237 1975 ae-
2275 1907 2316 1961 Β
2347 1945 2728 2003 peccaverunt.
2762 1949 2813 1992 ει
2840 1907 3083 2008 ειιάίεέηι
3113 1941 3280 2011 gloria
3315 1943 3405 1996 ιιρί
3433 1943 3606 2014 (ηοω,
3641 1961 3724 2009 ιη.
3750 1945 3870 2010 g5);
3909 1964 3924 1995 .

664 2001 827 2065 cipiat
865 2011 1175 2068 peccatum,
1222 2015 1277 2056 ιιι
1310 2006 1585 2073 dispereat
1613 2008 1897 2078 iniquitas,
1963 2023 2018 2067 et
2081 2030 2238 2068 reve-

663 2091 801 2144 letur
854 2094 1066 2161 justitia
1103 2096 1485 2165 'sempiterua
1554 2101 1722 2170 (Ibid.
1789 2105 1904 2173 ΞΛ).
1942 2125 1958 2157 ι
2035 2107 2237 2174 Quart-

662 2183 754 2238 diu
788 2201 917 2254 ergo
967 2187 1054 2242 ille
1110 2185 1254 2244 finis
1285 2191 1560 2259 adveniat,
1607 2205 1661 2249 et
1709 2199 2082 2268 corruptivum
2138 2202 2237 2256 hoc

737 2365 755 2397 ⁸
788 2365 996 2420 Nomen
1034 2369 1200 2424 David
1247 2373 1299 2424 in
1326 2375 1530 2430 nostris
1572 2390 1702 2430 mss.
1736 2379 1995 2432 omnibus
2026 2381 2239 2436 deside-

664 2446 819 2491 ratur
863 2456 876 2500 ;
923 2439 1154 2493 fortasse
1183 2446 1385 2495 verius.

737 2509 758 2540 ⁸
793 2507 990 2563 Eurum
1025 2513 1253 2585 “varias
1305 2515 1803 2585 interpretationes
1869 2519 2125 2575 edisserit
2180 2521 2232 2575 in

666 2578 1111 2648 Commentariis.
1141 2597 1261 2648 cap.
1296 2583 1349 2637 9.

737 2653 756 2683 ³
790 2644 941 2706 Unus
974 2647 1147 2705 Vatic.
1180 2644 1775 2728 ,irevertaturjustitiu.

693 2845 991 2863 ————____

995 2854 1114 2864 ο-...ςιυο
1127 2856 1134 2862 .
1143 2855 1150 2862 .
1157 2856 1439 2867 .m—u—‘a

1477 2858 1843 2871 W-

2349 2037 2401 2079 et
2428 2041 2440 2078 :
2475 2045 2493 2076 ι
2527 2027 2814 2084 Conclusit
2837 2030 2978 2086 Deus
2999 2035 3180 2086 omnia
3210 2034 3313 2088 sub
3343 2047 3566 2102 peccato
3595 2047 3648 2088 ut
3674 2038 3927 2090 omnium

2349 2118 2677 2172 misereatur
2709 2117 2886 2188 (Rom.
2911 2137 2986 2185 ιι,
3046 2121 3159 2192 3'2),
3200 2143 3217 2174 ι
3257 2134 3313 2178 et
3371 2135 3565 2179 cetera
3598 2141 3723 2195 qua:
3783 2140 3932 2196 saepe

2348 2211 2736 2278 replicavimus
2761 2211 2800 2266 ‘.

2415 2384 2436 2414 ⁸
2465 2385 2595 2460 Post
2629 2386 2744 2460 hmo
2770 2388 2938 2443 editio
2987 2388 3221 2444 Vallars.
3263 2390 3425 2445 habet
3469 2411 3481 2446 :
3516 2391 3748 2460 Explicit
3801 2395 3928 2447 liber

2350 2457 2643 2530 secundus;
2678 2459 2743 2530 a_d
2776 2475 2895 2526 qua:
2926 2461 3091 2530 verba
3141 2460 3280 2514 hanc
3311 2463 3574 2530 appendit
3601 2457 3867 2517 'notulam
3913 2480 3927 2521 ;

2347 2525 2404 2578 Ιιι
2484 2541 2617 2581 mss.
2674 2525 2826 2583 Finit
2894 2528 3018 2585 libri
3072 2545 3198 2598 pars
3245 2525 3492 2586 secunda.
3561 2531 3758 2601 Incipit
3802 2550 3930 2603 pars

2349 2596 2521 2651 tertia.
2555 2596 2709 2652 Eutr.

1871 2860 3902 2901 _.__._._.______._________________

1783 3063 2131 3150 LIBER
2233 3064 2788 3156 TERTIUS.

735 3408 790 3465 1.
839 3409 1139 3470 liaptismus
1176 3417 1384 3462 tantum
1413 3410 1684 3474 praterila
1713 3411 1943 3477 'peccata
1987 3411 2231 3465 dimittit.
2263 3413 2305 3473 c
2343 3410 2407 3465 Et
2443 3422 2624 3467 tamen
2667 3414 2768 3469 hoc
2802 3416 2969 3480 scito,
3009 3417 3342 3486 baptismum
3397 3421 3674 3489 prtelcrita
3715 3421 3932 3476 donare

663 3506 923 3575 —781
959 3502 1192 3555 Canos.
1245 3499 1549 3555 Delectatus
1601 3516 1720 3554 sum
1784 3511 1998 3556 tuorum
2053 3503 2237 3556 multi-

662 3601 959 3672 plicattone
1000 3611 1344 3658 sermonum,
1404 3595 1468 3648 de
1517 3595 1720 3663 quibus
1785 3596 2046 3663 scriptum
2103 3605 2232 3651 est:

671 3714 688 3746 ι
730 3695 786 3747 In
819 3689 1167 3757 multiloquio
1200 3701 1303 3739 non
1350 3685 1577 3751 effugies
1621 3698 1899 3756 peccatum
1945 3689 2126 3758 (Prov.
2175 3707 2229 3750 Σ.

664 3787 795 3854 19);
836 3802 853 3834 ι
887 3782 978 3838 sed
1009 3781 1136 3850 quid
1187 3780 1251 3834 ad
1291 3781 1563 3833 causam?
1611 3781 1771 3834 Certe
1822 3782 1921 3835 hoc
1974 3781 2232 3836 fateberis

663 3893 781 3944 eos,
812 3878 903 3943 qni
935 3874 1137 3930 Christi
1183 3875 1449 3942 baptisma
1494 3874 1775 3928 consecuti
1807 3886 1959 3936 sunt,
1989 3891 2098 3930 non
2135 3876 2235 3928 ha-

663 3968 796 4025 ltere
832 3979 1138 4037 peccatum.
1175 3967 1237 4019 Et
1269 3966 1313 4020 si
1351 3966 1558 4034 alisque.
1589 3977 1817 4036 peccato
1863 3979 2016 4029 sunt,
2052 3969 2232 4038 justos

664 4079 806 4118 esse.
840 4062 1089 4128 Cumque
1126 4059 1294 4112 semel
1347 4058 1478 4125 juSIi
1518 4059 1744 4123 fuerint,
1783 4061 1826 4113 si
1871 4063 2076 4130 egerint
2122 4062 2233 4115 sol-

666 4155 837 4218 licite,
881 4169 1040 4222 posse
1087 4153 1139 4205 in
1175 4150 1567 4218 sempiternum
1614 4151 1880 4220 justitiam
1930 4154 2232 4218 custodire,

667 4263 730 4302 ac
760 4262 856 4316 per
905 4246 1009 4300 hoc
1065 4259 1227 4298 omne
1280 4242 1454 4298 vitare
1504 4254 1812 4312 peccatum.
1870 4245 2066 4300 ATTIC.
2118 4247 2234 4302 Non

666 4340 946 4395 erubescis
1003 4337 1281 4405 explosam
1345 4346 1508 4403 atque
1575 4336 1887 4392 damnatam
1957 4338 2232 4396 Joviniani

666 4431 995 4485 sententiam
1055 4427 1242 4497 sequi?
1293 4428 1359 4481 Et
1410 4426 1502 4481 ille
1550 4427 1695 4481 enim
1758 4430 1842 4483 his
1904 4432 2231 4487 testimoniis

666 4526 883 4590 tuisque
947 4522 1141 4575 nititur
1201 4521 1573 4588 argumentis;
1610 4520 1716 4572 into
1742 4531 1794 4572 tu
1837 4521 1983 4574 illius
2017 4524 2232 4578 inventa

667 4616 922 4679 sectaris,
958 4616 1012 4667 in
1045 4613 1268 4667 Oriente
1319 4612 1516 4666 docete
1563 4611 1905 4676 desiderans,
1950 4630 2072 4683 quae
2101 4617 2229 4670 olim

667 4708 878 4773 Roma,
919 4715 972 4762 ct
1015 4707 1217 4760 dudum
1271 4705 1323 4757 in
1372 4702 1602 4757 Aft'ica‘
1654 4705 2016 4759 condemnata
2083 4718 2234 4762 sunt.

669 4803 813 4870 Lege
844 4814 976 4868 ergo
1011 4798 1141 4868 quid
1181 4797 1255 4851 illi
1310 4811 1633 4865 responsum
1673 4800 1767 4862 sit,
1793 4809 1846 4852 et
1889 4801 1982 4853 tibi
2016 4816 2244 4869 respon-

674 4909 798 4949 sum
829 4893 1033 4947 ducito.
1067 4891 1122 4945 ln
1172 4890 1522 4960 dogmatibus
1553 4891 1700 4944 enim
1738 4901 1791 4944 et
1840 4895 2241 4959 quaestionibus

673 4985 1012 5041 disserendis
1045 5000 1151 5039 non
1185 4999 1445 5054 persona,
1472 4984 1564 5038 sed
1599 4999 1762 5038 causa
1802 4987 2094 5051 qttazrenda
2132 4997 2234 5041 est.

748 5123 763 5152 ¹
801 5120 915 5173 Non
949 5120 1093 5183 quod
1127 5121 1290 5173 etiam
1339 5119 1392 5172 in
1427 5117 1628 5196 africa.
1666 5115 1986 5196 tit-adnutat
2022 5115 2242 5196 Martia-

670 5206 850 5251 ιιπειιε,
888 5190 1144 5243 damnata
1181 5191 1376 5243 fuisset
1421 5188 1694 5242 Jovin‘ani
1747 5187 1859 5251 ipsa
1895 5187 1960 5238 de
2022 5187 2241 5240 homine

673 5262 965 5320 sententia,
998 5274 1116 5324 qua:
1167 5259 1254 5313 vix
1289 5267 1441 5312 extra
1491 5257 1693 5310 Ital-.am
1745 5265 2020 5322 eruperat,
2073 5265 2128 5307 ut
2175 5271 2239 5309 ex

674 5333 735 5385 S.
765 5333 992 5398 August.
1035 5329 1131 5382 lib.
1163 5331 1224 5381 de
1271 5329 1469 5383 literas.
1506 5335 1727 5395 apparet
1756 5326 1899 5398 ;_sctl_
1953 5325 2072 5398 ideo
2107 5325 2246 5378 dixit

675 5395 901 5455 Hieron.
932 5399 1075 5467 quod
1134 5399 1515 5468 impeccatttia,
1572 5412 1730 5474 quam
1787 5395 2249 5476 Jovinianqs'def

677 5465 1179 5547 fendebatdndum,
1215 5465 1414 5547 'id_est
1470 5483 1639 5547 nuper
1703 5466 1755 5518 itt
1810 5466 1995 5547 ibi-rica
2055 5465 2250 5547 fuisset

678 5543 978 5600 damnata;
1007 5541 1133 5614 quia
1170 5541 1220 5590 in
1258 5537 1370 5590 At‘r.
1409 5538 1776 5614 synodo._§\tt._
1819 5535 1922 5614 ΜΞ
1977 5545 2069 5588 aut
2118 5536 2244 5614 41.5,

679 5616 971 5664 damnatus
1030 5609 1208 5662 fuerat
1254 5624 1404 5661 error
1454 5607 1692 5661 Cudestii
1748 5607 1814 5657 de
1871 5607 2246 5670 impcccantia,

679 5696 839 5749 quem
875 5684 1124 5731 eumdem
1152 5694 1273 5731 csse
1303 5680 1464 5731 sentit
1490 5693 1610 5729 cum
1651 5677 1742 5749 illo
1767 5674 2060 5749 Juviniatti.
2095 5675 2246 5749 idem

682 5745 928 5804 sensisse
976 5749 1226 5800 \‘idCltlllt‘
1278 5749 1333 5800 S.
1397 5749 1628 5815 August.
1687 5747 1782 5799 hh.
1830 5747 1892 5799 de
1940 5745 2150 5807 Nuptiis
2200 5755 2249 5797 et

686 5821 918 5884 Cnncup.
955 5834 1105 5870 num.
1150 5819 1236 5879 15,
1266 5834 1320 5885 p.
1353 5819 1454 5871 508
1486 5826 1536 5869 et
1567 5816 1632 5868 l8
1667 5834 1677 5866 :
1713 5836 1729 5863 ι
1763 5815 1970 5871 iactate.
1998 5825 2049 5870 ut
2093 5831 2247 5869 uten-

684 5905 870 5945 suram
903 5888 1170 5942 Jmininni
1206 5890 1498 5958 pcti'ccttus
1529 5887 1818 5956 impleatis.
1859 5905 1875 5937 ι

2353 3515 2598 3574 peccata,
2640 3521 2747 3560 non
2783 3507 3024 3562 futuram
3078 3524 3300 3565 servare
3346 3510 3643 3580 justitiam,
3685 3528 3814 3582 quae
3855 3515 3932 3570 la-

2355 3595 2490 3650 bore
2523 3605 2578 3650 et
2622 3597 2920 3663 industria,
2963 3613 3028 3654 ac
3065 3599 3370 3670 diligentia,
3407 3611 3461 3656 et
3509 3618 3729 3672 semper
3763 3621 3935 3675 super

2355 3687 2541 3742 omnia
2592 3688 2686 3743 Dei
2735 3689 3021 3744 clementia
3060 3692 3414 3748 custoditur:
3448 3704 3504 3748 ιιι
3553 3704 3810 3750 nostrum
3864 3699 3936 3751 sit

2355 3793 2571 3847 rogare,
2629 3777 2777 3833 illius
2827 3779 3069 3836 tribuere
3130 3783 3276 3853 quod
3334 3791 3558 3854 rogatur
3606 3802 3620 3838 :
3674 3797 3931 3854 nostrum

2359 3869 2598 3939 incipere
2625 3873 2666 3935 ²,
2701 3870 2847 3926 illius
2877 3871 3141 3940 perﬁcere
3175 3891 3191 3928 :
3229 3882 3482 3930 nostrum
3536 3876 3736 3933 ofl‘erre
3785 3881 3932 3946 quod

2354 3980 2669 4034 possumus,
2726 3967 2872 4022 illius
2922 3968 3147 4037 implere
3196 3971 3343 4040 quod
3400 3985 3509 4025 non
3600 3988 3928 4041 possumus.

2360 4075 2378 4108 ι
2413 4057 2527 4113 Nisi
2553 4058 2698 4112 cnim
2744 4059 3011 4114 Dominus
3057 4059 3408 4115 atdiﬁcaverit
3453 4064 3700 4129 domum,
3734 4066 3792 4118 in
3842 4083 3935 4118 va-

2355 4165 2480 4202 nutn
2517 4148 2907 4203 laboraverunt
2939 4151 3032 4218 qui
3066 4150 3340 4205 aedificant
3387 4168 3532 4206 eam.
3579 4152 3696 4207 Nisi
3741 4155 3933 4210 Domi-

2352 4255 2456 4294 nus
2503 4238 2829 4293 custodierit
2883 4239 3180 4304 civitatent,
3219 4241 3272 4294 in
3333 4256 3536 4296 vanum
3587 4245 3778 4313 vigilat
3830 4247 3930 4318 [αι.

2353 4331 2623 4402 vigilabit]
2676 4331 2769 4401 qui
2802 4331 3048 4386 custodit
3095 4346 3215 4387 eam
3272 4330 3504 4402 (Psalm.
3552 4349 3735 4401 cun,
3787 4339 3864 4406 l).
3906 4357 3926 4390 ι

2357 4424 2511 4479 Unde
2567 4433 2620 4479 et
2665 4424 2963 4493 Apostolus
3017 4424 3264 4494 praecipit
3313 4443 3328 4479 :
3381 4445 3398 4476 ι
3447 4425 3538 4480 Sic
3597 4429 3826 4493 currite,
3872 4440 3932 4484 ut

2355 4517 2856 4586 comprehendatis.
2891 4516 3095 4572 Omnes
3121 4516 3338 4585 quidem
3381 4523 3633 4581 currunt,
3663 4523 3757 4575 sed
3786 4538 3933 4578 unus

2353 4609 2551 4679 accipit
2587 4607 2887 4661 coronam'
2935 4606 2986 4676 (Ῑ
3019 4608 3144 4662 Cor.
3177 4623 3252 4670 Ix,
3285 4606 3401 4676 ﬂ).
3443 4627 3462 4660 ι
3501 4608 3565 4662 Et
3603 4609 3657 4663 in
3708 4608 3933 4665 Pssimo

2354 4702 2617 4770 scriptum
2656 4709 2741 4755 cst
2774 4717 2786 4751 :
2828 4718 2845 4748 ι
2880 4699 3130 4762 Domine,
3159 4707 3217 4752 ιιι
3242 4709 3400 4755 scuto
3434 4702 3590 4755 bona:
3622 4703 3932 4759 voluntatis

2354 4804 2460 4849 tuae
2494 4793 2775 4848 coronasti
2830 4807 2932 4846 nos
2990 4791 3166 4861 (Paul.
3222 4793 3424 4860 v.13).
3466 4813 3484 4846 ι
3526 4792 3724 4848 Nostra
3777 4799 3926 4850 enim

2351 4887 2584 4940 victoria
2611 4895 2665 4939 et
2694 4899 2895 4938 corona
2923 4884 3190 4947 victoriae,
3219 4884 3363 4940 illius
3388 4887 3726 4953 protectione
3760 4888 3930 4958 782

2351 4989 2403 5032 et
2435 4977 2625 5047 clypeo
2657 4984 2886 5044 paratur
2918 4971 3020 5045 [αι.
3074 4971 3438 5045 prteparatur]
3483 4993 3496 5029 :
3535 4984 3587 5029 et
3621 4974 3711 5029 hic
3753 4979 3934 5031 curri-

2426 5120 2444 5148 ²
2488 5113 2744 5167 Nostrum
2783 5112 3028 5177 incipere.
3074 5109 3148 5163 Ex
3209 5109 3311 5164 hoc
3362 5111 3483 5163 loco
3533 5109 3722 5164 dicere
3753 5115 3933 5178 potuit

2359 5194 2585 5239 sanctus
2643 5183 2970 5235 Benedictus
3031 5179 3263 5247 Prulogo
3323 5180 3374 5232 in
3428 5178 3688 5245 Regulam
3724 5197 3929 5240 suam;

2367 5275 2384 5306 ι
2423 5256 2478 5308 ln
2517 5253 2727 5321 primis,
2767 5261 2825 5304 ut
2850 5249 3113 5318 quidquid
3144 5249 3408 5318 agendum
3438 5249 3666 5304 inchoas
3700 5250 3929 5317 honuni,

2354 5327 2422 5379 ab
2455 5320 2528 5377 eo,
2555 5321 2740 5393 perﬁci
2780 5320 3179 5393 inztantissinm
3209 5320 3786 5393 oratione‘deposeas,
3825 5341 3841 5371 ι
3879 5334 3933 5376 et

2352 5389 2576 5448 eaitera'.
2617 5389 2881 5445 blla-risu.
2914 5421 2981 5432 ——
3026 5389 3105 5443 Ne
3136 5404 3314 5453 pravae
3359 5389 3738 5455 intelligentiae
3780 5393 3932 5447 locus

2355 5467 2440 5518 hic.
2476 5473 2682 5531 pateat.
2718 5462 2853 5514 adde
2881 5459 3206 5531 clausulam,
3237 5475 3407 5531 quam
3436 5460 3598 5531 simili
3634 5465 3930 5516 sententix

2355 5537 2406 5587 in
2453 5527 2612 5602 epist.
2661 5533 2763 5586 1'50
2818 5532 2885 5586 ad
2942 5529 3338 5602 Ditnett‘iadem
3373 5529 3510 5602 ipse
3558 5527 3928 5600 Hieronymus

2353 5598 2823 5658 satis'Ot-thodoxe
2860 5600 3210 5667 semetipsum
3266 5598 3566 5669 explicans.
3618 5598 3925 5666 apposuit:

2360 5694 2376 5723 ι
2423 5674 2716 5741 Ipsumque
2747 5672 2890 5740 quod
2938 5681 3188 5723 nostrum
3212 5667 3348 5741 est,
3374 5669 3490 5722 sine
3541 5667 3638 5720 Dei
3673 5670 3928 5741 misera-

2356 5737 2503 5798 tione
2549 5737 2799 5795 nostrum
2854 5756 2961 5794 non
2993 5744 3098 5792 est.
3139 5756 3157 5789 ι
3212 5737 3344 5792 Vide
3387 5753 3508 5806 qua:
3559 5737 3728 5806 paulo
3782 5740 3925 5794 infra

2355 5830 2504 5866 Itum.
2546 5814 2609 5866 10
2638 5813 2981 5867 aduotumus.

2428 5883 2444 5913 ³
2491 5881 2640 5938 Unus
2672 5880 2841 5941 Vatic.
2871 5883 2963 5941 sed
2998 5894 3104 5936 non
3138 5895 3313 5935 ouum
3340 5877 3599 5958 accipient
3641 5892 3916 5932 coronam.
