4198 6532
1880 437 1938 495 S.
1981 436 2291 497 EUSEBII
2330 436 2771 498 lllERONYMI

3824 448 3933 510 600

687 545 940 616 gratiam,
972 560 1074 614 qua
1112 551 1305 614 potens
1336 560 1444 601 non
1490 545 1714 618 indiget.
1742 549 1893 616 Quod
1945 554 1989 607 si
2024 569 2130 607 non
2160 569 2258 623 po-
2288 562 2331 617 Α
2363 556 2611 625 Loquere
2645 565 2703 612 ut
2747 556 2851 622 vis,
2907 567 3291 629 argutnentare
3344 570 3403 614 ιιι
3452 560 3603 622 libet,
3646 575 3933 628 nunquam

695 648 801 695 test
826 640 1029 708 absque
1070 639 1161 693 Dei
1193 640 1390 709 gratia,
1424 640 1588 696 stulte
1615 652 1670 698 tu
1701 644 1890 698 dixiin
1924 661 2083 715 posse
2117 650 2263 715 quod

698 749 809 787 nun
874 741 1077 800 potest.
1133 732 1409 803 Quidquid
1464 734 1611 790 enim
1666 753 1729 791 ex
1788 738 2016 795 alterius
2064 742 2264 812 pendet

686 825 940 890 arbitrio,
983 841 1090 880 non
1124 827 1242 896 ejus
1275 836 1359 881 est
1385 844 1548 898 quem
1593 845 1755 900 posse
1787 834 2075 889 contendis
2104 875 2120 899 ,
2167 838 2261 891 sed

687 921 862 986 illius,
894 922 1013 977 sine
1042 937 1149 989 quo
1174 937 1296 975 eum
1330 937 1436 977 non
1469 940 1628 994 posse
1657 926 2003 995 perspicuum
2036 938 2140 985 est.

755 1013 809 1066 5.
837 1011 987 1066 Inter
1010 1030 1121 1067 esse
1153 1022 1202 1067 et
1227 1030 1373 1082 posse
1400 1024 1656 1084 quantum
1689 1017 1867 1074 distet.
1904 1049 1974 1059 —
1998 1018 2055 1075 C.
2093 1020 2262 1090 Rogo,

688 1120 811 1174 qua:
842 1115 924 1159 est
982 1105 1087 1159 ista
1128 1106 1391 1176 pravitas,
1425 1107 1534 1162 imo
1591 1109 1795 1180 absque
1861 1112 2078 1167 ratione
2129 1128 2262 1167 con-

690 1194 905 1250 tentio?
956 1193 1031 1250 Ne
1089 1195 1193 1250 hoc
1248 1197 1467 1266 quidem
1526 1198 1661 1253 mihi
1714 1200 1834 1268 das,
1886 1211 1947 1257 ut
2008 1217 2263 1272 egressus

692 1286 856 1358 784,
891 1303 1059 1357 aquas
1110 1289 1207 1361 [αι.
1246 1288 1414 1361 aqua]
1452 1291 1798 1362 baptismatis
1857 1292 1983 1348 sine
2040 1304 2264 1363 peccato

692 1380 809 1433 sit?
859 1381 923 1436 Α.
977 1381 1084 1434 Aut
1115 1396 1215 1451 ego
1249 1397 1474 1437 sensum
1527 1399 1705 1438 meum
1754 1385 1936 1440 verbis
1989 1387 2265 1458 explicare

694 1489 804 1526 non
834 1473 1010 1537 valeo,
1043 1484 1162 1538 aut,
1220 1490 1306 1528 me
1363 1476 1693 1544 esplicante,
1729 1479 1794 1529 ad
1845 1478 2260 1547 intelligendum

693 1565 901 1620 tardior
934 1582 1018 1621 es.
1042 1565 1104 1622 C.
1134 1565 1383 1631 Quonam
1446 1568 1648 1622 modo?
1684 1570 1747 1623 Α.
1784 1570 2096 1625 Recordare
2126 1572 2258 1641 quid

694 1667 751 1711 et
784 1667 840 1711 tu
872 1658 1099 1722 dixeris,
1133 1668 1187 1712 et
1222 1673 1321 1728 ego
1361 1660 1490 1726 quid
1547 1662 1761 1729 loquar.
1797 1663 2029 1718 PosuiSti
2087 1664 2265 1718 homi-

697 1763 818 1803 nem
856 1750 973 1803 sine
999 1762 1224 1812 peccato
1258 1752 1437 1816 esse‘,
1472 1753 1517 1828 si
1552 1753 1704 1807 velit.
1760 1754 1872 1823 Ego
1925 1755 2263 1825 impossibile

697 1839 802 1895 hoc
833 1842 885 1894 in
924 1842 1144 1897 homine
1172 1859 1293 1897 esse.
1327 1846 1654 1913 respondeo,
1688 1862 1795 1901 non
1850 1849 1977 1916 quia
2015 1851 2198 1904 statim
2232 1866 2259 1904 a

698 1934 1025 2002 baptismate
1066 1934 1230 1988 homo
1281 1951 1505 2005 peccato
1537 1946 1738 2003 careat,
1791 1915 1881 1992 sed
1933 1940 2064 1993 illud
2126 1950 2262 1994 tem-
2298 1915 2337 1969 Β

698 2044 801 2096 pus
832 2029 1055 2098 quando
1096 2031 1214 2083 sine
1266 2042 1492 2100 peccato
1545 2042 1651 2097 est,
1691 2048 2032 2101 nequaquam
2082 2034 2257 2102 possi-

699 2120 902 2175 bilitati
939 2121 1212 2177 humanae.
1249 2122 1340 2176 sezl
1389 2120 1477 2173 Dei
1536 2123 1723 2189 gratia:
1769 2121 2084 2189 deputatur.
2110 2120 2259 2174 Tolle

698 2214 867 2285 igitur
920 2230 1104 2283 posse,
1140 2224 1194 2269 et
1246 2229 1347 2285 ego
1414 2229 1535 2269 esse
1586 2216 1914 2268 concedam.
1968 2214 2267 2279 Quomodo

698 2308 845 2363 enim
888 2316 1088 2378 potest,
1118 2311 1211 2378 qui
1250 2325 1345 2379 per
1390 2324 1447 2364 se
1477 2324 1583 2363 non
1634 2309 1849 2378 potest?
1881 2309 1988 2361 Attt
2034 2323 2155 2377 qua:
2186 2317 2269 2362 est

700 2402 795 2456 illa
826 2403 1210 2469 itnpeccanlia,
1245 2418 1366 2471 qua:
1401 2403 1586 2456 statim
1615 2400 1866 2468 corporis
1904 2400 2065 2469 huius
2091 2409 2269 2453 morte

700 2494 966 2549 linitur"!
1021 2494 1127 2547 Aut
1180 2504 1328 2548 certe
1383 2496 1427 2548 si
1480 2495 1625 2548 ultra
1674 2495 1840 2547 vitam
1905 2493 2268 2558 protraxerit,

699 2589 883 2642 delicti
921 2588 1313 2657 etignorantia:
1346 2588 1586 2655 periculo
1621 2588 1871 2656 subiacet
1918 2584 2020 2657 [αι.
2077 2586 2270 2650 snhja-

700 2684 891 2754 cebit).
941 2681 1003 2738 C.
1062 2681 1346 2736 Dialectica
1402 2697 1487 2735 me
1526 2692 1640 2735 arte
1690 2679 1998 2739 concludis.
2052 2688 2105 2733 et
2161 2694 2271 2733 non

701 2771 1014 2827 Christiana
1052 2772 1292 2842 loqueris
1338 2771 1708 2840 simplicitate.
1745 2771 1916 2823 nodos
1946 2769 2076 2822 mihi
2111 2784 2275 2837 quos-

701 2866 825 2920 dam
896 2866 1037 2920 inter
1104 2881 1228 2921 esse
1313 2877 1366 2921 et
1429 2881 1550 2919 esse
1602 2881 1758 2933 posse
1801 2864 2157 2917 concinnatis.
2208 2862 2273 2915 A.

704 2952 887 3022 Egone
935 2954 1220 3007 verborum
1277 2954 1519 3018 strophis
1573 2955 1720 3015 Indo,
1775 2970 1898 3006 eunt
1957 2956 2055 3005 hoc
2092 2953 2273 3005 detna

704 3046 1039 3115 processerit
1066 3043 1323 3099 oﬂicina?
1354 3045 1431 3097 Tu
1470 3047 1618 3099 enim
1663 3046 1820 3107 dicis,
1874 3060 1978 3099 non
2025 3060 2146 3099 esse
2181 3045 2275 3096 ho-

707 3140 910 3192 minem
944 3139 1062 3193 sine
1093 3149 1337 3207 peccato,
1366 3139 1456 3193 sed
1488 3156 1605 3193 esse
1636 3154 1817 3207 posse,
1854 3153 1977 3190 cum
2007 3152 2036 3188 e
2062 3146 2282 3191 contra-

706 3228 791 3281 rio
821 3242 922 3296 ego
951 3228 1183 3282 tribuam
1206 3227 1227 3258 ⁸
1257 3230 1402 3297 quod
1436 3229 1667 3297 negasti,
1703 3244 1823 3283 esse
1857 3228 2130 3281 hominem
2164 3228 2279 3281 sine

2366 650 2501 705 mihi
2554 651 2784 705 liberum
2835 651 3121 706 arbitrium
3159 654 3543 723 extorquebis,
3576 655 3724 720 quod
3761 655 3935 709 semel

2368 745 2646 800 concessit
2671 743 2834 809 Deus,
2866 759 2967 801 nec
3003 746 3210 801 valebis
3243 746 3460 803 auferre
3490 750 3635 818 quod
3666 742 3801 803 mihi
3842 750 3943 802 tri-

2366 838 2484 893 huit
2513 840 2656 894 Deus
2681 839 2725 902 ⁸,
2766 854 2925 909 posse
2955 841 3001 895 si
3032 842 3281 897 voluero.
3329 846 3396 897 Α.
3429 841 3669 910 Exempli
3717 844 3893 913 gratia
3920 883 3936 904 ,

2368 946 2478 985 uno
2516 938 2724 985 tantum
2774 941 2999 985 utamur
3051 934 3416 988 testimonio:
3465 953 3485 986 ι
3521 935 3706 990 Inveni
3763 936 3937 990 David

2368 1024 2537 1078 tilium
2569 1022 2745 1089 Jesse,
2780 1026 2961 1081 virum
3001 1028 3310 1084 secundum
3344 1044 3441 1084 cor
3490 1046 3693 1092 meum,
3727 1033 3821 1097 qui
3861 1031 3942 1082 ra.

2366 1118 2475 1172 ciat
2520 1131 2711 1173 omnes
2755 1118 3067 1174 voluntates
3117 1135 3266 1177 meas
3300 1123 3438 1193 (Act.
3478 1139 3603 1187 xm,
3631 1122 3743 1184 εὶς
3785 1121 3939 1177 Paul.

2365 1222 2625 1277 Lxxxvm,
2656 1208 2771 1279 2|).
2812 1227 2832 1262 ι
2868 1210 3033 1266 David
3068 1217 3318 1265 sanctum
3365 1224 3489 1265 esse
3549 1227 3655 1265 non
3704 1210 3941 1264 dubium

2365 1310 2467 1369 est,
2498 1311 2550 1357 et
2582 1313 2765 1358 tamen
2794 1304 2887 1374 qui
2916 1303 3124 1359 electus
3156 1314 3263 1364 est.
3294 1314 3355 1359 ut
3386 1317 3577 1359 omnes
3606 1303 3699 1358 Dei
3738 1302 3943 1355 volun.

2366 1402 2506 1449 tates
2539 1393 2760 1462 faceret,
2791 1396 2975 1465 aliqua
3011 1394 3213 1452 fecisse
3252 1394 3697 1465 reprehenditur.
3740 1394 3943 1463 l'tique

2366 1488 2625 1556 possibile
2656 1498 2771 1544 erat
2800 1489 2847 1543 ei
2882 1489 3062 1545 facere
3084 1530 3098 1554 ,
3136 1489 3231 1559 qui
3265 1489 3330 1544 ad
3364 1488 3465 1542 hoc
3498 1488 3706 1543 electus
3740 1497 3849 1551 est,
3884 1499 3943 1541 ut

2366 1592 2557 1632 omnes
2585 1580 2677 1633 Dei
2717 1581 3026 1634 voluntates
3083 1580 3308 1635 faceret.
3351 1578 3463 1635 Nec
3499 1579 3638 1634 Deus
3670 1579 3727 1632 in
3783 1578 3943 1645 culpa

2366 1680 2484 1736 est,
2520 1672 2611 1740 qui
2649 1672 2894 1741 pradixit
2929 1688 3050 1727 eum
3086 1683 3320 1727 cunctas
3368 1688 3594 1727 suorum
3634 1681 3944 1741 praecepto-

2369 1780 2487 1817 rum
2530 1764 2709 1818 faccre
2740 1762 3084 1828 voluntates,
3115 1763 3210 1818 sed
3259 1762 3349 1817 ille
3384 1763 3479 1832 qui
3522 1762 3792 1831 praedicta
3830 1775 3941 1814 non

2370 1853 2520 1906 fecit.
2565 1852 2754 1919 Neque
2802 1854 2945 1907 enim
2998 1854 3171 1919 dixit,
3209 1854 3489 1909 invenisse
3540 1868 3600 1907 se
3630 1854 3815 1907 virum
3850 1853 3944 1922 qui

2368 1951 2594 1996 cunctas
2619 1942 2673 1995 in
2702 1952 3019 2011 perpetuum
3056 1957 3170 1996 sure
3204 1942 3470 2011 jussionis
3502 1941 3705 1998 faceret
3741 1942 3943 1996 volun-

2369 2042 2506 2087 t-ttes
2526 2074 2541 2097 ,
2574 2033 2665 2087 sed
2705 2034 2797 2101 qui
2832 2041 3041 2087 tantum
3069 2040 3298 2090 cunctas
3328 2033 3531 2089 iaceret
3564 2034 3879 2088 voluntates
3900 2035 3945 2086 ⁸.

2368 2124 2482 2179 Hoc
2510 2136 2564 2179 et
2604 2141 2703 2181 nos
2731 2124 3004 2190 dicimus,
3036 2140 3198 2190 posse
3230 2126 3511 2181 hominem
3544 2141 3653 2181 non
3687 2140 3945 2195 peccare,

2372 2218 2417 2272 si
2451 2219 2579 2271 velit
2607 2259 2621 2283 ,
2658 2233 2756 2287 pro
2790 2227 3060 2285 tempore,
3098 2234 3197 2288 pro
3232 2218 3354 2274 loco
3383 2258 3398 2281 ,
3426 2233 3527 2288 pro
3562 2218 3950 2273 imbecillitate

2371 2322 2658 2377 corporea,
2691 2307 2954 2378 quamdiu
3003 2308 3248 2363 intentus
3291 2317 3376 2363 est
3408 2308 3645 2369 animus,
3683 2307 3949 2377 quamdiu

2373 2401 2574 2455 chorda
2608 2400 2755 2455 nullo
2786 2401 2921 2455 vitio
2959 2401 3176 2454 laxatur
3208 2401 3262 2456 in
3299 2402 3534 2455 cithara.
3558 2400 3715 2467 Quod
3742 2402 3790 2455 si
3817 2416 3951 2469 pau-

2373 2494 2542 2548 lutum
2585 2509 2641 2548 se
2676 2493 3012 2557 remiserit',
3042 2492 3315 2562 quomodo
3342 2495 3434 2561 qui
3466 2493 3696 2548 adverso
3726 2492 3953 2547 ﬂumine

2377 2588 2614 2641 lembum
2638 2586 2828 2650 trahit,
2851 2587 2895 2640 si
2918 2586 3186 2640 remiserit
3209 2600 3421 2649 manus,
3443 2586 3624 2639 statim
3662 2586 3956 2640 retrolabio

2380 2689 2493 2738 tnr.
2528 2677 2900 2732 etlluentibus
2931 2676 3109 2746 aquis,
3147 2690 3256 2744 quo
3301 2690 3408 2731 non
3444 2676 3556 2729 vult
3580 2677 3847 2740 ducitur;
3875 2673 3955 2727 sic

2378 2773 2614 2826 humana
2655 2769 2911 2834 conditio,
2950 2769 2994 2823 si
3038 2768 3311 2843 paululum
3340 2784 3398 2823 se
3432 2768 3707 2822 remiserit
3734 2806 3751 2828 ,
3789 2766 3957 2821 discit

2379 2864 2725 2934 fragilitatem
2762 2878 2915 2916 suam
2946 2905 2960 2928 ,
2996 2870 3049 2917 et
3081 2861 3247 2914 multa
3285 2876 3344 2915 se
3378 2877 3486 2914 non
3535 2874 3697 2928 posse
3743 2874 3951 2929 cogno-

2381 2960 2505 3013 scit.
2543 2960 2782 3011 Putasne
2814 2955 3120 3024 apostolum
3159 2952 3390 3007 Paulum
3425 2968 3489 3006 eo
3541 2963 3790 3020 tempore
3842 2967 3953 3019 quo

2381 3051 2676 3122 scribebat,
2710 3068 2727 3097 r
2762 3048 3083 3107 Lacernam.
3117 3063 3222 3100 sive
3254 3045 3531 3113 penulam,
3563 3059 3727 3113 qnam
3759 3044 3959 3113 reliqui

2383 3142 2594 3195 Troade
2646 3140 2786 3208 apud
2821 3139 3079 3204 Carpum,
3112 3138 3339 3191 veniens
3382 3134 3540 3198 alter,
3572 3149 3636 3187 ac
3670 3134 3865 3198 libros,
3907 3144 3961 3187 et

2383 3234 2618 3287 maxime
2646 3231 2993 3285 membranas
3025 3228 3111 3298 (11
3140 3229 3279 3283 Tim.
3304 3244 3377 3290 tv,
3410 3226 3961 3293 i3‘,tdecmlestihus

706 3329 938 3390 peccato
981 3337 1077 3389 per
1133 3320 1227 3375 Dei
1289 3330 1544 3390 gratiam,
1587 3332 1639 3375 et
1676 3330 1855 3373 tamen
1906 3338 2001 3389 per
2061 3336 2117 3374 se
2168 3337 2273 3373 non
2310 3295 2353 3353 θ
2384 3326 2653 3393 eug'tasse
2685 3325 2980 3394 mysteriis,
3012 3332 3065 3377 et
3098 3337 3205 3377 non
3239 3322 3304 3374 de
3333 3322 3418 3374 his
3451 3322 3641 3388 quzein
3676 3334 3779 3373 usu
3812 3333 3963 3372 com-

709 3430 895 3479 posse.
932 3415 993 3470 C.
1032 3415 1261 3470 Frustra
1299 3430 1429 3484 ergo
1463 3415 1662 3468 dantur
1696 3424 1982 3482 praecepta,
2015 3414 2057 3466 si
2085 3429 2144 3465 ea
2176 3414 2279 3465 im-

709 3507 862 3575 plere
896 3522 999 3559 non
1035 3521 1352 3575 possumus.
1386 3507 1454 3561 Α.
1488 3504 1635 3558 Deus
1670 3505 1942 3571 possibilia
1985 3504 2280 3563 mandavit,

714 3601 819 3653 hoc
855 3600 987 3652 nulli
1032 3599 1257 3652 dubium
1287 3608 1390 3653 est.
1425 3599 1526 3651 Sed
1562 3598 1687 3666 quia
1721 3598 1970 3651 homines
2008 3597 2284 3664 possibilia

715 3707 823 3746 non
866 3691 1094 3754 faciunt,
1126 3692 1331 3745 idcirco
1363 3693 1543 3745 omnis
1600 3691 1838 3744 mundus
1890 3689 2142 3744 subditus
2193 3700 2283 3744 est

716 3786 848 3849 Deo,
882 3794 936 3838 et
967 3785 1171 3855 indiget
1203 3784 1579 3840 misericonlia
1617 3783 1757 3853 eius.
1792 3784 1899 3836 Aut
1925 3794 2073 3837 certe
2105 3784 2147 3837 si
2197 3798 2285 3837 os.-

720 3875 944 3930 tendere
974 3876 1242 3945 potueris,
1272 3875 1366 3944 qui
1422 3876 1677 3929 universa
1727 3874 2108 3942 compleverit,
2159 3882 2289 3926 tunc

718 3969 922 4037 poteris
970 3971 1345 4021 demonstrare
1401 3982 1525 4022 esse
1555 3967 1829 4021 hominem
1877 3967 1968 4036 qui
2002 3981 2109 4020 non
2146 3966 2291 4019 indi-

720 4072 809 4131 get
836 4061 1207 4115 misericordia
1245 4060 1356 4112 Dei.
1387 4058 1562 4113 Omne
1593 4060 1735 4112 enim
1772 4059 1912 4126 quod
1948 4059 2063 4111 tieri
2092 4066 2287 4124 potest,

722 4157 895 4208 tribus
930 4162 1147 4206 constat
1177 4153 1535 4219 tentpovibus,
1577 4160 1669 4205 aut
1699 4151 1994 4219 praeterito.
2026 4159 2119 4201 ant
2151 4164 2293 4216 prte-

726 4247 888 4308 senti,
916 4245 1077 4313 785
1116 4252 1211 4297 aut
1261 4244 1465 4297 futuro.
1518 4244 1630 4297 Hoc
1671 4243 1813 4311 quod
1857 4242 2082 4304 asset-is,
2131 4256 2292 4309 posse

726 4334 1003 4388 hominem
1054 4334 1169 4388 sine
1214 4343 1443 4400 peccato
1484 4350 1608 4388 esse
1659 4335 1702 4387 si
1746 4335 1892 4394 velit,
1942 4342 2178 4388 monstra
2219 4334 2294 4386 fa-

726 4435 875 4478 ctum
908 4439 1031 4479 esse
1063 4426 1128 4477 de
1169 4426 1464 4492 praeterito,
1491 4434 1581 4475 aut
1634 4434 1783 4477 certe
1827 4438 1971 4477 nunc
2019 4424 2129 4475 ﬁeri
2184 4444 2195 4477 :
2229 4425 2295 4478 de

730 4519 913 4571 futuro
964 4525 1147 4584 postea
1203 4516 1528 4569 videbimus.
1580 4516 1730 4579 Quod
1788 4517 1833 4571 si
1887 4516 2095 4569 nullum
2138 4525 2292 4584 potes

2390 3419 2572 3471 munis
2611 3419 2729 3469 vita:
2765 3418 2843 3470 vel
2897 3416 3146 3483 corporis
3200 3415 3516 3469 necessaria
3571 3411 3739 3467 Sunt?
3790 3409 3964 3481 786

2390 3511 2463 3565 Da
2497 3512 2626 3564 mihi
2668 3509 2938 3565 heminam
2977 3510 3068 3579 qui
3111 3524 3214 3563 non
3244 3507 3471 3567 esuriat.
3500 3521 3609 3559 non
3644 3505 3822 3567 sitiat,
3862 3519 3962 3556 ne-

2388 3618 2494 3670 que
2531 3603 2725 3672 algeat.
2756 3617 2861 3655 non
2894 3601 3098 3660 doleat,
3135 3614 3242 3653 non
3280 3597 3584 3659 febricitet,
3616 3610 3725 3649 non
3762 3593 3963 3647 tormi-

2390 3694 2552 3746 nibus
2592 3706 2643 3743 et
2696 3692 2867 3745 urina:
2913 3688 3323 3744 diﬂlcultatibus
3372 3695 3725 3753 torqueatur;
3759 3694 3816 3736 et
3859 3696 3963 3747 ego

2388 3786 2487 3840 tibi
2531 3785 2851 3847 concedam,
2886 3796 3043 3851 pOSse
3090 3780 3364 3835 hominem
3395 3778 3533 3831 nihil
3570 3776 3673 3830 nisi
3706 3775 3727 3805 ⁷
3753 3776 3824 3827 de
3855 3774 3963 3826 vir-

2390 3876 2599 3929 tutibus
2658 3874 2919 3941 cogitare.
2978 3860 3218 3925 Caeditur
3255 3868 3560 3939 Apostolus
3619 3882 3646 3918 a
3706 3864 3965 3917 ministro

2394 3966 2535 4037 (Act.
2562 3980 2714 4023 mn.
2741 3963 2817 4031 9.),
2850 3969 2903 4016 et
2933 3970 3121 4016 contra
3151 3958 3466 4011 Pontiﬁcem
3492 3954 3581 4024 qui
3616 3951 3829 4006 caedere
3859 3950 3968 4003 im-

2398 4063 2704 4126 peraverat,
2745 4053 3068 4108 sententiam
3105 4049 3293 4115 dirigit
3319 4065 3333 4102 :
3359 4065 3377 4098 ι
3416 4044 3694 4101 Percntiet
3717 4053 3767 4096 te
3796 4042 3968 4101 Deus.

2397 4148 2580 4219 paries
2604 4146 2852 4199 dealbate
2882 4142 3046 4211 (Ibid.
3066 4141 3176 4207 5).»
3211 4138 3313 4194 Ubi
3346 4147 3428 4192 est
3452 4137 3539 4190 illa
3566 4135 3826 4203 patientia
3852 4134 3973 4186 Sal-

2397 4238 2621 4300 vatoris,
2652 4235 2745 4305 qni
2778 4234 2933 4303 quasi
2970 4246 3142 4302 agnus
3189 4230 3391 4283 ductus
3422 4227 3489 4280 ad
3521 4226 3830 4287 victimam,
3861 4238 3972 4277 non

2399 4329 2610 4399 aperuit
2636 4343 2698 4381 os
2728 4341 2884 4382 suum
2910 4324 3042 4394 (Ita.
3079 4336 3199 4382 LIII.
3223 4322 3303 4387 7),
3339 4319 3433 4374 sed
3459 4318 3762 4372 clementer
3786 4314 3975 4384 loqui-

2396 4428 2484 4473 tur
2523 4418 2826 4471 verberanti
2874 4430 2887 4467 :
2932 4434 2948 4464 ι
3002 4413 3058 4467 Si
3092 4412 3231 4467 male
3263 4411 3479 4465 locutus
3516 4424 3674 4470 sum,
3704 4422 3881 4473 argue
3908 4406 3977 4459 de

2401 4511 2542 4563 malo
2576 4527 2589 4563 :
2626 4508 2673 4561 si
2704 4516 2886 4559 autem
2920 4506 3078 4569 bene,
3110 4502 3239 4570 quid
3275 4516 3362 4556 me
3391 4499 3558 4555 caedis
3590 4496 3783 4564 (Joan.
3815 4512 3977 4557 xvttt,

731 4607 1040 4668 ostendere,
1079 4607 1169 4674 qui
1224 4606 1343 4661 sine
1382 4606 1527 4659 omni
1561 4608 1784 4659 omnino
1816 4617 2035 4674 peccato
2070 4616 2161 4659 aut
2190 4608 2288 4666 sit,
2331 4631 2374 4686 υ
2399 4600 2529 4669 27)?
2559 4619 2575 4650 ι
2610 4598 2727 4651 Non
2756 4596 3017 4665 Apostolo
3045 4592 3409 4657 detrahimus.
3460 4589 3554 4643 Sed
3601 4588 3838 4686 κιονῖεηξ

735 4708 830 4749 aut
862 4696 1041 4759 fuerit,
1071 4704 1261 4756 restat,
1294 4706 1348 4748 nt
1398 4696 1463 4747 de
1505 4696 1690 4749 futuro
1741 4708 1949 4749 tantum
2002 4696 2298 4765 disputatio

736 4786 825 4840 sit.
854 4785 1074 4840 Interim
1108 4788 1161 4839 in
1187 4786 1396 4841 duobus
1422 4789 1780 4855 temporibus,
1810 4788 2085 4854 praeterito
2136 4795 2301 4849 atque

734 4880 1006 4947 pra-senti,
1030 4881 1205 4935 victus
1226 4881 1445 4936 teneris.
1470 4882 1524 4934 Si
1545 4880 1911 4947 aliquisl‘uet-it
1928 4888 2109 4947 postea
2133 4878 2304 4946 major

737 4956 1398 5042 patriarchis,prephetis,
1425 4973 1707 5042 apostolis,
1731 4972 1820 5041 qui
1848 4981 2067 5040 peccato
2097 4979 2298 5033 careat,

740 5074 872 5115 tunc
912 5063 1107 5116 l'uturis
1160 5063 1227 5116 de
1271 5065 1487 5127 iuturo,
1536 5064 1579 5116 si
1639 5062 1899 5131 potueris,
1954 5060 2300 5130 persuadeto.

810 5154 865 5207 4.
906 5152 1065 5207 Posse
1091 5154 1347 5206 hominem
1379 5168 1471 5219 pro
1504 5166 1730 5221 tempore
1757 5170 1856 5206 non
1892 5169 2127 5220 peccare.
2146 5184 2211 5194 —
2235 5153 2302 5206 ϐ.

819 5293 834 5321 ⁸
872 5294 1098 5355 Ἥρωι-η
1145 5291 1401 5351 Posuisti,
1449 5309 1598 5359 posse
1638 5292 1898 5342 hominem
1934 5291 2044 5342 sine
2074 5296 2302 5355 peccato,

743 5376 855 5423 etc.
886 5380 913 5415 c
944 5362 1143 5427 quibus
1168 5365 1390 5413 verhum
1436 5378 1582 5427 posse
1629 5377 1654 5412 a
1693 5376 1751 5414 se
1803 5360 2212 5425 superadditum
2240 5373 2303 5409 ex

748 5441 862 5498 ima
894 5434 1154 5487 Critobuli
1202 5432 1572 5500 propositione
1605 5442 1857 5483 constare
1882 5430 1990 5500 ait;
2017 5440 2303 5500 _atque_ex

751 5496 834 5562 his
868 5502 1007 5556 infra
1038 5521 1050 5554 :
1087 5521 1103 5551 ι
1145 5496 1222 5553 Tu
1253 5496 1395 5553 enim
1427 5502 1558 5552 dicis
1603 5516 1705 5552 non
1740 5514 1859 5552 esse
1886 5498 2155 5549 hmniuem
2190 5496 2307 5547 sine

748 5586 988 5639 peccato.
1026 5573 1119 5625 sed
1153 5587 1273 5623 esse
1296 5586 1472 5636 posse.
1520 5590 1535 5618 ι
1573 5571 1630 5623 Et
1663 5572 1823 5636 ptulo
1851 5568 2105 5620 inferius:
2146 5584 2162 5614 ι
2198 5565 2307 5639 Iloc

748 5634 892 5713 quod
924 5644 1124 5695 asseris
1148 5634 1317 5713 posse
1369 5642 1636 5692 hominem
1665 5634 1787 5713 sine
1836 5648 2053 5704 peccato
2079 5651 2221 5697 ess...
2263 5634 2307 5687 si

748 5710 899 5769 velit.
942 5732 958 5763 ι
998 5722 1103 5763 etc.
1146 5712 1267 5762 Mss.
1304 5721 1481 5761 autem
1513 5710 1679 5760 nostri
1710 5711 1890 5761 silent.

820 5788 840 5816 ²
871 5786 923 5835 In
967 5797 1029 5833 eo
1066 5781 1274 5833 srilicet
1306 5782 1393 5841 qui
1425 5781 1603 5830 statim
1641 5795 1667 5830 a
1691 5778 1959 5844 baptismo
1985 5776 2234 5829 moritur.

822 5856 841 5884 ³
879 5854 1003 5905 Mss.
1043 5866 1161 5902 eum
1209 5850 1373 5900 \(‘lt‘l‘i
1405 5849 1671 5903 editione.
1719 5863 1833 5897 cum
1870 5862 1897 5897 ε
1926 5847 2191 5896 contrario
2217 5858 2307 5905 eno

754 5928 844 5977 te'zr'
878 5924 1125 5980 tribuum,
1164 5930 1263 5971 o-tc.
1298 5918 1582 5971 (ictisentit
1615 5918 1906 5971 \‘ictOrius,
1940 5915 2031 5982 qui
2069 5926 2119 5965 et
2144 5916 2304 5980 piulo

756 5998 897 6050 ὶὶιέῑα
948 6010 1026 6061 PC,
1070 6004 1123 6049 τε
1153 6003 1261 6049 εςιι
1302 6005 1401 6042 non
1469 6001 1615 6055 pO‘St‘
1676 5988 1910 6053 ειίιὶρείι,
1969 5996 2019 6038 ει
2076 5985 2295 6039 κρειξιυευ

2407 4691 2536 4745 ιιιὶιιί
2588 4689 2967 4758 praedicamus,
2996 4686 3092 4749 qui
3140 4685 3193 4738 in
3235 4696 3398 4737 carne
3433 4695 3649 4750 passus,
3680 4679 3871 4733 carnis
3902 4679 3984 4731 in-

2401 4783 2603 4852 juriam
2646 4791 2869 4846 superat
2897 4787 2952 4832 et
2994 4776 3393 4846 fragilitatem;
3444 4783 3504 4826 ut
3550 4783 3759 4825 taceam
3803 4771 3935 4824 illud
3964 4811 3981 4831 ,

2405 4875 2547 4944 quod
2594 4880 2986 4927 commemorat
3036 4886 3052 4923 ι
3100 4886 3118 4918 ι
3173 4865 3477 4920 Alexander
3521 4864 3756 4917 terat-ius
3809 4863 3983 4915 multa

2408 4967 2537 5021 mihi
2571 4966 2707 5019 mala
2742 4964 3017 5025 ostendit;
3048 4960 3238 5015 reddet
3266 4959 3339 5011 illi
3368 4956 3634 5010 Dominus
3668 4955 3725 5008 in
3762 4955 3857 5009 illa
3892 4953 3986 5007 die

2403 5060 2580 5130 justus
2611 5058 2773 5124 index
2809 5052 2894 5123 (11
2925 5053 3061 5106 Tim.
3097 5068 3171 5110 tv,
3209 5050 3320 5107 li).
3360 5068 3377 5099 ι

2478 5152 2530 5205 5.
2570 5149 2679 5202 Nec
2706 5158 2780 5201 est
2812 5146 3073 5213 culpanda
3103 5142 3369 5197 Creatoris
3397 5138 3795 5193 conditio.—C.
3820 5138 3989 5206 Cogis

2410 5304 2515 5343 esse
2541 5286 2844 5353 reposuite
2870 5298 3001 5336 mss.

2483 5359 2503 5387 ⁸
2548 5345 2741 5408 Vocem
2777 5352 2913 5406 Deus
2950 5360 3136 5420 utpote
3166 5347 3496 5419 superﬂuam
3534 5346 3675 5411 hinc,
3698 5345 3989 5401 Victorius

2544 5443 2635 5476 νιι.

2544 5443 2566 5469 ν
2624 5464 2635 5476 .

2412 5437 2731 5553 a":0\'|elrba,
2777 5495 2862 5546 sed
2890 5491 2980 5559 qui
3018 5496 3222 5542 tantum
3253 5496 3467 5540 cunctor
3499 5488 3695 5559 faceret
3729 5486 3989 5540 volunta-

2412 5580 2507 5624 tes.
2558 5582 2674 5632 quae
2728 5557 2911 5618 sensui
2967 5560 3234 5632 explendo
3286 5557 3612 5632 necessa_ria_
3649 5557 3767 5609 visa
3821 5567 3987 5632 sunt,

2415 5625 2687 5689 hactenus
2716 5650 2843 5686 vero
2878 5633 2929 5683 in
2959 5632 3122 5683 editis
3150 5629 3395 5687 deerant.
3426 5625 3748 5680 sutlecimus
3772 5642 3841 5679 ex
3871 5626 3984 5679 Va-

2415 5712 2595 5758 ticano
2622 5702 2942 5767 exemplari.

2486 5777 2504 5806 ⁸
2546 5777 2696 5829 \lss..
2732 5764 2883 5836 Qnod
2921 5772 2962 5822 si
2991 5767 3276 5838 paululum;
3298 5764 3575 5838 remiserit,
3612 5764 3926 5838 abstineat.

2486 5847 2503 5876 "
2547 5832 2775 5901 Victor...
2843 5832 3172 5892 niltii'alt'ud
3225 5836 3347 5895 nisi,
3395 5845 3526 5892 ctu,
3582 5847 3648 5884 ex
3706 5832 3989 5886 Brittanis

2416 5916 2575 5971 codd.
2610 5914 2769 5967 Pattltt
2808 5925 2921 5981 post
2952 5910 3143 5971 nostri.
3202 5908 3289 5973 qut
3329 5905 3515 5957 ardent
3545 5904 3907 5971 imperet-crit.
