4198 6462
232 409 327 473 601

913 407 1305 472 DIALOGUS
1349 406 1660 472 CONTRA
1705 411 2222 477 PELAGIANOS.
2267 436 2334 447 -··
2377 408 2532 474 LIB.
2572 410 2690 473 III.

3406 418 3515 483 602

230 543 338 591 me,
371 534 436 580 ut
471 524 670 597 loquar
704 524 853 596 quod
894 525 1008 597 jam
1060 527 1268 584 dudum
1310 528 1505 599 gestio,
1537 541 1591 585 et
1629 540 1808 585 tamen
1840 541 1892 601 Α
1923 531 1984 586 Α.
2020 529 2364 586 Voluntatem
2399 540 2646 585 nostram
2679 571 2694 596 ,
2726 546 2847 600 qua
2898 530 3104 587 obtulit
3166 546 3329 588 omne
3362 536 3508 604 quod

228 623 579 691 erumpentia
607 622 770 677 verba
801 640 907 678 non
943 639 1153 693 promo.
1179 626 1243 679 Α.
1273 624 1406 690 Quis
1432 627 1577 679 enim
1610 635 1661 679 te
1695 642 1817 694 pro-

230 718 398 776 hibet,
433 717 580 784 quod
615 718 787 771 sentis
823 718 1048 769 dicere?
1076 720 1179 770 Ant
1215 722 1356 770 enim
1389 720 1535 781 uuod
1564 720 1817 773 dicturus

225 827 307 875 es,
337 812 549 866 bonum
577 821 755 875 est,et
783 828 883 867 nos
908 812 1053 865 bunt)
1084 812 1337 869 fraudare
1370 828 1473 872 non
1504 815 1690 877 debes,
1728 823 1817 866 ant

224 906 455 967 malum,
497 917 550 960 et
601 907 805 961 idcirco
844 923 951 961 non
1005 910 1176 961 nostri
1214 910 1424 977 gratia,
1471 908 1565 959 sed
1614 909 1819 975 pudore

224 1000 450 1053 siluisti.
492 999 552 1055 C.
617 1002 804 1055 Dicam
835 1043 850 1065 ,
889 1001 1066 1054 dia-ant
1102 1002 1396 1071 aliquando
1431 1004 1574 1071 quod
1615 1003 1813 1055 sentio.

224 1091 421 1149 Omnis
460 1096 767 1166 disputatio
808 1104 900 1150 tua
944 1097 1074 1149 illuc
1118 1097 1418 1156 delabitur.
1472 1107 1527 1151 ut
1565 1106 1816 1149 naturam

225 1203 483 1251 accuses,
523 1197 577 1242 et
613 1190 826 1256 culpam
874 1188 1081 1243 referas
1141 1188 1205 1242 ad
1258 1191 1448 1252 Deum,
1502 1190 1595 1258 qui
1649 1189 1813 1242 talem

235 1283 522 1335 hominem
560 1282 823 1337 condidit.
852 1283 919 1336 Α.
952 1281 1060 1336 Hoc
1092 1282 1217 1336 illud
1254 1295 1371 1338 erat
1396 1282 1542 1349 quod
1576 1282 1819 1345 volebas,

226 1384 271 1425 et
308 1375 549 1427 nolebas
589 1376 813 1429 dicere?
860 1376 970 1433 die.
1018 1376 1127 1435 dic,
1159 1391 1365 1444 quasso,
1396 1386 1452 1427 ιιι
1502 1391 1693 1429 omnes
1729 1386 1819 1427 tua

231 1466 501 1522 fruantur
534 1467 848 1535 prudentia.
888 1467 1259 1535 Reprehendis
1300 1467 1489 1528 Deum,
1524 1483 1696 1535 quare
1723 1468 1822 1520 ho-

229 1552 433 1611 iniuem
475 1560 671 1613 fecerit
712 1560 1028 1614 hominem?
1064 1562 1468 1630 reprehendant
1504 1571 1557 1616 et
1590 1562 1769 1628 angeli
1796 1602 1811 1627 ,

230 1667 327 1705 cur
353 1652 538 1721 angeli
574 1654 704 1707 sint.
737 1652 930 1709 Omnis
960 1667 1208 1710 creatura
1243 1666 1525 1719 causetur.
1565 1671 1735 1723 quare
1768 1656 1819 1710 id

232 1746 300 1797 sit
332 1746 484 1808 quod
522 1747 744 1800 condita
784 1758 891 1811 est,
925 1756 975 1802 et
1006 1764 1112 1803 non
1144 1749 1195 1802 id
1228 1750 1375 1817 quod
1409 1749 1573 1803 condi
1615 1750 1817 1818 potuit.

236 1839 463 1895 Scilicet
497 1858 648 1896 nunc
683 1843 815 1897 mihi
849 1843 1148 1911 puerilibus
1182 1843 1705 1898 declamatiunculis
1737 1843 1821 1896 lu-

233 1932 475 1987 dendum
530 1943 635 1999 est,
682 1945 736 1991 et
787 1951 818 1991 a
864 1938 1038 1992 culice
1083 1946 1249 2006 atque
1286 1936 1515 1993 formica
1547 1954 1718 2007 usque
1752 1939 1817 1991 ad

231 2024 534 2080 Cberubim
562 2037 617 2081 et
652 2026 939 2095 Seraphim
978 2030 1214 2095 veniam,
1242 2045 1337 2084 cur
1370 2047 1477 2085 non
1512 2031 1728 2094 singula
1763 2030 1820 2084 in

236 2118 450 2171 meliori
487 2130 633 2174 statu
661 2121 881 2175 condita
916 2123 1043 2176 sint.
1080 2122 1327 2189 Cumque
1356 2123 1423 2177 ad
1449 2124 1695 2178 excelsas
1732 2138 1822 2176 ve-

232 2228 370 2266 nero
405 2213 739 2279 Potestates,
782 2217 1051 2269 causabor
1095 2224 1151 2269 et
1204 2216 1424 2283 dicam,
1464 2232 1631 2284 quare
1684 2214 1823 2269 Deus

233 2306 385 2360 solus
416 2315 635 2360 tantum
676 2304 817 2361 Deus
850 2310 944 2371 sit,
978 2319 1031 2361 et
1063 2322 1171 2361 non
1207 2308 1390 2361 omnia
1419 2307 1551 2362 deos
1601 2307 1816 2362 fecerit.

230 2401 338 2455 Aut
391 2402 544 2453 enim
582 2402 1038 2467 impossibilitatis
1082 2402 1237 2471 juxta
1288 2409 1341 2455 te
1377 2403 1420 2469 ¹,
1455 2410 1550 2455 aut
1600 2400 1822 2455 invidiae

238 2507 370 2547 reus
419 2492 550 2546 erit.
610 2488 969 2560 Reprehende
1021 2506 1179 2555 eum,
1218 2507 1318 2547 cur
1360 2503 1413 2548 et
1447 2493 1725 2547 diabolum
1765 2494 1819 2548 in

233 2585 337 2639 hoc
365 2583 583 2637 mundo
611 2598 734 2638 esse
768 2583 1070 2649 concedat,
1106 2592 1160 2638 et
1187 2585 1343 2638 aufer
1369 2600 1657 2649 coronam,
1694 2601 1817 2640 cum

232 2689 518 2731 certamen
550 2676 867 2741 abstuleris.
891 2675 954 2731 C.
978 2675 1093 2730 Non
1128 2693 1247 2733 sum
1278 2679 1442 2749 787
1474 2689 1579 2733 tam
1608 2694 1820 2745 vecors,

240 2782 295 2824 ut
326 2786 559 2837 querar,
588 2786 688 2823 cur
719 2770 971 2826 diabolus
998 2771 1090 2835 sit,
1120 2770 1278 2839 cujus
1313 2772 1518 2826 invidia
1555 2788 1701 2827 mors
1742 2774 1821 2826 in-

236 2862 424 2916 lroivit
480 2865 538 2916 in
588 2863 775 2917 orbem
831 2872 1101 2917 terrarum
1140 2882 1154 2920 :
1191 2865 1286 2920 sed
1353 2866 1456 2921 hoc
1491 2865 1671 2931 doleo,
1724 2882 1824 2922 cur

233 2960 335 3013 viri
362 2958 754 3023 ecclesiastici,
777 2967 833 3014 et
866 2960 958 3028 qui
992 2962 1380 3030 magistrorum
1420 2963 1520 3017 sibi
1554 2973 1823 3027 usurpant

235 3050 601 3111 vocabulum,
624 3049 817 3103 tollant
846 3049 1076 3105 liberum
1109 3052 1397 3107 arbitrium
1422 3069 1562 3121 :quo
1607 3055 1822 3108 sublato

235 3138 681 3192 Manichmnrum
716 3147 861 3192 secta
888 3139 1248 3193 construitur.
1282 3140 1341 3192 Α.
1378 3140 1559 3208 Egone
1592 3140 1819 3193 liberum

242 3231 376 3284 tollo
408 3229 726 3292 arbitrium,
760 3230 851 3298 qui
892 3229 944 3282 in
977 3237 1086 3284 tota
1120 3228 1492 3298 disputatione
1523 3244 1642 3283 mea
1685 3229 1817 3283 nihil

240 3325 390 3378 aliud
428 3324 540 3393 egi,
575 3323 679 3376 nisi
718 3331 775 3376 ut
818 3322 1270 3389 omnipotentiam
1323 3321 1413 3376 Dei
1471 3337 1595 3377 cum
1651 3322 1822 3377 libero

237 3414 473 3467 arbitrio
502 3412 929 3467 conservarem?
954 3410 1014 3465 C.
1047 3411 1335 3477 Quomodo
1360 3426 1553 3468 servas
1586 3413 1820 3467 liberum

238 3503 563 3565 arbitrium,
588 3504 676 3571 qui
707 3502 845 3556 dicis
895 3501 1169 3555 hominem
1220 3502 1352 3555 nihil
1407 3518 1567 3572 posse
1620 3503 1821 3569 facere,

240 3595 347 3648 nisi
390 3595 535 3647 Deus
569 3608 783 3659 semper
808 3592 1115 3660 adiuverit?
1139 3594 1174 3645 Α
1193 3633 1205 3645 .
1240 3592 1296 3647 Si
1323 3595 1375 3647 in
1408 3594 1566 3665 culpa
1596 3603 1702 3658 est,
1730 3596 1825 3666 qui

239 3686 425 3739 linero
484 3684 715 3737 arbitrio
757 3683 937 3752 jungit
986 3683 1081 3737 Dei
1131 3682 1511 3750 adjutorium:
1556 3698 1687 3752 ergo
1738 3684 1828 3737 ille

235 3778 526 3839 laudetur,
565 3776 656 3844 qui
692 3775 781 3830 Dei
813 3776 953 3828 tollit
992 3775 1282 3829 auxilium.
1312 3774 1372 3830 C.
1407 3776 1521 3829 Non
1558 3776 1689 3830 tollo
1728 3775 1822 3830 Dei

238 3866 540 3931 auxilium,
604 3864 806 3932 quippe
868 3878 965 3932 per
1017 3862 1176 3928 Cujus
1233 3863 1464 3932 gratiam
1528 3878 1827 3931 possitmus

236 3976 406 4015 omne
444 3958 594 4026 quod
638 3971 967 4025 possumus;
1012 3957 1105 4009 sed
1141 3967 1434 4023 utrumque
1466 3955 1583 4009 suis
1618 3954 1817 4007 finibus

237 4054 612 4105 terminamus
649 4064 663 4104 :
696 4058 752 4101 ut
784 4058 837 4102 et
864 4047 959 4100 Dei
987 4045 1057 4100 sit
1092 4046 1279 4115 gratiae
1309 4044 1453 4111 quod
1485 4044 1631 4097 dedit
1665 4042 1821 4096 liberi

235 4142 461 4197 arbisrii
516 4148 865 4211 potestatem,
919 4148 975 4195 et
1022 4146 1223 4192 nostra;
1269 4135 1584 4197 voluntatis,
1643 4132 1827 4189 facere

235 4238 393 4307 quid,
446 4236 536 4289 vel
590 4249 697 4288 non
752 4232 1060 4287 facere:et
1112 4230 1258 4300 quod
1308 4229 1635 4283 facientibus
1688 4241 1826 4297 prte-

234 4328 437 4388 mium,
482 4333 537 4378 et
572 4340 678 4377 non
719 4322 1049 4377 facientibus
1074 4335 1233 4392 poma
1265 4326 1541 4375 servetur.

306 4420 363 4475 6.
413 4418 558 4483 Quid
580 4416 718 4471 Deut
747 4426 956 4470 coronet
990 4416 1045 4468 in
1079 4413 1247 4467 nobis.
1271 4439 1342 4452 -—
1367 4411 1429 4465 Α.
1454 4410 1664 4466 Videris
1693 4410 1825 4465 mihi

232 4509 551 4565 obliviosos
583 4521 727 4571 esse,
748 4515 802 4559 et
824 4504 981 4573 quasi
1011 4503 1145 4557 nihil
1180 4515 1345 4571 supra
1376 4500 1582 4555 dictum
1609 4500 1702 4566 sit,
1728 4515 1824 4569 per

1926 624 2119 694 potuit,
2155 632 2207 677 et
2236 623 2500 682 laborem.
2536 624 2630 694 qui
2665 624 2950 680 contendit
2973 634 3031 680 ut
3060 626 3290 682 faceret.
3324 636 3377 680 et
3414 630 3513 681 hu-

1924 717 2229 776 militatem,
2269 732 2389 784 qure
2419 732 2635 786 semper
2669 718 2915 785 reSpexit
2962 718 3029 770 ad
3084 719 3348 773 auxilium
3389 719 3508 773 Dei.

1924 808 1987 864 C.
2020 809 2155 877 Ergo
2186 810 2227 863 si
2265 823 2369 861 non
2410 808 2637 863 fecimus
2672 808 2818 878 quod
2873 812 3153 879 praecepit,
3194 821 3286 865 aut
3322 812 3502 867 voluit

1930 918 2031 956 nos
2061 901 2323 968 adjuvare
2354 901 2520 962 Dens.
2553 912 2643 954 aut
2683 901 2878 957 noluit.
2905 901 2961 958 Si
2997 904 3168 957 voluit
3193 917 3246 959 et
3282 907 3507 977 adjuvit,

1925 1006 1977 1049 et
2010 1004 2187 1049 tamen
2226 1010 2333 1049 non
2366 995 2595 1049 fecimus
2615 998 2757 1065 quod
2780 997 3110 1061 voluimus',
3133 1012 3240 1050 non
3264 1015 3384 1060 nos.
3414 1000 3509 1054 sed

1925 1089 2015 1143 ille
2049 1100 2341 1157 superatus
2374 1097 2481 1142 est.
2516 1088 2614 1141 Sin
2648 1096 2830 1142 autem
2868 1090 3041 1144 noluit
3077 1091 3361 1157 adjuvare,
3400 1108 3509 1147 non

1923 1193 1999 1236 εει
2030 1183 2187 1250 culpa
2228 1181 2366 1247 ejus,
2394 1181 2485 1251 qui
2521 1181 2686 1234 voluit
2721 1181 2897 1234 facere
2924 1219 2938 1242 ,
2964 1183 3059 1235 sed
3111 1183 3257 1237 illius
3288 1182 3379 1251 qui
3414 1184 3513 1237 ad-

1921 1274 2112 1342 juvare
2153 1272 2348 1339 potuit,
2382 1280 2437 1327 et
2474 1272 2647 1327 noluit
2683 1271 2886 1327 facere.
2920 1274 2985 1326 Α.
3021 1272 3139 1327 Non
3186 1274 3448 1345 intelligis
3483 1274 3505 1305 "

1925 1364 2267 1433 διλήμμλτον
2304 1374 2458 1418 tuum
2502 1366 2553 1417 in
2590 1368 2795 1434 grande
2848 1366 3315 1435 blasphemiarum
3353 1368 3511 1425 deci-

1925 1456 2073 1511 disse
2109 1458 2427 1511 barathrum
2462 1474 2474 1509 :
2528 1465 2586 1510 ut
2615 1474 2680 1512 ex
2716 1468 2951 1529 utraque
2979 1467 3153 1523 parte,
3182 1470 3277 1513 aut
3317 1461 3514 1515 invali-

1926 1549 2029 1603 dus
2057 1548 2127 1602 sit
2155 1547 2318 1611 Deus,
2352 1556 2446 1602 aut
2474 1547 2692 1603 invidus
2718 1591 2733 1616 ,
2764 1562 2818 1605 et
2851 1568 2957 1605 non
2997 1562 3209 1606 tantum
3238 1552 3286 1606 ei
3322 1551 3503 1609 laudis

1926 1644 2018 1700 sit,
2057 1640 2201 1705 quod
2246 1641 2513 1695 bonorum
2551 1650 2743 1696 auctor
2770 1652 2851 1695 est
2882 1653 2935 1696 et
2963 1643 3205 1712 adiutor,
3241 1654 3509 1710 quantum

1927 1734 2368 1801 vituperationis,
2415 1732 2561 1801 quod
2599 1734 2736 1786 mala
2784 1750 2891 1787 non
2934 1737 3203 1789 coercuit.
3248 1735 3513 1790 Detraba-

1930 1833 2020 1878 tur
2054 1839 2183 1891 ergo
2224 1824 2327 1887 illi,
2368 1839 2467 1877 cur
2510 1824 2784 1877 diabolum
2835 1840 2958 1879 εεευ
3012 1826 3351 1894 permiserit,
3405 1843 3508 1882 cur

1928 1933 2123 1988 passus
2153 1918 2246 1990 sit,
2279 1926 2331 1969 et
2367 1916 2653 1982 hucusilue
2680 1916 2920 1984 patiatur
2949 1917 3191 1985 quotidie
3218 1918 3422 1987 aliquid
3451 1920 3505 1974 in

1927 2015 2129 2064 mundo
2176 2009 2303 2063 mali
2350 2008 2486 2063 fieri.
2520 2009 2723 2075 Qmerit
2773 2010 2876 2063 hoc
2924 2009 3188 2073 Marcion,
3231 2019 3286 2065 et
3316 2027 3511 2069 omnes

1927 2104 2095 2175 788
2123 2103 2504 2156 luereticorum
2539 2116 2727 2168 canes,
2764 2102 2854 2172 qui
2884 2101 3051 2157 Vetus
3083 2104 3289 2157 laniant
3319 2103 3514 2159 Testa-

1926 2205 2192 2254 mentum,
2219 2200 2272 2246 et
2304 2192 2682 2261 hujuscemodi
2718 2193 3095 2265 syllogismum
3150 2204 3333 2249 texere
3380 2210 3516 2251 con-

1924 2296 2239 2343 sueverunt.
2275 2286 2381 2338 Aut
2440 2285 2605 2339 scivit
2657 2284 2795 2341 Deus
2847 2286 3123 2341 hominem
3160 2286 3213 2341 in
3247 2288 3510 2355 paradiso

1925 2378 2165 2449 positum
2199 2378 2686 2447 prmvaricaturum
2720 2393 2843 2432 esse
2869 2379 3182 2432 mandatum
3213 2379 3382 2454 illius,
3415 2389 3513 2436 aut

1926 2472 2173 2529 nescivit.
2204 2473 2260 2527 Si
2294 2472 2475 2533 scivit.
2509 2486 2618 2524 non
2651 2480 2733 2525 est
2767 2470 2820 2524 in
2845 2472 3004 2540 culpa
3032 2474 3076 2527 is
3098 2472 3189 2541 qui
3218 2474 3514 2540 praescieri-

1926 2566 2054 2618 tiam
2089 2564 2183 2618 Dei
2228 2564 2399 2618 vitare
2433 2578 2537 2616 non
2573 2562 2789 2633 potuit,
2827 2563 2918 2617 sed
2949 2562 3039 2617 ille
3064 2562 3157 2631 qui
3187 2563 3348 2617 talem
3380 2578 3515 2618 con-

1926 2657 2102 2719 didit,
2138 2665 2193 2709 ut
2236 2655 2329 2709 Dei
2384 2670 2490 2710 non
2545 2664 2733 2723 posset
2785 2654 3073 2709 scientiam
3131 2655 3398 2709 devitarc.
3451 2654 3512 2711 Si

1925 2752 2179 2813 nescivit,
2230 2750 2319 2803 cui
2373 2748 2772 2817 prarscientiam
2807 2747 2978 2810 tollis,
3012 2745 3194 2803 aufers
3227 2755 3281 2801 et
3312 2746 3513 2801 divini-

1927 2851 2109 2894 tatem.
2170 2840 2283 2895 Hoc
2334 2840 2481 2893 enim
2539 2854 2739 2908 genere
2793 2839 2844 2892 in
2896 2839 3050 2909 Cttlpzt
3095 2839 3319 2909 eritqui
3350 2840 3512 2909 elegit

1925 2931 2054 2987 Saul
2097 2930 2340 2984 futurum
2378 2938 2567 2998 postea
2617 2943 2799 2993 regem
2836 2927 3237 2995 impiissimum.
3283 2926 3347 2979 Et
3393 2926 3514 2981 Sal-

1924 3032 2081 3076 vator
2114 3032 2202 3076 aut
2238 3020 2583 3091 ignorantiae,
2620 3027 2715 3072 aut
2739 3018 3019 3087 injustitia!
3047 3018 3322 3073 tenebitur
3358 3033 3507 3083 reus,

1925 3130 2027 3169 cur
2054 3116 2106 3168 in
2144 3113 2439 3181 Evangelia
2468 3112 2540 3165 sit
2574 3112 2792 3165 locutus
2829 3126 2843 3164 :
2881 3128 2899 3160 ι
2939 3110 3132 3164 Nonne
3175 3126 3269 3165 ros
3300 3110 3506 3164 duode—

1849 3235 1895 3296 ο
1927 3209 2032 3261 cim
2065 3221 2163 3274 ego
2188 3206 2326 3272 elegi
2380 3204 2685 3268 apostolos,
2727 3213 2780 3255 et
2817 3217 2959 3256 unus
2987 3202 3053 3255 de
3083 3202 3235 3254 vobis
3258 3202 3510 3257 diabolus

1927 3310 2003 3355 est
2043 3298 2225 3369 (Joau.
2252 3314 2329 3358 vr,
2361 3296 2515 3363 7i)?»
2553 3295 2836 3363 Interroga
2871 3308 3020 3369 eum,
3049 3309 3149 3347 cur
3171 3292 3365 3348 Judant
3400 3294 3512 3349 ele-

1927 3392 2066 3463 gerit
2101 3388 2476 3460 proditorem?
2512 3401 2610 3440 cur
2635 3385 2683 3439 ei
2718 3385 2927 3440 loculos
2957 3383 3318 3443 commiserit,
3343 3398 3508 3451 quem

1928 3485 2100 3538 furem
2136 3496 2259 3537 esse
2312 3495 2416 3534 non
2466 3477 2796 3548 ignorabat?
2833 3475 2923 3531 Vis
2974 3476 3164 3529 audire
3198 3476 3515 3529 ratiunch

1933 3578 2071 3629 Deus
2098 3572 2386 3643 praesentia
2415 3570 2649 3640 judicat,
2675 3585 2781 3622 non
2811 3568 3014 3623 futura.
3042 3567 3148 3621 Nec
3177 3567 3507 3619 contemnat

1929 3683 1992 3721 ex
2022 3665 2388 3737 prascientia,
2425 3678 2586 3732 quem
2637 3662 2852 3717 noverit
2883 3662 3045 3713 talem
3085 3661 3220 3717 fore.
3258 3659 3350 3728 qui
3405 3657 3511 3713 sibi

1930 3771 2117 3834 postea
2171 3760 2457 3830 displireat
2494 3774 2508 3810 :
2544 3759 2640 3812 sed
2675 3766 2837 3813 tanta:
2884 3755 3141 3811 bonitatis
3175 3763 3261 3809 est
3310 3764 3363 3806 et
3425 3752 3513 3806 iu-

1928 3855 2159 3911 eﬂ'abilis
2208 3851 2510 3908 clementia:
2532 3902 2546 3925 ,
2580 3859 2637 3903 ιιι
2668 3852 2834 3919 eligat
2867 3863 2993 3903 eum
3023 3888 3038 3911 ,
3082 3862 3243 3916 quem
3282 3844 3503 3898 interim

1928 3946 2131 4002 bonum
2160 3945 2356 4005 cernit,
2389 3951 2444 3997 et
2480 3943 2584 3995 scit
2618 3941 2821 3993 tnalum
2860 3939 3125 4002 futurum,
3156 3939 3296 3992 dans
3326 3938 3376 3991 ei
3407 3951 3509 4005 po-

1931 4047 2179 4093 testatem
2211 4032 2594 4089 conversionis
2639 4042 2693 4086 et
2742 4030 3100 4098 pmniteutiae,
3149 4031 3298 4099 juxta
3353 4028 3507 4079 illum

1929 4144 2149 4185 sensum
2185 4125 2435 4195 Apostoli
2476 4141 2489 4177 :
2529 4143 2546 4175 ι
2595 4124 2821 4193 Ignoras
2873 4122 2999 4186 quia
3052 4121 3366 4189 benignitas
3414 4117 3512 4172 Dei

1929 4222 1995 4276 ad
2047 4219 2420 4291 paenitentiam
2475 4226 2525 4271 te
2572 4214 2844 4269 adducit?
2893 4212 3201 4269 secundum
3250 4212 3509 4266 duritiam

1929 4322 2113 4369 autem
2168 4323 2318 4366 tuam
2367 4319 2423 4363 et
2471 4323 2567 4362 cor
2616 4307 2970 4375 imptenitens
3017 4307 3357 4359 thesaurizas
3411 4302 3510 4357 tibi

1932 4408 2066 4463 iram
2097 4408 2150 4461 in
2177 4406 2265 4460 die
2301 4405 2392 4457 irm
2420 4412 2474 4458 et
2503 4401 2854 4458 revelatioois
2886 4398 3018 4468 justi
3052 4396 3243 4465 judieii
3279 4396 3392 4462 Dei,
3415 4395 3511 4465 qui

1932 4498 2123 4554 reddet
2160 4497 2460 4565 unicuique
2499 4492 2804 4549 secundum
2845 4504 3010 4559 opera
3062 4488 3183 4557 ejus
3235 4486 3417 4557 (Rom.
3450 4503 3509 4551 ιι,

232 4604 466 4656 easdem
499 4598 889 4669 disputationis
916 4597 1111 4651 reverti
1143 4596 1337 4649 lineas.
1365 4591 1476 4647 Hoc
1498 4592 1642 4646 enim
1668 4592 1826 4662 longa
1862 4601 1905 4657 ο
1935 4592 1989 4655 4,
2015 4590 2127 4659 5).»
2158 4589 2340 4656 Neque
2370 4587 2514 4640 enim
2547 4585 2669 4639 ideo
2702 4582 2949 4651 peccavit
2986 4580 3183 4669 Adam,
3217 4579 3341 4646 quia
3370 4576 3510 4669 Deus

233 4693 578 4747 dissertione
678 4690 999 4745 conclusum
1027 4698 1132 4749 est,
1154 4699 1211 4743 ut
1231 4687 1402 4755 gratia
1425 4701 1522 4738 sua
1545 4684 1827 4750 Dominus,

232 4799 348 4853 qua
390 4783 558 4835 nobis
584 4780 862 4834 concessit
892 4779 1125 4833 liberum
1161 4776 1476 4838 arbitrium,
1505 4776 1557 4829 in
1590 4774 1826 4844 singulis

233 4870 509 4939 operibus
546 4869 700 4937 juvet
731 4878 894 4937 atque
924 4876 1213 4922 sustentet.
1244 4866 1307 4921 ϐ.
1333 4865 1472 4932 Quid
1509 4880 1637 4935 ergo
1670 4882 1830 4918 coro-

233 4970 330 5011 ιι.ιι
379 4959 431 5009 in
480 4958 639 5010 nobis
670 4957 713 5021 ²,
744 4970 794 5009 et
832 4956 1017 5010 laudat
1050 4958 1198 5027 quod
1238 4957 1352 5027 ipse
1385 4965 1645 5025 operatus
1705 4955 1830 5010 est?

312 5126 325 5150 '
359 5120 544 5174 Voces
573 5120 734 5187 juxta
758 5128 805 5172 te
838 5119 1184 5173 Martianaeus
1214 5126 1337 5188 post
1368 5116 1584 5171 Erasm.
1620 5118 1823 5173 omise-

230 5208 347 5252 rat.
378 5207 485 5244 nos
522 5206 587 5243 ex
624 5205 758 5244 mss.
794 5190 1114 5244 suﬂecimns
1141 5200 1195 5241 et
1228 5188 1399 5242 veteri
1436 5188 1697 5244 editione.
1735 5188 1826 5241 Vi-

231 5266 457 5320 ctorius
493 5274 716 5327 quoque
756 5270 910 5313 antea
942 5274 1005 5313 ex
1046 5259 1307 5322 Mediceo,
1343 5254 1636 5320 Fesulano,
1672 5257 1828 5312 aliis-

232 5351 348 5402 que
401 5346 540 5384 mss.
588 5338 933 5402 reposuerat,
990 5344 1190 5402 easque
1239 5328 1472 5402 inferior
1528 5336 1827 5402 contextus

233 5397 487 5464 :Lserit,
549 5397 641 5452 ubi
702 5397 949 5465 δίὶημμα
1008 5397 1273 5452 Critobuli
1324 5399 1657 5464 exploditur.
1705 5398 1825 5451 Mox

234 5475 423 5528 Varie.
460 5484 563 5539 pro
604 5469 659 5521 in
690 5470 785 5521 hoc
815 5470 1008 5521 munda
1050 5486 1163 5523 esse
1207 5469 1338 5534 legit
1385 5469 1439 5521 in
1463 5470 1600 5539 hltoc
1632 5469 1827 5520 mundo

235 5537 658 5605 tantum‘poue.
685 5539 901 5606 Reginae
933 5555 1037 5592 tus.
1062 5554 1184 5592 cum
1210 5540 1379 5593 veteri
1410 5537 1651 5591 editione
1672 5553 1826 5607 aeque

236 5619 387 5668 lie-ne
423 5618 639 5662 tantum
665 5624 796 5662 esse.

311 5687 332 5714 ²
374 5682 656 5733 llactenus
687 5679 815 5731 editi
850 5677 987 5742 Quid
1019 5693 1140 5744 ergo
1167 5678 1323 5748 juvat
1356 5686 1516 5745 atque
1561 5686 1780 5731 coronat
1806 5716 1821 5739 .

234 5755 430 5809 verbis
470 5750 632 5818 juvat
673 5759 830 5817 atque
880 5765 1158 5816 perperam
1210 5748 1460 5811 intrusis,
1513 5760 1568 5801 et
1626 5760 1818 5801 contra

236 5823 547 5887 scriptoris
600 5829 860 5879 mentem,
893 5820 1035 5884 quod
1071 5834 1133 5871 ex
1165 5827 1280 5870 toto
1312 5827 1571 5872 tontestu
1609 5818 1775 5885 liquet
1808 5835 1820 5870 :

238 5911 351 5952 nos
387 5893 478 5947 illa
516 5890 885 5961 espunximus
915 5903 1048 5946 mss.
1087 5888 1411 5945 auctoritate
1439 5930 1451 5952 ,
1502 5889 1555 5943 in
1588 5905 1821 5960 quorum

1938 4684 2041 4737 hoc
2078 4681 2318 4734 futurum
2374 4686 2640 4740 noverat;
2677 4676 2775 4728 sed
2808 4671 3082 4741 prascivit
3134 4668 3272 4723 Dens
3298 4708 3311 4730 ,
3348 4668 3508 4737 quasi

1937 4777 2098 4853 Deus,
2133 4774 2275 4843 quod
2313 4773 2408 4827 ille
2460 4780 2581 4826 erat
2632 4769 2849 4840 propria
2899 4768 3179 4821 voluntate
3236 4765 3506 4820 facturus.

1935 4870 2144 4923 Accusa
2177 4882 2307 4935 ergo
2350 4864 2518 4919 Deum
2574 4858 2844 4916 mendacii
2875 4902 2889 4925 ,
2942 4873 3113 4927 quare
3166 4858 3368 4912 dixerit
3409 4872 3507 4925 per

1935 4962 2128 5017 Jonam
2167 4976 2182 5012 :
2223 4979 2241 5011 ι
2280 4959 2471 5013 Adhuc
2519 4966 2629 5011 tres
2658 4953 2775 5009 dies
2797 4991 2812 5017 ,
2842 4961 2896 5006 et
2931 4951 3125 5006 Ninire
3158 4950 3509 5004 subvertetur

1935 5121 2086 5176 nullo
2114 5118 2440 5172 invenimus.

2004 5192 2025 5223 ³
2064 5190 2214 5243 Ultus
2239 5185 2413 5238 V'atic.
2442 5181 2725 5236 contrario
2757 5196 2921 5237 sensu
2972 5186 3021 5232 et
3050 5184 3231 5233 tamen
3262 5177 3503 5246 fecimus,

1931 5263 2069 5325 quod
2101 5258 2378 5313 voluimus.
2405 5251 2628 5309 Confer.
2659 5251 2754 5309 lib.
2788 5253 2844 5307 ὃ.
2868 5249 3164 5320 AuguSIini
3189 5248 3253 5303 de
3276 5250 3504 5318 Perfert.

1943 5333 2103 5385 iustit.

1924 5350 2193 5452 Justmﬁ'ou
2226 5395 2479 5458 intelligis
2534 5392 2896 5460 διλήμματον.
2952 5389 3069 5445 Non
3120 5390 3389 5458 δίλημμα.
3446 5396 3506 5441 ut

1929 5472 2059 5525 editi
2083 5471 2228 5527 libri.
2253 5468 2346 5521 sed
2371 5467 2713 5531 διλήμματον
2740 5464 2928 5530 legunt
2945 5471 3140 5515 cuncta
3167 5460 3501 5531 exemplaria

1931 5558 2067 5594 mss.
2106 5539 2166 5592 Et
2193 5542 2261 5592 ita
2295 5529 2586 5601 lugendum.
2628 5534 2787 5585 docet
2835 5531 3189 5598 Hernmgen.,
3226 5531 3319 5582 lib.
3346 5545 3405 5601 tv
3442 5529 3506 5580 de

1931 5611 2268 5666 luveutione.
2298 5599 2496 5660 Sttidas
2523 5618 2744 5670 quoque
2782 5604 2925 5655 inter
2960 5602 3209 5654 dilemma
3242 5609 3295 5652 et
3320 5599 3505 5670 dilem-

1931 5694 2107 5735 matou
2166 5682 2269 5732 hoc
2323 5677 2473 5743 ponit
2509 5667 3134 5743 discrimengziatkqppa
3185 5670 3250 5743 7.5
3280 5667 3505 5743 -δισσῶς

1929 5738 2348 5818 λαμϐανόμενού
2379 5745 2632 5818 φρόνημα.
2664 5761 2676 5796 :
2709 5750 2759 5818 et
2808 5738 3150 5818 διλήμμαὲεργ
3179 5738 3350 5808 διχῶς
3417 5752 3509 5789 vo-

1929 5809 2262 5893 οῖίθ-ενονίίά
2303 5809 2404 5878 εεῐζ
2426 5809 2687 5884 bifariam
2719 5810 3061 5867 intellectum.
3090 5809 3362 5865 Maurus.
