4198 6480
718 381 827 447 603

1885 385 1944 446 S.
1995 385 2300 444 EUSEllil
2353 385 2635 443 ιιιὲιιολ
2653 386 2783 444 YMI

3873 383 3974 451 604

722 494 902 566 (Ιοαη-.
932 511 1013 560 ιιι,
1037 493 1143 565 4).»
1170 492 1274 548 Sed
1314 495 1660 563 respondebit
1691 492 1786 547 tibi
1821 509 1914 561 per
1946 494 2236 549 .lereutiam
2268 511 2280 546 :
2317 498 2358 552 Α
2390 495 2572 558 rebus,
2611 495 2703 546 sed
2736 497 3106 557 sermonibus,
3145 495 3192 547 id
3244 504 3346 558 est,
3403 509 3509 548 non
3563 493 3822 551 veritate.
3876 492 3970 545 sed

726 608 744 640 ι
786 592 862 641 Ad
900 602 1165 641 summam
1201 586 1393 656 loquar
1426 599 1614 641 contra
1649 598 1859 653 gentem
1915 599 1966 642 et
2018 603 2240 655 regnum
2271 639 2285 660 ν

720 691 780 735 ιιι
825 681 1100 735 eradicent
1135 692 1189 734 et
1245 682 1517 744 destruant
1559 690 1612 733 et
1660 681 1968 750 disperdam
2023 681 2173 734 illud.
2229 679 2285 734 Si

718 776 1094 846 pmnitentiam
1130 779 1301 846 egerit
1345 789 1478 844 gcns
1517 775 1604 827 illa
1657 789 1683 826 a
1714 776 1857 828 malo
1885 789 2005 838 suo,
2035 775 2176 842 quod
2210 775 2290 827 lo-

719 878 883 922 cutus
911 883 1028 922 sum
1085 871 1350 921 adversus
1403 882 1560 930 eam,
1609 883 1761 935 agam
1799 879 1848 920 et
1882 883 1980 936 ego
2020 870 2288 938 potuiten-

718 963 847 1016 tiam
881 978 1042 1031 Super
1073 969 1210 1014 malo
1239 963 1380 1026 quod
1413 963 1647 1030 Cogitavi
1680 974 1732 1015 nt
1765 961 1995 1015 facercm
2032 964 2102 1015 ci.
2130 964 2187 1016 Et
2219 965 2284 1018 ad

718 1071 988 1108 summam
1029 1057 1216 1121 loquar
1249 1055 1312 1107 de
1351 1066 1508 1123 gente
1538 1068 1588 1109 ct
1623 1071 1808 1124 regno,
1843 1065 1896 1106 ιιι
1931 1056 2194 1110 tedilicem
2233 1071 2287 1112 ct

719 1151 956 1218 plantcm
995 1149 1146 1204 illttd.
1182 1149 1222 1202 si
1258 1147 1450 1201 feccrit
1477 1151 1674 1202 malum
1706 1149 1756 1200 in
1800 1161 2090 1216 conspectu
2141 1167 2282 1213 meo,

719 1253 776 1296 ιιι
812 1258 918 1296 ιιοη
961 1243 1146 1295 audiat
1196 1258 1382 1295 vocem
1439 1258 1608 1294 meam
1647 1281 1661 1298 .
1721 1244 2094 1310 paenitentiam
2131 1259 2282 1310 agam

718 1351 884 1400 Super
907 1339 1069 1395 bono,
1101 1338 1240 1401 quo!
1269 1338 1331 1386 ιο·
1355 1344 1479 1384 ntus
1508 1350 1624 1385 sum
1654 1343 1711 1387 ut
1740 1333 1971 1386 facerem
1992 1335 2036 1386 ci
2065 1333 2282 1388 tlerem.

720 1443 878 1487 XVI",
923 1429 952 1480 7
981 1429 1165 1494 seqq).
1207 1444 1222 1475 ι
1263 1425 1658 1492 Indignabatur
1699 1427 1971 1493 quondam
2006 1438 2057 1479 et
2098 1425 2284 1490 Jonas,

717 1537 817 1574 Cur
845 1521 956 1575 Dco
1005 1520 1166 1572 fuerit
1199 1518 1423 1586 jubenle
1473 1520 1732 1571 mentitus
1768 1532 1780 1572 ε
1813 1521 1902 1570 scd
1935 1519 2119 1581 iniusti
2153 1534 2288 1572 mce-

721 1614 863 1666 τοι-ῖς
913 1616 1192 1680 arguitur,
1236 1615 1442 1667 mali-us
1473 1628 1592 1664 cuin
1641 1612 1877 1680 pernicie
1917 1612 2092 1682 789
2125 1615 2287 1666 innu-

719 1704 1004 1756 tnerabilis
1051 1705 1234 1773 populi
1269 1719 1459 1757 verum
1496 1705 1698 1766 dicere,
1747 1721 1906 1774 quam
1941 1721 2066 1758 cum
2102 1717 2284 1760 lutth-

719 1812 842 1849 rum
883 1797 1056 1849 salu‘e
1111 1796 1346 1850 mentiri.
1398 1795 1624 1848 Ponitur
1657 1797 1702 1847 ei
1749 1797 2054 1864 exemplum
2092 1817 2104 1852 :
2146 1818 2163 1849 ι
2205 1800 2282 1850 Tu

721 1891 874 1944 doles
905 1905 1069 1959 super
1099 1889 1300 1941 hedera
1324 1930 1337 1950 ,
1379 1890 1489 1941 sive
1526 1889 1806 1941 cucurbita
1839 1890 1890 1941 in
1937 1906 2040 1957 qtta
2077 1906 2181 1943 non
2215 1895 2290 1944 la-

721 1983 951 2045 borasti,
985 1999 1158 2050 neque
1197 1981 1370 2035 fecisti
1415 1991 1475 2035 ιιι
1511 1993 1814 2046 cresceret,
1862 1998 1982 2050 qua:
2031 1986 2133 2037 sub
2183 1999 2288 2038 una

719 2084 882 2128 nocte
910 2084 1034 2126 nata
1069 2085 1171 2139 est,
1207 2081 1389 2127 etuna
1424 2082 1582 2126 nocte
1611 2071 1788 2140 periit,
1819 2083 1871 2127 et
1901 2090 2002 2146 ego
2032 2090 2138 2128 non
2167 2090 2290 2143 par-

719 2181 840 2218 cam
867 2163 1056 2218 Ninive
1091 2165 1296 2217 civitati
1343 2180 1576 2230 magnzc,
1609 2165 1790 2231 inqua
1823 2174 1949 2219 sunt
1986 2167 2101 2231 plus
2125 2181 2286 2234 quam

719 2264 938 2310 centum
969 2255 1155 2323 viginti
1191 2257 1357 2308 millia
1397 2257 1675 2308 hominum
1706 2298 1721 2318 ,
1753 2257 1842 2325 qui
1879 2259 2130 2313 nesciunt
2159 2261 2287 2328 quid

716 2352 792 2404 sit
823 2352 965 2404 inter
991 2350 1270 2404 dexteram
1298 2361 1346 2402 et
1380 2352 1655 2402 sinistram
1693 2367 1846 2404 suam
1886 2352 2055 2420 (Iona:
2089 2370 2161 2416 tv,
2200 2354 2288 2417 l0,

720 2443 856 2510 il)?
893 2463 910 2493 ι
943 2443 996 2495 Si
1031 2444 1081 2494 iu
1114 2444 1462 2509 parvulorum
1501 2453 1658 2497 zelate
1687 2455 1736 2496 et
1769 2444 2122 2512 simplicium,
2151 2463 2289 2514 quos

721 2544 868 2586 cette
927 2546 1252 2603 peceatores
1312 2535 1480 2588 fuisse
1533 2551 1639 2588 non
1695 2538 1900 2604 poteris
1959 2539 2290 2606 approbare,

719 2634 870 2678 tanta
919 2626 1019 2679 fuit
1058 2627 1338 2680 hominum
1394 2627 1724 2689 multitudo,
1763 2630 1892 2696 quid
1945 2629 2192 2685 dicemus
2226 2633 2292 2687 de

719 2717 1004 2784 Utriusque
1030 2733 1190 2771 sexus
1217 2729 1373 2770 a'ta'e
1401 2717 1637 2781 diversa,
1667 2734 1808 2786 qum,
1833 2719 1982 2782 juxta
2010 2719 2288 2778 Philonem

718 2819 770 2861 et
806 2810 1290 2877 prtnlentissimum
1333 2811 1347 2840 ¹
1386 2810 1837 2876 philosovhorum
1873 2811 2203 2880 (Platonem,
2238 2818 2288 2868 in

723 2897 966 2966 Tima'o),
1006 2900 1072 2952 ab
1101 2899 1325 2952 infantia
1357 2915 1529 2967 usque
1560 2901 1625 2953 ad
1661 2900 1997 2970 decrepitam
2032 2915 2290 2956 senectu-

719 3002 850 3053 tem,
889 2993 1197 3060 septenario
1289 2991 1479 3044 ordine
1527 2992 1856 3054 devolvitur,
1896 2994 2023 3046 du-n
2075 2995 2176 3048 sibi
2213 2997 2290 3050 sic

721 3087 953 3139 invicem
989 3096 1207 3137 a-tatum
1243 3084 1578 3136 incrementa
1616 3086 1938 3150 succedunt,
1976 3097 2034 3140 ut
2062 3089 2281 3154 quando

2391 585 2703 639 mendacio.
2735 584 2964 640 Possum
2993 585 3139 638 enim
3171 585 3301 639 illttd
3339 585 3434 638 tibi
3466 582 3710 653 Apostoli
3742 598 3973 650 respon-

2391 679 2519 733 dere
2559 696 2572 732 :
2615 697 2634 729 ι
2677 679 2787 732 Etsi
2816 679 3102 748 imperitus
3137 693 3410 742 sermone,
3445 695 3551 731 non
3579 687 3757 731 tamen
3787 677 3972 730 Scien-

2392 772 2464 824 tia
2501 769 2586 836 {II
2613 769 2734 825 Cor.
2769 787 2848 834 ιι,
2876 770 2985 839 6).»
3017 768 3248 836 Quando
3280 771 3422 824 enim
3458 771 3720 839 loquelis,
3744 779 3972 822 coactus

2391 864 2926 934 argumentationum
2983 865 3226 934 strophis
3279 864 3372 918 tibi
3413 862 3602 918 videor
3669 863 3968 925 assentire,

2393 973 2514 1012 eum
2555 969 2735 1011 autem
2771 962 3121 1025 tacueris,ex
3158 957 3346 1013 animo
3381 972 3574 1012 rursus
3616 957 3875 1018 elabitur,
3914 965 3972 1009 ut

2390 1051 2594 1120 liquido
2625 1063 2884 1119 appareat
2911 1053 3346 1122 disputationem
3377 1062 3522 1106 tuam
3555 1065 3661 1104 non
3697 1065 3764 1104 ex
3802 1049 3970 1104 fonti-

2392 1145 2493 1198 bus
2527 1146 2771 1199 veritatis
2807 1146 2970 1217 790
2995 1156 3047 1200 et
3095 1145 3407 1202 Christiana
3454 1143 3798 1214 simplicitate
3821 1183 3836 1205 ,
3873 1143 3965 1197 sed

2388 1253 2450 1289 ex
2478 1239 2926 1307 philosophorum
2985 1239 3236 1294 minutiis
3267 1249 3320 1293 et
3355 1248 3470 1292 arte
3510 1237 3866 1292 descendere.
3903 1237 3964 1289 Α.

2390 1329 2484 1384 Vis
2515 1347 2644 1400 ergo
2680 1347 2761 1384 me
2793 1346 3008 1386 rursum
3044 1335 3121 1386 uti
3161 1332 3486 1386 tcstintouiis
3515 1330 3969 1397 Scripturarutn?

2390 1425 2455 1474 Et
2509 1423 2786 1491 quomodo
2834 1423 3044 1491 iactant
3088 1424 3342 1492 discipuli
3378 1423 3495 1484 tui',
3549 1423 3757 1475 nullum
3807 1437 3972 1490 argu-

2391 1515 2710 1567 mentationi
2745 1524 2848 1567 tua:
2875 1528 3033 1581 posse
3058 1523 3110 1567 et
3141 1513 3577 1582 problematibus
3607 1512 3972 1580 respondere?

2389 1603 2449 1656 (ἐ.
2487 1602 2605 1656 Non
2668 1607 2844 1660 solum
2887 1606 3034 1668 volo,
3066 1606 3157 1661 sed
3213 1613 3266 1660 et
3317 1606 3501 1674 cupio.
3565 1605 3704 1658 Doce
3757 1619 3842 1658 me
3902 1605 3968 1658 de

2391 1692 2690 1763 Scripturis
2727 1698 2952 1761 sanctis,
2999 1697 3114 1760 ubi,
3161 1697 3376 1750 sublata
3426 1696 3578 1750 liberi
3625 1696 3838 1749 arbitrii
3877 1711 3970 1762 po-

2391 1798 2602 1847 testate.
2645 1787 2806 1842 faciat
2847 1792 3031 1855 homo,
3064 1789 3207 1858 quod
3241 1803 3336 1858 per
3373 1802 3433 1842 se
3465 1795 3560 1840 aut
3586 1788 3762 1840 noluit
3796 1787 3839 1856 ³,
3876 1797 3972 1841 aut

2395 1895 2503 1932 nou
2549 1881 2743 1948 potuit.

2463 1968 2516 2022 8.
2563 1969 2964 2037 Scripturarum
2993 1972 3318 2025 testimonia.
3345 2001 3415 2011 —
3439 1973 3503 2024 Α.
3538 1971 3652 2024 Non
3689 1970 3786 2032 ita,
3819 1979 3879 2023 ut
3912 1979 3968 2024 tu

2393 2065 2678 2130 proponis,
2713 2063 2806 2117 sed
2845 2072 2902 2117 ut
2930 2065 3136 2119 veritas
3178 2064 3350 2132 poscit
3376 2073 3430 2118 et
3460 2065 3618 2125 ratio,
3656 2062 3973 2132 Scriptura-

2394 2169 2512 2207 rum
2543 2153 2772 2210 vocibus
2812 2166 2893 2210 est
2918 2157 3204 2211 utendum.
3237 2157 3505 2226 Loquitur
3551 2155 3718 2212 Jacob
3759 2160 3812 2210 in
3847 2171 3973 2210 ora-

2393 2245 2538 2298 tione
2572 2261 2669 2298 sua
2718 2265 2730 2299 :
2769 2265 2786 2298 ι
2825 2246 2880 2301 Si
2927 2249 3089 2302 fuerit
3137 2247 3401 2304 Dominus
3437 2248 3579 2303 Deus
3616 2265 3828 2304 mecum
3856 2289 3870 2310 .
3916 2256 3970 2302 et

2392 2340 2719 2393 custodierit
2753 2357 2839 2394 me
2872 2345 2924 2395 in
2961 2343 3069 2405 via,
3106 2358 3201 2411 per
3230 2358 3393 2410 quam
3438 2358 3540 2410 ego
3567 2356 3756 2411 pergo,
3789 2352 3842 2395 et
3879 2343 3973 2395 de-

2393 2431 2534 2486 derit
2571 2433 2698 2486 mihi
2745 2449 2938 2500 panem
2978 2436 3043 2488 ad
3081 2435 3520 2488 manducandum
3544 2475 3558 2496 ,
3587 2443 3642 2487 ct
3674 2433 3971 2487 vestimen-

2395 2535 2506 2579 tum
2543 2527 2606 2578 ad
2654 2528 3011 2595 operiendum
3040 2568 3054 2589 ,
3091 2539 3145 2581 et
3185 2529 3460 2581 reduxerit
3511 2543 3594 2580 me
3629 2541 3750 2580 cum
3796 2526 3973 2579 salute

2395 2618 2446 2672 in
2480 2619 2701 2670 domum
2735 2619 2904 2686 patris
2933 2621 3060 2682 mei,
3093 2620 3197 2672 erit
3225 2620 3354 2672 mihi
3393 2618 3658 2672 Dominus
3688 2619 3739 2670 in
3774 2618 3971 2679 Deum,

2394 2717 2447 2762 et
2481 2709 2616 2775 lapis
2649 2709 2749 2760 iste
2785 2723 2946 2775 quem
2978 2709 3131 2777 posui
3175 2711 3227 2762 in
3262 2710 3502 2774 titubant,
3545 2709 3647 2761 erit
3696 2709 3833 2760 mihi
3871 2709 3974 2761 do-

2398 2817 2522 2855 mus
2576 2799 2694 2863 Dei,
2747 2810 2798 2853 et
2838 2800 3081 2856 omnium
3137 2817 3478 2871 quaecunque
3529 2799 3744 2855 dedc'rTS
3798 2801 3975 2866 mihi,

2394 2893 2634 2947 decimas
2689 2892 2914 2946 offeram
2969 2894 3065 2947 tibi
3102 2893 3248 2961 (Cen.
3293 2910 3483 2957 xxvtu,
3515 2895 3584 2947 9.0
3617 2906 3666 2947 et
3709 2893 3897 2961 ψη).
3949 2913 3970 2944 ι

2395 2982 2659 3053 Numquid
2680 2986 2838 3048 dixit,
2877 2984 2932 3038 Si
2963 2985 3193 3039 liberum
3221 2986 3508 3040 arbitrium
3533 2987 3973 3048 conservaveris.

2392 3088 2447 3130 et
2489 3077 2670 3130 cibum
2709 3091 2762 3129 et
2796 3079 3181 3132 vestimentum
3217 3094 3338 3133 tneo
3371 3079 3558 3134 lat-ore
3588 3081 3881 3147 quaisiero,
3922 3091 3974 3136 et

720 3179 787 3230 de
833 3178 937 3232 alia
971 3187 1311 3231 transeamus
1348 3179 1412 3231 ad
1449 3177 1608 3231 aliam
1634 3217 1649 3242 ,
1692 3179 1898 3231 sentire
1947 3180 2169 3234 minime
2203 3198 2289 3236 va-
2318 3176 2363 3238 C
2395 3178 2675 3222 revenero
2703 3171 2755 3222 in
2788 3171 3006 3224 domum
3037 3173 3214 3240 patris
3239 3172 3381 3225 mei?
3405 3173 3598 3226 Oumia
3626 3173 3717 3226 dat
3757 3173 3972 3228 Domini

722 3270 975 3323 leaanus?

790 3357 844 3412 7.
890 3356 1107 3412 Minime
1139 3361 1340 3423 peccati
1390 3370 1577 3413 auctor
1631 3369 1707 3414 est
1759 3361 1916 3418 Deus.
1949 3393 2016 3407 -
2045 3365 2108 3421 ϐ.
2157 3366 2288 3423 Tota

721 3451 1122 3520 argumentatio
1181 3461 1269 3504 tua
1314 3453 1418 3505 huc
1457 3453 1666 3516 tendit,
1710 3464 1766 3506 ut
1817 3457 1960 3524 quod
2004 3457 2174 3512 Graeci
2207 3461 2288 3514 di-

722 3557 853 3596 cunt
884 3545 903 3574 '
953 3543 1324 3607 αὐτεξούσιον,
1359 3553 1410 3595 et
1442 3559 1540 3598 nos
1571 3545 1800 3598 liberum
1837 3549 2172 3616 appellamus
2205 3567 2292 3605 ar-

721 3638 981 3698 ].ierium,
1019 3636 1282 3690 vocabulo
1317 3636 1524 3690 tribuis
1553 3679 1565 3697 ,
1606 3653 1662 3689 re
1709 3639 1950 3694 auferas.
2000 3641 2080 3695 Tu
2140 3646 2286 3697 enirn

723 3739 996 3782 auctorem
1031 3736 1373 3794 peccatorum
1407 3728 1540 3782 facis
1576 3729 1766 3792 Deum,
1796 3731 1925 3785 dum
1959 3735 2168 3788 asseris
2203 3738 2290 3789 ni-

724 3819 797 3872 hil
828 3818 1100 3870 hominem
1142 3834 1235 3884 per
1267 3834 1325 3872 se
1367 3835 1524 3886 posse
1573 3821 1772 3878 facere.
1807 3825 1899 3875 sed
1944 3824 2286 3882 adminicqu

726 3911 844 3973 Dei,
875 3909 957 3963 cui
1001 3909 1294 3972 inputetur
1329 3923 1489 3961 oume
1529 3913 1672 3978 quod
1729 3913 1978 3966 faeimus.
2038 3914 2146 3969 Nos
2198 3933 2294 3969 au-

723 4009 853 4062 tem,
890 4001 1003 4054 sive
1035 4001 1262 4073 bonum,
1299 4003 1410 4054 sive
1459 4005 1656 4054 malum
1710 4005 1874 4058 homo
1931 4006 2139 4071 fecerit,
2197 4026 2294 4078 per

723 4094 879 4147 liberi
913 4092 1120 4146 arbitrii
1158 4102 1475 4155 potestatem
1518 4094 1566 4145 ei
1604 4094 1840 4149 dicimus
1886 4099 2162 4166 imputari,
2199 4104 2290 4168 qui

723 4181 1016 4252 ιἰιοὶιιιιιοά
1051 4183 1255 4244 voluit,
1291 4192 1341 4237 et
1392 4200 1495 4237 non
1547 4185 1617 4250 ei,
1665 4187 1755 4255 qui
1806 4191 1974 4242 semel
2015 4195 2292 4246 concessit

723 4274 956 4327 liberum
1007 4276 1314 4326 arbitrium.
1364 4276 1428 4326 Α.
1478 4279 1736 4339 Quamvis
1774 4279 2174 4346 tergiverseris,
2215 4284 2289 4335 la-

723 4367 879 4433 queis
911 4365 1152 4418 veritatis
1188 4367 1523 4432 inneCteris;
1573 4369 1670 4421 hoc
1704 4369 1849 4421 enim
1907 4373 2086 4427 modo.
2123 4373 2286 4426 etiam

724 4456 768 4508 si
797 4457 906 4522 ipse
933 4469 1038 4506 non
1069 4454 1310 4520 adjuvat,
1338 4464 1518 4506 tamen
1550 4455 1706 4520 juxta
1741 4465 1792 4508 te
1819 4467 2014 4509 auctor
2039 4457 2141 4511 erit
2171 4477 2290 4512 ma-

723 4547 926 4610 lorum,
1003 4546 1126 4614 quia
1168 4547 1342 4613 potuit
1379 4545 1686 4614 prohibere,
1724 4556 1775 4599 et
1823 4562 1927 4599 non
1983 4551 2288 4615 prohibuit.

727 4638 890 4692 Vetus
933 4639 1075 4691 enim
1107 4638 1372 4690 sententia
1412 4646 1513 4698 est,
1563 4637 1889 4690 homicilatn
1957 4656 2079 4694 esse
2116 4657 2241 4694 eum
2274 4685 2288 4706 ,

724 4731 812 4798 qui
852 4747 972 4783 cu-n
1033 4731 1204 4798 possit
1233 4729 1507 4780 hominem
1546 4728 1612 4780 tl:
1650 4739 1820 4781 morte
1859 4731 2113 4792 liberare,
2169 4748 2276 4786 nou

725 4825 933 4878 liberet.
965 4822 1027 4874 C.
1071 4820 1303 4890 .ltmjam
1337 4820 1468 4872 tollo
1499 4836 1716 4872 manum
1745 4862 1759 4879 ,
1794 4824 1947 4886 cedo,
1986 4825 2158 4875 vicisti
2191 4843 2202 4877 :
2244 4827 2286 4877 si

725 4926 901 4970 tamen
939 4916 1154 4968 vincere
1183 4923 1286 4976 est,
1320 4914 1600 4966 veritatem
1637 4914 1771 4965 Velle
1807 4915 2144 4974 subvertere,
2175 4933 2284 4972 non

799 5073 814 5102 ¹
849 5069 905 5122 in
941 5071 1102 5122 vett-ri
1143 5068 1269 5121 cdit.
1309 5069 1574 5121 Philonem
1609 5069 2109 5135 prudentissimum,
2154 5085 2286 5137 etc.,

727 5141 929 5204 absque.
960 5150 1005 5189 rt
1039 5141 1230 5202 copula
1273 5158 1283 5190 :
1324 5143 1373 5190 in
1411 5138 1578 5190 Vatic.
1615 5153 1794 5190 autem
1829 5141 2288 5206 prudentissimos.

802 5213 821 5241 ¹
857 5208 1006 5272 Quod
1041 5210 1211 5262 (ἱναιεὶ
1257 5210 1437 5260 dicunt
1485 5207 1851 5271 abtsE-aiatov.
1895 5210 1988 5260 llic
2035 5214 2289 5266 similiter

729 5281 914 5345 legunt
957 5295 1146 5329 omnes
1177 5280 1390 5330 codices
1436 5294 1567 5330 mss.
1609 5277 1977 5339 αὐτεξούσιον.
2015 5297 2117 5331 nun
2157 5286 2290 5335 falso

730 5349 1088 5410 αὐτεξνιυῖίαν
1148 5362 1270 5400 cum
1308 5346 1551 5398 Erasuto.
1589 5349 1677 5399 list
1713 5359 1892 5400 autem
1939 5352 1998 5400 τὸ
2041 5353 2294 5415 αὐτεξού-

731 5437 872 5482 σιον,
906 5419 1068 5469 libera
1101 5418 1360 5471 voluntas.
1389 5419 1500 5468 sive
1534 5418 1750 5469 liberant
1786 5419 2062 5470 arbitrium
2092 5437 2108 5471 :
2152 5423 2292 5474 unde

730 5506 832 5554 apu
860 5484 1124 5548 εἰῶ-υκαι.
1164 5486 1417 5539 Χειῑίηιικ,
1449 5487 1522 5552 τῷ
1551 5489 1882 5552 αὖτεξουςίῳ
1916 5491 2193 5557 τιμηθεὶς,
2223 5494 2288 5543 li-

733 5561 838 5610 beri
869 5559 1073 5608 arbitrii
1103 5557 1358 5621 [nettltate
1388 5557 1633 5607 donatus.
1669 5561 1936 5610 Maurus.

807 5628 826 5657 ³
864 5625 1034 5676 Vatic.
1082 5637 1170 5678 aut
1199 5629 1367 5692 facere
1393 5629 1581 5676 uoluit.
1610 5626 1747 5678 Infra
1774 5631 2292 5694 lltl='l'pllttCll0llCln,

731 5699 885 5758 cuius
916 5698 1043 5747 vitio
1077 5713 1271 5749 sensus
1306 5695 1603 5750 laborabat.
1635 5713 1785 5746 e.ncu
1813 5701 2009 5749 lamus.

806 5769 826 5797 ⁸
858 5764 1021 5816 Jacob
1074 5767 1396 5817 rectissimm
1438 5764 1549 5816 Dei.
1589 5767 1786 5830 lucptit
1817 5768 1902 5817 hit:
1938 5767 2208 5820 Marinum
2239 5771 2291 5822 in

737 5834 909 5901 Notis,
943 5836 1098 5905 quasi
1149 5837 1417 5889 sexcentis
1451 5834 1757 5904 lli:ron_vmi
1806 5837 1938 5888 ι·›.,ικ
1973 5836 2143 5890 lsr'uc!
2176 5857 2203 5891 ιι
2231 5858 2282 5892 ιιι

2402 3255 2688 3323 voluntati,
2715 3271 2770 3313 ut
2806 3272 3080 3315 mercatur
3107 3262 3355 3331 accipere
3382 3263 3524 3332 quod
3561 3275 3841 3332 precatur.
3871 3263 3977 3320 Re-

2396 3355 2621 3408 vertenti
2654 3356 2720 3408 de
2748 3353 3138 3422 Mesopotamia
3175 3353 3342 3409 Jacob
3405 3357 3721 3426 angelorum
3783 3373 3980 3412 occur-

2396 3445 2468 3498 rit
2491 3447 2782 3508 excrcitus,
2810 3458 2865 3500 et
2893 3458 3158 3500 vocantur
3183 3456 3360 3500 castra
3394 3447 3486 3501 Dei
3516 3447 3670 3513 (Gen.
3700 3465 3873 3510 nm,
3893 3452 3973 3516 2).

2396 3533 2588 3588 Postea
2623 3545 2827 3603 pugnat
2877 3551 3001 3589 cum
3035 3537 3227 3606 angelo
3260 3538 3362 3592 sub
3419 3540 3587 3607 figura
3625 3541 3888 3601 hominis,
3923 3551 3978 3592 et.

2395 3641 2423 3680 a
2460 3623 2693 3679 Domino
2746 3626 3124 3693 confortatur;
3171 3629 3238 3683 de
3289 3631 3699 3698 supplautatore
3751 3631 3927 3687 .lacob
3960 3673 3976 3694 ,

2396 3719 2717 3770 rectissimus
2753 3716 2846 3771 Dei
2875 3716 2921 3780 ⁸,
2953 3733 3150 3772 nomen
3194 3721 3423 3789 accepit.
3461 3720 3646 3790 Neque
3698 3724 3847 3776 enim
3910 3727 3976 3776 ad

2399 3816 2618 3868 fratrem
2650 3815 3093 3868 crudelissimum
3125 3818 3358 3869 audebat
3384 3819 3582 3870 reverti
3613 3819 3714 3871 nisi
3751 3819 3974 3873 Domini

2397 3907 2651 3974 praesidio
2693 3905 3003 3961 roboratus.
3056 3907 3332 3975 Scriptum
3369 3916 3451 3960 est
3485 3909 3536 3961 in
3569 3915 3968 3975 consequenti-

2395 3997 2533 4050 bus:
2561 4015 2576 4046 ι
2604 3994 2768 4048 Ortus
2799 4002 2884 4046 est
2907 3995 2954 4047 ei
2990 4002 3090 4059 sol,
3125 4005 3411 4066 postquam
3443 4000 3693 4051 transivit
3724 3999 3978 4055 Phanuel

2398 4090 2564 4160 (Ibid.
2596 4089 2708 4147 5|),
2746 4105 2763 4136 ι
2807 4086 2951 4152 quod
3005 4089 3399 4156 interpretatur
3445 4092 3608 4161 facies
3643 4092 3758 4145 Dei.
3821 4092 3980 4147 Unde

2398 4183 2639 4251 loquitur
2671 4195 2722 4236 et
2756 4184 3001 4256 Moyses“
3035 4199 3048 4234 :
3086 4201 3104 4232 ι
3144 4182 3264 4236 Vidi
3307 4183 3595 4237 Dominum
3625 4182 3720 4254 [aL
3776 4184 3978 4259 Deum]

2399 4274 2534 4327 fat-ie
2560 4279 2622 4327 ad
2661 4275 2875 4335 faciem,
2896 4288 2948 4328 et
2975 4280 3121 4330 salva
3152 4275 3294 4326 facta
3326 4282 3408 4328 est
3436 4275 3617 4328 anima
3649 4291 3770 4329 mea
3801 4277 3979 4345 (Ibid.

2395 4367 2509 4432 '50).
2545 4385 2646 4420 non
2701 4369 3034 4436 proprietate
3085 4376 3328 4427 naturze,
3377 4367 3470 4420 sed
3509 4367 3833 4436 dignatione
3872 4371 3982 4422 mi-

2397 4465 2650 4513 serentis.
2703 4459 2892 4514 Oritur
2941 4473 3070 4526 ergo
3116 4459 3274 4512 nobis
3329 4459 3407 4510 sol
3455 4458 3707 4525 justitire.
3752 4462 3984 4527 quando

2399 4555 2545 4602 vultu
2574 4549 2664 4602 Dei
2689 4551 3099 4604 confirmantur.
3123 4547 3321 4618 Ioseph
3349 4549 3402 4602 in
3430 4547 3661 4617 .Egypto
3689 4552 3984 4605 clauditur

2392 4655 2629 4698 carcere.
2668 4641 2846 4709 ibique
2878 4641 3129 4701 infertur,
3164 4641 3307 4706 quod
3345 4653 3532 4694 custos
3573 4643 3823 4696 carceris
3858 4659 3983 4696 om-

2395 4735 2480 4784 nia
2519 4735 2772 4798 potcstati
2822 4734 2940 4802 cjus
2994 4733 3224 4798 fideique
3281 4735 3634 4786 co:nmiserit.
3681 4732 3984 4803 Causaque

2394 4827 2640 4878 reiditur
2671 4844 2680 4876 :
2713 4825 2878 4889 «Quia
2916 4825 3178 4878 Dominus
3202 4833 3318 4876 erat
3349 4840 3469 4877 cum
3504 4839 3589 4885 eo,
3622 4834 3674 4876 et
3707 4842 3980 4893 quacun-

2397 4933 2502 4986 que
2534 4918 2780 4978 faciebat,
2809 4917 3274 4985 presperabantur
3299 4931 3325 4967 a
3361 4914 3592 4970 Domino
3619 4917 3671 4968 in
3708 4918 3979 4972 manibus

2403 5073 2811 5137 interpretatum
2873 5087 3068 5122 nomen
3124 5078 3398 5137 ponatur,
3459 5069 3779 5120 rectissimus
3852 5069 3973 5122 Dei.

2403 5143 2670 5196 Minuta.
2697 5138 2966 5204 -—-Nent[\c
2992 5139 3182 5191 Israel.
3219 5140 3307 5191 Sic
3341 5139 3480 5189 cnim
3517 5140 3568 5188 in
3601 5152 3980 5192 commentar.

2405 5215 2456 5262 in
2503 5214 2624 5264 Isti.
2660 5226 2817 5272 XLIV,
2858 5212 3097 5276 Proprie.
3143 5210 3355 5275 inquit,
3401 5209 3562 5276 juxta
3603 5205 3882 5267 Hebra'os,
3930 5222 3980 5259 et

2405 5283 2694 5344 litterarum
2747 5283 2898 5344 ﬁdem
2937 5278 3423 5336 Ιεναειεὺθύτιτος
3443 5275 3578 5328 Θεοῦ
3622 5283 3841 5341 (rectus
3881 5278 3978 5331 Dei

2401 5338 2472 5408 5N
2497 5358 2630 5408 -τεη
2656 5338 2872 5401 dicitur.
2912 5348 3034 5402 V'id.
3089 5347 3307 5400 Librum
3336 5338 3648 5399 Nominum.
3687 5344 3982 5402 Victorius

2403 5424 2586 5473 tnaluit
2628 5423 2937 5472 rectissime.

2467 5493 2487 5523 '
2521 5489 2663 5544 Unde
2697 5491 2930 5556 loquttur
2951 5499 2999 5541 et
3039 5488 3258 5556 Moyses.
3291 5487 3462 5541 Verba
3495 5493 3620 5537 sunt
3646 5481 3844 5556 Iacob,
3875 5489 3978 5540 sed

2400 5576 2426 5611 a
2475 5561 2656 5628 Moyse
2703 5552 2903 5626 scripta
2940 5575 2954 5611 :
2994 5552 3223 5621 ioleoqtte
3257 5557 3422 5628 Moysi
3461 5555 3650 5628 tribuit
3695 5552 3979 5625 llierOIiy-

2401 5647 2521 5682 mus
2553 5622 2735 5680 eadem
2775 5622 2962 5682 vetba.
2999 5630 3270 5682 MARTIAN.
3299 5622 3362 5666 -ὲ
3387 5624 3514 5690 Qttze
3547 5638 3574 5674 τι
3613 5622 3785 5677 Jacob
3826 5622 3982 5679 dic—ta

2401 5710 2547 5756 sunt,
2586 5699 2746 5765 Moysi
2781 5709 2835 5747 ut
2893 5701 3152 5751 historico
3206 5699 3364 5750 verba
3414 5695 3624 5765 tribuit.
3664 5694 3757 5747 Sic
3809 5694 3983 5748 Chri-

2401 5782 2538 5825 stus.
2572 5764 2764 5820 Matth.
2813 5783 2922 5826 Vix.
2954 5769 3005 5830 4,
3040 5768 3202 5820 Deum
3237 5766 3400 5818 refert
3434 5764 3634 5817 dixisse
3680 5765 3735 5817 id
3765 5805 3778 5828 ,
3820 5766 3984 5833 quod

2406 5840 2542 5892 dixit
2584 5839 2773 5903 Adon,
2809 5837 2913 5892 Deo
2949 5840 3203 5893 intuitum
3233 5837 3475 5907 jubcute.
