4198 6470
216 426 308 490 605

994 422 1380 486 DIALOGUS
1418 424 1711 485 CONTRA
1755 423 2349 486 PELAGIANOS.—
2387 428 2536 490 LIB.
2580 428 2695 488 Ill.

3358 434 3465 500 606

215 550 317 621 eius
347 546 507 615 (Gen.
540 562 729 612 suis,
762 544 880 615 9-3).
916 566 936 599 ι
976 545 1129 601 Unde
1155 555 1211 602 et
1240 548 1505 603 eunuchis
1556 550 1771 603 somnia
1814 561 1849 613 Α
1886 561 1980 601 vas
2020 547 2304 603 electionis
2342 551 2694 617 apertissime
2719 551 2921 606 scribat
2956 568 2969 606 :
3006 572 3025 606 ι
3056 552 3335 609 Habemus
3360 572 3465 611 an-

212 654 565 713 suggeruntur
612 638 765 711 (Cen.
814 659 904 703 ιι..
955 641 977 694 1
1035 643 1227 711 seqq),
1268 652 1323 697 et
1372 643 1584 697 Pharao
1630 646 1779 699 videt

214 738 469 790 somnium
505 735 887 791 inextricabile
921 734 1074 804 (Gen.
1121 752 1232 804 xu,
1281 737 1300 790 l
1342 738 1533 807 seqq),
1572 746 1627 790 ιιι
1682 753 1777 806 per

212 828 338 881 hanc
394 828 751 883 occasionem
807 829 1134 883 liberaretur
1190 829 1393 898 Joscplt
1449 831 1602 887 (Gen.
1665 848 1773 884 XLII

211 939 317 992 seqq
343 923 382 991 ),
420 932 580 992 pater
611 933 936 992 nasceretur
962 924 1120 995 791
1155 934 1211 978 et
1259 924 1475 984 fratres.
1510 925 1776 996 AZeyputs

209 1026 439 1085 tempore
470 1017 631 1072 famis
657 1018 985 1073 salvaretur.
1020 1018 1320 1085 Sequitur:
1356 1038 1373 1069 ι
1416 1017 1559 1072 Dixit
1592 1028 1773 1071 autem

212 1114 341 1168 Deus
365 1115 433 1168 ad
478 1115 647 1171 Israel
687 1116 741 1169 in
796 1115 1006 1171 visione
1058 1116 1284 1169 noctis:
1324 1114 1436 1183 Ego
1472 1132 1591 1174 eum
1638 1117 1776 1170 Deus

210 1220 410 1278 patrum
467 1218 720 1275 tuorum,
774 1210 881 1263 noli
931 1210 1124 1263 timere
1157 1208 1493 1264 descendere
1526 1210 1579 1262 in
1611 1209 1777 1282 Egy-

212 1312 386 1369 ptum;
426 1305 484 1358 in
522 1315 739 1374 gentem
776 1304 922 1360 enim
959 1319 1213 1372 magnam
1250 1304 1442 1357 faciam
1496 1315 1545 1357 te.
1582 1307 1652 1360 ibi
1677 1347 1691 1365 .
1721 1316 1773 1360 et

207 1412 295 1460 ego
324 1397 663 1451 descendam
698 1409 875 1451 terum
914 1397 966 1450 iu
995 1396 1312 1467 Egyptum,
1358 1404 1410 1449 et
1456 1396 1682 1449 educam
1722 1408 1773 1451 te

207 1490 319 1544 inde
354 1505 367 1543 :
410 1500 465 1544 et
520 1500 684 1559 ponet
729 1488 932 1558 Joscph
972 1505 1168 1543 manus
1199 1504 1325 1543 snas
1374 1505 1539 1558 super
1580 1491 1774 1544 oculos

204 1596 316 1638 tuos
343 1583 501 1637 (Gen.
542 1600 665 1637 χιιι
688 1624 704 1646 .
732 1583 788 1646 3,
826 1584 902 1653 4).
941 1604 959 1636 ι
997 1582 1098 1638 Ubi
1133 1582 1222 1636 hic
1253 1592 1334 1636 est
1367 1583 1521 1636 liberi
1557 1582 1771 1635 arbitrii

201 1676 469 1742 potestas?
505 1678 701 1733 Annon
757 1686 924 1730 totum
957 1677 973 1708 ¹
1012 1675 1156 1746 quod
1190 1676 1269 1729 ire
1297 1677 1495 1729 audeat
1541 1673 1638 1746 [αι.
1677 1690 1777 1727 au-

202 1766 306 1840 det]
337 1769 404 1821 ad
449 1768 648 1832 filium,
690 1778 743 1822 et
774 1768 921 1837 genti
974 1784 1032 1823 se
1080 1768 1425 1821 committere
1483 1765 1770 1818 Dominum

201 1864 477 1923 nescienti,
522 1863 614 1916 Dei
647 1871 864 1931 patrum
899 1862 1020 1931 ejus
1056 1860 1316 1914 auxilium
1341 1859 1455 1913 est?
1484 1858 1772 1912 Liberatur

1885 648 1992 694 tem
2027 640 2349 693 thesaurum
2405 644 2566 696 istum
2618 644 2672 697 in
2714 644 2863 698 vasis
2893 645 3167 711 fictilibus,
3202 656 3261 702 ιιι
3290 648 3466 702 abun-

1882 733 2068 787 dantia
2108 734 2446 788 fortitudinis
2479 747 2683 791 nostra!
2715 738 2782 791 sit
2819 753 2883 791 ex
2938 736 3046 793 Deo
3075 739 3115 804 ³,
3149 748 3202 795 et
3249 756 3359 796 non
3394 756 3460 795 ex

1882 830 2039 881 nobis
2073 827 2159 892 (ll
2190 828 2315 882 Cor.
2358 843 2431 895 tv,
2458 827 2569 897 7).»
2607 830 2758 887 Unde
2789 830 2921 885 etin
2958 830 3066 886 alio
3102 832 3240 895 loco,
3272 843 3458 887 retun-

1881 920 2017 975 dens
2057 922 2438 976 haereticorum
2478 922 2872 989 impudentiam
2898 968 2912 989 ,
2950 925 3196 993 loquitur
3241 942 3256 979 :
3297 942 3315 976 t
3352 924 3457 991 Qui

1881 1014 2168 1083 gloriatur,
2210 1015 2260 1067 in
2312 1016 2547 1069 Dontino
2598 1016 2884 1086 glorietur.
2937 1017 3124 1089 Neque
3168 1019 3315 1072 enim
3364 1020 3456 1088 qui

1880 1108 2118 1175 seipsum
2154 1108 2531 1173 commendat,
2573 1111 2688 1179 ipse
2734 1113 2999 1181 probatus
3028 1124 3129 1179 est,
3160 1114 3256 1170 sed
3289 1129 3449 1182 quem

1881 1201 2023 1255 Deus
2057 1204 2407 1258 commendat
2437 1202 2527 1271 (II
2559 1203 2685 1259 Cor.
2724 1221 2778 1269 ι,
2806 1206 2893 1275 17,
2925 1207 3067 1276 18).»
3103 1209 3169 1263 Et
3206 1209 3407 1262 iterum
3441 1223 3457 1265 :

1884 1313 1902 1347 ι
1949 1293 2090 1348 Nihil
2121 1297 2264 1349 enim
2304 1297 2434 1352 mihi
2468 1298 2642 1353 defuit
2674 1300 2741 1353 ab
2774 1302 2879 1358 his.
2909 1301 3001 1367 qui
3039 1316 3201 1370 supra
3233 1302 3455 1357 modum

1879 1397 2008 1440 sunt
2040 1388 2297 1453 apostoli.
2346 1389 2471 1441 licet
2512 1392 2644 1444 nihil
2693 1392 2796 1446 sim
2848 1391 2934 1462 (Il
2982 1392 3109 1448 Cor.
3141 1410 3239 1460 xu,
3275 1396 3383 1461 ll).
3433 1412 3453 1445 ι

1878 1477 2076 1533 Petrus
2114 1479 2357 1547 loquitur
2398 1481 2463 1534 ad
2503 1480 2819 1547 Dominum,
2868 1486 3152 1553 signorum
3186 1491 3461 1556 magnitu-

1879 1575 2008 1628 dine
2038 1575 2402 1627 conturbatus
2436 1590 2449 1627 :
2490 1593 2507 1626 ι
2542 1573 2757 1630 Recede
2784 1591 2811 1629 a
2843 1593 2949 1643 me,
2976 1581 3099 1647 quia
3136 1579 3300 1634 homo
3333 1594 3461 1649 pec-

1878 1677 2033 1721 cator
2063 1684 2185 1720 sum
2225 1667 2379 1732 (Luc.
2406 1684 2458 1729 v.
2493 1669 2605 1733 8).:
2640 1670 2706 1725 Et
2734 1669 2995 1727 Dominus
3024 1675 3089 1727 ad
3119 1672 3456 1743 discipulos:

1884 1778 1903 1811 ι
1946 1761 2052 1829 Ego
2086 1776 2206 1814 sum
2243 1762 2371 1816 vitis
2398 1772 2453 1816 et
2480 1778 2575 1817 vos
2622 1765 2782 1825 rami,
2817 1765 2909 1833 qui
2941 1777 3124 1819 manet
3166 1767 3221 1819 in
3268 1782 3373 1831 me,
3404 1775 3459 1821 et

1876 1869 1973 1924 ego
2002 1855 2053 1907 in
2088 1871 2173 1919 eo,
2210 1854 2311 1910 iste
2342 1855 2498 1911 affert
2531 1856 2553 1887 δ
2585 1856 2822 1911 fruetum
2853 1858 3084 1912 multum
3124 1874 3137 1911 :
3172 1859 3296 1926 quia
3336 1857 3458 1912 sine

198 1958 422 2022 populus
452 1957 523 2010 de
557 1953 790 2027 Egypto
834 1956 887 2008 in
941 1968 1102 2007 manu
1138 1953 1263 2007 forti
1298 1962 1353 2007 et
1404 1951 1633 2005 brachio
1668 1966 1762 2003 ex-
1808 1938 1853 1998 Β
1883 1962 1969 1999 me
2009 1948 2139 1999 nihil
2174 1950 2403 2016 potestis
2434 1949 2617 2004 facere
2656 1949 2841 2015 (Joau.
2872 1966 2959 2012 sv,
2995 1950 3106 2015 5).»
3136 1948 3285 2003 Sicut
3320 1949 3456 2004 rami

198 2049 354 2109 celso,
392 2062 507 2101 non
545 2047 709 2117 Moysi
740 2057 793 2102 et
827 2047 1007 2101 Aaron
1032 2087 1047 2110 ,
1080 2045 1173 2102 sed
1207 2046 1324 2113 ejus
1355 2044 1447 2114 qui
1480 2044 1765 2110 signorum

196 2140 468 2194 miraculis
506 2140 764 2210 populum
800 2139 1089 2202 liberavit,
1118 2146 1169 2191 et
1201 2138 1267 2191 ad
1304 2149 1610 2190 extremum
1648 2149 1768 2203 per-

196 2234 361 2286 cussit
400 2232 771 2301 primogenita
798 2229 1038 2301 Egypti,
1064 2241 1119 2284 ut
1149 2229 1243 2298 qui
1274 2228 1425 2296 prius
1460 2224 1769 2279 retinebant

194 2324 565 2393 pertinaciter.
594 2322 852 2376 ardenter
878 2323 1027 2375 exire
1061 2319 1454 2387 compellerent
1479 2315 1681 2386 (Exod.
1716 2329 1767 2367 ιι

193 2424 236 2467 et
261 2415 377 2484 xu).
411 2413 675 2468 Salomon
706 2414 951 2482 loquitur
980 2430 995 2469 :
1028 2430 1045 2464 t
1088 2410 1224 2466 Esto
1257 2410 1541 2464 confidens
1576 2407 1629 2459 in
1666 2404 1768 2458 Do-

194 2509 393 2564 minum
422 2508 478 2562 in
513 2516 629 2563 toto
664 2507 829 2563 corde
876 2516 992 2572 tuo,
1044 2506 1096 2560 in
1134 2514 1223 2558 tua
1278 2513 1458 2559 autem
1494 2499 1765 2569 sapientia

192 2619 256 2657 ne
287 2602 551 2657 exalteris
582 2618 597 2657 :
631 2602 684 2655 in
727 2600 983 2657 omnibus
1016 2598 1115 2653 viis
1146 2596 1253 2652 tuis
1286 2609 1556 2665 cognosce
1595 2608 1719 2646 cum
1748 2634 1763 2655 ,

192 2703 245 2749 ιιι
275 2704 457 2751 rectas
493 2694 658 2749 faciat
694 2695 811 2748 vias
836 2701 961 2747 tuas
992 2690 1177 2761 (Prov.
1208 2706 1291 2752 tu,
1321 2688 1374 2753 5,
1419 2687 1495 2756 6).
1539 2706 1556 2738 ι
1596 2686 1765 2740 Intel-

190 2786 289 2855 lige
316 2786 451 2854 quid
490 2785 735 2856 loquitur
766 2800 781 2840 ε
816 2782 927 2839 Nec
950 2784 1006 2838 in
1040 2783 1303 2854 sapientia
1342 2790 1549 2842 nostra,
1577 2792 1677 2832 nec
1713 2776 1766 2830 in

192 2879 311 2933 ullis
340 2879 649 2933 virtutibus
678 2878 699 2907 ’
727 2876 1135 2937 conﬁdendum,
1164 2874 1257 2928 sed
1293 2874 1347 2927 in
1372 2872 1485 2925 solo
1510 2869 1764 2933 Domino,

189 2987 216 3024 a
244 2986 353 3040 quo
382 2977 617 3041 gressus
649 2969 888 3025 hominis
920 2968 1252 3037 diriguntur.
1292 2964 1535 3031 Denique
1568 2961 1766 3030 ιιι·ωοί-

189 3065 354 3134 pitur,
391 3072 454 3117 ut
485 3062 848 3118 ostendamus
870 3061 917 3115 ei
952 3060 1070 3114 vias
1102 3067 1340 3118 nostras,
1375 3064 1429 3110 et
1464 3062 1623 3108 notas
1645 3066 1767 3107 esse

188 3156 479 3221 faciamus,
523 3168 647 3225 qua
689 3168 800 3208 non
852 3152 1036 3207 labore
1068 3148 1314 3221 proprio,
1349 3148 1445 3201 sed
1480 3145 1629 3199 illius
1663 3146 1760 3199 azl-

184 3249 387 3319 jutorio
420 3225 591 3317 atque
630 3245 917 3303 clementia
947 3251 1107 3299 recta:
1132 3242 1287 3297 fiunt.
1314 3239 1470 3296 Unde
1500 3238 1763 3306 scriptum

186 3351 266 3396 est
297 3359 313 3397 :
347 3359 368 3394 ι
397 3340 630 3397 Rectam
668 3340 753 3397 fac
783 3339 836 3393 in
869 3336 1166 3408 conspectu
1196 3350 1317 3389 meo
1351 3334 1493 3387 viam
1528 3341 1701 3392 tuam,
1742 3347 1760 3380 ι

185 3433 321 3499 sive,
358 3444 425 3489 ut
454 3433 563 3488 alia
592 3431 925 3502 exemplaria
958 3428 1160 3484 habent
1193 3443 1209 3483 :
1263 3444 1282 3477 ι
1337 3423 1562 3479 Rectam
1598 3422 1682 3476 fac
1715 3424 1766 3473 itt

184 3536 487 3598 conspectu
524 3536 619 3582 tuo
650 3526 787 3580 viam
827 3540 1000 3579 meam
1036 3519 1217 3591 (Psal.
1252 3536 1304 3582 v,
1341 3518 1394 3585 9)
1426 3534 1441 3583 ;
1481 3535 1497 3567 ι
1537 3526 1595 3569 ιιι
1622 3515 1763 3583 quod

185 3622 281 3675 tibi
317 3629 533 3675 rectum
568 3628 675 3680 est.
710 3618 872 3672 etiam
910 3616 1041 3670 mihi
1079 3621 1288 3669 rectum
1322 3626 1443 3665 esse
1479 3609 1760 3662 videatur.

182 3710 328 3766 Idem
362 3710 630 3765 Salomon
659 3708 901 3777 loquitur
933 3722 949 3759 :
987 3704 1254 3758 «Devolve
1279 3716 1444 3770 super
1470 3699 1762 3753 Dominum

185 3818 345 3868 opera
383 3811 482 3855 tua
512 3843 527 3865 ,
561 3810 614 3854 et
657 3798 1017 3854 firmabuntur
1043 3798 1401 3868 cogitationes
1437 3806 1542 3849 tute
1580 3794 1763 3861 (Prov.

187 3912 297 3961 \Vl,
326 3897 443 3964 3).:
486 3894 642 3948 Tunc
676 3892 817 3946 enim
852 3901 1039 3944 nostra
1093 3889 1351 3960 cogitatio
1384 3887 1762 3945 confli-matur.

187 3988 409 4053 quando
441 4000 608 4038 omne
638 3984 785 4051 quod
830 3983 1069 4052 agimus,
1103 3980 1258 4047 quasi
1309 3996 1471 4047 super
1504 3977 1752 4033 stabilem

184 4092 234 4135 et
264 4078 667 4131 solidissimam
701 4084 934 4143 petram,
966 4074 1175 4129 Domini
1212 4071 1485 4141 adiutorio
1523 4071 1765 4125 devolvi-

184 4186 325 4232 mus,
362 4171 527 4235 eique
559 4172 755 4219 cuncta
793 4174 1133 4232 reputamus.

249 4262 306 4315 9.
333 4260 426 4315 E1
447 4259 599 4313 Novo
624 4257 970 4311 Testamento.
990 4286 1048 4296 —
1072 4258 1367 4326 Apostolus
1395 4256 1597 4311 Paulus
1633 4272 1762 4310 cum

184 4353 275 4407 Dei
318 4350 589 4407 beneficia
626 4347 786 4403 celeri
820 4363 1077 4403 sermone
1117 4358 1434 4412 narrasset,
1470 4350 1533 4398 ad
1583 4361 1768 4401 extre-

180 4467 329 4503 nmm
367 4448 559 4501 intulit
594 4463 608 4499 :
641 4463 659 4496 ι
690 4445 756 4499 Et
779 4444 845 4498 ad
877 4446 989 4498 haec
1014 4445 1139 4514 quis
1172 4446 1403 4500 idoneus
1438 4443 1527 4513 (II
1552 4444 1679 4499 Cor.
1707 4460 1763 4511 tt,

180 4541 310 4611 16)?
356 4559 374 4591 ι
410 4538 573 4595 Unde
604 4544 658 4591 et
692 4538 743 4590 in
780 4535 887 4590 alio
920 4537 1039 4591 loco
1070 4536 1203 4590 dicit
1238 4553 1252 4589 :
1292 4555 1310 4588 ι
1349 4537 1629 4591 Fiduciam
1666 4551 1763 4588 au-

1877 2048 1929 2093 et
1963 2039 2172 2108 flagella
2204 2041 2394 2094 vitium
2440 2041 2587 2095 illico
2616 2041 3019 2096 contabescunt
3048 2079 3062 2103 ,
3096 2056 3220 2093 cum
3254 2040 3462 2094 fuerint

1876 2149 1904 2187 a
1938 2134 2166 2188 matrice
2200 2135 2425 2203 prmcisa
2457 2174 2472 2199 ,
2511 2136 2580 2189 ita
2645 2134 2830 2189 omnis
2864 2133 3148 2189 hominum
3193 2133 3458 2187 fortitudo

1875 2229 2163 2284 marcescit
2194 2236 2244 2283 et
2293 2229 2526 2299 deperit,
2578 2229 2621 2283 si
2661 2245 2691 2284 a
2731 2230 2825 2283 Dei
2887 2230 3095 2283 auxilio
3142 2228 3451 2283 deseratur.

1880 2340 1897 2373 ι
1938 2320 2129 2385 Nemo,
2172 2320 2370 2391 inquit,
2433 2329 2612 2390 potest
2642 2320 2830 2374 venire
2880 2320 2945 2375 ad
3001 2336 3104 2382 me.
3141 2319 3243 2374 nisi
3272 2318 3457 2381 Pater,

1872 2418 1965 2487 qui
1999 2417 2147 2471 misit
2179 2432 2285 2484 me,
2322 2416 2553 2471 traxerit
2586 2431 2713 2472 eum
2746 2414 2939 2486 (Joan.
2966 2431 3044 2477 vt,
3070 2415 3459 2483 “)JQuando

1873 2511 2238 2573 tlicit,Nemo
2290 2518 2469 2577 potest
2520 2510 2709 2565 venire
2743 2510 2811 2564 ad
2852 2525 2959 2572 me,
3015 2510 3220 2577 frangit
3267 2524 3458 2578 super-

1874 2605 2111 2659 bientem
2145 2603 2355 2656 arbitrii
2404 2602 2710 2657 libertatem
2768 2620 2782 2658 τ
2816 2604 2962 2672 quod
2995 2602 3211 2656 etiamsi
3277 2602 3405 2656 velit
3434 2604 3457 2635 ⁸

1873 2698 1939 2751 ad
1970 2697 2244 2751 Christum
2277 2710 2519 2765 pergere,
2559 2695 2664 2749 nisi
2703 2694 2795 2749 flat
2830 2694 2957 2748 illud
2990 2696 3132 2764 quod
3160 2694 3453 2763 sequitur:

1880 2807 1897 2839 ι
1934 2788 2034 2842 uisi
2088 2788 2249 2841 Pater
2313 2801 2467 2841 meus
2505 2786 2749 2841 caelestis
2806 2786 3033 2840 traxerit
3081 2800 3206 2840 eum
3236 2826 3251 2850 ,
3293 2803 3311 2837 ι
3361 2800 3458 2838 ne-

1870 2882 2169 2953 quidquam
2211 2880 2419 2948 cupiat,
2460 2892 2515 2933 et
2548 2878 2750 2933 frustra
2791 2878 3021 2932 nitatur.
3053 2878 3227 2933 Simul
3268 2876 3455 2931 ethoc

1871 2972 2419 3027 animadvertendum
2452 3011 2466 3032 .
2518 2972 2663 3040 quod
2698 2970 2792 3034 qui
2823 2971 3081 3035 trahitur,
3117 2986 3221 3023 non
3258 2978 3453 3037 sponte

1871 3066 2066 3128 currit,
2094 3064 2190 3119 sed
2224 3073 2315 3118 aut
2342 3071 2647 3119 retrectans
2682 3074 2735 3118 et
2764 3063 2978 3125 tardus,
3006 3073 3099 3117 aut
3121 3062 3323 3117 invitus
3353 3062 3453 3116 ad-

1871 3156 2114 3212 ducitur.

1945 3249 2032 3303 iO.
2071 3248 2151 3301 Ea:
2182 3246 2428 3300 adductis
2471 3245 2599 3299 locis
2632 3248 2830 3315 arguit.
2876 3275 2945 3286 —
2987 3245 3091 3312 Qui
3126 3260 3233 3300 non
3267 3252 3446 3315 potest

1874 3344 1989 3398 suis
2027 3341 2237 3396 viribus
2278 3352 2331 3393 et
2366 3339 2554 3394 labore
2584 3339 2769 3393 venire
2804 3338 2869 3391 ad
2901 3338 3087 3394 Jesum
3120 3378 3135 3402 ,
3176 3338 3455 3410 quomodo

1875 3446 2050 3505 potest
2083 3434 2267 3489 omnia
2307 3433 2469 3488 simul
2516 3444 2738 3502 peccata
2786 3432 3003 3486 vitare?
3050 3440 3106 3486 et
3169 3432 3345 3485 vitare
3395 3430 3449 3483 in

1872 3536 2215 3597 perpetuum,
2248 3535 2300 3580 et
2342 3525 2434 3579 Dei
2466 3526 2571 3578 sibi
2604 3525 2863 3593 potentia:
2896 3538 3094 3577 nomen
3130 3521 3457 3578 assumere?

1873 3622 1928 3676 Si
1953 3623 2098 3676 enim
2131 3622 2219 3677 ille
2249 3622 2658 3691 ἀναμάρτητος.
2681 3629 2733 3672 et
2759 3634 2861 3686 ego
2888 3618 3299 3687 ἀναμάρτητος,
3326 3632 3451 3685 qua:

1870 3716 2012 3769 inter
2049 3729 2136 3766 me
2184 3721 2239 3765 et
2304 3704 2479 3766 Deum'
2521 3713 2628 3766 erit
2670 3711 2976 3766 distantia?
3032 3708 3211 3764 Unum
3269 3708 3454 3763 adhuc

1870 3822 2069 3877 ponam
2107 3806 2506 3871 testimonium,
2549 3822 2616 3858 ne
2662 3806 2758 3859 tibi
2809 3811 2864 3859 et
2914 3802 3263 3857 auditoribus
3297 3801 3455 3855 fasti-

1869 3900 2017 3954 dium
2054 3898 2273 3953 faciam.
2307 3899 2548 3953 Assnero
2580 3914 2744 3967 quem
2778 3896 3131 3967 Septuaginta
3174 3894 3448 3962 interpre-

1870 4000 1952 4045 tes
2000 3988 2373 4059 Ἀρταξέρξην
2402 3988 2503 4061 [αι.
2539 3987 2896 4059 Artaxersen]
2964 3995 3181 4051 vocant,
3218 3999 3448 4040 somnus

1870 4082 2116 4135 aufertur
2148 4081 2215 4134 ab
2244 4083 2442 4141 oculis.
2470 4091 2527 4134 ut
2556 4079 2996 4135 Commentarios
3026 4080 3078 4132 in
3112 4095 3170 4133 se
3204 4078 3444 4131 ﬁdelium

1870 4175 2144 4243 replicans
2181 4175 2583 4233 ministrorum.
2618 4174 2852 4229 inveniat
2892 4172 3313 4233 Mat'dochmnm,
3347 4188 3450 4225 cu-

1867 4267 1956 4335 jus
1989 4267 2190 4319 indicio
2237 4266 2303 4317 de
2354 4268 2568 4319 insidiis
2604 4269 2866 4319 liberatus
2909 4276 3027 4332 est;
3063 4274 3121 4318 ut
3164 4274 3219 4317 et
3255 4263 3449 4317 Esther

1871 4357 2365 4413 commendabilior
2400 4356 2556 4410 tieret
2596 4354 2814 4420 (Est/ter
2842 4355 2939 4422 vi),
2984 4370 3035 4407 et
3084 4365 3318 4408 cunctus
3347 4368 3449 4421 po-

1873 4454 2034 4519 putus
2067 4448 2376 4502 Judzeorum
2407 4449 2568 4519 793
2595 4450 2966 4500 imminentem
3004 4448 3202 4500 vitaret
3233 4460 3442 4499 necem.

1871 4544 2031 4599 Certe
2077 4559 2168 4596 rex
2224 4543 2665 4611 potetttissimus,
2719 4539 2811 4608 qui
2863 4539 2932 4591 ab
2982 4537 3131 4591 India
3173 4553 3347 4606 usque
3379 4537 3449 4592 ad

180 4642 286 4687 lem
317 4634 489 4686 talem
538 4630 803 4683 Ιιεὺθπὶυε
851 4643 945 4697 Per
985 4627 1265 4683 Cill'iSldm
1299 4630 1364 4682 ad
1402 4628 1594 4691 Deum.
1650 4643 1759 4681 ηοιι
1799 4643 1841 4698 D
1872 4635 2307 4704 Septentrionem
2341 4644 2391 4688 et
2424 4633 2779 4700 .Etltiopiam,
2832 4642 3088 4684 cunctum
3138 4629 3454 4699 possidebat

179 4726 325 4791 quod
366 4721 705 4778 sufficientes
752 4721 925 4776 simus
963 4719 1203 4788 cogitare
1251 4720 1459 4789 aliquid
1507 4737 1534 4772 a
1584 4722 1767 4780 nobis.

177 4819 337 4890 quasi
367 4833 434 4873 ex
463 4816 648 4878 nobis,
685 4814 778 4869 sed
807 4811 1126 4867 sufﬁcientia
1164 4824 1351 4865 nostra
1384 4827 1449 4867 ex
1496 4810 1604 4865 Deo
1646 4823 1726 4865 est
1752 4853 1766 4875 ,

178 4912 268 4982 qui
298 4922 357 4964 et
378 4910 609 4963 idoneos
632 4906 759 4960 fecit
791 4920 892 4959 nos
921 4901 1053 4957 Novi
1081 4902 1425 4959 Testameuti
1458 4904 1769 4965 ministros.

180 5021 290 5057 non
325 5003 538 5061 littera,
570 4999 662 5053 sed
690 4999 913 5067 spiritu.
947 4998 1155 5052 Littera
1185 4999 1330 5051 enim
1359 4997 1581 5061 occidit,
1606 4998 1769 5068 792

180 5098 419 5165 spiritus
457 5104 645 5147 autem
688 5092 928 5145 vivificat
960 5090 1041 5160 (ΙΙ
1068 5090 1192 5146 Cor.
1220 5106 1305 5157 ιιι,
1340 5091 1478 5155 ιδ).
1522 5109 1540 5142 ι
1576 5092 1770 5146 Adhuc

177 5190 455 5244 audemus
483 5202 584 5253 per
620 5184 853 5238 liberum
890 5184 1178 5237 arbitrium
1208 5184 1514 5253 superbire,
1543 5193 1597 5237 et
1623 5186 1771 5237 abuti

178 5281 468 5337 beneficiis
497 5278 588 5332 Dei
615 5279 668 5331 in
692 5276 1087 5332 contumeliam
1114 5275 1433 5347 largitoris?
1466 5291 1590 5331 cum
1623 5276 1764 5331 idem

257 5532 271 5560 ¹
314 5527 517 5597 Ιι-ιςῑη.
546 5541 650 5580 ms.
676 5540 799 5579 cum
824 5525 1172 5597 veteri‘editq
1208 5524 1274 5579 Et
1308 5541 1406 5579 non
1434 5537 1626 5587 totum,
1653 5537 1760 5580 etc.

249 5603 271 5633 ³
312 5594 581 5653 Fortasse
612 5598 796 5650 verius
826 5612 966 5651 unus
993 5594 1194 5661 Vatic.,
1229 5612 1321 5650 nec
1374 5598 1429 5649 in
1467 5598 1628 5651 ullius
1662 5599 1768 5649 vir-

182 5670 416 5725 tutibus.
449 5676 555 5720 etc.

252 5741 274 5771 ³
300 5741 482 5792 Abest
514 5752 544 5790 a
572 5734 795 5804 Regina:
857 5752 959 5791 ms.
997 5745 1055 5789 ut
1116 5749 1173 5792 et
1216 5752 1243 5789 a
1294 5738 1459 5791 veteri
1492 5738 1624 5792 edit.
1668 5754 1768 5792 vos

180 5822 415 5864 source.
443 5822 568 5875 qua
605 5821 706 5859 nec
738 5806 790 5857 in
821 5805 1011 5861 Grreco
1043 5808 1290 5862 habetur.
1328 5824 1504 5873 neque
1552 5811 1603 5861 in
1638 5807 1770 5861 Vul-

182 5891 311 5947 gato
348 5882 670 5950 interprete.
696 5875 834 5950 Sunt
864 5891 1040 5950 autem
1068 5879 1120 5931 ιιι
1144 5878 1331 5933 Graeco
1355 5881 1446 5950 qui
1478 5879 1763 5950 legendum

189 5945 390 6019 putent
420 5948 509 6000 καὶ
544 5950 605 5999 ἐκ
641 5946 733 5999 τσῦ
766 5945 920 6000 3:05.

1873 4728 2195 4791 Orientem,
2244 4738 2365 4796 post
2420 4726 2762 4794 largissimas
2798 4724 2985 4793 epulas
3042 4735 3099 4779 et
3129 4725 3281 4777 cibos
3332 4728 3449 4776 toto

1881 4821 2016 4874 orbe
2050 4820 2312 4889 quaesitos
2364 4819 2604 4873 dormire
2632 4817 2910 4885 cupiebat.
2940 4824 2994 4867 et
3017 4830 3210 4870 somno
3241 4814 3454 4883 requie-

1874 4929 2048 4975 scere,
2097 4927 2162 4966 ac
2216 4912 2448 4965 liberum
2507 4910 2795 4965 arbitrium
2836 4908 3064 4978 implere
3101 4906 3449 4971 dormiendi,

1877 5007 1979 5061 nisi
2028 5006 2288 5059 Dominus
2324 5004 2575 5071 provisor
2608 5003 2875 5057 bonorum
2912 5000 3155 5057 omnium
3193 5000 3453 5069 impedis-

1874 5110 1956 5155 set
2007 5108 2214 5151 naturae
2262 5098 2551 5159 ordinem,
2589 5106 2647 5147 ut
2696 5104 2887 5149 contra
2922 5105 3172 5148 natmam
3236 5093 3452 5163 tyranni

1874 5192 2173 5247 crudelitas
2207 5192 2541 5243 vinceretur.
2577 5188 2825 5256 Longum
2866 5198 2946 5241 est
2980 5187 3025 5241 si
3059 5187 3282 5240 voluero
3316 5202 3453 5240 cun-

1876 5294 1959 5338 cta
1993 5293 2307 5337 sanctarum
2331 5280 2739 5351 Scripturarum
2769 5277 3018 5346 exempla
3048 5275 3312 5347 proferre.
3339 5274 3455 5330 To-

1948 5528 1969 5558 ⁸
1999 5524 2262 5580 Servatus
2291 5524 2493 5591 Lupus.
2527 5523 2619 5591 qui
2651 5521 2797 5575 hunc
2826 5535 2891 5575 ex
2920 5518 3451 5591 llieronvmotoeum

1880 5597 2071 5651 recitat
2108 5596 2159 5648 iu
2193 5588 2641 5649 Col/ectaueo'de
2685 5593 2851 5645 tribus
2885 5588 3286 5655 tractationibus,
3324 5590 3453 5655 legit

1879 5668 2066 5735 aﬂ'eret
2114 5665 2187 5735 in
2222 5664 2412 5735 futuro
2448 5678 2462 5719 :
2497 5674 2609 5716 tum
2643 5663 2774 5732 folia
2813 5663 3023 5735 vitium,
3061 5659 3243 5713 minus
3282 5670 3451 5735 recte,

1880 5727 1979 5807 pro
2012 5734 2224 5804 ﬂagella
2243 5750 2263 5798 ;
2293 5734 2529 5804 denique
2556 5727 2787 5790 alterum
2812 5732 2914 5785 nisi
2951 5739 3075 5785 ante
3105 5742 3302 5784 nomen
3335 5727 3450 5783 Ρα-

1876 5816 1954 5861 ter
1984 5808 2213 5859 omittit.

1944 5880 1963 5909 ³
1999 5877 2150 5941 5155.,
2185 5876 2322 5946 quod
2382 5874 2543 5931 ctiam
2576 5875 2663 5946 qui
2698 5875 2840 5942 t'clt't,
2878 5882 2985 5929 etc.
