4198 6532
680 443 787 509 607

1867 449 1925 508 S.
1969 446 2272 509 EUSEBll
2319 441 2759 506 IilERONYMI

3853 441 3957 506 C03

684 566 776 611 tus
827 571 1012 614 sermo
1068 566 1387 614 sanctorum
1442 557 1507 615 ad
1564 559 1731 614 Deum
1767 562 1944 614 oratio
1990 569 2071 614 est
2106 578 2119 618 ;
2151 569 2260 614 tota
2292 566 2336 621 Α
2369 557 2617 626 peccati,
2671 557 2826 626 juxta
2875 556 3003 612 illud
3045 556 3428 628 propheticum
3472 576 3484 610 :
3522 576 3539 609 ι
3591 557 3794 610 Anima
3833 574 3955 626 quae

679 651 857 705 oratio
870 661 922 706 et
947 651 1256 720 deprecatio
1273 663 1558 723 extorquet
1581 655 1926 708 clementiam
1958 652 2260 717 Creatoris,

684 753 745 796 ut
777 743 868 813 qui
903 743 1108 797 nostris
1141 745 1351 800 viribus
1383 757 1435 799 et
1473 746 1656 800 studio
1691 748 1886 800 salvari
1924 762 2030 800 non
2068 762 2263 815 possu-

684 851 830 896 mus,
868 835 1018 890 illius
1054 836 1432 892 misericordia
1473 852 1891 892 conservenmr.
1936 836 2037 891 Ubi
2077 848 2259 892 autem

684 928 1061 984 misericordia
1089 938 1143 984 et
1171 930 1343 997 gratia
1376 940 1480 994 eSt,
1520 929 1748 983 liberum
1785 945 1847 983 ex
1889 941 2048 999 parte
2079 939 2262 986 cessat

685 1025 975 1078 arbitrium
1002 1065 1015 1088 ,
1050 1023 1192 1088 quod
1227 1023 1278 1076 in
1304 1038 1371 1078 eo
1396 1032 1608 1078 tantum
1635 1033 1720 1080 est
1759 1025 1804 1090 ¹,
1840 1034 1895 1078 ut
1925 1026 2157 1079 velimus
2184 1034 2265 1078 at-

687 1131 793 1181 que
814 1117 1128 1185 cupiamus,
1155 1125 1209 1168 et
1235 1115 1451 1184 placitis
1476 1116 1785 1172 tribuamus
1815 1134 2120 1176 assensum.
2143 1117 2263 1172 iam

687 1208 739 1259 in
785 1207 999 1261 Domini
1037 1216 1302 1278 potestate
1324 1216 1429 1270 est,
1459 1219 1517 1263 ut
1545 1208 1595 1262 id
1632 1211 1776 1278 quod
1811 1212 2086 1277 cupimus,
2119 1211 2263 1278 quod

687 1301 1001 1358 laboramus
1052 1317 1114 1357 ac
1144 1302 1396 1368 nitimur,
1422 1302 1567 1358 illius
1593 1318 1694 1373 ope
1722 1311 1777 1358 et
1802 1303 2007 1358 auxilio
2035 1303 2268 1372 implere

689 1394 994 1450 valeamus.

765 1489 853 1541 ll.
883 1488 1132 1554 Corporis
1166 1488 1372 1541 sanitas
1411 1488 1604 1543 animo:
1629 1490 1855 1544 sanitati
1899 1498 2265 1559 comparatur.

687 1605 757 1620 κ-
794 1580 856 1634 C.
897 1579 1006 1650 Ego
1055 1580 1378 1648 simpliciter
1431 1582 1711 1646 dixeram,
1768 1599 1874 1637 non
1923 1584 1976 1637 itt
2036 1583 2268 1651 singulis

692 1674 951 1741 operibus
981 1675 1209 1739 nostris,
1250 1677 1344 1728 sed
1374 1676 1426 1730 in
1458 1677 1633 1745 gratia
1671 1677 2001 1731 conditionis
2029 1685 2083 1731 et
2111 1677 2268 1745 legis,

694 1765 882 1820 sentiri
920 1767 1182 1820 auxilium
1223 1765 1337 1832 Dei,
1383 1784 1449 1822 ne
1480 1768 1711 1823 liberum
1749 1769 2095 1835 frangeretur
2125 1771 2272 1823 arbi-

697 1861 883 1914 trium.
916 1858 1185 1914 Czeterum
1215 1869 1343 1915 sunt
1375 1861 1622 1931 plerique
1651 1875 1993 1925 nostrorum,
2027 1865 2118 1933 qui
2147 1879 2268 1919 om-

2368 650 2696 720 peccaverit,
2733 651 2846 720 ipsa
2873 652 3140 708 morietur
3173 648 3389 720 (Ezech.
3428 667 3580 713 xvtn,
3623 651 3702 718 ὁ).
3748 671 3766 701 ι
3807 651 3959 704 Alio-

2366 743 2496 812 quin
2531 743 2670 796 lianc
2703 758 3050 797 communem
3087 752 3341 807 mortem,
3373 760 3479 812 qua
3537 753 3590 798 et
3627 745 3786 798 bruta
3844 745 3958 798 sol-

2368 845 2573 891 vuntur
2606 836 2892 900 animalia,
2929 835 3115 892 Enoch
3151 847 3204 892 et
3249 836 3416 890 Eliam
3471 839 3713 891 nondum
3747 838 3957 890 vidisse

2369 929 2780 997 cognoscinnts.
2814 926 2890 982 Da
2920 928 3052 982 mihi
3094 944 3296 999 corpus
3323 928 3468 999 quod
3513 945 3796 997 nunquam
3835 930 3956 982 lan-

2367 1024 2570 1090 guerit,
2603 1034 2694 1077 aut
2720 1022 2868 1091 quod
2902 1033 3023 1092 post
3048 1023 3371 1093 languorem
3410 1033 3670 1092 perpetua
3711 1024 3957 1077 sanitate

2369 1129 2620 1169 securum
2664 1115 2736 1169 sit
2778 1131 2791 1168 :
2825 1115 3045 1170 etdabo
3079 1115 3176 1169 tibi
3211 1115 3454 1169 animam
3496 1128 3616 1185 quae
3671 1131 3955 1185 nunquam

2373 1205 2718 1276 peccaverit,
2755 1222 2852 1262 nec
2905 1217 3027 1278 post
3062 1209 3292 1263 virtutes
3350 1208 3610 1278 deinceps
3652 1217 3953 1277 peecatura

2373 1302 2464 1361 sit,
2505 1300 2809 1368 prmsertim
2843 1314 2966 1354 cum
2996 1300 3182 1356 vicina
3215 1301 3326 1356 sint
3353 1302 3488 1356 vitia
3527 1301 3833 1356 virtutibus
3861 1317 3876 1365 ;
3907 1310 3960 1353 et

2374 1394 2418 1449 si
2461 1391 2736 1462 paululum
2787 1393 3173 1461 declinaveris,
3210 1403 3307 1450 aut
3359 1396 3656 1451 errandum
3695 1395 3793 1449 tibi
3841 1395 3913 1448 sit
3943 1433 3956 1455 ,

2372 1495 2466 1540 aut
2507 1487 2560 1541 in
2598 1500 2837 1556 preceps
2864 1487 3198 1543 cadendum.
3227 1489 3503 1555 Quantum
3539 1491 3680 1544 enim
3723 1490 3870 1543 inter
3901 1506 3958 1544 se

2373 1579 2572 1634 distant
2619 1582 2915 1648 pertinacia
2953 1591 3006 1636 et
3037 1584 3443 1652 perseverantia
3473 1625 3487 1648 ,
3526 1583 3871 1652 parcimonia
3903 1592 3959 1636 et

2375 1673 2680 1742 frugalitas,
2716 1671 3017 1729 liberalitas
3048 1683 3102 1728 et
3134 1673 3404 1742 profusio,
3441 1676 3730 1745 prudentia
3763 1687 3816 1731 et
3851 1675 3962 1728 cal-

2376 1765 2580 1830 liditas,
2615 1764 2880 1821 fortitudo
2911 1775 2968 1822 et
2998 1767 3299 1830 temeritas,
3336 1768 3548 1822 cautela
3589 1777 3643 1822 et
3668 1767 3963 1822 timiditas?

2377 1875 2610 1927 quorum
2652 1860 2758 1914 alia
2798 1858 2866 1914 ad
2915 1858 3098 1925 bona,
3154 1861 3257 1914 alia
3311 1860 3625 1914 referuntur
3671 1862 3738 1914 ad
3795 1862 3962 1915 mala.

696 1952 784 2005 nia
822 1967 942 2020 qua!
975 1953 1210 2022 agimus,
1240 1951 1422 2007 dicant
1457 1953 1571 2006 fieri
1623 1953 1877 2022 praesidio
1913 1931 2131 2010 DeiaA.
2172 1955 2273 2022 Qui
2310 1931 2348 1985 Β
2382 1952 2542 2018 Quod
2574 1954 2794 2023 quidem
2823 1959 2878 2007 et
2919 1953 2972 2006 in
3029 1954 3356 2023 corporibus
3405 1954 3700 2008 invenitur.
3749 1952 3806 2007 Si
3855 1953 3962 2009 felli

696 2046 799 2098 hoc
827 2045 980 2109 dicit,
1016 2055 1194 2100 vester
1223 2059 1342 2100 esse
1373 2045 1676 2100 cessabit'.
1705 2049 1808 2100 Aut
1839 2061 1967 2116 ergo
1996 2058 2050 2101 et
2082 2054 2136 2100 tu
2174 2047 2276 2102 ista

695 2139 886 2202 dicito,
924 2147 980 2191 ut
1011 2148 1199 2192 noster
1247 2153 1372 2193 esse
1425 2137 1682 2207 incipias,
1717 2147 1810 2192 ant
1860 2138 1905 2195 si
1954 2155 2058 2193 non
2113 2139 2274 2202 dicis,

696 2230 909 2284 alienus
957 2231 1067 2286 eris
1116 2245 1240 2284 cum
1296 2230 1381 2284 liis
1433 2234 1526 2299 qui
1583 2241 1771 2285 nostra
1807 2246 1916 2285 non
1952 2231 2164 2286 dicunt.
2213 2229 2274 2287 C.

695 2319 849 2377 Tuus
873 2337 988 2385 ero,
1030 2323 1074 2377 si
1100 2336 1218 2377 mea
1248 2320 1475 2385 dixeris,
1503 2322 1612 2375 imo
1657 2329 1710 2374 tu
1743 2337 1917 2381 meus.
1944 2320 1986 2376 si
2049 2322 2277 2382 adversa

701 2431 810 2469 non
861 2416 1082 2470 dixeris.
1125 2414 1269 2470 Sana
1313 2429 1542 2482 corpora
1583 2415 1863 2468 confiteris
1889 2454 1902 2476 ,
1935 2425 1989 2468 et
2039 2415 2235 2470 animae
2261 2455 2276 2479 ,

699 2523 820 2577 quae
861 2507 1053 2561 fortior
1085 2515 1190 2569 est,
1221 2507 1462 2573 deuegas
1489 2504 1806 2560 sanitatem.
1842 2503 1910 2559 Ut
1937 2505 2083 2560 enim
2130 2519 2279 2559 mor-

700 2600 801 2652 lnts
838 2608 891 2652 et
921 2599 1116 2652 vulnus
1150 2598 1203 2652 in
1235 2611 1488 2667 corpore.
1521 2598 1591 2650 ita
1629 2607 1915 2668 peccatum
1971 2600 2022 2650 in
2072 2598 2276 2654 anima.

702 2692 803 2759 Qui
834 2707 963 2760 ergo
1011 2708 1203 2747 sanum
1241 2693 1540 2760 aliquando
1571 2691 1847 2745 hominem
1897 2689 2183 2747 conﬁteris
2212 2705 2280 2748 ex

701 2800 763 2840 ea
795 2793 946 2854 parte
975 2799 1079 2853 qua
1111 2799 1239 2839 caro
1274 2791 1378 2841 est.
1419 2797 1591 2852 quare
1626 2799 1733 2837 neu
1794 2797 1991 2837 sanum
2028 2783 2182 2838 dicas
2228 2792 2284 2840 et

701 2893 767 2932 ex
818 2894 879 2933 ea
920 2893 1026 2946 qua
1060 2879 1289 2945 spiritus
1319 2875 1438 2932 est?
1471 2877 1534 2930 Α,
1571 2879 1789 2942 Sequar
1841 2876 2278 2944 pr0p0sitionem

703 2980 852 3023 tuam
891 2989 904 3024 :
938 2969 1259 3040 cNunquam
1287 2968 1450 3024 hodie
1503 2969 1749 3038 cﬂugics,
1782 2968 1999 3023 veniam
2035 2983 2285 3038 quocun-

704 3079 812 3129 que
845 3064 1075 3118 vocaris.
1119 3081 1136 3113 ι
1176 3061 1236 3118 C.
1283 3061 1515 3117 Paratus
1553 3077 1673 3116 sum
1710 3059 1779 3114 ad
1815 3059 2168 3115 audiendum.
2211 3058 2278 3115 Α.

707 3155 771 3210 Et
799 3169 897 3225 ego
930 3158 994 3208 ad
1029 3154 1359 3224 loquendum
1395 3154 1580 3210 surdis
1632 3153 1883 3208 auribus.
1960 3151 2125 3224 ⁸794¹
2174 3151 2283 3205 Re-

2380 2045 2689 2115 provideris
2729 2043 3088 2114 temperando
3116 2085 3130 2109 ,
3183 2047 3374 2115 pituita
3409 2050 3731 2104 succrescit.
3767 2046 3824 2099 Si
3869 2047 3970 2099 ltu-

2384 2152 2563 2193 niores
2594 2139 2803 2192 siccare
2835 2137 3083 2203 festines,
3115 2137 3412 2194 inardescit
3434 2141 3685 2204 sanguis,
3723 2138 3834 2193 bile
3868 2135 3967 2208 [aL

2389 2229 2510 2300 bili]
2541 2229 2792 2294 vitiatur,
2827 2237 2881 2282 et
2916 2230 3096 2285 luteus
3127 2230 3279 2285 color
3327 2245 3421 2285 ora
3465 2230 3770 2300 perfundit.
3806 2230 3968 2284 Certe

2386 2333 2445 2378 ut
2475 2333 2728 2378 cunctam
2770 2321 3104 2378 medicorum
3133 2323 3490 2378 adhibeamus
3519 2324 3888 2391 diligentiam,
3913 2333 3967 2376 et

2384 2417 2671 2487 castigatis
2705 2417 2954 2472 vivamus
2999 2415 3142 2470 cibis
3167 2456 3183 2481 ,
3218 2425 3272 2469 et
3323 2416 3639 2470 morborum
3685 2415 3967 2470 fomitibus

2384 2523 2675 2565 careamus
2710 2519 2764 2564 et
2811 2509 3115 2573 cruditate,
3149 2508 3387 2563 occultis
3415 2507 3745 2574 quibusdam
3779 2518 3836 2562 et
3871 2509 3968 2563 soli

2387 2600 2496 2656 Deo
2545 2603 2780 2672 cognitis
2806 2599 2969 2672 795
2997 2601 3205 2665 causis,
3245 2600 3329 2655 vel
3381 2600 3584 2668 frigore
3621 2600 3968 2654 inhorresci-

2388 2709 2531 2760 mus,
2556 2693 2640 2748 vel
2667 2693 2816 2748 febre
2849 2693 3280 2758 exardescimus,
3311 2692 3394 2746 vel
3427 2692 3761 2747 torminibus
3793 2693 3965 2760 ejula-

2390 2801 2512 2840 mus
2525 2793 2578 2841 et
2599 2787 2714 2842 veri
2741 2786 2938 2842 medici
2959 2783 3260 2840 Salvatoris
3290 2785 3655 2853 imploramus
3674 2785 3969 2849 auxilium,

2387 2878 2730 2948 dicimusque
2762 2894 2888 2932 cum
2919 2880 3182 2948 apostolis
3220 2896 3233 2932 :
3275 2895 3296 2930 ι
3340 2877 3618 2948 Magister,
3654 2877 3840 2932 salvos
3874 2894 3972 2932 nos

2384 2971 2496 3038 fac,
2529 2971 2770 3042 perimus
2805 2970 3014 3038 (Matth.
3050 2987 3170 3045 vin,
3196 2971 3311 3040 25).
3349 2989 3369 3022 δ

2462 3069 2549 3122 i2.
2581 3065 2872 3133 Respondet
2897 3066 3142 3135 aliquote
3168 3062 3442 3132 Scriptura
3468 3065 3877 3132 objectionibus.
3896 3093 3956 3104 -

2389 3158 2453 3216 C.
2485 3158 2638 3224 Esto,
2673 3168 2733 3214 ut
2761 3157 2941 3212 nullus
2969 3157 3210 3226 potuerit
3241 3171 3406 3211 omne
3455 3156 3632 3210 vitare
3681 3164 3973 3226 peccatum

706 3247 987 3314 spondebo
1021 3247 1188 3313 igitur
1232 3245 1298 3300 ad
1332 3245 1694 3315 propositum.
1731 3243 1806 3299 Ex
1844 3246 2025 3298 anima
2064 3253 2118 3298 et
2164 3258 2286 3298 σοι’·
2313 3271 2360 3330 ς
2393 3253 2446 3306 in
2496 3251 2753 3320 pueritia.
2787 3248 3170 3304 adolescentia
3219 3254 3274 3300 et
3324 3247 3609 3317 iuventute
3643 3264 3658 3299 :
3707 3247 3977 3315 numquid

709 3355 837 3410 pore
866 3339 1158 3408 compacti,
1193 3339 1486 3408 utriusque
1518 3337 1842 3393 substantia:
1876 3350 2131 3394 naturam
2158 3351 2290 3391 con-

708 3435 1012 3503 sequimur.
1043 3430 1327 3497 Quomodo
1349 3443 1549 3499 corpus
1581 3444 1776 3484 sanum
1803 3429 2029 3493 dicitur,
2062 3430 2106 3485 si
2138 3429 2291 3484 nullo

711 3527 980 3595 languore
1011 3533 1256 3583 vexetur.
1292 3522 1366 3575 ita
1395 3522 1581 3578 anima
1629 3521 1836 3590 absque
1863 3522 2018 3584 vitio,
2059 3523 2102 3575 si
2142 3522 2292 3578 nulla

712 3617 1126 3688 perturbatione
1157 3615 1459 3684 quatiatur.
1494 3611 1560 3668 Et
1587 3624 1771 3669 tamen
1807 3616 2056 3684 quamvis
2083 3629 2284 3682 corpus

714 3726 908 3764 sanum
949 3710 1019 3764 sit
1047 3709 1426 3779 integrumque
1452 3715 1510 3763 et
1539 3715 1819 3774 vegetum,
1876 3715 1927 3761 et
1963 3715 2290 3761 cunctorum

712 3817 974 3856 sensuum
1015 3800 1325 3868 integritate
1355 3799 1644 3856 robustum
1665 3839 1680 3863 ,
1710 3806 1804 3853 aut
1829 3797 2060 3864 crebris,
2090 3807 2184 3852 aut
2209 3811 2293 3852 ra-

719 3895 793 3948 ris
846 3893 1256 3948 infirmitatibus
1305 3890 1667 3953 condolescit.
1703 3900 1758 3946 et
1806 3898 1866 3944 ut
1912 3888 2293 3944 firmissimum

717 3985 811 4045 sit,
844 3984 1115 4038 interdum
1150 3983 1356 4050 pituitae
1387 3981 1694 4038 molestiam
1729 3981 1973 4052 patitur;
2004 3981 2076 4034 ita
2111 3981 2294 4035 anima

720 4075 1109 4144 cogitationum
1146 4082 1199 4128 et
1226 4071 1702 4142 perturbationum
1731 4073 1965 4140 impetus
1987 4072 2293 4136 sustinens,

723 4178 780 4221 ut
813 4175 1035 4235 superet.
1062 4163 1366 4232 naufragia.
1393 4178 1502 4220 non
1532 4165 1740 4232 absque
1763 4162 2014 4230 periculo
2046 4161 2294 4232 navigat,

723 4259 1184 4327 consideransque
1202 4255 1547 4326 fragilitatem
1573 4269 1750 4317 sitam,
1776 4269 1992 4324 semper
2022 4254 2092 4309 de
2124 4263 2300 4310 morte

725 4353 953 4409 sollic3ta
985 4361 1087 4414 est,
1123 4349 1423 4404 secundum
1475 4348 1606 4402 illud
1662 4349 1806 4417 quod
1865 4346 2128 4417 scriptum
2164 4356 2249 4403 est
2280 4363 2295 4402 :

731 4467 750 4499 ι
794 4446 926 4511 Quis
962 4455 1041 4498 est
1082 4445 1245 4496 homo
1270 4443 1362 4511 qui
1396 4443 1558 4502 vivet,
1591 4450 1644 4494 et
1678 4456 1782 4496 non
1812 4440 2016 4494 videbit
2059 4449 2294 4497 mortem

728 4537 902 4608 (Psal.
951 4550 1213 4595 Lxxxvnt,
1268 4534 1398 4600 49)?
1449 4551 1466 4584 ι
1519 4545 1641 4599 qua:
1683 4531 1898 4588 cunctis
1954 4534 2165 4588 intenta
2218 4543 2301 4588 est

2398 3356 2595 3411 negare
2643 3349 2798 3410 potes
2854 3339 3118 3407 plurimos
3168 3337 3349 3407 iustos
3399 3346 3452 3392 et
3493 3341 3719 3392 sanctos
3773 3330 3970 3392 viros’

2396 3442 2517 3503 post
2545 3430 2700 3496 vitia,
2739 3430 2887 3485 onmi
2919 3446 2980 3484 se
3029 3428 3094 3482 ad
3129 3429 3359 3483 virtutes
3407 3429 3596 3481 animo
3647 3429 3976 3489 contulisse,

2395 3533 2449 3579 et
2481 3536 2575 3592 per
2605 3523 2705 3576 has
2747 3521 2998 3576 caruisse
3034 3522 3314 3591 peccato?
3345 3519 3408 3573 Α.
3446 3519 3559 3573 Hoc
3584 3529 3666 3573 est
3697 3520 3852 3589 quod
3881 3521 3977 3574 tibi

2397 3617 2451 3671 in
2479 3615 2747 3685 principio
2779 3615 3049 3677 dixeram,
3077 3613 3131 3667 in
3169 3621 3358 3667 nostra
3385 3627 3508 3666 esse
3544 3611 3785 3680 positum
3824 3623 3981 3679 pote-

2397 3715 2558 3771 state,
2581 3705 2666 3761 vel
2689 3720 2941 3775 peccare,
2971 3704 3053 3759 vel
3076 3718 3180 3758 non
3207 3718 3455 3773 peccare,
3480 3716 3528 3757 et
3555 3703 3640 3757 vel
3659 3703 3722 3755 ad
3751 3703 3984 3764 bonum,

2398 3801 2483 3854 vel
2525 3801 2592 3854 ad
2628 3801 2831 3854 malum
2883 3800 3180 3852 extendere
3215 3810 3463 3860 manuni,
3497 3804 3557 3848 ut
3586 3794 3821 3849 liberum
3870 3811 3982 3849 ser-

2398 3902 2554 3946 vetur
2583 3890 2872 3945 arbitrium
2906 3907 2920 3942 :
2958 3889 3051 3943 scd
3078 3887 3182 3942 hoc
3213 3902 3310 3955 pro
3355 3887 3515 3940 modo
3547 3897 3600 3940 et
3650 3895 3903 3954 tempore
3932 3899 3986 3939 et

2397 3984 2713 4039 conditione
2742 3981 3056 4047 fragilitatis
3086 3982 3337 4033 humanae
3375 3994 3390 4044 ;
3425 3979 3850 4046 perpetuitatem
3877 3994 3981 4032 au-

2399 4087 2507 4129 tem
2535 4073 2914 4143 impcceantia:
2950 4071 3050 4126 soli
3090 4067 3364 4125 reservari
3395 4068 3528 4131 Deo,
3555 4077 3610 4122 et
3632 4069 3680 4122 ei
3714 4069 3811 4138 qui
3852 4066 3987 4121 Ver-

2399 4169 2528 4223 bum
2583 4181 2711 4221 caro
2770 4165 2972 4229 factus,
3031 4163 3218 4218 carnis
3254 4161 3582 4216 detrimenta
3634 4171 3691 4216 et
3750 4174 3984 4229 peccata

2401 4271 2509 4310 non
2540 4255 2784 4326 pertulit.
2820 4254 2926 4308 Nec
2959 4253 3086 4320 quia
3115 4253 3181 4306 ad
3209 4253 3374 4306 breve
3402 4266 3645 4319 possum,
3694 4266 3862 4318 coges
3898 4270 3988 4305 me

2403 4359 2462 4404 ut
2489 4347 2692 4420 possim
2724 4346 2950 4416 jugiter.
2992 4345 3230 4399 Possum
3262 4346 3538 4414 jejunare,
3575 4345 3826 4412 vigilare,
3870 4362 3988 4398 am-

2401 4443 2613 4508 bulare,
2638 4443 2841 4510 legere,
2873 4439 3125 4507 psallere,
3158 4437 3372 4500 sedere,
3408 4437 3672 4502 dormire,
3707 4440 3984 4507 numquid

2405 4535 2459 4588 in
2497 4541 2817 4603 perpetuum
2850 4531 2873 4584 ?
2919 4530 2980 4585 C.
3018 4529 3081 4584 Et
3113 4543 3282 4598 quare
3315 4529 3367 4582 in
3416 4527 3716 4598 Scripturis
3771 4533 3987 4585 sanctis

729 4629 1071 4693 mortalibus,
1109 4644 1216 4682 non
1256 4638 1463 4681 natura:
1513 4624 1876 4680 dissolutione
1905 4665 1921 4691 ,
1973 4627 2069 4682 sed
2119 4635 2298 4683 morte
2334 4612 2375 4671 ο
2405 4626 2474 4682 ad
2514 4628 2804 4697 perfectam
2836 4622 3109 4693 justitiam
3140 4629 3619 4690 provocamur,'ut
3659 4629 3747 4675 est
3800 4621 3934 4676 illud
3967 4640 3982 4675 :

800 4814 816 4844 ‘
845 4810 1066 4867 Initium
1109 4805 1382 4876 quoddam
1425 4805 1585 4876 bona:
1621 4804 1923 4860 voluntatis
1959 4815 2010 4857 et
2060 4803 2183 4859 ﬁdei
2234 4818 2300 4859 ex

733 4884 892 4938 nobis
948 4895 1092 4939 esse.
1128 4875 1366 4930 videtur
1423 4875 1723 4944 praedicare
1777 4875 2140 4944 Hieronymus
2185 4884 2300 4930 tum

735 4955 846 5017 hic,
886 4960 998 5006 tum
1033 4964 1218 5016 supra,
1255 4959 1408 5001 num.
1440 4946 1493 5000 ι.
1559 4943 1658 5017 Ctti
1727 4943 2009 5000 sententiae
2072 4944 2300 5017 Arausi-

735 5014 854 5077 cani
906 5014 1129 5076 secundi
1176 5029 1416 5073 canones
1453 5016 1730 5084 pracipue
1763 5017 1981 5069 tertium
2012 5025 2067 5068 et
2102 5014 2301 5070 vicesi-

736 5108 882 5146 mum
917 5092 1164 5160 quintum
1199 5087 1478 5160 adversari
1504 5127 1519 5151 ,
1549 5100 1658 5140 non
1686 5093 1772 5140 est
1801 5085 2300 5160 qttodJnemorem.

737 5153 1046 5217 Excusatur
1075 5171 1254 5215 tamen
1289 5157 1518 5224 aliorum
1553 5156 1919 5224 quorumdam
1956 5153 2178 5209 Patrum
2203 5169 2302 5208 ex-

739 5235 939 5296 empto.
989 5231 1081 5298 qui
1134 5237 1257 5299 ante
1291 5223 1640 5299 Pelagianam
1691 5224 1942 5299 heresim
1989 5227 2300 5292 scripsere,

739 5294 882 5372 quod
916 5294 1157 5372 nondum
1189 5295 1332 5372 dotis
1357 5295 1714 5372 omnibus_,et
1757 5294 2176 5372 Pelagianorum
2205 5305 2305 5349 ca-

743 5365 936 5440 ptiosis
987 5369 1197 5440 artibus
1226 5365 1476 5440 detectis,
1512 5367 1677 5440 verbo
1714 5373 1876 5420 tenus
1911 5366 2305 5440 humanmhvof

742 5433 938 5498 iuntati
975 5441 1098 5510 plus
1126 5438 1278 5506 justo
1301 5433 1838 5510 videaturtribuere,
1870 5445 1930 5489 ut
1954 5435 2113 5490 fidem
2149 5433 2306 5510 liberi

743 5503 1226 5566 arbitrii'illasam
1281 5513 1492 5575 servet.
1522 5503 1650 5575 Erat
1696 5506 1842 5575 enim
1883 5515 2013 5559 tunc
2045 5507 2310 5575 temporis

743 5582 1015 5647 quoddam
1065 5577 1229 5633 veluti
1281 5573 1673 5647 proverbium,
1715 5573 1859 5628 Velle
1907 5573 2261 5647 nostram—est
2289 5590 2308 5629 :

745 5645 890 5706 unde
923 5660 977 5703 et
1005 5649 1058 5702 in
1095 5649 1361 5703 anecdoto
1391 5645 1628 5716 quodan
1662 5658 1914 5716 sermone
1951 5647 2017 5699 de
2045 5646 2306 5716 Symbolo

745 5723 799 5775 in
837 5720 1241 5774 Veronensibus
1277 5714 1610 5769 membranis
1653 5730 1670 5768 :
1715 5731 1733 5764 ι
1775 5714 2001 5771 Etiamsi
2036 5714 2171 5770 velle
2207 5729 2307 5770 uo-

749 5803 926 5846 strum
956 5800 1060 5850 est,
1088 5788 1349 5855 perﬁcere
1378 5793 1559 5855 tamen
1590 5783 1709 5838 sine
1744 5785 1835 5838 ίΙιο
1868 5785 2022 5855 (Deo)
2061 5801 2166 5840 non
2228 5785 2309 5839 in.

749 5860 1018 5914 venimus.
1061 5852 1388 5918 i'Hilarius,
1430 5854 1483 5906 in
1528 5852 1669 5910 Psal.
1721 5869 1889 5911 cxvttt
1939 5874 1951 5909 :
1990 5852 2012 5908 (⁷
2054 5855 2310 5909 Voluntas

751 5940 937 5985 nostra
967 5929 1245 6000 preprium
1278 5941 1342 5984 cx
1374 5938 1430 5984 sc
1453 5923 1652 5985 habere
1683 5925 1863 5992 debet,
1892 5937 1948 5982 ut
1974 5925 2099 5983 velit
2125 5941 2137 5980 :
2168 5925 2308 5984 Deus

2406 4802 2684 4871 incipienti
2720 4802 3117 4855 incrementum
3148 4800 3297 4853 dabit
3323 4839 3337 4861 ,
3384 4818 3403 4852 ι
3447 4809 3557 4856 etc.
3593 4798 3850 4868 Optatos,
3885 4802 3987 4856 lib.

2407 4889 2488 4927 tt:
2525 4892 2543 4924 ι
2581 4871 2834 4927 Nostrum
2872 4881 2955 4925 est
2987 4872 3144 4932 velle,
3177 4881 3426 4925 nostrum
3459 4881 3541 4925 est
3589 4885 3844 4929 currere.
3888 4874 3984 4925 Dei

2407 4945 2722 5013 perlicere,»
2751 4951 2857 4996 etc.
2886 4941 3138 5013 Denique
3160 4943 3274 5007 ipse
3302 4942 3596 5013 Augustin.
3624 4940 3680 5013 in
3710 4940 3996 5013 Enchirid.

2407 5010 2459 5068 ὲ.
2491 5011 2581 5074 32,
2607 5015 2696 5081 qui
2736 5013 2874 5081 hanc
2903 5010 3231 5066 sententiam
3270 5012 3498 5065 mirifice
3526 5011 3764 5078 explicat
3798 5031 3812 5067 :
3849 5011 3996 5067 «Το-

2411 5093 2546 5148 tum,
2579 5080 2779 5149 inquit,
2818 5080 2929 5135 Deo
2954 5082 3193 5133 dandum
3239 5090 3342 5140 est,
3371 5083 3464 5148 qui
3510 5081 3756 5134 hominis
3792 5084 3998 5136 volun-

2411 5163 2576 5208 tatem
2606 5154 2806 5206 bonam
2835 5163 2889 5204 et
2915 5158 3187 5220 praeparat
3217 5150 3603 5220 adiuvandam.
3667 5161 3721 5204 et
3769 5155 4000 5220 adjuvat

2411 5231 2794 5292 praeparatam.
2824 5218 3086 5292 Przecedit
3111 5220 3257 5273 enim
3287 5220 3425 5292 bona
3458 5218 3717 5274 voluntas
3752 5218 3999 5277 hominis

2411 5290 2585 5347 multa
2617 5290 2708 5348 Dei
2743 5291 2908 5357 dona,
2951 5291 3045 5346 sed
3079 5304 3186 5342 nou
3221 5290 3446 5353 omnia;
3484 5303 3606 5358 qua:
3651 5299 3839 5346 autem
3884 5310 4000 5349 non

2412 5363 2671 5433 praecedit
2705 5361 2844 5433 ipsa,
2877 5362 2932 5416 in
2963 5361 3041 5414 eis
3072 5367 3155 5433 est
3183 5358 3412 5433 e_t_ripsa.
3461 5379 3478 5410 ι

2485 5434 2506 5464 ⁸
2529 5431 2682 5489 Unus
2710 5429 2905 5495 Vatic.,
2936 5431 3183 5484 cessavit.
3210 5429 3414 5501 Yitiose
3444 5439 3628 5485 autem
3657 5445 3827 5501 penes
3854 5432 4000 5487 Maro

2413 5503 2549 5558 tian.
2581 5511 2700 5556 erat
2735 5516 2858 5554 cunt
2890 5498 3258 5567 interrogandi
3304 5509 3455 5554 nota.

2487 5573 2506 5604 ³
2545 5571 2736 5626 iustos
2768 5582 2824 5626 et
2856 5579 3079 5625 sanctos
3132 5569 3303 5634 viros,
3339 5577 3463 5638 post
3504 5569 3634 5624 vitia
3693 5571 4000 5626 virtutibus

2414 5642 2649 5706 deditos,
2682 5644 2930 5696 caruisse
2969 5647 3216 5709 peccato.
3251 5641 3532 5707 proprium
3575 5651 3698 5694 erat
3730 5639 3998 5710 Origenis

2407 5715 2632 5780 ,dogma,
2666 5712 2719 5764 in
2767 5712 2910 5781 quod
2956 5711 3206 5781 Pelagius
3243 5723 3462 5781 quoque
3507 5710 3770 5781 delapsus
3820 5722 3904 5766 est
3945 5715 4002 5765 in

2416 5777 2628 5851 synodo
2662 5777 3054 5848 Dios'politana.
3073 5777 3235 5851 __Vide
3261 5777 3752 5851 SAaA’ugustim—tm,
3792 5782 3854 5834 de
3881 5783 3999 5834 (ἰεο

2417 5846 2534 5907 siis.
2567 5846 3024 5917 Interim—Vatia,
3065 5846 3340 5919 Numquid
3372 5846 3554 5920 negari
3603 5862 3774 5920 potest
3818 5854 3995 5920 pluri-

2418 5937 2530 5978 mas
2558 5922 2756 5992 justas,
2784 5932 2891 5978 etc.
