4198 6484
224 339 324 402 609

960 344 1347 410 [—IALOGUS
1390 350 1691 410 CONTRA
1743 351 2246 412 l‘ELAGlANOS.
2290 373 2356 384 -·
2394 349 2533 413 LIB.
2582 351 2692 412 III.

3379 350 3488 414 610

227 477 241 504 ι
279 457 424 510 Beati
453 459 664 513 mundo
697 459 888 525 corde,
915 464 1173 531 quoniam
1206 464 1308 532 ipsi
1340 463 1507 517 Deum
1540 466 1801 518 videbunt
1839 479 1872 530 Α
1908 479 2112 530 quacro,
2181 471 2475 517 contentus
2529 479 2648 515 sum
2723 462 2985 517 beneficio
3059 459 3202 531 quod
3276 465 3485 529 accepi.

223 549 442 618 (llatth.
479 567 534 610 V.
568 551 624 622 8)
657 571 669 617 ;
706 570 724 603 ι
750 563 804 607 et
838 571 853 608 :
895 574 913 605 α
949 556 1094 610 Beati
1125 556 1461 612 imtiiaCiilati
1491 560 1542 612 in
1578 558 1686 619 via,
1715 559 1806 626 qui

222 644 509 696 ambulant
538 643 590 697 in
627 643 744 715 lege
777 645 995 701 Domini
1030 648 1209 715 (Psul.
1237 664 1428 716 cxviii,
1463 651 1554 718 l);
1593 669 1610 702 ι
1640 661 1692 704 et
1717 649 1805 704 Dei

223 733 499 801 loquentis
557 735 622 788 ad
669 737 942 794 Abraham
995 757 1010 796 ;
1053 760 1068 790 ‹
1112 741 1222 810 Ego
1271 758 1392 796 sum
1456 742 1600 797 Deus
1651 752 1802 803 IIIIIS.

222 825 428 893 placeto
488 829 541 880 iii
589 843 886 900 conspectu
940 848 1081 893 meo,
1121 843 1175 886 et
1224 843 1342 887 esto
1397 835 1516 888 sine
1567 837 1804 898 macula,

221 919 293 974 vel
339 922 595 988 querela.
646 935 700 979 et
754 940 949 990 ponam
1001 933 1382 980 testamentum
1429 944 1607 982 meum
1664 928 1806 982 inter

222 1027 305 1065 me
333 1022 389 1065 et
422 1019 500 1075 te,
537 1025 592 1069 et
622 1015 997 1080 multiplicabo
1016 1025 1066 1070 te
1099 1017 1264 1072 nimis
1297 1018 1454 1089 (Cen.
1482 1019 1794 1088 xvii,l,2)?i

222 1103 275 1157 Si
311 1106 463 1160 enim
501 1123 612 1160 non
645 1118 827 1177 potest
867 1107 981 1161 fieri
1029 1110 1170 1177 quod
1209 1111 1494 1182 Scriptura
1550 1121 1800 1179 testatur,

223 1197 426 1251 frustra
462 1201 731 1269 praecepit
764 1209 820 1254 ut
857 1201 1029 1256 ﬁeret.
1058 1203 1122 1255 Α.
1178 1203 1417 1258 Diversis
1473 1206 1802 1261 testimoniis

221 1288 633 1357 Srriptnrarum
683 1294 930 1347 eamdem
987 1296 1344 1363 quaestionem
1381 1296 1513 1350 teris
1548 1298 1600 1352 in
1652 1300 1799 1354 thea-

220 1383 381 1436 trales
409 1385 744 1450 praestigias,
771 1401 892 1454 qua:
921 1401 1085 1439 unum
1111 1390 1474 1456 eumdemch
1501 1389 1796 1456 hominem,

219 1489 591 1540 personarum
622 1479 882 1532 varietate
910 1487 1136 1541 mutata,
1166 1481 1218 1534 in
1252 1480 1477 1535 Martem
1507 1482 1800 1538 Venerem-

217 1565 677 1633 qiieproducuiit:
711 1581 766 1620 ut
797 1569 890 1638 qui
927 1570 1078 1637 prius
1127 1571 1337 1638 rigidus
1368 1579 1421 1626 et
1451 1576 1800 1628 truculentus

216 1659 546 1722 incesserat,
567 1671 754 1728 postea
769 1662 1009 1716 solvatur
1045 1663 1096 1716 in
1133 1665 1416 1718 mollitiem
1448 1665 1796 1721 feminarum.

216 1749 492 1805 lloeeniin
531 1752 677 1820 quod
719 1769 862 1806 nunc
893 1755 1048 1821 quasi
1089 1770 1287 1809 novum
1332 1755 1564 1824 objieis;
1604 1756 1795 1810 iBeati

1915 555 2087 619 Quem
2148 557 2360 609 occulta
2431 554 2789 620 responsione
2838 570 3077 623 arguens
3142 553 3305 616 Deus,
3368 553 3484 608 ait:

1914 646 2118 701 Etiam.
2148 649 2209 702 Et
2241 658 2324 703 est
2352 662 2590 704 sensus:
2621 645 2739 699 Fiet
2769 650 2912 715 quod
2943 648 3227 701 existimas
3271 654 3376 700 non
3404 646 3487 699 fu-

1912 748 2115 792 turum.
2155 740 2288 794 Sara
2325 757 2463 794 uxor
2516 752 2602 792 tua
2633 740 2809 808 pariet
2860 739 2955 792 tibi
2996 739 3187 803 filiuni,
3230 749 3284 793 et
3331 748 3486 792 ante-

1909 847 2071 900 quam
2099 833 2200 886 ista
2224 835 2518 902 concipiat,
2555 848 2877 903 priusquam
2904 832 2991 885 ille
3013 840 3289 896 nascatur,
3313 846 3482 900 puero

1909 939 2106 978 nomen
2145 928 2444 994 imponam.
2479 926 2555 978 lix
2601 943 2786 980 errore
2817 926 2962 980 enim
3000 935 3114 985 tuo,
3149 939 3256 995 quo
3309 925 3480 977 risisti

1906 1018 2126 1080 tat-itus,
2161 1017 2308 1071 filius
2359 1029 2484 1072 tuus
2517 1017 2675 1068 Isaac
2713 1019 2753 1082 ³,
2787 1021 2919 1070 risus
2979 1035 3173 1072 nomen
3227 1018 3479 1086 accipiet.

1907 1109 1997 1162 Siti
2029 1121 2205 1164 autem
2239 1113 2418 1165 abhis
2447 1113 2536 1180 qui
2575 1121 2704 1165 sunt
2739 1112 2944 1164 tiiutiilo
2979 1113 3140 1165 corde
3173 1112 3225 1165 in
3255 1113 3358 1165 hoc
3381 1124 3483 1164 sre-

1904 1201 2046 1266 culo,
2084 1213 2241 1270 putas
2272 1204 2440 1257 videri
2481 1206 2669 1268 Deum,
2701 1219 2872 1272 quare
2912 1203 3071 1272 797
3121 1203 3332 1272 Moyses
3383 1205 3477 1272 qui

1907 1297 2056 1361 prius
2087 1297 2298 1348 dixerat
2331 1313 2343 1352 :
2389 1315 2408 1347 ‹
2441 1296 2560 1365 Vidi
2628 1297 2916 1350 Domitium
2954 1298 3092 1350 facie
3152 1299 3218 1348 ad
3259 1297 3475 1359 faciem,

1902 1395 1956 1440 et
1983 1388 2131 1441 salva
2166 1387 2307 1441 facta
2363 1399 2444 1442 est
2487 1392 2664 1442 anima
2705 1405 2817 1441 mea
2858 1387 3012 1458 (Cen.
3047 1403 3218 1452 xuii,
3256 1387 3347 1455 50)
3381 1429 3396 1452 ,
3454 1407 3473 1437 ι

1904 1489 2090 1546 postea
2129 1479 2477 1546 deprecatur,
2516 1491 2575 1532 ut
2624 1495 2748 1532 cuni
2809 1480 2988 1532 videat
3032 1488 3423 1546 cognoscenter
3456 1475 3479 1530 ?

1903 1582 2064 1634 quem
2100 1571 2225 1637 quia
2284 1569 2499 1622 dixerat
2546 1585 2604 1623 se
2659 1569 2883 1631 vidisse,
2921 1570 3072 1621 audit
3122 1585 3150 1621 a
3187 1569 3419 1622 Domino
3457 1585 3474 1626 ;

1909 1677 1924 1707 ι
1951 1657 2066 1711 Non
2097 1669 2248 1727 potes
2276 1661 2456 1715 videre
2484 1660 2677 1714 faciem
2725 1677 2921 1716 meam.
2951 1661 3066 1714 Non
3097 1662 3240 1713 enim
3273 1660 3478 1713 vulehit

1905 1750 2066 1804 homo
2104 1751 2293 1805 faciem
2333 1768 2531 1816 meam,
2566 1760 2618 1806 et
2654 1752 3035 1822 vivet,(l5a:ad.
3067 1767 3267 1816 xxxiii,
3298 1751 3412 1818 20).
3454 1770 3470 1800 ι

216 1849 419 1898 mundo
439 1846 758 1910 corde,iet,
782 1845 1534 1913 «Beatiimmaenlatiinvia,i
1558 1849 1802 1912 et,iEsto
1836 1841 1875 1894 Β
1910 1841 2062 1898 Unde
2109 1854 2162 1898 et
2227 1845 2518 1912 Apostolus
2566 1843 2617 1913 tl
2650 1847 2780 1898 Tim.
2820 1846 2856 1910 i)
2915 1844 3245 1899 invisibilem
3299 1844 3475 1898 solum

213 1939 624 1996 sinemacula.»
647 1950 698 1991 et
719 1949 915 1994 caetera
948 1939 1351 2008 hujuscemodi,
1388 1943 1653 2010 Apostolo
1686 1958 1800 1997 res-

218 2030 496 2098 pondente
546 2031 856 2085 convictum
886 2041 990 2095 est,
1030 2034 1202 2086 «Etex
1219 2044 1371 2101 parte
1392 2039 1796 2104 cognoscimus,

216 2135 344 2178 etex
367 2136 527 2194 parte
548 2126 967 2195 prophetaiiius;
995 2145 1015 2178 ι
1043 2127 1207 2199 796
1223 2139 1296 2192 et,
1334 2149 1350 2181 ι
1382 2129 1536 2186 Nunc
1552 2149 1647 2201 per
1676 2148 1800 2202 spc-

217 2217 400 2270 culum
447 2217 701 2273 videmus
735 2219 788 2272 in
829 2219 1116 2288 aenigmate
1148 2237 1162 2277 z
1190 2236 1312 2276 cum
1357 2234 1537 2276 autem
1589 2225 1796 2278 venerit

213 2309 356 2378 quod
395 2309 704 2378 perfectum
755 2321 861 2375 est,
909 2312 961 2366 id
992 2315 1137 2380 quod
1184 2329 1249 2366 ex
1300 2323 1451 2383 parte
1491 2314 1662 2370 fuerat
1699 2317 1796 2371 de-

213 2413 462 2455 struetur
495 2399 548 2471 (1
579 2401 705 2456 Cor.
744 2419 861 2467 xiii,
913 2403 965 2468 9,
1004 2405 1116 2475 10).
1157 2423 1177 2458 ο
1212 2404 1276 2458 Ει
1311 2408 1573 2462 mundum
1629 2410 1796 2479 igitur

211 2510 324 2557 cor,
368 2496 520 2563 quod
567 2506 754 2562 postea
785 2497 855 2549 sit
890 2497 1136 2551 visurum
1176 2497 1368 2564 Deum,
1404 2510 1459 2554 et
1493 2502 1791 2557 beatitudi-

214 2601 333 2639 nem
363 2589 492 2639 vita:
527 2587 912 2652 iiniiiaeulatae,
940 2597 994 2642 et
1025 2589 1438 2645 immaculatum
1471 2609 1595 2648 cum
1624 2595 1796 2649 Abra-

217 2680 337 2733 ham
395 2679 607 2743 \iveie,
667 2683 720 2733 in
776 2683 967 2734 umbra
1015 2682 1365 2750 possidemus
1417 2695 1472 2738 et
1535 2685 1790 2756 imagine.

211 2773 481 2836 Quamvis
515 2773 716 2837 aliquis
751 2773 1056 2839 patriarcha
1102 2775 1195 2838 sit,
1225 2778 1476 2844 quamvis
1508 2781 1786 2847 propheta,

213 2866 472 2931 quamvis
531 2865 835 2931 apostolus,
867 2865 1072 2919 dicitur
1102 2867 1183 2921 eis
1221 2867 1276 2920 in
1322 2868 1551 2922 Domitio
1599 2871 1792 2926 Salva-

213 2967 330 3011 tore
368 2974 383 3012 :
424 2977 444 3008 i
469 2956 530 3011 Si
571 2972 665 3011 vos
694 2973 815 3011 cum
846 2958 966 3012 sitis
998 2959 1151 3023 mali,
1179 2959 1332 3014 scitis
1361 2962 1504 3016 bona
1556 2965 1685 3018 dare
1728 2964 1790 3017 ιι-

211 3050 302 3104 liis
324 3050 556 3112 vestris,
585 3059 790 3117 quanto
823 3050 996 3121 magis
1026 3051 1189 3106 Pater
1217 3061 1395 3108 vester
1427 3055 1519 3123 qui
1545 3056 1599 3109 in
1629 3058 1787 3112 ccelis

207 3153 309 3207 est,
342 3142 502 3194 dabit
556 3143 696 3195 bona
748 3143 1061 3212 petentibus
1111 3158 1171 3197 se
1204 3143 1418 3212 (Matth.
1457 3161 1555 3208 vn,
1586 3148 1674 3218 ll)
1707 3149 1729 3201 ?
1765 3168 1784 3201 ι

205 3231 457 3303 Denique
494 3241 552 3287 et
578 3232 876 3297 Abraham,
925 3235 1011 3288 cui
1040 3233 1246 3288 dictum
1283 3245 1410 3292 est:
1450 3256 1468 3289 ι
1512 3238 1642 3294 Esto
1674 3242 1792 3295 sine

204 3325 462 3394 querela,
502 3334 558 3379 et
587 3326 706 3380 sine
752 3327 991 3391 macula,
1031 3346 1048 3378 ι
1088 3329 1430 3384 conscientia
1485 3330 1794 3400 fragilitatis

205 3432 322 3473 sue
373 3417 589 3472 cedidit
640 3433 847 3485 pronus
902 3419 956 3471 in
999 3429 1229 3474 terram.
1274 3421 1522 3492 Cumque
1573 3423 1794 3478 locutus

204 3521 354 3565 esset
410 3511 462 3564 ei
519 3511 707 3566 Deus:
750 3510 951 3564 iSarai
1009 3527 1147 3565 uxor
1195 3523 1286 3566 tua
1353 3529 1458 3566 non
1508 3516 1795 3570 vocabitur

213 3604 352 3655 ultra
386 3601 573 3666 Sarai,
605 3601 700 3655 sed
730 3600 866 3656 Sara
893 3604 994 3657 erit
1022 3619 1219 3658 nomen
1252 3604 1400 3674 ejus,
1429 3615 1483 3660 et
1511 3607 1652 3661 dabo
1694 3607 1790 3662 tibi

204 3710 270 3750 ex
300 3711 361 3749 ea
394 3695 598 3755 tilium,
642 3703 696 3747 et
730 3694 1044 3749 benedicain
1082 3697 1129 3749 ei
1169 3697 1207 3760 ',
1247 3707 1301 3751 et
1328 3698 1433 3750 erit
1483 3699 1538 3752 iii
1577 3709 1788 3767 gentes,

203 3801 258 3839 ei
291 3801 453 3852 reges
484 3785 728 3854 gentium
757 3799 822 3839 ex
857 3784 979 3854 ipso
1009 3796 1196 3854 erunt,
1244 3805 1262 3838 ι
1294 3789 1478 3843 statim
1512 3789 1787 3846 infertur:

207 3875 469 3930 «Cecidit
509 3875 786 3929 Abraham
829 3875 886 3929 in
942 3875 1137 3933 faciem
1198 3893 1378 3943 suam,
1430 3879 1685 3946 risitque,
1735 3891 1788 3935 et

201 3969 343 4021 dixit
376 3969 432 4020 iii
470 3978 657 4020 mente
690 3981 788 4020 sua
824 3982 839 4020 :
879 3967 937 4020 Si
969 3972 1287 4024 centenario
1320 3980 1579 4025 nascetur
1613 3973 1781 4037 (llius,

200 4071 253 4113 tt
300 4062 344 4114 si
397 4042 547 4112 .Sara
589 4059 888 4127 nonaginta
949 4075 1213 4114 annorum
1266 4061 1441 4129 pariet
1473 4063 1496 4115 ἲ
1526 4061 1786 4134 Dixitque

199 4152 482 4205 Abraham
545 4150 613 4204 ad
665 4149 834 4204 Deum
875 4167 890 4206 :
930 4153 1122 4206 lsmael
1179 4153 1326 4206 vivat
1373 4155 1428 4206 in
1483 4167 1782 4224 conspectu

199 4249 318 4294 tuo.
369 4239 472 4293 Cui
511 4241 796 4309 respondit
825 4239 966 4296 Deus
997 4259 1012 4299 :
1058 4239 1255 4296 Etiam.
1286 4239 1429 4297 Ecce
1477 4243 1611 4297 Sara
1644 4260 1785 4300 uxor

199 4342 293 4387 tua
358 4332 542 4401 pariet
597 4333 694 4384 tibi
747 4332 947 4395 tilium,
1004 4345 1060 4386 et
1123 4335 1340 4388 vocabis
1396 4349 1594 4389 nomen
1659 4338 1781 4405 ejus

198 4425 384 4490 Isaac,
435 4443 455 4476 ι
516 4433 571 4477 et
626 4423 840 4493 reliqua
872 4423 1026 4493 (Gen.
1067 4441 1202 4489 xv",
1236 4425 1306 4479 15
1363 4441 1503 4495 seqq.
1542 4426 1581 4496 ).
1621 4427 1781 4484 Certe

1901 1935 2094 1999 Deum,
2146 1937 2235 2004 qui
2290 1944 2344 1989 et
2396 1937 2570 1989 lucem
2648 1937 2856 1989 habitat
2917 1936 3372 1998 inaccessibilem,
3425 1945 3478 1988 et

1900 2045 2063 2100 quem
2098 2030 2283 2082 nullus
2323 2029 2609 2082 hominum
2653 2029 2871 2091 viderit,
2903 2045 3081 2098 neque
3118 2031 3290 2099 possit
3330 2031 3480 2084 vitie-

1901 2135 1979 2184 re,
2015 2120 2271 2188 appellat.
2330 2119 2391 2172 Et
2443 2120 2688 2174 Joannes
2735 2119 3075 2189 Evaiigelisla
3126 2138 3283 2176 sacra
3345 2138 3479 2177 voce

1901 2219 2152 2272 testatur,
2196 2210 2384 2264 dicetis
2443 2229 2456 2266 :
2500 2227 2520 2262 α
2579 2210 2744 2263 Deum
2809 2226 2970 2264 nemo
3020 2213 3153 2265 vidit
3207 2230 3472 2280 unquam.

1899 2297 2224 2366 Uiiigenitus
2261 2298 2454 2361 Filius,
2490 2300 2582 2368 qui
2616 2312 2699 2353 est
2730 2301 2780 2353 in
2815 2302 2935 2354 sinu
2971 2300 3172 2364 Patris,
3202 2303 3317 2370 ipse
3352 2317 3479 2356 nar-

1898 2391 2034 2442 ravit
2069 2391 2291 2456 (Joaiiii.
2328 2407 2367 2452 ι,
2416 2391 2521 2458 l8).
2559 2410 2577 2442 ι
2611 2391 2710 2456 Qui
2764 2394 2926 2459 videt,
2987 2403 3042 2447 et
3098 2403 3308 2459 narrat,
3366 2411 3474 2449 noti

1896 2490 2134 2550 quantus
2166 2493 2247 2536 est
2281 2482 2370 2535 ille
2404 2482 2497 2551 qui
2529 2483 2678 2537 visos
2708 2494 2812 2548 est,
2846 2498 2946 2538 nec
2994 2496 3258 2553 quantum
3318 2489 3471 2539 novit

1897 2570 1986 2624 ille
2015 2572 2105 2638 qui
2155 2582 2388 2628 narrat:
2439 2572 2533 2626 sed
2590 2583 2852 2642 quantum
2913 2583 3094 2641 potest
3153 2577 3470 2627 mortalium

1898 2679 2093 2717 sensus
2119 2666 2387 2734 accipere.

1967 2757 2058 2810 15.
2120 2755 2250 2808 Vera
2284 2757 2539 2824 perfectio
2583 2757 2637 2812 in
2687 2757 2985 2810 caelestibus
3038 2773 3361 2814 reservatur.
3400 2791 3470 2802 -

1894 2850 2049 2915 Quod
2078 2861 2260 2903 autem
2295 2861 2456 2917 putas
2489 2851 2703 2904 beatum
2736 2865 2880 2914 esse,
2908 2852 3000 2921 qui
3038 2854 3111 2906 sit
3146 2854 3473 2909 immacula-

1895 2953 1984 2997 tiis
2018 2943 2069 2994 in
2117 2945 2222 3004 via,
2252 2951 2305 2994 et
2356 2941 2598 2994 ambulet
2642 2941 2696 2992 iii
2736 2941 2852 3007 lege
2902 2945 3044 3007 ejus,
3103 2958 3168 2996 ex
3216 2946 3470 3013 sequenti

1894 3048 2056 3087 sensu
2108 3037 2343 3098 priorem
2382 3032 2646 3102 iiitellige.
2679 3032 2864 3087 Multis
2921 3034 3253 3090 testimoniis
3305 3053 3471 3107 supra

1893 3124 2158 3188 didicisti,
2197 3125 2367 3193 legem
2419 3125 2630 3177 nullum
2669 3126 2915 3192 pomisse
2948 3133 3242 3195 complere.
3279 3129 3335 3184 Si
3371 3145 3472 3184 au-

1817 3189 1860 3247 c
1896 3226 2002 3271 tein
2032 3217 2322 3286 Apostolus
2353 3217 2420 3270 ad
2467 3219 2934 3285 comparationem
2993 3222 3181 3288 gratiae
3235 3220 3468 3288 Christi,

1893 3324 2014 3380 quae
2067 3311 2216 3378 prius
2271 3309 2420 3364 lucra
2487 3311 2876 3365 arbitrabatur
2925 3311 2977 3365 in
3019 3313 3156 3381 lege,
3198 3319 3471 3382 reputavit

1893 3403 2048 3470 quasi
2086 3411 2352 3466 stercora,
2406 3412 2464 3454 ut
2496 3402 2773 3456 Christum
2834 3403 3206 3470 lucrifaceret,
3261 3414 3470 3473 quanto

1893 3494 2067 3560 magis
2113 3507 2213 3546 nos
2243 3493 2385 3546 scire
2415 3492 2700 3557 debemus,
2729 3493 2850 3547 ideo
2879 3494 3085 3549 Christi
3111 3505 3164 3550 et
3185 3497 3466 3566 Evangelii

1891 3587 2120 3654 gratiam
2178 3587 2541 3650 successisse,
2578 3587 2706 3656 quia
2743 3589 2797 3640 in
2822 3590 2934 3659 lege
2968 3605 3129 3643 nemo
3177 3593 3466 3660 justitieari

1890 3681 2066 3745 potuit
2098 3675 2121 3728 ?
2149 3676 2203 3732 Si
2237 3689 2418 3733 autem
2450 3677 2548 3751 [αι.
2583 3680 2738 3753 ergo]
2768 3682 2819 3736 in
2851 3683 2970 3752 lege
3003 3684 3469 3755 nnllusjnstilica-

1891 3778 2004 3834 tur,
2041 3774 2321 3840 quomodo
2380 3775 2445 3825 ad
2504 3773 2810 3842 perlectum
2879 3774 2982 3845 [αι.
3032 3778 3463 3851 perfectionem]

1893 3861 2280 3914 iniiiiaculatiis
2315 3874 2397 3916 est
2431 3864 2486 3916 in
2521 3866 2628 3927 via,
2663 3866 2754 3931 qui
2798 3865 2976 3920 adhuc
3005 3871 3275 3934 ambulat,
3310 3881 3364 3924 et
3395 3873 3465 3924 ad

1891 3954 2092 4007 calcem
2130 3955 2322 4007 venire
2359 3953 2638 4010 festinat?
2671 3957 2832 4012 Certe
2873 3962 2968 4028 qui
3025 3963 3075 4013 in
3133 3943 3300 4018 cursu
3353 3979 3458 4028 CSl,

1889 4055 1939 4098 et
1968 4045 2021 4096 in
2061 4043 2141 4097 via
2189 4045 2455 4113 graditur,
2509 4049 2687 4101 minor
2727 4059 2810 4104 est
2847 4066 2914 4104 eo
2966 4054 3056 4118 qui
3110 4057 3354 4121 pervenit
3393 4056 3459 4109 ad

1888 4134 2070 4188 finem.
2103 4135 2159 4188 Si
2185 4151 2315 4205 ergo
2344 4137 2726 4192 immaculatus
2744 4153 2826 4193 est
2852 4142 2940 4196 ille
2963 4152 3126 4211 atque
3163 4148 3459 4213 perlectus,

1885 4231 1977 4300 qui
2010 4228 2190 4282 adhue
2221 4230 2459 4284 ambulat
2492 4233 2541 4282 in
2579 4232 2687 4295 via,
2712 4243 2764 4286 et
2796 4237 3042 4303 graditur
3077 4239 3128 4290 iii
3165 4239 3303 4307 lege,
3328 4241 3462 4308 quid

1885 4330 2008 4393 plus
2037 4324 2258 4379 habebit
2311 4323 2420 4388 ille,
2461 4325 2553 4393 qui
2589 4325 2655 4377 ad
2711 4330 3003 4381 terminum
3055 4332 3154 4384 vi.e
3207 4335 3450 4402 legisque

1883 4417 2184 4487 pervenit?
2219 4415 2372 4472 Unde
2402 4426 2454 4472 ct
2490 4419 2783 4487 Apostolus
2826 4420 2892 4475 de
2929 4423 3160 4478 Domino
3213 4427 3459 4496 loquitur

198 4517 462 4571 audierat
496 4530 526 4568 a
553 4515 666 4570 Deo
706 4531 722 4575 :
760 4533 778 4566 i
805 4516 918 4585 Ego
959 4533 1077 4572 sum
1111 4517 1258 4571 Deus
1292 4527 1440 4581 tuus,
1474 4520 1684 4587 placeto
1725 4522 1778 4575 in
1815 4540 1857 4594 υ
1887 4512 2112 4582 (Ep/m-
2146 4528 2198 4577 ν.
2232 4512 2347 4581 37).
2377 4514 2523 4582 quvd
2571 4516 2626 4567 in
2695 4515 2804 4569 ﬁne
2840 4517 3049 4579 mundi.
3107 4529 3160 4572 et
3213 4521 3262 4573 in
3328 4539 3461 4576 coii-

195 4620 504 4678 conspectu
542 4623 686 4670 meo,
739 4617 793 4660 et
825 4619 945 4660 esto
991 4609 1108 4663 sine
1157 4611 1370 4662 macula
1414 4609 1584 4672 (Ibid.
1636 4612 1712 4678 l),
1754 4631 1774 4664 ι

195 4715 376 4767 quare
412 4714 521 4752 non
549 4696 783 4751 credidit
813 4696 959 4765 quod
999 4697 1144 4752 Deus
1194 4698 1538 4766 repromisit,
1576 4699 1673 4752 sed
1708 4700 1780 4752 ri-

195 4795 269 4846 sit
306 4793 364 4846 in
400 4790 593 4853 corde,
623 4801 828 4858 putans
858 4803 917 4843 se
956 4789 1133 4843 celare
1156 4790 1350 4857 Deum,
1403 4801 1455 4844 et
1488 4805 1673 4860 aperte
1704 4792 1779 4844 ri-

193 4885 330 4939 dere
364 4898 476 4936 non
538 4879 801 4935 audens?
843 4881 1088 4950 Denique
1128 4896 1325 4935 causas
1377 4882 1776 4938 incredulitatis

192 4990 485 5046 exponens
516 4973 650 5028 dicit
681 4975 734 5027 in
759 4973 924 5027 corde
945 4988 1048 5027 suo
1079 4989 1094 5027 :
1122 4973 1406 5039 Quomodo
1428 4984 1606 5042 potest
1636 4975 1773 5040 fieri,

196 5081 258 5123 ut
284 5068 643 5123 centenarius
689 5066 756 5120 de
806 5067 1174 5135 nonagenaria
1226 5083 1392 5121 uxore
1437 5075 1657 5136 generet
1716 5069 1779 5121 li-

192 5165 334 5216 lium
371 5164 390 5192 ’
425 5162 448 5214 ?
483 5179 500 5210 ι
533 5158 714 5224 Vivat,
756 5161 949 5229 inquit,
978 5161 1170 5215 lsmael
1233 5161 1286 5214 in
1329 5171 1622 5230 conspectu
1681 5169 1776 5215 tuo

192 5256 354 5327 (Gen.
391 5270 525 5319 xvii,
558 5255 663 5322 l8),
701 5271 718 5303 ι
750 5269 912 5322 quem
954 5254 1121 5308 semel
1145 5254 1361 5308 dedisti.
1397 5252 1640 5308 Dillicilia
1668 5269 1773 5309 non

269 5396 288 5425 ι
334 5392 636 5456 Victorius,
691 5402 742 5444 et
797 5393 1097 5445 benedicam
1135 5392 1204 5454 ei,
1239 5399 1286 5443 et
1319 5390 1452 5442 dabo
1496 5392 1589 5444 tibi
1616 5405 1681 5444 ea:
1710 5407 1774 5445 ea

190 5466 401 5534 ﬁlium,
454 5472 504 5515 et
556 5461 860 5514 benedicam
895 5465 961 5525 ei,
999 5477 1122 5534 qua:
1154 5465 1333 5528 priora
1378 5462 1493 5534 Atria
1544 5461 1704 5534 verba
1741 5477 1771 5515 e

193 5531 478 5588 Brixiaiiis
527 5547 661 5584 mss.
715 5536 981 5600 reposuit,
1015 5532 1194 5600 iisque
1223 5531 1389 5598 repeti
1425 5531 1767 5585 benedictio-

192 5622 295 5659 nes
336 5609 393 5656 in
429 5601 672 5655 Hebraeis
696 5618 913 5671 quoque
943 5601 1229 5655 codicibus
1258 5610 1494 5665 constat,
1529 5616 1767 5670 quarum

194 5678 379 5744 prima
414 5671 565 5726 Sane
602 5675 724 5739 ipsi,
766 5673 934 5744 altera
969 5674 1080 5744 filio
1117 5672 1240 5744 ejus
1263 5673 1625 5739 promittitur.

269 5749 290 5777 ²
336 5745 398 5799 In
431 5745 717 5809 hucusque
766 5743 924 5797 editis
955 5740 1372 5810 pariat/ilium,
1412 5740 1768 5793 renuentibus

196 5817 484 5884 pleri-que
515 5827 646 5867 mss.
685 5814 803 5867 ita:
837 5811 1036 5877 lelL'.,
1073 5811 1332 5881 Difﬁcilia
1361 5821 1407 5864 et
1446 5826 1635 5880 magna
1663 5827 1768 5863 non

1885 4609 2253 4662 suminatione
2337 4609 2602 4662 virtutum
2702 4613 2957 4665 exhibeat
3039 4614 3139 4667 sibi
3211 4616 3456 4672 sanctam

1886 4701 2204 4764 Ecelesiam,
2237 4716 2343 4754 non
2392 4701 2682 4756 habentem
2746 4710 3014 4759 maculam
3048 4707 3089 4764 ⁸.
3135 4724 3316 4778 neque
3368 4728 3459 4762 rii-

1883 4807 2024 4862 gain,
2056 4809 2216 4861 quam
2271 4808 2366 4848 vos
2403 4798 2606 4862 putatis
2635 4797 2744 4864 jam
2780 4799 2832 4850 in
2881 4800 2979 4851 ista
3018 4813 3184 4854 carne
3233 4805 3452 4856 mortali

1881 4891 1934 4936 et
1968 4881 2310 4950 corruptibili
2342 4898 2468 4936 esse
2498 4886 2821 4952 perfectam,
2858 4896 2910 4940 et
2935 4887 3127 4942 audire
3165 4892 3452 4944 mereinini

1881 4988 2006 5025 cum
2039 4972 2345 5026 Corin1itiiS
2383 4989 2397 5028 ;
2434 4989 2452 5022 ι
2483 4971 2601 5025 Jam
2652 4989 2733 5042 pet
2751 4973 2874 5028 fecti
2919 4978 3072 5041 estis,
3108 4979 3214 5046 jillt
3253 4981 3450 5032 divites

1881 5063 2011 5118 facti
2045 5066 2179 5120 estis
2210 5085 2224 5120 ε
2256 5069 2376 5119 sine
2425 5065 2580 5119 nobis
2618 5072 2858 5135 regnatis
2888 5068 2988 5139 [αι.
3022 5071 3334 5143 regiiastis],
3366 5083 3448 5126 at-

1879 5173 1984 5226 que
2008 5160 2214 5211 utinam
2247 5160 2566 5226 regnaretis,
2588 5166 2643 5210 ut
2671 5170 2724 5210 et
2753 5175 2850 5213 nos
2881 5177 3235 5227 regiiarciniis
3269 5171 3450 5218 vobis-

1879 5266 2003 5306 cum
2060 5250 2109 5319 (I
2159 5248 2281 5304 Cor.
2322 5264 2396 5315 iv,
2439 5246 2535 5319 8);
2571 5267 2590 5300 ι
2622 5251 2786 5320 798
2817 5267 2938 5305 eum
2987 5268 3113 5307 vera
3166 5265 3219 5309 et
3241 5256 3448 5326 absque

1914 5401 2078 5439 utero.

1877 5403 2268 5509 quirvoculam
2293 5464 2342 5508 et
2387 5471 2522 5511 mss.
2554 5456 2784 5518 addunt,
2819 5471 2848 5508 e
2917 5458 3116 5526 quibus
3153 5477 3292 5514 unus
3341 5457 3449 5515 Ri:-

1875 5528 2014 5595 ginaa
2053 5542 2250 5581 nomen
2289 5527 2446 5579 Isaac
2494 5544 2598 5580 iioii
2636 5535 2905 5595 agnoscit.
2960 5528 3143 5596 Adito,
3193 5532 3238 5585 si
3286 5531 3441 5598 libet,

1876 5603 2204 5664 interpretes
2231 5598 2391 5666 hujus
2429 5599 2552 5650 loci.

1952 5668 1971 5742 ξ’
2015 5670 2210 5742 Iisdem
2250 5684 2387 5742 pene
2419 5669 2594 5721 verbis
2628 5672 2767 5724 hanc
2796 5669 2992 5725 refellit
3021 5667 3439 5742 Pelagianorum

1878 5739 2210 5792 calumniam
2244 5742 2300 5792 ὃ.
2335 5740 2694 5808 Augustinus.
