4198 6498
252 414 356 479 613

246 549 372 589 men
417 545 635 589 tuum.»
669 536 751 591 illi
786 552 980 624 nomen
1019 536 1135 602 Dei,
1170 538 1312 609 quod
1344 553 1440 608 per
1478 552 1536 590 se
1571 552 1685 588 sam
1709 543 1818 588 tum
1852 541 1898 595 Α

243 639 343 693 est,
369 631 424 684 iu
451 645 513 685 se
545 630 873 686 sanctae-ari
898 633 1128 701 cupiunt
1154 648 1170 688 :
1194 643 1248 688 tu
1274 634 1454 688 dicis:
1486 629 1696 693 «Nosti.
1723 631 1826 688 Do-

245 719 407 767 nune,
440 719 609 771 quam
645 718 867 772 δειιιιιιίιι,
901 717 956 762 et
987 724 1149 776 quam
1183 712 1500 764 innocentes
1527 751 1540 775 ,
1574 721 1626 764 ei
1663 727 1823 778 qnam

242 809 391 864 pura:
424 810 630 851 manus
661 814 794 854 meae
825 800 956 855 sint.
991 819 1009 852 ι
1065 801 1143 856 llli
1174 802 1451 856 inferunt:
1489 820 1506 852 ι
1561 802 1827 856 Adveniat

243 902 470 956 regnum
506 898 660 945 tuum
695 909 712 959 ;
751 910 769 944 ι
808 909 957 962 spem
1005 895 1152 966 regni
1208 894 1396 948 futuro
1433 905 1672 965 tempore
1692 911 1825 964 pra!-

238 980 527 1041 stolantes.
609 994 667 1037 ut
750 994 1011 1051 regnante
1068 985 1308 1047 Christo,
1365 1000 1705 1053 nequaquam
1743 1001 1825 1038 re-

239 1080 361 1139 gnet
390 1086 688 1142 peet-atum
728 1076 776 1129 in
812 1079 1024 1132 mortali
1055 1093 1245 1131 eorum
1277 1093 1529 1147 corpore,
1558 1079 1823 1148 jungunt-

238 1177 368 1230 que:
414 1182 432 1216 ι
473 1164 866 1224 Fiatvolnntas
901 1180 1014 1233 tua,
1045 1172 1186 1223 sicut
1211 1171 1424 1226 incualo
1444 1179 1496 1224 et
1521 1172 1762 1232 interra.
1797 1192 1814 1226 ι

238 1264 294 1308 ιιι
325 1254 574 1312 imitetur
605 1263 827 1328 angelos
851 1263 1086 1315 humana
1114 1262 1403 1333 fragilitas,
1466 1273 1518 1316 et
1570 1266 1818 1320 voluntas

237 1348 447 1402 Domini
505 1353 846 1418 compleatur
903 1353 955 1407 in
1011 1364 1174 1408 terra.
1210 1355 1288 1407 Tu
1348 1356 1483 1410 dicis
1519 1366 1578 1409 τι
1630 1357 1819 1414 Potest

235 1441 396 1493 homo
425 1443 471 1494 si
509 1444 744 1499 voluerit
787 1447 934 1499 omni
969 1463 1154 1504 carere
1177 1459 1422 1518 peccato.
1455 1466 1473 1497 ι
1498 1477 1560 1488 -
1585 1449 1816 1505 «Panem

233 1535 644 1599 quotidiaruim,
681 1553 698 1585 ι
740 1537 874 1604 sive,
916 1558 934 1591 ι
961 1556 1126 1609 super
1179 1558 1368 1597 Omnes
1399 1545 1759 1608 substantias,
1793 1563 1810 1596 ι

233 1638 522 1679 venturum
553 1630 786 1697 apostoli
820 1631 1208 1700 deprecantur,
1248 1643 1305 1686 ut
1357 1637 1503 1706 digni
1562 1637 1675 1690 sint
1728 1651 1819 1690 as-

232 1723 548 1789 sumptione
619 1725 864 1791 corporis
915 1725 1133 1779 Christi.
1187 1726 1253 1780 Et
1295 1743 1391 1782 vos
1437 1744 1532 1797 per
1588 1729 1810 1782 nimiam

229 1813 576 1867 sanctitatem
636 1829 992 1884 securamqne
1026 1815 1293 1884 justitiam
1339 1819 1596 1873 audacter
1658 1821 1810 1874 vobis

228 1905 469 1957 cwlesria
507 1905 652 1960 dona
703 1905 1014 1961 vindicatis.
1041 1907 1298 1977 Sequitur
1341 1926 1355 1962 :
1404 1928 1422 1961 ι
1457 1910 1678 1965 Dimitte
1709 1927 1808 1965 no-

228 1996 305 2047 Lis
340 1995 532 2051 debita
571 2006 781 2062 nostra,
833 1999 972 2052 sicut
1016 2008 1069 2054 et
1099 2015 1197 2054 nos
1225 2000 1550 2057 dimittimus
1599 2002 1811 2057 debito-

229 2087 377 2140 ribus
409 2091 646 2144 nostris.
684 2108 702 2140 ο
743 2091 813 2144 De
847 2090 1190 2161 baptismatis
1242 2093 1391 2149 fonte
1430 2105 1814 2162 snrgentes,et

226 2181 536 2248 regenerati
575 2181 631 2233 in
679 2179 966 2237 Dominum
1009 2183 1370 2249 Salvatorem,
1433 2187 1660 2256 impleto
1693 2189 1808 2254 illo,

226 2273 366 2338 quod
407 2270 476 2324 de
513 2286 573 2325 se
608 2273 871 2344 scriptum
907 2286 1032 2330 est:
1072 2294 1091 2329 ι
1127 2275 1276 2330 Beati
1303 2293 1534 2346 quorum
1570 2281 1814 2334 remissa:

225 2375 352 2417 sunt
381 2363 730 2433 iniquitates,
784 2375 839 2420 et
890 2382 1124 2436 quorum
1179 2378 1318 2423 tecta
1390 2379 1520 2425 sunt
1590 2379 1811 2440 peccata

229 2452 402 2521 (Puri.
439 2471 594 2517 xxxi,
636 2456 658 2509 i
700 2455 757 2525 ),
803 2473 824 2509 ι
864 2456 1046 2510 statim
1095 2455 1146 2510 in
1199 2461 1373 2528 prima
1423 2461 1810 2514 communione

227 2546 476 2613 corporis
509 2545 712 2600 Christi
749 2546 938 2600 dicunt
985 2563 999 2602 ε
1039 2567 1056 2599 ι
1096 2549 1159 2601 Ει
1186 2550 1395 2603 dimitte
1425 2552 1578 2604 nobis
1635 2551 1810 2604 debita

230 2648 437 2704 nostra,
476 2657 497 2690 ι
535 2655 654 2707 qua:
679 2639 787 2692 illis
823 2637 1036 2693 fuerant
1097 2640 1149 2694 in
1211 2641 1412 2694 Christi
1461 2643 1810 2697 confessione

223 2729 455 2783 dimissa
489 2745 506 2795 ;
545 2739 592 2783 et
645 2739 701 2782 tu
727 2743 988 2799 arrogans
1012 2737 1064 2784 et
1098 2729 1365 2798 superbus
1401 2730 1466 2784 de
1499 2739 1809 2785 sanctarum

225 2820 463 2888 puritate
497 2832 760 2875 manuum
816 2832 888 2877 -et
942 2821 1210 2875 munditia
1269 2823 1467 2890 eloquii
1533 2824 1809 2892 gloriaris.

223 2912 488 2979 Quamvis
514 2913 586 2967 sit
627 2914 862 2969 hominis
910 2912 1148 2982 perfecta
1203 2915 1514 2977 conversio,
1579 2925 1634 2968 et
1689 2925 1810 2983 post

222 3006 349 3058 vitia
383 2990 554 3074 atque
572 3014 790 3074 peccata
820 3006 1080 3059 virtutum
1116 3006 1269 3075 plena
1313 3009 1610 3075 possessio,
1650 3023 1810 3061 nurn-

222 3098 348 3164 quid
375 3107 615 3166 possunt
645 3097 725 3152 sic
753 3108 876 3152 esse
906 3096 1023 3151 sine
1061 3098 1208 3162 vitio,
1244 3099 1518 3166 quomodo
1580 3099 1680 3162 illi,
1714 3100 1804 3167 qui

1040 420 1422 482 DlALOGUS
1454 417 1757 478 CONTRA
1798 413 2296 475 PELAGIANOS.
2334 441 2402 451 -·
2440 417 2584 476 LIB.
2627 417 2736 478 lli.

3398 413 3503 475 CH

1999 534 2084 588 16.
2116 533 2407 603 Pelagiana
2425 536 2759 605 superbia.-—
2779 534 2965 590 Oratio
2985 549 3113 604 ergo
3133 543 3217 588 tua
3243 529 3501 587 Pharisaei

1931 627 2099 681 vincit
2132 628 2473 697 superbiam,
2505 639 2556 681 cl
2584 627 2854 695 publicani
2889 641 3311 696 ροιιιι.;ιι·;ιιιοιιε
3344 625 3503 679 dani—

1931 716 2130 772 natur;
2159 712 2250 776 qui
2299 711 2364 765 de
2401 712 2557 779 longe
2608 721 2784 772 stans,
2845 714 3035 764 oculos
3094 715 3155 764 ad
3196 711 3358 764 Deum
3399 729 3506 767 non

1929 794 2164 850 audebat
2215 802 2488 866 attollere,
2567 799 2659 853 scd
2726 801 3060 867 percutiebat
3096 813 3280 868 pectus
3321 819 3501 867 suum,

1927 887 2117 942 direns
2180 906 2193 947 :
2257 910 2273 941 (
2341 892 2508 952 Deus,
2547 896 2814 960 propitius
2883 905 2998 947 esto
3050 895 3182 947 mihi
3241 895 3502 960 pet-calori

1926 978 2079 1048 (Luc.
2108 995 2256 1042 xvtu,
2299 985 2408 1048 l5).
2453 1003 2470 1034 ι
2510 984 2660 1037 Unde
2701 988 2976 1054 profertur
3030 986 3244 1039 Domini
3288 1004 3505 1042 SCI’HCII-

1929 1071 1996 1124 tia
2029 1091 2042 1130 :
2086 1093 2102 1124 ι
2146 1072 2274 1126 Dico
2301 1074 2475 1140 vobis,
2512 1077 2791 1129 descendit
2827 1079 2911 1131 hic
2937 1079 3271 1146 justilicatus
3304 1081 3356 1134 in
3401 1081 3503 1135 do-

1929 1181 2073 1218 mum
2111 1181 2265 1219 suam
2315 1169 2434 1232 plus
2469 1183 2628 1236 quam
2693 1169 2803 1223 ille.
2857 1171 3046 1224 Omnis
3103 1175 3244 1226 enim
3303 1176 3393 1243 qui
3442 1191 3500 1230 se

1921 1259 2144 1324 exaltat,
2193 1260 2595 1323 humiltabitur,
2628 1271 2678 1313 et
2706 1262 2796 1329 qui
2824 1278 2879 1315 se
2915 1264 3182 1329 humiliat,
3237 1268 3498 1320 exaltabi-

1925 1363 2010 1404 tur
2045 1350 2209 1419 (Ibid.
2273 1355 2383 1421 H).
2423 1375 2440 1406 ι
2482 1356 2729 1420 Apes-loli
2786 1357 3164 1420 humiliantur,
3233 1373 3290 1412 nt
3351 1364 3499 1413 exalo

1924 1452 2121 1497 tentur.
2162 1445 2424 1513 Discipuli
2458 1449 2532 1500 tui
2567 1452 2872 1515 elevantur,
2899 1460 2956 1503 ut
2989 1462 3269 1506 corruant.
3308 1452 3495 1507 Eidem

1920 1535 2150 1588 adulans
2187 1535 2362 1589 vidua:
2424 1553 2529 1590 non
2583 1541 2863 1595 erubescis
2924 1543 3105 1594 dicere
3162 1545 3494 1610 pietatem‘,

1919 1642 2040 1696 qua:
2105 1644 2376 1697 nusquam
2443 1632 2751 1698 reperiatur
2787 1634 2836 1686 iu
2885 1641 3049 1698 terra,
3103 1646 3149 1687 et
3187 1639 3492 1700 veritatem,

1919 1735 2039 1786 qua:
2063 1720 2263 1788 ubique
2306 1725 2588 1792 peregrina
2617 1725 2705 1786 sit,
2745 1725 2794 1777 in
2831 1725 2917 1778 illa
2971 1728 3315 1792 potissimum
3347 1745 3493 1781 rom-

1918 1811 2141 1875 morari,
2186 1827 2282 1865 nec
2313 1816 2613 1867 recordaris
2645 1817 2786 1868 illius
2824 1823 3101 1870 sententia:
3140 1834 3155 1873 ζ
3192 1837 3212 1870 ι
3256 1818 3493 1888 Populus

1915 1917 2088 1966 meus,
2123 1906 2213 1971 qui
2268 1909 2483 1958 beatum
2529 1920 2579 1960 te
2626 1908 2842 1970 dicunt,
2899 1909 3170 1963 seducunt
3213 1923 3284 1975 te,
3313 1921 3366 1964 et
3405 1930 3493 1966 se-

1917 1993 2076 2046 mitas
2115 1994 2310 2061 pedum
2352 2003 2564 2046 tuorum
2596 1996 2946 2064 supplantant
2985 1998 3128 2067 (lsa.
3183 2016 3236 2052 ιιι
3268 2040 3279 2060 .
3322 2002 3434 2069 12),
3469 2022 3486 2053 ι

1914 2082 2216 2150 laudasque
2268 2099 2386 2138 eam
2447 2085 2672 2139 vocibus
2706 2099 2765 2142 et
2810 2088 3015 2144 dicis':
3057 2090 3143 2146 «Ο
3177 2101 3228 2145 te
3277 2092 3490 2146 felicem

1914 2174 2166 2237 nimium,
2204 2190 2236 2228 ο
2269 2175 2504 2240 beatam,
2549 2177 2595 2231 si
2652 2179 2860 2248 jnsdtia
2887 2195 3008 2248 quae
3042 2196 3162 2235 esse
3215 2183 3324 2251 jam
3381 2199 3487 2236 non

1917 2266 2017 2319 nisi
2053 2266 2104 2319 in
2144 2266 2281 2320 C(L‘IO
2306 2270 2572 2330 creditur,
2617 2270 2758 2339 apud
2785 2278 2835 2323 te
2867 2269 3038 2324 solam
3105 2272 3486 2327 inveniaturin

1915 2357 2075 2412 terris
2146 2358 2158 2410 l
2203 2376 2221 2412 ι
2263 2357 2468 2415 Docere
2500 2362 2725 2423 esthoc,
2753 2377 2819 2414 an
2848 2362 3145 2416 occidere?
3190 2363 3392 2419 Levare
3422 2365 3490 2421 de

1915 2460 2080 2514 terra,
2111 2467 2176 2504 an
2211 2453 2557 2520 pra3cipitare
2591 2453 2661 2506 de
2694 2455 2857 2516 coelo,
2922 2455 2970 2507 id
3013 2457 3348 2510 muliercula:
3394 2459 3490 2513 tri-

1913 2541 2098 2604 buere,
2125 2542 2269 2611 quod
2304 2544 2478 2612 angeli
2513 2562 2616 2599 non
2669 2554 2907 2600 audeant
2940 2550 3254 2617 usurpare?
3302 2549 3358 2604 Si
3385 2566 3489 2605 au-

1913 2643 2017 2688 tem
2053 2635 2245 2704 pietas,
2289 2638 2492 2692 veritas
2536 2648 2698 2708 atque
2723 2641 2930 2709 justitia
2973 2656 3081 2695 non
3136 2643 3488 2698 inveniuntur

1914 2727 1966 2780 in
2003 2729 2185 2790 terris,
2222 2729 2324 2782 nisi
2361 2730 2412 2783 in
2446 2746 2551 2783 una
2592 2733 2840 2799 muliere,
2869 2734 2958 2787 ubi
3002 2745 3161 2787 erunt
3200 2735 3326 2803 justi
3381 2737 3486 2800 tui,

1911 2833 2046 2886 quos
2078 2820 2282 2887 absque
2319 2831 2538 2889 peccato
2566 2822 2620 2875 in
2659 2823 2819 2877 terris
2874 2840 2994 2879 esse
3034 2826 3278 2890 iactabas
3305 2826 3327 2879 ?
3355 2825 3487 2892 Quae

1911 2911 2014 2961 duo
2067 2911 2298 2976 capitula
2343 2911 2609 2965 orationis
2665 2923 2718 2967 et
2772 2915 2947 2967 laudis
2999 2916 3138 2969 soles
3199 2933 3320 2978 cur.
3375 2920 3486 2971 tuis

1907 3002 2096 3072 jurare
2129 3004 2414 3071 discipulis
2454 3020 2563 3056 non
2603 3020 2724 3058 esse
2785 3018 2894 3064 tua.
2938 3023 3060 3060 cum
3098 3010 3383 3078 perspicue
3429 3011 3481 3064 in

1910 3098 1990 3148 eis
2021 3094 2141 3163 styli
2184 3095 2261 3147 tui
2314 3096 2573 3163 splendor
2630 3098 2864 3161 eluceat,
2902 3099 3067 3167 802
3105 3109 3156 3152 et
3203 3108 3353 3154 tanta
3413 3105 3486 3156 sit

223 3192 406 3243 statim
437 3192 506 3243 de
562 3187 770 3244 Christi
817 3187 967 3244 fonte
1021 3190 1361 3259 procedunt?
1394 3189 1461 3242 Et
1515 3199 1693 3244 tamen
1716 3191 1804 3260 ju-
1835 3213 1879 3270 ο
1913 3194 2172 3238 venustas
2200 3185 2400 3254 eloquii
2466 3186 2724 3250 Tulliani,
2761 3196 2818 3239 nt
2864 3191 3169 3243 testudineo
3225 3192 3484 3248 incedens

221 3285 423 3337 bentur
452 3282 637 3336 dicere
676 3300 690 3335 :
727 3300 746 3333 ι
776 3282 998 3337 Dimitte
1021 3285 1180 3338 nobis
1210 3282 1389 3337 debita
1423 3295 1633 3349 nostra,
1665 3285 1810 3338 sicut

218 3380 270 3426 et
291 3386 394 3425 nos
452 3373 779 3426 dimittimus
817 3373 1162 3428 debit0ribus
1200 3375 1445 3436 nostris;
1484 3394 1503 3426 ι
1557 3392 1665 3451 non
1705 3379 1809 3431 Ιιιι-

221 3462 481 3516 militatis
519 3463 820 3525 mendacio,
848 3472 906 3517 ut
941 3474 995 3518 tu
1029 3464 1428 3532 interpretaris,
1453 3467 1546 3520 sed
1603 3483 1806 3537 pavore

217 3550 541 3620 fragilitatis
600 3553 849 3605 humanre
892 3566 1046 3606 suam
1088 3555 1481 3606 conscientiam
1513 3553 1808 3607 formidan-

221 3643 311 3696 tis.
343 3641 430 3696 Illi
462 3642 660 3696 dicunt
687 3657 703 3702 :
749 3661 767 3694 ι
800 3642 881 3695 Ne
915 3657 1012 3697 uos
1035 3642 1262 3698 inducas
1291 3644 1344 3697 in
1371 3645 1742 3709 tentationem,
1781 3662 1801 3696 ι

218 3743 274 3789 ιιι
309 3751 442 3790 cum
468 3735 760 3790 Joviniano
796 3736 1059 3806 loqueris,
1101 3752 1196 3792 eos
1212 3739 1304 3807 qui
1334 3737 1489 3805 plena
1516 3738 1674 3808 801
1705 3739 1807 3792 fide

221 3831 501 3902 baptisma
572 3833 846 3887 consecuti
904 3841 1056 3897 sunt,
1121 3832 1320 3887 tentari
1383 3835 1523 3887 ultra
1583 3844 1636 3888 et
1685 3849 1806 3902 pec-

217 3935 343 3978 care
377 3937 491 3976 non
546 3937 725 3992 posse.
783 3922 865 3976 Ad
920 3931 1226 3978 extremum
1289 3924 1570 3977 inferunt:
1631 3943 1648 3976 ι
1697 3925 1802 3980 Sed

218 4012 531 4067 libera-nos
569 4029 596 4066 ε
636 4013 796 4066 malo.
827 4030 846 4063 ι
910 4013 1050 4079 Quid
1093 4024 1392 4080 precantur
1455 4031 1486 4069 a
1548 4015 1798 4082 Domino,

218 4105 363 4173 quod
392 4106 604 4159 habent
632 4105 686 4158 in
727 4105 883 4159 liberi
916 4107 1129 4160 arbitrii
1184 4107 1488 4176 potestate?
1523 4107 1567 4162 Ο
1616 4110 1801 4176 homo,

218 4212 366 4251 nunc
399 4196 648 4250 mundus
682 4196 858 4250 factus
887 4211 946 4251 es
973 4197 1024 4249 in
1049 4196 1291 4260 lavacro,
1316 4209 1370 4253 et
1396 4197 1464 4251 de
1487 4205 1537 4250 te
1569 4197 1800 4258 dicitur:

219 4304 237 4337 ι
275 4285 414 4352 Quae
447 4294 536 4339 est
591 4285 716 4346 ista,
758 4300 879 4354 qua:
932 4285 1178 4339 ascendit
1232 4285 1504 4350 dealbata,
1562 4287 1801 4343 innitens

214 4392 378 4446 super
418 4376 732 4429 fratruelem
769 4391 924 4429 suum
972 4375 1148 4444 (Cant.
1192 4394 1309 4441 vui,
1340 4377 1469 4447 5):?
1531 4397 1550 4426 ι
1585 4391 1642 4432 ιιι
1691 4381 1796 4435 lota

214 4471 443 4540 quidem
484 4469 579 4534 sit,
612 4469 704 4523 sed
742 4470 1020 4523 custodire
1091 4485 1195 4524 non
1253 4473 1424 4524 valeat
1482 4474 1792 4541 puritatem,

1915 3277 2105 3344 gradu,
2146 3290 2264 3344 quae
2295 3284 2505 3330 secreto
2545 3277 2728 3338 doces,
2763 3279 3045 3346 mittisque
3087 3282 3318 3345 venalia,
3377 3299 3478 3350 pu-

1915 3369 2053 3422 blice
2085 3385 2189 3421 non
2213 3367 2414 3424 audeas
2450 3370 2686 3438 profiteri
2721 3371 2822 3438 (at.
2865 3371 3144 3440 proferri).
3177 3373 3219 3427 Ο
3253 3383 3303 3427 te
3357 3374 3474 3428 feli-

1912 3475 2053 3523 cem,
2096 3460 2252 3526 cujus
2286 3475 2480 3526 praeter
2510 3461 2809 3529 discipulos
2869 3476 3028 3515 neruo
3087 3463 3381 3516 conscribit
3419 3464 3484 3516 li-

1915 3554 2064 3608 bros.
2121 3562 2180 3604 ut
2216 3550 2480 3620 quidquid
2526 3550 2726 3604 videris
2774 3551 3102 3618 displicere,
3145 3569 3249 3605 non
3305 3563 3477 3620 tnmn,

1911 3642 2007 3696 sed
2037 3642 2274 3696 alienum
2309 3657 2428 3696 esse
2458 3641 2778 3696 contendas.
2828 3642 2888 3696 Et
2938 3642 3060 3712 quis
3091 3643 3177 3696 itle
3209 3645 3340 3697 tanti
3376 3647 3480 3699 erit

1911 3734 2132 3804 ingenii,
2165 3743 2222 3787 ut
2267 3735 2502 3802 leporem
2540 3735 2618 3788 tui
2682 3735 2952 3788 sermonis
3011 3735 3183 3803 possit
3236 3734 3479 3788 imitari?

1983 3827 2068 3878 Π.
2107 3824 2374 3889 Quomodo
2399 3826 2627 3894 infantes
2655 3827 2765 3878 sine
2795 3835 3002 3894 percato
3029 3829 3155 3878 sint.
3184 3857 3249 3865 —
3268 3827 3329 3879 C.
3359 3826 3476 3880 Non

1908 3932 2126 3987 possum
2173 3917 2310 3970 ultra
2345 3915 2796 3971 diﬂ‘errezomnis
2825 3917 3061 3969 vincitur
3105 3916 3361 3984 patientia
3390 3935 3477 3972 ve-

1906 4021 2141 4063 strorum
2176 4008 2460 4078 iniquitate
2485 4009 2793 4062 verborum.
2817 4007 2924 4062 Oro
2950 4019 3020 4072 te,
3050 4010 3178 4077 quid
3221 4010 3472 4063 infantuli

1905 4099 2234 4172 peccavere?
2257 4117 2359 4155 nec
2380 4101 2713 4155 conscientia
2747 4102 2829 4154 eis
2857 4101 3038 4153 delicti
3085 4102 3338 4166 imputari
3379 4118 3473 4170 po-

1905 4203 2006 4248 teSt
2043 4207 2141 4246 nec
2181 4192 2507 4261 ignorantia,
2547 4192 2639 4260 qui
2689 4193 2840 4258 juxta
2889 4193 3081 4246 JOnam
3147 4193 3467 4260 prephetam

1904 4300 2118 4340 manum
2157 4285 2434 4338 dexteram
2482 4284 2734 4337 nesciunt
2761 4295 2813 4336 et
2837 4283 3112 4337 siniStram
3148 4283 3286 4350 (Jan.
3323 4285 3473 4354 ult.).

1902 4378 2134 4432 Peccare
2168 4391 2275 4429 non
2310 4382 2555 4444 possunt,
2576 4383 2629 4426 et
2657 4383 2882 4442 possunt
2932 4374 3148 4442 perire;
3187 4391 3360 4443 genua
3396 4380 3470 4427 la-

1905 4470 2055 4533 bant,
2096 4467 2308 4535 vagitus
2335 4465 2492 4517 verba
2544 4477 2649 4516 non
2687 4462 2976 4530 expiatam,
3019 4463 3324 4516 baibutirus
3367 4467 3470 4517 lii.-

213 4561 316 4615 nisi
355 4576 385 4613 a
448 4560 680 4614 Domino
738 4559 850 4613 Deo
910 4569 1271 4614 sustentetur.
1313 4559 1601 4627 Quomodo
1639 4565 1792 4632 cupis
1826 4543 1869 4596 Ῑ)
1899 4575 2000 4628 gua
2032 4557 2242 4611 ridetur
2273 4556 2313 4618 ⁸,
2352 4564 2402 4608 et
2437 4562 2651 4608 aeternae
2686 4552 2916 4604 miseriae
2948 4553 3220 4604 cruciatus
3257 4555 3418 4605 miser
3442 4569 3472 4606 ς

214 4651 305 4706 Dei
338 4650 726 4707 misericordia
748 4650 989 4714 liberari,
1024 4651 1114 4720 qui
1178 4652 1338 4720 paqu
1377 4663 1502 4707 ante
1531 4653 1792 4709 liberatus

212 4763 268 4801 es
291 4762 319 4800 ει
357 4745 604 4815 peccatis
625 4782 639 4807 ,
671 4743 775 4798 nisi
809 4743 909 4796 hac
934 4743 1145 4798 ratione
1177 4759 1281 4813 qua
1311 4744 1565 4808 diximus,
1588 4756 1644 4799 ut
1668 4764 1789 4801 cum

211 4842 402 4893 omnia
446 4837 758 4901 fecerimus,
787 4850 882 4889 nos
913 4835 1127 4890 inutiles
1150 4849 1272 4891 esse
1304 4835 1617 4891 fateamur?

209 4975 422 5042 quibus
458 4971 550 5024 alii
584 4973 787 5043 passim
836 4981 1138 5043 consonant
1186 4971 1394 5028 Patres.
1429 4971 1788 5043 Hieronymus

207 5041 381 5112 ip~am
428 5043 552 5108 ejus
583 5042 847 5112 orationis
874 5041 1243 5112 prazfationem
1279 5043 1366 5095 hic
1421 5041 1646 5107 indicat,
1681 5059 1787 5111 qua

211 5111 259 5166 in
330 5116 615 5182 plerisque
658 5111 909 5164 omnibus
965 5111 1196 5182 lirnrgiis
1238 5112 1490 5166 sacerdos
1535 5127 1593 5165 se
1653 5115 1791 5166 indi-

210 5181 375 5251 gu'nu
407 5182 724 5251 confitetur,
751 5183 893 5251 quod
941 5181 1136 5251 audeat
1168 5181 1334 5251 Deum
1398 5182 1609 5234 Patrem
1629 5197 1787 5251 com-

207 5248 434 5323 p-Ellare.
461 5249 586 5323 Viti.
611 5252 760 5303 card.
799 5249 964 5323 Bona,
993 5248 1183 5302 Rerum
1219 5250 1537 5323 Liturgicar.
1585 5250 1677 5303 lib.
1723 5266 1782 5313 ιι,

218 5319 340 5389 cap.
387 5324 484 5377 15.
523 5320 790 5372 Cazternm
846 5321 1087 5373 solemne
1142 5329 1225 5372 est
1263 5319 1532 5381 Patrthus,
1563 5329 1616 5372 et
1653 5335 1785 5386 pra:-

215 5410 381 5459 (η.υο
456 5390 764 5457 Augustino
804 5399 990 5441 contra
1048 5389 1365 5459 Pelagianos
1414 5407 1477 5443 ex
1545 5391 1785 5443 oratione

208 5464 494 5516 υυιιιόιιῖειι
534 5460 926 5525 :tt‘gtttltettlati.

278 5537 292 5564 ⁸
321 5533 564 5585 δίιιίιιιιὲἓ
586 5529 814 5590 scilicet.
842 5539 894 5579 ut
936 5543 1098 5597 supra
1135 5526 1790 5593 adnotamus,Demetrio-

205 5605 289 5658 dis
323 5604 514 5654 matri.
540 5600 605 5651 ad
639 5613 800 5666 quam
834 5601 1124 5666 scripserat
1170 5600 1441 5665 Pelagius,
1502 5608 1559 5652 ut
1629 5601 1784 5654 docet

207 5673 412 5724 Multus
475 5669 821 5721 Mercatortn
878 5671 1305 5720 Cumniouitorio
1349 5683 1512 5736 super
1570 5673 1786 5723 nomine

203 5746 417 5795 cagtesti
449 5759 463 5792 :
506 5758 523 5790 ι
554 5737 793 5805 Denique
856 5739 1066 5790 libellus
1093 5751 1174 5792 εει
1205 5740 1322 5805 ejus
1350 5738 1592 5807 (Pelagii)
1626 5755 1782 5805 quem

208 5814 483 5864 habt-nius
539 5827 592 5861 ιιι
637 5810 918 5872 inanibus,
983 5807 1047 5860 ad
1081 5809 1370 5875 quamdam
1426 5807 1718 5860 L=v.aninm.
1758 5826 1776 5859 ι

206 5883 276 5934 ιιι
313 5884 523 5933 ιοιωίι
551 5896 644 5950 pro
672 5875 909 5944 JuL'nnn,
933 5881 1012 5933 vel
1042 5894 1095 5932 ut
1129 5880 1410 5932 consilium
1472 5897 1626 5931 suum
1677 5895 1770 5933 0c-

1900 4657 2299 4717 pra‘parantur.
2325 4643 2389 4698 Α.
2418 4642 2498 4696 Ah
2527 4641 2540 4693 l
2573 4643 2795 4694 nimium
2827 4641 3060 4693 disertus
3086 4657 3206 4694 esse
3229 4644 3464 4709 rtepisti,

1895 4751 2082 4792 utnon
2118 4735 2293 4791 dicam
2327 4735 2912 4803 eloquens,postquam
2943 4731 3192 4799 discipuli
3217 4734 3291 4784 tni
3330 4735 3464 4786 versi

1895 4840 2022 4885 sunt
2079 4830 2132 4882 in
2188 4827 2496 4895 magistros.
2542 4824 2808 4878 Antonius
2858 4832 3043 4876 orator
3091 4825 3357 4892 egregius,
3407 4825 3460 4878 in

1893 4967 2146 5025 cultaret,
2172 4961 2251 5015 vel
2272 4961 2415 5031 quod
2446 4961 2582 5014 sicut
2609 4958 2811 5031 Juf'am
2837 4969 2901 5008 ac
2929 4957 3141 5031 Lit‘i-‘Jlfi_
3164 4958 3469 5031 promiscue

1895 5038 2005 5088 fere
2037 5028 2547 5091 tiicehaut'veteres,
2582 5031 2653 5080 ita
2691 5028 2911 5082 Liuam'a
2963 5039 3058 5094 pro
3111 5028 3334 5081 Julmua
3371 5048 3463 5078 sn-

1895 5108 2025 5158 leret
2051 5107 2177 5156 dici.
2210 5103 2471 5155 Castorum
2504 5101 2858 5162 Augustinus,
2897 5100 2957 5149 de
3010 5097 3176 5150 Custis
3238 5098 3463 5162 l’clngii,

1893 5176 1946 5228 id
1973 5175 2044 5227 illi
2081 5179 2131 5225 tn
2159 5172 2527 5237 Diospulitana
2560 5171 2765 5236 synodo
2801 5167 3069 5234 (iiijvcltltn
3106 5180 3290 5237 rc.et'l,
3317 5173 3459 5234 quod

1892 5247 2133 5296 scribens
2185 5242 2247 5293 ad
2291 5235 2532 5299 ividuam,
2566 5235 2862 5288 adulatorie
2891 5237 3118 5288 dixerit:
3155 5254 3171 5286 ι
3222 5235 3466 5289 inveniat

1889 5315 2028 5379 apud
2063 5323 2110 5364 te
2129 5313 2317 5379 pietas,
2352 5324 2764 5375 (ιιιδτιιιιςιιιιίιιι
2795 5308 2996 5379 iuri-nit
3048 5310 3245 5359 locum.
3305 5305 3460 5358 luve-

1891 5377 2222 5448 niatubiqne
2257 5382 2305 5432 in
2356 5382 2790 5446 peregrinatione
2844 5377 3024 5428 sedem
3057 5378 3297 5448 iustitia;
3370 5391 3457 5448 re.

1893 5457 2046 5510 ritas.
2082 5445 2241 5518 quam
2280 5445 2388 5518 jam
2429 5465 2584 5500 uento
2641 5450 2947 5518 cogno..cit,
3003 5447 3295 5518 domestica
3357 5445 3459 5497 tibi

1890 5537 1941 5574 et
1975 5515 2146 5573 amica
2189 5515 2317 5580 liat';
2354 5527 2405 5570 et
2451 5519 2526 5569 let
2570 5518 2682 5576 Dei,
2728 5533 2847 5583 quae
2902 5517 2969 5568 ab
3002 5515 3255 5567 omnibus
3289 5529 3461 5582 prope

1893 5593 2204 5651 hominibus
2241 5592 2627 5648 contemnitur,
2657 5603 2686 5639 a
2713 5599 2759 5637 te
2787 5586 2897 5639 sola
2935 5591 3247 5636 linnorctur.
3291 5604 3307 5634 ι

1960 5664 1977 5690 ¹
2018 5659 2166 5714 Unus
2205 5661 2319 5712 Vat.
2359 5656 2492 5709 Eum
2529 5659 2618 5709 ιλεά
2679 5657 2888 5708 vocibus
2934 5655 3143 5716 laudas,
3201 5663 3249 5706 et
3304 5654 3460 5716 dicis,

1950 5750 1992 5782 Γ.

1950 5750 1992 5782 l'.

1890 5744 1979 5832 el'
2015 5798 2181 5852 Vetus
2214 5799 2347 5852 edit.
2384 5799 2539 5859 ridet,
2567 5808 2676 5851 tum
2729 5794 2850 5849 Val.
2881 5805 2928 5850 rt
2963 5814 2990 5847 (ι
3011 5794 3144 5847 terni
3191 5793 3460 5848 erud/itus

1882 5875 2109 5936 miseris,
2133 5882 2236 5922 «εις.
