  <div class='ocr_page' id='page_1' title='image "/cluster/home/n/w/nwhite01/storage/ocr_20150623/23/hvd.32044012674545/319.png"; bbox 0 0 4198 6484; ppageno 0'>
   <div class='ocr_carea' id='block_1_1' title="bbox 703 422 807 489">
    <p class='ocr_par' dir='ltr' id='par_1_1' title="bbox 703 422 807 489">
     <span class='ocr_line' id='line_1_1' title="bbox 703 422 807 489; baseline 0.048 -5"><span class='ocrx_word' id='word_1_1' title='bbox 703 422 807 489; x_wconf 76' lang='grc'><strong>615</strong></span> 
     </span>
    </p>
   </div>
   <div class='ocr_carea' id='block_1_2' title="bbox 1636 395 3058 483">
    <p class='ocr_par' dir='ltr' id='par_1_2' title="bbox 1636 395 3058 483">
     <span class='ocr_line' id='line_1_2' title="bbox 1636 395 3058 483; baseline -0.006 -3"><span class='ocrx_word' id='word_1_2' title='bbox 1636 421 1734 483; x_wconf 81' lang='lat' dir='ltr'><strong>AD</strong></span> <span class='ocrx_word' id='word_1_3' title='bbox 1785 419 2191 482; x_wconf 70' lang='lat' dir='ltr'><strong>DlALOt‘iUM</strong></span> <span class='ocrx_word' id='word_1_4' title='bbox 2232 416 2535 479; x_wconf 80' lang='lat' dir='ltr'><strong>CONTRA</strong></span> <span class='ocrx_word' id='word_1_5' title='bbox 2572 395 3058 477; x_wconf 78' lang='lat' dir='ltr'><strong>PELAGIANOS</strong></span> 
     </span>
    </p>
   </div>
   <div class='ocr_carea' id='block_1_3' title="bbox 3880 401 3983 466">
    <p class='ocr_par' dir='ltr' id='par_1_3' title="bbox 3880 401 3983 466">
     <span class='ocr_line' id='line_1_3' title="bbox 3880 401 3983 466; baseline -0.039 0"><span class='ocrx_word' id='word_1_6' title='bbox 3880 401 3983 466; x_wconf 77' lang='lat'><strong>616</strong></span> 
     </span>
    </p>
   </div>
   <div class='ocr_carea' id='block_1_4' title="bbox 706 514 3954 603">
    <p class='ocr_par' dir='ltr' id='par_1_4' title="bbox 706 514 3954 603">
     <span class='ocr_line' id='line_1_4' title="bbox 706 514 3954 603; baseline -0.007 -13"><span class='ocrx_word' id='word_1_7' title='bbox 706 535 869 603; x_wconf 85' lang='lat' dir='ltr'><strong>cujus</strong></span> <span class='ocrx_word' id='word_1_8' title='bbox 896 530 1152 589; x_wconf 90' lang='lat' dir='ltr'><strong>laudibus</strong></span> <span class='ocrx_word' id='word_1_9' title='bbox 1175 528 1388 584; x_wconf 83' lang='lat' dir='ltr'><strong>Tullius</strong></span> <span class='ocrx_word' id='word_1_10' title='bbox 1415 537 1693 599; x_wconf 84' lang='lat' dir='ltr'><strong>pertonat,</strong></span> <span class='ocrx_word' id='word_1_11' title='bbox 1726 532 1959 587; x_wconf 77' lang='lat' dir='ltr'><strong>disertos</strong></span> <span class='ocrx_word' id='word_1_12' title='bbox 1999 544 2057 585; x_wconf 89' lang='lat' dir='ltr'><strong>se</strong></span> <span class='ocrx_word' id='word_1_13' title='bbox 2102 528 2179 583; x_wconf 89' lang='lat' dir='ltr'><strong>ait</strong></span> <span class='ocrx_word' id='word_1_14' title='bbox 2214 528 2297 582; x_wconf 69' lang='lat' dir='ltr'><strong>vi.</strong></span> <span class='ocrx_word' id='word_1_15' title='bbox 2328 542 2373 595; x_wconf 69' lang='grc' dir='ltr'>Α</span> <span class='ocrx_word' id='word_1_16' title='bbox 2403 526 2601 599; x_wconf 86' lang='lat' dir='ltr'><strong>gatns?</strong></span> <span class='ocrx_word' id='word_1_17' title='bbox 2636 526 2705 580; x_wconf 85' lang='grc' dir='ltr'><strong>Α.</strong></span> <span class='ocrx_word' id='word_1_18' title='bbox 2740 523 2822 580; x_wconf 86' lang='lat' dir='ltr'><strong>Me</strong></span> <span class='ocrx_word' id='word_1_19' title='bbox 2849 518 3205 591; x_wconf 72' lang='lat' dir='ltr'><strong>interrogas?</strong></span> <span class='ocrx_word' id='word_1_20' title='bbox 3246 514 3614 588; x_wconf 79' lang='lat' dir='ltr'><strong>Respondebit</strong></span> <span class='ocrx_word' id='word_1_21' title='bbox 3652 515 3751 570; x_wconf 91' lang='lat' dir='ltr'><strong>tibi</strong></span> <span class='ocrx_word' id='word_1_22' title='bbox 3814 530 3954 570; x_wconf 83' lang='lat' dir='ltr'><strong>evan</strong></span> 
     </span>
    </p>
   </div>
   <div class='ocr_carea' id='block_1_5' title="bbox 703 607 2291 695">
    <p class='ocr_par' dir='ltr' id='par_1_5' title="bbox 703 607 2291 695">
     <span class='ocr_line' id='line_1_5' title="bbox 703 607 2291 695; baseline -0.003 -15"><span class='ocrx_word' id='word_1_23' title='bbox 703 626 857 681; x_wconf 83' lang='lat' dir='ltr'><strong>disse</strong></span> <span class='ocrx_word' id='word_1_24' title='bbox 896 625 1119 690; x_wconf 89' lang='lat' dir='ltr'><strong>multos,</strong></span> <span class='ocrx_word' id='word_1_25' title='bbox 1176 624 1527 695; x_wconf 84' lang='lat' dir='ltr'><strong>eloquentem</strong></span> <span class='ocrx_word' id='word_1_26' title='bbox 1586 625 1765 680; x_wconf 89' lang='lat' dir='ltr'><strong>adhuc</strong></span> <span class='ocrx_word' id='word_1_27' title='bbox 1826 623 2122 678; x_wconf 84' lang='lat' dir='ltr'><strong>neminem.</strong></span> <span class='ocrx_word' id='word_1_28' title='bbox 2172 607 2291 676; x_wconf 81' lang='grc' dir='ltr'><strong>ΝοΙί</strong></span> 
     </span>
    </p>
   </div>
   <div class='ocr_carea' id='block_1_6' title="bbox 704 716 2292 786">
    <p class='ocr_par' dir='ltr' id='par_1_6' title="bbox 704 716 2292 786">
     <span class='ocr_line' id='line_1_6' title="bbox 704 716 2292 786; baseline -0.003 -12"><span class='ocrx_word' id='word_1_29' title='bbox 704 735 837 786; x_wconf 75' lang='lat' dir='ltr'><strong>ergo</strong></span> <span class='ocrx_word' id='word_1_30' title='bbox 862 718 995 772; x_wconf 86' lang='lat' dir='ltr'><strong>mihi</strong></span> <span class='ocrx_word' id='word_1_31' title='bbox 1024 726 1305 772; x_wconf 87' lang='lat' dir='ltr'><strong>oratorum</strong></span> <span class='ocrx_word' id='word_1_32' title='bbox 1378 727 1435 773; x_wconf 91' lang='lat' dir='ltr'><strong>et</strong></span> <span class='ocrx_word' id='word_1_33' title='bbox 1490 734 1595 773; x_wconf 89' lang='lat' dir='ltr'><strong>non</strong></span> <span class='ocrx_word' id='word_1_34' title='bbox 1640 720 1745 773; x_wconf 85' lang='lat' dir='ltr'><strong>tuis</strong></span> <span class='ocrx_word' id='word_1_35' title='bbox 1798 717 2025 771; x_wconf 80' lang='lat' dir='ltr'><strong>floribus</strong></span> <span class='ocrx_word' id='word_1_36' title='bbox 2083 716 2292 780; x_wconf 88' lang='lat' dir='ltr'><strong>ludere,</strong></span> 
     </span>
    </p>
   </div>
   <div class='ocr_carea' id='block_1_7' title="bbox 706 809 2296 882">
    <p class='ocr_par' dir='ltr' id='par_1_7' title="bbox 706 809 2296 882">
     <span class='ocr_line' id='line_1_7' title="bbox 706 809 2296 882; baseline -0.003 -15"><span class='ocrx_word' id='word_1_37' title='bbox 706 828 802 882; x_wconf 91' lang='lat' dir='ltr'><strong>per</strong></span> <span class='ocrx_word' id='word_1_38' title='bbox 824 825 963 880; x_wconf 91' lang='lat' dir='ltr'><strong>quos</strong></span> <span class='ocrx_word' id='word_1_39' title='bbox 987 810 1161 865; x_wconf 88' lang='lat' dir='ltr'><strong>solent</strong></span> <span class='ocrx_word' id='word_1_40' title='bbox 1197 809 1576 880; x_wconf 90' lang='lat' dir='ltr'><strong>imperitorum</strong></span> <span class='ocrx_word' id='word_1_41' title='bbox 1604 821 2098 879; x_wconf 83' lang='lat' dir='ltr'><strong>atquepueroruni</strong></span> <span class='ocrx_word' id='word_1_42' title='bbox 2136 820 2296 863; x_wconf 89' lang='lat' dir='ltr'><strong>aures</strong></span> 
     </span>
    </p>
   </div>
   <div class='ocr_carea' id='block_1_8' title="bbox 709 897 2293 970">
    <p class='ocr_par' dir='ltr' id='par_1_8' title="bbox 709 897 2293 970">
     <span class='ocr_line' id='line_1_8' title="bbox 709 897 2293 970; baseline -0.001 -17"><span class='ocrx_word' id='word_1_43' title='bbox 709 900 909 968; x_wconf 87' lang='lat' dir='ltr'><strong>decipi,</strong></span> <span class='ocrx_word' id='word_1_44' title='bbox 976 898 1071 954; x_wconf 78' lang='lat' dir='ltr'><strong>sed</strong></span> <span class='ocrx_word' id='word_1_45' title='bbox 1110 900 1429 970; x_wconf 78' lang='lat' dir='ltr'><strong>simpliciter</strong></span> <span class='ocrx_word' id='word_1_46' title='bbox 1463 900 1549 954; x_wconf 88' lang='lat' dir='ltr'><strong>dic</strong></span> <span class='ocrx_word' id='word_1_47' title='bbox 1594 899 1728 952; x_wconf 90' lang='lat' dir='ltr'><strong>mihi</strong></span> <span class='ocrx_word' id='word_1_48' title='bbox 1767 898 1897 969; x_wconf 90' lang='lat' dir='ltr'><strong>quid</strong></span> <span class='ocrx_word' id='word_1_49' title='bbox 1956 899 2183 955; x_wconf 86' lang='lat' dir='ltr'><strong>sentias.</strong></span> <span class='ocrx_word' id='word_1_50' title='bbox 2231 897 2293 954; x_wconf 88' lang='lat' dir='ltr'><strong>C.</strong></span> 
     </span>
    </p>
   </div>
   <div class='ocr_carea' id='block_1_9' title="bbox 705 990 2294 1060">
    <p class='ocr_par' dir='ltr' id='par_1_9' title="bbox 705 990 2294 1060">
     <span class='ocr_line' id='line_1_9' title="bbox 705 990 2294 1060; baseline 0 -15"><span class='ocrx_word' id='word_1_51' title='bbox 705 991 823 1047; x_wconf 82' lang='lat' dir='ltr'><strong>Hoc</strong></span> <span class='ocrx_word' id='word_1_52' title='bbox 852 993 994 1059; x_wconf 76' lang='lat' dir='ltr'><strong>dico,</strong></span> <span class='ocrx_word' id='word_1_53' title='bbox 1024 994 1294 1047; x_wconf 91' lang='lat' dir='ltr'><strong>concedas</strong></span> <span class='ocrx_word' id='word_1_54' title='bbox 1334 990 1469 1045; x_wconf 85' lang='lat' dir='ltr'><strong>mihi</strong></span> <span class='ocrx_word' id='word_1_55' title='bbox 1498 992 1695 1045; x_wconf 84' lang='lat' dir='ltr'><strong>saltem</strong></span> <span class='ocrx_word' id='word_1_56' title='bbox 1730 1005 1828 1046; x_wconf 88' lang='lat' dir='ltr'><strong>eos</strong></span> <span class='ocrx_word' id='word_1_57' title='bbox 1868 1006 1990 1046; x_wconf 89' lang='lat' dir='ltr'><strong>esse</strong></span> <span class='ocrx_word' id='word_1_58' title='bbox 2018 992 2135 1046; x_wconf 84' lang='lat' dir='ltr'><strong>sine</strong></span> <span class='ocrx_word' id='word_1_59' title='bbox 2167 1004 2294 1060; x_wconf 87' lang='lat' dir='ltr'><strong>pec-</strong></span> 
     </span>
    </p>
   </div>
   <div class='ocr_carea' id='block_1_10' title="bbox 704 1082 2293 1155">
    <p class='ocr_par' dir='ltr' id='par_1_10' title="bbox 704 1082 2293 1155">
     <span class='ocr_line' id='line_1_10' title="bbox 704 1082 2293 1155; baseline -0.001 -17"><span class='ocrx_word' id='word_1_60' title='bbox 704 1095 852 1153; x_wconf 90' lang='lat' dir='ltr'><strong>cato,</strong></span> <span class='ocrx_word' id='word_1_61' title='bbox 886 1086 977 1155; x_wconf 89' lang='lat' dir='ltr'><strong>qui</strong></span> <span class='ocrx_word' id='word_1_62' title='bbox 1016 1098 1242 1153; x_wconf 84' lang='lat' dir='ltr'><strong>peccare</strong></span> <span class='ocrx_word' id='word_1_63' title='bbox 1266 1098 1373 1137; x_wconf 90' lang='lat' dir='ltr'><strong>non</strong></span> <span class='ocrx_word' id='word_1_64' title='bbox 1406 1092 1655 1154; x_wconf 80' lang='lat' dir='ltr'><strong>possunt.</strong></span> <span class='ocrx_word' id='word_1_65' title='bbox 1704 1083 1772 1139; x_wconf 84' lang='grc' dir='ltr'><strong>Α.</strong></span> <span class='ocrx_word' id='word_1_66' title='bbox 1806 1084 2118 1139; x_wconf 84' lang='lat' dir='ltr'><strong>Concedam</strong></span> <span class='ocrx_word' id='word_1_67' title='bbox 2162 1082 2207 1137; x_wconf 90' lang='lat' dir='ltr'><strong>si</strong></span> <span class='ocrx_word' id='word_1_68' title='bbox 2242 1083 2293 1137; x_wconf 84' lang='lat' dir='ltr'><strong>in</strong></span> 
     </span>
    </p>
   </div>
   <div class='ocr_carea' id='block_1_11' title="bbox 705 1178 2298 1249">
    <p class='ocr_par' dir='ltr' id='par_1_11' title="bbox 705 1178 2298 1249">
     <span class='ocr_line' id='line_1_11' title="bbox 705 1178 2298 1249; baseline -0.001 -14"><span class='ocrx_word' id='word_1_69' title='bbox 705 1178 926 1235; x_wconf 76' lang='lat' dir='ltr'><strong>Clu-isto</strong></span> <span class='ocrx_word' id='word_1_70' title='bbox 950 1178 1156 1234; x_wconf 85' lang='lat' dir='ltr'><strong>fuerint</strong></span> <span class='ocrx_word' id='word_1_71' title='bbox 1194 1178 1477 1249; x_wconf 79' lang='lat' dir='ltr'><strong>baptizati,</strong></span> <span class='ocrx_word' id='word_1_72' title='bbox 1537 1193 1637 1235; x_wconf 90' lang='lat' dir='ltr'><strong>nec</strong></span> <span class='ocrx_word' id='word_1_73' title='bbox 1692 1180 1882 1233; x_wconf 70' lang='lat' dir='ltr'><strong>illico‘</strong></span> <span class='ocrx_word' id='word_1_74' title='bbox 1948 1194 2034 1233; x_wconf 88' lang='lat' dir='ltr'><strong>uie</strong></span> <span class='ocrx_word' id='word_1_75' title='bbox 2085 1178 2298 1234; x_wconf 81' lang='lat' dir='ltr'><strong>tenebis</strong></span> 
     </span>
    </p>
   </div>
   <div class='ocr_carea' id='block_1_12' title="bbox 706 1271 2295 1342">
    <p class='ocr_par' dir='ltr' id='par_1_12' title="bbox 706 1271 2295 1342">
     <span class='ocr_line' id='line_1_12' title="bbox 706 1271 2295 1342; baseline -0.001 -14"><span class='ocrx_word' id='word_1_76' title='bbox 706 1273 763 1328; x_wconf 91' lang='lat' dir='ltr'><strong>in</strong></span> <span class='ocrx_word' id='word_1_77' title='bbox 803 1288 1089 1328; x_wconf 86' lang='lat' dir='ltr'><strong>assensum</strong></span> <span class='ocrx_word' id='word_1_78' title='bbox 1123 1274 1411 1327; x_wconf 71' lang='lat' dir='ltr'><strong>sententia:</strong></span> <span class='ocrx_word' id='word_1_79' title='bbox 1466 1282 1589 1335; x_wconf 79' lang='lat' dir='ltr'><strong>tuae,</strong></span> <span class='ocrx_word' id='word_1_80' title='bbox 1625 1288 1732 1342; x_wconf 91' lang='lat' dir='ltr'><strong>qua</strong></span> <span class='ocrx_word' id='word_1_81' title='bbox 1778 1271 1966 1326; x_wconf 77' lang='lat' dir='ltr'><strong>dixisti</strong></span> <span class='ocrx_word' id='word_1_82' title='bbox 2001 1286 2163 1341; x_wconf 83' lang='lat' dir='ltr'><strong>posse</strong></span> <span class='ocrx_word' id='word_1_83' title='bbox 2194 1272 2295 1326; x_wconf 57' lang='lat' dir='ltr'><strong>hoc</strong></span> 
     </span>
    </p>
   </div>
   <div class='ocr_carea' id='block_1_13' title="bbox 706 1363 2297 1436">
    <p class='ocr_par' dir='ltr' id='par_1_13' title="bbox 706 1363 2297 1436">
     <span class='ocr_line' id='line_1_13' title="bbox 706 1363 2297 1436; baseline -0.002 -15"><span class='ocrx_word' id='word_1_84' title='bbox 706 1368 912 1423; x_wconf 86' lang='lat' dir='ltr'><strong>minem</strong></span> <span class='ocrx_word' id='word_1_85' title='bbox 950 1367 1071 1422; x_wconf 87' lang='lat' dir='ltr'><strong>sine</strong></span> <span class='ocrx_word' id='word_1_86' title='bbox 1134 1375 1358 1436; x_wconf 79' lang='lat' dir='ltr'><strong>peccato</strong></span> <span class='ocrx_word' id='word_1_87' title='bbox 1390 1378 1513 1418; x_wconf 88' lang='lat' dir='ltr'><strong>esse</strong></span> <span class='ocrx_word' id='word_1_88' title='bbox 1540 1366 1587 1418; x_wconf 81' lang='lat' dir='ltr'><strong>si</strong></span> <span class='ocrx_word' id='word_1_89' title='bbox 1649 1363 1816 1422; x_wconf 80' lang='lat' dir='ltr'><strong>velit:</strong></span> <span class='ocrx_word' id='word_1_90' title='bbox 1850 1363 1942 1419; x_wconf 89' lang='lat' dir='ltr'><strong>isti</strong></span> <span class='ocrx_word' id='word_1_91' title='bbox 1996 1365 2142 1418; x_wconf 89' lang='lat' dir='ltr'><strong>enim</strong></span> <span class='ocrx_word' id='word_1_92' title='bbox 2196 1379 2297 1418; x_wconf 79' lang='lat' dir='ltr'><strong>nec</strong></span> 
     </span>
    </p>
   </div>
   <div class='ocr_carea' id='block_1_14' title="bbox 706 1456 2296 1530">
    <p class='ocr_par' dir='ltr' id='par_1_14' title="bbox 706 1456 2296 1530">
     <span class='ocr_line' id='line_1_14' title="bbox 706 1456 2296 1530; baseline -0.003 -16"><span class='ocrx_word' id='word_1_93' title='bbox 706 1468 961 1530; x_wconf 86' lang='lat' dir='ltr'><strong>possunt,</strong></span> <span class='ocrx_word' id='word_1_94' title='bbox 985 1473 1082 1513; x_wconf 89' lang='lat' dir='ltr'><strong>nec</strong></span> <span class='ocrx_word' id='word_1_95' title='bbox 1117 1462 1309 1513; x_wconf 83' lang='lat' dir='ltr'><strong>volunt</strong></span> <span class='ocrx_word' id='word_1_96' title='bbox 1338 1472 1354 1511; x_wconf 88' lang='lat'><strong>:</strong></span> <span class='ocrx_word' id='word_1_97' title='bbox 1386 1456 1481 1511; x_wconf 87' lang='lat' dir='ltr'><strong>sed</strong></span> <span class='ocrx_word' id='word_1_98' title='bbox 1520 1458 1640 1512; x_wconf 87' lang='lat' dir='ltr'><strong>sine</strong></span> <span class='ocrx_word' id='word_1_99' title='bbox 1683 1456 1793 1511; x_wconf 93' lang='lat' dir='ltr'><strong>ullo</strong></span> <span class='ocrx_word' id='word_1_100' title='bbox 1826 1464 2048 1525; x_wconf 89' lang='lat' dir='ltr'><strong>peccato</strong></span> <span class='ocrx_word' id='word_1_101' title='bbox 2079 1472 2174 1527; x_wconf 90' lang='lat' dir='ltr'><strong>per</strong></span> <span class='ocrx_word' id='word_1_102' title='bbox 2200 1457 2296 1511; x_wconf 89' lang='lat' dir='ltr'><strong>Dei</strong></span> 
     </span>
    </p>
   </div>
   <div class='ocr_carea' id='block_1_15' title="bbox 710 1549 2292 1625">
    <p class='ocr_par' dir='ltr' id='par_1_15' title="bbox 710 1549 2292 1625">
     <span class='ocr_line' id='line_1_15' title="bbox 710 1549 2292 1625; baseline -0.002 -18"><span class='ocrx_word' id='word_1_103' title='bbox 710 1554 943 1625; x_wconf 76' lang='lat' dir='ltr'><strong>gratiam</strong></span> <span class='ocrx_word' id='word_1_104' title='bbox 976 1560 1128 1616; x_wconf 89' lang='lat' dir='ltr'><strong>sunt,</strong></span> <span class='ocrx_word' id='word_1_105' title='bbox 1162 1566 1326 1620; x_wconf 89' lang='lat' dir='ltr'><strong>quam</strong></span> <span class='ocrx_word' id='word_1_106' title='bbox 1371 1552 1423 1604; x_wconf 91' lang='lat' dir='ltr'><strong>in</strong></span> <span class='ocrx_word' id='word_1_107' title='bbox 1462 1551 1736 1620; x_wconf 90' lang='lat' dir='ltr'><strong>baptismo</strong></span> <span class='ocrx_word' id='word_1_108' title='bbox 1796 1559 2181 1620; x_wconf 88' lang='lat' dir='ltr'><strong>susceperunt.</strong></span> <span class='ocrx_word' id='word_1_109' title='bbox 2230 1549 2292 1604; x_wconf 90' lang='lat' dir='ltr'><strong>C.</strong></span> 
     </span>
    </p>
   </div>
   <div class='ocr_carea' id='block_1_16' title="bbox 712 1642 2295 1713">
    <p class='ocr_par' dir='ltr' id='par_1_16' title="bbox 712 1642 2295 1713">
     <span class='ocr_line' id='line_1_16' title="bbox 712 1642 2295 1713; baseline 0 -15"><span class='ocrx_word' id='word_1_110' title='bbox 712 1643 877 1713; x_wconf 87' lang='lat' dir='ltr'><strong>Cogis</strong></span> <span class='ocrx_word' id='word_1_111' title='bbox 914 1660 1021 1708; x_wconf 89' lang='lat' dir='ltr'><strong>me,</strong></span> <span class='ocrx_word' id='word_1_112' title='bbox 1046 1652 1107 1698; x_wconf 93' lang='lat' dir='ltr'><strong>ut</strong></span> <span class='ocrx_word' id='word_1_113' title='bbox 1140 1646 1205 1697; x_wconf 89' lang='lat' dir='ltr'><strong>ad</strong></span> <span class='ocrx_word' id='word_1_114' title='bbox 1235 1642 1563 1697; x_wconf 82' lang='lat' dir='ltr'><strong>invidiosum</strong></span> <span class='ocrx_word' id='word_1_115' title='bbox 1591 1642 1719 1695; x_wconf 82' lang='lat' dir='ltr'><strong>illud</strong></span> <span class='ocrx_word' id='word_1_116' title='bbox 1768 1644 1999 1708; x_wconf 83' lang='lat' dir='ltr'><strong>veniam,</strong></span> <span class='ocrx_word' id='word_1_117' title='bbox 2042 1651 2096 1697; x_wconf 88' lang='lat' dir='ltr'><strong>et</strong></span> <span class='ocrx_word' id='word_1_118' title='bbox 2120 1644 2295 1698; x_wconf 88' lang='lat' dir='ltr'><strong>dicam</strong></span> 
     </span>
    </p>
   </div>
   <div class='ocr_carea' id='block_1_17' title="bbox 716 1733 2299 1803">
    <p class='ocr_par' dir='ltr' id='par_1_17' title="bbox 716 1733 2299 1803">
     <span class='ocr_line' id='line_1_17' title="bbox 716 1733 2299 1803; baseline -0.001 -14"><span class='ocrx_word' id='word_1_119' title='bbox 716 1735 816 1789; x_wconf 91' lang='lat' dir='ltr'><strong>tibi</strong></span> <span class='ocrx_word' id='word_1_120' title='bbox 845 1753 860 1790; x_wconf 89' lang='lat'><strong>:</strong></span> <span class='ocrx_word' id='word_1_121' title='bbox 896 1734 1038 1801; x_wconf 85' lang='lat' dir='ltr'><strong>Quid</strong></span> <span class='ocrx_word' id='word_1_122' title='bbox 1090 1735 1231 1789; x_wconf 87' lang='lat' dir='ltr'><strong>enim</strong></span> <span class='ocrx_word' id='word_1_123' title='bbox 1259 1733 1664 1803; x_wconf 84' lang='lat' dir='ltr'><strong>peccaverunt?</strong></span> <span class='ocrx_word' id='word_1_124' title='bbox 1704 1742 1763 1785; x_wconf 94' lang='lat' dir='ltr'><strong>ut</strong></span> <span class='ocrx_word' id='word_1_125' title='bbox 1792 1734 1975 1787; x_wconf 84' lang='lat' dir='ltr'><strong>statim</strong></span> <span class='ocrx_word' id='word_1_126' title='bbox 2000 1735 2054 1786; x_wconf 84' lang='lat' dir='ltr'><strong>in</strong></span> <span class='ocrx_word' id='word_1_127' title='bbox 2080 1750 2166 1789; x_wconf 91' lang='lat' dir='ltr'><strong>me</strong></span> <span class='ocrx_word' id='word_1_128' title='bbox 2205 1748 2299 1803; x_wconf 83' lang='lat' dir='ltr'><strong>po-</strong></span> 
     </span>
    </p>
   </div>
   <div class='ocr_carea' id='block_1_18' title="bbox 712 1824 2292 1897">
    <p class='ocr_par' dir='ltr' id='par_1_18' title="bbox 712 1824 2292 1897">
     <span class='ocr_line' id='line_1_18' title="bbox 712 1824 2292 1897; baseline -0.001 -17"><span class='ocrx_word' id='word_1_129' title='bbox 712 1828 966 1897; x_wconf 90' lang='lat' dir='ltr'><strong>pulorum</strong></span> <span class='ocrx_word' id='word_1_130' title='bbox 1024 1825 1227 1893; x_wconf 85' lang='lat' dir='ltr'><strong>lapides</strong></span> <span class='ocrx_word' id='word_1_131' title='bbox 1266 1825 1554 1894; x_wconf 85' lang='lat' dir='ltr'><strong>conjicias,</strong></span> <span class='ocrx_word' id='word_1_132' title='bbox 1599 1834 1654 1878; x_wconf 91' lang='lat' dir='ltr'><strong>et</strong></span> <span class='ocrx_word' id='word_1_133' title='bbox 1691 1838 1857 1893; x_wconf 89' lang='lat' dir='ltr'><strong>quem</strong></span> <span class='ocrx_word' id='word_1_134' title='bbox 1906 1824 2118 1879; x_wconf 85' lang='lat' dir='ltr'><strong>viribus</strong></span> <span class='ocrx_word' id='word_1_135' title='bbox 2182 1839 2292 1879; x_wconf 91' lang='lat' dir='ltr'><strong>non</strong></span> 
     </span>
    </p>
   </div>
   <div class='ocr_carea' id='block_1_19' title="bbox 2400 612 3972 693">
    <p class='ocr_par' dir='ltr' id='par_1_19' title="bbox 2400 612 3972 693">
     <span class='ocr_line' id='line_1_19' title="bbox 2400 612 3972 693; baseline -0.006 -20"><span class='ocrx_word' id='word_1_136' title='bbox 2400 622 2571 693; x_wconf 84' lang='lat' dir='ltr'><strong>gelica</strong></span> <span class='ocrx_word' id='word_1_137' title='bbox 2616 621 2769 686; x_wconf 89' lang='lat' dir='ltr'><strong>tuba,</strong></span> <span class='ocrx_word' id='word_1_138' title='bbox 2799 617 3000 673; x_wconf 80' lang='lat' dir='ltr'><strong>Doctor</strong></span> <span class='ocrx_word' id='word_1_139' title='bbox 3033 615 3299 686; x_wconf 87' lang='lat' dir='ltr'><strong>gentium,</strong></span> <span class='ocrx_word' id='word_1_140' title='bbox 3330 626 3426 667; x_wconf 86' lang='lat' dir='ltr'><strong>vas</strong></span> <span class='ocrx_word' id='word_1_141' title='bbox 3488 626 3711 666; x_wconf 88' lang='lat' dir='ltr'><strong>aureum</strong></span> <span class='ocrx_word' id='word_1_142' title='bbox 3758 612 3812 663; x_wconf 91' lang='lat' dir='ltr'><strong>in</strong></span> <span class='ocrx_word' id='word_1_143' title='bbox 3856 621 3972 663; x_wconf 85' lang='lat' dir='ltr'><strong>toto</strong></span> 
     </span>
    </p>
   </div>
   <div class='ocr_carea' id='block_1_20' title="bbox 2399 707 3986 785">
    <p class='ocr_par' dir='ltr' id='par_1_20' title="bbox 2399 707 3986 785">
     <span class='ocr_line' id='line_1_20' title="bbox 2399 707 3986 785; baseline -0.007 -15"><span class='ocrx_word' id='word_1_144' title='bbox 2399 716 2531 771; x_wconf 82' lang='lat' dir='ltr'><strong>orbe</strong></span> <span class='ocrx_word' id='word_1_145' title='bbox 2564 715 2919 785; x_wconf 91' lang='lat' dir='ltr'><strong>resplendens</strong></span> <span class='ocrx_word' id='word_1_146' title='bbox 2949 727 2963 765; x_wconf 87' lang='lat'><strong>:</strong></span> <span class='ocrx_word' id='word_1_147' title='bbox 2996 728 3015 762; x_wconf 79' lang='grc' dir='ltr'><strong>ι</strong></span> <span class='ocrx_word' id='word_1_148' title='bbox 3054 709 3318 778; x_wconf 74' lang='lat' dir='ltr'><strong>Regnavit</strong></span> <span class='ocrx_word' id='word_1_149' title='bbox 3342 722 3489 760; x_wconf 91' lang='lat' dir='ltr'><strong>mors</strong></span> <span class='ocrx_word' id='word_1_150' title='bbox 3520 709 3587 761; x_wconf 88' lang='lat' dir='ltr'><strong>ab</strong></span> <span class='ocrx_word' id='word_1_151' title='bbox 3615 707 3785 761; x_wconf 80' lang='lat' dir='ltr'><strong>Adam</strong></span> <span class='ocrx_word' id='word_1_152' title='bbox 3812 719 3986 775; x_wconf 87' lang='lat' dir='ltr'><strong>usque</strong></span> 
     </span>
    </p>
   </div>
   <div class='ocr_carea' id='block_1_21' title="bbox 2403 800 3983 880">
    <p class='ocr_par' dir='ltr' id='par_1_21' title="bbox 2403 800 3983 880">
     <span class='ocr_line' id='line_1_21' title="bbox 2403 800 3983 880; baseline -0.006 -17"><span class='ocrx_word' id='word_1_153' title='bbox 2403 810 2469 864; x_wconf 90' lang='lat' dir='ltr'><strong>ad</strong></span> <span class='ocrx_word' id='word_1_154' title='bbox 2495 808 2755 880; x_wconf 84' lang='lat' dir='ltr'><strong>Moysen:</strong></span> <span class='ocrx_word' id='word_1_155' title='bbox 2788 808 2949 862; x_wconf 89' lang='lat' dir='ltr'><strong>etiam</strong></span> <span class='ocrx_word' id='word_1_156' title='bbox 2988 805 3043 858; x_wconf 88' lang='lat' dir='ltr'><strong>in</strong></span> <span class='ocrx_word' id='word_1_157' title='bbox 3068 820 3185 863; x_wconf 88' lang='lat' dir='ltr'><strong>eos.</strong></span> <span class='ocrx_word' id='word_1_158' title='bbox 3240 804 3332 874; x_wconf 91' lang='lat' dir='ltr'><strong>qui</strong></span> <span class='ocrx_word' id='word_1_159' title='bbox 3372 816 3479 855; x_wconf 89' lang='lat' dir='ltr'><strong>non</strong></span> <span class='ocrx_word' id='word_1_160' title='bbox 3516 810 3904 872; x_wconf 70' lang='lat' dir='ltr'><strong>peccaverunt,</strong></span> <span class='ocrx_word' id='word_1_161' title='bbox 3935 800 3983 853; x_wconf 88' lang='lat' dir='ltr'><strong>in</strong></span> 
     </span>
    </p>
   </div>
   <div class='ocr_carea' id='block_1_22' title="bbox 2399 897 3982 971">
    <p class='ocr_par' dir='ltr' id='par_1_22' title="bbox 2399 897 3982 971">
     <span class='ocr_line' id='line_1_22' title="bbox 2399 897 3982 971; baseline -0.009 -12"><span class='ocrx_word' id='word_1_162' title='bbox 2399 903 2811 959; x_wconf 85' lang='lat' dir='ltr'><strong>similitudinem</strong></span> <span class='ocrx_word' id='word_1_163' title='bbox 2836 899 3304 971; x_wconf 54' lang='lat' dir='ltr'><strong>pravarieationis</strong></span> <span class='ocrx_word' id='word_1_164' title='bbox 3336 898 3531 957; x_wconf 79' lang='lat' dir='ltr'><strong>Adam.</strong></span> <span class='ocrx_word' id='word_1_165' title='bbox 3566 897 3657 965; x_wconf 89' lang='lat' dir='ltr'><strong>qui</strong></span> <span class='ocrx_word' id='word_1_166' title='bbox 3686 906 3769 950; x_wconf 78' lang='lat' dir='ltr'><strong>est</strong></span> <span class='ocrx_word' id='word_1_167' title='bbox 3808 897 3982 949; x_wconf 88' lang='lat' dir='ltr'><strong>forma</strong></span> 
     </span>
    </p>
   </div>
   <div class='ocr_carea' id='block_1_23' title="bbox 2402 988 3985 1064">
    <p class='ocr_par' dir='ltr' id='par_1_23' title="bbox 2402 988 3985 1064">
     <span class='ocr_line' id='line_1_23' title="bbox 2402 988 3985 1064; baseline -0.005 -16"><span class='ocrx_word' id='word_1_168' title='bbox 2402 994 2570 1050; x_wconf 87' lang='lat' dir='ltr'><strong>futuri</strong></span> <span class='ocrx_word' id='word_1_169' title='bbox 2607 993 2786 1064; x_wconf 81' lang='lat' dir='ltr'><strong>(Rom.</strong></span> <span class='ocrx_word' id='word_1_170' title='bbox 2826 1009 2878 1058; x_wconf 74' lang='grc' dir='ltr'><strong>ν,</strong></span> <span class='ocrx_word' id='word_1_171' title='bbox 2923 992 3031 1062; x_wconf 72' lang='grc'><strong>14).</strong></span> <span class='ocrx_word' id='word_1_172' title='bbox 3078 1009 3095 1043; x_wconf 81' lang='lat' dir='ltr'><strong>i</strong></span> <span class='ocrx_word' id='word_1_173' title='bbox 3132 990 3289 1056; x_wconf 84' lang='lat' dir='ltr'><strong>Quod</strong></span> <span class='ocrx_word' id='word_1_174' title='bbox 3314 992 3359 1046; x_wconf 89' lang='lat' dir='ltr'><strong>si</strong></span> <span class='ocrx_word' id='word_1_175' title='bbox 3416 988 3686 1057; x_wconf 75' lang='lat' dir='ltr'><strong>objeceris</strong></span> <span class='ocrx_word' id='word_1_176' title='bbox 3718 990 3824 1043; x_wconf 87' lang='lat' dir='ltr'><strong>dici</strong></span> <span class='ocrx_word' id='word_1_177' title='bbox 3862 1002 3985 1042; x_wconf 88' lang='lat' dir='ltr'><strong>esse</strong></span> 
     </span>
    </p>
   </div>
   <div class='ocr_carea' id='block_1_24' title="bbox 2400 1080 3981 1154">
    <p class='ocr_par' dir='ltr' id='par_1_24' title="bbox 2400 1080 3981 1154">
     <span class='ocr_line' id='line_1_24' title="bbox 2400 1080 3981 1154; baseline -0.004 -13"><span class='ocrx_word' id='word_1_178' title='bbox 2400 1086 2611 1154; x_wconf 86' lang='lat' dir='ltr'><strong>aliquos</strong></span> <span class='ocrx_word' id='word_1_179' title='bbox 2638 1085 2681 1149; x_wconf 83' lang='grc'><em>³,</em></span> <span class='ocrx_word' id='word_1_180' title='bbox 2721 1084 2814 1154; x_wconf 92' lang='lat' dir='ltr'><strong>qui</strong></span> <span class='ocrx_word' id='word_1_181' title='bbox 2845 1098 2954 1138; x_wconf 90' lang='lat' dir='ltr'><strong>non</strong></span> <span class='ocrx_word' id='word_1_182' title='bbox 2983 1089 3367 1152; x_wconf 83' lang='lat' dir='ltr'><strong>peccaverunt,</strong></span> <span class='ocrx_word' id='word_1_183' title='bbox 3420 1080 3660 1150; x_wconf 86' lang='lat' dir='ltr'><strong>intellige</strong></span> <span class='ocrx_word' id='word_1_184' title='bbox 3718 1095 3816 1134; x_wconf 90' lang='lat' dir='ltr'><strong>eos</strong></span> <span class='ocrx_word' id='word_1_185' title='bbox 3849 1081 3981 1134; x_wconf 83' lang='lat' dir='ltr'><strong>illud</strong></span> 
     </span>
    </p>
   </div>
   <div class='ocr_carea' id='block_1_25' title="bbox 2401 1174 3983 1249">
    <p class='ocr_par' dir='ltr' id='par_1_25' title="bbox 2401 1174 3983 1249">
     <span class='ocr_line' id='line_1_25' title="bbox 2401 1174 3983 1249; baseline -0.006 -14"><span class='ocrx_word' id='word_1_186' title='bbox 2401 1196 2507 1235; x_wconf 90' lang='lat' dir='ltr'><strong>non</strong></span> <span class='ocrx_word' id='word_1_187' title='bbox 2537 1192 2796 1249; x_wconf 85' lang='lat' dir='ltr'><strong>peccasse</strong></span> <span class='ocrx_word' id='word_1_188' title='bbox 2825 1185 3134 1248; x_wconf 90' lang='lat' dir='ltr'><strong>peccatum,</strong></span> <span class='ocrx_word' id='word_1_189' title='bbox 3162 1175 3309 1245; x_wconf 92' lang='lat' dir='ltr'><strong>quod</strong></span> <span class='ocrx_word' id='word_1_190' title='bbox 3366 1175 3609 1245; x_wconf 75' lang='lat' dir='ltr'><strong>peccavit</strong></span> <span class='ocrx_word' id='word_1_191' title='bbox 3646 1174 3817 1227; x_wconf 78' lang='lat' dir='ltr'><strong>Adam</strong></span> <span class='ocrx_word' id='word_1_192' title='bbox 3851 1190 3983 1242; x_wconf 64' lang='grc' dir='ltr'><strong>[περι</strong></span> 
     </span>
    </p>
   </div>
   <div class='ocr_carea' id='block_1_26' title="bbox 2403 1266 3981 1340">
    <p class='ocr_par' dir='ltr' id='par_1_26' title="bbox 2403 1266 3981 1340">
     <span class='ocr_line' id='line_1_26' title="bbox 2403 1266 3981 1340; baseline -0.004 -15"><span class='ocrx_word' id='word_1_193' title='bbox 2403 1272 2694 1327; x_wconf 78' lang='lat' dir='ltr'><strong>varieando</strong></span> <span class='ocrx_word' id='word_1_194' title='bbox 2748 1268 2802 1323; x_wconf 94' lang='lat' dir='ltr'><strong>in</strong></span> <span class='ocrx_word' id='word_1_195' title='bbox 2842 1268 3103 1340; x_wconf 87' lang='lat' dir='ltr'><strong>paradiso</strong></span> <span class='ocrx_word' id='word_1_196' title='bbox 3134 1278 3465 1338; x_wconf 73' lang='lat' dir='ltr'><strong>praeceptum</strong></span> <span class='ocrx_word' id='word_1_197' title='bbox 3540 1267 3659 1323; x_wconf 85' lang='lat' dir='ltr'><strong>Dei.</strong></span> <span class='ocrx_word' id='word_1_198' title='bbox 3711 1266 3981 1322; x_wconf 65' lang='lat' dir='ltr'><strong>Caeterum</strong></span> 
     </span>
    </p>
   </div>
   <div class='ocr_carea' id='block_1_27' title="bbox 2400 1360 3978 1430">
    <p class='ocr_par' dir='ltr' id='par_1_27' title="bbox 2400 1360 3978 1430">
     <span class='ocr_line' id='line_1_27' title="bbox 2400 1360 3978 1430; baseline -0.005 -13"><span class='ocrx_word' id='word_1_199' title='bbox 2400 1379 2594 1419; x_wconf 89' lang='lat' dir='ltr'><strong>omnes</strong></span> <span class='ocrx_word' id='word_1_200' title='bbox 2629 1362 2905 1424; x_wconf 79' lang='lat' dir='ltr'><strong>homines,</strong></span> <span class='ocrx_word' id='word_1_201' title='bbox 2947 1370 3041 1415; x_wconf 88' lang='lat' dir='ltr'><strong>aut</strong></span> <span class='ocrx_word' id='word_1_202' title='bbox 3077 1361 3286 1430; x_wconf 83' lang='lat' dir='ltr'><strong>antiqui</strong></span> <span class='ocrx_word' id='word_1_203' title='bbox 3340 1360 3717 1427; x_wconf 58' lang='lat' dir='ltr'><strong>propagabitis</strong></span> <span class='ocrx_word' id='word_1_204' title='bbox 3779 1362 3978 1421; x_wconf 65' lang='lat' dir='ltr'><strong>Adam,</strong></span> 
     </span>
    </p>
   </div>
   <div class='ocr_carea' id='block_1_28' title="bbox 2400 1447 3983 1517">
    <p class='ocr_par' dir='ltr' id='par_1_28' title="bbox 2400 1447 3983 1517">
     <span class='ocr_line' id='line_1_28' title="bbox 2400 1447 3983 1517; baseline -0.001 -15"><span class='ocrx_word' id='word_1_205' title='bbox 2400 1458 2495 1502; x_wconf 90' lang='lat' dir='ltr'><strong>aut</strong></span> <span class='ocrx_word' id='word_1_206' title='bbox 2527 1465 2629 1503; x_wconf 92' lang='lat' dir='ltr'><strong>suo</strong></span> <span class='ocrx_word' id='word_1_207' title='bbox 2687 1448 2906 1502; x_wconf 87' lang='lat' dir='ltr'><strong>nomine</strong></span> <span class='ocrx_word' id='word_1_208' title='bbox 2963 1457 3218 1501; x_wconf 89' lang='lat' dir='ltr'><strong>tenentur</strong></span> <span class='ocrx_word' id='word_1_209' title='bbox 3265 1447 3514 1502; x_wconf 84' lang='lat' dir='ltr'><strong>obnoxii.</strong></span> <span class='ocrx_word' id='word_1_210' title='bbox 3560 1448 3661 1513; x_wconf 84' lang='lat' dir='ltr'><strong>Qui</strong></span> <span class='ocrx_word' id='word_1_211' title='bbox 3720 1453 3983 1517; x_wconf 77' lang='lat' dir='ltr'><strong>parvulus</strong></span> 
     </span>
    </p>
   </div>
   <div class='ocr_carea' id='block_1_29' title="bbox 2398 1539 3986 1610">
    <p class='ocr_par' dir='ltr' id='par_1_29' title="bbox 2398 1539 3986 1610">
     <span class='ocr_line' id='line_1_29' title="bbox 2398 1539 3986 1610; baseline -0.003 -15"><span class='ocrx_word' id='word_1_212' title='bbox 2398 1552 2505 1604; x_wconf 88' lang='lat' dir='ltr'><strong>est,</strong></span> <span class='ocrx_word' id='word_1_213' title='bbox 2533 1540 2774 1610; x_wconf 85' lang='lat' dir='ltr'><strong>parentis</strong></span> <span class='ocrx_word' id='word_1_214' title='bbox 2803 1542 2825 1575; x_wconf 74' lang='grc' dir='ltr'>δ</span> <span class='ocrx_word' id='word_1_215' title='bbox 2865 1539 2917 1592; x_wconf 83' lang='grc' dir='ltr'>ἰιι</span> <span class='ocrx_word' id='word_1_216' title='bbox 2964 1539 3240 1608; x_wconf 83' lang='lat' dir='ltr'><strong>baptismo</strong></span> <span class='ocrx_word' id='word_1_217' title='bbox 3290 1540 3507 1593; x_wconf 84' lang='lat' dir='ltr'><strong>vinculo</strong></span> <span class='ocrx_word' id='word_1_218' title='bbox 3570 1542 3825 1593; x_wconf 70' lang='lat' dir='ltr'><strong>solvztur.</strong></span> <span class='ocrx_word' id='word_1_219' title='bbox 3882 1541 3986 1605; x_wconf 81' lang='lat' dir='ltr'><strong>Qui</strong></span> 
     </span>
    </p>
   </div>
   <div class='ocr_carea' id='block_1_30' title="bbox 2400 1631 3985 1701">
    <p class='ocr_par' dir='ltr' id='par_1_30' title="bbox 2400 1631 3985 1701">
     <span class='ocr_line' id='line_1_30' title="bbox 2400 1631 3985 1701; baseline -0.001 -14"><span class='ocrx_word' id='word_1_220' title='bbox 2400 1632 2520 1701; x_wconf 85' lang='lat' dir='ltr'><strong>ejus</strong></span> <span class='ocrx_word' id='word_1_221' title='bbox 2548 1631 2727 1687; x_wconf 64' lang='lat' dir='ltr'><strong>astatis</strong></span> <span class='ocrx_word' id='word_1_222' title='bbox 2755 1642 2862 1696; x_wconf 87' lang='lat' dir='ltr'><strong>est,</strong></span> <span class='ocrx_word' id='word_1_223' title='bbox 2887 1646 3006 1701; x_wconf 84' lang='lat' dir='ltr'><strong>quae</strong></span> <span class='ocrx_word' id='word_1_224' title='bbox 3031 1640 3209 1700; x_wconf 82' lang='lat' dir='ltr'><strong>potest</strong></span> <span class='ocrx_word' id='word_1_225' title='bbox 3244 1645 3459 1699; x_wconf 86' lang='lat' dir='ltr'><strong>sapere.</strong></span> <span class='ocrx_word' id='word_1_226' title='bbox 3492 1643 3543 1687; x_wconf 91' lang='lat' dir='ltr'><strong>et</strong></span> <span class='ocrx_word' id='word_1_227' title='bbox 3567 1632 3742 1687; x_wconf 69' lang='lat' dir='ltr'><strong>alieno</strong></span> <span class='ocrx_word' id='word_1_228' title='bbox 3771 1645 3824 1686; x_wconf 88' lang='lat' dir='ltr'><strong>et</strong></span> <span class='ocrx_word' id='word_1_229' title='bbox 3866 1649 3985 1695; x_wconf 84' lang='lat' dir='ltr'><strong>suo,</strong></span> 
     </span>
    </p>
   </div>
   <div class='ocr_carea' id='block_1_31' title="bbox 2400 1720 3989 1793">
    <p class='ocr_par' dir='ltr' id='par_1_31' title="bbox 2400 1720 3989 1793">
     <span class='ocr_line' id='line_1_31' title="bbox 2400 1720 3989 1793; baseline 0.002 -16"><span class='ocrx_word' id='word_1_230' title='bbox 2400 1720 2612 1777; x_wconf 87' lang='lat' dir='ltr'><strong>Christi</strong></span> <span class='ocrx_word' id='word_1_231' title='bbox 2644 1722 2913 1791; x_wconf 73' lang='lat' dir='ltr'><strong>sanguine</strong></span> <span class='ocrx_word' id='word_1_232' title='bbox 2958 1721 3242 1775; x_wconf 84' lang='lat' dir='ltr'><strong>liberatur.</strong></span> <span class='ocrx_word' id='word_1_233' title='bbox 3285 1722 3451 1792; x_wconf 59' lang='lat'><strong>80.5</strong></span> <span class='ocrx_word' id='word_1_234' title='bbox 3482 1725 3554 1775; x_wconf 80' lang='lat' dir='ltr'><strong>Ac</strong></span> <span class='ocrx_word' id='word_1_235' title='bbox 3591 1739 3661 1778; x_wconf 90' lang='lat' dir='ltr'><strong>ne</strong></span> <span class='ocrx_word' id='word_1_236' title='bbox 3701 1740 3785 1777; x_wconf 87' lang='lat' dir='ltr'><strong>uie</strong></span> <span class='ocrx_word' id='word_1_237' title='bbox 3834 1737 3989 1793; x_wconf 86' lang='lat' dir='ltr'><strong>putes</strong></span> 
     </span>
    </p>
   </div>
   <div class='ocr_carea' id='block_1_32' title="bbox 2403 1813 3989 1887">
    <p class='ocr_par' dir='ltr' id='par_1_32' title="bbox 2403 1813 3989 1887">
     <span class='ocr_line' id='line_1_32' title="bbox 2403 1813 3989 1887; baseline 0.001 -19"><span class='ocrx_word' id='word_1_238' title='bbox 2403 1813 2665 1869; x_wconf 72' lang='lat' dir='ltr'><strong>haeretica</strong></span> <span class='ocrx_word' id='word_1_239' title='bbox 2699 1828 2864 1868; x_wconf 89' lang='lat' dir='ltr'><strong>sensu</strong></span> <span class='ocrx_word' id='word_1_240' title='bbox 2900 1814 3004 1868; x_wconf 91' lang='lat' dir='ltr'><strong>hoc</strong></span> <span class='ocrx_word' id='word_1_241' title='bbox 3034 1813 3358 1883; x_wconf 87' lang='lat' dir='ltr'><strong>intelligere,</strong></span> <span class='ocrx_word' id='word_1_242' title='bbox 3407 1816 3597 1869; x_wconf 83' lang='lat' dir='ltr'><strong>beatus</strong></span> <span class='ocrx_word' id='word_1_243' title='bbox 3648 1826 3851 1887; x_wconf 77' lang='lat' dir='ltr'><strong>martyr</strong></span> <span class='ocrx_word' id='word_1_244' title='bbox 3882 1818 3989 1887; x_wconf 59' lang='lat' dir='ltr'><strong>Cy.</strong></span> 
     </span>
    </p>
   </div>
   <div class='ocr_carea' id='block_1_33' title="bbox 712 1903 2304 1989">
    <p class='ocr_par' dir='ltr' id='par_1_33' title="bbox 712 1917 2300 1989">
     <span class='ocr_line' id='line_1_33' title="bbox 712 1917 2300 1989; baseline -0.001 -17"><span class='ocrx_word' id='word_1_245' title='bbox 712 1926 891 1989; x_wconf 87' lang='lat' dir='ltr'><strong>potes,</strong></span> <span class='ocrx_word' id='word_1_246' title='bbox 918 1917 1202 1971; x_wconf 78' lang='lat' dir='ltr'><strong>voluntate</strong></span> <span class='ocrx_word' id='word_1_247' title='bbox 1234 1917 1559 1972; x_wconf 83' lang='lat' dir='ltr'><strong>interficias.</strong></span> <span class='ocrx_word' id='word_1_248' title='bbox 1594 1919 1662 1972; x_wconf 84' lang='grc' dir='ltr'><strong>Α.</strong></span> <span class='ocrx_word' id='word_1_249' title='bbox 1725 1917 1821 1972; x_wconf 90' lang='lat' dir='ltr'><strong>Ille</strong></span> <span class='ocrx_word' id='word_1_250' title='bbox 1868 1917 2184 1971; x_wconf 67' lang='lat' dir='ltr'><strong>lizirreticum</strong></span> <span class='ocrx_word' id='word_1_251' title='bbox 2219 1917 2300 1971; x_wconf 92' lang='lat' dir='ltr'><strong>in-</strong></span> 
     </span>
    </p>
   </div>
   <div class='ocr_carea' id='block_1_34' title="bbox 2411 1903 3984 1989">
    <p class='ocr_par' dir='ltr' id='par_1_34' title="bbox 2411 1903 3984 1979">
     <span class='ocr_line' id='line_1_34' title="bbox 2411 1903 3984 1979; baseline 0.007 -27"><span class='ocrx_word' id='word_1_252' title='bbox 2411 1903 2952 1974; x_wconf 76' lang='lat' dir='ltr'><strong>pi-ianus,cujustein</strong></span> <span class='ocrx_word' id='word_1_253' title='bbox 2975 1906 3385 1975; x_wconf 87' lang='lat' dir='ltr'><strong>Scriptuiarum</strong></span> <span class='ocrx_word' id='word_1_254' title='bbox 3453 1912 3781 1963; x_wconf 85' lang='lat' dir='ltr'><strong>testimoniis</strong></span> <span class='ocrx_word' id='word_1_255' title='bbox 3839 1911 3984 1979; x_wconf 80' lang='lat' dir='ltr'><strong>dige-</strong></span> 
     </span>
    </p>
   </div>
   <div class='ocr_carea' id='block_1_35' title="bbox 712 2008 2299 2080">
    <p class='ocr_par' dir='ltr' id='par_1_35' title="bbox 712 2008 2299 2080">
     <span class='ocr_line' id='line_1_35' title="bbox 712 2008 2299 2080; baseline -0.001 -14"><span class='ocrx_word' id='word_1_256' title='bbox 712 2010 933 2068; x_wconf 84' lang='lat' dir='ltr'><strong>terticit.</strong></span> <span class='ocrx_word' id='word_1_257' title='bbox 965 2010 1210 2079; x_wconf 83' lang='lat' dir='ltr'><strong>quiesse</strong></span> <span class='ocrx_word' id='word_1_258' title='bbox 1261 2010 1576 2066; x_wconf 72' lang='lat' dir='ltr'><strong>haereticum</strong></span> <span class='ocrx_word' id='word_1_259' title='bbox 1632 2011 1857 2080; x_wconf 89' lang='lat' dir='ltr'><strong>patitur.</strong></span> <span class='ocrx_word' id='word_1_260' title='bbox 1900 2008 2168 2065; x_wconf 70' lang='lat' dir='ltr'><strong>Caeterum</strong></span> <span class='ocrx_word' id='word_1_261' title='bbox 2197 2025 2299 2064; x_wconf 90' lang='lat' dir='ltr'><strong>no-</strong></span> 
     </span>
    </p>
   </div>
   <div class='ocr_carea' id='block_1_36' title="bbox 710 2101 2303 2177">
    <p class='ocr_par' dir='ltr' id='par_1_36' title="bbox 710 2101 2303 2177">
     <span class='ocr_line' id='line_1_36' title="bbox 710 2101 2303 2177; baseline -0.001 -20"><span class='ocrx_word' id='word_1_262' title='bbox 710 2111 823 2157; x_wconf 84' lang='lat' dir='ltr'><strong>stra</strong></span> <span class='ocrx_word' id='word_1_263' title='bbox 878 2102 1148 2172; x_wconf 87' lang='lat' dir='ltr'><strong>correptio</strong></span> <span class='ocrx_word' id='word_1_264' title='bbox 1198 2101 1495 2157; x_wconf 78' lang='lat' dir='ltr'><strong>vivitieatio</strong></span> <span class='ocrx_word' id='word_1_265' title='bbox 1520 2116 1605 2158; x_wconf 89' lang='lat' dir='ltr'><strong>est</strong></span> <span class='ocrx_word' id='word_1_266' title='bbox 1635 2118 1651 2157; x_wconf 73' lang='grc' dir='ltr'>ε</span> <span class='ocrx_word' id='word_1_267' title='bbox 1683 2109 1739 2156; x_wconf 92' lang='lat' dir='ltr'><strong>ut</strong></span> <span class='ocrx_word' id='word_1_268' title='bbox 1792 2102 1987 2157; x_wconf 73' lang='lat' dir='ltr'><strong>haeresi</strong></span> <span class='ocrx_word' id='word_1_269' title='bbox 2041 2101 2303 2177; x_wconf 68' lang='lat' dir='ltr'><strong>moriens,</strong></span> 
     </span>
    </p>
   </div>
   <div class='ocr_carea' id='block_1_37' title="bbox 710 2193 2299 2256">
    <p class='ocr_par' dir='ltr' id='par_1_37' title="bbox 710 2193 2299 2256">
     <span class='ocr_line' id='line_1_37' title="bbox 710 2193 2299 2256; baseline 0 -11"><span class='ocrx_word' id='word_1_270' title='bbox 710 2194 864 2249; x_wconf 80' lang='lat' dir='ltr'><strong>vivas</strong></span> <span class='ocrx_word' id='word_1_271' title='bbox 917 2194 1199 2249; x_wconf 62' lang='lat' dir='ltr'><strong>catholicas</strong></span> <span class='ocrx_word' id='word_1_272' title='bbox 1247 2195 1394 2251; x_wconf 82' lang='lat' dir='ltr'><strong>fidei.</strong></span> <span class='ocrx_word' id='word_1_273' title='bbox 1428 2193 1492 2250; x_wconf 82' lang='grc' dir='ltr'><strong>ϐ.</strong></span> <span class='ocrx_word' id='word_1_274' title='bbox 1554 2194 1612 2249; x_wconf 95' lang='lat' dir='ltr'><strong>Si</strong></span> <span class='ocrx_word' id='word_1_275' title='bbox 1648 2209 1749 2247; x_wconf 89' lang='lat' dir='ltr'><strong>nos</strong></span> <span class='ocrx_word' id='word_1_276' title='bbox 1784 2193 1937 2249; x_wconf 86' lang='lat' dir='ltr'><strong>scitis</strong></span> <span class='ocrx_word' id='word_1_277' title='bbox 1991 2194 2299 2256; x_wconf 59' lang='lat' dir='ltr'><strong>haereticos,</strong></span> 
     </span>
    </p>
   </div>
   <div class='ocr_carea' id='block_1_38' title="bbox 712 2283 2303 2356">
    <p class='ocr_par' dir='ltr' id='par_1_38' title="bbox 712 2283 2303 2356">
     <span class='ocr_line' id='line_1_38' title="bbox 712 2283 2303 2356; baseline -0.003 -14"><span class='ocrx_word' id='word_1_278' title='bbox 712 2302 812 2342; x_wconf 90' lang='lat' dir='ltr'><strong>cur</strong></span> <span class='ocrx_word' id='word_1_279' title='bbox 847 2301 955 2340; x_wconf 88' lang='lat' dir='ltr'><strong>non</strong></span> <span class='ocrx_word' id='word_1_280' title='bbox 981 2287 1254 2342; x_wconf 84' lang='lat' dir='ltr'><strong>accusatis</strong></span> <span class='ocrx_word' id='word_1_281' title='bbox 1278 2287 1301 2340; x_wconf 90' lang='lat'><strong>?</strong></span> <span class='ocrx_word' id='word_1_282' title='bbox 1326 2288 1389 2341; x_wconf 86' lang='grc' dir='ltr'><strong>Α.</strong></span> <span class='ocrx_word' id='word_1_283' title='bbox 1432 2284 1569 2347; x_wconf 86' lang='lat' dir='ltr'><strong>Quia</strong></span> <span class='ocrx_word' id='word_1_284' title='bbox 1609 2285 1901 2356; x_wconf 84' lang='lat' dir='ltr'><strong>Apostolus</strong></span> <span class='ocrx_word' id='word_1_285' title='bbox 1930 2283 2068 2356; x_wconf 90' lang='lat' dir='ltr'><strong>(Tit.</strong></span> <span class='ocrx_word' id='word_1_286' title='bbox 2106 2285 2188 2352; x_wconf 89' lang='lat' dir='ltr'><strong>in)</strong></span> <span class='ocrx_word' id='word_1_287' title='bbox 2217 2299 2303 2338; x_wconf 89' lang='lat' dir='ltr'><strong>me</strong></span> 
     </span>
    </p>
   </div>
   <div class='ocr_carea' id='block_1_39' title="bbox 712 2377 2304 2448">
    <p class='ocr_par' dir='ltr' id='par_1_39' title="bbox 712 2377 2304 2448">
     <span class='ocr_line' id='line_1_39' title="bbox 712 2377 2304 2448; baseline -0.002 -16"><span class='ocrx_word' id='word_1_288' title='bbox 712 2377 874 2432; x_wconf 89' lang='lat' dir='ltr'><strong>docet</strong></span> <span class='ocrx_word' id='word_1_289' title='bbox 922 2377 1085 2448; x_wconf 76' lang='lat'><strong>803</strong></span> <span class='ocrx_word' id='word_1_290' title='bbox 1150 2377 1469 2432; x_wconf 74' lang='lat' dir='ltr'><strong>haereticum</strong></span> <span class='ocrx_word' id='word_1_291' title='bbox 1544 2386 1664 2447; x_wconf 88' lang='lat' dir='ltr'><strong>post</strong></span> <span class='ocrx_word' id='word_1_292' title='bbox 1726 2392 1889 2431; x_wconf 91' lang='lat' dir='ltr'><strong>unam</strong></span> <span class='ocrx_word' id='word_1_293' title='bbox 1941 2377 2304 2431; x_wconf 83' lang='lat' dir='ltr'><strong>etsecundam</strong></span> 
     </span>
    </p>
   </div>
   <div class='ocr_carea' id='block_1_40' title="bbox 712 2468 2324 2540">
    <p class='ocr_par' dir='ltr' id='par_1_40' title="bbox 712 2468 2324 2540">
     <span class='ocr_line' id='line_1_40' title="bbox 712 2468 2324 2540; baseline -0.004 -15"><span class='ocrx_word' id='word_1_294' title='bbox 712 2471 1119 2540; x_wconf 86' lang='lat' dir='ltr'><strong>correptionem</strong></span> <span class='ocrx_word' id='word_1_295' title='bbox 1156 2471 1353 2536; x_wconf 88' lang='lat' dir='ltr'><strong>vitare,</strong></span> <span class='ocrx_word' id='word_1_296' title='bbox 1376 2484 1482 2523; x_wconf 92' lang='lat' dir='ltr'><strong>non</strong></span> <span class='ocrx_word' id='word_1_297' title='bbox 1510 2482 1790 2534; x_wconf 88' lang='lat' dir='ltr'><strong>accusare,</strong></span> <span class='ocrx_word' id='word_1_298' title='bbox 1813 2468 1993 2523; x_wconf 87' lang='lat' dir='ltr'><strong>sciens</strong></span> <span class='ocrx_word' id='word_1_299' title='bbox 2023 2468 2150 2537; x_wconf 86' lang='lat' dir='ltr'><strong>quia</strong></span> <span class='ocrx_word' id='word_1_300' title='bbox 2186 2481 2324 2536; x_wconf 84' lang='lat' dir='ltr'><strong>per--</strong></span> 
     </span>
    </p>
   </div>
   <div class='ocr_carea' id='block_1_41' title="bbox 712 2556 2323 2631">
    <p class='ocr_par' dir='ltr' id='par_1_41' title="bbox 712 2556 2323 2631">
     <span class='ocr_line' id='line_1_41' title="bbox 712 2556 2323 2631; baseline -0.001 -14"><span class='ocrx_word' id='word_1_301' title='bbox 712 2577 911 2617; x_wconf 82' lang='lat' dir='ltr'><strong>versus</strong></span> <span class='ocrx_word' id='word_1_302' title='bbox 942 2561 1013 2616; x_wconf 88' lang='lat' dir='ltr'><strong>sit</strong></span> <span class='ocrx_word' id='word_1_303' title='bbox 1070 2568 1124 2615; x_wconf 90' lang='lat' dir='ltr'><strong>et</strong></span> <span class='ocrx_word' id='word_1_304' title='bbox 1147 2576 1246 2617; x_wconf 90' lang='lat' dir='ltr'><strong>suo</strong></span> <span class='ocrx_word' id='word_1_305' title='bbox 1278 2560 1486 2631; x_wconf 85' lang='lat' dir='ltr'><strong>judicio</strong></span> <span class='ocrx_word' id='word_1_306' title='bbox 1505 2560 2065 2630; x_wconf 35' lang='lat' dir='ltr'><strong>dainnatushAlioqui</strong></span> <span class='ocrx_word' id='word_1_307' title='bbox 2096 2556 2323 2615; x_wconf 54' lang='lat' dir='ltr'><strong>stultis-4’</strong></span> 
     </span>
    </p>
   </div>
   <div class='ocr_carea' id='block_1_42' title="bbox 713 2652 2307 2724">
    <p class='ocr_par' dir='ltr' id='par_1_42' title="bbox 713 2652 2307 2724">
     <span class='ocr_line' id='line_1_42' title="bbox 713 2652 2307 2724; baseline -0.002 -14"><span class='ocrx_word' id='word_1_308' title='bbox 713 2655 913 2710; x_wconf 88' lang='lat' dir='ltr'><strong>simum</strong></span> <span class='ocrx_word' id='word_1_309' title='bbox 942 2662 1048 2722; x_wconf 88' lang='lat' dir='ltr'><strong>est,</strong></span> <span class='ocrx_word' id='word_1_310' title='bbox 1113 2668 1278 2723; x_wconf 87' lang='lat' dir='ltr'><strong>super</strong></span> <span class='ocrx_word' id='word_1_311' title='bbox 1308 2653 1417 2708; x_wconf 81' lang='lat' dir='ltr'><strong>fide</strong></span> <span class='ocrx_word' id='word_1_312' title='bbox 1450 2668 1564 2707; x_wconf 86' lang='lat' dir='ltr'><strong>mea</strong></span> <span class='ocrx_word' id='word_1_313' title='bbox 1599 2655 1644 2719; x_wconf 82' lang='grc'><em>³,</em></span> <span class='ocrx_word' id='word_1_314' title='bbox 1697 2668 1783 2707; x_wconf 91' lang='lat' dir='ltr'><strong>me</strong></span> <span class='ocrx_word' id='word_1_315' title='bbox 1806 2669 1869 2708; x_wconf 79' lang='lat' dir='ltr'><strong>ex</strong></span> <span class='ocrx_word' id='word_1_316' title='bbox 1909 2652 2139 2707; x_wconf 88' lang='lat' dir='ltr'><strong>alterius</strong></span> <span class='ocrx_word' id='word_1_317' title='bbox 2171 2669 2307 2724; x_wconf 88' lang='lat' dir='ltr'><strong>pen-</strong></span> 
     </span>
    </p>
   </div>
   <div class='ocr_carea' id='block_1_43' title="bbox 715 2748 2307 2820">
    <p class='ocr_par' dir='ltr' id='par_1_43' title="bbox 715 2748 2307 2820">
     <span class='ocr_line' id='line_1_43' title="bbox 715 2748 2307 2820; baseline -0.001 -14"><span class='ocrx_word' id='word_1_318' title='bbox 715 2752 847 2807; x_wconf 82' lang='lat' dir='ltr'><strong>dere</strong></span> <span class='ocrx_word' id='word_1_319' title='bbox 879 2749 1113 2820; x_wconf 81' lang='lat' dir='ltr'><strong>judicio.</strong></span> <span class='ocrx_word' id='word_1_320' title='bbox 1141 2749 1282 2816; x_wconf 87' lang='lat' dir='ltr'><strong>Quid</strong></span> <span class='ocrx_word' id='word_1_321' title='bbox 1313 2750 1463 2804; x_wconf 90' lang='lat' dir='ltr'><strong>enim</strong></span> <span class='ocrx_word' id='word_1_322' title='bbox 1504 2750 1551 2805; x_wconf 90' lang='lat' dir='ltr'><strong>si</strong></span> <span class='ocrx_word' id='word_1_323' title='bbox 1584 2760 1635 2805; x_wconf 91' lang='lat' dir='ltr'><strong>te</strong></span> <span class='ocrx_word' id='word_1_324' title='bbox 1677 2749 1818 2804; x_wconf 90' lang='lat' dir='ltr'><strong>alius</strong></span> <span class='ocrx_word' id='word_1_325' title='bbox 1849 2748 2183 2804; x_wconf 86' lang='lat' dir='ltr'><strong>catholicum</strong></span> <span class='ocrx_word' id='word_1_326' title='bbox 2222 2750 2307 2804; x_wconf 89' lang='lat' dir='ltr'><strong>di-</strong></span> 
     </span>
    </p>
   </div>
   <div class='ocr_carea' id='block_1_44' title="bbox 713 2841 2309 2911">
    <p class='ocr_par' dir='ltr' id='par_1_44' title="bbox 713 2841 2309 2911">
     <span class='ocr_line' id='line_1_44' title="bbox 713 2841 2309 2911; baseline -0.004 -10"><span class='ocrx_word' id='word_1_327' title='bbox 713 2846 880 2911; x_wconf 80' lang='lat' dir='ltr'><strong>xerit,</strong></span> <span class='ocrx_word' id='word_1_328' title='bbox 920 2844 1175 2899; x_wconf 89' lang='lat' dir='ltr'><strong>statimne</strong></span> <span class='ocrx_word' id='word_1_329' title='bbox 1234 2857 1519 2899; x_wconf 86' lang='lat' dir='ltr'><strong>assensum</strong></span> <span class='ocrx_word' id='word_1_330' title='bbox 1580 2841 1863 2896; x_wconf 85' lang='lat' dir='ltr'><strong>tribuant?</strong></span> <span class='ocrx_word' id='word_1_331' title='bbox 1908 2841 2230 2911; x_wconf 87' lang='lat' dir='ltr'><strong>Quicunque</strong></span> <span class='ocrx_word' id='word_1_332' title='bbox 2257 2851 2309 2895; x_wconf 92' lang='lat' dir='ltr'><strong>te</strong></span> 
     </span>
    </p>
   </div>
   <div class='ocr_carea' id='block_1_45' title="bbox 718 2933 2309 3005">
    <p class='ocr_par' dir='ltr' id='par_1_45' title="bbox 718 2933 2309 3005">
     <span class='ocr_line' id='line_1_45' title="bbox 718 2933 2309 3005; baseline -0.003 -13"><span class='ocrx_word' id='word_1_333' title='bbox 718 2936 1051 2998; x_wconf 86' lang='lat' dir='ltr'><strong>defenderit,</strong></span> <span class='ocrx_word' id='word_1_334' title='bbox 1103 2942 1160 2989; x_wconf 91' lang='lat' dir='ltr'><strong>et</strong></span> <span class='ocrx_word' id='word_1_335' title='bbox 1226 2948 1483 3005; x_wconf 84' lang='lat' dir='ltr'><strong>perversa</strong></span> <span class='ocrx_word' id='word_1_336' title='bbox 1532 2933 1847 2988; x_wconf 87' lang='lat' dir='ltr'><strong>credentem</strong></span> <span class='ocrx_word' id='word_1_337' title='bbox 1904 2934 2042 2988; x_wconf 88' lang='lat' dir='ltr'><strong>bene</strong></span> <span class='ocrx_word' id='word_1_338' title='bbox 2104 2935 2309 2989; x_wconf 83' lang='lat' dir='ltr'><strong>sentire</strong></span> 
     </span>
    </p>
   </div>
   <div class='ocr_carea' id='block_1_46' title="bbox 718 3025 2309 3096">
    <p class='ocr_par' dir='ltr' id='par_1_46' title="bbox 718 3025 2309 3096">
     <span class='ocr_line' id='line_1_46' title="bbox 718 3025 2309 3096; baseline -0.003 -13"><span class='ocrx_word' id='word_1_339' title='bbox 718 3028 944 3091; x_wconf 82' lang='lat' dir='ltr'><strong>dixerit,</strong></span> <span class='ocrx_word' id='word_1_340' title='bbox 974 3043 1081 3082; x_wconf 91' lang='lat' dir='ltr'><strong>non</strong></span> <span class='ocrx_word' id='word_1_341' title='bbox 1120 3028 1223 3083; x_wconf 87' lang='lat' dir='ltr'><strong>hoc</strong></span> <span class='ocrx_word' id='word_1_342' title='bbox 1244 3027 1377 3096; x_wconf 88' lang='lat' dir='ltr'><strong>agit,</strong></span> <span class='ocrx_word' id='word_1_343' title='bbox 1400 3034 1461 3079; x_wconf 92' lang='lat' dir='ltr'><strong>ut</strong></span> <span class='ocrx_word' id='word_1_344' title='bbox 1500 3035 1554 3079; x_wconf 90' lang='lat' dir='ltr'><strong>te</strong></span> <span class='ocrx_word' id='word_1_345' title='bbox 1584 3025 1813 3080; x_wconf 79' lang='lat' dir='ltr'><strong>infamia</strong></span> <span class='ocrx_word' id='word_1_346' title='bbox 1866 3026 2085 3088; x_wconf 88' lang='lat' dir='ltr'><strong>liberet,</strong></span> <span class='ocrx_word' id='word_1_347' title='bbox 2122 3025 2218 3081; x_wconf 85' lang='lat' dir='ltr'><strong>sed</strong></span> <span class='ocrx_word' id='word_1_348' title='bbox 2249 3034 2309 3079; x_wconf 87' lang='lat' dir='ltr'><strong>ut</strong></span> 
     </span>
    </p>
   </div>
   <div class='ocr_carea' id='block_1_47' title="bbox 717 3117 2306 3189">
    <p class='ocr_par' dir='ltr' id='par_1_47' title="bbox 717 3117 2306 3189">
     <span class='ocr_line' id='line_1_47' title="bbox 717 3117 2306 3189; baseline -0.004 -12"><span class='ocrx_word' id='word_1_349' title='bbox 717 3137 776 3177; x_wconf 86' lang='lat' dir='ltr'><strong>se</strong></span> <span class='ocrx_word' id='word_1_350' title='bbox 811 3118 1039 3174; x_wconf 80' lang='lat' dir='ltr'><strong>infamet</strong></span> <span class='ocrx_word' id='word_1_351' title='bbox 1065 3117 1327 3189; x_wconf 60' lang='lat' dir='ltr'><strong>perfidiae.</strong></span> <span class='ocrx_word' id='word_1_352' title='bbox 1352 3117 1643 3172; x_wconf 78' lang='lat' dir='ltr'><strong>Multitudo</strong></span> <span class='ocrx_word' id='word_1_353' title='bbox 1666 3118 1940 3172; x_wconf 90' lang='lat' dir='ltr'><strong>sociorum</strong></span> <span class='ocrx_word' id='word_1_354' title='bbox 1963 3132 2306 3188; x_wconf 87' lang='lat' dir='ltr'><strong>nequaquam</strong></span> 
     </span>
    </p>
   </div>
   <div class='ocr_carea' id='block_1_48' title="bbox 718 3209 2304 3274">
    <p class='ocr_par' dir='ltr' id='par_1_48' title="bbox 718 3209 2304 3274">
     <span class='ocr_line' id='line_1_48' title="bbox 718 3209 2304 3274; baseline 0.001 -9"><span class='ocrx_word' id='word_1_355' title='bbox 718 3221 773 3265; x_wconf 87' lang='lat' dir='ltr'><strong>te</strong></span> <span class='ocrx_word' id='word_1_356' title='bbox 805 3210 1159 3274; x_wconf 87' lang='lat' dir='ltr'><strong>catholicum,</strong></span> <span class='ocrx_word' id='word_1_357' title='bbox 1216 3210 1311 3264; x_wconf 90' lang='lat' dir='ltr'><strong>sed</strong></span> <span class='ocrx_word' id='word_1_358' title='bbox 1346 3209 1662 3263; x_wconf 76' lang='lat' dir='ltr'><strong>liaireticum</strong></span> <span class='ocrx_word' id='word_1_359' title='bbox 1707 3225 1831 3265; x_wconf 87' lang='lat' dir='ltr'><strong>esse</strong></span> <span class='ocrx_word' id='word_1_360' title='bbox 1884 3209 2304 3267; x_wconf 83' lang='lat' dir='ltr'><strong>demonstrabit.</strong></span> 
     </span>
    </p>
   </div>
   <div class='ocr_carea' id='block_1_49' title="bbox 718 3301 2304 3373">
    <p class='ocr_par' dir='ltr' id='par_1_49' title="bbox 718 3301 2304 3373">
     <span class='ocr_line' id='line_1_49' title="bbox 718 3301 2304 3373; baseline -0.001 -16"><span class='ocrx_word' id='word_1_361' title='bbox 718 3303 919 3358; x_wconf 76' lang='lat' dir='ltr'><strong>Verum</strong></span> <span class='ocrx_word' id='word_1_362' title='bbox 953 3303 1068 3356; x_wconf 64' lang='lat' dir='ltr'><strong>haec</strong></span> <span class='ocrx_word' id='word_1_363' title='bbox 1092 3301 1467 3357; x_wconf 85' lang='lat' dir='ltr'><strong>ecclesiastico</strong></span> <span class='ocrx_word' id='word_1_364' title='bbox 1524 3301 1806 3357; x_wconf 87' lang='lat' dir='ltr'><strong>calcentur</strong></span> <span class='ocrx_word' id='word_1_365' title='bbox 1831 3302 2097 3370; x_wconf 77' lang='lat' dir='ltr'><strong>pede,.ue</strong></span> <span class='ocrx_word' id='word_1_366' title='bbox 2139 3304 2304 3373; x_wconf 87' lang='lat' dir='ltr'><strong>quasi</strong></span> 
     </span>
    </p>
   </div>
   <div class='ocr_carea' id='block_1_50' title="bbox 719 3392 2310 3463">
    <p class='ocr_par' dir='ltr' id='par_1_50' title="bbox 719 3392 2310 3463">
     <span class='ocr_line' id='line_1_50' title="bbox 719 3392 2310 3463; baseline 0.002 -16"><span class='ocrx_word' id='word_1_367' title='bbox 719 3393 962 3463; x_wconf 82' lang='lat' dir='ltr'><strong>parvulis</strong></span> <span class='ocrx_word' id='word_1_368' title='bbox 996 3393 1250 3447; x_wconf 81' lang='lat' dir='ltr'><strong>ﬂentibus</strong></span> <span class='ocrx_word' id='word_1_369' title='bbox 1281 3392 1498 3447; x_wconf 89' lang='lat' dir='ltr'><strong>tristior</strong></span> <span class='ocrx_word' id='word_1_370' title='bbox 1531 3395 1779 3463; x_wconf 64' lang='lat' dir='ltr'><strong>quaedam</strong></span> <span class='ocrx_word' id='word_1_371' title='bbox 1831 3394 2012 3462; x_wconf 75' lang='lat' dir='ltr'><strong>imago</strong></span> <span class='ocrx_word' id='word_1_372' title='bbox 2044 3404 2310 3450; x_wconf 84' lang='lat' dir='ltr'><strong>monstre-</strong></span> 
     </span>
    </p>
   </div>
   <div class='ocr_carea' id='block_1_51' title="bbox 723 3482 2306 3553">
    <p class='ocr_par' dir='ltr' id='par_1_51' title="bbox 723 3482 2306 3553">
     <span class='ocr_line' id='line_1_51' title="bbox 723 3482 2306 3553; baseline 0.003 -15"><span class='ocrx_word' id='word_1_373' title='bbox 723 3494 830 3539; x_wconf 92' lang='lat' dir='ltr'><strong>tur.</strong></span> <span class='ocrx_word' id='word_1_374' title='bbox 858 3482 976 3538; x_wconf 84' lang='lat' dir='ltr'><strong>Hoc</strong></span> <span class='ocrx_word' id='word_1_375' title='bbox 1004 3484 1162 3539; x_wconf 89' lang='lat' dir='ltr'><strong>nobis</strong></span> <span class='ocrx_word' id='word_1_376' title='bbox 1201 3492 1422 3553; x_wconf 63' lang='lat' dir='ltr'><strong>praestet</strong></span> <span class='ocrx_word' id='word_1_377' title='bbox 1458 3482 1551 3538; x_wconf 90' lang='lat' dir='ltr'><strong>Dei</strong></span> <span class='ocrx_word' id='word_1_378' title='bbox 1576 3485 1763 3551; x_wconf 92' lang='lat' dir='ltr'><strong>timor,</strong></span> <span class='ocrx_word' id='word_1_379' title='bbox 1824 3497 1885 3540; x_wconf 90' lang='lat' dir='ltr'><strong>ut</strong></span> <span class='ocrx_word' id='word_1_380' title='bbox 1933 3501 2128 3542; x_wconf 90' lang='lat' dir='ltr'><strong>omnes</strong></span> <span class='ocrx_word' id='word_1_381' title='bbox 2165 3487 2306 3543; x_wconf 85' lang='lat' dir='ltr'><strong>alios</strong></span> 
     </span>
    </p>
   </div>
   <div class='ocr_carea' id='block_1_52' title="bbox 719 3576 2305 3648">
    <p class='ocr_par' dir='ltr' id='par_1_52' title="bbox 719 3576 2305 3648">
     <span class='ocr_line' id='line_1_52' title="bbox 719 3576 2305 3648; baseline 0.001 -17"><span class='ocrx_word' id='word_1_382' title='bbox 719 3583 1141 3631; x_wconf 88' lang='lat' dir='ltr'><strong>contemnamus</strong></span> <span class='ocrx_word' id='word_1_383' title='bbox 1198 3577 1443 3632; x_wconf 90' lang='lat' dir='ltr'><strong>timores.</strong></span> <span class='ocrx_word' id='word_1_384' title='bbox 1477 3576 1717 3632; x_wconf 86' lang='lat' dir='ltr'><strong>Proinde</strong></span> <span class='ocrx_word' id='word_1_385' title='bbox 1752 3586 1847 3634; x_wconf 89' lang='lat' dir='ltr'><strong>aut</strong></span> <span class='ocrx_word' id='word_1_386' title='bbox 1875 3578 2106 3634; x_wconf 81' lang='lat' dir='ltr'><strong>defende</strong></span> <span class='ocrx_word' id='word_1_387' title='bbox 2162 3579 2305 3648; x_wconf 91' lang='lat' dir='ltr'><strong>quod</strong></span> 
     </span>
    </p>
   </div>
   <div class='ocr_carea' id='block_1_53' title="bbox 717 3668 2301 3743">
    <p class='ocr_par' dir='ltr' id='par_1_53' title="bbox 717 3668 2301 3743">
     <span class='ocr_line' id='line_1_53' title="bbox 717 3668 2301 3743; baseline 0.006 -23"><span class='ocrx_word' id='word_1_388' title='bbox 717 3668 922 3739; x_wconf 64' lang='lat' dir='ltr'><strong>credis,</strong></span> <span class='ocrx_word' id='word_1_389' title='bbox 960 3675 1056 3721; x_wconf 88' lang='lat' dir='ltr'><strong>aut</strong></span> <span class='ocrx_word' id='word_1_390' title='bbox 1108 3668 1359 3738; x_wconf 89' lang='lat' dir='ltr'><strong>relinque</strong></span> <span class='ocrx_word' id='word_1_391' title='bbox 1417 3670 1562 3739; x_wconf 92' lang='lat' dir='ltr'><strong>quod</strong></span> <span class='ocrx_word' id='word_1_392' title='bbox 1610 3669 1907 3727; x_wconf 87' lang='lat' dir='ltr'><strong>defendere</strong></span> <span class='ocrx_word' id='word_1_393' title='bbox 1959 3687 2067 3726; x_wconf 88' lang='lat' dir='ltr'><strong>non</strong></span> <span class='ocrx_word' id='word_1_394' title='bbox 2126 3682 2301 3743; x_wconf 89' lang='lat' dir='ltr'><strong>potes.</strong></span> 
     </span>
    </p>
   </div>
   <div class='ocr_carea' id='block_1_54' title="bbox 721 3757 2299 3827">
    <p class='ocr_par' dir='ltr' id='par_1_54' title="bbox 721 3757 2299 3827">
     <span class='ocr_line' id='line_1_54' title="bbox 721 3757 2299 3827; baseline 0.004 -17"><span class='ocrx_word' id='word_1_395' title='bbox 721 3757 1115 3825; x_wconf 82' lang='lat' dir='ltr'><strong>Quemcunque</strong></span> <span class='ocrx_word' id='word_1_396' title='bbox 1170 3757 1228 3811; x_wconf 90' lang='lat' dir='ltr'><strong>in</strong></span> <span class='ocrx_word' id='word_1_397' title='bbox 1290 3757 1666 3815; x_wconf 83' lang='lat' dir='ltr'><strong>defensionem</strong></span> <span class='ocrx_word' id='word_1_398' title='bbox 1715 3763 1796 3815; x_wconf 86' lang='lat' dir='ltr'><strong>tui</strong></span> <span class='ocrx_word' id='word_1_399' title='bbox 1824 3761 2142 3827; x_wconf 78' lang='lat' dir='ltr'><strong>adduxeris,</strong></span> <span class='ocrx_word' id='word_1_400' title='bbox 2191 3777 2299 3817; x_wconf 91' lang='lat' dir='ltr'><strong>non</strong></span> 
     </span>
    </p>
   </div>
   <div class='ocr_carea' id='block_1_55' title="bbox 721 3846 1779 3917">
    <p class='ocr_par' dir='ltr' id='par_1_55' title="bbox 721 3846 1779 3917">
     <span class='ocr_line' id='line_1_55' title="bbox 721 3846 1779 3917; baseline 0.004 -16"><span class='ocrx_word' id='word_1_401' title='bbox 721 3856 1039 3917; x_wconf 87' lang='lat' dir='ltr'><strong>patronum,</strong></span> <span class='ocrx_word' id='word_1_402' title='bbox 1076 3846 1171 3901; x_wconf 86' lang='lat' dir='ltr'><strong>sed</strong></span> <span class='ocrx_word' id='word_1_403' title='bbox 1200 3850 1412 3903; x_wconf 90' lang='lat' dir='ltr'><strong>socium</strong></span> <span class='ocrx_word' id='word_1_404' title='bbox 1445 3849 1779 3905; x_wconf 87' lang='lat' dir='ltr'><strong>nominabis.</strong></span> 
     </span>
    </p>
   </div>
   <div class='ocr_carea' id='block_1_56' title="bbox 794 3936 2309 4012">
    <p class='ocr_par' dir='ltr' id='par_1_56' title="bbox 794 3936 2309 4012">
     <span class='ocr_line' id='line_1_56' title="bbox 794 3936 2309 4012; baseline 0.002 -18"><span class='ocrx_word' id='word_1_405' title='bbox 794 3938 879 3994; x_wconf 73' lang='grc'><strong>18.</strong></span> <span class='ocrx_word' id='word_1_406' title='bbox 910 3936 1085 4003; x_wconf 81' lang='lat' dir='ltr'><strong>Quare</strong></span> <span class='ocrx_word' id='word_1_407' title='bbox 1109 3940 1342 4012; x_wconf 77' lang='lat' dir='ltr'><strong>infantes</strong></span> <span class='ocrx_word' id='word_1_408' title='bbox 1378 3942 1715 4010; x_wconf 77' lang='lat' dir='ltr'><strong>baptizentur</strong></span> <span class='ocrx_word' id='word_1_409' title='bbox 1738 3957 1758 3997; x_wconf 88' lang='lat'><strong><em>:</em></strong></span> <span class='ocrx_word' id='word_1_410' title='bbox 1784 3951 1834 3997; x_wconf 81' lang='lat' dir='ltr'><strong>et</strong></span> <span class='ocrx_word' id='word_1_411' title='bbox 1875 3942 2130 4012; x_wconf 80' lang='lat' dir='ltr'><strong>Cypriani</strong></span> <span class='ocrx_word' id='word_1_412' title='bbox 2159 3944 2309 3997; x_wconf 80' lang='lat' dir='ltr'><strong>testi-</strong></span> 
     </span>
    </p>
   </div>
   <div class='ocr_carea' id='block_1_57' title="bbox 724 4032 2313 4105">
    <p class='ocr_par' dir='ltr' id='par_1_57' title="bbox 724 4032 2313 4105">
     <span class='ocr_line' id='line_1_57' title="bbox 724 4032 2313 4105; baseline 0.004 -20"><span class='ocrx_word' id='word_1_413' title='bbox 724 4033 981 4086; x_wconf 83' lang='lat' dir='ltr'><strong>monium.</strong></span> <span class='ocrx_word' id='word_1_414' title='bbox 1014 4032 1077 4087; x_wconf 88' lang='lat' dir='ltr'><strong>C.</strong></span> <span class='ocrx_word' id='word_1_415' title='bbox 1113 4033 1231 4100; x_wconf 87' lang='lat' dir='ltr'><strong>Dic,</strong></span> <span class='ocrx_word' id='word_1_416' title='bbox 1266 4050 1480 4103; x_wconf 69' lang='lat' dir='ltr'><strong>quaeso,</strong></span> <span class='ocrx_word' id='word_1_417' title='bbox 1513 4046 1571 4091; x_wconf 90' lang='lat' dir='ltr'><strong>et</strong></span> <span class='ocrx_word' id='word_1_418' title='bbox 1630 4051 1717 4090; x_wconf 90' lang='lat' dir='ltr'><strong>me</strong></span> <span class='ocrx_word' id='word_1_419' title='bbox 1761 4038 1909 4089; x_wconf 92' lang='lat' dir='ltr'><strong>omni</strong></span> <span class='ocrx_word' id='word_1_420' title='bbox 1942 4038 2109 4089; x_wconf 86' lang='lat' dir='ltr'><strong>libera</strong></span> <span class='ocrx_word' id='word_1_421' title='bbox 2161 4053 2313 4105; x_wconf 78' lang='lat' dir='ltr'><strong>quae-</strong></span> 
     </span>
    </p>
   </div>
   <div class='ocr_carea' id='block_1_58' title="bbox 723 4126 2314 4199">
    <p class='ocr_par' dir='ltr' id='par_1_58' title="bbox 723 4126 2314 4199">
     <span class='ocr_line' id='line_1_58' title="bbox 723 4126 2314 4199; baseline 0.001 -19"><span class='ocrx_word' id='word_1_422' title='bbox 723 4127 921 4192; x_wconf 87' lang='lat' dir='ltr'><strong>stione,</strong></span> <span class='ocrx_word' id='word_1_423' title='bbox 985 4140 1157 4195; x_wconf 87' lang='lat' dir='ltr'><strong>quare</strong></span> <span class='ocrx_word' id='word_1_424' title='bbox 1210 4127 1463 4183; x_wconf 90' lang='lat' dir='ltr'><strong>infantuli</strong></span> <span class='ocrx_word' id='word_1_425' title='bbox 1522 4126 1914 4199; x_wconf 83' lang='lat' dir='ltr'><strong>baptizentur?</strong></span> <span class='ocrx_word' id='word_1_426' title='bbox 1973 4127 2044 4180; x_wconf 83' lang='grc' dir='ltr'><strong>Α.</strong></span> <span class='ocrx_word' id='word_1_427' title='bbox 2103 4127 2168 4183; x_wconf 91' lang='lat' dir='ltr'><strong>Ut</strong></span> <span class='ocrx_word' id='word_1_428' title='bbox 2234 4129 2314 4182; x_wconf 87' lang='lat' dir='ltr'><strong>eis</strong></span> 
     </span>
    </p>
   </div>
   <div class='ocr_carea' id='block_1_59' title="bbox 723 4219 2311 4289">
    <p class='ocr_par' dir='ltr' id='par_1_59' title="bbox 723 4219 2311 4289">
     <span class='ocr_line' id='line_1_59' title="bbox 723 4219 2311 4289; baseline 0.002 -17"><span class='ocrx_word' id='word_1_429' title='bbox 723 4229 945 4289; x_wconf 84' lang='lat' dir='ltr'><strong>peccata</strong></span> <span class='ocrx_word' id='word_1_430' title='bbox 979 4221 1033 4274; x_wconf 87' lang='lat' dir='ltr'><strong>in</strong></span> <span class='ocrx_word' id='word_1_431' title='bbox 1102 4220 1437 4289; x_wconf 85' lang='lat' dir='ltr'><strong>baptismate</strong></span> <span class='ocrx_word' id='word_1_432' title='bbox 1482 4222 1849 4276; x_wconf 82' lang='lat' dir='ltr'><strong>dimittantur.</strong></span> <span class='ocrx_word' id='word_1_433' title='bbox 1885 4219 1946 4276; x_wconf 87' lang='lat' dir='ltr'><strong>C.</strong></span> <span class='ocrx_word' id='word_1_434' title='bbox 1976 4220 2114 4287; x_wconf 83' lang='lat' dir='ltr'><strong>Quid</strong></span> <span class='ocrx_word' id='word_1_435' title='bbox 2164 4223 2311 4275; x_wconf 87' lang='lat' dir='ltr'><strong>enim</strong></span> 
     </span>
    </p>
   </div>
   <div class='ocr_carea' id='block_1_60' title="bbox 725 4308 2313 4378">
    <p class='ocr_par' dir='ltr' id='par_1_60' title="bbox 725 4308 2313 4378">
     <span class='ocr_line' id='line_1_60' title="bbox 725 4308 2313 4378; baseline -0.001 -15"><span class='ocrx_word' id='word_1_436' title='bbox 725 4323 1101 4363; x_wconf 88' lang='lat' dir='ltr'><strong>commeruere</strong></span> <span class='ocrx_word' id='word_1_437' title='bbox 1134 4308 1383 4378; x_wconf 81' lang='lat' dir='ltr'><strong>peccati?</strong></span> <span class='ocrx_word' id='word_1_438' title='bbox 1416 4308 1791 4378; x_wconf 83' lang='lat' dir='ltr'><strong>Quisquamne</strong></span> <span class='ocrx_word' id='word_1_439' title='bbox 1846 4308 2078 4363; x_wconf 77' lang='lat' dir='ltr'><strong>solvitur</strong></span> <span class='ocrx_word' id='word_1_440' title='bbox 2109 4324 2217 4360; x_wconf 91' lang='lat' dir='ltr'><strong>non</strong></span> <span class='ocrx_word' id='word_1_441' title='bbox 2248 4309 2313 4362; x_wconf 83' lang='lat' dir='ltr'><strong>li-</strong></span> 
     </span>
    </p>
   </div>
   <div class='ocr_carea' id='block_1_61' title="bbox 802 4484 2001 4539">
    <p class='ocr_par' dir='ltr' id='par_1_61' title="bbox 802 4484 2001 4539">
     <span class='ocr_line' id='line_1_61' title="bbox 802 4484 2001 4539; baseline 0 -2"><span class='ocrx_word' id='word_1_442' title='bbox 802 4488 819 4518; x_wconf 78' lang='grc' dir='ltr'><strong>ι</strong></span> <span class='ocrx_word' id='word_1_443' title='bbox 856 4484 1058 4538; x_wconf 82' lang='lat' dir='ltr'><strong>Vocem</strong></span> <span class='ocrx_word' id='word_1_444' title='bbox 1096 4484 1242 4539; x_wconf 83' lang='lat' dir='ltr'><strong>illico</strong></span> <span class='ocrx_word' id='word_1_445' title='bbox 1271 4500 1335 4539; x_wconf 77' lang='lat' dir='ltr'><strong>ex</strong></span> <span class='ocrx_word' id='word_1_446' title='bbox 1368 4484 1471 4538; x_wconf 80' lang='lat' dir='ltr'><strong>fide</strong></span> <span class='ocrx_word' id='word_1_447' title='bbox 1501 4501 1636 4538; x_wconf 87' lang='lat' dir='ltr'><strong>mss.</strong></span> <span class='ocrx_word' id='word_1_448' title='bbox 1660 4484 2001 4538; x_wconf 83' lang='lat' dir='ltr'><strong>suffecimus.</strong></span> 
     </span>
    </p>
   </div>
   <div class='ocr_carea' id='block_1_62' title="bbox 842 4553 2307 4621">
    <p class='ocr_par' dir='ltr' id='par_1_62' title="bbox 842 4553 2307 4621">
     <span class='ocr_line' id='line_1_62' title="bbox 842 4553 2307 4621; baseline -0.003 -12"><span class='ocrx_word' id='word_1_449' title='bbox 842 4558 902 4609; x_wconf 88' lang='lat' dir='ltr'><strong>lii</strong></span> <span class='ocrx_word' id='word_1_450' title='bbox 950 4556 1121 4610; x_wconf 78' lang='lat' dir='ltr'><strong>Vatic.</strong></span> <span class='ocrx_word' id='word_1_451' title='bbox 1180 4569 1231 4609; x_wconf 85' lang='lat' dir='ltr'><strong>et</strong></span> <span class='ocrx_word' id='word_1_452' title='bbox 1283 4565 1452 4608; x_wconf 88' lang='lat' dir='ltr'><strong>veter.</strong></span> <span class='ocrx_word' id='word_1_453' title='bbox 1501 4559 1673 4614; x_wconf 82' lang='lat' dir='ltr'><strong>eilit..</strong></span> <span class='ocrx_word' id='word_1_454' title='bbox 1734 4554 1969 4608; x_wconf 82' lang='lat' dir='ltr'><strong>Stultum</strong></span> <span class='ocrx_word' id='word_1_455' title='bbox 2024 4563 2099 4606; x_wconf 81' lang='lat' dir='ltr'><strong>est</strong></span> <span class='ocrx_word' id='word_1_456' title='bbox 2156 4553 2307 4621; x_wconf 80' lang='lat' dir='ltr'><strong>[idem</strong></span> 
     </span>
    </p>
   </div>
   <div class='ocr_carea' id='block_1_63' title="bbox 726 4626 1734 4693">
    <p class='ocr_par' dir='ltr' id='par_1_63' title="bbox 726 4626 1734 4693">
     <span class='ocr_line' id='line_1_63' title="bbox 726 4626 1734 4693; baseline -0.003 -14"><span class='ocrx_word' id='word_1_457' title='bbox 726 4642 892 4679; x_wconf 82' lang='lat' dir='ltr'><strong>meam</strong></span> <span class='ocrx_word' id='word_1_458' title='bbox 926 4639 991 4678; x_wconf 79' lang='lat' dir='ltr'><strong>ea:</strong></span> <span class='ocrx_word' id='word_1_459' title='bbox 1022 4626 1243 4678; x_wconf 80' lang='lat' dir='ltr'><strong>alterius</strong></span> <span class='ocrx_word' id='word_1_460' title='bbox 1272 4626 1491 4693; x_wconf 82' lang='lat' dir='ltr'><strong>pendere</strong></span> <span class='ocrx_word' id='word_1_461' title='bbox 1510 4626 1734 4693; x_wconf 80' lang='lat' dir='ltr'><strong>judicio.</strong></span> 
     </span>
    </p>
   </div>
   <div class='ocr_carea' id='block_1_64' title="bbox 798 4694 2316 4763">
    <p class='ocr_par' dir='ltr' id='par_1_64' title="bbox 798 4694 2316 4763">
     <span class='ocr_line' id='line_1_64' title="bbox 798 4694 2316 4763; baseline 0 -14"><span class='ocrx_word' id='word_1_462' title='bbox 798 4696 819 4727; x_wconf 87' lang='grc'><strong><em>³</em></strong></span> <span class='ocrx_word' id='word_1_463' title='bbox 851 4698 991 4749; x_wconf 89' lang='lat' dir='ltr'><strong>idem</strong></span> <span class='ocrx_word' id='word_1_464' title='bbox 1029 4695 1149 4749; x_wconf 76' lang='lat' dir='ltr'><strong>Vat.</strong></span> <span class='ocrx_word' id='word_1_465' title='bbox 1203 4697 1308 4747; x_wconf 86' lang='lat' dir='ltr'><strong>dici</strong></span> <span class='ocrx_word' id='word_1_466' title='bbox 1335 4695 1417 4746; x_wconf 80' lang='lat' dir='ltr'><strong>hic</strong></span> <span class='ocrx_word' id='word_1_467' title='bbox 1438 4711 1548 4747; x_wconf 80' lang='lat' dir='ltr'><strong>esse</strong></span> <span class='ocrx_word' id='word_1_468' title='bbox 1572 4696 1799 4763; x_wconf 79' lang='lat' dir='ltr'><strong>aliquos.</strong></span> <span class='ocrx_word' id='word_1_469' title='bbox 1832 4694 2001 4748; x_wconf 83' lang='lat' dir='ltr'><strong>Vetus</strong></span> <span class='ocrx_word' id='word_1_470' title='bbox 2033 4695 2166 4751; x_wconf 87' lang='lat' dir='ltr'><strong>edit.</strong></span> <span class='ocrx_word' id='word_1_471' title='bbox 2193 4711 2316 4750; x_wconf 93' lang='lat' dir='ltr'><strong>cuni</strong></span> 
     </span>
    </p>
   </div>
   <div class='ocr_carea' id='block_1_65' title="bbox 729 4765 1677 4833">
    <p class='ocr_par' dir='ltr' id='par_1_65' title="bbox 729 4765 1677 4833">
     <span class='ocr_line' id='line_1_65' title="bbox 729 4765 1677 4833; baseline -0.004 -13"><span class='ocrx_word' id='word_1_472' title='bbox 729 4767 951 4833; x_wconf 64' lang='lat' dir='ltr'><strong>Regina:</strong></span> <span class='ocrx_word' id='word_1_473' title='bbox 992 4781 1121 4827; x_wconf 92' lang='lat' dir='ltr'><strong>ms.,</strong></span> <span class='ocrx_word' id='word_1_474' title='bbox 1158 4765 1262 4817; x_wconf 81' lang='lat' dir='ltr'><strong>dici</strong></span> <span class='ocrx_word' id='word_1_475' title='bbox 1289 4767 1382 4817; x_wconf 85' lang='lat' dir='ltr'><strong>hoc</strong></span> <span class='ocrx_word' id='word_1_476' title='bbox 1405 4780 1535 4829; x_wconf 79' lang='lat' dir='ltr'><strong>esse,</strong></span> <span class='ocrx_word' id='word_1_477' title='bbox 1571 4776 1677 4818; x_wconf 91' lang='lat' dir='ltr'><strong>etc.</strong></span> 
     </span>
    </p>
   </div>
   <div class='ocr_carea' id='block_1_66' title="bbox 801 4834 2321 4903">
    <p class='ocr_par' dir='ltr' id='par_1_66' title="bbox 801 4834 2321 4903">
     <span class='ocr_line' id='line_1_66' title="bbox 801 4834 2321 4903; baseline 0.001 -15"><span class='ocrx_word' id='word_1_478' title='bbox 801 4838 1044 4890; x_wconf 76' lang='lat' dir='ltr'><strong>&#39;\’occm</strong></span> <span class='ocrx_word' id='word_1_479' title='bbox 1083 4837 1322 4903; x_wconf 80' lang='lat' dir='ltr'><strong>parentis</strong></span> <span class='ocrx_word' id='word_1_480' title='bbox 1372 4834 1548 4887; x_wconf 79' lang='lat' dir='ltr'><strong>Vatic.</strong></span> <span class='ocrx_word' id='word_1_481' title='bbox 1600 4851 1706 4887; x_wconf 90' lang='lat' dir='ltr'><strong>non</strong></span> <span class='ocrx_word' id='word_1_482' title='bbox 1765 4837 2032 4902; x_wconf 77' lang='lat' dir='ltr'><strong>agnoscit,</strong></span> <span class='ocrx_word' id='word_1_483' title='bbox 2078 4846 2132 4888; x_wconf 84' lang='lat' dir='ltr'><strong>et</strong></span> <span class='ocrx_word' id='word_1_484' title='bbox 2192 4836 2321 4903; x_wconf 75' lang='lat' dir='ltr'><strong>legit</strong></span> 
     </span>
    </p>
   </div>
   <div class='ocr_carea' id='block_1_67' title="bbox 726 4904 2321 4976">
    <p class='ocr_par' dir='ltr' id='par_1_67' title="bbox 726 4904 2321 4976">
     <span class='ocr_line' id='line_1_67' title="bbox 726 4904 2321 4976; baseline 0.001 -17"><span class='ocrx_word' id='word_1_485' title='bbox 726 4908 889 4975; x_wconf 86' lang='lat' dir='ltr'><strong>paulo</strong></span> <span class='ocrx_word' id='word_1_486' title='bbox 914 4916 1035 4973; x_wconf 71' lang='lat' dir='ltr'><strong>past</strong></span> <span class='ocrx_word' id='word_1_487' title='bbox 1081 4907 1252 4958; x_wconf 76' lang='lat' dir='ltr'><strong>alieno</strong></span> <span class='ocrx_word' id='word_1_488' title='bbox 1281 4914 1329 4959; x_wconf 84' lang='lat' dir='ltr'><strong>et</strong></span> <span class='ocrx_word' id='word_1_489' title='bbox 1361 4920 1455 4956; x_wconf 78' lang='lat' dir='ltr'><strong>suo</strong></span> <span class='ocrx_word' id='word_1_490' title='bbox 1483 4915 1703 4972; x_wconf 83' lang='lat' dir='ltr'><strong>peccato</strong></span> <span class='ocrx_word' id='word_1_491' title='bbox 1739 4904 1935 4959; x_wconf 81' lang='lat' dir='ltr'><strong>Christi</strong></span> <span class='ocrx_word' id='word_1_492' title='bbox 1980 4909 2234 4976; x_wconf 73' lang='lat' dir='ltr'><strong>sanguine</strong></span> <span class='ocrx_word' id='word_1_493' title='bbox 2257 4912 2321 4959; x_wconf 82' lang='lat' dir='ltr'><strong>li-</strong></span> 
     </span>
    </p>
   </div>
   <div class='ocr_carea' id='block_1_68' title="bbox 725 4976 2315 5043">
    <p class='ocr_par' dir='ltr' id='par_1_68' title="bbox 725 4976 2315 5043">
     <span class='ocr_line' id='line_1_68' title="bbox 725 4976 2315 5043; baseline 0.001 -15"><span class='ocrx_word' id='word_1_494' title='bbox 725 4978 958 5029; x_wconf 73' lang='lat' dir='ltr'><strong>beratur.</strong></span> <span class='ocrx_word' id='word_1_495' title='bbox 992 4976 1214 5043; x_wconf 69' lang='lat' dir='ltr'><strong>lii-gina:</strong></span> <span class='ocrx_word' id='word_1_496' title='bbox 1263 4976 1356 5028; x_wconf 87' lang='lat' dir='ltr'><strong>lib.</strong></span> <span class='ocrx_word' id='word_1_497' title='bbox 1392 4976 1567 5028; x_wconf 73' lang='lat' dir='ltr'><strong>alieno</strong></span> <span class='ocrx_word' id='word_1_498' title='bbox 1600 4988 1691 5028; x_wconf 80' lang='lat' dir='ltr'><strong>aut</strong></span> <span class='ocrx_word' id='word_1_499' title='bbox 1728 4992 1823 5029; x_wconf 80' lang='lat' dir='ltr'><strong>suo</strong></span> <span class='ocrx_word' id='word_1_500' title='bbox 1861 4989 2069 5042; x_wconf 70' lang='lat' dir='ltr'><strong>peccato</strong></span> <span class='ocrx_word' id='word_1_501' title='bbox 2093 4988 2315 5041; x_wconf 72' lang='lat' dir='ltr'><strong>tenetur,</strong></span> 
     </span>
    </p>
   </div>
   <div class='ocr_carea' id='block_1_69' title="bbox 724 5046 1387 5113">
    <p class='ocr_par' dir='ltr' id='par_1_69' title="bbox 724 5046 1387 5113">
     <span class='ocr_line' id='line_1_69' title="bbox 724 5046 1387 5113; baseline -0.006 -12"><span class='ocrx_word' id='word_1_502' title='bbox 724 5048 919 5101; x_wconf 76' lang='lat' dir='ltr'><strong>Christi</strong></span> <span class='ocrx_word' id='word_1_503' title='bbox 975 5046 1252 5113; x_wconf 79' lang='lat' dir='ltr'><strong>sanguine,</strong></span> <span class='ocrx_word' id='word_1_504' title='bbox 1280 5054 1387 5097; x_wconf 84' lang='lat' dir='ltr'><strong>etc.</strong></span> 
     </span>
    </p>
   </div>
   <div class='ocr_carea' id='block_1_70' title="bbox 800 5115 2317 5183">
    <p class='ocr_par' dir='ltr' id='par_1_70' title="bbox 800 5115 2317 5183">
     <span class='ocr_line' id='line_1_70' title="bbox 800 5115 2317 5183; baseline 0.001 -17"><span class='ocrx_word' id='word_1_505' title='bbox 800 5119 820 5147; x_wconf 82' lang='grc'>⁸</span> <span class='ocrx_word' id='word_1_506' title='bbox 877 5117 1031 5182; x_wconf 75' lang='lat' dir='ltr'><strong>Apud</strong></span> <span class='ocrx_word' id='word_1_507' title='bbox 1084 5121 1263 5183; x_wconf 80' lang='lat' dir='ltr'><strong>ipsum</strong></span> <span class='ocrx_word' id='word_1_508' title='bbox 1312 5115 1638 5183; x_wconf 75' lang='lat' dir='ltr'><strong>tlypriantitn</strong></span> <span class='ocrx_word' id='word_1_509' title='bbox 1692 5118 1943 5178; x_wconf 78' lang='lat' dir='ltr'><strong>multant,</strong></span> <span class='ocrx_word' id='word_1_510' title='bbox 1999 5124 2053 5169; x_wconf 82' lang='lat' dir='ltr'><strong>et</strong></span> <span class='ocrx_word' id='word_1_511' title='bbox 2099 5117 2317 5168; x_wconf 72' lang='lat' dir='ltr'><strong>remissa</strong></span> 
     </span>
    </p>
   </div>
   <div class='ocr_carea' id='block_1_71' title="bbox 724 5184 2312 5256">
    <p class='ocr_par' dir='ltr' id='par_1_71' title="bbox 724 5184 2312 5256">
     <span class='ocr_line' id='line_1_71' title="bbox 724 5184 2312 5256; baseline 0 -17"><span class='ocrx_word' id='word_1_512' title='bbox 724 5203 847 5239; x_wconf 87' lang='lat' dir='ltr'><strong>cuin</strong></span> <span class='ocrx_word' id='word_1_513' title='bbox 887 5185 1061 5256; x_wconf 79' lang='lat' dir='ltr'><strong>Vattc.</strong></span> <span class='ocrx_word' id='word_1_514' title='bbox 1088 5196 1152 5256; x_wconf 87' lang='lat' dir='ltr'><strong>et_</strong></span> <span class='ocrx_word' id='word_1_515' title='bbox 1172 5184 1338 5237; x_wconf 86' lang='lat' dir='ltr'><strong>veteri</strong></span> <span class='ocrx_word' id='word_1_516' title='bbox 1367 5186 1498 5236; x_wconf 78' lang='lat' dir='ltr'><strong>edit.</strong></span> <span class='ocrx_word' id='word_1_517' title='bbox 1527 5224 1540 5243; x_wconf 87' lang='lat'><strong>,</strong></span> <span class='ocrx_word' id='word_1_518' title='bbox 1572 5197 1680 5237; x_wconf 92' lang='lat' dir='ltr'><strong>tum</strong></span> <span class='ocrx_word' id='word_1_519' title='bbox 1713 5198 1869 5254; x_wconf 84' lang='lat' dir='ltr'><strong>atque</strong></span> <span class='ocrx_word' id='word_1_520' title='bbox 1896 5205 1925 5239; x_wconf 90' lang='lat' dir='ltr'><strong>a</strong></span> <span class='ocrx_word' id='word_1_521' title='bbox 1949 5190 2123 5256; x_wconf 79' lang='lat' dir='ltr'><strong>gratia</strong></span> <span class='ocrx_word' id='word_1_522' title='bbox 2149 5197 2312 5239; x_wconf 84' lang='lat' dir='ltr'><strong>etiam</strong></span> 
     </span>
    </p>
   </div>
   <div class='ocr_carea' id='block_1_72' title="bbox 727 5254 2317 5320">
    <p class='ocr_par' dir='ltr' id='par_1_72' title="bbox 727 5254 2317 5320">
     <span class='ocr_line' id='line_1_72' title="bbox 727 5254 2317 5320; baseline 0.001 -13"><span class='ocrx_word' id='word_1_523' title='bbox 727 5258 865 5309; x_wconf 72' lang='lat' dir='ltr'><strong>intra</strong></span> <span class='ocrx_word' id='word_1_524' title='bbox 904 5255 1099 5308; x_wconf 86' lang='lat' dir='ltr'><strong>deinde</strong></span> <span class='ocrx_word' id='word_1_525' title='bbox 1131 5254 1202 5307; x_wconf 88' lang='lat' dir='ltr'><strong>Dc</strong></span> <span class='ocrx_word' id='word_1_526' title='bbox 1264 5269 1356 5320; x_wconf 87' lang='lat' dir='ltr'><strong>ope</strong></span> <span class='ocrx_word' id='word_1_527' title='bbox 1397 5265 1602 5314; x_wconf 83' lang='lat' dir='ltr'><strong>nostra.</strong></span> <span class='ocrx_word' id='word_1_528' title='bbox 1654 5273 1715 5308; x_wconf 85' lang='lat' dir='ltr'><strong>ac</strong></span> <span class='ocrx_word' id='word_1_529' title='bbox 1760 5261 1825 5310; x_wconf 71' lang='lat' dir='ltr'><strong>de</strong></span> <span class='ocrx_word' id='word_1_530' title='bbox 1880 5254 2059 5310; x_wconf 69' lang='lat' dir='ltr'><strong>diuina</strong></span> <span class='ocrx_word' id='word_1_531' title='bbox 2108 5258 2317 5309; x_wconf 34' lang='lat' dir='ltr'><strong>miseri.</strong></span> 
     </span>
    </p>
   </div>
   <div class='ocr_carea' id='block_1_73' title="bbox 725 5324 2314 5394">
    <p class='ocr_par' dir='ltr' id='par_1_73' title="bbox 725 5324 2314 5394">
     <span class='ocr_line' id='line_1_73' title="bbox 725 5324 2314 5394; baseline 0.002 -18"><span class='ocrx_word' id='word_1_532' title='bbox 725 5328 934 5387; x_wconf 77' lang='lat' dir='ltr'><strong>cordia,</strong></span> <span class='ocrx_word' id='word_1_533' title='bbox 978 5324 1437 5394; x_wconf 76' lang='lat' dir='ltr'><strong>quemadmodum</strong></span> <span class='ocrx_word' id='word_1_534' title='bbox 1498 5334 1662 5379; x_wconf 85' lang='lat' dir='ltr'><strong>etiam</strong></span> <span class='ocrx_word' id='word_1_535' title='bbox 1728 5330 1872 5394; x_wconf 87' lang='lat' dir='ltr'><strong>apud</strong></span> <span class='ocrx_word' id='word_1_536' title='bbox 1923 5329 2071 5381; x_wconf 83' lang='lat' dir='ltr'><strong>Hier.</strong></span> <span class='ocrx_word' id='word_1_537' title='bbox 2127 5344 2314 5380; x_wconf 81' lang='lat' dir='ltr'><strong>emen-</strong></span> 
     </span>
    </p>
   </div>
   <div class='ocr_carea' id='block_1_74' title="bbox 725 5393 2313 5465">
    <p class='ocr_par' dir='ltr' id='par_1_74' title="bbox 725 5393 2313 5465">
     <span class='ocr_line' id='line_1_74' title="bbox 725 5393 2313 5465; baseline 0.001 -16"><span class='ocrx_word' id='word_1_538' title='bbox 725 5398 963 5449; x_wconf 73' lang='lat' dir='ltr'><strong>dillltlttlll</strong></span> <span class='ocrx_word' id='word_1_539' title='bbox 1022 5398 1273 5465; x_wconf 72' lang='lat' dir='ltr'><strong>videtur.</strong></span> <span class='ocrx_word' id='word_1_540' title='bbox 1318 5393 1669 5448; x_wconf 73' lang='lat' dir='ltr'><strong>Martianacus</strong></span> <span class='ocrx_word' id='word_1_541' title='bbox 1727 5393 2091 5465; x_wconf 76' lang='lat' dir='ltr'><strong>pesterioreni</strong></span> <span class='ocrx_word' id='word_1_542' title='bbox 2149 5399 2313 5463; x_wconf 69' lang='lat' dir='ltr'><strong>huius</strong></span> 
     </span>
    </p>
   </div>
   <div class='ocr_carea' id='block_1_75' title="bbox 730 5464 1993 5534">
    <p class='ocr_par' dir='ltr' id='par_1_75' title="bbox 730 5464 1993 5534">
     <span class='ocr_line' id='line_1_75' title="bbox 730 5464 1993 5534; baseline 0.001 -14"><span class='ocrx_word' id='word_1_543' title='bbox 730 5470 833 5520; x_wconf 80' lang='lat' dir='ltr'><strong>loci</strong></span> <span class='ocrx_word' id='word_1_544' title='bbox 876 5480 1081 5533; x_wconf 81' lang='lat' dir='ltr'><strong>partem</strong></span> <span class='ocrx_word' id='word_1_545' title='bbox 1114 5464 1373 5534; x_wconf 68' lang='lat' dir='ltr'><strong>Cypriani</strong></span> <span class='ocrx_word' id='word_1_546' title='bbox 1403 5480 1524 5518; x_wconf 83' lang='lat' dir='ltr'><strong>esse</strong></span> <span class='ocrx_word' id='word_1_547' title='bbox 1557 5483 1661 5518; x_wconf 86' lang='lat' dir='ltr'><strong>non</strong></span> <span class='ocrx_word' id='word_1_548' title='bbox 1705 5464 1993 5521; x_wconf 76' lang='lat' dir='ltr'><strong>intellexit.</strong></span> 
     </span>
    </p>
   </div>
   <div class='ocr_carea' id='block_1_76' title="bbox 799 5535 2311 5607">
    <p class='ocr_par' dir='ltr' id='par_1_76' title="bbox 799 5535 2311 5607">
     <span class='ocr_line' id='line_1_76' title="bbox 799 5535 2311 5607; baseline 0.001 -18"><span class='ocrx_word' id='word_1_549' title='bbox 799 5536 820 5567; x_wconf 83' lang='lat'><strong>‘</strong></span> <span class='ocrx_word' id='word_1_550' title='bbox 853 5537 1006 5589; x_wconf 92' lang='lat' dir='ltr'><strong>llunc</strong></span> <span class='ocrx_word' id='word_1_551' title='bbox 1042 5539 1215 5589; x_wconf 87' lang='lat' dir='ltr'><strong>locum</strong></span> <span class='ocrx_word' id='word_1_552' title='bbox 1250 5536 1474 5607; x_wconf 77' lang='lat' dir='ltr'><strong>respicit</strong></span> <span class='ocrx_word' id='word_1_553' title='bbox 1523 5535 1581 5588; x_wconf 88' lang='lat' dir='ltr'><strong>S.</strong></span> <span class='ocrx_word' id='word_1_554' title='bbox 1611 5536 1831 5607; x_wconf 85' lang='lat' dir='ltr'><strong>Doctor.</strong></span> <span class='ocrx_word' id='word_1_555' title='bbox 1861 5548 2023 5607; x_wconf 83' lang='lat' dir='ltr'><strong>epist.</strong></span> <span class='ocrx_word' id='word_1_556' title='bbox 2079 5538 2207 5603; x_wconf 69' lang='grc'><strong>134,</strong></span> <span class='ocrx_word' id='word_1_557' title='bbox 2246 5539 2311 5591; x_wconf 87' lang='lat' dir='ltr'><strong>ad</strong></span> 
     </span>
    </p>
   </div>
   <div class='ocr_carea' id='block_1_77' title="bbox 723 5604 2315 5676">
    <p class='ocr_par' dir='ltr' id='par_1_77' title="bbox 723 5604 2315 5676">
     <span class='ocr_line' id='line_1_77' title="bbox 723 5604 2315 5676; baseline 0.001 -17"><span class='ocrx_word' id='word_1_558' title='bbox 723 5608 992 5675; x_wconf 76' lang='lat' dir='ltr'><strong>August.,</strong></span> <span class='ocrx_word' id='word_1_559' title='bbox 1028 5622 1083 5658; x_wconf 86' lang='grc' dir='ltr'><strong>η.</strong></span> <span class='ocrx_word' id='word_1_560' title='bbox 1107 5624 1160 5659; x_wconf 89' lang='lat' dir='ltr'><strong>i:</strong></span> <span class='ocrx_word' id='word_1_561' title='bbox 1197 5622 1216 5676; x_wconf 66' lang='grc' dir='ltr'><strong>ι</strong></span> <span class='ocrx_word' id='word_1_562' title='bbox 1248 5604 1409 5657; x_wconf 86' lang='lat' dir='ltr'><strong>Certe</strong></span> <span class='ocrx_word' id='word_1_563' title='bbox 1440 5614 1495 5658; x_wconf 88' lang='lat' dir='ltr'><strong>et</strong></span> <span class='ocrx_word' id='word_1_564' title='bbox 1555 5608 1606 5658; x_wconf 90' lang='lat' dir='ltr'><strong>in</strong></span> <span class='ocrx_word' id='word_1_565' title='bbox 1662 5604 1911 5675; x_wconf 66' lang='lat' dir='ltr'><strong>Dialogo,</strong></span> <span class='ocrx_word' id='word_1_566' title='bbox 1946 5625 2107 5676; x_wconf 84' lang='lat' dir='ltr'><strong>quem</strong></span> <span class='ocrx_word' id='word_1_567' title='bbox 2141 5624 2315 5675; x_wconf 83' lang='lat' dir='ltr'><strong>nuper</strong></span> 
     </span>
    </p>
   </div>
   <div class='ocr_carea' id='block_1_78' title="bbox 725 5674 2309 5745">
    <p class='ocr_par' dir='ltr' id='par_1_78' title="bbox 725 5674 2309 5745">
     <span class='ocr_line' id='line_1_78' title="bbox 725 5674 2309 5745; baseline 0.001 -18"><span class='ocrx_word' id='word_1_568' title='bbox 725 5674 890 5739; x_wconf 66' lang='lat' dir='ltr'><strong>editi,</strong></span> <span class='ocrx_word' id='word_1_569' title='bbox 932 5690 1034 5729; x_wconf 80' lang='lat' dir='ltr'><strong>tua:</strong></span> <span class='ocrx_word' id='word_1_570' title='bbox 1062 5674 1442 5741; x_wconf 86' lang='lat' dir='ltr'><strong>Beatitudiuis,</strong></span> <span class='ocrx_word' id='word_1_571' title='bbox 1471 5683 1528 5728; x_wconf 92' lang='lat' dir='ltr'><strong>ut</strong></span> <span class='ocrx_word' id='word_1_572' title='bbox 1555 5677 1778 5745; x_wconf 75' lang='lat' dir='ltr'><strong>dignum</strong></span> <span class='ocrx_word' id='word_1_573' title='bbox 1812 5674 2013 5742; x_wconf 70' lang='lat' dir='ltr'><strong>fuerat,</strong></span> <span class='ocrx_word' id='word_1_574' title='bbox 2051 5674 2309 5731; x_wconf 74' lang='lat' dir='ltr'><strong>recorda-</strong></span> 
     </span>
    </p>
   </div>
   <div class='ocr_carea' id='block_1_79' title="bbox 727 5757 1180 5808">
    <p class='ocr_par' dir='ltr' id='par_1_79' title="bbox 727 5757 1180 5808">
     <span class='ocr_line' id='line_1_79' title="bbox 727 5757 1180 5808; baseline 0 -9"><span class='ocrx_word' id='word_1_575' title='bbox 727 5758 811 5799; x_wconf 73' lang='lat' dir='ltr'><strong>tus</strong></span> <span class='ocrx_word' id='word_1_576' title='bbox 846 5762 991 5808; x_wconf 88' lang='lat' dir='ltr'><strong>sum,</strong></span> <span class='ocrx_word' id='word_1_577' title='bbox 1030 5765 1047 5797; x_wconf 72' lang='grc' dir='ltr'><strong>ι</strong></span> <span class='ocrx_word' id='word_1_578' title='bbox 1077 5757 1180 5800; x_wconf 81' lang='lat' dir='ltr'><strong>etc.</strong></span> 
     </span>
    </p>
   </div>
   <div class='ocr_carea' id='block_1_80' title="bbox 796 5815 2310 5871">
    <p class='ocr_par' dir='ltr' id='par_1_80' title="bbox 796 5815 2310 5871">
     <span class='ocr_line' id='line_1_80' title="bbox 796 5815 2310 5871; baseline 0.001 -4"><span class='ocrx_word' id='word_1_579' title='bbox 796 5818 814 5843; x_wconf 83' lang='lat'><strong>&#39;</strong></span> <span class='ocrx_word' id='word_1_580' title='bbox 863 5817 1062 5870; x_wconf 72' lang='lat' dir='ltr'><strong>Vitiose</strong></span> <span class='ocrx_word' id='word_1_581' title='bbox 1135 5817 1478 5870; x_wconf 72' lang='lat' dir='ltr'><strong>Martianaeus</strong></span> <span class='ocrx_word' id='word_1_582' title='bbox 1536 5816 1835 5871; x_wconf 84' lang='lat' dir='ltr'><strong>lleracli&#39;m&#39;.</strong></span> <span class='ocrx_word' id='word_1_583' title='bbox 1902 5815 2079 5871; x_wconf 71' lang='lat' dir='ltr'><strong>Vatic.</strong></span> <span class='ocrx_word' id='word_1_584' title='bbox 2139 5816 2310 5869; x_wconf 74' lang='lat' dir='ltr'><strong>Hera-</strong></span> 
     </span>
    </p>
   </div>
   <div class='ocr_carea' id='block_1_81' title="bbox 726 5887 2301 5944">
    <p class='ocr_par' dir='ltr' id='par_1_81' title="bbox 726 5887 2301 5944">
     <span class='ocr_line' id='line_1_81' title="bbox 726 5887 2301 5944; baseline 0.004 -8"><span class='ocrx_word' id='word_1_585' title='bbox 726 5887 935 5940; x_wconf 79' lang='lat' dir='ltr'><strong>cleam:</strong></span> <span class='ocrx_word' id='word_1_586' title='bbox 972 5898 1124 5943; x_wconf 86' lang='lat' dir='ltr'><strong>vetus</strong></span> <span class='ocrx_word' id='word_1_587' title='bbox 1150 5891 1282 5943; x_wconf 85' lang='lat' dir='ltr'><strong>edit.</strong></span> <span class='ocrx_word' id='word_1_588' title='bbox 1311 5891 1445 5942; x_wconf 81' lang='lat' dir='ltr'><strong>satis</strong></span> <span class='ocrx_word' id='word_1_589' title='bbox 1478 5890 1612 5944; x_wconf 86' lang='lat' dir='ltr'><strong>bene</strong></span> <span class='ocrx_word' id='word_1_590' title='bbox 1662 5890 2017 5943; x_wconf 73' lang='lat' dir='ltr'><strong>llcracliuna‘.</strong></span> <span class='ocrx_word' id='word_1_591' title='bbox 2070 5888 2125 5941; x_wconf 93' lang='lat' dir='ltr'><strong>lu</strong></span> <span class='ocrx_word' id='word_1_592' title='bbox 2181 5892 2301 5943; x_wconf 81' lang='lat' dir='ltr'><strong>aliis</strong></span> 
     </span>
    </p>
   </div>
   <div class='ocr_carea' id='block_1_82' title="bbox 2408 1996 3990 2069">
    <p class='ocr_par' dir='ltr' id='par_1_82' title="bbox 2408 1996 3990 2069">
     <span class='ocr_line' id='line_1_82' title="bbox 2408 1996 3990 2069; baseline 0.004 -21"><span class='ocrx_word' id='word_1_593' title='bbox 2408 1996 2595 2051; x_wconf 87' lang='lat' dir='ltr'><strong>rendis</strong></span> <span class='ocrx_word' id='word_1_594' title='bbox 2620 1996 2878 2051; x_wconf 68' lang='lat' dir='ltr'><strong>amulum</strong></span> <span class='ocrx_word' id='word_1_595' title='bbox 2919 1997 3200 2066; x_wconf 83' lang='lat' dir='ltr'><strong>gloriaris,</strong></span> <span class='ocrx_word' id='word_1_596' title='bbox 3238 2000 3290 2052; x_wconf 91' lang='lat' dir='ltr'><strong>in</strong></span> <span class='ocrx_word' id='word_1_597' title='bbox 3325 1999 3555 2067; x_wconf 89' lang='lat' dir='ltr'><strong>epistola</strong></span> <span class='ocrx_word' id='word_1_598' title='bbox 3588 2018 3749 2069; x_wconf 74' lang='lat' dir='ltr'><strong>quam</strong></span> <span class='ocrx_word' id='word_1_599' title='bbox 3798 2004 3990 2057; x_wconf 81' lang='lat' dir='ltr'><strong>scribit</strong></span> 
     </span>
    </p>
   </div>
   <div class='ocr_carea' id='block_1_83' title="bbox 2407 2086 3992 2164">
    <p class='ocr_par' dir='ltr' id='par_1_83' title="bbox 2407 2086 3992 2164">
     <span class='ocr_line' id='line_1_83' title="bbox 2407 2086 3992 2164; baseline 0.003 -23"><span class='ocrx_word' id='word_1_600' title='bbox 2407 2087 2475 2141; x_wconf 90' lang='lat' dir='ltr'><strong>ad</strong></span> <span class='ocrx_word' id='word_1_601' title='bbox 2526 2090 2849 2159; x_wconf 82' lang='lat' dir='ltr'><strong>episcopum</strong></span> <span class='ocrx_word' id='word_1_602' title='bbox 2905 2086 3102 2143; x_wconf 80' lang='lat' dir='ltr'><strong>Fidum</strong></span> <span class='ocrx_word' id='word_1_603' title='bbox 3160 2088 3229 2144; x_wconf 88' lang='lat' dir='ltr'><strong>de</strong></span> <span class='ocrx_word' id='word_1_604' title='bbox 3289 2089 3592 2145; x_wconf 86' lang='lat' dir='ltr'><strong>infantibus</strong></span> <span class='ocrx_word' id='word_1_605' title='bbox 3645 2094 3992 2164; x_wconf 79' lang='lat' dir='ltr'><strong>baptizandis</strong></span> 
     </span>
    </p>
   </div>
   <div class='ocr_carea' id='block_1_84' title="bbox 2410 2182 3993 2255">
    <p class='ocr_par' dir='ltr' id='par_1_84' title="bbox 2410 2182 3993 2255">
     <span class='ocr_line' id='line_1_84' title="bbox 2410 2182 3993 2255; baseline 0.003 -18"><span class='ocrx_word' id='word_1_606' title='bbox 2410 2185 2525 2237; x_wconf 69' lang='lat' dir='ltr'><strong>haec</strong></span> <span class='ocrx_word' id='word_1_607' title='bbox 2562 2193 2888 2238; x_wconf 87' lang='lat' dir='ltr'><strong>memorat:</strong></span> <span class='ocrx_word' id='word_1_608' title='bbox 2932 2202 2949 2234; x_wconf 76' lang='grc' dir='ltr'><strong>ι</strong></span> <span class='ocrx_word' id='word_1_609' title='bbox 2991 2182 3159 2237; x_wconf 87' lang='lat' dir='ltr'><strong>Porro</strong></span> <span class='ocrx_word' id='word_1_610' title='bbox 3187 2192 3368 2238; x_wconf 88' lang='lat' dir='ltr'><strong>autem</strong></span> <span class='ocrx_word' id='word_1_611' title='bbox 3433 2186 3475 2240; x_wconf 92' lang='lat' dir='ltr'><strong>si</strong></span> <span class='ocrx_word' id='word_1_612' title='bbox 3518 2186 3677 2239; x_wconf 89' lang='lat' dir='ltr'><strong>etiam</strong></span> <span class='ocrx_word' id='word_1_613' title='bbox 3736 2188 3993 2255; x_wconf 80' lang='lat' dir='ltr'><strong>gravissi-</strong></span> 
     </span>
    </p>
   </div>
   <div class='ocr_carea' id='block_1_85' title="bbox 2408 2273 3991 2347">
    <p class='ocr_par' dir='ltr' id='par_1_85' title="bbox 2408 2273 3991 2347">
     <span class='ocr_line' id='line_1_85' title="bbox 2408 2273 3991 2347; baseline 0.004 -20"><span class='ocrx_word' id='word_1_614' title='bbox 2408 2273 2512 2329; x_wconf 87' lang='lat' dir='ltr'><strong>mis</strong></span> <span class='ocrx_word' id='word_1_615' title='bbox 2543 2273 2922 2338; x_wconf 77' lang='lat' dir='ltr'><strong>deliCtoribus,</strong></span> <span class='ocrx_word' id='word_1_616' title='bbox 2948 2282 3003 2330; x_wconf 87' lang='lat' dir='ltr'><strong>et</strong></span> <span class='ocrx_word' id='word_1_617' title='bbox 3036 2275 3089 2328; x_wconf 93' lang='lat' dir='ltr'><strong>in</strong></span> <span class='ocrx_word' id='word_1_618' title='bbox 3123 2273 3292 2330; x_wconf 87' lang='lat' dir='ltr'><strong>Deum</strong></span> <span class='ocrx_word' id='word_1_619' title='bbox 3326 2277 3497 2332; x_wconf 88' lang='lat' dir='ltr'><strong>multo</strong></span> <span class='ocrx_word' id='word_1_620' title='bbox 3528 2278 3549 2309; x_wconf 83' lang='lat'><strong>&#39;</strong></span> <span class='ocrx_word' id='word_1_621' title='bbox 3583 2288 3710 2333; x_wconf 90' lang='lat' dir='ltr'><strong>ante</strong></span> <span class='ocrx_word' id='word_1_622' title='bbox 3754 2294 3871 2347; x_wconf 60' lang='lat' dir='ltr'><strong>pse.</strong></span> <span class='ocrx_word' id='word_1_623' title='bbox 3893 2296 3991 2333; x_wconf 81' lang='lat' dir='ltr'><strong>an-</strong></span> 
     </span>
    </p>
   </div>
   <div class='ocr_carea' id='block_1_86' title="bbox 2378 2366 3989 2445">
    <p class='ocr_par' dir='ltr' id='par_1_86' title="bbox 2378 2366 3989 2445">
     <span class='ocr_line' id='line_1_86' title="bbox 2378 2366 3989 2445; baseline 0.003 -26"><span class='ocrx_word' id='word_1_624' title='bbox 2378 2441 2382 2445; x_wconf 26' lang='grc'>.</span> <span class='ocrx_word' id='word_1_625' title='bbox 2408 2366 2577 2430; x_wconf 88' lang='lat' dir='ltr'><strong>tibus,</strong></span> <span class='ocrx_word' id='word_1_626' title='bbox 2599 2380 2724 2419; x_wconf 87' lang='lat' dir='ltr'><strong>cum</strong></span> <span class='ocrx_word' id='word_1_627' title='bbox 2757 2375 2940 2434; x_wconf 90' lang='lat' dir='ltr'><strong>postea</strong></span> <span class='ocrx_word' id='word_1_628' title='bbox 2970 2368 3326 2435; x_wconf 86' lang='lat' dir='ltr'><strong>crediderint,</strong></span> <span class='ocrx_word' id='word_1_629' title='bbox 3357 2370 3611 2424; x_wconf 82' lang='lat' dir='ltr'><strong>remissio</strong></span> <span class='ocrx_word' id='word_1_630' title='bbox 3641 2382 3989 2437; x_wconf 63' lang='lat' dir='ltr'><strong>peccaturum</strong></span> 
     </span>
    </p>
   </div>
   <div class='ocr_carea' id='block_1_87' title="bbox 2408 2459 3990 2533">
    <p class='ocr_par' dir='ltr' id='par_1_87' title="bbox 2408 2459 3990 2533">
     <span class='ocr_line' id='line_1_87' title="bbox 2408 2459 3990 2533; baseline 0.002 -19"><span class='ocrx_word' id='word_1_631' title='bbox 2408 2461 2590 2523; x_wconf 89' lang='lat' dir='ltr'><strong>datur,</strong></span> <span class='ocrx_word' id='word_1_632' title='bbox 2628 2470 2680 2514; x_wconf 91' lang='lat' dir='ltr'><strong>et</strong></span> <span class='ocrx_word' id='word_1_633' title='bbox 2704 2474 2733 2513; x_wconf 91' lang='lat' dir='ltr'><strong>a</strong></span> <span class='ocrx_word' id='word_1_634' title='bbox 2768 2459 3043 2528; x_wconf 89' lang='lat' dir='ltr'><strong>baptismo</strong></span> <span class='ocrx_word' id='word_1_635' title='bbox 3062 2472 3223 2531; x_wconf 91' lang='lat' dir='ltr'><strong>atque</strong></span> <span class='ocrx_word' id='word_1_636' title='bbox 3249 2463 3419 2530; x_wconf 84' lang='lat' dir='ltr'><strong>gratia</strong></span> <span class='ocrx_word' id='word_1_637' title='bbox 3450 2478 3607 2518; x_wconf 88' lang='lat' dir='ltr'><strong>nemo</strong></span> <span class='ocrx_word' id='word_1_638' title='bbox 3642 2464 3990 2533; x_wconf 59' lang='lat' dir='ltr'><strong>prohibetur,</strong></span> 
     </span>
    </p>
   </div>
   <div class='ocr_carea' id='block_1_88' title="bbox 2411 2553 3997 2626">
    <p class='ocr_par' dir='ltr' id='par_1_88' title="bbox 2411 2553 3997 2626">
     <span class='ocr_line' id='line_1_88' title="bbox 2411 2553 3997 2626; baseline 0.005 -24"><span class='ocrx_word' id='word_1_639' title='bbox 2411 2562 2622 2621; x_wconf 88' lang='lat' dir='ltr'><strong>quanto</strong></span> <span class='ocrx_word' id='word_1_640' title='bbox 2691 2554 2867 2621; x_wconf 84' lang='lat' dir='ltr'><strong>magis</strong></span> <span class='ocrx_word' id='word_1_641' title='bbox 2924 2553 3202 2622; x_wconf 74' lang='lat' dir='ltr'><strong>prohiberi</strong></span> <span class='ocrx_word' id='word_1_642' title='bbox 3265 2569 3371 2607; x_wconf 88' lang='lat' dir='ltr'><strong>non</strong></span> <span class='ocrx_word' id='word_1_643' title='bbox 3432 2553 3590 2609; x_wconf 87' lang='lat' dir='ltr'><strong>debet</strong></span> <span class='ocrx_word' id='word_1_644' title='bbox 3652 2557 3854 2622; x_wconf 82' lang='lat' dir='ltr'><strong>iulans,</strong></span> <span class='ocrx_word' id='word_1_645' title='bbox 3908 2558 3997 2626; x_wconf 88' lang='lat' dir='ltr'><strong>qui</strong></span> 
     </span>
    </p>
   </div>
   <div class='ocr_carea' id='block_1_89' title="bbox 2410 2646 3994 2717">
    <p class='ocr_par' dir='ltr' id='par_1_89' title="bbox 2410 2646 3994 2717">
     <span class='ocr_line' id='line_1_89' title="bbox 2410 2646 3994 2717; baseline 0.002 -19"><span class='ocrx_word' id='word_1_646' title='bbox 2410 2659 2602 2699; x_wconf 77' lang='lat' dir='ltr'><strong>recens</strong></span> <span class='ocrx_word' id='word_1_647' title='bbox 2634 2653 2798 2699; x_wconf 85' lang='lat' dir='ltr'><strong>natus</strong></span> <span class='ocrx_word' id='word_1_648' title='bbox 2824 2646 2959 2699; x_wconf 88' lang='lat' dir='ltr'><strong>nihil</strong></span> <span class='ocrx_word' id='word_1_649' title='bbox 3013 2647 3274 2713; x_wconf 85' lang='lat' dir='ltr'><strong>peccavit,</strong></span> <span class='ocrx_word' id='word_1_650' title='bbox 3334 2647 3440 2702; x_wconf 91' lang='lat' dir='ltr'><strong>nisi</strong></span> <span class='ocrx_word' id='word_1_651' title='bbox 3492 2648 3636 2717; x_wconf 82' lang='lat' dir='ltr'><strong>quod</strong></span> <span class='ocrx_word' id='word_1_652' title='bbox 3690 2650 3994 2703; x_wconf 86' lang='lat' dir='ltr'><strong>secundum</strong></span> 
     </span>
    </p>
   </div>
   <div class='ocr_carea' id='block_1_90' title="bbox 2411 2736 4002 2811">
    <p class='ocr_par' dir='ltr' id='par_1_90' title="bbox 2411 2736 4002 2811">
     <span class='ocr_line' id='line_1_90' title="bbox 2411 2736 4002 2811; baseline 0.003 -21"><span class='ocrx_word' id='word_1_653' title='bbox 2411 2736 2586 2790; x_wconf 79' lang='lat' dir='ltr'><strong>Adam</strong></span> <span class='ocrx_word' id='word_1_654' title='bbox 2628 2739 2925 2792; x_wconf 83' lang='lat' dir='ltr'><strong>carnaliter</strong></span> <span class='ocrx_word' id='word_1_655' title='bbox 2957 2748 3143 2801; x_wconf 85' lang='lat' dir='ltr'><strong>natus,</strong></span> <span class='ocrx_word' id='word_1_656' title='bbox 3173 2742 3485 2809; x_wconf 81' lang='lat' dir='ltr'><strong>contagium</strong></span> <span class='ocrx_word' id='word_1_657' title='bbox 3518 2743 3716 2795; x_wconf 84' lang='lat' dir='ltr'><strong>mortis</strong></span> <span class='ocrx_word' id='word_1_658' title='bbox 3763 2746 4002 2811; x_wconf 63' lang='lat' dir='ltr'><strong>antiquae</strong></span> 
     </span>
    </p>
   </div>
   <div class='ocr_carea' id='block_1_91' title="bbox 2414 2829 3998 2900">
    <p class='ocr_par' dir='ltr' id='par_1_91' title="bbox 2414 2829 3998 2900">
     <span class='ocr_line' id='line_1_91' title="bbox 2414 2829 3998 2900; baseline 0.004 -19"><span class='ocrx_word' id='word_1_659' title='bbox 2414 2829 2583 2899; x_wconf 84' lang='lat' dir='ltr'><strong>prima</strong></span> <span class='ocrx_word' id='word_1_660' title='bbox 2641 2830 2928 2883; x_wconf 67' lang='lat' dir='ltr'><strong>nativitate</strong></span> <span class='ocrx_word' id='word_1_661' title='bbox 2975 2831 3293 2884; x_wconf 76' lang='lat' dir='ltr'><strong>contraxit?</strong></span> <span class='ocrx_word' id='word_1_662' title='bbox 3356 2835 3447 2900; x_wconf 91' lang='lat' dir='ltr'><strong>qui</strong></span> <span class='ocrx_word' id='word_1_663' title='bbox 3503 2835 3568 2886; x_wconf 90' lang='lat' dir='ltr'><strong>ad</strong></span> <span class='ocrx_word' id='word_1_664' title='bbox 3619 2834 3998 2888; x_wconf 53' lang='lat' dir='ltr'><strong>reiuission-vm</strong></span> 
     </span>
    </p>
   </div>
   <div class='ocr_carea' id='block_1_92' title="bbox 2414 2922 3999 2993">
    <p class='ocr_par' dir='ltr' id='par_1_92' title="bbox 2414 2922 3999 2993">
     <span class='ocr_line' id='line_1_92' title="bbox 2414 2922 3999 2993; baseline 0.004 -20"><span class='ocrx_word' id='word_1_665' title='bbox 2414 2934 2762 2993; x_wconf 81' lang='lat' dir='ltr'><strong>peccatorum</strong></span> <span class='ocrx_word' id='word_1_666' title='bbox 2798 2922 3201 2991; x_wconf 86' lang='lat' dir='ltr'><strong>accipiendam,</strong></span> <span class='ocrx_word' id='word_1_667' title='bbox 3232 2924 3334 2977; x_wconf 87' lang='lat' dir='ltr'><strong>hoc</strong></span> <span class='ocrx_word' id='word_1_668' title='bbox 3364 2926 3483 2993; x_wconf 85' lang='lat' dir='ltr'><strong>ipso</strong></span> <span class='ocrx_word' id='word_1_669' title='bbox 3505 2925 3724 2981; x_wconf 81' lang='lat' dir='ltr'><strong>facilius</strong></span> <span class='ocrx_word' id='word_1_670' title='bbox 3767 2931 3999 2993; x_wconf 81' lang='lat' dir='ltr'><strong>accedit,</strong></span> 
     </span>
    </p>
   </div>
   <div class='ocr_carea' id='block_1_93' title="bbox 2414 3015 4005 3093">
    <p class='ocr_par' dir='ltr' id='par_1_93' title="bbox 2414 3015 4005 3093">
     <span class='ocr_line' id='line_1_93' title="bbox 2414 3015 4005 3093; baseline 0.007 -26"><span class='ocrx_word' id='word_1_671' title='bbox 2414 3016 2560 3084; x_wconf 79' lang='lat' dir='ltr'><strong>quod</strong></span> <span class='ocrx_word' id='word_1_672' title='bbox 2600 3015 2676 3068; x_wconf 92' lang='lat' dir='ltr'><strong>illi</strong></span> <span class='ocrx_word' id='word_1_673' title='bbox 2719 3017 3075 3070; x_wconf 89' lang='lat' dir='ltr'><strong>remittuntur</strong></span> <span class='ocrx_word' id='word_1_674' title='bbox 3106 3022 3490 3087; x_wconf 46' lang='lat' dir='ltr'><strong>non&#39;propria,</strong></span> <span class='ocrx_word' id='word_1_675' title='bbox 3522 3019 3616 3075; x_wconf 89' lang='lat' dir='ltr'><strong>sed</strong></span> <span class='ocrx_word' id='word_1_676' title='bbox 3661 3022 3840 3075; x_wconf 84' lang='lat' dir='ltr'><strong>aliena</strong></span> <span class='ocrx_word' id='word_1_677' title='bbox 3877 3039 3909 3093; x_wconf 92' lang='lat' dir='ltr'><strong>p</strong></span> <span class='ocrx_word' id='word_1_678' title='bbox 3933 3039 4005 3078; x_wconf 81' lang='lat' dir='ltr'><strong>-c-</strong></span> 
     </span>
    </p>
   </div>
   <div class='ocr_carea' id='block_1_94' title="bbox 2410 3107 4001 3176">
    <p class='ocr_par' dir='ltr' id='par_1_94' title="bbox 2410 3107 4001 3176">
     <span class='ocr_line' id='line_1_94' title="bbox 2410 3107 4001 3176; baseline 0.003 -13"><span class='ocrx_word' id='word_1_679' title='bbox 2410 3107 2927 3168; x_wconf 79' lang='lat' dir='ltr'><strong>cata?Etidcirco,</strong></span> <span class='ocrx_word' id='word_1_680' title='bbox 2991 3108 3159 3164; x_wconf 90' lang='lat' dir='ltr'><strong>frater</strong></span> <span class='ocrx_word' id='word_1_681' title='bbox 3209 3110 3555 3176; x_wconf 86' lang='lat' dir='ltr'><strong>cliarissinie,</strong></span> <span class='ocrx_word' id='word_1_682' title='bbox 3618 3112 3732 3167; x_wconf 62' lang='lat' dir='ltr'><strong>haec</strong></span> <span class='ocrx_word' id='word_1_683' title='bbox 3788 3113 3895 3168; x_wconf 88' lang='lat' dir='ltr'><strong>fuit</strong></span> <span class='ocrx_word' id='word_1_684' title='bbox 3948 3116 4001 3168; x_wconf 89' lang='lat' dir='ltr'><strong>in</strong></span> 
     </span>
    </p>
   </div>
   <div class='ocr_carea' id='block_1_95' title="bbox 2412 3199 4001 3277">
    <p class='ocr_par' dir='ltr' id='par_1_95' title="bbox 2412 3199 4001 3277">
     <span class='ocr_line' id='line_1_95' title="bbox 2412 3199 4001 3277; baseline 0.004 -22"><span class='ocrx_word' id='word_1_685' title='bbox 2412 3199 2648 3255; x_wconf 91' lang='lat' dir='ltr'><strong>concilio</strong></span> <span class='ocrx_word' id='word_1_686' title='bbox 2682 3210 2873 3255; x_wconf 89' lang='lat' dir='ltr'><strong>nostra</strong></span> <span class='ocrx_word' id='word_1_687' title='bbox 2912 3203 3203 3269; x_wconf 89' lang='lat' dir='ltr'><strong>sententia,</strong></span> <span class='ocrx_word' id='word_1_688' title='bbox 3236 3218 3264 3257; x_wconf 90' lang='lat' dir='ltr'><strong>a</strong></span> <span class='ocrx_word' id='word_1_689' title='bbox 3307 3203 3581 3274; x_wconf 88' lang='lat' dir='ltr'><strong>baptismo</strong></span> <span class='ocrx_word' id='word_1_690' title='bbox 3614 3216 3779 3275; x_wconf 85' lang='lat' dir='ltr'><strong>atque</strong></span> <span class='ocrx_word' id='word_1_691' title='bbox 3823 3208 4001 3277; x_wconf 71' lang='lat' dir='ltr'><strong>gratia</strong></span> 
     </span>
    </p>
   </div>
   <div class='ocr_carea' id='block_1_96' title="bbox 2414 3290 4006 3366">
    <p class='ocr_par' dir='ltr' id='par_1_96' title="bbox 2414 3290 4006 3366">
     <span class='ocr_line' id='line_1_96' title="bbox 2414 3290 4006 3366; baseline 0.005 -21"><span class='ocrx_word' id='word_1_692' title='bbox 2414 3291 2530 3355; x_wconf 83' lang='lat' dir='ltr'><strong>Dei,</strong></span> <span class='ocrx_word' id='word_1_693' title='bbox 2575 3290 2667 3360; x_wconf 87' lang='lat' dir='ltr'><strong>qui</strong></span> <span class='ocrx_word' id='word_1_694' title='bbox 2712 3292 2967 3347; x_wconf 88' lang='lat' dir='ltr'><strong>omnibus</strong></span> <span class='ocrx_word' id='word_1_695' title='bbox 3025 3292 3343 3348; x_wconf 81' lang='lat' dir='ltr'><strong>misericors</strong></span> <span class='ocrx_word' id='word_1_696' title='bbox 3391 3306 3444 3349; x_wconf 89' lang='lat' dir='ltr'><strong>et</strong></span> <span class='ocrx_word' id='word_1_697' title='bbox 3474 3296 3744 3366; x_wconf 83' lang='lat' dir='ltr'><strong>benignus</strong></span> <span class='ocrx_word' id='word_1_698' title='bbox 3792 3308 3846 3351; x_wconf 90' lang='lat' dir='ltr'><strong>et</strong></span> <span class='ocrx_word' id='word_1_699' title='bbox 3880 3301 4006 3366; x_wconf 81' lang='lat' dir='ltr'><strong>pius</strong></span> 
     </span>
    </p>
   </div>
   <div class='ocr_carea' id='block_1_97' title="bbox 2414 3384 4000 3456">
    <p class='ocr_par' dir='ltr' id='par_1_97' title="bbox 2414 3384 4000 3456">
     <span class='ocr_line' id='line_1_97' title="bbox 2414 3384 4000 3456; baseline 0.005 -19"><span class='ocrx_word' id='word_1_700' title='bbox 2414 3392 2519 3451; x_wconf 89' lang='lat' dir='ltr'><strong>est,</strong></span> <span class='ocrx_word' id='word_1_701' title='bbox 2552 3384 2830 3437; x_wconf 88' lang='lat' dir='ltr'><strong>neminem</strong></span> <span class='ocrx_word' id='word_1_702' title='bbox 2870 3400 2966 3453; x_wconf 90' lang='lat' dir='ltr'><strong>per</strong></span> <span class='ocrx_word' id='word_1_703' title='bbox 2990 3401 3091 3441; x_wconf 88' lang='lat' dir='ltr'><strong>nos</strong></span> <span class='ocrx_word' id='word_1_704' title='bbox 3123 3386 3321 3441; x_wconf 87' lang='lat' dir='ltr'><strong>debere</strong></span> <span class='ocrx_word' id='word_1_705' title='bbox 3349 3388 3650 3456; x_wconf 83' lang='lat' dir='ltr'><strong>prohiberi.</strong></span> <span class='ocrx_word' id='word_1_706' title='bbox 3684 3388 3844 3455; x_wconf 81' lang='lat' dir='ltr'><strong>Quod</strong></span> <span class='ocrx_word' id='word_1_707' title='bbox 3871 3406 4000 3445; x_wconf 87' lang='lat' dir='ltr'><strong>cum</strong></span> 
     </span>
    </p>
   </div>
   <div class='ocr_carea' id='block_1_98' title="bbox 2412 3478 4005 3551">
    <p class='ocr_par' dir='ltr' id='par_1_98' title="bbox 2412 3478 4005 3551">
     <span class='ocr_line' id='line_1_98' title="bbox 2412 3478 4005 3551; baseline 0.002 -18"><span class='ocrx_word' id='word_1_708' title='bbox 2412 3479 2561 3533; x_wconf 87' lang='lat' dir='ltr'><strong>circa</strong></span> <span class='ocrx_word' id='word_1_709' title='bbox 2583 3478 2872 3533; x_wconf 90' lang='lat' dir='ltr'><strong>universos</strong></span> <span class='ocrx_word' id='word_1_710' title='bbox 2899 3479 3299 3535; x_wconf 79' lang='lat' dir='ltr'><strong>observandum</strong></span> <span class='ocrx_word' id='word_1_711' title='bbox 3329 3483 3399 3536; x_wconf 90' lang='lat' dir='ltr'><strong>sit</strong></span> <span class='ocrx_word' id='word_1_712' title='bbox 3434 3492 3596 3551; x_wconf 87' lang='lat' dir='ltr'><strong>atque</strong></span> <span class='ocrx_word' id='word_1_713' title='bbox 3619 3486 4005 3550; x_wconf 86' lang='lat' dir='ltr'><strong>retinendum,</strong></span> 
     </span>
    </p>
   </div>
   <div class='ocr_carea' id='block_1_99' title="bbox 2418 3568 4013 3642">
    <p class='ocr_par' dir='ltr' id='par_1_99' title="bbox 2418 3568 4013 3642">
     <span class='ocr_line' id='line_1_99' title="bbox 2418 3568 4013 3642; baseline 0.006 -21"><span class='ocrx_word' id='word_1_714' title='bbox 2418 3577 2534 3624; x_wconf 90' lang='lat' dir='ltr'><strong>tum</strong></span> <span class='ocrx_word' id='word_1_715' title='bbox 2567 3568 2740 3639; x_wconf 79' lang='lat' dir='ltr'><strong>magis</strong></span> <span class='ocrx_word' id='word_1_716' title='bbox 2772 3570 2916 3625; x_wconf 87' lang='lat' dir='ltr'><strong>circa</strong></span> <span class='ocrx_word' id='word_1_717' title='bbox 2942 3570 3181 3626; x_wconf 85' lang='lat' dir='ltr'><strong>infantes</strong></span> <span class='ocrx_word' id='word_1_718' title='bbox 3234 3573 3383 3642; x_wconf 91' lang='lat' dir='ltr'><strong>ipsos</strong></span> <span class='ocrx_word' id='word_1_719' title='bbox 3421 3583 3475 3628; x_wconf 90' lang='lat' dir='ltr'><strong>et</strong></span> <span class='ocrx_word' id='word_1_720' title='bbox 3500 3589 3693 3629; x_wconf 87' lang='lat' dir='ltr'><strong>recens</strong></span> <span class='ocrx_word' id='word_1_721' title='bbox 3724 3586 3884 3631; x_wconf 89' lang='lat' dir='ltr'><strong>natos</strong></span> <span class='ocrx_word' id='word_1_722' title='bbox 3912 3576 4013 3630; x_wconf 84' lang='lat' dir='ltr'><strong>ob-</strong></span> 
     </span>
    </p>
   </div>
   <div class='ocr_carea' id='block_1_100' title="bbox 2414 3663 4011 3737">
    <p class='ocr_par' dir='ltr' id='par_1_100' title="bbox 2414 3663 4011 3737">
     <span class='ocr_line' id='line_1_100' title="bbox 2414 3663 4011 3737; baseline 0.004 -22"><span class='ocrx_word' id='word_1_723' title='bbox 2414 3664 2743 3715; x_wconf 87' lang='lat' dir='ltr'><strong>servandum</strong></span> <span class='ocrx_word' id='word_1_724' title='bbox 2777 3672 2929 3731; x_wconf 86' lang='lat' dir='ltr'><strong>puta,</strong></span> <span class='ocrx_word' id='word_1_725' title='bbox 2962 3664 3052 3733; x_wconf 93' lang='lat' dir='ltr'><strong>qui</strong></span> <span class='ocrx_word' id='word_1_726' title='bbox 3087 3667 3187 3718; x_wconf 90' lang='lat' dir='ltr'><strong>hoc</strong></span> <span class='ocrx_word' id='word_1_727' title='bbox 3220 3663 3338 3734; x_wconf 87' lang='lat' dir='ltr'><strong>ipso</strong></span> <span class='ocrx_word' id='word_1_728' title='bbox 3392 3667 3458 3720; x_wconf 88' lang='lat' dir='ltr'><strong>de</strong></span> <span class='ocrx_word' id='word_1_729' title='bbox 3514 3683 3616 3737; x_wconf 85' lang='lat' dir='ltr'><strong>ope</strong></span> <span class='ocrx_word' id='word_1_730' title='bbox 3689 3679 3883 3724; x_wconf 85' lang='lat' dir='ltr'><strong>nostra</strong></span> <span class='ocrx_word' id='word_1_731' title='bbox 3940 3669 4011 3721; x_wconf 90' lang='lat' dir='ltr'><strong>ad</strong></span> 
     </span>
    </p>
   </div>
   <div class='ocr_carea' id='block_1_101' title="bbox 2414 3753 4006 3830">
    <p class='ocr_par' dir='ltr' id='par_1_101' title="bbox 2414 3753 4006 3830">
     <span class='ocr_line' id='line_1_101' title="bbox 2414 3753 4006 3830; baseline 0.005 -22"><span class='ocrx_word' id='word_1_732' title='bbox 2414 3753 2658 3808; x_wconf 89' lang='lat' dir='ltr'><strong>divinam</strong></span> <span class='ocrx_word' id='word_1_733' title='bbox 2700 3754 3144 3809; x_wconf 90' lang='lat' dir='ltr'><strong>misericordiam</strong></span> <span class='ocrx_word' id='word_1_734' title='bbox 3179 3758 3299 3825; x_wconf 83' lang='lat' dir='ltr'><strong>plus</strong></span> <span class='ocrx_word' id='word_1_735' title='bbox 3360 3770 3665 3823; x_wconf 86' lang='lat' dir='ltr'><strong>tuerentur,</strong></span> <span class='ocrx_word' id='word_1_736' title='bbox 3729 3761 3883 3830; x_wconf 88' lang='lat' dir='ltr'><strong>quod</strong></span> <span class='ocrx_word' id='word_1_737' title='bbox 3950 3780 4006 3817; x_wconf 85' lang='lat' dir='ltr'><strong>in</strong></span> 
     </span>
    </p>
   </div>
   <div class='ocr_carea' id='block_1_102' title="bbox 2416 3846 4019 3922">
    <p class='ocr_par' dir='ltr' id='par_1_102' title="bbox 2416 3846 4019 3922">
     <span class='ocr_line' id='line_1_102' title="bbox 2416 3846 4019 3922; baseline 0.007 -25"><span class='ocrx_word' id='word_1_738' title='bbox 2416 3846 2596 3913; x_wconf 87' lang='lat' dir='ltr'><strong>primo</strong></span> <span class='ocrx_word' id='word_1_739' title='bbox 2669 3846 2853 3899; x_wconf 87' lang='lat' dir='ltr'><strong>statim</strong></span> <span class='ocrx_word' id='word_1_740' title='bbox 2912 3847 3212 3902; x_wconf 81' lang='lat' dir='ltr'><strong>nativitatis</strong></span> <span class='ocrx_word' id='word_1_741' title='bbox 3282 3865 3397 3904; x_wconf 70' lang='lat' dir='ltr'><strong>sua</strong></span> <span class='ocrx_word' id='word_1_742' title='bbox 3453 3864 3576 3904; x_wconf 92' lang='lat' dir='ltr'><strong>ortu</strong></span> <span class='ocrx_word' id='word_1_743' title='bbox 3624 3853 3909 3922; x_wconf 84' lang='lat' dir='ltr'><strong>plorantes</strong></span> <span class='ocrx_word' id='word_1_744' title='bbox 3952 3871 4019 3909; x_wconf 89' lang='lat' dir='ltr'><strong>ac</strong></span> 
     </span>
    </p>
   </div>
   <div class='ocr_carea' id='block_1_103' title="bbox 2415 3938 3937 4012">
    <p class='ocr_par' dir='ltr' id='par_1_103' title="bbox 2415 3938 3937 4012">
     <span class='ocr_line' id='line_1_103' title="bbox 2415 3938 3937 4012; baseline 0.004 -22"><span class='ocrx_word' id='word_1_745' title='bbox 2415 3939 2628 4001; x_wconf 87' lang='lat' dir='ltr'><strong>flentes,</strong></span> <span class='ocrx_word' id='word_1_746' title='bbox 2660 3939 2795 3991; x_wconf 86' lang='lat' dir='ltr'><strong>nihil</strong></span> <span class='ocrx_word' id='word_1_747' title='bbox 2833 3938 2976 3991; x_wconf 77' lang='lat' dir='ltr'><strong>aliud</strong></span> <span class='ocrx_word' id='word_1_748' title='bbox 3010 3938 3237 4005; x_wconf 85' lang='lat' dir='ltr'><strong>faciunt,</strong></span> <span class='ocrx_word' id='word_1_749' title='bbox 3281 3957 3446 4009; x_wconf 85' lang='lat' dir='ltr'><strong>quam</strong></span> <span class='ocrx_word' id='word_1_750' title='bbox 3485 3944 3875 4012; x_wconf 85' lang='lat' dir='ltr'><strong>deprecantur.</strong></span> <span class='ocrx_word' id='word_1_751' title='bbox 3918 3966 3937 3996; x_wconf 75' lang='grc' dir='ltr'><strong>ι</strong></span> 
     </span>
    </p>
   </div>
   <div class='ocr_carea' id='block_1_104' title="bbox 2489 4018 4017 4104">
    <p class='ocr_par' dir='ltr' id='par_1_104' title="bbox 2489 4018 4017 4104">
     <span class='ocr_line' id='line_1_104' title="bbox 2489 4018 4017 4104; baseline 0.007 -22"><span class='ocrx_word' id='word_1_752' title='bbox 2489 4030 2578 4084; x_wconf 80' lang='grc'><strong>19.</strong></span> <span class='ocrx_word' id='word_1_753' title='bbox 2619 4028 2823 4082; x_wconf 75' lang='lat' dir='ltr'><strong>Laudat</strong></span> <span class='ocrx_word' id='word_1_754' title='bbox 2858 4029 2918 4083; x_wconf 84' lang='lat' dir='ltr'><strong>S.</strong></span> <span class='ocrx_word' id='word_1_755' title='bbox 2946 4032 3321 4101; x_wconf 78' lang='lat' dir='ltr'><strong>Augustinum.</strong></span> <span class='ocrx_word' id='word_1_756' title='bbox 3351 4063 3420 4072; x_wconf 94' lang='lat'><strong>—</strong></span> <span class='ocrx_word' id='word_1_757' title='bbox 3445 4033 3676 4104; x_wconf 79' lang='lat' dir='ltr'><strong>Scripsit</strong></span> <span class='ocrx_word' id='word_1_758' title='bbox 3692 4018 3902 4091; x_wconf 69' lang='lat' dir='ltr'><strong>iludum</strong></span> <span class='ocrx_word' id='word_1_759' title='bbox 3934 4041 4017 4092; x_wconf 77' lang='lat' dir='ltr'><strong>vir</strong></span> 
     </span>
    </p>
   </div>
   <div class='ocr_carea' id='block_1_105' title="bbox 2418 4122 4022 4194">
    <p class='ocr_par' dir='ltr' id='par_1_105' title="bbox 2418 4122 4022 4194">
     <span class='ocr_line' id='line_1_105' title="bbox 2418 4122 4022 4194; baseline 0.005 -18"><span class='ocrx_word' id='word_1_760' title='bbox 2418 4134 2643 4176; x_wconf 83' lang='lat' dir='ltr'><strong>sanctus</strong></span> <span class='ocrx_word' id='word_1_761' title='bbox 2665 4131 2718 4176; x_wconf 90' lang='lat' dir='ltr'><strong>et</strong></span> <span class='ocrx_word' id='word_1_762' title='bbox 2750 4122 3014 4192; x_wconf 85' lang='lat' dir='ltr'><strong>eloquens</strong></span> <span class='ocrx_word' id='word_1_763' title='bbox 3035 4123 3325 4194; x_wconf 83' lang='lat' dir='ltr'><strong>episcopus</strong></span> <span class='ocrx_word' id='word_1_764' title='bbox 3380 4124 3718 4191; x_wconf 77' lang='lat' dir='ltr'><strong>Augustinus</strong></span> <span class='ocrx_word' id='word_1_765' title='bbox 3754 4130 3823 4182; x_wconf 86' lang='lat' dir='ltr'><strong>ad</strong></span> <span class='ocrx_word' id='word_1_766' title='bbox 3869 4130 4022 4183; x_wconf 60' lang='lat' dir='ltr'><strong>Maro</strong></span> 
     </span>
    </p>
   </div>
   <div class='ocr_carea' id='block_1_106' title="bbox 2417 4214 4024 4288">
    <p class='ocr_par' dir='ltr' id='par_1_106' title="bbox 2417 4214 4024 4288">
     <span class='ocr_line' id='line_1_106' title="bbox 2417 4214 4024 4288; baseline 0.007 -21"><span class='ocrx_word' id='word_1_767' title='bbox 2417 4214 2699 4279; x_wconf 80' lang='lat' dir='ltr'><strong>cellinun&#39;i,</strong></span> <span class='ocrx_word' id='word_1_768' title='bbox 2725 4215 2817 4283; x_wconf 79' lang='lat' dir='ltr'><strong>qui</strong></span> <span class='ocrx_word' id='word_1_769' title='bbox 2852 4224 3037 4283; x_wconf 86' lang='lat' dir='ltr'><strong>postea</strong></span> <span class='ocrx_word' id='word_1_770' title='bbox 3076 4218 3177 4269; x_wconf 87' lang='lat' dir='ltr'><strong>sub</strong></span> <span class='ocrx_word' id='word_1_771' title='bbox 3209 4216 3411 4271; x_wconf 85' lang='lat' dir='ltr'><strong>invidia</strong></span> <span class='ocrx_word' id='word_1_772' title='bbox 3448 4221 3758 4288; x_wconf 82' lang='lat' dir='ltr'><strong>tyrannidis</strong></span> <span class='ocrx_word' id='word_1_773' title='bbox 3794 4226 3817 4257; x_wconf 80' lang='grc'><strong><em>⁸</em></strong></span> <span class='ocrx_word' id='word_1_774' title='bbox 3845 4224 4024 4277; x_wconf 77' lang='lat' dir='ltr'><strong>lleia-</strong></span> 
     </span>
    </p>
   </div>
   <div class='ocr_carea' id='block_1_107' title="bbox 2420 4305 4024 4378">
    <p class='ocr_par' dir='ltr' id='par_1_107' title="bbox 2420 4305 4024 4378">
     <span class='ocr_line' id='line_1_107' title="bbox 2420 4305 4024 4378; baseline 0.005 -17"><span class='ocrx_word' id='word_1_775' title='bbox 2420 4305 2587 4361; x_wconf 89' lang='lat' dir='ltr'><strong>cliani</strong></span> <span class='ocrx_word' id='word_1_776' title='bbox 2617 4307 2636 4337; x_wconf 87' lang='lat'><strong>&quot;</strong></span> <span class='ocrx_word' id='word_1_777' title='bbox 2662 4308 2729 4360; x_wconf 85' lang='lat' dir='ltr'><strong>ab</strong></span> <span class='ocrx_word' id='word_1_778' title='bbox 2758 4307 3029 4361; x_wconf 68' lang='lat' dir='ltr'><strong>lizureticis</strong></span> <span class='ocrx_word' id='word_1_779' title='bbox 3084 4309 3351 4363; x_wconf 84' lang='lat' dir='ltr'><strong>innocens</strong></span> <span class='ocrx_word' id='word_1_780' title='bbox 3379 4324 3551 4365; x_wconf 65' lang='lat' dir='ltr'><strong>caesus</strong></span> <span class='ocrx_word' id='word_1_781' title='bbox 3593 4322 3697 4378; x_wconf 71' lang='lat' dir='ltr'><strong>est,</strong></span> <span class='ocrx_word' id='word_1_782' title='bbox 3759 4314 3903 4369; x_wconf 69' lang='lat' dir='ltr'><strong>duos</strong></span> <span class='ocrx_word' id='word_1_783' title='bbox 3957 4319 4024 4369; x_wconf 89' lang='lat' dir='ltr'><strong>li-</strong></span> 
     </span>
    </p>
   </div>
   <div class='ocr_carea' id='block_1_108' title="bbox 2418 4485 4023 4559">
    <p class='ocr_par' dir='ltr' id='par_1_108' title="bbox 2418 4485 4023 4559">
     <span class='ocr_line' id='line_1_108' title="bbox 2418 4485 4023 4559; baseline 0.006 -24"><span class='ocrx_word' id='word_1_784' title='bbox 2418 4486 2570 4559; x_wconf 81' lang='lat' dir='ltr'><strong>libris</strong></span> <span class='ocrx_word' id='word_1_785' title='bbox 2602 4485 2863 4559; x_wconf 78' lang='lat' dir='ltr'><strong>scribitur</strong></span> <span class='ocrx_word' id='word_1_786' title='bbox 2886 4486 3184 4559; x_wconf 62' lang='lat' dir='ltr'><strong>Hri&#39;adioni</strong></span> <span class='ocrx_word' id='word_1_787' title='bbox 3214 4496 3260 4559; x_wconf 64' lang='lat' dir='ltr'><strong>et</strong></span> <span class='ocrx_word' id='word_1_788' title='bbox 3325 4486 3552 4541; x_wconf 78' lang='lat' dir='ltr'><strong>ﬂeradii</strong></span> <span class='ocrx_word' id='word_1_789' title='bbox 3583 4490 3660 4542; x_wconf 78' lang='lat' dir='ltr'><strong>vel</strong></span> <span class='ocrx_word' id='word_1_790' title='bbox 3700 4489 3894 4544; x_wconf 71' lang='lat' dir='ltr'><strong>Ere-dii</strong></span> <span class='ocrx_word' id='word_1_791' title='bbox 3922 4509 4023 4559; x_wconf 72' lang='lat' dir='ltr'><strong>pro</strong></span> 
     </span>
    </p>
   </div>
   <div class='ocr_carea' id='block_1_109' title="bbox 2424 4556 4023 4619">
    <p class='ocr_par' dir='ltr' id='par_1_109' title="bbox 2424 4556 4023 4619">
     <span class='ocr_line' id='line_1_109' title="bbox 2424 4556 4023 4619; baseline 0.004 -11"><span class='ocrx_word' id='word_1_792' title='bbox 2424 4558 2768 4619; x_wconf 67' lang='lat' dir='ltr'><strong>ﬂerat-lianc,</strong></span> <span class='ocrx_word' id='word_1_793' title='bbox 2814 4566 2905 4607; x_wconf 79' lang='lat' dir='ltr'><strong>aut</strong></span> <span class='ocrx_word' id='word_1_794' title='bbox 2938 4556 3174 4609; x_wconf 69' lang='lat' dir='ltr'><strong>Erat-lio.</strong></span> <span class='ocrx_word' id='word_1_795' title='bbox 3213 4557 3384 4610; x_wconf 81' lang='lat' dir='ltr'><strong>Porro</strong></span> <span class='ocrx_word' id='word_1_796' title='bbox 3435 4573 3502 4610; x_wconf 83' lang='lat' dir='ltr'><strong>ne</strong></span> <span class='ocrx_word' id='word_1_797' title='bbox 3539 4562 3662 4612; x_wconf 75' lang='lat' dir='ltr'><strong>farti</strong></span> <span class='ocrx_word' id='word_1_798' title='bbox 3722 4556 4023 4615; x_wconf 66' lang='lat' dir='ltr'><strong>historiam</strong></span> 
     </span>
    </p>
   </div>
   <div class='ocr_carea' id='block_1_110' title="bbox 2345 4613 4046 4708">
    <p class='ocr_par' dir='ltr' id='par_1_110' title="bbox 2345 4613 4046 4708">
     <span class='ocr_line' id='line_1_110' title="bbox 2345 4613 4046 4708; baseline 0.006 -31"><span class='ocrx_word' id='word_1_799' title='bbox 2345 4613 2390 4666; x_wconf 76' lang='grc' dir='ltr'>ι)</span> <span class='ocrx_word' id='word_1_800' title='bbox 2428 4630 2653 4708; x_wconf 63' lang='grc' dir='ltr'>οιιιιιίιιρ</span> <span class='ocrx_word' id='word_1_801' title='bbox 2680 4613 3017 4708; x_wconf 39' lang='grc' dir='ltr'>ρει-ςιιιιιιλριιιιιε</span> <span class='ocrx_word' id='word_1_802' title='bbox 3060 4628 3414 4708; x_wconf 66' lang='lat' dir='ltr'><strong>lleracttauus</strong></span> <span class='ocrx_word' id='word_1_803' title='bbox 3445 4631 3543 4708; x_wconf 43' lang='lat' dir='ltr'><strong>iste</strong></span> <span class='ocrx_word' id='word_1_804' title='bbox 3588 4633 3791 4683; x_wconf 56' lang='lat' dir='ltr'><strong>Abiere</strong></span> <span class='ocrx_word' id='word_1_805' title='bbox 3820 4650 4046 4687; x_wconf 59' lang='grc' dir='ltr'>ροιιιιιε.</span> 
     </span>
    </p>
   </div>
   <div class='ocr_carea' id='block_1_111' title="bbox 2427 4697 4023 4766">
    <p class='ocr_par' dir='ltr' id='par_1_111' title="bbox 2427 4697 4023 4766">
     <span class='ocr_line' id='line_1_111' title="bbox 2427 4697 4023 4766; baseline 0.002 -15"><span class='ocrx_word' id='word_1_806' title='bbox 2427 4713 2550 4751; x_wconf 76' lang='lat' dir='ltr'><strong>Cttttt</strong></span> <span class='ocrx_word' id='word_1_807' title='bbox 2581 4698 2647 4748; x_wconf 88' lang='lat' dir='ltr'><strong>ab</strong></span> <span class='ocrx_word' id='word_1_808' title='bbox 2681 4697 2925 4749; x_wconf 77' lang='lat' dir='ltr'><strong>llunmio</strong></span> <span class='ocrx_word' id='word_1_809' title='bbox 2984 4698 3244 4766; x_wconf 50' lang='lat' dir='ltr'><strong>deficiens</strong></span> <span class='ocrx_word' id='word_1_810' title='bbox 3283 4713 3406 4751; x_wconf 82' lang='lat' dir='ltr'><strong>enni</strong></span> <span class='ocrx_word' id='word_1_811' title='bbox 3461 4697 3664 4766; x_wconf 62' lang='lat' dir='ltr'><strong>iﬁgenti</strong></span> <span class='ocrx_word' id='word_1_812' title='bbox 3710 4703 3893 4754; x_wconf 69' lang='lat' dir='ltr'><strong>classe</strong></span> <span class='ocrx_word' id='word_1_813' title='bbox 3969 4721 4023 4756; x_wconf 89' lang='lat' dir='ltr'><strong>tn</strong></span> 
     </span>
    </p>
   </div>
   <div class='ocr_carea' id='block_1_112' title="bbox 2430 4763 4025 4834">
    <p class='ocr_par' dir='ltr' id='par_1_112' title="bbox 2430 4763 4025 4834">
     <span class='ocr_line' id='line_1_112' title="bbox 2430 4763 4025 4834; baseline 0.003 -13"><span class='ocrx_word' id='word_1_814' title='bbox 2430 4768 2638 4821; x_wconf 74' lang='lat' dir='ltr'><strong>Italiam</strong></span> <span class='ocrx_word' id='word_1_815' title='bbox 2705 4778 2865 4834; x_wconf 85' lang='lat' dir='ltr'><strong>atque</strong></span> <span class='ocrx_word' id='word_1_816' title='bbox 2899 4768 2962 4817; x_wconf 84' lang='lat' dir='ltr'><strong>ad</strong></span> <span class='ocrx_word' id='word_1_817' title='bbox 3007 4763 3199 4819; x_wconf 75' lang='lat' dir='ltr'><strong>Urbem</strong></span> <span class='ocrx_word' id='word_1_818' title='bbox 3255 4763 3631 4833; x_wconf 63' lang='lat' dir='ltr'><strong>contenderet,</strong></span> <span class='ocrx_word' id='word_1_819' title='bbox 3690 4770 3891 4824; x_wconf 72' lang='lat' dir='ltr'><strong>Mitini</strong></span> <span class='ocrx_word' id='word_1_820' title='bbox 3927 4792 4025 4826; x_wconf 73' lang='lat' dir='ltr'><strong>eu-</strong></span> 
     </span>
    </p>
   </div>
   <div class='ocr_carea' id='block_1_113' title="bbox 2428 4834 4025 4909">
    <p class='ocr_par' dir='ltr' id='par_1_113' title="bbox 2428 4834 4025 4909">
     <span class='ocr_line' id='line_1_113' title="bbox 2428 4834 4025 4909; baseline 0.003 -19"><span class='ocrx_word' id='word_1_821' title='bbox 2428 4839 2573 4890; x_wconf 82' lang='lat' dir='ltr'><strong>mitis</strong></span> <span class='ocrx_word' id='word_1_822' title='bbox 2608 4850 2839 4909; x_wconf 62' lang='lat' dir='ltr'><strong>oet-ursu</strong></span> <span class='ocrx_word' id='word_1_823' title='bbox 2898 4842 2963 4886; x_wconf 86' lang='lat' dir='ltr'><strong>ad</strong></span> <span class='ocrx_word' id='word_1_824' title='bbox 3003 4834 3304 4890; x_wconf 77' lang='lat' dir='ltr'><strong>Utriunluin</strong></span> <span class='ocrx_word' id='word_1_825' title='bbox 3346 4853 3673 4909; x_wconf 80' lang='lat' dir='ltr'><strong>superatus,</strong></span> <span class='ocrx_word' id='word_1_826' title='bbox 3736 4841 3865 4909; x_wconf 68' lang='lat' dir='ltr'><strong>fuga</strong></span> <span class='ocrx_word' id='word_1_827' title='bbox 3927 4858 4025 4895; x_wconf 49' lang='grc' dir='ltr'><strong>ρι’-</strong></span> 
     </span>
    </p>
   </div>
   <div class='ocr_carea' id='block_1_114' title="bbox 2427 4907 4031 4981">
    <p class='ocr_par' dir='ltr' id='par_1_114' title="bbox 2427 4907 4031 4981">
     <span class='ocr_line' id='line_1_114' title="bbox 2427 4907 4031 4981; baseline 0.006 -24"><span class='ocrx_word' id='word_1_828' title='bbox 2427 4907 3008 4981; x_wconf 70' lang='lat' dir='ltr'><strong>repta,tlai&#39;tltagtneiu</strong></span> <span class='ocrx_word' id='word_1_829' title='bbox 3055 4911 3236 4981; x_wconf 38' lang='lat' dir='ltr'><strong>trahit,</strong></span> <span class='ocrx_word' id='word_1_830' title='bbox 3300 4908 3395 4961; x_wconf 91' lang='lat' dir='ltr'><strong>ubi</strong></span> <span class='ocrx_word' id='word_1_831' title='bbox 3436 4916 3657 4981; x_wconf 71' lang='lat' dir='ltr'><strong>demunt</strong></span> <span class='ocrx_word' id='word_1_832' title='bbox 3712 4907 3917 4981; x_wconf 47' lang='lat' dir='ltr'><strong>cap—ms</strong></span> <span class='ocrx_word' id='word_1_833' title='bbox 3972 4926 4031 4968; x_wconf 83' lang='lat' dir='ltr'><strong>et</strong></span> 
     </span>
    </p>
   </div>
   <div class='ocr_carea' id='block_1_115' title="bbox 2424 4975 4027 5050">
    <p class='ocr_par' dir='ltr' id='par_1_115' title="bbox 2424 4975 4027 5050">
     <span class='ocr_line' id='line_1_115' title="bbox 2424 4975 4027 5050; baseline 0.004 -20"><span class='ocrx_word' id='word_1_834' title='bbox 2424 4989 2600 5043; x_wconf 85' lang='lat' dir='ltr'><strong>capite</strong></span> <span class='ocrx_word' id='word_1_835' title='bbox 2634 4980 2873 5029; x_wconf 86' lang='lat' dir='ltr'><strong>minutus</strong></span> <span class='ocrx_word' id='word_1_836' title='bbox 2908 4986 3008 5027; x_wconf 70' lang='lat' dir='ltr'><strong>est.</strong></span> <span class='ocrx_word' id='word_1_837' title='bbox 3067 4975 3206 5029; x_wconf 77' lang='lat' dir='ltr'><strong>&#39;l&#39;utn</strong></span> <span class='ocrx_word' id='word_1_838' title='bbox 3261 4993 3392 5050; x_wconf 67' lang='lat' dir='ltr'><strong>iero</strong></span> <span class='ocrx_word' id='word_1_839' title='bbox 3441 4975 3817 5042; x_wconf 72' lang='lat' dir='ltr'><strong>blaicelliniis,</strong></span> <span class='ocrx_word' id='word_1_840' title='bbox 3850 5001 4027 5050; x_wconf 68' lang='grc' dir='ltr'>ιμιριιι</span> 
     </span>
    </p>
   </div>
   <div class='ocr_carea' id='block_1_116' title="bbox 2425 5046 4031 5115">
    <p class='ocr_par' dir='ltr' id='par_1_116' title="bbox 2425 5046 4031 5115">
     <span class='ocr_line' id='line_1_116' title="bbox 2425 5046 4031 5115; baseline 0.004 -16"><span class='ocrx_word' id='word_1_841' title='bbox 2425 5049 2701 5099; x_wconf 78' lang='lat' dir='ltr'><strong>tribunum</strong></span> <span class='ocrx_word' id='word_1_842' title='bbox 2725 5056 2778 5097; x_wconf 86' lang='lat' dir='ltr'><strong>et</strong></span> <span class='ocrx_word' id='word_1_843' title='bbox 2802 5060 3074 5098; x_wconf 72' lang='grc' dir='ltr'>ιιοιειιίιιιιι</span> <span class='ocrx_word' id='word_1_844' title='bbox 3107 5051 3329 5100; x_wconf 73' lang='lat' dir='ltr'><strong>miserat</strong></span> <span class='ocrx_word' id='word_1_845' title='bbox 3355 5046 3629 5103; x_wconf 81' lang='lat' dir='ltr'><strong>Honorius</strong></span> <span class='ocrx_word' id='word_1_846' title='bbox 3658 5050 3711 5103; x_wconf 91' lang='lat' dir='ltr'><strong>in</strong></span> <span class='ocrx_word' id='word_1_847' title='bbox 3739 5046 4031 5115; x_wconf 67' lang='lat' dir='ltr'><strong>Africam,</strong></span> 
     </span>
    </p>
   </div>
   <div class='ocr_carea' id='block_1_117' title="bbox 2426 5117 4032 5182">
    <p class='ocr_par' dir='ltr' id='par_1_117' title="bbox 2426 5117 4032 5182">
     <span class='ocr_line' id='line_1_117' title="bbox 2426 5117 4032 5182; baseline 0.006 -15"><span class='ocrx_word' id='word_1_848' title='bbox 2426 5128 2483 5168; x_wconf 88' lang='lat' dir='ltr'><strong>iit</strong></span> <span class='ocrx_word' id='word_1_849' title='bbox 2519 5126 2803 5182; x_wconf 72' lang='lat' dir='ltr'><strong>sequester</strong></span> <span class='ocrx_word' id='word_1_850' title='bbox 2851 5127 2996 5167; x_wconf 82' lang='lat' dir='ltr'><strong>esset</strong></span> <span class='ocrx_word' id='word_1_851' title='bbox 3049 5117 3370 5170; x_wconf 75' lang='lat' dir='ltr'><strong>Cullatmnis</strong></span> <span class='ocrx_word' id='word_1_852' title='bbox 3431 5121 3571 5170; x_wconf 83' lang='lat' dir='ltr'><strong>inter</strong></span> <span class='ocrx_word' id='word_1_853' title='bbox 3610 5120 3945 5177; x_wconf 73' lang='lat' dir='ltr'><strong>Callinlicos</strong></span> <span class='ocrx_word' id='word_1_854' title='bbox 3976 5137 4032 5177; x_wconf 73' lang='lat' dir='ltr'><strong>et</strong></span> 
     </span>
    </p>
   </div>
   <div class='ocr_carea' id='block_1_118' title="bbox 2422 5184 4033 5262">
    <p class='ocr_par' dir='ltr' id='par_1_118' title="bbox 2422 5184 4033 5262">
     <span class='ocr_line' id='line_1_118' title="bbox 2422 5184 4033 5262; baseline 0.003 -22"><span class='ocrx_word' id='word_1_855' title='bbox 2422 5186 2760 5247; x_wconf 64' lang='lat' dir='ltr'><strong>Donatistas,</strong></span> <span class='ocrx_word' id='word_1_856' title='bbox 2800 5184 2937 5237; x_wconf 77' lang='lat' dir='ltr'><strong>falso</strong></span> <span class='ocrx_word' id='word_1_857' title='bbox 2962 5187 3181 5262; x_wconf 77' lang='lat' dir='ltr'><strong>delatus</strong></span> <span class='ocrx_word' id='word_1_858' title='bbox 3216 5187 3278 5239; x_wconf 86' lang='lat' dir='ltr'><strong>ub</strong></span> <span class='ocrx_word' id='word_1_859' title='bbox 3304 5189 3588 5262; x_wconf 53' lang='lat' dir='ltr'><strong>liwjeticis.</strong></span> <span class='ocrx_word' id='word_1_860' title='bbox 3634 5202 3707 5262; x_wconf 86' lang='lat' dir='ltr'><strong>ut</strong></span> <span class='ocrx_word' id='word_1_861' title='bbox 3742 5190 4033 5262; x_wconf 69' lang='grc' dir='ltr'>ιΙιι-τυιιγο</span> 
     </span>
    </p>
   </div>
   <div class='ocr_carea' id='block_1_119' title="bbox 2422 5256 4030 5330">
    <p class='ocr_par' dir='ltr' id='par_1_119' title="bbox 2422 5256 4030 5330">
     <span class='ocr_line' id='line_1_119' title="bbox 2422 5256 4030 5330; baseline 0.005 -23"><span class='ocrx_word' id='word_1_862' title='bbox 2422 5274 2541 5308; x_wconf 86' lang='lat' dir='ltr'><strong>mus</strong></span> <span class='ocrx_word' id='word_1_863' title='bbox 2565 5272 2741 5330; x_wconf 73' lang='lat' dir='ltr'><strong>vocat,</strong></span> <span class='ocrx_word' id='word_1_864' title='bbox 2788 5260 3003 5324; x_wconf 69' lang='lat' dir='ltr'><strong>piuprie</strong></span> <span class='ocrx_word' id='word_1_865' title='bbox 3059 5272 3241 5309; x_wconf 78' lang='lat' dir='ltr'><strong>autem</strong></span> <span class='ocrx_word' id='word_1_866' title='bbox 3285 5274 3321 5330; x_wconf 85' lang='lat' dir='ltr'><strong>_a</strong></span> <span class='ocrx_word' id='word_1_867' title='bbox 3371 5256 3718 5330; x_wconf 61' lang='lat' dir='ltr'><strong>Dgittatlslis,</strong></span> <span class='ocrx_word' id='word_1_868' title='bbox 3773 5256 4030 5330; x_wconf 67' lang='lat' dir='ltr'><strong>quorum</strong></span> 
     </span>
    </p>
   </div>
   <div class='ocr_carea' id='block_1_120' title="bbox 2422 5327 4032 5394">
    <p class='ocr_par' dir='ltr' id='par_1_120' title="bbox 2422 5327 4032 5394">
     <span class='ocr_line' id='line_1_120' title="bbox 2422 5327 4032 5394; baseline 0.005 -15"><span class='ocrx_word' id='word_1_869' title='bbox 2422 5330 2604 5379; x_wconf 74' lang='lat' dir='ltr'><strong>0d1lll|l</strong></span> <span class='ocrx_word' id='word_1_870' title='bbox 2641 5328 2909 5386; x_wconf 79' lang='lat' dir='ltr'><strong>subierat,</strong></span> <span class='ocrx_word' id='word_1_871' title='bbox 2975 5343 3120 5394; x_wconf 51' lang='lat' dir='ltr'><strong>quo»</strong></span> <span class='ocrx_word' id='word_1_872' title='bbox 3172 5342 3231 5380; x_wconf 84' lang='lat' dir='ltr'><strong>se</strong></span> <span class='ocrx_word' id='word_1_873' title='bbox 3282 5328 3332 5380; x_wconf 92' lang='lat' dir='ltr'><strong>in</strong></span> <span class='ocrx_word' id='word_1_874' title='bbox 3388 5327 3805 5383; x_wconf 73' lang='lat' dir='ltr'><strong>Catholicuruui</strong></span> <span class='ocrx_word' id='word_1_875' title='bbox 3843 5349 4032 5386; x_wconf 74' lang='lat' dir='ltr'><strong>causa</strong></span> 
     </span>
    </p>
   </div>
   <div class='ocr_carea' id='block_1_121' title="bbox 2422 5397 4033 5467">
    <p class='ocr_par' dir='ltr' id='par_1_121' title="bbox 2422 5397 4033 5467">
     <span class='ocr_line' id='line_1_121' title="bbox 2422 5397 4033 5467; baseline 0.004 -22"><span class='ocrx_word' id='word_1_876' title='bbox 2422 5413 2681 5465; x_wconf 78' lang='lat' dir='ltr'><strong>perquam</strong></span> <span class='ocrx_word' id='word_1_877' title='bbox 2739 5406 2961 5449; x_wconf 74' lang='lat' dir='ltr'><strong>strenue</strong></span> <span class='ocrx_word' id='word_1_878' title='bbox 3010 5397 3289 5465; x_wconf 63' lang='lat' dir='ltr'><strong>gessisset.</strong></span> <span class='ocrx_word' id='word_1_879' title='bbox 3346 5408 3604 5467; x_wconf 87' lang='lat' dir='ltr'><strong>tanquam</strong></span> <span class='ocrx_word' id='word_1_880' title='bbox 3672 5400 4033 5456; x_wconf 59' lang='lat' dir='ltr'><strong>lleracliaua-</strong></span> 
     </span>
    </p>
   </div>
   <div class='ocr_carea' id='block_1_122' title="bbox 2423 5467 4033 5536">
    <p class='ocr_par' dir='ltr' id='par_1_122' title="bbox 2423 5467 4033 5536">
     <span class='ocr_line' id='line_1_122' title="bbox 2423 5467 4033 5536; baseline 0.005 -17"><span class='ocrx_word' id='word_1_881' title='bbox 2423 5467 2817 5534; x_wconf 81' lang='lat' dir='ltr'><strong>perduellionis</strong></span> <span class='ocrx_word' id='word_1_882' title='bbox 2849 5482 3054 5528; x_wconf 74' lang='lat' dir='ltr'><strong>sucrus,</strong></span> <span class='ocrx_word' id='word_1_883' title='bbox 3089 5467 3337 5534; x_wconf 73' lang='lat' dir='ltr'><strong>ejusdem</strong></span> <span class='ocrx_word' id='word_1_884' title='bbox 3370 5468 3562 5521; x_wconf 78' lang='lat' dir='ltr'><strong>Marini</strong></span> <span class='ocrx_word' id='word_1_885' title='bbox 3603 5469 3762 5536; x_wconf 77' lang='lat' dir='ltr'><strong>jUssu</strong></span> <span class='ocrx_word' id='word_1_886' title='bbox 3829 5476 4033 5527; x_wconf 66' lang='lat' dir='ltr'><strong>secuti</strong></span> 
     </span>
    </p>
   </div>
   <div class='ocr_carea' id='block_1_123' title="bbox 2422 5537 4031 5607">
    <p class='ocr_par' dir='ltr' id='par_1_123' title="bbox 2422 5537 4031 5607">
     <span class='ocr_line' id='line_1_123' title="bbox 2422 5537 4031 5607; baseline 0.007 -20"><span class='ocrx_word' id='word_1_887' title='bbox 2422 5537 2728 5607; x_wconf 77' lang='lat' dir='ltr'><strong>percutitur</strong></span> <span class='ocrx_word' id='word_1_888' title='bbox 2754 5552 2879 5589; x_wconf 79' lang='lat' dir='ltr'><strong>eum</strong></span> <span class='ocrx_word' id='word_1_889' title='bbox 2919 5537 3173 5605; x_wconf 65' lang='lat' dir='ltr'><strong>Aptingio</strong></span> <span class='ocrx_word' id='word_1_890' title='bbox 3207 5539 3395 5601; x_wconf 68' lang='lat' dir='ltr'><strong>fratre,</strong></span> <span class='ocrx_word' id='word_1_891' title='bbox 3450 5537 3760 5607; x_wconf 79' lang='lat' dir='ltr'><strong>Septembri</strong></span> <span class='ocrx_word' id='word_1_892' title='bbox 3799 5558 4031 5607; x_wconf 79' lang='lat' dir='ltr'><strong>mense,</strong></span> 
     </span>
    </p>
   </div>
   <div class='ocr_carea' id='block_1_124' title="bbox 2421 5606 4037 5678">
    <p class='ocr_par' dir='ltr' id='par_1_124' title="bbox 2421 5606 4037 5678">
     <span class='ocr_line' id='line_1_124' title="bbox 2421 5606 4037 5678; baseline 0.007 -21"><span class='ocrx_word' id='word_1_893' title='bbox 2421 5622 2512 5659; x_wconf 89' lang='lat' dir='ltr'><strong>an.</strong></span> <span class='ocrx_word' id='word_1_894' title='bbox 2542 5608 2666 5659; x_wconf 76' lang='grc'><strong>415.</strong></span> <span class='ocrx_word' id='word_1_895' title='bbox 2692 5606 2913 5669; x_wconf 81' lang='lat' dir='ltr'><strong>Confer,</strong></span> <span class='ocrx_word' id='word_1_896' title='bbox 2941 5610 2983 5678; x_wconf 74' lang='lat' dir='ltr'><strong>si</strong></span> <span class='ocrx_word' id='word_1_897' title='bbox 3011 5607 3179 5673; x_wconf 86' lang='lat' dir='ltr'><strong>lubet,</strong></span> <span class='ocrx_word' id='word_1_898' title='bbox 3213 5613 3440 5678; x_wconf 77' lang='lat' dir='ltr'><strong>August.</strong></span> <span class='ocrx_word' id='word_1_899' title='bbox 3471 5606 3631 5677; x_wconf 77' lang='lat' dir='ltr'><strong>epiSt.</strong></span> <span class='ocrx_word' id='word_1_900' title='bbox 3670 5611 3791 5672; x_wconf 77' lang='grc'><strong>151,</strong></span> <span class='ocrx_word' id='word_1_901' title='bbox 3823 5625 3881 5661; x_wconf 74' lang='lat' dir='ltr'><strong>et</strong></span> <span class='ocrx_word' id='word_1_902' title='bbox 3916 5606 4037 5667; x_wconf 56' lang='grc' dir='ltr'><strong>ὺυὲ</strong></span> 
     </span>
    </p>
   </div>
   <div class='ocr_carea' id='block_1_125' title="bbox 2418 5675 4035 5748">
    <p class='ocr_par' dir='ltr' id='par_1_125' title="bbox 2418 5675 4035 5748">
     <span class='ocr_line' id='line_1_125' title="bbox 2418 5675 4035 5748; baseline 0.007 -20"><span class='ocrx_word' id='word_1_903' title='bbox 2418 5680 2608 5729; x_wconf 82' lang='lat' dir='ltr'><strong>risinni</strong></span> <span class='ocrx_word' id='word_1_904' title='bbox 2635 5687 2901 5740; x_wconf 73' lang='lat' dir='ltr'><strong>nostrum,</strong></span> <span class='ocrx_word' id='word_1_905' title='bbox 2936 5675 3146 5732; x_wconf 78' lang='lat' dir='ltr'><strong>Histor.</strong></span> <span class='ocrx_word' id='word_1_906' title='bbox 3174 5675 3353 5748; x_wconf 52' lang='lat' dir='ltr'><strong>l&#39;elu&#39;g.</strong></span> <span class='ocrx_word' id='word_1_907' title='bbox 3390 5681 3480 5732; x_wconf 89' lang='lat' dir='ltr'><strong>lib.</strong></span> <span class='ocrx_word' id='word_1_908' title='bbox 3510 5675 3545 5742; x_wconf 67' lang='grc' dir='ltr'>ι,</span> <span class='ocrx_word' id='word_1_909' title='bbox 3577 5699 3626 5735; x_wconf 86' lang='lat' dir='ltr'><strong>c.</strong></span> <span class='ocrx_word' id='word_1_910' title='bbox 3650 5682 3682 5734; x_wconf 78' lang='grc' dir='ltr'><strong>ὅ</strong></span> <span class='ocrx_word' id='word_1_911' title='bbox 3707 5724 3719 5735; x_wconf 90' lang='grc'><strong>.</strong></span> <span class='ocrx_word' id='word_1_912' title='bbox 3755 5684 4035 5745; x_wconf 77' lang='lat' dir='ltr'><strong>Orosius.</strong></span> 
     </span>
    </p>
   </div>
   <div class='ocr_carea' id='block_1_126' title="bbox 2417 5748 4035 5825">
    <p class='ocr_par' dir='ltr' id='par_1_126' title="bbox 2417 5748 4035 5825">
     <span class='ocr_line' id='line_1_126' title="bbox 2417 5748 4035 5825; baseline 0.002 -26"><span class='ocrx_word' id='word_1_913' title='bbox 2552 5762 2814 5825; x_wconf 25' lang='lat' dir='ltr'><strong>_\&#39;tl,‘Cilp.</strong></span> <span class='ocrx_word' id='word_1_914' title='bbox 2873 5749 2975 5825; x_wconf 55' lang='lat' dir='ltr'><strong>d2,</strong></span> <span class='ocrx_word' id='word_1_915' title='bbox 3019 5766 3035 5798; x_wconf 80' lang='grc' dir='ltr'><strong>ι</strong></span> <span class='ocrx_word' id='word_1_916' title='bbox 3078 5748 3340 5815; x_wconf 79' lang='lat' dir='ltr'><strong>Marinus,</strong></span> <span class='ocrx_word' id='word_1_917' title='bbox 3398 5751 3597 5816; x_wconf 81' lang='lat' dir='ltr'><strong>inquit,</strong></span> <span class='ocrx_word' id='word_1_918' title='bbox 3642 5768 3829 5806; x_wconf 83' lang='lat' dir='ltr'><strong>comes</strong></span> <span class='ocrx_word' id='word_1_919' title='bbox 3870 5763 4035 5825; x_wconf 47' lang='lat' dir='ltr'><strong>apud</strong></span> 
     </span>
    </p>
   </div>
   <div class='ocr_carea' id='block_1_127' title="bbox 2416 5818 4033 5885">
    <p class='ocr_par' dir='ltr' id='par_1_127' title="bbox 2416 5818 4033 5885">
     <span class='ocr_line' id='line_1_127' title="bbox 2416 5818 4033 5885; baseline 0.007 -16"><span class='ocrx_word' id='word_1_920' title='bbox 2416 5818 2803 5883; x_wconf 68' lang='lat' dir='ltr'><strong>Carthaginem</strong></span> <span class='ocrx_word' id='word_1_921' title='bbox 2861 5820 3153 5880; x_wconf 68' lang='lat' dir='ltr'><strong>(inertnni</strong></span> <span class='ocrx_word' id='word_1_922' title='bbox 3207 5832 3313 5877; x_wconf 87' lang='lat' dir='ltr'><strong>(&#39;Sl,</strong></span> <span class='ocrx_word' id='word_1_923' title='bbox 3373 5825 3488 5873; x_wconf 72' lang='grc' dir='ltr'>ιιτιυ</span> <span class='ocrx_word' id='word_1_924' title='bbox 3531 5827 3883 5885; x_wconf 61' lang='lat' dir='ltr'><strong>stimulatus,</strong></span> <span class='ocrx_word' id='word_1_925' title='bbox 3913 5818 4033 5880; x_wconf 54' lang='lat' dir='ltr'><strong>&#39;ait</strong></span> 
     </span>
    </p>
   </div>
   <div class='ocr_carea' id='block_1_128' title="bbox 2416 5889 3724 5955">
    <p class='ocr_par' dir='ltr' id='par_1_128' title="bbox 2416 5889 3724 5955">
     <span class='ocr_line' id='line_1_128' title="bbox 2416 5889 3724 5955; baseline 0.004 -14"><span class='ocrx_word' id='word_1_926' title='bbox 2416 5905 2549 5941; x_wconf 77' lang='lat' dir='ltr'><strong>auro</strong></span> <span class='ocrx_word' id='word_1_927' title='bbox 2589 5895 2901 5955; x_wconf 72' lang='lat' dir='ltr'><strong>corruptus)</strong></span> <span class='ocrx_word' id='word_1_928' title='bbox 2944 5889 3002 5943; x_wconf 90' lang='lat' dir='ltr'><strong>S.</strong></span> <span class='ocrx_word' id='word_1_929' title='bbox 3043 5890 3414 5945; x_wconf 71' lang='lat' dir='ltr'><strong>Marcellinum</strong></span> <span class='ocrx_word' id='word_1_930' title='bbox 3448 5905 3672 5946; x_wconf 71' lang='lat' dir='ltr'><strong>metuit.</strong></span> <span class='ocrx_word' id='word_1_931' title='bbox 3705 5912 3724 5943; x_wconf 71' lang='grc' dir='ltr'><strong>ι</strong></span> 
     </span>
    </p>
   </div>
  </div>
