4198 6536
677 425 778 486 627
1838 433 1891 489 Ξ.
1940 434 2250 494 Ευςιιῑιιι
2299 436 2335 493 il

2299 436 2739 499 lilEIlilNYlll
3837 450 3942 514 i398

671 554 902 607 pravare.
942 538 1120 591 conati
1149 547 1298 602 sunt,
1335 555 1442 593 uno
1476 538 1655 594 libello
1688 539 1929 597 breviter
1969 545 2177 615 digesta
2213 547 2346 599 edas
2384 545 2436 599 in
2468 550 2719 602 notitiam
2753 566 2969 615 eorum,
3005 553 3206 621 quibus
3244 564 3332 608 aut
3375 571 3478 611 non
3514 568 3669 611 vacat
3722 573 3942 629 propter

673 630 782 683 alia
818 628 1059 696 negotia,
1088 640 1180 683 aut
1213 645 1324 684 non
1355 629 1537 682 valent
1563 639 1785 699 propter
1818 632 2051 687 alienam
2088 635 2328 705 linguam
2366 645 2476 690 tam
2510 640 2679 695 multa
2716 641 2897 713 legere
2932 654 3098 713 alque
3136 661 3491 716 cognoscere.
3540 669 3557 701 ι

740 749 794 801 5.
824 747 1015 812 Porro,
1053 748 1283 804 aliorum
1317 750 1633 805 testimonia
1668 765 1992 819 percensere
2028 752 2074 805 si
2134 752 2320 814 velim.
2364 755 2575 820 longior
2631 759 2757 814 sim.
2812 758 3135 819 Gennadius
3162 764 3416 819 eumdem
3454 765 3698 821 laborem
3739 766 3810 821 ad
3846 783 3941 822 sua

666 846 907 907 tempora
940 850 1258 906 persecutus
1284 839 1611 909 cognomine
1664 841 1803 895 libro
1856 855 1979 909 cap.
2018 841 2069 907 l,
2111 843 2179 897 de
2208 842 2413 899 Jacobo
2444 844 2710 901 Nisibeno
2747 862 2935 920 agens,
3001 869 3019 903 ι
3042 849 3215 917 Hunc,
3251 854 3451 924 inquit.
3509 854 3705 909 virum
3748 858 3939 911 beatus

665 924 1033 998 Hieronymus
1069 927 1121 981 in
1148 926 1289 982 libro
1320 928 1609 998 Χρονικῶν
1637 928 1785 983 velut
1814 944 2133 1000 magnarum
2168 934 2433 987 virtutum
2475 936 2751 993 hominem
2794 940 3037 995 nominat
3066 958 3081 1009 ;
3110 958 3210 997 cur
3240 943 3291 997 in
3321 943 3585 1016 Catalago
3622 944 3943 1000 Scribarum

665 1031 771 1067 non
810 1017 1077 1086 posuerit,
1112 1016 1269 1073 facile
1298 1017 1679 1083 excusabitur,
1722 1036 1739 1069 ι
1776 1028 1912 1083 etc.,
1945 1036 2065 1091 quae
2107 1022 2247 1075 infra
2276 1039 2379 1078 suo
2414 1025 2533 1080 loco
2561 1030 2961 1099 expendentes.
2989 1030 3283 1088 Facundus
3313 1031 3726 1092 Hermianensis
3758 1038 3861 1092 lib.
3895 1052 3941 1088 va

668 1102 1013 1160 [left-usionis
1047 1108 1211 1161 trium
1271 1107 1647 1178 Capitulorum
1676 1123 1801 1179 cap.
1839 1110 1875 1162 2
1916 1126 1930 1162 :
1980 1128 1998 1162 ι
2038 1108 2407 1183 Hieronymus
2445 1125 2658 1183 noster,
2693 1120 2780 1173 vir
2832 1120 3132 1176 admodum
3189 1121 3410 1184 doctus.
3440 1124 3535 1195 qui
3570 1127 3736 1180 etiam
3773 1135 3941 1180 tanta:

666 1197 845 1248 inerat
878 1194 1150 1262 lectionis,
1195 1205 1251 1251 ut
1277 1211 1494 1263 omnes,
1530 1206 1626 1253 aut
1665 1213 1807 1268 pene
1840 1212 2057 1263 omnes.
2092 1200 2208 1256 sive
2239 1203 2293 1257 in
2333 1203 2544 1268 Greco.
2586 1206 2703 1261 sive
2741 1207 2794 1261 in
2831 1208 3025 1265 Latino
3084 1212 3304 1282 eloquio
3339 1194 3647 1270 divinarum
3691 1214 3948 1284 Scriptu-

664 1301 847 1340 rarum
880 1296 1206 1343 tractatores
1245 1288 1472 1361 legeret,
1507 1290 1730 1361 scripsit
1759 1290 1957 1345 librum
1987 1290 2144 1359 cujus
2166 1302 2250 1346 est
2285 1294 2477 1350 titulus
2500 1293 2573 1349 De
2603 1294 2743 1351 Viris
2772 1296 3107 1363 Illustribus.
3129 1302 3181 1356 in
3204 1318 3313 1372 quo
3339 1319 3447 1357 non
3486 1305 3661 1359 solum
3692 1304 3945 1359 Catholi-

661 1390 780 1441 cos,
842 1376 938 1433 sed
977 1376 1140 1432 etiam
1174 1376 1460 1434 hereticos
1494 1378 1837 1445 memoravit,
1872 1380 1960 1448 qui
2020 1380 2089 1434 de
2133 1380 2434 1452 Scriptnris
2463 1387 2670 1444 sanctis
2724 1387 2776 1443 in
2836 1400 3069 1462 utraque
3103 1392 3289 1463 lingua
3316 1394 3532 1463 aliquid
3593 1396 3945 1462 conscripse-

662 1474 838 1521 runt:
874 1481 977 1519 non
1014 1466 1186 1521 tacuit
1214 1468 1307 1537 qui
1342 1466 1611 1521 haeresum
1652 1465 1855 1521 fuerint
1889 1468 2225 1533 conditores,
2257 1472 2419 1541 quive
2455 1487 2784 1543 assertores,
2820 1478 2903 1531 vel
2960 1480 3053 1543 qui
3091 1482 3258 1534 etiam
3292 1497 3322 1537 a
3358 1482 3685 1553 quibusdam
3736 1496 3798 1538 ut
3836 1488 3943 1538 ha:-

665 1553 821 1609 retici
878 1564 1297 1617 accnsarentur.
1348 1555 1470 1609 aliis
1521 1564 1712 1610 contra
1758 1554 2262 1611 defendentibus.»
2321 1560 2562 1632 Denique
2624 1563 2991 1621 Cassiodorus
3084 1568 3332 1623 Divinor.
3397 1569 3577 1626 quit.
3635 1587 3757 1641 cap.
3822 1573 3945 1629 l7:

667 1664 684 1691 ι
716 1645 854 1714 Lege
886 1645 1085 1701 librum
1119 1646 1192 1701 De
1235 1646 1375 1701 Viris
1414 1644 1728 1700 litasti-ibus
1759 1645 1821 1702 S.
1861 1645 2194 1719 Hieronymi.
2223 1650 2313 1703 ubi
2347 1652 2831 1708 diversoslabores
2863 1666 3027 1725 atque
3061 1659 3331 1726 opuscula
3367 1673 3558 1713 eorum
3620 1660 3870 1715 breviter
3893 1672 3943 1715 et

664 1733 952 1787 honoravit
976 1742 1030 1787 et
1062 1735 1259 1803 tetigit.
1299 1753 1317 1786 ι
1349 1734 1559 1800 Quibus
1587 1733 1720 1787 addc
1750 1732 1807 1787 S.
1843 1732 2106 1788 lsidornm
2148 1738 2547 1806 ll'spalensem.
2596 1739 2879 1812 Originum
2933 1744 3025 1799 lib.
3061 1762 3137 1808 vr.
3191 1747 3371 1816 capite
3423 1748 3500 1813 6;
3558 1746 3939 1803 Marcellinum

661 1822 929 1876 Comitem
966 1822 1017 1875 in
1050 1821 1321 1877 Chronico
1347 1864 1360 1885 .
1390 1821 1658 1877 Joannem
1714 1822 2179 1880 Sarislieriensem
2236 1828 2396 1898 epist.
2438 1829 2555 1892 172,
2593 1830 2838 1899 aliosque
2904 1835 3112 1889 secutis
3175 1837 3516 1906 temporibus
3562 1852 3733 1907 prape
3767 1839 3939 1892 inuu-

663 1927 868 1964 ιιξιδτοε.

735 2026 786 2079 4.
826 2024 1047 2081 Factum
1082 2043 1147 2082 ex
1181 2028 1285 2083 hac
1326 2029 1440 2099 ipsa
1472 2027 1656 2097 operis
1683 2028 2026 2091 celebritate.
2059 2039 2115 2082 ut
2147 2028 2373 2082 meliore
2403 2028 2566 2083 etiam
2599 2029 2817 2084 fortuna
2858 2048 3021 2100 quam
3051 2036 3241 2106 reliqui
3276 2052 3469 2096 omnes
3519 2040 3939 2113 liieronym‘ani

666 2119 785 2169 libri
815 2128 1063 2174 uteretur
1099 2121 1239 2184 iste.
1259 2121 1527 2189 siquidem
1564 2120 1732 2174 variis
1767 2119 2106 2189 temporibus
2136 2120 2322 2187 plures
2363 2120 2633 2174 litteratos
2663 2122 2812 2173 viros
2860 2122 3089 2190 invenit,
3134 2142 3369 2195 quorum
3427 2145 3590 2193 opera
3649 2131 3829 2197 magis
3864 2146 3929 2181 ac

669 2209 841 2276 magis
895 2212 1207 2281 recognitns
1242 2220 1411 2281 atque
1450 2211 1782 2274 illusuatus,
1847 2210 2006 2263 modo
2074 2209 2326 2267 seorsim,
2365 2209 2526 2262 ατο-1η
2559 2224 2681 2262 cum
2720 2210 2843 2262 aliis
2870 2212 3133 2279 operibus
3192 2215 3243 2267 in
3288 2216 3462 2272 lucem
3500 2219 3934 2287 produceretur.

666 2298 995 2366 insigniores
1018 2314 1081 2354 ex
1116 2300 1181 2353 iis
1215 2309 1336 2353 sunt
1378 2298 1660 2362 Erasmus,
1698 2298 1999 2361 Victorius,
2036 2296 2295 2353 Gravius.
2329 2294 2604 2350 Suliridus
2635 2294 2806 2360 Petri.
2836 2295 3083 2355 Joannes
3111 2315 3138 2353 a
3196 2301 3425 2365 l-‘uchte.
3494 2307 3773 2359 Aubertus
3840 2305 3939 2358 Μῖ-

662 2403 823 2450 rmns,
866 2387 1130 2443 Ernestus
1153 2386 1511 2452 Tentzellius,
1549 2388 1809 2442 Salomon
1832 2386 2168 2457 Cyprianus,
2204 2384 2580 2445 Martianmus,
2615 2396 2776 2453 atque
2805 2388 3049 2442 omnium
3085 2391 3389 2447 novissime
3423 2394 3683 2447 Albertus
3740 2391 3942 2446 Fabri-

663 2480 804 2541 cius,
834 2475 925 2544 qui
960 2476 1097 2531 satis
1132 2488 1410 2532 accuratae
1443 2493 1556 2532 sua!
1585 2476 1894 2531 recensioui
1932 2476 2162 2529 aliorum
2201 2490 2420 2544 quoque
2447 2474 2723 2529 editorum
2765 2476 2973 2530 scholia
3027 2489 3192 2549 atque
3241 2483 3627 2536 annotatioiies
3658 2480 3935 2538 adtevnit.

667 2565 861 2619 Verum
906 2565 1052 2620 nulla
1120 2574 1203 2619 est
1233 2581 1397 2635 opera
1434 2566 1701 2633 insignior
1758 2566 1869 2629 illa,
1906 2580 2069 2632 quam
2115 2564 2459 2633 Soplironius
2494 2563 2720 2632 quidam
2792 2565 3082 2635 impendit,
3153 2569 3246 2639 qui
3285 2580 3459 2624 totum
3519 2572 3663 2625 hunc
3720 2572 3926 2624 librum

660 2654 849 2708 Grmce
885 2653 1087 2708 refudit
1117 2674 1129 2708 :
1158 2655 1223 2708 de
1250 2670 1356 2722 quo
1386 2656 1605 2709 homine
1637 2664 1690 2708 et
1729 2654 1979 2707 ver.~ioue
2027 2654 2143 2721 ipsa
2177 2668 2299 2707 cum
2340 2651 2506 2705 multa
2543 2651 2594 2705 in
2625 2662 2913 2721 utramque
2953 2664 3159 2723 partem
3197 2656 3475 2711 disserant
3517 2657 3737 2719 eruditi,
3787 2673 3938 2710 non-

664 2743 798 2797 nihil
833 2743 991 2798 nobis
1027 2742 1316 2799 dicendum
1350 2752 1455 2798 est.
1492 2744 1775 2807 Erasmus,
1802 2743 1885 2797 cui
1917 2742 2163 2795 omnium
2196 2746 2372 2807 primo
2424 2752 2718 2806 vetustum,
2764 2757 2819 2798 ιιι
2852 2747 2966 2811 ipse
2995 2755 3090 2809 an,
3120 2753 3280 2813 atque
3302 2747 3653 2800 emendatum
3680 2745 3903 2813 Sopbro
3926 2776 3938 2785 -

664 2837 840 2886 niame
876 2832 1143 2888 versionis
1173 2834 1450 2904 exemplar
1491 2834 1729 2887 nancisci
1769 2834 2015 2904 contigit,
2052 2834 2255 2901 quique
2288 2847 2413 2885 eum
2445 2835 2617 2887 secuti
2654 2848 2777 2889 sunt
2810 2836 3048 2889 editores
3085 2835 3349 2904 plerique.
3378 2851 3489 2889 non
3527 2838 3690 2889 alium
3742 2837 3814 2890 ab
3874 2851 3940 2889 eo

665 2921 979 2987 Sophronia
1012 2936 1132 2975 esse
1188 2937 1511 2988 persuasum
1556 2924 1783 2983 habent,
1822 2936 1981 2990 quem
2025 2919 2383 2991 Hieronymus
2430 2929 2617 2974 noster
2648 2937 2699 2975 c.
2734 2924 2835 2977 131
2883 2922 3157 2989 hnjusntet
3213 2923 3459 2994 Catalogi
3507 2925 3708 2984 laudat,
3741 2935 3939 2992 utpote

665 3024 889 3061 suorum
927 3009 1139 3077 aliquot
1169 3011 1564 3078 opusculorum
1597 3010 1664 3063 de
1692 3009 1892 3062 Latino
1920 3008 1971 3061 in
1996 3009 2245 3063 (irrecum
2280 3008 2516 3078 eleganti
2550 3025 2801 3064 sermone
2833 3010 3211 3077 interpretem.
3252 3009 3455 3065 Horum
3498 3013 3775 3066 sententia
3816 3016 3934 3077 ipsa

664 3100 898 3163 primum
932 3100 1054 3151 libri
1082 3099 1442 3165 inscriptione
1497 3098 1715 3163 nititur.
1745 3096 1944 3150 deinde
1978 3106 2356 3167 praecoucepta
2394 3112 2456 3150 ex
2502 3096 2813 3169 Hieronymi
2868 3100 3186 3154 testimonio
3216 3101 3502 3155 doctorum
3536 3101 3803 3168 Opinione
3839 3104 3936 3154 Lo-

614 3189 617 3192 ’
662 3189 863 3240 minum
905 3190 1284 3245 confirmatur.
1319 3188 1519 3243 Contra
1550 3190 1637 3243 alii
1674 3202 1770 3256 pro
1798 3201 2008 3257 nupero
2037 3185 2304 3255 scriptore
2334 3187 2554 3248 habent.
2588 3189 2678 3257 qui
2716 3188 3008 3256 Sophronii
3037 3193 3179 3256 ejus.
3243 3187 3567 3260 Hieronymi
3607 3190 3935 3255 familiaris,

663 3291 948 3341 personam
1004 3278 1326 3345 mentiatur,
1359 3295 1459 3334 nec
1488 3279 1664 3334 defuit
1717 3277 1938 3347 quidam
1976 3286 2173 3329 cetera
2227 3274 2420 3329 doetus
2448 3286 2611 3344 atque
2666 3277 2918 3330 eruditus
2954 3274 3231 3345 (Vossiutn
3266 3277 3438 3345 dico).
3474 3278 3568 3346 qui
3634 3278 3933 3333 Erasmuut

662 3369 838 3420 iusum
879 3367 1019 3420 hanc
1050 3370 1408 3437 Supposuisse
1439 3369 1754 3436 suspicatus
1783 3367 1876 3432 sit,
1910 3376 2060 3419 certe
2101 3365 2170 3417 ab
2201 3363 2319 3431 eius
2371 3365 2467 3416 a'vi
2505 3364 2755 3418 Grmcnlo
2812 3365 3079 3419 nebulone
3116 3366 3300 3433 aliquo
3351 3366 3651 3432 profectam
3691 3378 3933 3422 conten-

659 3456 820 3527 derit.
863 3453 940 3509 Ex
967 3471 1033 3510 eo
1070 3467 1250 3509 autem
1280 3466 1756 3522 argumentantur,
1793 3453 1938 3523 quod
1974 3452 2158 3505 multis
2187 3454 2237 3504 in
2276 3453 2410 3505 locis
2450 3467 2550 3507 nec
2600 3452 2790 3507 Gra‘ca
2836 3454 2930 3516 sit,
2966 3469 3065 3509 nec
3123 3453 3444 3526 Hieronymi
3478 3466 3718 3511 mentem
3750 3458 3931 3522 extari-

661 3552 795 3605 mat.
824 3543 920 3598 sed
981 3559 1045 3598 ex
1076 3552 1333 3613 corrupto
1372 3543 1569 3597 Latino
1602 3540 1902 3609 exemplari
1926 3554 2183 3607 expressa
2226 3538 2497 3593 videatur.
2555 3540 2760 3595 Deinde
2795 3543 2939 3608 quod
3009 3542 3061 3596 iu
3106 3542 3256 3596 nullo
3298 3559 3535 3612 utiquam
3589 3548 3764 3599 veteri
3796 3546 3935 3601 lituo

662 3632 1036 3702 manuscripto
1088 3635 1233 3687 illam
1271 3634 1508 3701 reperire
1560 3632 1629 3686 sit
1666 3634 1717 3685 in
1758 3630 2123 3693 bibliothecis,
2156 3642 2294 3697 quas
2356 3627 2673 3696 huiusmodi
2734 3630 3043 3684 litterarum
3081 3632 3312 3686 studiosi
3364 3634 3633 3697 hactenus
3664 3650 3936 3689 εδςιιεειιη

662 3725 791 3775 rint.
860 3721 1006 3778 Inter
1053 3723 1189 3776 adeo
1240 3721 1463 3776 dissitas
1501 3721 1789 3790 Opiniones
1842 3719 2038 3777 media.
2083 3732 2246 3785 quam
2312 3718 2697 3784 prudentiores
2734 3718 2833 3771 viri
2873 3717 3093 3787 Bosius,
3132 3720 3383 3784 Huetius,
3424 3721 3640 3787 aliique
3670 3724 3931 3789 probant,

661 3816 818 3879 longe
845 3820 929 3867 est
954 3811 1117 3865 etiam
1149 3812 1520 3866 vero:in=iiior
1552 3830 1565 3864 :
1604 3811 1747 3874 dico,
1795 3808 2163 3877 Sophronium
2214 3804 2432 3875 quidem
2471 3807 2617 3859 illum
2656 3807 2973 3880 Hieronymi
3009 3810 3267 3873 amicum,
3304 3812 3390 3865 cui
3429 3812 3595 3879 vulgo
3640 3811 3931 3876 tribuitur,

668 3905 982 3969 neutiquam
1017 3901 1138 3969 ejus
1171 3912 1448 3956 auctorem
1482 3916 1638 3966 esse;
1680 3910 1738 3954 ut
1776 3912 1957 3953 autem
1992 3897 2061 3952 ab
2111 3894 2346 3949 Erasmo
2382 3905 2477 3947 aut
2508 3894 2577 3948 ab
2628 3896 2748 3963 ejus
2801 3897 2903 3950 a2vi
2938 3895 3237 3965 impostore
3294 3897 3481 3965 aliquo
3538 3898 3776 3951 conficta
3837 3900 3927 3960 sit,

662 3993 884 4045 minime
918 3989 1070 4044 credi
1100 4004 1283 4058 posse.
1310 3988 1554 4043 Primum
1589 3990 1782 4043 suadet
1808 3987 1983 4058 stylus
2021 3985 2161 4056 ipse,
2191 3981 2285 4052 qui
2321 3981 2629 4048 sequiorem
2658 3978 3003 4035 Grarcitatem
3038 3984 3286 4036 redolere
3319 3999 3426 4036 nou
3461 3985 3739 4037 innuerito
3772 3988 3925 4040 visus

657 4093 737 4136 est
768 4101 782 4135 ε
809 4095 1024 4136 errores
1054 4093 1273 4149 quoque
1299 4089 1351 4133 et
1383 4077 1533 4132 falsa:
1565 4079 1849 4139 lectiones,
1879 4092 2030 4145 quae,
2072 4076 2194 4127 licet
2223 4085 2331 4124 non
2383 4070 2704 4133 innumerae,
2763 4079 2820 4123 ut
2860 4068 3085 4125 Vossius
3122 4082 3440 4141 exaggerat.
3466 4072 3583 4139 eius
3620 4084 3804 4131 tamen
3842 4098 3929 4148 ge-

660 4169 806 4223 neris
855 4177 1008 4230 suut.
1041 4176 1099 4220 ut
1158 4181 1226 4221 ex
1261 4165 1565 4220 recentiore
1595 4163 1792 4217 Latino
1839 4159 2137 4228 exemplari
2186 4160 2507 4213 adornatam
2550 4158 2965 4212 translationem
3012 4163 3404 4229 persuadeant.
3462 4166 3685 4231 quando
3722 4170 3926 4221 sensim

660 4259 876 4312 inducta
912 4255 1186 4319 barbarie,
1224 4255 1521 4309 scribarum
1553 4252 1864 4313 osdtantia,
1916 4257 2012 4303 aut
2042 4248 2359 4303 criticorum
2396 4245 2675 4299 temeritas
2719 4247 2890 4300 bonos
2929 4247 3094 4301 libro<
3132 4261 3469 4315 pervaserat.
3532 4249 3767 4305 Maxime
3800 4273 3930 4307 \t'ru

660 4347 1106 4415 interpolaticnes
1136 4346 1202 4399 de
1260 4344 1549 4413 apostolis,
1587 4351 1680 4395 aut
1710 4341 1829 4393 aliis
1861 4339 2100 4408 antiquis
2132 4335 2411 4397 Patribus,
2440 4333 2532 4403 qui
2572 4334 2705 4385 nihil
2751 4335 2980 4387 oninino
3013 4337 3375 4403 scripserunt,
3412 4352 3590 4405 neque
3620 4340 3685 4392 ab
3738 4342 3926 4396 ηερω-

660 4451 819 4500 uymo
855 4436 1001 4489 inter
1038 4434 1439 4491 ecclesiasticos
1469 4431 1763 4500 scriptores
1789 4431 1942 4483 relati
1971 4428 2206 4490 fuerant,
2245 4424 2524 4493 ingenium
2564 4422 2755 4490 utique
2813 4424 3037 4492 sapiunt
3069 4424 3306 4478 hominis
3336 4441 3362 4477 a
3405 4427 3701 4496 Sophronii
3734 4429 3838 4485 fide
3862 4447 3933 4486 ac

661 4494 941 4577 nobilitate
979 4523 1397 4581 alienissimum.
1452 4520 1700 4573 Alterum
1735 4517 1893 4571 facile
1925 4516 2179 4569 evincunt
2212 4514 2545 4582 scriptorum
2599 4511 2935 4574 testimonia,
2970 4514 3063 4579 qui
3099 4513 3297 4566 nedum
3331 4528 3441 4568 uno
3472 4524 3567 4567 aut
3599 4517 3797 4581 altero,
3830 4525 3928 4573 sui

662 4607 843 4660 multis
877 4617 1003 4659 ante
1036 4604 1318 4659 Erasmum
1347 4604 1560 4657 stecnlis
1590 4603 1854 4655 ﬂoruere.
1909 4598 2103 4653 Suidas
2140 4597 2322 4653 multis
2360 4601 2411 4652 in
2449 4600 2580 4653 locis
2613 4599 2920 4652 versionem
2954 4602 3091 4653 hanc
3127 4600 3334 4663 laudat.
3370 4617 3433 4655 ac
3465 4602 3686 4656 totidem
3747 4610 3931 4661 verbis

656 4695 917 4748 iiitetf‘lltll
946 4695 996 4745 in
1041 4693 1256 4755 Basilio,
1286 4692 1541 4754 Cmsario,
1576 4689 1863 4759 Gregorio.
1897 4688 2146 4747 Damaso.
2182 4689 2505 4759 Epiphanio,
2544 4688 2779 4741 Eusebio
2811 4688 3097 4757 Pamphili,
3129 4689 3369 4755 .lustino,
3404 4690 3561 4746 .lostu
3588 4694 3925 4759 Tiberiani,

656 4785 918 4851 .loscpho,
948 4782 1240 4843 Methodio.
1297 4780 1549 4848 Origene,
1587 4778 1906 4848 Polycarpo,
1941 4776 2186 4830 Philone.
2218 4779 2304 4840 At,
2361 4777 2599 4845 inquies,
2629 4778 2850 4829 incerta:
2878 4786 3068 4831 auctor
3106 4780 3281 4834 relatis
3319 4790 3404 4835 est
3436 4781 3550 4848 ipse
3588 4779 3811 4843 Suidas.
3866 4799 3931 4839 et

657 4873 745 4939 qui
780 4889 847 4923 su
893 4871 1091 4923 szeculn
1120 4870 1325 4922 vixisse
1373 4868 1638 4933 videatur,
1669 4866 2104 4935 quandoquidem
2141 4881 2204 4919 ex
2240 4865 2503 4919 Micliaele
2533 4864 2735 4930 Psello,
2766 4866 2857 4933 qni
2899 4866 3000 4919 sub
3032 4868 3225 4922 Alexio
3258 4868 3537 4925 Gutuueno
3564 4870 3765 4935 floruit,
3803 4875 3925 4927 loca

657 4960 899 5015 quaedam
928 4959 995 5011 ab
1026 4958 1119 5012 illo
1149 4959 1514 5010 adducuntur.
1561 4957 1635 5010 Ita
1666 4970 1818 5015 sane.
1855 4955 1949 5010 sed
1982 4970 2044 5009 ex
2077 4954 2291 5022 aliquot
2354 4954 2604 5012 vocibus.
2636 4969 2777 5022 quas
2810 4956 3081 5022 posterior
3129 4970 3323 5009 manus
3352 4957 3635 5028 adjeeerit,
3704 4960 3773 5013 de
3802 4964 3930 5026 ejus

662 5060 819 5102 :riaie
854 5063 956 5098 non
991 5044 1486 5114 cssejmliraudutn
1523 5060 1682 5099 nemo
1734 5042 2024 5104 inﬁcietur,
2094 5052 2260 5110 utque
2314 5040 2531 5094 diii‘tcile
2557 5040 2702 5093 dictu
2738 5042 2830 5105 sit,
2880 5057 2989 5110 quo
3034 5043 3249 5096 tandem
3286 5059 3433 5098 anno
3469 5060 3661 5100 auctor
3692 5048 3925 5111 vixerit,

665 5136 1013 5186 wiustiorcm
1050 5143 1230 5184 tamen
1261 5148 1385 5184 esse
1418 5146 1578 5198 quam
1614 5131 1773 5198 vulgo
1810 5129 2075 5184 creditur.
2115 5130 2292 5180 doctis
2318 5130 2450 5182 viris
2496 5132 2787 5198 probatum
2826 5141 2941 5187 est.
2980 5130 3090 5184 Nec
3131 5141 3307 5184 tamen
3340 5148 3503 5185 unum
3535 5135 3638 5188 hoc
3671 5138 3929 5191 testium-

661 5242 806 5275 unum
844 5238 1026 5291 ιιι-ςέο.
1058 5223 1148 5276 Est
1184 5221 1329 5273 aliud
1364 5220 1879 5273 luculentissiumm.
1924 5218 2173 5279 Photius.
2207 5218 2297 5285 qui
2346 5228 2492 5271 certe
2526 5230 2651 5271 ante
2684 5233 2894 5272 annum
2952 5217 3057 5271 830
3087 5216 3477 5273 Bibliotlterzun
3511 5236 3665 5274 suam
3706 5227 3925 5285 emisit,

662 5317 795 5364 inme
823 5315 991 5376 ipsum
1020 5310 1264 5363 Graecam
1300 5309 1812 5374 interpretationem
1837 5306 1982 5374 legit,
2016 5314 2068 5359 et
2100 5306 2335 5373 plurium
2366 5321 2435 5359 ex
2463 5322 2525 5359 ea
2569 5322 2829 5361 versuum
2861 5307 3120 5361 laciniam
3155 5307 3449 5360 derivavit.
3493 5306 3565 5363 Ut
3601 5312 3678 5362 rei
3716 5315 3931 5369 veritas

667 5408 898 5463 wnstet,
939 5400 1126 5451 confer
1172 5396 1236 5451 ad
1297 5396 1608 5465 Hieronymi
1644 5404 1805 5462 caput
1836 5394 1926 5454 Gl.
1975 5395 2040 5447 de
2076 5393 2371 5463 Hippolyto
2427 5395 2799 5465 SOphronium
2828 5393 3016 5449 Graece
3065 5405 3367 5450 vertentem
3423 5414 3547 5451 cuin
3590 5399 3677 5453 bis
3738 5401 3929 5456 l'hotit

659 5492 782 5543 nul.
823 5489 909 5543 1⁸31
948 5507 960 5541 :
995 5489 1224 5554 Λέγεται
1277 5488 1331 5539 δὲ
1379 5489 1469 5540 καὶ
1530 5486 1684 5546 οὗτος
1739 5483 2115 5555 (Ἱππόλυτος)
2175 5483 2535 5552 προσομιλεῖν
2589 5482 2668 5550 τῷ
2724 5482 2834 5551 λαῷ
2880 5484 3024 5535 κατὰ
3088 5486 3326 5552 μὲμηειν
3368 5485 3703 5553 Ὠριγένους,
3738 5482 3797 5541 εἴ,
3824 5492 3937 5543 κει),

663 5564 897 5648 adv-(101;;
956 5580 1048 5630 καὶ
1102 5578 1337 5645 ἐραστὴς
1386 5575 1493 5627 τῶν
1544 5575 1719 5642 λόγων
1776 5574 2044 5641 ὑπῆρχεν,
2102 5572 2176 5633 ὠς
2241 5579 2321 5625 καῖ

2278 5579 2333 5625 αἰ
2375 5572 2783 5640 προτρέψασθαι
2846 5573 3007 5624 αὑτὸν
3078 5574 3176 5640 τὴν
3247 5572 3396 5623 ὑείαν
3459 5574 3928 5644 {mouimus-331:

665 5664 905 5730 l‘paqiqv,
946 5662 1361 5727 ὲγκαταςτήςλς
1405 5658 1553 5727 αὐτῷ
1590 5661 1681 5713 καὶ
1732 5658 2089 5725 ὑπογραφέας
2132 5658 2275 5709 ἑπτὰ
2327 5660 2717 5727 τλχνγράφους
2765 5662 2855 5713 καὶ
2896 5660 3121 5727 ἑτέρη-ος
3170 5659 3459 5719 τοςοὺτους
3496 5663 3810 5728 γράψαντας
3840 5669 3931 5727 είς

668 5752 887 5814 κάλλος,
919 5743 992 5801 ὧν
1021 5745 1087 5818 ἦν
1117 5750 1330 5817 καὶτῆς
1369 5748 1610 5815 δαπάνης
1641 5749 1803 5810 αὐτὸς
1841 5747 2070 5815 χορηγός
2098 5762 2111 5777 ⁸
2149 5746 2246 5797 κκὶ
2314 5764 2326 5793 ι

2314 5746 2484 5797 τώτχ
2528 5747 2974 5814 ὑπηρετούμενον·
3015 5747 3185 5813 αζιτῴ,
3221 5748 3480 5799 ἐιπιιτείν
3540 5751 3705 5802 αὐτὸν
3770 5754 3931 5804 άπι-

668 5843 937 5908 (ιχετῄτως
972 5838 1030 5889 τὸ
1060 5838 1238 5905 ἔργον,
1270 5838 1328 5902 ἐξ
1354 5836 1410 5888 οὗ
1441 5839 1530 5888 κτιὶ
1562 5837 1939 5905 ἐργνδιώκτην
1999 5838 2056 5886 ἐν
2092 5838 2187 5902 μιᾷ
2226 5836 2333 5886 τῶν
2393 5837 2698 5888 ἐπιστολῶν
2755 5840 2904 5903 παρὰ
2965 5836 3273 5902 Ὠριξένιους
3337 5837 3630 5902 κῖκῇεῆναε.
3686 5840 3840 5904 Quod
3878 5848 3933 5892 -ἱ

667 5938 891 5995 apparet
942 5933 1230 5979 mamleeto
1283 5931 1393 5980 luce
1428 5939 1491 5979 ex
1545 5927 1633 5979 illo
1661 5925 1911 5988 deseribi,
1946 5936 2105 5993 atque
2140 5928 2271 5978 adeo
2309 5925 2564 5979 l'hctiam
2618 5937 2974 5993 ιιιςιιιδθριδι
3008 5926 3181 5975 teratu
3215 5924 3418 5989 rmiger,
3448 5926 3559 5994 31m
3620 5942 3722 5980 non
3759 5940 3939 5986 sane.)
