4198 6466
200 392 300 451 629
917 392 1149 453 LIBER
1198 395 1289 453 DF.
1326 396 1535 454 VlRlS
1590 395 1858 455 [LLUST

1795 396 2134 456 STRIRUS.
2183 423 2243 429 -
2283 397 2737 457 ΛΙἎῙΟΝΙΠΟ.
3348 390 3453 457 630

200 523 462 577 nuperum
490 523 627 578 opus
667 521 772 561 nou
812 515 918 572 est,
971 509 1064 563 sel
1098 509 1298 563 secuio
1349 518 1406 562 ut
1447 511 1657 565 tardius
1689 520 1882 563 octavo
1934 509 2137 562 incunti
2175 508 2364 561 debeat
2414 512 2679 565 alseribi.
2716 510 2906 563 Utrum
2944 522 3075 561 vero
3107 515 3300 561 auctor
3341 506 3455 573 ipse

200 596 552 666 Saphronius
598 596 663 650 de
694 596 916 651 nomine
972 598 1362 665 appellaretur,
1402 615 1465 649 an
1499 598 1598 651 sub
1626 608 1723 651 velt
1750 599 1823 653 ris
1855 596 2268 667 llicronyutiaui
2306 597 2625 665 itttet‘pt't'lis
2676 614 2910 666 persona
2960 598 3145 660 lateat,
3173 596 3451 651 curiosius

197 688 511 755 exquirere,
567 700 673 740 non
707 700 829 740 esse
894 701 1075 753 opera!
1109 698 1346 754 pretium
1383 696 1556 757 puto;
1597 688 1811 739 tametsi
1845 702 1987 740 unus
2016 698 2178 757 atque
2223 688 2362 741 alter
2396 688 2743 757 Sophrouius
2779 704 2874 757 per
2931 688 2982 742 id
3019 686 3278 756 temporis
3308 686 3455 737 vise~
3543 698 3547 702 ‘

199 777 324 837 tint,
361 776 458 845 qui
487 776 540 829 id
573 774 676 829 sibi
710 775 920 843 negotii
958 773 1088 828 dare
1120 775 1367 843 potuisse
1396 776 1683 831 commode
1718 775 2031 831 videantur.

267 918 316 970 5.
350 917 474 971 Jam
501 932 633 971 vero
663 931 772 987 quo
805 924 1051 987 tempore
1082 916 1281 969 librum
1314 915 1458 969 hunc.
1486 924 1710 970 sanctus
1745 914 1938 968 doctor
1968 914 2234 979 emiserit,
2254 914 2542 969 dicendum
2563 923 2669 967 est.
2700 913 2820 983 Ipse
2846 924 3021 968 autem
3055 911 3235 981 capite
3267 908 3455 961 ultinm

197 1005 260 1056 dc
302 1023 360 1059 se
399 1007 657 1070 loquens,
688 1012 841 1058 notat
872 1004 961 1058 his
981 1004 1187 1068 verbis,
1223 1016 1428 1070 «usque
1456 1004 1509 1056 in
1542 1012 1866 1070 pra'scntcm
1907 1020 2133 1066 annum,
2160 1005 2212 1057 id
2244 1016 2328 1059 cst
2360 1004 2653 1060 Theodosii
2679 1005 2945 1075 principis
2973 1004 3246 1058 decimum
3298 1014 3459 1069 quar-

204 1108 344 1158 tum,
382 1096 499 1147 haec
529 1094 781 1164 scripsia
820 1091 1167 1149 Concurrere
1193 1092 1345 1145 illum
1378 1108 1501 1145 cum
1539 1108 1681 1145 anno
1711 1111 1736 1144 ει
1769 1094 1986 1149 Christo
2025 1103 2152 1147 nato
2183 1094 2290 1150 392
2314 1110 2417 1147 non
2452 1104 2535 1149 est
2560 1095 2648 1164 qui
2684 1096 2935 1161 dubitet;
2964 1094 3142 1145 malim
3177 1106 3309 1145 vero
3342 1088 3459 1158 ejus

203 1184 329 1235 anui
371 1185 733 1249 posteriorem
760 1192 969 1251 partem
1006 1181 1260 1249 intelligi,
1304 1189 1361 1235 ιιι
1394 1192 1590 1235 caetera
1622 1182 1822 1238 rectius
1856 1195 2132 1252 aptentur.
2167 1184 2435 1253 Colligere
2463 1184 2566 1239 hoc
2595 1195 2678 1239 est
2710 1200 2776 1239 ex
2809 1181 3126 1238 testimonio
3156 1181 3280 1235 libri
3330 1195 3460 1235 con-

200 1285 279 1325 tra
334 1273 691 1329 Iovinianum
754 1290 921 1344 supra
973 1273 1205 1335 laudati,
1239 1272 1392 1339 cujus
1425 1272 1644 1338 quidem
1680 1274 2013 1329 mentionem
2055 1275 2106 1328 in
2158 1276 2417 1346 Catalogo
2460 1290 2564 1329 non
2606 1273 2965 1345 Hieronymus
3000 1271 3150 1336 fecit,
3184 1271 3271 1338 qui
3301 1269 3454 1322 illum

202 1364 444 1415 tmtttltlttt
477 1364 865 1427 adornaverat,
892 1363 987 1417 sed
1029 1375 1302 1415 nonnemo
1334 1360 1612 1417 studiosus
1646 1362 1737 1432 qui
1774 1364 2105 1431 posteriores
2138 1364 2306 1416 etiam
2350 1364 2487 1418 alios
2518 1363 2954 1417 Commentarios
2989 1365 3277 1421 memorat,
3323 1372 3456 1410 con-

200 1462 280 1503 tra
334 1455 598 1505 aut-toris
653 1460 915 1513 mentem,
958 1460 1011 1504 et
1045 1460 1291 1504 veterum
1344 1450 1799 1517 cxemplariorum
1842 1448 2023 1503 ﬁdem.
2087 1450 2301 1503 Rursus
2334 1467 2397 1505 ex
2444 1450 2769 1505 Prmfaliottc
2813 1446 3345 1503 Commentariorum
3404 1444 3456 1497 iu

197 1540 414 1599 J-mam.
453 1542 545 1593 ubi
569 1542 764 1595 seriem
792 1556 1016 1596 suarum
1048 1539 1515 1594 elucubratiouum
1550 1554 1645 1606 per
1677 1537 1969 1591 triennium
2005 1539 2072 1589 ab
2145 1540 2490 1608 expositione
2519 1543 2759 1609 quinque
2787 1539 3184 1607 Prophetarum
3238 1543 3465 1589 sanctus

198 1630 386 1682 .i-rClﬂl‘
423 1640 735 1685 enumerat.
785 1641 838 1681 et
878 1637 934 1682 ut
968 1628 1071 1681 Itoe
1100 1643 1319 1697 quoque
1358 1627 1635 1696 adjiciam.
1666 1642 1727 1679 ex
1763 1626 2006 1679 secundo
2039 1628 2239 1681 Contra
2275 1627 2525 1681 Ruﬁnum
2563 1628 2720 1693 libro,
2755 1628 2845 1683 ubi
2894 1636 3023 1681 ante
3068 1642 3236 1679 annos
3298 1625 3462 1693 ferme

200 1722 370 1770 tierent
410 1719 562 1771 hunc
590 1716 907 1786 Catalogum
936 1732 994 1771 se
1025 1727 1261 1773 testatur
1290 1716 1513 1771 texisse.

264 1852 317 1905 6.
355 1852 612 1917 Denique
647 1854 773 1921 quid
806 1866 910 1909 nos
938 1867 1118 1921 operte
1152 1861 1273 1921 post
1300 1860 1579 1905 tantorum
1614 1851 1900 1904 hominum
1946 1850 2223 1905 solertiam
2260 1851 2325 1902 ad
2360 1851 2519 1919 hujus
2548 1849 2671 1903 libri
2697 1849 2996 1905 editionem
3050 1861 3244 1901 novam
3270 1851 3461 1899 contu-

200 1940 447 2002 ιίιιυξιιιιιε,
488 1943 685 2010 paucis
715 1943 919 2007 accipe.
954 1942 1138 1994 Primo
1167 1940 1409 1994 Grmcatu
1449 1942 1779 2000 versionem,
1815 1954 1975 2004 quam
2010 1940 2184 1991 editor
2212 1938 2596 1992 Benedictitttts
2631 1939 2774 1990 malo
2807 1936 2999 2005 utique
3054 1933 3286 1989 consilio
3316 1931 3461 1985 omi-

204 2041 371 2088 st't‘tl.
403 2045 681 2098 quamque
721 2031 861 2083 haud
896 2031 1121 2084 dubium
1171 2040 1252 2083 est
1287 2031 1584 2083 identidem
1628 2026 2062 2097 llicrouymiaum
2094 2028 2313 2079 lectioni
2356 2029 2635 2094 suppetias
2675 2032 2840 2089 terre,
2874 2024 3139 2079 continuo
3201 2021 3458 2090 apposui-

204 2135 339 2177 tnns.
384 2120 457 2171 iis
491 2129 699 2171 tantum
727 2119 973 2185 est-cptis
1009 2118 1196 2173 decem
1232 2116 1556 2170 Nominibus
1588 2134 1705 2184 qua!
1731 2132 1796 2170 ea
1828 2116 2223 2185 paraphrastis.
2250 2130 2344 2169 sct'.
2378 2116 2555 2182 potius
2576 2116 2891 2182 glossatoris
2912 2128 3073 2166 manu
3104 2110 3348 2182 profeCta
3387 2108 3450 2160 :td

201 2208 322 2262 arch
344 2218 559 2277 'typuat
587 2208 763 2263 sancti
800 2206 977 2262 Patris
1003 2222 1107 2260 non
1135 2205 1474 2268 referuntur,
1512 2215 1563 2257 ct
1596 2220 1695 2257 nos
1722 2216 1978 2271 tauquam
2006 2206 2193 2258 reruil.
2216 2221 2266 2258 ιιι
2298 2204 2541 2257 sobolem
2569 2204 2633 2257 ad
2660 2205 2865 2257 calcem
2891 2202 3203 2270 rejet-imus.
3233 2197 3461 2255 Deinde.

200 2301 337 2365 quod
367 2309 516 2351 satis
557 2295 811 2349 laudabili
863 2295 1145 2362 diligentia
1187 2309 1423 2363 nuperos
1459 2293 1637 2347 editor
1688 2291 2081 2359 Amburgcnsis
2136 2306 2259 2344 :tutc
2301 2310 2397 2347 nos
2453 2292 2729 2360 praestitit,
2770 2292 2838 2343 ita
2903 2290 3080 2359 ipsum
3148 2287 3459 2355 Iliertmynri

204 2398 405 2439 textum
446 2385 801 2446 excudimus,
838 2395 893 2437 ut
926 2384 1144 2453 quoties
1180 2382 1267 2435 ille
1302 2384 1486 2435 Cta‘ca
1528 2381 1747 2435 Eusebii
1788 2383 1945 2434 vcrl-a
1975 2385 2024 2433 itt
2064 2382 2164 2434 hoc
2214 2379 2531 2433 adornaudo
2573 2395 2735 2446 opere
2781 2378 3058 2434 transtulit
3091 2378 3141 2428 in
3177 2375 3480 2440 Latinum,‘

204 2488 285 2526 aut
317 2490 472 2527 certe
508 2488 697 2539 parum
728 2474 795 2524 ab
818 2472 933 2541 ejus
967 2472 1212 2539 vestigiis
1244 2471 1520 2527 discessit.
1559 2470 1663 2538 ipsi
1702 2468 1869 2521 tcvtni
1900 2486 1963 2522 ex
2006 2470 2174 2521 altera
2212 2479 2364 2536 parte
2392 2470 2752 2522 soeiarctuus.
2785 2470 2996 2520 liscuso
3025 2465 3289 2535 Catalogo
3325 2465 3462 2517 duas

208 2562 542 2631 Appeuvlices
574 2561 971 2623 subnectimus,
1001 2575 1226 2628 quarttzu
1263 2561 1431 2613 altera
1464 2560 1551 2610 illa
1606 2568 1686 2611 est
1726 2559 1790 2611 de
1828 2556 1962 2609 Vitis
2016 2556 2421 2623 Apostolorum,
2486 2572 2647 2621 quam
2683 2554 2930 2608 Versioni
2994 2553 3193 2607 Graeca!
3225 2552 3327 2605 sub
3359 2550 3461 2604 So-

206 2652 416 2710 phronii
454 2653 681 2701 nomine
716 2650 769 2701 in
803 2664 899 2701 suo
934 2664 1034 2702 ms.
1078 2648 1268 2701 codice
1304 2648 1568 2701 Erasmus
1602 2646 1825 2714 reperit.
1859 2654 1912 2697 ct
1948 2644 2135 2697 Latine
2178 2654 2259 2696 est
2296 2646 2705 2711 intetpretalns.
2749 2642 2934 2697 Altera
2983 2652 3094 2696 tttm
3130 2642 3463 2711 Hieronymo

207 2739 271 2791 Dr
306 2737 417 2792 XII
452 2738 771 2791 Doctoribus
800 2740 871 2791 ad
906 2737 1255 2798 Desiderium,
1286 2748 1397 2789 tum
1458 2735 1612 2797 Beda:
1654 2734 1729 2787 Dc
1762 2734 2134 2786 Lttminaribus
2166 2732 2418 2786 Ecclesia:
2477 2731 2817 2785 inscribitur.
2860 2734 3035 2798 Atque
3095 2731 3211 2783 ιιωο
3242 2729 3459 2797 quidem

204 2828 326 2878 satis
365 2825 550 2893 inepta
577 2825 1047 2877 lucubratiuncnla
1083 2833 1187 2886 est,
1236 2834 1295 2877 ut
1350 2822 1401 2874 in
1436 2821 1657 2892 prmﬁxa
1701 2838 1928 2877 censura
1974 2822 2511 2884 animadvertemus;
2538 2821 2633 2873 sed
2666 2820 2846 2874 omitti
2878 2819 3026 2873 nullo
3062 2828 3220 2888 pacto
3245 2818 3463 2872 debuit.

206 2932 260 2963 τι.»
285 2915 412 2981 quid
446 2915 621 2966 lector
645 2921 736 2964 aut
767 2913 1035 2974 eruditus,
1078 2921 1173 2965 aut
1201 2912 1526 2977 incrutlitt-s,
1571 2910 1928 2966 desideraret.
1963 2912 2303 2966 Gennadium
2338 2918 2531 2979 quarto
2566 2910 2683 2961 loco
2714 2911 2929 2972 damus,
2956 2909 3046 2977 qui
3079 2908 3256 2962 sancti
3287 2907 3465 2961 Patris

202 3003 519 3071 (διαευςιιειι
563 3000 934 3067 prosequitur,
971 3014 1207 3069 cumque
1237 2998 1443 3067 aliquot
1471 2998 1605 3052 locis
1633 2998 1871 3067 supplet,
1902 3001 2044 3053 unde
2087 3000 2517 3069 llicronymiano
2564 2997 2715 3066 operi
2754 2996 3033 3051 accenseri
3069 2996 3186 3063 iure
3218 2997 3454 3065 quodam

204 3106 298 3142 suo
327 3088 595 3159 postulat,
628 3098 721 3140 aut
764 3087 943 3156 potius
976 3086 1044 3141 ab
1106 3102 1193 3152 ea,
1234 3102 1395 3157 quam
1461 3088 1513 3139 in
1551 3102 1687 3141 mss.
1735 3097 1787 3138 et
1841 3103 1869 3139 a
1927 3088 2200 3156 plerisqtte
2231 3088 2545 3141 editoribus
2595 3086 2853 3150 obtinuit,
2889 3086 3019 3141 sede
3047 3084 3325 3139 exturbari
3355 3100 3458 3139 non

207 3179 425 3243 patitur.
458 3176 571 3230 Nos
610 3176 727 3246 cjus
757 3177 926 3245 gratia
961 3176 1277 3247 Catalognm
1318 3178 1491 3244 ipsum
1520 3177 2009 3245 llierouymianum
2076 3177 2141 3229 ad
2198 3181 2329 3230 toml
2352 3175 2509 3230 linem
2540 3174 2871 3240 distulimus,
2902 3190 2970 3229 ne
2994 3190 3116 3229 eum
3144 3190 3284 3245 pouc.
3309 3174 3460 3242 sequi

203 3266 520 3319 Getmadins
551 3266 677 3320 velit
706 3266 901 3319 seriem
935 3264 1293 3333 scriptionum
1364 3262 1917 3332 Ilicronymiauarum
1963 3267 2281 3337 interrumpi
2316 3280 2538 3321 necesse
2567 3275 2733 3319 esset.
2772 3264 2891 3318 Jam
2923 3279 3072 3330 vero,
3096 3266 3235 3333 quod
3270 3266 3462 3331 quinto

206 3357 318 3407 ioco
348 3353 900 3408 commemorandum
925 3364 1027 3417 est,
1061 3352 1128 3407 ad
1166 3352 1659 3423 praestantissimos
1685 3368 1817 3408 mss.
1845 3354 2064 3408 codices
2099 3354 2215 3408 base
2248 3355 2432 3407 omnia
2466 3354 2775 3423 exegimus,
2803 3354 3083 3423 praecipue
3118 3368 3247 3408 vero
3285 3369 3454 3405 unum

208 3442 609 3503 Vcronensem,
643 3442 728 3496 cui
762 3458 894 3497 sane
921 3456 1127 3509 paucos
1160 3455 1324 3510 pares
1347 3440 1671 3509 antiquitate
1694 3452 1750 3494 et
1787 3442 2166 3497 emendatione
2192 3443 2351 3496 velim
2376 3442 2625 3497 invenias
2657 3458 2671 3504 ;
2707 3451 2819 3495 tum
2859 3442 3091 3495 alterum
3126 3440 3455 3495 Cistercien-

200 3544 333 3593 sem,
357 3532 477 3585 sive
516 3530 833 3584 monasterii
869 3529 926 3582 S.
958 3528 1155 3583 Crucis
1198 3529 1253 3581 in
1284 3528 1590 3582 Jerusalem
1622 3528 1691 3581 de
1718 3526 1859 3582 Urbe
1897 3531 2076 3597 magni
2114 3530 2372 3584 facienda!
2414 3530 2704 3585 vetustatis
2772 3538 2827 3583 et
2871 3537 3040 3583 notze.
3093 3528 3303 3582 Addam
3344 3526 3453 3579 Ln-

200 3634 437 3680 renscm,
468 3618 564 3680 qui
592 3633 793 3670 nouusn
828 3620 1089 3671 saeculum
1122 3618 1328 3672 dicitur
1393 3626 1760 3677 autevertere,
1814 3633 1876 3671 ex
1912 3634 2023 3685 quo
2069 3618 2267 3675 seriem
2298 3618 2663 3687 capitulorum
2697 3614 2965 3671 Gennadii
3020 3614 3186 3667 multo
3212 3615 3280 3668 ab
3334 3613 3455 3667 aliis

200 3725 325 3760 ωδε.
360 3720 531 3776 atque
556 3706 716 3760 ezlitis
747 3707 903 3760 libzis
927 3708 1198 3761 diversam
1248 3707 1433 3774 accepi
1465 3721 1480 3761 ι
1511 3717 1562 3759 et
1596 3706 2008 3773 Cet'beicusem,
2037 3724 2200 3776 ruem
2242 3712 2426 3761 laudat
2488 3704 2862 3766 Mabillonius,
2906 3714 2957 3757 et
2987 3702 3147 3768 cujus
3184 3702 3457 3755 variantes

200 3796 464 3847 lectiones
500 3797 565 3845 ad
603 3794 726 3847 libri
765 3794 1109 3848 Geuuadiani
1134 3794 1335 3847 calcem
1368 3792 1714 3849 Martianams
1744 3796 1996 3849 collocat.
2035 3801 2259 3848 Uemum
2294 3808 2495 3863 qnzecx
2526 3792 2649 3846 aliis
2684 3808 2817 3845 mss.
2850 3791 2943 3844 alii
3016 3800 3141 3846 ante
3178 3805 3275 3844 nos
3332 3790 3447 3845 edi-

199 3896 344 3940 tores
363 3893 582 3949 notant,
620 3884 1000 3954 expendimus,
1032 3893 1084 3938 et
1109 3898 1205 3952 per
1229 3897 1324 3937 eos
1357 3881 1651 3951 aliquando
1680 3882 1998 3954 profecisse,
2027 3894 2211 3952 aperte
2246 3899 2307 3937 ae
2342 3882 2572 3950 ingenue
2597 3880 2941 3935 conﬁtemur.
