4198 6480
921 392 1488 402 ——-—————_~_.....~.
1505 392 1527 397 ρ.
1564 387 3059 401 εΜῊοΜ“ΜνΟ“-ὮἭ”
3084 391 3121 398 ..-

223 389 415 454 Ε...
439 439 664 449 -ρ-..ς
688 436 1576 448 ᾜ-μ---ωη
1600 436 2026 443 --ο-..οοοο-νννυσΑ-
2060 437 2087 444 ο
2109 436 2243 444 ὀ-Αο-ιςν
2316 434 2326 439 -
2344 432 3298 446 ηῳῆο-Ἥα-π-ο-
3318 397 3455 448 Ξαῆ.

1498 600 2184 692 ΡΗᾹΞΡΛἸἸΟ.

289 983 430 1045 Hoc
455 981 713 1044 demum
758 977 944 1043 tertio
968 976 1617 1057 Hieronymianorum
1654 979 1928 1056 Operum
1968 985 2137 1039 tomo
2167 975 2331 1038 illud
2362 976 2723 1056 scriptionis
2750 994 2951 1055 genus
2994 994 3458 1056 recognoscen-

213 1081 363 1140 dum
398 1078 829 1159 aggredimur,
865 1074 1046 1155 cujus
1091 1076 1374 1154 subjecta
1407 1074 1703 1137 materies
1734 1076 2097 1137 divinarum
2132 1082 2225 1136 est
2259 1075 2627 1135 Litterarum
2666 1075 3010 1151 expositio,
3042 1093 3165 1155 qua
3190 1078 3457 1143 sanctis-

214 1176 412 1236 simus
450 1176 764 1253 interpres
791 1171 911 1235 sibi
945 1172 1272 1251 proprium
1298 1171 1489 1233 decus
1516 1177 1576 1233 et
1614 1189 1847 1234 nomen
1884 1173 2176 1233 Doctoris
2194 1171 2489 1244 Maximi,
2516 1171 2892 1233 concinente
2920 1171 2981 1233 in
3011 1173 3169 1236 hanc
3198 1174 3448 1237 laudem

213 1276 367 1336 Orbe
405 1275 734 1343 universo,
768 1270 1140 1350 promeruit.
1171 1271 1325 1331 Nam
1360 1285 1502 1331 cum
1555 1270 1619 1333 in
1680 1270 1921 1332 caeteris
1978 1269 2237 1349 quidem
2308 1267 2645 1346 peculiaris
2701 1266 2975 1331 instituti
3039 1271 3452 1333 monimentis

212 1368 674 1432 elucubrandis
703 1385 891 1430 omne
922 1367 1138 1430 tulerit
1174 1374 1517 1444 punctum:
1563 1368 1631 1428 in
1689 1365 2031 1445 Scripturm
2074 1365 2466 1443 exponendas
2528 1366 2793 1429 scientia
2855 1366 2938 1427 ita
2995 1368 3321 1439 excelluit,
3384 1378 3454 1429 ut

212 1468 552 1529 caaterailli
574 1465 934 1527 communia
964 1480 1109 1525 cum
1131 1462 1370 1536 multis,
1396 1462 1587 1541 hujus
1620 1469 1745 1524 tota
1771 1479 1959 1541 quam
1991 1460 2293 1522 latissime
2329 1467 2515 1539 patet,
2536 1462 3007 1541 quodammodo
3041 1466 3293 1542 prepria
3316 1464 3457 1526 laus

212 1567 532 1625 ridi-stur.
557 1563 792 1624 Earum
815 1560 1059 1622 scilicet
1094 1558 1391 1636 partium,
1426 1576 1569 1638 qum
1609 1559 1966 1621 innumeras
1998 1556 2458 1637 prepemodum
2524 1560 2946 1637 requiruntur
3015 1563 3089 1622 ad
3144 1578 3458 1623 summam

212 1661 346 1739 ejus
381 1660 533 1721 libri
566 1660 927 1738 dignitatem
951 1656 1411 1731 sustinendam,
1433 1655 1713 1733 singulas
1742 1654 1960 1716 habuit
1989 1653 2054 1714 in
2088 1659 2460 1717 numerato:
2525 1654 2822 1733 quodque
2853 1655 3019 1718 haud
3035 1656 3166 1719 scio
3192 1674 3269 1718 an
3293 1656 3456 1719 alius

208 1771 399 1825 antea
429 1762 803 1831 contulerat,
830 1773 1137 1821 summam
1174 1756 1533 1834 linguarum
1560 1755 2009 1828 Orientalium,
2037 1772 2179 1829 quas
2210 1755 2607 1832 primigenia
2642 1763 2699 1816 et
2740 1759 3096 1820 vernaculae
3128 1769 3276 1821 sunt
3311 1762 3452 1841 ejus

213 1859 388 1933 libri,
410 1866 473 1920 et
502 1854 894 1935 cumprimis
916 1852 1239 1915 Hebraicis
1262 1854 1569 1914 etGraecae
1594 1853 1905 1925 nclitiam,
1934 1851 2355 1912 vetustiorum
2386 1873 2419 1910 e
2456 1854 2785 1930 Synagoga
2812 1860 2871 1911 et
2904 1854 3182 1918 Ecclesia
3252 1858 3455 1919 inter-

214 1964 496 2034 pretum,
522 1955 770 2014 Patrum
791 1967 1049 2030 quoque
1081 1967 1199 2010 seu
1229 1951 1615 2018 Graecorum,
1648 1966 1764 2009 seu
1800 1950 2195 2019 Latinorum,
2236 1946 2345 2023 qui
2395 1945 2513 2007 hoc
2547 1949 2762 2007 studio
2794 1946 3257 2024 inclaruerunt,
3292 1956 3455 2017 assi-

212 2053 408 2114 duam
444 2051 781 2111 lectionem
806 2056 865 2110 et
896 2047 1365 2120 studium,cum
1391 2044 1905 2124 exquisitissimo
1936 2044 2395 2105 sententiarum
2420 2043 3032 2122 rerumquedelectu
3069 2048 3142 2109 ad
3170 2050 3453 2129 reliquas

213 2148 521 2210 doctrinae
579 2162 711 2205 sua;
744 2144 960 2205 laudes
988 2142 1304 2220 adjunxit.
1342 2144 1471 2203 Hac
1512 2142 1862 2202 instructus
1897 2146 2063 2201 tanta
2101 2138 2582 2215 disciplinarum
2648 2138 3031 2217 supellectili
3064 2191 3079 2217 ,
3113 2144 3222 2206 ubi
3256 2149 3455 2210 sacris

215 2245 473 2307 Litteris
507 2241 900 2321 explicandis
934 2239 1220 2301 animum
1255 2240 1546 2311 advertit,
1569 2254 1644 2300 eo
1668 2236 1991 2316 dignitatis
2020 2236 2203 2295 etiam
2230 2249 2300 2295 ac
2320 2235 2695 2312 praestantiae
2718 2238 3009 2314 provexit
3046 2239 3207 2303 hanc
3233 2250 3454 2315 artem,

213 2360 343 2419 quo
388 2348 499 2400 aut
534 2338 817 2399 nondum
838 2343 1019 2396 antea
1066 2333 1199 2413 pari
1230 2334 1447 2397 saltem
1474 2335 1668 2412 gradu
1702 2337 2094 2411 pervenerat,
2120 2338 2222 2390 aut
2247 2337 2464 2407 postea
2499 2330 2770 2393 ulterius
2797 2349 2923 2394 non
2965 2343 3059 2396 est
3093 2354 3452 2416 progressa.

216 2435 561 2514 Triplicem
595 2434 763 2496 enim
799 2431 1107 2512 propositi
1144 2431 1264 2493 loci
1288 2447 1546 2493 sensum
1579 2430 1745 2491 eruit
1776 2445 1847 2489 ac
1879 2426 2251 2503 investigat:
2285 2434 2346 2486 et
2383 2427 2446 2486 in
2486 2426 2695 2505 primo
2727 2430 2984 2507 quidem
3018 2450 3209 2512 quem
3246 2435 3453 2498 ὴίειο-

213 2535 416 2595 ricnm
446 2575 461 2601 ,
498 2532 633 2592 sive
664 2529 887 2590 litteras
931 2535 1175 2601 vocant,
1210 2527 1460 2588 diutius
1489 2527 1881 2597 immoratur,
1914 2523 2087 2584 varia
2116 2521 2211 2581 illi
2243 2528 2529 2583 veterum
2589 2541 2665 2583 ex
2698 2524 2963 2587 Hebraeo
3023 2530 3445 2609 interpretum

210 2629 700 2693 accommodans
734 2625 1139 2705 glossemata,
1176 2624 1348 2685 varia
1391 2630 1793 2685 tractatorum
1827 2633 2183 2682 commenta
2208 2625 2270 2679 et
2296 2620 2667 2681 sententias.
2716 2622 2873 2683 Tum
2910 2624 3031 2686 alia
3066 2626 3197 2689 duo
3220 2646 3455 2707 genera

212 2726 733 2805 expmnationum
765 2720 1133 2799 aggreditur
1158 2767 1174 2794 ,
1208 2727 1267 2780 ct
1306 2720 1381 2780 ad
1415 2718 1715 2779 liberiora
1772 2714 2145 2791 tropol0gim
2204 2722 2537 2775 revocatus
2593 2717 2815 2791 spatia,
2842 2719 3152 2798 quidquid
3205 2726 3281 2785 ad
3322 2743 3458 2789 mo-

213 2816 879 2896 ralem.etquidquid
910 2817 985 2878 ad
1022 2815 1352 2894 mysticam
1413 2814 1883 2892 expositionem
1954 2808 2126 2870 felici
2200 2810 2469 2886 ingenio
2538 2814 2988 2889 suppeditabat
3053 2820 3451 2883 reconditum

211 2918 518 2981 doctrinae
549 2933 778 2995 penus,
813 2921 978 2976 tanta
1013 2929 1225 2975 rerum
1262 2912 1550 2975 ubertate
1585 2911 1845 2984 exserit,
1882 2907 2114 2967 mirum
2178 2912 2244 2966 ut
2273 2905 2355 2966 sit
2412 2907 2737 2970 exstitisse
2797 2910 3077 2974 notarios
3108 2915 3449 2980 scribendo

213 3031 425 3092 pares.

284 3133 423 3192 Hoc
462 3136 675 3192 autem
713 3129 779 3190 in
811 3126 1050 3201 studio,
1100 3142 1465 3206 quanquam
1515 3124 1806 3187 omnium
1841 3126 2213 3198 utilissimo,
2246 3142 2372 3188 non
2432 3126 2661 3205 ignoro
2694 3127 3050 3193 fastidiosis
3084 3132 3453 3198 hominibus

211 3227 589 3305 neutiquam
622 3225 898 3302 probari,
930 3223 1104 3304 quod
1138 3240 1355 3285 eorum
1415 3221 1797 3301 plerumque
1843 3229 2100 3285 sanctus
2134 3224 2364 3283 Doctor
2420 3223 2783 3287 dissimulet
2838 3243 3115 3303 nomina,
3175 3247 3450 3309 quorum

211 3325 423 3385 laudat
457 3322 811 3385 sententias
867 3328 1057 3397 atque
1082 3325 1241 3381 adeo
1280 3318 1549 3380 dubium
1587 3319 1863 3380 subinde
1889 3320 1995 3393 sit,
2040 3325 2131 3380 tot
2155 3319 2319 3379 inter
2353 3320 2779 3382 vetustiorum
2842 3324 3091 3385 Patrum
3125 3328 3449 3404 Opinatio-

208 3439 349 3495 nes,
382 3423 451 3480 in
483 3436 672 3496 quam
708 3418 881 3479 malit
914 3418 1052 3495 ipse
1090 3420 1469 3479 concedere.
1500 3414 1622 3476 Sed
1673 3416 1833 3476 hanc
1866 3415 1977 3476 ille
2019 3415 2341 3475 rancidam
2389 3431 2641 3493 suoque
2698 3416 2853 3478 olim
2892 3426 3174 3498 tempore
3230 3424 3451 3487 inten-

208 3528 398 3579 tatam
441 3514 826 3576 calumniam
861 3531 1003 3575 cum
1044 3530 1209 3589 saepe
1249 3512 1428 3583 alibi,
1467 3520 1597 3574 tum
1635 3512 1694 3571 in
1731 3509 2106 3572 Prml‘atione
2144 3510 2285 3569 libri
2332 3528 2393 3570 χι
2427 3513 3049 3576 Commentariorum
3108 3518 3171 3578 in
3227 3514 3448 3582 Isaiam

208 3613 475 3693 palmari
519 3613 634 3673 hoc
667 3618 1044 3687 argumento
1074 3610 1305 3672 diluit:
1338 3610 1648 3679 Lectoris,
1683 3607 1914 3686 inquit,
1946 3606 2219 3667 arbitrio
2253 3605 2583 3686 dereliqui,
2619 3608 2772 3685 quid
2813 3608 2886 3669 de
2917 3610 3211 3690 plurimis
3265 3613 3450 3692 elige-

202 3720 320 3770 ret.
364 3711 587 3788 Itaque
612 3706 778 3786 quod
816 3724 925 3765 nos
973 3706 1350 3783 verecundia
1398 3708 1655 3785 fecimus
1694 3702 2068 3782 judicaudi,
2124 3712 2178 3763 et
2243 3722 2454 3763 eorum
2505 3703 2741 3765 honore
2798 3708 2906 3784 qui
2968 3709 3197 3771 lecturi
3241 3723 3447 3785 erant,

204 3804 577 3886 quibusdam
608 3805 773 3883 forte
804 3820 930 3861 non
959 3801 1229 3880 placeat,
1277 3802 1387 3880 qui
1427 3818 1553 3859 non
1610 3801 2013 3878 antiquorum
2046 3799 2402 3875 opiniones,
2450 3799 2561 3859 sed
2590 3810 2863 3861 nostram
2886 3806 3257 3866 sententiam
3288 3809 3451 3867 scire

204 3904 592 3963 desiderant.
629 3898 866 3975 Quibus
891 3899 1103 3975 facilis
1138 3899 1467 3977 responsio
1502 3905 1628 3956 est:
1664 3895 1953 3958 Noluisse
2015 3913 2109 3954 me
2148 3897 2240 3955 sic
2326 3912 2519 3954 unum
2570 3898 2853 3974 recipere
2885 3908 2953 3958 ut
2986 3901 3258 3961 ‘viderrr
3291 3902 3449 3963 alios

205 4000 645 4061 condemnare.
682 3997 757 4055 Et
794 3994 859 4055 in
890 3993 1183 4055 Jereniiaa
1214 4009 1351 4067 ciip.
1381 4009 1509 4051 xxn
1544 4008 1558 4051 :
1594 3990 1983 4052 Miscrabilis
2015 3990 2364 4061 Grunnius,
2407 4000 2463 4050 et
2490 4000 2634 4068 post
2657 3990 2885 4052 multos
2909 4013 3110 4054 annos
3144 3996 3443 4075 discipuli

203 4094 541 4157 Joviniani
574 4103 629 4152 et
657 4092 829 4151 illius
880 4089 1252 4150 calumniati
1287 4095 1458 4160 sunt,
1520 4096 1575 4147 et
1629 4087 2097 4147 calumniantur
2126 4105 2217 4144 me
2252 4085 2363 4146 sub
2426 4086 2654 4147 alienis
2711 4090 3097 4164 nominibus,
3139 4095 3447 4171 proprias

203 4191 553 4251 sententias
583 4203 835 4264 ponere,
862 4185 1031 4264 quod
1052 4200 1159 4260 ego
1178 4201 1365 4243 causa
1392 4182 1825 4243 benevolentia:
1847 4182 2035 4260 facio,
2054 4200 2127 4241 ne
2149 4180 2415 4258 aliquem
2440 4193 2605 4243 certo
2636 4187 2880 4244 nomine
2899 4185 3117 4247 videar
3141 4188 3443 4252 lacerare.

203 4286 541 4347 Grunnius
576 4282 802 4359 reipsa,
837 4281 972 4340 sive
1001 4280 1294 4349 Rufinus,
1331 4286 1392 4338 et
1423 4278 1725 4355 quisquis
1753 4277 1860 4337 ille
1905 4276 2027 4338 fuit
2057 4277 2134 4337 de
2182 4278 2508 4338 Joviniani
2543 4295 2734 4356 grege
2774 4288 2953 4339 vetus
2990 4281 3442 4353 calumniator.

202 4399 351 4443 cum
393 4397 466 4439 se
505 4375 876 4453 Hieronymi
912 4376 1213 4436 aemulum
1246 4389 1388 4433 esse
1436 4370 1844 4433 dissimulare
1927 4389 2053 4433 non
2114 4381 2350 4448 posset,
2411 4390 2477 4432 so
2538 4374 2748 4451 ipsum
2812 4375 3007 4450 magis
3065 4375 3447 4438 invidentia)

202 4478 479 4541 crimine
512 4470 983 4545 condemnavit,
1020 4485 1208 4546 quam
1250 4470 1309 4528 S.
1351 4471 1689 4529 Doctorem
1727 4467 2140 4529 obtrectando
2202 4469 2454 4529 laeserit.
2504 4470 2627 4542 Qui
2688 4485 2837 4531 vero
2894 4487 3030 4530 eam
3065 4472 3445 4535 calumniam

202 4576 567 4634 instaurant
598 4555 980 4629 recentiores
1015 4565 1416 4638 heterodoxi,
1452 4581 1576 4625 non
1615 4572 1735 4624 tam
1771 4564 2055 4625 fortassis
2106 4582 2183 4624 ex
2247 4564 2462 4625 animo
2492 4564 2803 4640 scribunt,
2846 4583 3035 4643 quam
3078 4572 3443 4630 ostentandi

200 4669 451 4747 ingenii
476 4682 689 4733 causa,
722 4671 912 4741 atque
950 4663 1031 4723 ob
1067 4660 1281 4723 nescio
1318 4679 1505 4739 quam
1570 4663 1864 4739 projectm
1920 4662 2291 4720 temeritatis
2328 4662 2659 4722 libidinem
2689 4664 2987 4734 carpendi
3053 4673 3297 4725 veteres
3330 4667 3448 4725 Pa-

203 4776 355 4837 tres,
390 4781 425 4822 a
468 4777 741 4840 quorum
779 4761 898 4820 lide
943 4759 1379 4820 desciverunt.
1431 4756 1600 4817 Nihil
1636 4757 1780 4818 dico
1826 4758 1903 4815 de
1957 4757 2313 4825 Catholicis,
2380 4758 2431 4815 si
2492 4774 2634 4832 quae
2698 4774 2921 4818 eorum
2966 4771 3114 4819 sunt
3159 4777 3451 4823 censurm

205 4862 321 4922 hac
389 4861 470 4919 de
538 4875 627 4923 re,
689 4871 833 4933 qum
888 4870 1039 4914 sane
1109 4853 1421 4931 ejusmodi
1484 4860 1659 4926 sunt,
1732 4861 1799 4912 ut
1868 4852 2263 4925 Hieronymo
2326 4852 2481 4911 nihil
2536 4851 2888 4921 detrahant,
2958 4856 3064 4915 sed
3125 4857 3450 4917 studiosus

200 4959 510 5025 excitent,
555 4962 625 5014 ut
693 4950 920 5011 sedulo
984 4948 1425 5009 ecclesiastica:
1487 4947 1871 5008 eruditionis
1942 4946 2179 5018 studio,
2243 4962 2419 5006 suam
2474 4946 2712 5027 cuique
2772 4950 3016 5011 auctori
3065 4950 3442 5013 sententiam

202 5055 477 5113 reddere
542 5047 747 5107 sciant
828 5066 840 5105 :
914 5045 1083 5122 quod
1154 5053 1320 5103 certe
1390 5045 1451 5103 in
1506 5060 1801 5121 magnum
1870 5060 2190 5103 sacrarum
2248 5043 2649 5116 Litterarum,
2710 5055 2768 5105 et
2827 5065 2970 5106 cum
3035 5048 3257 5124 primis
3294 5050 3444 5111 Hie-

198 5144 602 5224 ronyuiianm
640 5140 937 5202 lectionis
973 5138 1378 5201 commodum
1406 5138 1610 5199 cedat.
1636 5140 1810 5198 Hanc
1840 5138 1972 5200 fere
2005 5154 2258 5216 Operam
2287 5140 2347 5200 S.
2380 5140 2673 5211 Basilius,
2709 5151 2768 5201 et
2801 5143 3145 5219 Gregorius
3179 5146 3445 5205 Nazian-

195 5259 423 5308 zenus.
457 5244 876 5315 cognomento
910 5235 1295 5312 Theologus,
1322 5234 1731 5311 Origenianis
1760 5236 2217 5313 scriptionibus
2237 5235 2966 5313 ferunturimpendisse,
3001 5250 3065 5299 ut
3098 5240 3437 5319 degmatis.

196 5354 344 5418 quae
376 5335 583 5409 ipsius
624 5332 899 5412 propria,
935 5340 1122 5409 atque
1155 5331 1230 5390 ab
1258 5328 1532 5390 aliorum
1571 5330 1815 5405 placitis
1848 5332 2275 5409 discrepantia
2305 5332 2702 5407 viderentur,
2759 5333 2810 5392 Χ
2843 5334 3171 5411 geminum
3216 5336 3436 5413 allige-

197 5444 366 5503 rent,
403 5428 873 5491 Platonicorum
928 5442 1125 5494 more,
1173 5425 1311 5505 qui,
1358 5425 1737 5503 magistrum
1774 5444 1966 5487 suum
2025 5428 2404 5503 lectitantes,
2438 5427 2574 5489 loca
2606 5428 2884 5508 insignia
2939 5446 3016 5491 eo
3075 5432 3433 5493 charactere

195 5528 609 5596 denotabant,
636 5532 702 5583 ut
732 5528 794 5583 in
826 5522 1077 5584 Platone
1112 5521 1404 5598 Laertius
1456 5520 1666 5583 refert.
1712 5524 1921 5600 Atque
1954 5522 2016 5583 id
2075 5522 2333 5600 quidem
2399 5532 2694 5600 praestare
2750 5541 2893 5595 nos,
2952 5532 3189 5603 quanta
3250 5525 3433 5588 licuit

194 5628 531 5706 diligentia
595 5621 1064 5693 contendimus,
1122 5636 1515 5698 operamque
1557 5620 1619 5679 in
1658 5620 1777 5681 hoc
1844 5628 2121 5678 nostram
2188 5619 2465 5679 maxime
2527 5621 3003 5698 subsequentes
3071 5620 3251 5693 tomi,
3317 5623 3434 5702 qui

199 5728 308 5787 toti
340 5719 828 5784 Commentariis
862 5722 1175 5787 constant,
1207 5714 1598 5792 probabunt;
1640 5732 1810 5776 nunc
1840 5714 1994 5794 quid
2050 5714 2112 5774 in
2175 5714 2291 5776 hoc
2345 5716 2576 5790 tertio,
2643 5732 2722 5777 ex
2764 5733 2890 5795 quo
2925 5717 3433 5783 Commentarios

197 5822 631 5899 auspicamur,
666 5812 1037 5875 adornanda
1073 5809 1948 5889 prastiterimus,dicendum
1990 5816 2113 5865 est.

526 5919 800 5980 Parum.
846 5916 1074 5977 XXIII.
2980 5908 3056 5972 26
