4198 6482
707 398 810 470 811
2107 405 2365 465 PILEFA

2299 407 2531 468 FATIO.
3847 397 3957 467 812

791 525 940 583 Cum
973 521 1261 600 singulos
1295 522 1801 584 Commentarios
1846 522 1920 583 ad
1961 539 2108 584 eum
2145 521 2457 597 ordinem,
2485 539 2680 602 quem
2717 524 2865 602 ipsi,
2897 523 3007 603 qui
3042 521 3438 585 illustrantur
3472 520 3629 584 sacri
3656 520 3798 580 libri
3835 523 3956 577 0b-

716 623 945 694 tinent,
979 620 1298 698 digerere,
1332 638 1402 682 ac
1444 638 1778 683 recensere
1815 636 2082 682 necesse
2114 620 2219 691 sit,
2260 619 2390 679 duo
2439 625 2648 681 tamen
2681 619 3032 697 Opuscuta,
3075 636 3351 699 quorum
3385 619 3656 680 alterum
3717 615 3790 676 de
3823 617 3958 675 No-

712 718 1010 792 minibus,
1039 720 1311 780 alterum
1337 721 1414 780 de
1448 719 1788 795 Scripturm
1817 716 2002 776 Locis
2033 715 2436 789 inscribitur,
2469 717 2941 793 prmposuimus
2968 719 3281 778 universae
3310 715 3707 787 collectioni,
3737 721 3962 791 utpote

717 833 860 896 qum
899 833 1023 876 non
1059 833 1246 877 unam
1275 821 1382 877 aut
1417 815 1677 876 alteram
1717 814 2080 890 ISCripturze
2112 821 2348 891 partem
2416 820 2762 890 exponant,
2825 819 2938 874 sed
3000 822 3190 874 totam
3249 813 3312 874 in
3350 830 3420 873 ea
3478 827 3620 888 quze
3679 812 3964 888 subjecta

722 914 1016 977 materies
1048 922 1162 985 est,
1210 914 1697 990 amplectantur,
1732 918 1791 971 et
1815 912 2091 990 quodam
2118 908 2315 971 veluti
2346 913 2689 986 Apparatn,
2727 919 2860 971 tum
2893 910 3014 986 ipsi
3049 910 3418 988 Scriptores,
3455 925 3598 969 cum
3631 907 3967 984 Hierony-

720 1010 951 1072 mianis
976 1008 1464 1070 Commentariis
1497 1009 1692 1085 probe
1723 1008 2164 1087 intelligendis
2196 1009 2358 1069 viam
2402 1008 2714 1067 muniant.
2767 1008 3048 1069 Priorem
3082 1007 3318 1068 librum
3375 1015 3619 1066 veteres
3678 1005 3968 1065 editores

727 1106 994 1169 minoris
1036 1123 1188 1168 sane
1216 1105 1536 1179 fecerunt,
1569 1103 1705 1167 sive
1736 1107 1906 1184 quod
1957 1125 2223 1186 parvum
2259 1133 2288 1172 ιι
2333 1104 2537 1163 sterili
2574 1106 2833 1166 materia
2873 1107 2998 1168 sibi
3047 1106 3254 1168 laudis
3288 1103 3566 1166 fructum
3601 1113 3967 1180 sperarent,

725 1206 858 1267 sive
891 1205 1056 1283 quod
1094 1203 1407 1281 imperitis
1449 1219 1627 1263 suam
1662 1203 1915 1290 probari
1951 1223 2138 1285 posse
2170 1227 2427 1289 Operam
2458 1226 2585 1271 non
2621 1205 3104 1268 arbitrarentur.
3142 1208 3438 1282 Nuperus
3469 1219 3616 1265 vero
3644 1202 3969 1276 Hierony-

731 1305 1085 1366 mianarum
1117 1303 1565 1377 Quaestionum
1605 1306 1841 1365 Auctor
1875 1323 2044 1381 eum,
2087 1315 2152 1369 ut
2185 1319 2247 1372 et
2282 1313 2620 1390 plerosque
2660 1305 2824 1366 alios
2878 1303 3258 1381 Hieronymi
3300 1301 3570 1369 labores,
3606 1298 3767 1360 nihil
3801 1313 3970 1366 esse,

729 1412 837 1465 aut
880 1419 1193 1482 perquam
1225 1403 1472 1482 exigam
1505 1400 1800 1464 utilitatis
1842 1403 2208 1468 blateravit.
2265 1411 2384 1471 Cui
2426 1414 2610 1469 tanta)
2675 1401 2958 1462 hominis
3023 1399 3359 1462 temeritati
3420 1401 3617 1460 multa
3679 1393 3975 1471 reposuit

735 1500 1146 1562 Martianaeus
1191 1500 1254 1560 in
1289 1499 1593 1577 Apologia
1638 1516 1652 1560 :
1690 1499 1956 1577 palmari
1989 1515 2199 1566 autem
2234 1505 2355 1568 hoc
2393 1524 2526 1568 uno
2565 1506 2936 1580 argumento
2978 1497 3236 1559 retundi
3305 1503 3572 1574 poterat.
3605 1495 3745 1555 Sint
3771 1493 3979 1553 inter-

731 1595 911 1670 dum,
947 1606 1015 1659 ut
1044 1596 1199 1670 vult,
1234 1593 1527 1658 violentas
1557 1599 1846 1674 quasdam
1882 1602 2312 1679 etymologia),
2361 1605 2489 1664 sint
2523 1600 2660 1660 alias
2717 1595 3154 1666 subabsurda,
3196 1591 3324 1654 sint
3359 1603 3417 1654 et
3471 1600 3684 1654 contra
3740 1590 3979 1667 linguae

735 1696 1087 1772 ingenium.
1123 1709 1248 1754 non
1284 1691 1404 1755 hoc
1436 1703 1640 1755 tamen
1670 1697 1824 1756 vitio
1862 1707 2070 1760 vertas
2117 1702 2536 1778 Hieronymo,
2581 1696 2690 1776 qui
2719 1693 2881 1754 hanc
2945 1708 2979 1753 a
3035 1707 3103 1753 se
3157 1690 3414 1766 culpam
3466 1689 3856 1768 deprecatur
3919 1689 3978 1745 in

738 1791 1128 1863 Praefatione,
1166 1790 1453 1869 dumque
1495 1792 1887 1868 propositum
1918 1793 2206 1856 Grmcum
2248 1796 2596 1873 exemplar,
2641 1796 2830 1873 prout
2862 1789 3099 1863 decuit,
3151 1787 3426 1849 ﬁdeliter
3452 1788 3661 1858 vertit,
3699 1785 3894 1844 subin
3948 1798 3980 1842 e

735 1889 922 1950 etiam
965 1889 1261 1948 lectorem
1296 1903 1484 1948 suum
1513 1887 1785 1962 monuit,
1817 1907 1892 1950 ne
1920 1909 2043 1970 qua
2079 1891 2232 1953 falsa
2264 1892 2544 1955 nominis
2581 1886 3554 1966 interpretationedeciperetur.
3594 1883 3976 1943 Erentrario

739 2005 1026 2067 magnam
1063 1987 1279 2049 inierit
1310 2003 1344 2046 ἃ
1372 1986 1560 2068 nobis
1605 1989 1894 2066 gratiam,
1930 1992 2101 2068 quod
2133 2009 2280 2053 eum
2333 1991 2598 2053 Librum
2642 1987 2863 2049 Latine
2907 1985 3193 2058 verterit,
3225 2000 3295 2044 ac
3327 1988 3562 2061 saepius
3594 1981 3983 2049 emeznlarit,

735 2065 867 2163 (1³6
911 2082 1378 2162 Ρτομθωοάυω
1414 2065 1544 2144 uno
1579 2091 1637 2144 et
1666 2085 1864 2144 Graeci
1905 2065 2181 2163 pridem,
2218 2097 2278 2150 et
2319 2095 2536 2168 postea
2591 2084 2794 2145 Latini
2859 2079 3151 2157 plerique
3204 2095 3425 2138 omnes
3478 2086 3849 2138 lractatores
3890 2075 3985 2132 usi

736 2183 974 2242 suntad
1003 2177 1380 2256 allegoricos
1410 2195 1661 2251 sensus,
1698 2197 1772 2241 ex
1802 2181 2138 2244 nominum
2170 2183 2636 2262 significatione
2667 2177 3032 2256 captandos.
3069 2185 3128 2236 υἱ
3190 2193 3316 2254 quo
3350 2173 3510 2236 adeo
3573 2183 3700 2235 ῑυίει
3767 2187 3989 2233 ουιυίη

740 2274 1115 2355 trepolOgim
1147 2275 1325 2340 ratio.
1375 2281 1672 2355 tantaque
1707 2277 2118 2356 antiquitatis
2160 2283 2467 2342 memoria
2507 2280 2896 2342 continetur.

815 2421 936 2495 Qui
971 2421 1390 2500 subst-quitur
1419 2420 1494 2482 de
1536 2422 1888 2484 Palcestina:
1923 2423 2133 2500 Locis,
2176 2445 2251 2488 ex
2292 2426 2551 2490 Eusebii
2582 2429 2824 2500 Graeco,
2863 2443 3056 2506 quem
3119 2441 3245 2486 una
3278 2430 3846 2503 repraesentamus.
3885 2422 3993 2480 La-

741 2521 874 2581 tine
904 2521 981 2581 ab
1006 2520 1404 2599 Hieronymo
1440 2529 1536 2581 est
1571 2523 1901 2587 redditus:
1942 2527 2242 2605 nihilque
2267 2527 2397 2604 jam
2433 2526 2576 2586 dico
2608 2526 2686 2585 de
2721 2541 2974 2586 summa
3034 2522 3175 2601 ejus
3229 2521 3608 2599 praes’antia,
3677 2534 3876 2596 quam
3910 2525 3997 2577 te-

741 2634 914 2679 mere
946 2618 1110 2678 idem
1144 2618 1530 2680 conviciator
1562 2619 1911 2684 imminuit.
1948 2626 2084 2685 Erit
2121 2624 2392 2687 fortasse
2427 2640 2507 2684 ex
2543 2622 2661 2682 hac
2691 2631 2903 2682 nostra
2936 2620 3130 2698 hujus
3189 2618 3481 2689 onusculi
3519 2616 3996 2692 rec0gnitiriize,

738 2733 855 2778 cur
885 2714 1034 2777 satis
1066 2715 1245 2777 illum
1281 2716 1582 2793 poeniteat
1627 2735 1855 2797 magno
1883 2722 2280 2801 Hieroaymo
2329 2721 2517 2783 dictis
2571 2718 2864 2795 superbis
2926 2717 3238 2777 illusisse.
3278 2714 3538 2776 b‘ullum
3587 2711 3721 2772 fere
3763 2711 3996 2783 locum,

739 2829 932 2892 quem
965 2812 1074 2873 ille
1109 2814 1497 2892 suggillet-it,
1521 2814 1790 2878 liberare
1818 2817 2140 2881 calumnia
2185 2839 2220 2897 p
2245 2816 2728 2882 rmtermisimns
2763 2814 2823 2874 in
2862 2814 3061 2885 notis,
3093 2814 3160 2873 in
3185 2813 3427 2891 quibus
3461 2812 3602 2872 data
3661 2813 3999 2872 occasione

745 2910 1106 2981 lectionem,
1129 2907 1847 2990 interpretationemque
1876 2915 2461 2990 Hiernnvmianam.
2489 2923 2596 2976 aut
2622 2913 2900 2974 vitiatam
2923 2911 3271 2974 scribarum
3297 2909 3542 2972 incuria
3566 2911 3999 2982 restituimns,

742 3018 852 3069 aut
883 3015 1120 3068 temere
1146 3006 1461 3082 culpatam
1493 3006 1922 3070 defendimus.
1958 3011 2108 3070 Nam
2151 3018 2207 3071 et
2246 3009 2520 3073 feliciori
2557 3027 2748 3088 quam
2793 3009 2906 3069 ulli
2934 3017 3114 3070 antea
3150 3009 3468 3069 editorum
3517 3003 3798 3084 hujusce
3861 3006 3998 3064 libri

745 3103 1109 3183 contigerit,
1141 3101 1397 3164 fortuna
1426 3110 1587 3171 utor.
1623 3104 1733 3182 qui
1773 3123 1916 3166 cum
1953 3106 2270 3168 Vaticana:
2303 3106 2708 3169 bibliothecae
2743 3105 2986 3167 iocutos
3017 3105 3380 3182 diligentia.
3406 3113 3642 3182 quanta
3682 3113 4001 3180 putemne,

748 3199 1021 3260 maxime
1048 3197 1536 3277 perlustrarem,
1571 3198 1738 3260 inter
1769 3199 1916 3270 alia,
1957 3217 2099 3278 quae
2135 3202 2208 3261 ad
2248 3219 2378 3262 rem
2411 3220 2614 3264 meam
2681 3201 2990 3274 facerent,
3050 3199 3403 3261 Eusebiani
3463 3218 3730 3278 quoque
3796 3209 4003 3261 textu-5

749 3294 1079 3372 exemplar
1110 3310 1298 3355 manu
1333 3302 1678 3368 exaratum,
1714 3295 1870 3356 satis
1897 3296 2258 3374 antiquum,
2305 3305 2498 3376 atque.
2526 3299 2781 3377 optimas
2823 3296 3201 3376 cumprimis
3237 3308 3401 3357 notia
3433 3294 3871 3374 deprehendi;
3903 3315 4011 3358 cu.

742 3392 1024 3474 jusmodi
1057 3389 1306 3454 nullum
1346 3400 1591 3452 exstare
1619 3392 1789 3453 docti
1828 3391 1947 3454 viri
1997 3395 2588 3470 conquerebantur.
2630 3393 2948 3454 Nimirum
2977 3402 3100 3454 tres
3140 3399 3381 3454 tantum
3441 3392 3757 3452 hactenus
3818 3395 4007 3455 inn-.-

751 3496 1007 3554 tuerant
1045 3489 1188 3569 ejus
1220 3489 1530 3568 Opusculi
1566 3489 1820 3551 codices
1853 3506 2004 3550 mss.
2047 3507 2328 3568 quorum
2365 3491 2645 3569 primum
2705 3489 3079 3552 Bonirerius
3120 3505 3154 3549 e
3227 3488 3618 3550 bibliotheca
3660 3490 3859 3566 Regia
3899 3493 4007 3550 t‘a-

752 3588 959 3650 risina
992 3587 1216 3660 edidit,
1277 3587 1684 3648 Martianaeus
1749 3587 2161 3665 recognovit:
2242 3587 2516 3649 alterum
2581 3589 2973 3650 Oxoniensis
3029 3586 3236 3648 Servat
3305 3586 3689 3648 Academia:
3743 3590 4006 3648 tertium

752 3683 1049 3762 Lugduni
1083 3685 1456 3744 Batavorum
1485 3702 1517 3744 e
1548 3683 1856 3745 Vossiana
1893 3685 2283 3747 bibliotheca
2316 3687 2380 3745 in
2429 3685 2756 3762 publicam
2782 3685 2922 3764 ejus
2955 3682 3310 3745 Academiae
3335 3691 3661 3744 curatores
3703 3684 4010 3744 dicuntur

753 3780 1072 3842 intulisse.
1111 3782 1191 3840 At
1221 3779 1409 3860 hujus
1442 3779 1829 3857 inspiciendi
1867 3781 2110 3859 capiam
2171 3780 2421 3844 nemini
2475 3785 2788 3845 hactenus
2845 3781 3077 3845 factam
3127 3779 3560 3843 Rbenferdius
3607 3780 3819 3842 dolet:
3856 3785 4013 3842 (two

759 3877 1051 3940 niensem
1083 3892 1231 3938 vero
1263 3893 1295 3936 a
1324 3875 1604 3937 Parisino
1631 3883 1776 3938 ante
1812 3894 2046 3954 paucos
2069 3895 2273 3940 annos
2295 3877 2500 3940 fuisse
2531 3881 2959 3960 descriptum,
2992 3879 3105 3959 qui
3149 3879 3242 3939 illi
3280 3878 3700 3940 Bibiiothecm
3731 3893 4013 3955 DtiES'llE‘.

760 3989 886 4035 non
925 3970 1294 4033 difﬁtentur.
1325 3972 1410 4031 Ex
1447 3988 1580 4032 uno
1627 3971 1825 4048 igitur
1855 3975 2056 4050 Regio
2082 3973 2378 4052 exemplo
2445 3976 2766 4037 adornatas
2822 3977 3126 4037 hactenus
3197 3975 3517 4036 editiones
3585 3977 4011 4037 derit'mtltit':

763 4069 915 4130 illud
949 4084 1104 4130 vero
1141 4066 1238 4127 vix
1265 4067 1436 4128 dictu
1469 4073 1586 4139 est,
1620 4069 1878 4145 quantis
1903 4076 2139 4132 scateat
2170 4068 2448 4147 mendis),
2483 4088 2674 4152 quam
2711 4070 2869 4132 male
2910 4071 3266 4142 multatum,
3299 4071 3615 4144 laxatum,
3657 4073 4014 4152 motusque

762 4161 907 4223 aliis
939 4159 1142 4222 modis
1180 4159 1455 4238 pessime
1489 4159 1773 4220 habitum
1799 4162 1902 4222 sit.
1939 4163 1982 4223 E
2019 4165 2335 4226 contrario
2370 4171 2546 4249 quod
2582 4168 2741 4230 mihi
2792 4167 3006 4229 datum
3041 4172 3135 4228 est
3170 4166 3476 4244 reperire,
3535 4169 3789 4228 tametsi
3834 4171 4010 4230 omni

767 4274 1029 4335 prorsus
1065 4257 1220 4318 vitio
1257 4272 1384 4317 non
1415 4262 1640 4329 careat,
1680 4264 1774 4318 est
1803 4265 2008 4320 tamen
2075 4270 2204 4323 tum
2238 4271 2440 4330 aetatis
2473 4269 2675 4329 multo
2731 4263 3126 4334 vetustioris,
3195 4280 3468 4342 quaeque
3527 4263 3851 4324 decimum
3891 4285 4011 4325 sai-

767 4355 979 4415 culum
1015 4357 1387 4426 antevertat,
1425 4369 1568 4413 cum
1602 4353 1788 4432 longe
1836 4361 2293 4432 praestantioris
2330 4376 2493 4427 notas
2525 4351 2563 4426 ;¹
2595 4363 2777 4441 cujus
2835 4379 2954 4438 Ope
3017 4367 3110 4420 tot
3156 4361 3398 4420 vitiosas
3456 4367 3638 4421 antea
3695 4361 4012 4423 ῘΕΕΙῘΟΙΠΞ

771 4451 1220 4522 restituuntur,
1260 4454 1348 4510 tot
1382 4448 1769 4528 supplentur
1803 4451 2062 4526 !acunte,
2117 4464 2181 4518 ut
2211 4475 2289 4519 ex
2319 4478 2394 4522 eo
2431 4461 2712 4541 primum
2773 4459 3023 4534 integer
3089 4456 3346 4517 Eusebii
3404 4461 3612 4516 textus
3673 4457 3739 4517 in
3799 4458 4013 4519 lux-em

772 4548 1024 4627 prodire
1046 4548 1362 4608 videatur.
1395 4547 1722 4633 Fuitolim
1757 4548 1875 4610 iste
1909 4554 2227 4628 quantivis
2262 4561 2452 4630 pretii
2515 4574 2629 4617 nis.
2698 4555 3097 4617 celeberrimi
3158 4554 3493 4614 cardinalis
3554 4554 3794 4626 Sirleti,
3838 4573 4015 4616 nunc

773 4650 938 4707 inter
979 4645 1319 4706 Vaticanos
1352 4659 1693 4705 numerum
1730 4650 1904 4706 tenet
1935 4647 2110 4720 1456,
2142 4653 2468 4733 multaque
2497 4654 2616 4714 alia
2665 4654 2744 4715 ad
2803 4669 2936 4713 rem
2992 4655 3272 4712 nostram
3333 4651 3642 4734 continet,
3686 4669 3834 4730 qua:
3896 4671 4018 4715 suo

776 4745 916 4806 loco
945 4743 1014 4804 in
1050 4742 1286 4803 Greece?
1319 4740 1714 4818 Appendicis
1745 4742 2204 4809 Admonitione
2241 4748 2694 4812 memoramus.

851 4891 989 4952 Iam
1032 4887 1112 4950 ab
1138 4885 1259 4949 hoc
1291 4884 1627 4949 universali
1664 4889 1986 4966 Apparatu
2021 4891 2240 4967 prima;
2273 4901 2616 4954 occurrunt
2646 4891 3034 4968 Quwstioncs
3073 4890 3398 4952 Ii'cbrai'ca:
3455 4890 3522 4950 in
3556 4890 3870 4964 Genesim,
3902 4892 4017 4953 Ju-

776 4988 1099 5051 daicarum
1134 4983 1604 5056 Traditionum,
1636 4984 2212 5065 reconditiorisque
2239 4989 2544 5050 doctrinm
2569 4990 2928 5051 thesaurus.
2966 4985 3300 5066 Ejusmodi
3335 4984 3613 5048 laborem
3645 4987 3712 5046 in
3747 4997 4019 5048 caeteros

777 5101 1039 5165 quoque
1081 5081 1422 5157 Scriptura;
1469 5079 1666 5140 libros
1698 5083 1971 5144 adorsus
2010 5090 2102 5144 est
2137 5086 2199 5144 S.
2239 5086 2460 5162 Pater;
2500 5090 2610 5150 sed
2651 5088 3181 5166 quemadmodum
3216 5085 3285 5145 in
3317 5085 3600 5162 generali
3635 5087 4021 5147 Praefatinne

778 5183 1205 5250 ostendimus,
1241 5185 1347 5240 aut
1371 5178 1634 5240 minime
1669 5178 1957 5256 perfecit,
1992 5198 2137 5260 quae
2169 5183 2242 5245 ad
2271 5184 2498 5244 rudem
2532 5201 2752 5246 earum
2784 5192 3153 5245 contextum
3187 5181 3664 5256 informaverat,
3701 5187 4023 5259 autquod

781 5279 1046 5358 prepius
1080 5277 1156 5337 ad
1194 5275 1378 5336 ﬁdem
1414 5274 1686 5346 videtur,
1745 5283 1983 5337 mutato
2015 5279 2310 5352 consilio,
2371 5296 2514 5342 cum
2574 5289 2788 5359 postea
2848 5277 3351 5341 Commentarios
3417 5277 3792 5350 elaboraret,
3859 5262 4029 5339 liciis

777 5375 925 5448 illis,
961 5371 1550 5452 qumtumultuario
1586 5381 2019 5448 congesserat,
2082 5391 2237 5435 usus
2273 5390 2406 5438 est:
2469 5384 2575 5441 aut
2627 5379 2909 5457 denique
2970 5376 3285 5456 quidquid
3344 5374 3506 5437 illud
3570 5384 3742 5436 esset
3801 5377 4025 5455 operis

781 5476 938 5533 intra
972 5470 1357 5531 domesticos
1395 5468 1666 5546 parietes
1697 5468 2010 5542 cohibuit,
2046 5487 2159 5531 nec
2193 5471 2501 5536 editionis
2553 5474 2785 5536 honori
2823 5473 3137 5552 permisit.
3169 5471 3350 5533 Certe
3411 5487 3555 5533 cum
3591 5488 3707 5549 per
3767 5472 3827 5530 id
3860 5482 4027 5532 tem-

784 5571 976 5648 poris,
1040 5586 1168 5647 quo
1197 5569 1272 5629 iis
1327 5565 1805 5641 Qumstionibus
1857 5569 2241 5630 adornandis
2297 5571 2726 5641 incumbebat,
2768 5588 2935 5647 smpe
2968 5587 3094 5638 eae,
3145 5575 3204 5627 et
3251 5569 3523 5629 maxime
3585 5568 3651 5630 in
3717 5569 3889 5630 libro
3953 5568 4026 5630 de

787 5669 957 5728 Locis
991 5671 1317 5734 memoret,
1350 5674 1483 5740 post
1516 5663 1757 5740 aliquot
1791 5679 1987 5722 annos
2016 5681 2167 5724 suos
2200 5665 2336 5741 ipse
2372 5667 2569 5729 libros
2606 5669 2664 5728 in
2700 5669 2992 5744 Catalogo
3031 5682 3399 5736 recensens,
3443 5673 3664 5742 prieter
3687 5668 3852 5726 illas.
3881 5685 4027 5744 qua?

788 5764 1371 5843 supersuntunicm
1427 5761 1491 5820 in
1547 5761 1870 5830 (ienesim,
1933 5761 2169 5820 nullam
2238 5764 2692 5824 Hebraicarnm
2766 5766 3211 5836 Quaestionum
3279 5763 3668 5824 mentionem
3735 5761 3914 5834 facit,
3966 5773 4029 5820 nt

785 5861 1121 5924 manifesto
1158 5877 1278 5921 non
1315 5859 1465 5917 alias
1498 5859 1559 5914 in
1593 5873 1854 5917 suorum
1893 5856 2196 5917 librorum
2234 5877 2428 5920 censu
2462 5877 2601 5923 esse
2634 5861 3002 5920 declararet.
