4198 6460
179 410 281 476 ω
1373 407 1433 467 s.
1468 404 1777 465 unseen
1817 404 2249 468 lllERt).\'YMI
3334 412 3438 479 8H

258 523 421 584 Hinc
453 521 675 600 grandi
708 524 879 585 hiatu
919 522 1301 583 intcrmcdio
1340 522 1417 583 αι
1457 523 1949 583 Commentarios
1984 525 2048 581 in
2088 526 2516 587 Ecclesiasten
2555 526 3024 601 progredimur,
3074 544 3237 604 quos
3299 529 3439 606 plu-

187 622 319 682 rimi
350 619 584 685 fecisse
624 623 761 700 ipse
798 623 1037 683 Auctor
1068 621 1347 693 videtur,
1383 620 1703 698 siquidem
1755 617 1830 680 ad
1873 636 1983 680 eos
2044 637 2238 696 smpe,
2296 630 2360 683 ut
2424 640 2601 684 suam
2662 622 2891 685 liberet
2948 624 3160 698 ﬁdem,
3218 636 3441 688 contra

186 717 388 779 Buiini
430 720 785 781 calumnias
823 731 1143 795 provocat.
1186 718 1434 779 Exinde
1472 716 1739 778 veniunt
1769 718 1913 778 duce
1972 718 2039 777 in
2074 717 2407 780 Canticum
2471 722 2863 780 canticorum
2902 720 3223 795 Homilicc,
3277 742 3440 803 quas

185 832 258 875 ex
291 814 599 895 Origenis
629 816 853 878 Grmco
889 817 1104 878 Latine
1133 816 1502 894 esplicavil,
1535 832 1782 876 summa
1815 814 2070 876 illectus
2102 814 2609 877 elucubrationis
2643 818 2779 895 ejus
2840 818 3182 898 elegantia,
3221 830 3288 880 ut
3343 824 3443 881 di-

184 931 317 974 cere
348 932 481 975 non
514 914 847 988 dubitarit,
881 916 1052 995 quod
1085 932 1226 976 cum
1280 915 1594 991 Origenes
1638 914 1702 975 in
1730 914 1975 974 caeteris
2010 914 2188 975 libris
2218 933 2444 977 omnes
2505 916 2755 990 vicerit,
2815 918 2880 979 in
2940 919 3203 981 Cantico
3236 924 3438 980 cant-

184 1028 397 1072 corum
425 1012 566 1088 ipse
600 1030 666 1073 se
693 1012 937 1073 vicerit.
984 1014 1193 1089 Atque
1226 1012 1356 1073 haec
1386 1012 1675 1088 quidem,
1711 1023 1853 1086 quae
1878 1010 2148 1086 priorem
2178 1012 2359 1087 quasi
2397 1021 2640 1091 partem
2668 1013 2943 1091 hujusce
2972 1016 3122 1075 tomi
3155 1016 3439 1094 cipiunt.

183 1114 460 1189 genuina
490 1113 553 1173 S.
599 1111 894 1173 Doctoris
953 1109 1346 1171 monimenta
1407 1114 1578 1179 sunt,
1642 1122 1786 1182 qum
1842 1124 1996 1168 mss.
2034 1109 2493 1189 editorumque
2564 1111 2877 1172 librorum
2932 1112 3228 1173 subsidio
3291 1113 3437 1173 dedi

182 1225 458 1283 Operam,
490 1219 555 1269 ut
593 1210 672 1270 ab
701 1207 1085 1280 innumeris,
1140 1206 1351 1285 iisque
1405 1203 1793 1277 fuadissimis,
1831 1204 2081 1264 alendis
2118 1222 2553 1285 repurgat-cm,
2594 1208 2998 1287 pristinoquc
3052 1226 3167 1270 suo
3224 1212 3437 1284 nitori,

181 1308 381 1385 quoad
413 1307 557 1384 ejus
598 1306 729 1367 ﬁeri
771 1315 1007 1383 posset,
1045 1304 1483 1366 restituerem.

250 1403 600 1481 Reliquum
634 1410 752 1475 est,
784 1402 952 1463 utad
986 1416 1175 1477 quem
1213 1398 1469 1477 singula
1507 1412 1743 1458 annum
1770 1395 2111 1463 referenda
2146 1400 2294 1477 sint,
2331 1418 2654 1464 moneam.
2695 1406 2908 1483 Atque
2948 1403 3261 1465 Homilias
3298 1406 3443 1482 qui-

180 1496 316 1558 dem
358 1498 423 1559 in
464 1498 799 1560 Canticum
840 1498 1231 1560 canticorum
1278 1501 1347 1556 ut
1383 1492 1583 1556 abhis
1610 1493 1943 1568 incipiam,
1971 1514 2116 1577 qua;
2149 1518 2177 1560 δ
2215 1500 2761 1578 ρωῑρτὶδιοηείοτί
2798 1501 3034 1562 distant
3072 1501 3439 1570 intervallo,

179 1614 253 1657 ex
285 1612 385 1667 eo,
419 1596 588 1674 quod
627 1594 917 1670 proxime
946 1603 1093 1656 ante
1149 1594 1378 1653 librum
1423 1599 1643 1653 contra
1703 1592 2075 1657 Helvidium
2133 1597 2196 1657 in
2243 1597 2546 1676 Catalogo
2606 1606 3010 1671 censeantur,
3066 1606 3124 1659 et
3171 1602 3438 1660 Damaso

182 1695 477 1752 Romanas
510 1691 691 1752 urbis
728 1693 1032 1769 episcolio
1072 1691 1410 1768 inscripta:
1438 1690 1589 1760 sint,
1622 1688 1806 1750 facile
1864 1691 2180 1768 intelligas
2219 1709 2387 1752 anno
2422 1693 2540 1754 383
2594 1694 2962 1771 illigandos.
3026 1698 3174 1756 Nam
3214 1704 3273 1755 et
3331 1714 3442 1755 su-

186 1791 432 1867 periore
467 1789 727 1849 demum
762 1805 932 1850 anno
963 1788 1038 1849 ad
1067 1788 1255 1848 finem
1290 1796 1591 1865 vergente
1623 1788 2060 1870 Hieronymus
2097 1792 2359 1852 Romam
2386 1792 2581 1865 venit,
2615 1800 2676 1851 et
2719 1792 3027 1854 adversus
3068 1791 3437 1852 Helvidium

182 1896 240 1946 ut
270 1886 488 1946 serius
521 1884 874 1964 scripserit,
916 1894 1297 1962 postremam
1346 1884 1553 1960 ipsius
1595 1885 1712 1947 383
1743 1889 1893 1948 anni
1932 1894 2169 1963 partem
2218 1904 2347 1949 non
2385 1894 2477 1948 est
2538 1896 3033 1966 prmtergressus
3085 1912 3100 1952 :
3137 1891 3442 1967 quemad-

185 1986 437 2045 modum
484 1986 547 2044 in
583 1984 833 2062 praeﬁxa
865 1983 937 2043 ad
968 2000 1111 2044 eum
1145 1984 1378 2045 librum
1417 1983 1874 2046 Admonitione
1901 1984 2325 2045 ostendimus.
2362 1984 2670 2063 Reliquos
2699 1986 3193 2064 quatuorlibros
3229 1987 3437 2046 statim

182 2098 211 2142 a
243 2083 627 2143 recensione
670 2080 1285 2142 Commentariorum
1319 2080 1385 2139 in
1420 2081 1593 2140 Pauli
1632 2081 1948 2159 Epistolas
1983 2082 2060 2143 ad
2093 2084 2365 2153 Galatas,
2405 2080 2739 2158 Ephesios,
2794 2086 3037 2158 Titum,
3100 2101 3172 2146 ac
3235 2083 3443 2145 Phile-

180 2195 457 2253 monem,
495 2178 617 2241 hoc
648 2179 787 2256 ipse
823 2178 1046 2240 ordine
1079 2195 1149 2239 ac
1209 2177 1379 2238 serie
1416 2188 1747 2240 enumerat
1798 2179 1860 2240 in
1901 2180 2239 2256 Catalogo:
2303 2181 2383 2241 In
2435 2177 2869 2240 Ecclesiasten
2921 2181 3437 2243 Commentarios.

182 2277 608 2353 Quaestionum
650 2277 1109 2351 Hebraicarnm
1149 2276 1215 2334 in
1246 2275 1534 2337 Genesim
1562 2275 1791 2338 librum
1821 2295 2034 2337 unum.
2068 2278 2156 2335 De
2192 2276 2376 2336 Locis
2429 2277 2661 2337 librum
2712 2294 2931 2338 unum.
2970 2277 3437 2339 [chraicorum

180 2377 519 2438 Nominum
566 2375 800 2436 librum
831 2394 1046 2435 unum.
1082 2376 1169 2436 Ex
1204 2393 1330 2454 quo
1369 2375 1513 2436 licet
1550 2375 1822 2452 primum
1857 2374 1934 2435 ab
1966 2375 2245 2435 Auctore
2274 2373 2412 2450 ipso
2461 2373 2855 2451 intelligere,
2892 2391 3085 2453 quem
3146 2377 3316 2449 inter
3369 2394 3439 2437 se

181 2475 455 2534 nabeant
490 2472 699 2533 mtatis
738 2480 1123 2546 respectum,
1166 2490 1376 2551 neque
1408 2472 1582 2532 enim
1616 2471 1799 2534 aliam
1834 2488 2022 2549 quam
2104 2471 2434 2548 temporis,
2496 2478 2566 2533 ut
2626 2487 2744 2551 ego
2802 2473 3059 2551 quidem
3116 2474 3437 2546 existimo,

182 2571 492 2631 rationem
537 2568 603 2630 in
629 2567 761 2629 suis
816 2568 1231 2629 recensendis
1256 2567 1796 2646 scriptishabuit:
1831 2586 2024 2646 quem
2070 2587 2220 2631 vero
2257 2570 2513 2647 proiirie
2572 2586 2808 2631 annum
2867 2572 3144 2650 singulis
3199 2574 3438 2632 tribuas

178 2666 293 2728 alia
319 2666 622 2745 ejusdem
651 2665 1037 2739 testimonia,
1069 2665 1336 2745 ipsaque
1374 2684 1584 2729 rerum
1615 2667 1819 2729 series
1848 2665 2127 2728 docebit.
2193 2665 2380 2727 Enim
2443 2682 2593 2728 vero
2655 2666 3115 2740 Ecclesiasten,
3152 2670 3325 2746 quod
3359 2686 3438 2731 ex

179 2763 306 2840 ipsa
338 2764 485 2843 ejus
518 2764 735 2842 operis
772 2761 1152 2825 Prmfatione
1180 2763 1409 2843 liquet,
1444 2766 1929 2826 Commentariis
1960 2764 2298 2825 illustravit
2341 2766 2402 2825 S.
2431 2766 2663 2825 Doctor
2690 2774 2835 2844 post
2861 2770 3052 2845 ferme
3083 2769 3437 2846 quinquen-

176 2860 364 2932 nium,
404 2878 490 2921 ex
532 2875 658 2937 quo
686 2860 863 2920 illum
896 2861 1111 2920 Romaa
1137 2866 1378 2937 degens
1410 2861 1478 2921 S.
1514 2859 1800 2921 Βιωείιιω
1826 2858 2078 2940 legerat,
2117 2868 2187 2919 ut
2222 2878 2351 2920 eam
2381 2860 2462 2921 ad
2512 2871 2935 2941 contemptum
2969 2864 3161 2923 istius
3217 2863 3438 2924 swculi

173 2969 580 3036 prouocaret.
616 2957 731 3017 His
759 2972 998 3018 annum
1031 2957 1149 3018 383
1179 2958 1497 3027 denotari,
1547 2974 1675 3035 quo
1725 2962 2014 3018 nondum
2076 2957 2344 3018 BIaesilla
2382 2958 2661 3035 perfecte
2721 2959 2960 3020 saaculo
3022 2959 3434 3032 valedixerai,

180 3056 596 3117 manifestum
633 3064 759 3115 est:
794 3056 899 3117 cui
933 3054 988 3115 si
1013 3054 1211 3116 ferme
1245 3057 1770 3133 quinquennium
1810 3057 2198 3135 adjunxeris,
2226 3074 2417 3136 quem
2451 3058 2577 3119 illis
2619 3058 3002 3119 ascrihimus
3037 3058 3156 3120 388
3193 3067 3434 3123 teneas.

178 3152 303 3212 Jam
338 3150 525 3232 quod
564 3166 695 3213 uno
730 3150 915 3212 simul
952 3156 1237 3230 tempore
1282 3159 1342 3212 et
1372 3152 1761 3226 Quwsliones
1808 3153 2251 3227 Hebraicas,et
2277 3153 2475 3215 libros
2525 3153 2597 3214 de
2629 3156 2811 3216 Locis
2833 3163 2891 3218 et
2935 3155 3009 3217 de
3059 3157 3437 3219 Nominibus

179 3249 594 3319 elucubrarit,
636 3265 714 3308 ex
746 3248 1124 3309 eorumdem
1162 3247 1465 3310 librorum
1503 3246 2024 3324 Prml‘ationibus,
2057 3251 2121 3312 in
2155 3251 2396 3330 quibus
2455 3252 2761 3313 alteruter
2809 3260 3204 3315 memoratur
3255 3271 3434 3315 com-

180 3351 420 3421 portum
441 3350 567 3405 est.
600 3342 780 3414 Quod
816 3361 966 3404 vero
1010 3345 1085 3404 ad
1117 3345 1414 3403 eumdem
1450 3360 1691 3406 annum
1722 3346 1842 3408 388
1876 3348 2258 3423 pertineant,
2319 3348 2504 3424 plane
2560 3346 2887 3427 intelligas
2921 3366 2997 3409 ex
3031 3350 3155 3411 alia
3187 3349 3425 3412 Praefa—

182 3444 347 3503 tione
386 3441 831 3503 ‘Homiliarum
868 3441 1172 3518 Origcnis
1205 3441 1266 3501 in
1310 3442 1566 3511 Lucam,
1607 3458 1763 3520 quas
1797 3442 1918 3504 hoc
1949 3442 2094 3521 ipso
2131 3448 2330 3521 anno)
2358 3445 2610 3506 Latinas
2642 3444 2877 3506 fecisse
2935 3446 3435 3525 Hieronymum,

180 3539 327 3598 nihil
355 3545 457 3599 est
491 3536 805 3598 dubium:
833 3539 1168 3616 proﬁtetur
1214 3553 1365 3597 vero
1397 3536 1487 3596 ibi
1519 3554 1611 3611 se,
1643 3546 1713 3598 ut
1745 3555 1965 3602 earum
2000 3542 2283 3603 versioni
2321 3541 2748 3617 incumberet,
2771 3542 3231 3605 Hebraicarum
3272 3564 3435 3624 qua:-

178 3634 450 3694 stionum
476 3634 1063 3712 librumpaululum
1084 3635 1593 3713 praetermisisse.
1626 3636 1747 3696 Sed
1774 3646 1834 3699 et
1866 3639 2401 3719 subsequentium
2435 3642 2502 3703 in
2533 3640 2832 3721 Cataiogo
2867 3632 3177 3705 librorum
3203 3646 3433 3715 series,

178 3740 236 3795 et
282 3736 614 3812 prmcipue
680 3734 1043 3809 Didj'miani
1086 3734 1387 3812 Opusculi
1465 3735 1935 3815 interpretatio,
1984 3753 2174 3815 quam
2236 3738 2527 3816 sequenti
2570 3738 3224 3813 annoattrihuimus,
3300 3757 3433 3800 rem

181 3830 379 3911 ipsam
414 3834 620 3913 plane
662 3831 1098 3893 constituunt.

252 3930 335 3990 De
370 3930 779 4007 Appendice,
812 3947 1000 4008 quam
1030 3929 1352 4008 duplicem
1386 3930 1539 3993 huic
1566 3941 1737 3993 tomo
1765 3930 2190 4005 adnectimus,
2230 3948 2419 3992 unam
2460 3931 2850 4004 Graecorum,
2887 3931 3144 3993 alteram
3183 3933 3433 3993 Latino-

180 4044 313 4088 rum
350 4025 786 4098 συνταγμάτων,
828 4026 1069 4104 przefari
1103 4028 1324 4088 multis
1358 4044 1483 4088 non
1519 4038 1793 4106 oportet.
1824 4030 1959 4090 Hoc
1984 4045 2098 4088 nos
2122 4044 2317 4089 onere
2348 4027 2617 4102 prmﬁxm
2649 4027 3001 4105 Opusculis
3035 4027 3168 4087 illis
3200 4030 3437 4089 Admo-

180 4124 456 4185 nitiones
496 4130 829 4200 utcunque
879 4124 1465 4186 levantcriticailla
1499 4128 1779 4201 ἀκριϐείᾳ,
1811 4142 1954 4205 quae
1980 4143 2124 4187 eum
2160 4126 2224 4185 in
2272 4125 2579 4185 omnibus
2629 4125 2899 4195 artibus,
2955 4141 3023 4184 ac
3069 4123 3433 4202 disciplinis

178 4222 575 4290 dominetur,
603 4228 737 4282 tum
765 4221 827 4281 in
856 4221 975 4283 hoc
1007 4230 1297 4284 veterum
1335 4224 1873 4285 monimentorum
1901 4241 2139 4302 genere
2167 4222 2496 4301 singulare
2526 4240 2598 4284 ac
2635 4221 3063 4284 necessarium
3086 4222 3431 4300 imperium

178 4325 363 4380 tenet.
400 4319 783 4379 Excusanda
812 4317 1010 4394 magis
1043 4330 1137 4381 est
1171 4319 1356 4381 nobis
1388 4320 1532 4399 ejus
1554 4323 1946 4398 Appendicis
1974 4320 2332 4397 prolixitas,
2362 4338 2439 4381 ne
2462 4320 2690 4380 alienis
2726 4319 3035 4396 Operibus
3056 4319 3131 4380 ad
3166 4323 3431 4399 explen-

178 4417 311 4477 dam
346 4418 505 4477 tomi
540 4414 769 4476 molem
800 4416 1265 4494 Hieronymum
1291 4417 1578 4480 dicamur
1614 4434 1944 4480 onerasse.
1978 4420 2196 4496 Neque
2236 4415 2409 4476 enim
2447 4416 2903 4493 scriptionum,
2938 4432 3080 4494 quae
3107 4416 3429 4496 Hierony-

180 4515 403 4575 mianis
446 4522 635 4576 antea
664 4530 789 4575 non
825 4522 1343 4587 accenserentur,
1378 4516 1433 4576 si
1468 4533 1699 4592 paucas
1726 4516 1973 4594 aliquot
2014 4512 2292 4590 pagellas
2347 4512 2661 4590 excipias,
2725 4512 3083 4592 quidquam
3145 4514 3223 4575 de
3264 4532 3430 4577 novo

178 4611 571 4690 adjeciinus;
612 4619 859 4671 veteres
885 4617 1097 4671 autem
1135 4611 1483 4684 editiones,
1524 4628 1594 4673 ac
1643 4615 1920 4674 maxime
1985 4610 2461 4673 Benedictinam
2502 4610 2626 4671 ulla
2667 4626 2744 4670 ex
2800 4617 2972 4683 parte
3041 4609 3431 4675 imminuere

179 4707 350 4767 nullo
385 4714 579 4784 pacto
614 4706 817 4773 licuit,
854 4705 1028 4781 quod
1063 4707 1449 4768 eruditionis
1483 4706 1673 4768 homo
1706 4705 1981 4785 cupidus
2049 4704 2548 4781 praetermissum
2616 4702 2842 4762 merito
2896 4702 3236 4763 doluisset.
3299 4706 3430 4765 De-

180 4803 371 4879 nique
412 4809 572 4863 sunt
604 4801 707 4862 iila
742 4803 881 4879 ipsa
940 4803 1270 4879 Opuscula
1336 4803 1477 4881 ejus
1537 4802 1801 4875 indolis,
1843 4819 2007 4878 'qute
2059 4802 2350 4878 proxime
2416 4797 2725 4876 genuinis
2786 4800 2986 4859 nostri
3045 4799 3425 4879 Hieronymi

176 4901 496 4970 accedant,
535 4905 726 4975 atque
758 4899 885 4958 alio
933 4898 1261 4960 transferri
1303 4900 1641 4961 commode
1698 4900 1867 4960 haud
1932 4898 2337 4978 potuissent:
2373 4904 2431 4955 et
2479 4896 2664 4956 home
2721 4896 2879 4955 adeo
2931 4895 3161 4972 frugis,
3202 4906 3266 4955 nt
3303 4914 3425 4957 non

178 4996 506 5073 exiguam,
538 5009 645 5054 aut
683 4995 893 5053 minus
940 4994 1171 5055 variam
1202 5012 1277 5055 ex
1309 4995 1433 5055 illis
1479 4994 1815 5054 utilitatem
1874 4995 1951 5057 ad
2011 5011 2142 5055 rem
2184 4992 2632 5065 Christianam,
2664 5009 2732 5052 ac
2768 4991 3141 5051 litterariam
3204 5011 3429 5069 perve-

180 5093 305 5151 nire
332 5109 555 5167 posse,
593 5090 746 5150 inhi
782 5091 1011 5169 partim
1053 5091 1451 5168 asperientia
1482 5091 1641 5168 ipsa,
1681 5094 1905 5167 partim
1938 5092 2211 5152 aliorum
2248 5089 2569 5151 editorum
2598 5088 2854 5164 judicio
2902 5098 3093 5167 atque
3129 5091 3426 5166 exemplo

181 5203 268 5262 pe:
286 5188 643 5248 suaserim.

248 5285 598 5347 Jamvero,
664 5288 744 5342 de
802 5273 1045 5358 quibus
1102 5282 1400 5344 lectorem
1455 5282 1915 5359 j‘iraemonuisse
1972 5282 2325 5358 Oportebat,
2371 5278 2705 5356 espositis,
2767 5275 3083 5338 defuerim
3127 5276 3426 5338 omnibus

181 5378 598 5440 humanitatis
630 5377 877 5449 ciliciis,
908 5380 1029 5439 nisi
1066 5396 1162 5439 me
1186 5379 1386 5458 palam
1418 5388 1855 5457 aeternumque
1889 5379 2102 5439 animo
2124 5377 2491 5439 obstrictum
2528 5375 2825 5453 proﬁtear
2860 5383 2945 5433 tot
2979 5374 3249 5434 eruditis
3276 5372 3427 5432 viris

182 5494 317 5536 cum
348 5478 410 5536 in
446 5474 570 5535 hac
597 5474 796 5549 Italia,
827 5485 961 5535 tum
997 5477 1159 5551 apud
1195 5486 1469 5548 exteros,
1516 5478 1809 5554 integris,
1864 5484 1923 5536 et
1962 5477 2036 5535 ai.)
2066 5476 2237 5532 omni
2299 5472 2749 5534 assentationis
2807 5469 3175 5547 suspicione
3240 5468 3427 5547 longe

184 5572 429 5648 positis,
483 5586 605 5630 nec
641 5570 763 5629 ulla
798 5587 1049 5631 mecum
1077 5571 1321 5648 junctis
1360 5571 1810 5648 pepulariiate,
1851 5574 1943 5631 vel
1980 5571 2198 5647 gratia,
2255 5570 2367 5646 qui
2400 5570 2633 5630 nedum
2694 5565 3092 5645 gravissimis
3140 5563 3425 5624 testimo-

184 5667 323 5737 niis,
356 5668 470 5727 scd
512 5664 705 5725 editis
740 5682 997 5742 quoque
1037 5665 1274 5727 libellis
1308 5666 1585 5727 laborem
1623 5668 1788 5727 hunc
1817 5685 2027 5726 meum
2068 5667 2381 5743 prosecuti
2429 5673 2601 5725 sunt.
2654 5664 3004 5723 Leudarem
3041 5668 3100 5722 et
3136 5661 3425 5733 nomina,

184 5764 405 5838 quibus
436 5769 501 5822 et
534 5771 817 5839 poteram
846 5778 1157 5822 exornare
1200 5762 1341 5821 libri
1370 5764 1827 5829 t'rontem,nisi
1887 5764 2212 5824 videretur
2277 5762 2566 5823 redolere
2630 5758 2984 5836 gloriolam,
3044 5764 3235 5836 atque
3295 5757 3429 5817 haec

187 5861 426 5920 mallem
458 5862 540 5922 ab
573 5858 747 5932 aliis,
774 5876 961 5932 quam
998 5878 1029 5919 a
1068 5876 1165 5922 me
1211 5859 1371 5921 fieri.
1414 5860 1542 5919 Hoc
1577 5858 1746 5919 enim
1774 5878 1920 5922 vero
1959 5871 2014 5923 et
2041 5862 2224 5923 velim
2292 5869 2353 5921 ct
2409 5874 2584 5935 rogo,
2657 5856 2925 5917 solidam
2997 5855 3234 5917 laboris
3301 5852 3423 5913 mei
