4198 6492
734 439 847 510 815
1686 433 1920 494 LIBER
1966 431 2066 491 DE
2107 426 2544 491 NOMINIBUS
2581 421 3011 484 HEBRAICIS.
3875 416 3984 479 816

735 560 1027 638 gratiam,
1080 559 1287 640 siqua
1329 563 1422 619 est
1461 572 1557 618 me
1609 554 1914 631 deinceps
1972 557 2418 622 consecutura,
2452 548 2527 606 iis
2581 540 2843 640 deberi,
2872 554 3143 640 quorum
3197 535 3412 640 favore
3462 550 3596 595 sum
3638 534 3983 640 exei'nhts.

738 630 798 720 ct
831 630 1105 735 quorum
1133 630 1319 720 causa
1354 662 1627 735 coeptum
1665 670 1824 731 opus
1852 647 2071 729 majori
2105 648 2172 709 in
2205 649 2345 709 dies
2382 655 2730 722 persequar
2790 635 3147 735 alacritate.
3197 634 3403 735 Linum
3446 641 3661 735 autem
3714 630 3990 735 honoris

736 727 923 815 causa
958 754 1242 827 nomino,
1288 727 1795 813 illustrissimum
1837 727 2041 807 virum
2079 743 2485 805 Franciscum
2514 733 2913 803 Musellium,
2941 731 3047 794 cui
3076 729 3423 808 plurimum
3446 727 3987 827 Hieronymianm

736 850 956 928 gloriae
986 825 1251 910 studiosi
1287 848 1579 919 debeant,
1617 851 1828 924 etquo
1858 858 1977 922 ego
2010 841 2169 902 sicut
2230 846 2415 900 antea
2452 832 2762 897 editionis
2805 829 3002 910 hujus
3035 828 3470 908 suscipienda:
3506 826 3862 891 hortatore.
3899 825 3983 884 ita

740 965 911 1009 nunc
953 957 1145 1027 qnam
1182 946 1462 1011 celerius
1495 941 1897 1023 perﬁciendae
1928 939 2215 1017 adjutore
2244 946 2388 1000 utor
2411 928 2893 994 liberalissimo.
3925 942 3928 943 ν

1168 1172 3943 1203 _______________________________________.__.

1301 1369 1432 1480 8.
1516 1365 2230 1483 EUSEBH
2308 1361 3393 1478 HIEBONYMI

1867 1604 2369 1666 STRIDONENSIS
2409 1603 2843 1663 PRESBYTERI

1001 1821 1474 1951 LIBER
1553 1819 1749 1945 DE
1844 1810 2712 1943 NOMINIBUS
2810 1802 3710 1939 HEBRAICIS.

1996 2259 2685 2354 PRIEFATIO.

808 2623 942 2695 1-2
972 2619 1142 2688 Philo,
1175 2620 1261 2675 vir
1288 2617 1679 2675 disertissimus
1706 2614 2307 2687 Judreorum,0rigenis
2338 2614 2383 2673 Α
2414 2610 2569 2665 alteri
2623 2610 2759 2666 sciat
2822 2609 2992 2663 lector
3042 2608 3195 2679 operi
3245 2617 3545 2665 reservata.
3607 2608 3811 2666 Libros
3852 2612 3995 2667 enim

741 2732 954 2787 quoque
990 2713 1305 2772 testimonio
1348 2709 1762 2780 comprobatur,
1819 2708 2058 2763 edidisse
2106 2706 2305 2762 librum

739 2809 1115 2865 ilebraicorum
1180 2803 1471 2858 Nominum
1506 2842 1522 2869 ,
1574 2814 1873 2870 eorumque
1945 2798 2308 2870 etymologias

732 2901 889 2968 juxta
916 2898 1162 2953 ordinem
1190 2895 1491 2950 litterarum
1550 2906 1579 2946 e
1631 2891 1802 2946 latere
1846 2889 2154 2958 copulasse.
2203 2886 2308 2953 Qui

737 3005 862 3047 cuin
905 2989 1064 3060 vulgo
1094 2988 1362 3043 habeatur
1412 3000 1445 3042 a
1475 2983 1677 3047 Grmcis
1701 3023 1715 3046 ,
1749 2990 1803 3037 et
1834 2982 2192 3038 bibliothecas
2219 2995 2310 3035 or-

739 3084 822 3137 bis
852 3080 1179 3151 impleverit,
1222 3077 1389 3134 studii
1424 3076 1597 3131 nostri
1628 3077 1644 3107 ¹
1679 3075 1783 3131 fuit
1815 3075 1869 3129 in
1926 3074 2175 3130 Latinam
2207 3076 2310 3131 lin-

738 3188 897 3244 guam
954 3187 1078 3227 eum
1128 3178 1363 3226 vertere.
1409 3167 1611 3224 Verum
1651 3177 1761 3223 tam
1792 3167 2019 3233 dissona
2072 3169 2212 3223 inter
2251 3183 2311 3223 se

736 3264 1065 3334 exemplaria
1120 3262 1299 3334 reperi
1323 3300 1339 3327 ,
1393 3268 1448 3315 et
1481 3261 1560 3317 sic
1591 3260 1879 3316 confusura
1910 3259 2159 3315 ordinem
2189 3302 2204 3327 ,
2254 3270 2312 3315 ut

740 3367 919 3409 tacere
973 3352 1168 3409 melius
1220 3349 1625 3421 indicaverim,
1659 3364 1823 3420 quam
1885 3348 2309 3420 reprehensione

736 3447 867 3515 quid
901 3445 1123 3516 dignum
1155 3443 1421 3499 scribere.
1453 3443 1641 3512 Itaque
1675 3442 1890 3498 hortatu
1923 3441 2154 3497 fratrum
2205 3442 2312 3497 Lu-

739 3539 945 3607 puliaui
979 3540 999 3570 ²
1030 3546 1082 3593 et
1117 3535 1425 3602 Valeriani,
1465 3537 1556 3606 qui
1599 3550 1686 3591 me
1747 3543 1937 3605 putant
1986 3535 2194 3606 aliquid
2255 3535 2307 3591 in

740 3629 977 3685 Hebraea:
1022 3630 1220 3699 lingua
1278 3629 1470 3683 notitia
1521 3626 1864 3699 profecisse,
1910 3635 1966 3683 et
2018 3627 2093 3684 rei
2140 3627 2312 3696 ipsius

740 3718 975 3773 utilitate
1007 3725 1319 3773 commotus
1341 3717 1383 3783 ',
1415 3717 1628 3789 singula
1650 3732 1751 3788 per
1783 3715 2030 3772 ordinem
2058 3715 2310 3788 Scriptu-

741 3825 922 3864 rarum
944 3809 1218 3864 volumina
1241 3810 1557 3879 percucurri
1580 3808 1842 3879 ;etlvetu3
1859 3808 2144 3863 aedilicium
2171 3823 2310 3861 nova

738 3916 867 3956 cura
920 3901 1252 3963 instaurans,
1289 3900 1486 3956 fecisse
1533 3916 1621 3956 me
1660 3915 1804 3969 reor,
1860 3900 2006 3973 quod
2038 3914 2068 3954 a
2104 3899 2311 3957 Graecis

2411 2701 3192 2767 Hebraicarquurestionum
3225 2716 3371 2757 nunc
3425 2703 3478 2756 in
3532 2717 3729 2759 manus
3786 2705 3997 2763 habeo.

2409 2812 2550 2866 opus
2609 2811 2811 2850 novum
2834 2837 2848 2861 ,
2885 2804 2939 2850 et
2972 2805 3082 2850 tam
3135 2796 3341 2861 Graecis
3378 2811 3539 2867 quam
3575 2795 3792 2852 Latinis
3825 2812 4000 2865 usque

2410 2893 2475 2948 ad
2503 2892 2558 2947 id
2591 2892 2833 2947 locorum
2857 2893 2876 2924 δ
2903 2892 3041 2965 3-4
3082 2893 3405 2947 inauditum.
3446 2892 3562 2947 Non
3593 2906 3705 2961 quo
3752 2892 3998 2947 studium

2412 3000 2591 3040 meum
2620 2984 2920 3040 insolenter
2948 2985 3203 3040 extollam
3229 2988 3269 3050 ⁸,
3310 2985 3404 3041 sed
3431 2985 3574 3055 quod
3610 2985 3836 3040 sudoris
3867 3000 3998 3038 ron—

2410 3079 2585 3141 scius,
2618 3078 2685 3133 ad
2719 3077 3004 3133 lectionem
3034 3091 3221 3131 eorum
3251 3091 3541 3147 provocem
3577 3080 3918 3134 nescientes.
3943 3078 3999 3132 Si

2413 3171 2537 3243 quis
2589 3170 2755 3240 igitur
2786 3179 2842 3224 et
2877 3169 3018 3234 illos,
3055 3179 3111 3224 et
3159 3183 3399 3238 praesens
3456 3169 3756 3235 volumen,
3796 3170 3998 3224 librum

2413 3277 2633 3334 quoque
2662 3261 2931 3318 Locorum
2957 3300 2972 3327 ,
3026 3276 3190 3332 quem
3247 3260 3499 3316 editurus
3557 3277 3681 3317 sum
3720 3262 3767 3329 ⁸,
3804 3263 4002 3317 habere

2414 3357 2664 3421 voluerit,
2704 3355 3057 3426 parvipendet
3116 3362 3337 3410 ructnm
3387 3363 3444 3410 et
3493 3370 3761 3410 nauseam
3786 3354 4002 3411 Judzo—

2414 3465 2559 3504 rnm.
2594 3450 2670 3504 Ac
2704 3463 2772 3503 ne
2826 3446 2968 3503 forte
3004 3456 3383 3503 consummato
3442 3446 3674 3501 mdilicio
3704 3450 3867 3516 quasi
3902 3465 4002 3503 ex-

2418 3549 2594 3595 trema
2622 3539 2838 3594 deesset
2864 3553 3082 3603 manus,
3104 3538 3241 3593 Novi
3261 3536 3598 3592 Tcstamenti
3625 3541 3795 3591 verba
3822 3552 3875 3594 et
3905 3556 4002 3593 nu-

2414 3631 2559 3686 mina
2580 3632 2967 3700 interpretatus
2984 3643 3104 3684 sum
3127 3645 3142 3683 :
3167 3628 3367 3684 imitari
3390 3631 3579 3684 volens
3599 3646 3668 3685 et
3701 3644 3862 3699 parte
3880 3633 3999 3684 Ori—

2414 3738 2626 3794 genem,
2668 3737 2828 3791 quem
2885 3730 3006 3791 post
3062 3721 3380 3791 apostolos'
3430 3720 3982 3791 Ecclesiarummagi-

2414 3822 2587 3871 strum
2619 3797 2785 3867 nemo
2832 3812 2937 3868 nisi
2994 3812 3278 3882 imperitus
3303 3811 3577 3883 negabit'.
3608 3812 3758 3868 Inter
3802 3826 3998 3868 «ξείνη

2414 3905 2558 3960 enim
2596 3902 2901 3973 ingeniisui
2931 3902 3191 3971 praeclara
3224 3914 3580 3959 monumenta
3609 3904 3778 3960 etiam
3804 3906 3861 3959 in
3895 3908 3997 3961 hoc

739 4007 954 4062 quoque
987 3993 1344 4063 appetendum
1385 3992 1478 4051 sit.
1512 3992 1780 4049 Praeterea
1816 4002 1869 4050 et
1896 3994 2028 4048 illud
2065 3994 2120 4047 in
2169 3990 2313 4047 Prze-
2345 3982 2384 4037 η
2418 3998 2709 4063 laboravit,
2762 4004 2823 4051 ut
2852 3995 2998 4066 quod
3026 3993 3182 4049 Philo
3241 3995 3405 4065 quasi
3437 3994 3665 4053 Iudaeus
3702 3998 3995 4066 omiserat,

741 4084 943 4140 ratione
973 4099 1313 4150 commoneo,
1342 4092 1401 4139 ut
1434 4083 1477 4141 si
1502 4099 1609 4155 qua
1640 4085 1730 4140 hic
1765 4085 2129 4155 prmtermissa
2157 4094 2307 4146 sunt,

812 4274 830 4306 ί
866 4272 963 4326 Ms.
990 4278 1198 4332 noster,
1223 4285 1383 4342 quem
1423 4271 1566 4326 domi
1596 4286 1969 4333 asservamus,
1996 4274 2179 4342 probae
2200 4290 2297 4331 ve-

740 4344 958 4397 tustatis
983 4350 1037 4394 et
1066 4350 1228 4405 notae,
1260 4341 1350 4396 hic
1372 4342 1498 4396 mihi
1540 4344 1700 4397 habet
1738 4356 1833 4408 pro
1868 4341 2058 4397 nostri.

813 4418 833 4447 ²
866 4409 1124 4464 Fratrum
1155 4411 1465 4482 Lupuliani.
1516 4413 1654 4466 Editi
1691 4413 1904 4481 legunt)
1924 4412 2116 4482 annti
2146 4434 2164 4471 :
2206 4417 2305 4470 ali.

741 4492 873 4552 quot
941 4495 1110 4552 Ense.“
1143 4480 1446 4552 Lupiniani.
1504 4482 1849 4538 Colhertinus
1890 4480 2079 4538 codex
2154 4502 2305 4540 num.

740 4549 902 4610 £355.
934 4549 1229 4616 Lupiliani.
1262 4550 1557 4606 Vaticanus
1591 4560 1769 4606 autem
1817 4554 1943 4614 3M.
1983 4552 2265 4619 Lupuliani
2292 4596 2305 4618 ,

742 4633 800 4677 ut
832 4625 933 4677 nbs
958 4620 1249 4676 edidimus.
1277 4619 1440 4675 Erant
1470 4637 1601 4676 vero
1625 4620 1956 4688 Luputianus
1983 4633 2037 4675 et
2066 4625 2314 4680 Valeria-

743 4711 862 4755 nus,
899 4699 1164 4762 quantum
1215 4690 1548 4762 conjecturis
1591 4692 1805 4758 assequi
1864 4692 1946 4745 fas
1979 4703 2112 4762 est,
2146 4710 2175 4750 e
2205 4711 2311 4748 nu-

744 4760 1174 4834 meroil‘ratrum
1236 4760 1291 4814 in
1324 4760 1573 4834 quorum
1608 4768 1897 4834 conventu
1950 4760 2311 4834 Hieronymus

743 4832 990 4901 quoudie
1023 4828 1293 4893 Psalmos,
1328 4828 1576 4901 aliosque
1608 4831 1779 4886 libros
1815 4845 2004 4888 sacros
2039 4828 2308 4891 ediséere-

744 4904 856 4958 bat.
884 4901 1150 4955 Maurum.

816 4973 837 5003 ³
873 4970 1116 5025 Utilitate
1144 4978 1455 5027 commotus.
1510 4970 1655 5028 Duos
1690 4983 1783 5030 aut
1814 4982 1923 5029 tres
1954 4990 2109 5040 mss.,
2164 4973 2312 5029 novi-

746 5053 852 5097 tate
882 5048 1191 5096 commotus.
1227 5042 1497 5097 MARTIAN.

2420 4093 2505 4146 hic
2526 4099 2585 4145 ut
2618 4088 2963 4145 Christianus
2992 4087 3265 4158 impleret.

2404 4278 2579 4343 ipsum
2605 4271 3005 4346 Hieronymum
3029 4271 3516 4346 torquethuﬂnus
3540 4274 3596 4346 in
3624 4289 3726 4331 sua
3758 4274 3996 4330 Invecti-

2406 4364 2490 4408 να,
2527 4345 2616 4399 ubi
2651 4344 2897 4399 sanetum
2934 4344 3222 4399 Ductorem
3257 4344 3653 4399 inconstantia:
3688 4360 3753 4401 ac
3776 4348 3999 4401 vanita-

2411 4417 2482 4470 tis
2540 4415 2745 4480 smpius
2803 4414 3105 4469 insimulat.
3171 4411 3328 4483 Unde
3377 4414 3597 4483 quidam
3640 4430 3672 4469 e
3708 4418 3998 4471 veteribus

2412 4485 2789 4556 scriptoribus
2811 4484 2955 4537 fama
2982 4484 3143 4556 hujus
3162 4482 3551 4556 inconstantiae
3594 4483 3994 4556 Hieronymum

2414 4556 2648 4609 liberare
2669 4554 2976 4621 cupientes,
3020 4555 3123 4609 hoc
3159 4554 3279 4608 loco
3324 4553 3396 4607 ita
3429 4554 3720 4624 legendum
3756 4553 3995 4609 volunt:

2417 4625 2581 4689 Quem
2641 4625 2802 4694 juxta
2855 4625 3206 4693 quorumdam
3256 4626 3574 4677 sententiam
3623 4632 3741 4694 post
3791 4638 4001 4690 aposto-

2418 4695 2522 4760 los,
2547 4693 2655 4749 etc.
2685 4693 2852 4759 Quasi
2888 4707 2994 4747 non
3014 4708 3079 4747 ex
3113 4694 3330 4762 propria
3357 4695 3626 4748 sententia
3661 4694 3711 4746 id
3735 4698 3997 4763 scripsis-

2415 4776 2497 4821 set
2524 4763 2927 4834 Hieronymus:
2958 4765 3052 4815 sed
3077 4777 3141 4834 ex
3172 4764 3403 4834 aliorum
3434 4764 3697 4834 opinione
3727 4768 3997 4820 ecclesia-

2415 4852 2534 4889 rum
2569 4831 2890 4905 Inagis'trum
2927 4832 3273 4905 Eappellasset
3307 4831 3622 4905 ()rigenem.
3652 4833 3998 4905 Verumiqle-

2416 4902 2693 4972 pravatam
2723 4916 2844 4958 esse
2873 4902 3182 4968 hujusmodi
3217 4902 3508 4956 lectionem
3553 4905 3606 4957 in
3645 4904 3843 4959 codice
3864 4904 3994 4961 Col-

2414 4977 2630 5031 bertino
2650 4972 2793 5027 2852
2814 4987 2878 5026 ac
2919 4973 2974 5026 in
3013 4973 3134 5026 aliis
3174 4974 3545 5041 paucioribus,
3577 4974 3749 5042 ipsius
3798 4974 3995 5029 Hirro-

2414 5046 2560 5109 nymi
2580 5043 2928 5112 apologeticm
2962 5043 3358 5112 responsiones
3390 5045 3547 5108 plane
3578 5048 3992 5101 demonstrant.

815 5113 837 5143 ⁸
858 5112 1048 5185 hlalnn
1080 5111 1343 5185 equidem
1357 5122 1656 5185 temporum
1683 5115 1778 5185 legi
1805 5130 1902 5183 pro
1931 5116 2185 5178 locorum,
2205 5114 2311 5169 nisi
2411 5110 2664 5185 Aitenim
2688 5110 2763 5185 in:
2787 5111 3020 5185 epistola
3051 5112 3121 5164 ad
3133 5110 3559 5185 _P_qmmachiAunt
3588 5123 3633 5165 et
3668 5112 3949 5168 Oceanum
3975 5133 3992 5167 :

745 5185 789 5239 si
824 5181 1039 5250 aliquod
1081 5182 1463 5236 intermedium
1503 5199 1534 5239 e
1584 5181 1841 5239 contextu
1891 5186 2115 5239 verbum
2162 5185 2312 5238 exci-

2419 5204 2438 5235 ‹
2478 5184 2596 5238 Non
2628 5182 2763 5236 mihi
2806 5180 3057 5244 ήοοεὺίι,
3101 5182 3147 5234 si
3176 5181 3366 5234 dixero
3402 5198 3416 5234 :
3450 5180 3739 5249 Origenes,
3770 5202 3900 5235 cuiu
3940 5188 3991 5238 ill

745 5249 1085 5321 ἀοι-ειμιῳά
1107 5251 1219 5320 ipsa
1251 5252 1518 5321 suspicari
1568 5255 1697 5308 facit
1725 5256 1901 5309 oratio
1932 5254 2177 5307 nonnihil
2212 5254 2310 5306 im-
2338 5252 2381 5310 C
2413 5254 2627 5309 caeteris
2654 5252 2809 5306 libris
2832 5266 3022 5321 omnes
3048 5252 3276 5312 vicerit,
3306 5251 3360 5304 in
3393 5249 3623 5305 Cantico
3644 5253 3992 5307 canticorum

746 5318 1231 5392 pedita.ilfortasse
1263 5318 1460 5375 librum
1498 5324 1563 5376 de
1596 5324 1764 5387 Locis,
1787 5340 1945 5392 quem
1974 5325 2174 5376 dudum
2206 5324 2310 5376 La-

745 5397 857 5446 tine
885 5407 950 5444 ex
982 5390 1214 5444 Eusebio
1246 5394 1431 5456 vertit,
1461 5390 2023 5458 comtnemoravcrat,
2072 5403 2126 5446 et
2153 5395 2313 5447 tertio

746 5468 814 5516 al»
844 5463 947 5515 hoc
973 5475 1133 5513 versu
1165 5462 1405 5529 replicat.

818 5535 838 5565 ⁸
873 5530 1159 5597 Sumptum
1189 5545 1254 5584 ex
1278 5532 1536 5589 Sallustio
1570 5534 1620 5587 in
1655 5533 1923 5600 Jugurtha
1970 5550 2021 5587 c.
2049 5535 2080 5586 4
2113 5549 2126 5585 :
2180 5550 2198 5582 ο
2239 5532 2315 5587 Ne

750 5617 845 5671 per
892 5601 1237 5671 insolentiam
1286 5603 1408 5667 quis
1471 5605 1782 5668 existimet,
1832 5614 2032 5659 memet
2073 5604 2314 5656 studium

753 5669 1224 5724 incum-laudando
1254 5675 1527 5725 extollere.
1562 5693 1580 5725 ι

745 5813 778 5863 d
818 5742 837 5770 ⁰
867 5739 1061 5793 Noster
1093 5756 1190 5792 ms.
1223 5743 1273 5794 in
1311 5752 1458 5795 textu
1491 5744 1709 5808 editum,
1758 5746 1823 5799 ad
1857 5744 1979 5797 libri
2012 5758 2165 5796 oram
2195 5744 2310 5796 edi-

786 5827 934 5863 amns.

786 5827 934 5863 ii'ﬂlS.

816 5879 1026 5945 ’Qucm
1085 5889 1199 5948 post
1254 5882 1538 5951 apostolos.
1591 5882 1703 5939 Hoc
1754 5886 1986 5956 elogium
2050 5884 2309 5940 adversus

2416 5326 2529 5393 ipse
2558 5338 2617 5377 se
2643 5322 2800 5393 vicit_.
2826 5320 2933 5393 Nec
2952 5319 3272 5393 Aforniidabo
3300 5325 3646 5393 sententiam,
3682 5337 3792 5390 qua
3838 5326 3991 5377 illum

2418 5390 2696 5449 doctorem
2762 5390 3130 5445 Ecclesiarum
3196 5390 3470 5452 quondam
3545 5392 3996 5446 adolescentulus

2417 5463 2718 5517 nominavi.
2751 5480 2769 5512 ι
2804 5459 2923 5531 Non
2956 5459 3292 5531 formidabat
3311 5462 3450 5513 hanc
3479 5464 3834 5524 sententiam.
3867 5466 3993 5531 quia

2416 5536 2468 5586 in
2516 5533 2751 5600 Origene
2803 5529 3059 5585 laudabat
3104 5537 3233 5583 tunc
3265 5530 3605 5596 diligentiam
3658 5543 3714 5583 et
3745 5529 3994 5587 studium

2418 5604 2851 5670 Scripturarum.
2886 5615 2992 5655 non
3026 5600 3338 5667 dogmatum
3382 5600 3696 5666 opiniones.
3752 5601 3794 5654 C
3824 5606 3996 5656 nsul-

2415 5672 2736 5742 Apologiam
2762 5672 3084 5742 Hieronymi
3118 5671 3380 5742 adversus
3408 5670 3687 5742 Rufinum.
3724 5671 3995 5727 Mantus.

2489 5743 2510 5771 “
2541 5738 2732 5795 NoSIer
2765 5756 2866 5793 ms.
2899 5740 2949 5792 in
2976 5738 3199 5809 instanti
3238 5748 3412 5806 negat.
3445 5740 3715 5803 Quantam
3749 5761 3995 5809 ιιννιυοιῑ

2421 5814 2521 5866 hoc
2550 5813 2859 5865 testimonio
2889 5811 3145 5861 invidiam
3180 5808 3237 5862 S.
3268 5811 3481 5861 Dmtori
3520 5808 3759 5864 Rufian
3784 5818 3996 5867 Cunila-

2420 5883 2577 5947 vcrit,
2611 5897 2672 5937 ex
2706 5879 3091 5934 Invertit'nrum
3127 5879 3275 5933 1ibzis
3302 5879 3611 5933 ediscimus.
