4198 6466
747 430 859 496 855

732 552 816 607 vel
857 549 1054 605 domini
1091 548 1274 604 robur.

807 620 1328 690 Jeroliaal,.judicet
1368 618 1516 679 Baal.
1575 617 1657 671 vel
1685 617 1772 680 ju-

735 693 877 747 dicet
915 691 1144 750 habens.
1179 698 1272 745 aut
1339 692 1610 757 superior,
1659 690 1776 744 sivo

729 762 964 834 jungium
997 763 1224 817 habens.

801 830 1000 921 decbaz
1246 835 1421 921 in
1459 830 1624 887 Hebr.
1676 847 1773 895 vtt,

730 904 825 968 9.5)
849 941 865 964 .
892 905 1131 960 torcular
1155 906 1287 972 lupi.

801 973 991 1044 Jecba,
1027 975 1287 1030 torcular.

803 1043 1043 1104 Jotltam.
1075 1055 1159 1100 est
1193 1047 1490 1111 perfectus.

802 1117 939 1180 .lair,
1000 1116 1336 1173 illuminans.

809 1186 1108 1246 Jonalhan.
1138 1190 1401 1244 columba
1432 1187 1656 1246 donum,
1694 1185 1776 1240 vel

736 1257 1004 1313 columba
1045 1261 1217 1326 dedit,
1265 1271 1360 1313 aut
1413 1258 1630 1314 Domini
1682 1257 1780 1312 do-

733 1344 890 1384 num.

805 1400 990 1467 .labes,
1018 1403 1308 1466 exsiccata,
1353 1401 1437 1457 vel
1464 1400 1708 1456 siccitas.

802 1541 1096 1605 Laffldotli,
1123 1543 1357 1610 lampas,
1386 1544 1499 1598 sive
1528 1542 1685 1610 quasi
1713 1555 1775 1594 os

733 1613 933 1669 cultri:
969 1614 1036 1666 ab
1067 1629 1184 1680 ore,
1225 1629 1332 1670 non
1368 1615 1436 1669 ab
1473 1628 1618 1666 osse.

805 1683 950 1746 Lais,
987 1684 1092 1748 leo,
1132 1685 1214 1740 vel
1248 1686 1465 1739 sibimet
1498 1685 1598 1737 vir.

805 1820 1004 1894 Meroz.
1071 1842 1222 1894 aquze
1282 1835 1774 1878 sacramentorum.

802 1891 952 1948 Maoz
988 1891 1162 1964 (Apud
1193 1895 1355 1962 LXX,
1389 1913 1462 1961 γι,
1511 1896 1642 1963 96),
1689 1910 1776 1947 ro-

730 1963 948 2028 bustus,
981 1963 1154 2020 fortis.
1541 1973 1551 1984 ’

808 2033 952 2089 Mere
983 2035 1254 2106 (Merome)
1277 2078 1291 2100 .
1311 2037 1654 2102 manifestus,
1694 2036 1776 2091 vel

730 2103 1068 2178 illuminans,
1101 2117 1196 2161 aut
1227 2103 1474 2178 apertus.

801 2174 982 2245 Mella,
1017 2177 1232 2245 plenus.

804 2244 997 2318 blanne
1022 2244 1268 2318 ’(Manue)
1291 2290 1305 2311 ,
1342 2247 1583 2314 requies.

797 2314 996 2382 lllictia,
1017 2318 1142 2385 quis
1169 2314 1276 2380 hic,
1302 2319 1620 2374 adverbium
1650 2319 1776 2384 loci,

731 2386 816 2440 vel
855 2388 980 2457 quis
1010 2401 1093 2442 est
1121 2389 1258 2444 iste?

804 2513 1225 2602 l‘iecllelt'ﬁm)
1254 2571 1269 2591 .
1306 2531 1447 2602 laus,
1484 2533 1740 2602 hymnus.

803 2599 950 2652 Nalie
983 2598 1177 2666 (Nobe)
1202 2643 1215 2661 .
1244 2598 1492 2656 latratus.

729 2669 836 2740 5o
880 2668 1003 2723 Tria
1031 2673 1265 2734 nomina,
1329 2687 1446 2740 qua
1475 2690 1540 2726 ex
1578 2673 1621 2726 Ο
1655 2674 1775 2726 sub-

798 2741 1030 2814 iicimus,
1097 2757 1188 2808 per
1236 2755 1503 2797 externam
1559 2743 1777 2814 legenda

797 2821 920 2865 sunt
957 2811 1211 2868 litteram.

801 2951 978 3017 Obed,
1013 2955 1258 3010 serviens
1296 2956 1336 3009 ⁸.

803 3024 952 3094 ()bab
989 3025 1213 3094 (llobab)
1240 3065 1254 3085 ,
1299 3026 1542 3080 dilectio.

802 3093 966 3160 Oreb,
1001 3093 1218 3157 corvus,
1255 3105 1348 3149 aut
1391 3097 1630 3152 siccitas.

793 3235 1014 3291 Rechab
1074 3237 1247 3304 (Apud
1328 3235 1488 3299 LXX,
1545 3253 1583 3302 l,
1647 3237 1771 3307 19).

727 3309 1004 3365 ascensio.
1048 3310 1163 3362 sive
1195 3309 1594 3361 conscendens.

795 3380 1129 3439 Resatliaim,
1158 3378 1406 3447 impietas
1432 3394 1646 3433 eorum.

1889 429 1950 491 S.
1991 429 2302 492 EUSEBII
2343 432 2642 494 HIERON
2656 433 2788 492 ΥΜί

2354 549 2393 605 S

1919 619 2096 684 Sasai,
2119 620 2414 687 longzevus,
2438 620 2521 674 vel
2545 621 2814 676 senarius.

1925 689 2160 755 Sephetlt
2189 693 2351 754 (nos)
2373 733 2388 756 .
2426 694 2668 761 specula.

1927 761 2233 824 Salabbitn,
2271 763 2419 816 salus
2451 764 2718 818 cordinm.

1921 835 2074 902 §yria
2110 832 2276 902 (ει-ιδ)
2298 874 2310 890 .
2345 835 2672 892 sublimitas.

1923 901 2165 972 Sairath,
2198 919 2385 972 capra.

1925 970 2204 1044 Semegar,
2255 970 2454 1028 nomen
2506 974 2751 1040 adventa,
2784 975 2903 1032 sive

1853 1043 1926 1098 ibi
1957 1043 2211 1099 colonus.

1924 1113 2129 1178 Sisara,
2152 1115 2333 1184 gaudii
2356 1117 2624 1176 exclusio,
2653 1115 2765 1172 sive
2795 1117 2900 1172 tol-

1852 1185 1972 1241 lens
1997 1187 2364 1256 recedentem,
2405 1187 2489 1240 vel
2517 1188 2642 1256 equi
2667 1187 2828 1244 visio.

1924 1257 2071 1311 Sella
2107 1255 2460 1326 (Belhsetto),
2499 1255 2690 1326 spinae.

1927 1326 2158 1382 Saratha
2201 1325 2460 1397 (Sorae),
2516 1325 2762 1385 vinciens
2820 1347 2911 1387 ve-

1851 1400 1952 1468 nit,
1983 1403 2098 1454 sive
2130 1399 2426 1454 tribulatio.

1927 1473 2166 1540 Stat-oreb
2194 1470 2277 1539 (lu
2309 1469 2472 1524 Hebr.
2508 1485 2604 1533 vtt,
2637 1471 2730 1542 25)
2756 1513 2771 1539 ,
2820 1488 2912 1528 sa-

1855 1557 1985 1595 xum
2020 1544 2197 1597 corvi.

3899 427 4008 494 856

3067 549 3439 616 Zabulonites,
3477 546 3850 605 habitaculum
3900 547 4038 618 ejus.

3347 621 3434 675 DE
3471 619 3684 675 RUTH.

3060 692 3220 755 Booz,
3257 693 3312 745 in
3344 691 3661 746 fortitudine
3687 689 3729 742 ⁸.

3063 761 3380 822 Elimeleeli,
3414 762 3559 816 Deus
3580 775 3734 814 meus
3761 775 3881 813 res.

3058 832 3211 889 Jesse
3238 834 3412 901 (των).
3447 832 3637 886 insula:
3667 829 3926 884 libamen.

3056 902 3362 968 Maalon,de
3391 904 3656 965 fenestra,
3677 902 3794 956 sive
3819 917 3849 954 a
3883 901 4041 972 prin-

2987 974 3034 1028 ci
3043 975 3154 1044 pio,
3185 977 3268 1030 vel
3293 972 3700 1030 consummatio

3062 1045 3276 1115 Noemi,
3317 1045 3544 1115 pulchra
3572 1045 3614 1098 ‘.

3055 1114 3263 1186 Orpha,
3295 1114 3476 1171 cervix
3507 1115 3645 1186 ejus.

3050 1183 3220 1252 Ruth,
3239 1187 3452 1248 videns,
3475 1183 3560 1240 vel
3590 1183 3882 1253 festinans,
3922 1187 4036 1244 sive

2981 1257 3264 1313 deﬁciens.

3144 1328 3233 1384 DE
3259 1327 3646 1385 REGNORUI
3683 1329 3813 1384 LIB.
3848 1327 3891 1384 l.

3053 1471 3234 1537 Anna,
3267 1472 3437 1542 gratia
3462 1473 3606 1541 ejus.

3054 1541 3451 1610 Apliec,’furor
3498 1559 3697 1609 novus,
3724 1556 3821 1598 aut
3849 1541 4035 1596 couti-

1929 1614 2205 1671 Salmane.
2233 1612 2419 1665 ttnthra
2443 1611 2798 1678 prohibendi,
2824 1615 2909 1668 vel
2984 1623 3196 1667 nenter.

1858 1687 2052 1739 umbra
2091 1683 2493 1738 commotionis.

1921 1753 2118 1819 Samir,
2157 1766 2368 1820 vepres,
2412 1751 2494 1804 vel
2527 1752 2811 1808 incultum.

1923 1823 2090 1888 Seon,
2143 1823 2372 1896 tentatio
2423 1821 2626 1886 calens,
2661 1824 2744 1876 vel
2787 1839 2911 1896 ger-

1855 1909 1974 1948 men
2008 1894 2154 1965 qnod
2183 1907 2294 1965 non
2329 1903 2431 1946 est.

1925 1961 2248 2027 Semanoth,
2285 1977 2486 2016 nomen
2515 1961 2742 2018 humile.

1925 2035 2286 2100 Samson,sol
2350 2048 2568 2098 eorum,
2629 2035 2711 2088 vel
2774 2050 2904 2091 sons

1855 2107 2139 2160 fortitudo.

1928 2176 2116 2237 Sorec,
2142 2175 2338 2245 electa.
2370 2177 2575 2245 optima
2607 2179 2649 2231 '.

1927 2247 2111 2300 Salma
2148 2244 2471 2314 (Salmanu).
2520 2250 2786 2315 sentiens,
2822 2252 2904 2306 vel

1854 2315 2118 2387 perfecta,
2159 2317 2272 2371 sive
2307 2317 2554 2438 parciflca.

1925 2457 2138 2512 Tabath
2181 2455 2455 2526 (Tebbatltl
2479 2499 2494 2520 ,
2524 2460 2684 2516 bona.

1854 2528 2092 2597 Excepto
2159 2531 2254 2582 hoc
2277 2532 2484 2601 nomine
2518 2571 2532 2594 ,
2566 2543 2760 2586 cetera
2787 2549 2906 2601 qua?

1924 2613 2218 2670 sequuntur
2304 2599 2459 2664 hujus
2538 2603 2748 2668 titterw,
2799 2599 2905 2669 iper

1924 2671 2316 2740 aspirationem
2340 2670 2558 2738 legenda
2584 2684 2728 2728 sunt.

1925 2741 2195 2803 Tbalmai,
2239 2742 2551 2808 suspensio.
2576 2745 2658 2797 vel
2688 2745 2898 2799 sulcus.

1925 2811 2362 2885 Tltamnathat'es
2401 2810 2866 2885 ('lltamnatltsare)
2889 2854 2903 2878 .

1856 2883 2199 2938 enmneratio
2229 2882 2380 2935 solis.

1928 2954 2206 3023 Tlianacli,
2235 2950 2535 3018 humilitas,
2575 2953 2656 3010 vel
2672 2970 2867 3023 respon
2889 2985 2902 2997 -

1854 3025 2005 3078 dehit
2038 3022 2158 3078 tibi.

1854 3164 1883 3219 Γ
1923 3093 2139 3176 Ἰξιιθυεε
2190 3092 2355 3179 (van)
2383 3095 2672 3151 conversio
2699 3095 2740 3162 ³,
2787 3095 2902 3151 sive

1873 3181 1968 3219 teri
2009 3181 2132 3219 ova.

1873 3181 1968 3219 tet‘l
2009 3181 2132 3219 0V3.

2340 3235 2380 3289 Ζ

1921 3307 2021 3374 51
2063 3306 2180 3369 ΖΗ),
2207 3305 2387 3374 lupus.

1920 3375 2108 3444 ztfilUl,
2151 3379 2546 3434 habitaculum.

3057 1682 3363 1736 Aminadab
3426 1683 3446 1754 (
3469 1682 3745 1754 Abiuudub
3770 1681 3828 1754 )_,
3885 1692 4041 1751 pater

2983 1768 3140 1808 meus
3202 1752 3544 1823 spontaneos
3598 1753 3659 1820 ‘,
3724 1752 3809 1806 vel
3868 1754 4037 1806 urba-

2978 1964 3004 2020 ἶ
3043 1894 3210 1979 μήθ.
3239 1904 3394 1964 pater
3412 1893 3697 1960 Dominus,
3739 1893 3824 1949 ve.l
3881 1901 4036 1964 pater

3004 1977 3098 2020 uit.

3004 1969 3098 2020 uit.

3051 2036 3228 2098 Abiel.
3265 2046 3419 2106 pater
3443 2050 3600 2091 meus
3626 2036 3792 2090 Deus.

3045 2105 3324 2171 Ammoni,
3349 2108 3739 2176 comp.itnens,
3761 2105 3849 2159 vel
3873 2120 4029 2160 coan-

2978 2187 3207 2249 gustatis
3256 2194 3364 2232 me.

3047 2249 3210 2313 Amr,
3239 2251 3434 2313 sagitta
3465 2246 3712 2302 luminis.

3047 2318 3238 2384 Altias,
3289 2316 3461 2374 frater
3489 2317 3653 2383 alius,
3717 2317 3806 2373 vel
3866 2316 4034 2371 frater

2980 2392 3118 2444 eius.

3009 2409 3277 2526 μἰξίιίιοὶ),
3306 2458 3472 2514 frater
3508 2472 3662 2512 meus
3695 2454 3901 2511 bonus.

3060 2531 3355 2596 Altinaam,
3389 2528 3569 2583 fratris
3595 2528 3782 2582 decor.

3048 2605 3324 2663 Abenner,
3387 2610 3538 2669 pater
3597 2598 4025 2658 tuenslueerna,

2983 2673 3059 2726 vel
3089 2681 3246 2741 pater
3273 2670 3532 2741 lucerna.

3052 2740 3220 2812 Agag.
3251 2740 3511 2812 adipa,i_d
3533 2749 3619 2794 est
3648 2747 3881 2812 tectum.

3051 2809 3387 2866 Arm'athaitn
3427 2810 3850 2882 (Romatltoim),
3904 2809 4027 2863 allio

2976 2885 3107 2938 tudo
3127 2898 3339 2936 eorum.

3049 2955 3219 3007 Azeca
3253 2993 3269 3020 ,
3337 2952 3638 3019 fortitudo,
3704 2952 3826 3005 sive
3887 2950 4026 3005 deti»

2976 3041 3122 3094 puta.

3053 3095 3252 3149 Adreel
3295 3076 3548 3162 (Βκνιήπ)
3579 3105 3769 3162 greges
3793 3091 3918 3146 Dei.

3050 3167 3200 3231 Azel,
3242 3165 3456 3229 abiens,
3485 3178 3740 3234 pergens.

3045 3237 3252 3303 Achis,
3315 3233 3692 3289 verumtamen
3749 3233 3856 3298 vir,
3916 3237 4032 3291 sivt

2979 3309 3148 3361 frater
3187 3321 3360 3365 mens,
3392 3316 3484 3359 attt
3517 3303 3686 3358 frater
3709 3306 3816 3359 vir.

3046 3378 3152 3447 52
3168 3376 3509 3441 Animclecb,
3529 3375 3692 3429 frater
3709 3391 3870 3430 meus
3914 3389 4030 3430 res.

798 3561 818 3594 ⁸
856 3561 1023 3628 Obea',
1057 3564 1309 3617 serviens.
1357 3562 1578 3628 Mirare,
1608 3564 1799 3630 lector,
1845 3564 2118 3620 editorum
2149 3576 2298 3629 vete—

723 3649 868 3706 rum»
900 3634 1329 3706 incogitantiam,
1381 3635 1512 3689 dicit
1546 3635 1907 3706 Hieronymus
1952 3637 2052 3688 tria
2088 3647 2296 3692 tantunt

723 3704 1057 3778 nominabit:
1089 3719 1156 3758 es
1186 3707 1228 3757 υ
1263 3704 1440 3778 littera
1495 3704 1824 3778 subiecisse:
1860 3707 2002 3778 ipsis
2017 3722 2154 3778 vero
2183 3707 2298 3778 pla.

725 3773 840 3825 ruit
866 3774 1109 3840 quinque
1137 3776 1446 3842 reposuisse
1476 3785 1662 3830 contra
1707 3775 1868 3830 fidem
1908 3777 2155 3831 codicum
2186 3773 2300 3831 've-

730 3843 1186 3912 lustissimorum,
1223 3844 1314 3912 qui
1347 3845 1445 3898 tria
1488 3853 1698 3899 tanlttm
1741 3849 2006 3901 vocabula
2033 3847 2296 3901 retinent.

726 3911 783 3965 ιη
823 3912 986 3965 editis
1011 3928 1138 3978 ergo
1162 3913 1317 3968 libris
1359 3915 1475 3969 lia-c
1510 3918 1692 3983 spuria
1723 3917 1944 3973 nomina
1998 3928 2300 3972 occurrunt

731 3985 875 4052 inter
901 3985 1174 4048 genuina:
1206 3983 1469 4048 Othoniel,
1527 3986 1800 4052 responsio
1833 3985 1949 4049 Dei,
1981 3987 2066 4039 vel
2104 3987 2301 4040 revela-

729 4051 969 4125 t_io_Dei._
991 4053 1056 4125 Et
1089 4063 1211 4121 post
1239 4055 1601 4125 vocem_0bab
1627 4071 1642 4120 ;
1680 4055 1948 4122 Othouiel,
1971 4070 2170 4125 tempus
2202 4058 2302 4111 mei

728 4122 850 4187 Dei,
891 4122 974 4192 vel
1004 4124 1210 4192 signum
1249 4125 1360 4179 Dei.
1394 4122 1656 4178 Mttn'rtsn.

800 4219 867 4232 -
897 4191 1095 4246 Tribus
1149 4194 1301 4248 hisce
1331 4195 1646 4250 nominibus
1681 4196 1790 4251 duo
1824 4198 1940 4252 haec
1976 4198 2081 4250 alia
2127 4196 2298 4251 inter-

728 4272 920 4316 serunt
948 4273 1164 4332 veteres
1207 4265 1338 4319 editi
1381 4265 1524 4330 libri,
1571 4265 1815 4321 Othoniel
1849 4269 2117 4332 responsio
2181 4267 2298 4324 Dei.

728 4331 1075 4385 uelreoelatio
1118 4335 1251 4386 Dei:
1284 4345 1339 4388 et
1381 4336 1582 4398 denuo,
1616 4335 1884 4401 Othonicl,
1934 4331 2137 4402 tempus
2199 4339 2301 4390 mei

731 4403 848 4477 Dei,
892 4403 970 4454 vel
1000 4404 1213 4477 signum
1247 4405 1363 4465 Dei,
1399 4414 1588 4460 contra
1621 4421 1754 4460 mss.
1787 4409 1968 4470 tidem,
2013 4410 2300 4477 ipsumque

731 4471 1062 4548 llierOnytni
1094 4475 1494 4548 testimonium,
1544 4478 1670 4548 quia
1725 4489 1934 4532 tantum
1990 4471 2084 4548 per
2117 4476 2161 4531 Ο
2205 4471 2302 4530 ex-

729 4541 943 4595 tensam
971 4541 1195 4611 legenda
1229 4559 1288 4599 se
1317 4544 1454 4598 dixit
1487 4541 1779 4616 subjicere.

797 4620 1000 4676 'Sorec
1032 4665 1045 4687 ,
1097 4626 1281 4685 electa,
1349 4627 1568 4694 optima.
1613 4627 1838 4681 Veteres
1898 4626 2100 4694 aliquot
2167 4642 2298 4680 mss.

734 4691 930 4767 lilectio
961 4694 1300 4767 optimo_:‘et
1351 4691 1492 4767 infra
1539 4697 1604 4749 ad
1657 4712 1858 4752 nomen
1922 4691 2081 4763 nam,
2115 4696 2301 4767 legunt

729 4763 981 4829 deﬁniens
1009 4779 1106 4832 pro
1137 4762 1408 4828 deﬁciens.
1445 4765 1710 4819 Mttnrtttn.

795 4861 864 4872 η-
890 4833 1108 4902 Aliquot
1136 4849 1264 4886 mss.
1301 4849 1467 4902 penes
1515 4835 1798 4902 Martian.,
1831 4837 2011 4891 electio
2044 4840 2298 4905 'oytinta.

799 4925 820 4956 ³
856 4923 969 4978 Huc
1016 4925 1160 4978 refer
1189 4925 1456 4994 insignem
1504 4927 1686 4980 locum
1722 4926 1793 4982 M.
1826 4926 2088 4984 Varronis
2126 4929 2220 4984 lib.
2260 4945 2296 4984 ιι

729 4994 792 5047 de
823 5010 877 5046 re
904 4995 1142 5057 Rustica,
1179 5010 1300 5069 cap.
1330 4998 1387 5069 lg:
1428 5013 1445 5046 ι
1472 4995 1612 5069 Nec
1641 4999 1843 5064 minus,
1889 4999 2087 5066 inquit,
2111 5001 2294 5069 oppidi

729 5079 944 5132 quoque
1007 5079 1204 5137 nomen
1235 5064 1421 5137 Theba
1445 5107 1460 5126 ,
1507 5067 1748 5121 indicant
1781 5064 2294 5137 antiquiorem'esse

731 5149 940 5202 agrmn,
964 5137 1106 5201 quod
1140 5136 1207 5186 ab
1235 5136 1344 5205 agri
1372 5151 1570 5205 genere
1604 5153 1712 5190 non
1745 5153 1771 5190 a
1795 5136 2078 5192 conditore
2098 5157 2293 5194 nomen

732 5210 899 5276 ei_t-st
927 5205 1261 5276 impositum.
1289 5203 1419 5276 Nam
1464 5208 1645 5275 lingua
1676 5209 1877 5276 prisca,
1917 5221 1969 5262 et
2003 5209 2056 5262 itt
2089 5210 2294 5264 Gt'tecia

729 5271 934 5326 Aioteis
963 5273 1153 5328 Bueotii
1209 5276 1324 5329 sine
1366 5271 1775 5331 afflatn'voc'ant
1819 5280 1972 5331 collis
2013 5279 2212 5344 Tebas,
2243 5293 2296 5335 et

731 5344 783 5395 in
825 5344 1083 5419 Sabinis.
1108 5347 1197 5412 qui
1239 5361 1268 5398 e
1295 5344 1502 5419 Graecia
1540 5357 1828 5406 venerunt.
1886 5350 2093 5419 Pelasgi
2130 5353 2293 5404 etiam

732 5428 879 5490 nunc
915 5414 1240 5490 ita_dicunt_.
1296 5415 1461 5484 Cujus
1489 5421 1776 5490 vestigium
1831 5419 1882 5472 in
1934 5414 2072 5490 agro
2093 5420 2296 5474 Sabino

733 5482 1055 5560 via_Salaiia
1087 5500 1198 5560 non
1229 5482 1388 5560 longe
1417 5502 1444 5538 a
1489 5482 2167 5560 Reatetnilliariusvclivus
2201 5507 2295 5560 ap-

728 5554 960 5617 pellatur
1006 5553 1182 5606 'l‘ebtr.
1217 5574 1233 5605 ι
1292 5559 1582 5611 Concinnit
1638 5559 1784 5611 Plato
1841 5562 1896 5613 in
1936 5561 2178 5621 I’Ita'dro,
2209 5553 2295 5614 ubi

727 5621 1002 5690 Egvptias
1045 5625 1261 5679 Thebas
1296 5628 1360 5677 ab
1391 5630 1581 5681 altiore
1635 5629 1754 5682 loco
1805 5645 1965 5695 quem
2023 5641 2295 5694 tenerent,

732 5696 806 5745 ita
850 5697 1020 5746 dictas
1079 5712 1105 5746 a
1163 5697 1366 5748 Graecis
1419 5701 1609 5749 ttadit:
1663 5699 1936 5760 Βασιλέως
1988 5702 2032 5752 δ’
2068 5698 2132 5753 αὖ
2179 5703 2298 5754 τότε

729 5762 880 5839 εἶπας
900 5763 1183 5839 -Αςγύπτᾳυ
1213 5766 1338 5839 ὅλης
1369 5765 1738 5839 Θαμθρηπερὶ
1771 5770 1871 5836 τὴν
1920 5771 2165 5839 μεγάλην
2197 5774 2297 5823 πό-

730 5831 924 5909 λιιίτρ
951 5835 1062 5909 ἄνφ
1093 5831 1372 5909 tunam—6v
1407 5831 1464 5887 oti
1485 5831 1744 5909 Ἕλληνές
1780 5831 2087 5904 Αἷγιίπτῖας
2115 5831 2297 5909 Θήϐας

732 5900 977 5972 καλεῦσι,
1009 5903 1142 5974 Rege
1167 5900 1871 5979 exsistenletotius/Egypli
1903 5900 2120 5978 T/tamo,
2152 5900 2290 5966 circo

2447 3585 2696 3638 magnam
2763 3571 2942 3623 urbem
2992 3579 3194 3623 tractus
3251 3566 3818 3638 eminentioris,queut
3852 3565 4032 3621 Cra-ri

2450 3637 2650 3712 Thebas
2681 3639 3022 3712 {Egyptiacas
3061 3639 3353 3708 appellant.
3394 3637 3737 3712 Sullragatur
3788 3637 4031 3712 denique

2448 3711 2623 3779 ipsum
2678 3708 3007 3766 Hebraicum
3049 3718 3440 3793 etymon'pn.
3485 3708 3727 3773 Thebets,
3765 3708 3917 3776 quod
3944 3708 4026 3762 bis

2445 3795 2622 3851 Jndic.
2662 3814 2740 3860 ιι.
2779 3798 2870 3858 50.
2901 3799 3158 3860 habetur,
3208 3809 3262 3852 et
3307 3798 3461 3866 juxta
3497 3795 3761 3866 analogia
3811 3795 4027 3866 regulas

2447 3868 2762 3932 splendebit.
2821 3870 2938 3923 sive
2984 3869 3249 3936 .emicabit
3305 3865 3717 3934 interpretatur,
3769 3879 3800 3918 e
3835 3865 4025 3936 futuro

2444 3936 2562 3992 Cal.
2624 3937 2860 3993 obsoleti
2903 3935 3163 3993 thematis
3193 3945 3297 4020 γτιν
3330 3976 3350 4004 ,
3381 3936 3526 4005 quod
3562 3947 3742 3989 tamen
3781 3936 3837 3987 in
3893 3935 4031 3989 Ara-

2447 4027 2570 4080 bico
2600 4026 2832 4080 obtinet.
2867 4024 2994 4080 Haec
3020 4027 3151 4080 urbs
3175 4037 3291 4080 erat
3327 4040 3434 4077 non
3487 4025 3646 4092 longe
3696 4039 3726 4074 a
3766 4023 4021 4085 Sichem,

2448 4096 2516 4150 ab
2547 4097 2922 4160 eminentiori,
2952 4107 3009 4150 ut
3031 4098 3264 4154 videtur.
3303 4095 3424 4148 loco
3459 4096 3539 4148 sic
3572 4093 3869 4159 appellata.
3911 4095 4031 4147 Non

2450 4175 2628 4219 tamen
2649 4166 2873 4230 definio,
2901 4169 3069 4221 ullam
3099 4180 3221 4220 esse
3242 4165 3554 4219 Thebarum
3576 4162 4029 4234 Egyptiacarum

2449 4237 2788 4289 mentionem
2843 4237 2896 4290 in
2924 4236 3248 4306 Scripturis,
3283 4237 3428 4306 quin
3461 4234 3659 4306 potius
3707 4235 3778 4287 ab
3810 4249 4031 4306 cornuti,

2449 4305 2578 4374 quid
2607 4306 2659 4359 id
2695 4314 2920 4376 negant,
2952 4303 3198 4376 partibus
3245 4303 3511 4376 steterim.
3547 4303 3699 4376 Addo
3728 4303 3894 4376 malle
3933 4304 4034 4376 Bo-

2452 4372 2704 4428 chartum
2733 4372 2792 4428 δι’
2819 4376 2932 4429 luto
2953 4372 3166 4430 'nomen
3223 4377 3364 4429 istud
3396 4373 3655 4434 derivari,
3713 4382 3773 4426 ut
3834 4372 4032 4427 Latine

2451 4445 2685 4506 Lutetia,
2719 4445 2904 4500 Graece
2927 4446 3195 4500 Pelusium
3227 4451 3632 4511 nuncupantur.

2522 4515 2543 4545 ⁸
2575 4514 2734 4582 Boos,
2766 4519 2816 4568 iu
2852 4516 3180 4585 fortitudine.
3217 4516 3273 4568 In
3331 4515 3538 4581 optimo
3582 4513 3883 4582 exemplari
3920 4530 4032 4567 ma-

2452 4586 2736 4652 nuscripto
2765 4587 3098 4640 Colbertina
3143 4586 3485 4640 bibliothecae
3521 4585 3657 4652 tris_
3676 4588 4030 4638 solummodo

2454 4649 2719 4724 vocabula
2769 4658 2970 4724 scripta
3034 4657 3288 4724 leguntur
3339 4656 3406 4708 de
3442 4654 3578 4724 libro
3627 4649 3799 4717 Rulli,
3831 4669 4030 4721 nempe

2455 4723 2693 4788 Manlon,
2732 4723 2935 4793 Orpltu,
2971 4734 3024 4778 et
3061 4724 3220 4777 Ruth.
3265 4723 3406 4778 Nihil
3456 4723 3648 4790 legitur
3699 4725 3946 4792 amplius
3976 4725 4028 4776 in

2454 4809 2562 4847 uno
2615 4797 2805 4850 codice
2863 4795 3176 4849 monasterii
3241 4795 3414 4849 sancti
3473 4793 3799 4864 Cygiranni:
3859 4804 3920 4846 at
3979 4798 4028 4847 i

2453 4865 2575 4918 aliis
2607 4870 2746 4919 bene
2779 4868 2961 4919 multis
3013 4867 3294 4919 codicibus
3345 4880 3479 4918 mss.
3524 4873 3736 4929 septem
3796 4865 4023 4917 nomina

2455 4935 2779 5001 reperimus,
2818 4946 2876 4989 ut
2931 4937 2984 4989 in
3017 4945 3178 4988 antea
3235 4935 3399 4988 editis
3451 4933 3639 4998 libris,
3669 4948 3813 5002 quos
3853 4939 4026 4988 secuti

2452 5018 2642 5058 sumus
2686 5007 2786 5058 hoc
2819 5007 2957 5060 loco.
2988 5006 3254 5060 Μιιιιτιιιι.

2519 5104 2589 5116 ——
2621 5074 2696 5128 Es
2731 5076 2834 5130 hoc
2865 5077 3003 5130 libro
3037 5078 3252 5130 nonnisi
3279 5077 3380 5129 tria
3405 5075 3593 5128 isthac
3619 5073 3848 5128 nomina
3876 5077 4027 5131 Haa-

2450 5143 2558 5207 lon,
2592 5145 2771 5212 Orplta
2796 5185 2812 5210 ,
2854 5155 2902 5199 et
2961 5145 3095 5200 Ruth
3135 5147 3394 5201 exhibent
3435 5145 3544 5199 duo
3565 5145 3707 5213 apud
3766 5145 4024 5202 Martian.

2449 5230 2498 5267 Ill
2506 5231 2578 5269 SS.

2521 5287 2540 5316 ⁸
2572 5286 2744 5340 Aliter
2797 5288 2910 5356 ipse
2961 5285 3186 5356 Hieroni.
3243 5289 3640 5355 interpretatur
3689 5285 3857 5352 epist.
3913 5289 3977 5343 ει
4007 5328 4020 5350 ,

2450 5355 2514 5408 ad
2553 5357 2794 5421 Furiani,
2821 5355 2978 5410 num.
3011 5358 3099 5411 Π.
3133 5355 3256 5411 Vid.
3283 5373 3405 5425 qua:
3437 5356 3509 5410 ibi
3539 5356 3922 5411 observamus.

2522 5425 2542 5456 ⁸
2573 5427 2892 5493 Aminadab,
2923 5437 3072 5493 pater
3099 5444 3241 5481 meus
3280 5439 3619 5495 spontaneus.
3655 5435 3764 5478 etc.
3797 5425 4025 5497 Septua-

2446 5495 2594 5562 ginta
2645 5497 2831 5566 lcgunt
2873 5498 3197 5561 Aminadab,
3243 5499 3335 5553 sed
3368 5505 3664 5565 corrupte,
3716 5506 3776 5547 ιιι
3824 5495 4022 5563 optime

2449 5567 2616 5633 liquet
2648 5583 2713 5621 ex
2750 5570 2863 5638 ipsa
2879 5570 3251 5639 etymologia:
3304 5570 3428 5638 quia
3465 5581 3663 5620 nomen
3720 5570 4020 5620 Aminadcb

2447 5652 2554 5688 non
2587 5641 2821 5690 vertitur
2876 5638 3088 5699 Latine,
3139 5638 3292 5707 pater
3344 5654 3488 5690 meus
3540 5640 4019 5706 sporttaueus;sed

2445 5707 2667 5774 populus
2699 5725 2842 5762 meus
2876 5719 3207 5776 spotttaneus.
3240 5708 3501 5762 MARTIAN.

2517 5807 2585 5816 -—
2619 5778 2933 5846 Legendum
2978 5780 3249 5831 Abittabad
3289 5797 3356 5833 es
3415 5780 3532 5848 ipsa
3585 5780 3758 5848 liquet
3811 5781 4020 5848 exposi-

2443 5847 2595 5969 hionc
2642 5850 2928 5916 nominis,
2992 5859 3048 5905 ct
3111 5849 3408 5919 Scriptum
3471 5847 4021 5904 leslu’SJmuelJli

2494 5933 2576 5969 en.
2615 5933 2670 5969 ιι.

2494 5933 2576 5985 eg.
2615 5933 2670 5972 ιι.
