4198 6470
185 408 299 481 965

992 411 1222 472 LIBER
1263 411 1358 471 DE
1397 403 1697 473 SITUiET
1728 407 1907 469 NOM.
1955 408 2111 467 LOC.
2156 404 2517 466 IIEBRAIC.

3337 394 3444 460 (δοΰ

188 531 385 586 librum
419 543 588 583 ausus
623 528 694 584 sit
741 528 795 582 in
845 526 1091 584 Latinam
1134 528 1370 597 linguam
1428 543 1535 581 non
1574 527 1761 581 Latine
1789 533 1841 592 Α
1868 525 1937 582 Ut
1963 528 2107 581 enim
2131 525 2265 579 mihi
2297 523 2511 579 excelsa
2534 536 2637 574 non
2664 518 2881 573 vindico
2917 518 2953 579 ¹,
2984 516 3053 571 ita
3087 524 3244 571 terrae
3271 516 3445 569 colue-

188 632 433 675 vertere:
458 620 615 688 cujus
640 619 990 688 imperitiam,
1014 634 1083 673 ex
1110 618 1519 686 comparatione
1543 632 1757 680 eorum,

187 728 305 779 qua:
341 714 746 776 transtulimus,
777 712 1014 783 prudens
1074 710 1256 764 statim
1297 711 1469 764 lector
1508 709 1766 763 inveniet.

259 853 273 883 ¹
308 851 370 906 Ut
400 854 540 904 enim
572 851 696 904 mihi
721 849 925 905 excelsa
950 865 1051 903 non
1077 850 1299 905 vindica.
1328 846 1585 901 Nonnulli
1612 863 1742 901 mss.

185 922 398 977 codices
432 938 557 973 eum
595 933 754 975 antea
791 921 952 975 editis
997 923 1073 975 sic
1105 921 1330 988 legunt:
1370 917 1434 973 Ut
1472 920 1609 972 enim
1655 934 1748 972 ec-

186 995 317 1046 relsa
346 992 479 1045 mihi
500 1009 603 1045 non
634 993 836 1045 rt'ndico
861 1006 878 1059 ;
905 993 981 1045 ita
1015 1002 1173 1046 terra:
1198 990 1510 1045 iit/uersutia
1538 1004 1618 1042 me
1659 1006 1750 1043 su-

192 1181 389 1193 ———.

1873 621 2043 675 rentia
2070 616 2387 688 supergredi
2428 618 2447 646 '
2486 628 2645 683 posse
2679 629 2762 666 me
2788 612 2968 667 credo.

1854 848 2097 917 pergredi
2132 862 2281 914 posse
2312 844 2505 909 credo;
2539 843 2591 896 in
2631 841 3277 917 exemplaribnsqnoque
3313 851 3441 891 mss.

1857 911 2201 986 frequentius
2229 926 2313 970 est
2339 918 2572 978 veridico,
2603 928 2766 982 quam
2801 912 3020 986 vindico.
3049 911 3315 964 Maurus.

1928 982 2066 1043 "Al.
2112 986 2438 1042 Inhtrrentia
2481 1004 2560 1040 me
2592 982 2922 1054 supergredi,
2972 989 3079 1034 etc.

391 1160 3425 1191 ____________________________________________.__.

1341 1297 1813 1394 INCIPIT
1885 1298 2285 1388 LIBER.

771 1658 862 1713 DE
901 1656 1174 1714 GENESI.

256 1754 419 1825 126
454 1757 669 1815 Ararat,
701 1752 961 1805 Armenia
997 1752 1037 1805 ί.
1075 1750 1133 1804 Si
1181 1748 1400 1818 quidem
1452 1746 1505 1800 iu
1554 1746 1760 1799 monti-

182 1846 287 1899 bus
311 1847 513 1898 Ararat
542 1859 666 1898 arca
691 1852 815 1912 post
850 1842 1113 1895 diluvium
1139 1839 1351 1894 sedisse
1389 1839 1711 1909 perhibetur
1743 1853 1757 1891 :

180 1948 234 1991 et
264 1938 529 1992 dicuntur
580 1937 780 1990 ibidem
822 1949 996 2004 usque
1052 1932 1214 1987 hodie
1263 1931 1385 2002 ejus
1437 1943 1761 1999 permanere

182 2029 411 2098 vestigia
437 2033 480 2061 ε’
520 2028 768 2082 Meminit
802 2027 992 2081 horum
1027 2026 1298 2080 montium
1330 2035 1385 2078 et
1409 2022 1677 2077 Jeremias
1706 2020 1761 2073 in

183 2122 397 2175 visione
448 2130 642 2175 contra
689 2119 1046 2189 Babylonem.
1106 2116 1378 2187 Josephos
1427 2129 1647 2184 quoque
1706 2114 1760 2167 in

186 2217 361 2282 primo
397 2214 561 2282 Antiq
580 2217 811 2267 uitatum
839 2212 1192 2266 Iudaicarum
1230 2210 1393 2273 libro,
1423 2208 1763 2263 szecularium

184 2312 493 2363 litterarum
527 2305 823 2361 Historicos
856 2305 1139 2374 proferens
1179 2320 1193 2357 :
1229 2321 1246 2353 ι
1284 2301 1765 2360 Animadvertens.

187 2403 389 2468 inquit,
422 2397 536 2451 Noe
570 2407 767 2452 terram
796 2397 1000 2451 diluvio
1037 2396 1348 2455 liberatam,
1381 2403 1592 2461 septem
1625 2391 1764 2445 alios

183 2497 299 2547 dies
355 2495 515 2545 abire
571 2492 819 2558 permisit
852 2506 866 2544 :
905 2500 961 2543 et
1003 2488 1261 2542 universa
1317 2485 1583 2539 animalia
1637 2485 1765 2539 bes-

191 2589 405 2655 viasque
430 2583 742 2652 patentibus
766 2580 1022 2636 claustris
1052 2579 1334 2639 emittens,
1355 2579 1474 2646 ipse
1508 2590 1631 2629 cum
1667 2589 1765 2628 sua

191 2680 341 2745 prole
399 2690 656 2744 egres~us
698 2683 779 2727 est
814 2689 828 2725 :
866 2670 1153 2725 immolans
1201 2670 1315 2723 Deo
1354 2666 1582 2726 hostias.
1637 2680 1772 2735 gau-

187 2774 431 2838 densque
446 2783 574 2822 cum
594 2766 782 2820 liberis
802 2764 841 2816 ⁸.
857 2782 875 2815 ι
906 2763 1063 2817 Hunc
1086 2764 1262 2817 locum
1286 2758 1770 2822 Armeniiexitum,

190 2862 268 2912 vel
304 2871 599 2925 egressum
641 2863 860 2908 vocant.
903 2851 1188 2921 Siquidem
1238 2849 1313 2903 ibi
1365 2847 1606 2903 cultores
1648 2845 1773 2899 illa-

191 2967 307 3003 rum
348 2948 661 3018 regionum,
698 2961 882 2999 arcam
944 2944 1178 3013 primum
1217 2941 1426 2996 sedisse
1478 2947 1770 3001 testantur,

191 3055 241 3096 cl
269 3043 548 3111 lignorum
577 3039 826 3107 quaedam
880 3051 1169 3105 superesse
1220 3042 1592 3088 monumenta.
1622 3032 1776 3083 Area:

190 3135 355 3201 hujus
421 3141 478 3186 et
530 3131 745 3192 dilusii,
822 3143 1012 3183 omnes
1068 3128 1159 3197 qni
1216 3126 1475 3179 barbaras
1503 3125 1778 3191 scripsere

1872 1664 2010 1718 quos
2047 1648 2256 1717 Moyses
2287 1645 2475 1716 legifer
2501 1642 2816 1700 Judaaorum
2853 1644 2907 1699 in
2938 1644 3051 1700 suis
3079 1644 3451 1698 voluminibus

1869 1741 2091 1795 edidit.»

1943 1831 2126 1884 Achad
2180 1830 2200 1861 δ
2234 1870 2250 1893 ,
2323 1827 2455 1881 urbs
2513 1828 2665 1895 regni
2739 1826 2975 1881 Nemrod
3041 1830 3096 1883 in
3154 1829 3450 1898 Babylone.

1872 1922 2064 1991 (Porro
2098 1921 2310 1976 llebrrei
2341 1920 2484 1972 hanc
2521 1934 2641 1973 esse
2678 1919 2871 1972 dicunt
2912 1918 3320 1988 Mesopotamiae
3369 1921 3452 1974 ci-

1869 2016 2128 2077 vitatem,
2167 2028 2291 2081 qua:
2313 2012 2474 2066 hodie
2505 2021 2732 2066 vocatur
2759 2011 2933 2068 Nisibi
2970 2028 2997 2065 a
3032 2011 3256 2066 Lucullo
3275 2029 3451 2083 quon-

1868 2107 1991 2160 dam
2054 2106 2302 2159 Romano
2363 2104 2588 2159 consule
2649 2104 2977 2165 obsessam,
3033 2117 3354 2176 captari-que
3397 2119 3451 2159 et

1869 2210 1997 2252 ante
2046 2214 2247 2269 paucos
2282 2214 2454 2254 annos
2494 2213 2522 2251 a
2575 2198 2808 2252 Joviano
2845 2198 3172 2268 imperatore
3219 2202 3241 2234 '
3269 2200 3451 2256 Persis

1873 2291 2170 2362 traditam.)

1944 2386 2132 2456 Aggai,
2168 2388 2234 2439 ad
2268 2387 2666 2441 occidentalem
2722 2386 2934 2455 plagam
2974 2385 3147 2455 vergit
3181 2385 3442 2451 Bethelis,

1875 2492 1979 2534 non
2013 2480 2242 2532 multum
2277 2479 2345 2533 ab
2379 2494 2439 2532 ea
2473 2478 2705 2532 distans.
2740 2478 2855 2533 Sita
2908 2488 2994 2533 est
3024 2489 3203 2531 autem
3234 2477 3444 2540 Bethel,

1874 2571 2128 2625 euntibus
2191 2571 2390 2625 Ailiam
2448 2572 2515 2627 de
2576 2571 2797 2640 Neapoli
2858 2572 2909 2624 in
2966 2572 3099 2625 lzeva
3136 2582 3286 2641 parte
3343 2576 3449 2625 vi'e

1874 2664 2198 2719 duodecimo
2251 2665 2469 2719 circiter
2516 2667 2771 2720 milliaiio
2820 2667 2887 2719 ab
2932 2666 3073 2720 {lilia
3116 2684 3130 2721 :
3185 2676 3239 2720 et
3273 2684 3447 2738 usque

1877 2757 2036 2811 hodie
2066 2773 2261 2824 parvus
2296 2758 2421 2811 licet
2456 2757 2612 2811 vicus
2639 2759 2960 2813 ostenditur.
2999 2758 3127 2827 (Sed
3185 2772 3239 2813 et
3270 2762 3446 2815 eet-Ie-

1877 2849 1954 2901 sia
1986 2849 2250 2901 a‘dil‘tcata
2283 2858 2365 2900 est
2416 2847 2507 2901 ubi
2545 2848 2800 2901 dormivit
2837 2848 3009 2901 Jarob
3062 2866 3294 2918 pergens
3332 2852 3445 2905 Μυ-

1877 2941 2257 3007 sopotamiam.
2311 2939 2461 2994 Unde
2518 2948 2572 2994 et
2600 2941 2697 3009 ipsi
2738 2943 2858 2994 loco
2885 2942 3052 2995 bethel
3096 2927 3339 3014 ibxntn),
3396 2946 3451 2997 id

1880 3041 1961 3085 est
1995 3033 2188 3085 domus
2230 3033 2343 3097 Dei,
2388 3048 2591 3088 nomen
2624 3033 2934 3105 imposuit.)
2976 3036 3140 3104 Aggai
3176 3053 3304 3092 vero
3359 3040 3442 3093 viv

1882 3138 2059 3193 parva;
2097 3122 2269 3176 ruinae
2304 3122 2584 3177 resident:
2614 3133 2667 3177 et
2696 3123 2850 3178 locus
2881 3126 3260 3177 tantummodo
3295 3142 3451 3179 lltml-

195 3226 482 3281 historias.
524 3225 884 3278 recordamur
920 3238 932 3275 :
972 3236 1202 3287 quorum
1242 3234 1384 3273 unus
1424 3228 1505 3270 est
1540 3217 1776 3292 Berosus
1809 3238 1852 3295 ο
1887 3227 2109 3271 stratur.
2151 3216 2216 3269 Et
2268 3217 2572 3281 sciendum,
2607 3217 2749 3287 quod
2803 3219 2855 3270 in
2889 3216 3115 3272 llebrn-o
3142 3218 3182 3274 G
3214 3219 3450 3273 litteram

192 3317 522 3377 Clmlda-us,
554 3312 645 3382 qui
680 3327 847 3381 super
878 3310 1082 3364 diluvio
1114 3309 1381 3373 referens,
1415 3307 1531 3359 haec
1564 3307 1779 3359 locutus

192 3420 280 3464 est
317 3427 331 3463 :
372 3409 581 3461 Dicitur
617 3407 780 3475 hujus
813 3405 963 3457 navis
992 3404 1044 3456 in
1075 3404 1326 3456 Armenia
1364 3413 1585 3470 propter
1622 3416 1780 3456 mon~

201 3516 311 3556 tem
338 3501 756 3555 Cardneuorum
792 3513 917 3564 pars
941 3498 1120 3565 aliqua
1152 3510 1499 3564 Permanere,
1530 3502 1583 3547 et
1614 3510 1777 3563 quos-

197 3596 324 3647 dam
383 3594 632 3646 bitumen
664 3607 729 3645 ex
784 3606 845 3644 ea
881 3589 1174 3642 avellentes
1220 3587 1579 3641 circumferre
1620 3602 1780 3656 :qno

202 3695 437 3738 utuntur
473 3683 557 3736 vel
596 3682 830 3734 maxime
884 3682 935 3733 hi
990 3682 1083 3747 qui
1135 3680 1437 3731 lustrantur
1492 3689 1544 3731 et
1593 3693 1653 3731 se
1686 3693 1781 3731 ex-

201 3782 373 3849 piant.
410 3777 512 3831 Sed
540 3784 593 3829 et
622 3774 988 3843 Hieronymus
1013 3770 1323 3840 Egyptius,
1356 3771 1444 3838 qui
1481 3770 1781 3837 antiquita-

204 3886 287 3923 tcs
364 3868 685 3921 l'liuztt'trum
768 3866 996 3933 pulchro
1046 3876 1302 3914 sermone
1378 3862 1775 3929 conseripsit;

200 3975 253 4015 l'l
291 3959 575 4017 )lnaseas.
618 3970 672 4009 et
713 3957 863 4007 inulti
899 3955 1010 4007 alii.
1043 3952 1291 4006 Nicolaus
1319 3967 1534 4020 quoque
1584 3953 1775 4007 [tama-

200 4067 407 4105 scenus
460 4054 513 4103 in
571 4048 725 4117 127
768 4048 1128 4114 nonagesimo
1179 4056 1331 4099 sexto
1373 4045 1513 4098 libro
1548 4046 1713 4098 refert
1758 4064 1773 4100 :

202 4146 301 4200 Est
324 4146 378 4197 in
403 4144 664 4197 Armenia
699 4156 862 4210 super
894 4139 1195 4209 Myniadmn
1218 4156 1376 4193 mims
1409 4142 1627 4193 nomine
1677 4140 1776 4195 lle-

201 4244 277 4291 τι,
319 4253 333 4291 ;
372 4237 439 4288 ad
479 4252 640 4301 qttcltt
679 4232 877 4287 multos
928 4230 982 4285 in
1018 4231 1225 4287 diluvio
1257 4230 1567 4298 confugisse
1614 4245 1772 4284 autu-

201 4342 374 4395 mant,
408 4334 591 4398 ibique
620 4342 737 4379 esse
763 4327 1019 4379 salvatus.
1049 4323 1196 4378 Alios
1224 4339 1349 4377 vero
1377 4324 1429 4376 in
1455 4339 1593 4377 arcae
1618 4326 1775 4377 alveo

204 4432 660 4495 super-natantes,
694 4417 759 4470 ad
794 4417 913 4485 ejus
937 4416 1197 4470 verticem
1227 4417 1560 4485 pervenisse,
1596 4428 1649 4469 et
1683 4433 1772 4469 us-

194 4534 307 4586 que
336 4518 404 4569 ad
445 4513 649 4567 multus
677 4518 868 4565 aetates
892 4509 1035 4578 ligna
1062 4521 1201 4560 arca:
1238 4509 1534 4561 monstrari
1566 4510 1727 4562 Solita
1758 4525 1769 4559 :

1885 3325 1995 3364 non
2039 3310 2224 3376 habet,
2269 3311 2365 3364 Sed
2396 3320 2623 3366 vocatur
2664 3312 2717 3365 ai
2751 3309 2919 3383 (wn),
2950 3313 3318 3382 scribiturque
3357 3330 3452 3381 per

1884 3407 2243 3469 elementum,
2278 3405 2418 3477 quod
2448 3404 2590 3474 apud
2616 3419 2711 3459 eos
2736 3405 2956 3468 dicitur,
3018 3406 3108 3458 ain
3150 3407 3300 3491 (py).

1956 3500 2212 3551 Astaroth
2248 3498 2527 3577 Carnaitn,
2570 3508 2715 3553 terra
2768 3498 3045 3569 gigantum
3087 3502 3359 3567 quondam
3398 3502 3452 3553 in

1884 3590 2177 3659 snpercilio
2213 3588 2598 3650 Sodomorum.
2657 3605 2797 3658 quos
2850 3589 3451 3645 interfecitChodorla-

1885 3694 2095 3748 gomor.
2128 3680 2263 3733 Sunt
2290 3680 2557 3749 hodieque
2588 3680 2698 3734 duo
2726 3680 2950 3734 castella
2985 3681 3037 3734 in
3072 3681 3317 3736 Bntanma
3353 3684 3452 3735 hoc.

1884 3771 2173 3831 vocabulo,
2208 3784 2400 3823 novem
2438 3769 2574 3822 inter
2614 3785 2673 3823 se
2710 3770 2951 3823 millibus
3000 3782 3253 3840 separata
3308 3773 3451 3826 inter

1882 3864 2117 3916 AJaram
2150 3872 2203 3915 et
2220 3862 2436 3915 Abllam
2465 3861 2734 3915 civitates.

1957 3953 2115 4022 130
2146 3953 2327 4006 Arboc
2355 3955 2639 4020 (corrupte
2691 3953 2744 4005 in
2800 3953 3003 4008 nostris
3036 3956 3318 4010 codicibus
3351 3961 3447 4010 Ar-

1883 4048 1983 4099 boc
2040 4047 2300 4099 scribitur
2335 4084 2348 4105 .
2411 4059 2533 4098 cum
2593 4045 2647 4097 in
2703 4042 2943 4099 [lebrzeis
3022 4047 3262 4114 legatur'
3296 4049 3451 4101 arbee

1882 4141 2102 4207 (in-ix),
2139 4138 2188 4191 id
2227 4149 2308 4192 cst
2366 4147 2603 4206 quatuor
2636 4151 2649 4190 :
2688 4153 2752 4191 eo
2780 4139 2923 4207 quod
2958 4138 3030 4192 ibi
3069 4148 3178 4192 tres
3220 4143 3452 4208 patriar-

1881 4235 2022 4296 chaa,
2058 4233 2355 4297 Abraham,
2397 4231 2564 4293 Isaac,
2600 4240 2655 4283 et
2708 4227 2878 4285 Jacob
2938 4230 3142 4300 sepulti
3193 4242 3342 4293 sunt.
3397 4244 3451 4286 et

1880 4326 2049 4378 Adam
2108 4325 2379 4377 maximus
2430 4340 2445 4375 :
2492 4331 2551 4376 ut
2610 4322 2665 4375 in
2700 4320 2830 4377 Jesu
2867 4321 3012 4376 libro
3068 4323 3327 4392 scriptum
3366 4334 3450 4377 est

1882 4418 2060 4484 (Iosue
2098 4430 2210 4477 xiv,
2275 4415 2406 4481 15):
2475 4415 2599 4467 licet
2654 4428 2779 4467 eum
2812 4413 3029 4481 quidam
3091 4414 3329 4483 positum
3391 4417 3442 4467 in

1882 4510 1998 4561 loco
2028 4506 2291 4559 Calvarize
2339 4504 2734 4573 suspicentur).
2780 4500 2908 4557 Haec
2937 4514 3021 4558 est
3049 4516 3228 4559 autem
3256 4506 3444 4559 eadem

198 4625 343 4674 quos
396 4607 621 4675 quidem
662 4617 761 4673 ego
790 4609 923 4670 puto
965 4615 1069 4653 non
1138 4613 1260 4654 esse
1324 4605 1473 4661 alios,
1518 4602 1623 4654 nisi
1681 4621 1772 4655 ens
1806 4570 1852 4628 θ
1878 4602 2149 4663 Chebron,
2188 4600 2315 4653 olim
2362 4598 2673 4667 metropolis
2733 4596 3163 4662 Philistinorum,
3198 4611 3251 4651 et
3294 4599 3448 4651 habi-

270 4788 288 4819 ¹
310 4789 535 4847 Amrat,
568 4780 1013 4851 ArnteniaiJuxta
1033 4778 1504 4851 Hieronymianam
1529 4779 1665 4835 hanc
1692 4782 1773 4831 in-

196 4857 655 4923 ter;-.retationein
711 4853 764 4904 in
816 4850 1003 4923 Greco
1030 4852 1125 4923 sic
1148 4850 1391 4923 legebat
1422 4861 1643 4923 sanctus
1673 4853 1773 4904 do-

193 4920 319 4981 ctor
353 4941 367 4979 ε
404 4925 676 4991 Ἀριρᾱτ,
728 4924 763 4991 ἡ
814 4921 1099 4989 Ἀρμενία.
1146 4920 1261 4974 Ἐνῖ
1290 4920 1445 4990 ὄρεσι
1492 4920 1546 4972 δὲ
1612 4923 1774 4987 Ἀρα.

201 5015 303 5065 p1:
360 5002 392 5061 ἡ
450 4995 713 5065 κιὸευτδςν
754 4993 980 5065 traeicit
1018 4991 1259 5065 levarat,
1317 4992 1366 5043 td
1412 5005 1495 5043 est
1554 4991 1772 5055 Ararat,

196 5060 479 5121 Lit-mcum.
530 5060 869 5131 Siquidemiu
896 5062 1155 5113 orantibus
1179 5060 1371 5113 Ararat
1415 5076 1539 5112 arca
1583 5066 1777 5116 sedisse

195 5141 423 5190 dicitur.
458 5130 622 5185 Audit
654 5148 779 5185 vero
827 5130 1210 5199 Hieronymus,
1240 5140 1355 5194 post
1401 5130 1679 5193 ditur-ium,
1708 5135 1775 5187 ad

198 5206 627 5277 signiﬁcandum
680 5202 902 5277 deﬁnite
951 5211 1167 5270 tempus
1215 5216 1325 5269 quo
1376 5216 1502 5255 arca
1548 5201 1691 5256 sedit
1721 5203 1774 5257 in

198 5269 493 5331 montibus
530 5273 567 5323 Α
580 5282 742 5324 rarat.
776 5269 1044 5323 Manum.

272 5349 293 5423 ξ
330 5342 653 5423 Permanere
701 5343 940 5423 uestigia.
981 5339 1350 5423 Vestigiaﬁoc
1382 5339 1499 5396 loco
1532 5341 1776 5423 intellige

205 5416 466 5483 ratiqm’as
498 5429 514 5464 :
555 5428 675 5464 nam
712 5412 763 5463 in
800 5411 989 5464 Graeco
1022 5422 1104 5463 est
1131 5410 1381 5479 λείψανα.
1428 5426 1623 5465 nomen
1658 5410 1778 5479 plu-

203 5482 661 5550 rale’signilicans
678 5496 891 5551 proprie
918 5497 944 5532 κ
971 5483 1219 5549 reliquias
1237 5498 1266 5532 α
1290 5482 1479 5551 λείπω,
1501 5484 1549 5535 id
1572 5493 1674 5543 est,
1700 5500 1778 5535 re-

203 5558 408 5620 linquo.
458 5553 607 5607 Unde
633 5555 699 5603 ab
736 5550 854 5619 ipso
920 5552 1252 5621 Hieronymo
1306 5550 1540 5619 λείψανα
1581 5568 1776 5606 Conse-

202 5637 444 5694 queuter
478 5632 807 5675 monumenta
842 5624 1292 5694 interpretantur.
1346 5622 1613 5675 Marnas.

278 5697 300 5725 ³
337 5691 690 5759 Caquusque
716 5709 831 5743 rum
860 5693 1050 5745 liberis.
1082 5690 1350 5759 Josephus
1379 5694 1475 5744 ltb.
1517 5710 1529 5744 ι
1559 5694 1773 5759 Anthq.

205 5779 329 5830 cap.
388 5766 444 5825 5,
491 5764 847 5829 συνευωχῖετο
903 5767 1012 5821 τοῖς
1055 5763 1300 5826 οἰκείοις,
1335 5778 1436 5812 una
1462 5762 1777 5826 epulabatur

208 5852 332 5889 cum
369 5834 687 5894 domesticis,
724 5844 823 5883 nos
858 5841 940 5884 est
973 5849 1085 5884 rum
1117 5833 1340 5900 (uiuum.
1374 5833 1640 5886 Mantua.

397 5944 661 6001 ὶἈτιίπι..
702 5930 917 5992 XXIil.

1951 4782 1972 4813 ⁵
2003 4781 2116 4833 Duo
2146 4795 2277 4833 mss.
2308 4779 2504 4833 Achar.
2538 4780 2741 4833 Euseb.
2811 4780 2990 4850 Ἀχὰμ
3022 4796 3086 4834 ex
3118 4780 3350 4847 librarii,
3388 4795 3442 4836 ut

1878 4856 2111 4913 videtur,
2149 4866 2357 4904 errore.
2384 4850 2549 4910 LXX,
2598 4850 2821 4918 Ἀρχὰδ,
2851 4867 2951 4919 pro
2990 4850 3211 4917 'Ax;_d6.

1950 4926 1971 4957 ⁸
2023 4922 2061 4975 Α
2097 4919 2322 4973 Joviano
2367 4921 2704 4988 imperatore.
2734 4920 3052 4974 Gennadius
3102 4922 3153 4990 in
3184 4920 3442 4990 Catalogo

1880 4994 2171 5047 Illustrium
2195 4992 2458 5055 virorum,
2488 4990 3035 5045 anacoboNisiheusi
3063 4989 3316 5059 episcopo
3333 4988 3443 5048 haec

1882 5066 2043 5117 habet
2097 5079 2112 5117 :
2173 5079 2190 5110 ι
2232 5062 2356 5113 Post
2420 5062 2619 5115 multos
2648 5076 2820 5113 annos
2865 5060 3144 5128 ingressus
3193 5061 3443 5115 Julianus

1880 5133 2215 5198 Nisibem.jet
2240 5132 2320 5183 vel
2351 5131 2539 5197 gloria:
2564 5130 2759 5197 sepulti
2793 5130 3023 5199 (Jacobi)
3054 5130 3321 5193 invidens,
3354 5145 3437 5185 vel

1884 5203 2002 5257 lldei
2029 5200 2392 5261 Constantini.
2427 5200 2583 5267 cujus
2611 5201 2681 5253 ob
2711 5198 2763 5253 id
2797 5202 3019 5255 domum
3072 5203 3439 5267 persequeba-

1882 5283 1989 5330 tur.
2018 5272 2180 5338 jussit
2203 5270 2390 5325 efferri
2424 5273 2488 5324 de
2513 5271 2735 5324 civitate
2784 5271 2959 5324 sancti
3011 5271 3261 5339 corporis
3315 5286 3352 5324 r-
3376 5272 3391 5323 l
3417 5301 3440 5311 -

1881 5344 2054 5412 quias.
2107 5350 2162 5395 et
2210 5350 2340 5412 post
2388 5357 2589 5409 paucos
2639 5356 2876 5404 menses,
2920 5342 3267 5412 consulendus
3315 5342 3437 5393 licet

1886 5410 2197 5479 reipublicae
2226 5410 2488 5464 Jovianus
2518 5412 2830 5478 imperator,
2857 5410 2948 5479 qui
2974 5410 3192 5464 Juliano
3220 5424 3439 5465 succes-

1882 5492 2044 5542 serat,
2068 5482 2295 5535 tradidit
2318 5480 2569 5534 Barbaris
2589 5481 2865 5534 civitatem
2894 5495 2908 5532 :
2936 5496 3056 5548 qua’
3084 5495 3252 5545 usque
3280 5481 3439 5533 hodie

1882 5552 2164 5604 Persarum
2190 5552 2382 5604 ditioni
2407 5566 2527 5605 cum
2559 5550 2752 5602 littibtts
2778 5554 2890 5604 suis
2919 5552 3160 5619 subjecta
3189 5550 3381 5603 servit.
3415 5568 3433 5599 ι

1881 5625 2115 5675 Censule
2149 5621 2492 5673 Ammianum
2531 5622 2563 5675 Ι.
2604 5635 2727 5673 xxv.
2768 5619 3036 5674 Munus.

1951 5688 2175 5743 ——Unus
2204 5707 2332 5753 ms.,
2365 5707 2480 5759 qua:
2512 5692 2662 5742 hodie
2688 5707 2891 5758 quoque
2923 5700 3174 5753 vocatur,
3208 5700 3310 5745 etc.
3364 5689 3439 5741 lle

1882 5761 2109 5814 Joviano
2143 5764 2456 5883 Aruiinianth
2487 5762 2577 5815 lib.
2612 5776 2737 5827 xxv,
2770 5771 2825 5815 ct
2860 5760 3176 5816 Gennadius
3227 5765 3280 5814 in
3329 5760 3437 5813 CI-

1886 5838 2059 5883 laluutt
2087 5849 2199 5883 t'au.
2264 5870 2277 5883 .

1886 5838 2059 5901 lalngu
2087 5849 2199 5901 ινιψ.
2235 5838 2277 5885 ι.

2997 5927 3070 5988 29
