4188 7176
702 421 808 486 927

690 633 889 704 lapide.

769 727 1030 796 Bothnin,
1066 743 1219 787 trans
1249 733 1548 793 .lordanem
1623 741 1818 796 civitas
1887 745 2062 800 tribus
2115 747 2227 804 Gad
2257 791 2273 816 ,

691 836 812 888 qua:
847 839 1015 895 usque
1047 827 1205 880 hodie
1237 829 1487 886 similiter
1509 835 1835 904 appellatur.

767 912 1052 970 Betharnn
1090 958 1105 981 ,
1169 921 1364 978 civitas
1451 926 1622 980 tribus
1676 926 1793 982 Gad
1865 930 2015 1000 juxta
2079 931 2273 987 Jorda-

697 1024 819 1063 nem
855 1053 867 1071 ,
903 1027 1019 1080 qu:e
1057 1029 1084 1067 a
1115 1014 1268 1086 Syris
1303 1019 1504 1074 dicitur
1537 1019 1849 1077 Bethramta
1877 1065 1892 1090 ,
1928 1025 2086 1098 174
2108 1036 2160 1080 et
2189 1027 2276 1096 (ab

698 1101 912 1157 Herode
964 1103 1016 1156 in
1058 1105 1320 1163 honorem
1351 1110 1632 1184 Augusti)
1668 1112 1851 1170 Libias
1897 1119 2274 1189 cognominata

695 1207 800 1247 ρει.

771 1308 1137 1375 Βειιιιιιοιιιτει,
1178 1312 1329 1369 urhis
1392 1316 1565 1372 tribus
1613 1317 1724 1373 Gad
1775 1317 1925 1389 juxta
1980 1317 2276 1391 Libyadem

699 1411 850 1455 trans
881 1402 1199 1460 Jordanrm.

773 1497 1022 1565 Bethagla
1059 1501 1075 1568 (
1109 1503 1284 1556 tribus
1321 1501 1519 1571 Judaz).
1559 1503 1652 1559 Est
1690 1516 1872 1559 autent
1909 1506 2062 1560 vicus
2097 1508 2280 1562 eunti-

697 1588 801 1642 bus
833 1589 1029 1642 (iazam
1068 1591 1133 1646 de
1155 1591 1565 1664 Eleutheropoli
1596 1596 1648 1650 in
1679 1597 1895 1650 det-i-izo
1929 1597 2106 1667 lapide
2135 1639 2151 1661 ,
2187 1599 2279 1668 qui

699 1680 832 1752 Agla
868 1684 1192 1752 appellatur.
1225 1684 1288 1738 Et
1320 1687 1422 1741 alia
1465 1687 1586 1742 tilla
1635 1689 1892 1759 ITetlilaga
1930 1691 2195 1744 ntaritima
2229 1693 2280 1744 in

700 1787 895 1828 ortavo
918 1794 946 1829 a
981 1778 1119 1832 Gaza
1155 1778 1439 1833 milliario.

771 1867 1102 1930 Betharaba.
1133 1872 1188 1925 in
1233 1872 1375 1926 tribu
1406 1871 1570 1926 Juda.

772 1982 919 2048 Baal,
959 1983 1072 2038 lucc
1112 1995 1198 2039 est
1247 1968 1658 2050 Cariathiarim,
1692 1985 1742 2040 id
1809 1995 1909 2047 est,
1942 1986 2063 2041 tilla
2116 1987 2280 2042 silva-

701 2091 842 2138 rmn,
897 2077 1036 2142 sive,
1075 2086 1132 2131 ut
1197 2077 1420 2146 quidam
1485 2086 1713 2147 putant,
1767 2079 1960 2133 civitas
2005 2079 2175 2142 Jarib,
2228 2081 2281 2133 in

703 2169 847 2223 tribu
873 2167 1012 2222 Juda
1035 2211 1046 2222 .
1083 2169 1146 2220 Et
1175 2169 1463 2238 estusque
1497 2170 1660 2225 hodie
1689 2171 1845 2225 virus
1901 2173 2284 2225 descendenti-

703 2267 895 2316 husah
952 2263 1090 2318 (Elia
1153 2263 1448 2333 Diospolim
1511 2265 2006 2329 (Zariathiarin'i,in
2071 2265 2284 2321 decimo

704 2358 980 2410 milliario.

776 2448 960 2516 Balaa,
990 2453 1043 2504 in
1069 2451 1212 2505 tribu
1247 2449 1407 2506 Juda.

775 2542 989 2605 L’aloth,
1025 2544 1079 2596 in
1113 2544 1254 2598 tribu
1287 2543 1446 2599 Juda.

776 2636 1026 2701 Bethfali,
1061 2637 1114 2691 in
1149 2637 1472 2692 tribuJuda.

779 2752 1064 2816 Bersabee,
1101 2753 1154 2806 in
1214 2752 1358 2806 tribu
1409 2750 1580 2815 Judte,
1657 2751 1772 2805 sive
1833 2751 2148 2806 Simeouis:
2204 2766 2290 2810 est

707 2861 879 2913 neque
914 2845 1076 2899 hodie
1108 2845 1261 2899 vicus
1301 2843 1525 2912 grandis
1588 2843 1641 2896 in
1681 2844 1943 2898 vicesimo
1971 2862 1996 2897 a
2033 2843 2284 2901 Chebron

707 2937 961 2992 tu.lliario
1007 2952 1235 3007 tergens
1293 2937 1358 2990 ad
1393 2945 1666 3000 austrum,
1713 2937 1765 2990 in
1813 2952 1920 3004 quo
1980 2951 2033 2991 et
2091 2937 2290 2993 Roma-

711 3051 908 3088 norum
941 3033 1174 3088 militum
1209 3034 1522 3102 praesidium
1555 3037 1790 3103 positum
1827 3042 1930 3087 est.
1975 3036 2012 3086 Α
2037 3049 2144 3098 quo
2171 3033 2285 3086 loco

709 3126 929 3182 termini
957 3126 1154 3182 .ludmre
1179 3137 1338 3182 terra:
1373 3126 2098 3194 incipientes.tendebantur
2121 3139 2283 3194 usque

710 3224 776 3276 ad
812 3223 919 3275 Dan
952 3259 965 3278 .
1003 3236 1122 3290 quae
1147 3220 1300 3289 juxta
1343 3217 1647 3272 Paneadem
1702 3218 1964 3273 eernitur.
2021 3217 2289 3285 Interpre-
2321 3253 2362 3310 ε

714 3321 860 3366 tatur
894 3327 1025 3364 vero
1059 3310 1344 3369 Bersabee.
1379 3317 1575 3377 puteus
1597 3308 1920 3377 juramenti.
1948 3322 2013 3360 eo
2043 3307 2186 3377 quod
2219 3306 2291 3360 ibi

718 3405 987 3458 Abraham
1022 3414 1075 3456 et
1102 3403 1250 3456 Isaac
1279 3401 1456 3457 fmdus
1483 3417 1603 3454 eum
1637 3399 1955 3454 Abimelech
2016 3402 2295 3453 Sociaverc

710 3503 979 3570 jirantes.
1015 3495 1125 3551 Nec
1151 3510 1369 3550 movere
1387 3495 1548 3548 debet
1580 3492 1913 3563 quempiam,
1948 3491 1992 3546 si
2023 3491 2293 3544 interdum

716 3593 965 3646 civitates
987 3591 1139 3647 ,ιιυιεε
1167 3588 1389 3642 easdem
1423 3588 1475 3641 in
1510 3589 1651 3641 trith
1688 3585 1978 3656 Symeonis
2039 3584 2122 3637 vel
2155 3584 2295 3637 Ben-

717 3687 886 3758 iamin
917 3685 1171 3755 reperiat.
1225 3682 1423 3737 Tribus
1481 3682 1626 3736 enim
1673 3679 1810 3734 Juda
1861 3678 2297 3732 bellicosissimis

721 3780 852 3833 \iris
885 3778 1113 3846 pollens,
1144 3784 1194 3831 et
1253 3776 1447 3830 crebro
1503 3773 1848 3828 adversarios
1904 3787 2196 3840 superans,
2243 3771 2296 3824 in

722 3873 977 3928 otnnihus
1019 3870 1272 3923 tribubus
1307 3868 1480 3924 tenuit
1542 3867 1910 3937 principatum
1945 3884 1958 3919 :
2014 3875 2068 3918 et
2099 3863 2299 3918 idcirco

720 3967 884 4018 etiam
913 3965 1142 4017 aliarum
1205 3963 1442 4014 tribuum
1486 3967 1666 4012 sortes
1734 3960 1787 4011 in
1843 3959 1967 4028 ejus
2023 3955 2298 4010 interdum

724 4056 1414 4121 luniculonuttcnpantnr:
1469 4051 1713 4118 alioquin
1765 4049 1821 4102 in
1875 4049 2054 4101 medio
2128 4047 2302 4101 tribus

722 4153 875 4207 Jodae
906 4148 1180 4204 habitasse
1227 4145 1580 4217 Symeonem,
1637 4143 1914 4214 Scriptura
1972 4139 2307 4194 manifestis-

725 4248 863 4300 sime
893 4243 1073 4298 duci-t.

800 4361 1004 4420 Balam,
1036 4357 1090 4410 in
1120 4355 1263 4409 tribu
1281 4351 1442 4408 Juda.

803 4451 1056 4512 Bascath,
1083 4450 1136 4502 in
1173 4448 1317 4501 tribu
1340 4443 1500 4500 Juda.

804 4544 1136 4612 Bethdagon,
1180 4539 1232 4592 in
1266 4537 1407 4591 tribu
1454 4535 1639 4589 Juda:
1695 4534 1789 4588 sed
1826 4542 1880 4588 et
1928 4548 2101 4598 usque
2146 4533 2310 4588 hodie

1879 438 1938 500 S.
1979 437 2299 503 EUSEBII
2329 446 2378 506 Η
2395 446 2773 516 [ERONYMI

689 553 800 604 que
828 539 945 594 villa
982 540 1048 596 ab
1075 541 1217 600 Elia
1257 549 1517 604 euntibus
1568 551 1890 626 Neapolim‘
1933 557 1985 612 in
2043 560 2278 631 septimo
2308 570 2354 624 Α
2387 571 2517 625 milli

3851 471 3959 532 998

2528 573 2628 629 bus
2658 576 3075 644 quattuordecim
3119 581 3380 637 euntibus
3403 580 3720 656 .~Egyptum,
3748 594 3843 652 qui
3877 591 3959 646 est

2379 669 2646 724 terminus
2667 670 2989 728 Palaestinae.

2448 765 2756 820 Betharaba
2789 783 2803 821 :
2841 783 2939 837 pro
2975 785 3080 837 qua
3108 770 3470 840 Symmachus
3499 772 3774 828 transtulit
3801 773 3961 844 175

2382 857 2434 911 in
2470 858 2604 913 locis
2635 876 2755 930 quae
2781 861 2935 934 juxta
2960 861 3374 919 inhabitabilem
3433 874 3580 930 sunt,
3635 866 3964 938 signiﬁcans

2378 969 2646 1010 eremum.

2453 1048 2765 1117 Beesthara,
2801 1052 2853 1106 in
2891 1052 3036 1108 tribu
3077 1050 3327 1108 Manasse
3348 1063 3593 1124 separata
3635 1050 3849 1108 Levitis
3908 1054 3960 1106 in

2381 1146 2601 1214 regione
2620 1145 2947 1203 Basanitidi.

2451 1236 2730 1298 Bethaun,
2763 1238 2816 1292 in
2869 1239 3010 1293 tribu
3055 1238 3512 1310 Benjaminjuxta
3558 1235 3654 1294 Gai
3683 1249 3737 1292 et
3771 1237 3962 1292 Bethel

2381 1341 2572 1385 contra
2607 1330 2885 1386 Machmas
2919 1334 3084 1399 (licet
3117 1334 3384 1404 plerique,
3419 1343 3477 1388 ut
3531 1348 3696 1403 supra
3755 1332 3962 1388 dictum

2383 1437 2482 1486 est,
2513 1429 2757 1482 eamdem
2794 1437 2984 1497 putant
3011 1444 3133 1484 esse
3160 1429 3390 1499 Bethel.)

2454 1520 2710 1584 Baliluth,
2742 1522 2794 1575 iu
2828 1523 2972 1575 tribu
3013 1522 3321 1591 Benjamin.

2458 1614 2660 1667 Βυῑιιςιι
2693 1653 2708 1674 ,
2745 1615 2795 1669 in
2834 1615 2978 1669 tribu
3033 1614 3167 1670 Juda
3222 1618 3339 1669 sive
3369 1617 3650 1687 Benjamin
3689 1634 3704 1672 :
3761 1627 3819 1670 et
3889 1626 3969 1667 est

2385 1707 2547 1760 hodie
2601 1705 2907 1760 Bethsoron
2960 1709 3118 1762 vicus
3161 1709 3416 1762 euntibus
3476 1711 3634 1764 nobis
3701 1713 3766 1763 ah
3829 1705 3964 1761 Elia

2383 1799 2662 1863 Chebron,
2693 1797 2744 1851 in
2780 1799 3036 1854 vicesimo
3057 1800 3256 1868 lapide,
3295 1800 3447 1867 juxta
3506 1817 3667 1868 quem
3726 1801 3849 1853 fons
3905 1800 3966 1851 ad

2313 1917 2354 1970 η
2387 1893 2598 1946 radices
2635 1894 2836 1946 tuontis
2861 1892 3127 1947 ebulliens
3164 1893 3180 1962 (
3213 1894 3281 1946 ab
3311 1893 3498 1948 eadem
3551 1894 3603 1946 in
3635 1907 3740 1961 qua
3786 1892 3967 1963 gigni-

2389 1997 2496 2048 tur,
2524 1987 2778 2040 sorbetur
2803 1986 2968 2040 humo
2998 1985 3039 2052 ).
3070 1985 3132 2038 Et
3156 1988 3538 2056 Apostolozum
3598 1987 3730 2040 Acta
3794 1989 3812 2053 (
3849 2001 3964 2041 \‘nt.

2385 2080 2476 2147 38)
2538 2079 3115 2134 refcrunteunuchum
3171 2079 3438 2133 tiandacis
3493 2080 3688 2148 regina!
3751 2078 3803 2131 in
3867 2077 3969 2129 hoe

2387 2191 2508 2230 esse
2548 2190 2576 2226 a
2602 2173 2851 2245 Philippo
2883 2174 3241 2244 baptizatum.
3283 2173 3374 2227 Est
3406 2173 3588 2226 etalia
3636 2171 3760 2225 rilla
3804 2170 3967 2225 Beth-

2385 2284 2479 2322 sur
2503 2269 2555 2322 in
2591 2269 2732 2322 tribu
2763 2266 2928 2334 Juda,
2967 2267 3113 2322 mille
3144 2267 3397 2338 passibus
3437 2265 3648 2320 distans
3678 2264 3748 2317 ab
3806 2263 3971 2318 Eleu-

2385 2363 2687 2431 theropoﬂ.

2458 2481 2660 2545 Boon',
2696 2478 2748 2532 in
2776 2479 2922 2533 tribu
2958 2478 3262 2550 Benjauzin.

2459 2572 2748 2638 Bethalon,
2780 2573 2835 2627 in
2891 2574 3031 2629 tribu
3081 2573 3384 2643 Benjamiu,
3432 2586 3530 2642 pro
3562 2586 3668 2641 qua
3722 2570 3975 2640 Symma.

2389 2668 2526 2723 chus
2557 2666 2971 2738 interpretatur,
3031 2667 3084 2721 in
3116 2665 3534 2736 campestribus.

2462 2782 2707 2843 Betbala,
2739 2785 2792 2836 in
2815 2782 2958 2838 tribu
2995 2779 3302 2852 Benjamin.

2463 2879 2682 2941 Beroth,
2722 2877 2774 2930 in
2807 2876 2950 2932 tribu
2976 2875 3289 2945 Benjamin.

2465 2971 2618 3036 Bola,
2654 2973 2706 3025 in
2737 2971 2880 3025 tribu
2919 2970 3235 3041 Symeonis.

2467 3063 2684 3127 Bathul,
2717 3063 2770 3118 in
2803 3063 2943 3118 tribu
2973 3063 3282 3130 Symeonis.

2467 3158 2626 3223 Beth,
2656 3158 2710 3211 in
2740 3158 2884 3212 tribu
2921 3158 3235 3229 Symeonis.

2473 3275 2720 3342 Baaleth,
2751 3277 2804 3331 in
2840 3278 2980 3333 tribu
3019 3278 3330 3350 Symeonis.

2473 3369 2847 3432 Barammoth.
2874 3371 2928 3425 in
2967 3373 3110 3426 tribu
3145 3371 3457 3442 Symeonis.

2471 3465 2857 3529 Bethlabooth,
2885 3467 2939 3520 in
2975 3468 3116 3521 tribu
3143 3466 3455 3536 Symeonis.

2475 3557 2777 3623 Bethleem,
2812 3558 2864 3611 in
2904 3560 3047 3614 tribu
3087 3559 3333 3614 Zabttlon
3371 3575 3387 3624 ;
3446 3559 3513 3612 ad
3571 3559 3729 3629 cujus
3783 3559 3982 3616 distin-

2398 3651 2635 3706 ctionem
2666 3652 2834 3705 altera
2875 3652 3152 3707 Bethleem
3186 3652 3494 3722 appellatur
3517 3650 3691 3708 Judie.

2469 3745 2808 3815 Bethphases
2839 3743 2882 3810 ³,
2918 3747 2974 3800 in
3005 3747 3150 3800 tribu
3188 3745 3462 3802 issachar.

2474 3835 2708 3902 Balline,
2741 3836 2792 3890 in
2831 3839 2976 3892 tribu
3009 3839 3167 3902 Aser,
3196 3848 3253 3894 et
3281 3855 3428 3895 nunc
3497 3841 3784 3909 appllatur
3831 3841 3984 3894 vicus

2405 3929 2728 3996 Bethbeten,
2769 3930 2823 3985 in
2853 3941 3047 3986 octavo
3085 3931 3345 3986 milliario
3387 3932 3739 3987 Ptolemaidis
3793 3944 3983 3986 contra

2403 4021 2693 4076 orientem.

2477 4112 2794 4182 Bethdagon
2826 4115 2868 4180 ⁸,
2907 4115 3055 4172 locus
3082 4118 3133 4171 in
3158 4132 3266 4187 quo
3302 4116 3421 4172 dua:
3446 4117 3621 4172 tribus
3651 4115 3895 4171 Zabulon
3935 4128 3987 4170 (ι

2404 4204 2653 4260 lssaehar
2680 4207 2884 4262 habent
2907 4210 3163 4264 confinia.

2476 4323 2797 4390 Bethemee,
2827 4327 2968 4392 quod
3003 4327 3386 4397 interpretatur
3404 4326 3785 4399 Symmachus,
3805 4330 3984 4384 locum

2410 4425 2591 4486 vallis,
2622 4424 2716 4477 Est
2743 4432 2925 4476 autem
2969 4423 3134 4475 sortis
3168 4421 3323 4475 Aser.

2492 4516 2759 4577 Batbana,
2787 4515 2840 4568 in
2862 4514 3006 4568 tribu
3029 4512 3373 4584 Nephthalim
3401 4532 3415 4572 :
3441 4524 3496 4569 et
3514 4525 3598 4570 est
3613 4515 3740 4570 villa
3768 4516 3991 4570 nomine

733 4636 954 4710 grandis
988 4607 1142 4687 vicus
1167 4627 1522 4698 (Zapherdago
1570 4626 1712 4680 inter
1740 4626 2031 4694 laliospolim
2068 4635 2123 4679 et
2149 4624 2293 4694 {Jami

2383 4611 2688 4675 .Batamea,
2717 4610 2770 4662 in
2805 4609 2995 4676 quinto
3053 4607 3264 4663 decimo
3307 4623 3336 4662 a
3396 4609 3641 4662 Caesarea
3690 4609 3891 4677 lapide.
3941 4625 3990 4661 IlI

737 4732 878 4785 niam
910 4728 1339 4783 demonstratur.

809 4818 1096 4876 Bethaloth
1152 4815 1203 4868 in
1242 4812 1384 4868 tribu
1420 4811 1579 4865 Iuda.

818 4913 1125 4981 Bcthaphu.
1161 4909 1215 4962 in
1265 4906 1408 4961 tribu
1432 4903 1596 4967 Juda,
1643 4903 1800 4957 vicus
1863 4911 2011 4956 trans
2045 4900 2311 4971 Raphaim

816 5099 830 5130 ¹
867 5093 1123 5149 Euntibus
1161 5086 1456 5151 Neapolim.
1489 5083 1691 5136 Omnes
1720 5079 1937 5134 codices
1967 5095 2102 5134 mss.
2131 5079 2316 5147 legunt

749 5167 1026 5235 Neapolim
1057 5179 1073 5216 :
1103 5158 1416 5235 lionl'r_e_rius
1447 5155 1689 5207 adhaeret
1710 5151 1943 5204 Eusebio
1997 5151 2318 5218 Gr:eeo.qui

747 5227 877 5308 tegit
909 5227 1586 5308 Νἱεορριύηιε.Μέιιιτιιιῖι.Β
1695 5291 1708 5308 1
1735 5291 1746 5308 9
1819 5307 1828 5308 ί
2007 5305 2052 5308 Η
2085 5293 2096 5308 Ι
2123 5292 2134 5308 ¹
2195 5289 2254 5308 η.

818 5289 884 5354 ξ
908 5289 1245 5360 Emendandi
1285 5309 1511 5350 nnncex
1547 5291 1786 5345 Eusebio
1813 5299 1942 5343 sunt
1997 5292 2157 5343 codd.
2195 5289 2322 5343 Ilie-

751 5374 1078 5433 ronvrniani,
1106 5373 1504 5437 legendumque
1542 5361 1842 5437 Nicopolim
1881 5377 1976 5428 pro
2012 5361 2317 5437 Neapolim.

752 5442 1016 5502 Mniirunt
1072 5433 1326 5499 Bue-roth,
1381 5435 1628 5494 Gabaon,
1661 5433 1955 5502 Cliepltira,
2011 5443 2063 5484 et
2098 5433 2322 5485 (Qharia-

753 5501 970 5572 tliiarim
1007 5523 1238 5582 quatuor
1272 5517 1430 5560 erant
1480 5503 1642 5557 urbes
1676 5501 2325 5582 Gabaonitaruinhpioxi-

756 5605 854 5641 me
895 5588 958 5640 ad
987 5572 1104 5638 sese
1135 5582 1390 5637 invicem.
1447 5590 1678 5642 quarum
1726 5584 2054 5640 postremam
2086 5572 2324 5625 Charia-

758 5657 975 5711 ttiiarim
1010 5667 1182 5718 neque
1235 5650 1350 5710 ipse
1407 5645 1770 5718 Hieronymus
1827 5642 2088 5718 dillitetnr
2148 5642 2318 5718 in‘via

758 5735 990 5781 i’ueente
1021 5712 1164 5776 Atliia
1221 5719 1514 5787 Diospolim
1541 5712 1847 5787 exstitisse.
1872 5728 1990 5787 quin
2017 5712 2096 5764 ria
2135 5714 2322 5787 eadem

759 5816 822 5852 ac
854 5793 1152 5861 Ns-apoleos
1185 5799 1320 5861 erat.
1354 5781 1537 5861 ἰιι-εχ
1576 5782 1880 5861 ,Ιιὶ-ιιενιινίο
1921 5781 2322 5850 Ilierosolgmit.

760 5853 1006 5920 observat
1045 5860 1341 5915 ltelandus.
1398 5857 1516 5910 Alia
1576 5853 1628 5909 in
1667 5855 1804 5909 hanc
1840 5870 1948 5908 rem
2002 5862 2320 5921 argumenta

757 5943 1055 6009 congerunt
1099 5931 1244 5986 ducti
1291 5930 1410 5983 viri.

2419 4719 2525 4774 qua
2561 4704 2816 4756 dicuntur
2845 4702 3055 4755 lavacra
3079 4714 3203 4753 esse
3237 4699 3512 4766 salubria;
3554 4715 3717 4770 quam
3744 4713 3794 4755 et
3831 4717 3992 4772 supra

2422 4795 2523 4849 sub
2558 4793 2777 4847 nomine
2796 4794 2957 4847 Anea!
2981 4793 3280 4860 posuimus.

2497 4884 2665 4948 Bane,
2690 4883 2744 4937 in
2783 4882 2923 4937 tribu
2958 4882 3094 4936 Dan.

2501 5073 2519 5103 θ
2551 5069 2718 5130 ιιηοη,
2756 5069 2811 5121 in
2853 5068 2990 5121 tribu
3031 5065 3330 5134 Beniamin.
3373 5064 3670 5121 ['errersus
3729 5077 3815 5122 est
3869 5069 3997 5124 ordo

2430 5145 2674 5196 loeorum
2705 5149 2756 5191 et
2794 5139 3078 5190 nominum
3110 5139 3162 5189 in
3220 5148 3378 5190 antea
3419 5135 3580 5190 editis
3610 5137 3765 5192 libris
3832 5155 3999 5193 usoue

2431 5216 2494 5266 aut
2525 5225 2719 5264 numen
2748 5207 3056 5270 Bethleem;
3091 5207 3184 5260 sed
3217 5222 3315 5260 nos
3345 5207 3634 5274 gentiinam
3666 5211 3874 5261 seriem
3905 5211 3998 5261 hcc

2432 5284 2546 5336 Ioen
2579 5279 2919 5332 restituimns
2942 5278 3331 5331 vetustissimis
3369 5276 3780 5343 exemplaribus
3815 5281 3996 5332 moniti

2432 5369 2492 5406 ac
2519 5349 2825 5406 Ensebiano
2857 5347 3046 5402 Graeco
3081 5358 3366 5410 contextu,
3407 5347 3460 5398 in
3504 5361 3616 5412 quo
3646 5346 3854 5402 absunt
3904 5365 3974 5400 no

2431 5425 2576 5475 mina
2612 5421 2856 5473 lor-orum
2889 5433 3203 5487 nonpanea,
3230 5433 3351 5486 quae
3380 5427 3560 5470 tamen
3589 5417 3849 5484 leguntur
3865 5419 3999 5487 apud

2434 5493 2848 5560 llieronymum.
2881 5486 3155 5560 Man-rus.

2504 5565 2523 5595 ³
2567 5556 2713 5626 Ιιςίρ,
2778 5559 2952 5627 inquit
3012 5556 3348 5617 Bonfrerius.
3419 5557 3474 5613 in
3510 5559 3768 5612 versione
3819 5569 3998 5613 nostra

2437 5635 2742 5697 Rethphcses
2797 5629 3102 5697 appellatur
3138 5627 3304 5681 Josue
3346 5643 3461 5697 ius,
3519 5627 3611 5683 2|.
3671 5627 3872 5681 Mirum
3923 5639 3999 5682 ιιι-ι

2437 5696 2730 5759 Eusebium
2767 5696 2884 5750 eain
2911 5713 3114 5767 ponere
3144 5699 3195 5750 in
3227 5698 3369 5751 trihu
3407 5696 3567 5752 Iuda.

2513 5775 2532 5803 ⁸
2565 5773 2706 5838 Οιίιιι
2740 5767 2989 5838 Bel/tngo.
3026 5769 3081 5838 In
3119 5767 3306 5821 Grzeco
3339 5768 3692 5838 depravatum
3725 5767 3897 5834 magis
3922 5776 4002 5822 Ca!

2439 5859 2662 5898 nomen.
2695 5837 3010 5894 Bontreritts
3044 5837 3266 5909 ινεὶιτῷ
3315 5837 3501 5909 κλήρῳ
3560 5838 3855 5891 Σπεοιδὶων
3911 5841 4001 5892 ita":

2447 5916 2723 5984 Ἰπτὰχτξη
