4188 7182
702 459 813 529 935

1914 448 1975 508 S.
2007 447 2321 508 EUSEBII
2357 448 2404 508 ll
2419 449 2648 509 [ERON
2664 450 2790 510 YMI

3859 444 3973 509 936

705 581 792 628 est
826 578 1006 624 autem
1058 576 1183 621 ante
1220 576 1430 636 Septem
1479 577 1678 628 annos,
1734 576 1894 632 quam
1930 558 2099 613 Tanis
2154 557 2283 611 urbs
2313 564 2363 620 Α
2466 561 2809 624 Chomaritn,
2845 561 2936 615 ubi
2963 558 3141 615 Josias
3164 555 3790 614 simulacracombussit.

707 662 923 734 A'Sgypti
958 661 1313 715 conderetur.
1352 655 1596 710 Diximus
1629 656 1694 708 de
1729 657 1828 707 hac
1860 662 1913 705 et
1940 666 2130 720 supra.
2166 648 2288 702 Fuit

705 765 885 809 autem
916 752 1234 821 metropolis
1268 748 1489 802 liuacitn
1520 747 1682 820 (quos
1724 747 1969 817 gigantes
1999 752 2053 797 ct
2095 752 2290 811 poten-

708 858 789 901 tes
827 846 1132 911 intelligere
1162 843 1474 911 debemus).

783 940 1025 1002 Chobaa,
1055 939 1120 991 ad
1167 937 1358 990 laevam
1413 944 1623 1006 partem
1670 927 1940 984 Damasci.
1975 928 2069 981 Est
2107 937 2288 978 autem

711 1050 762 1091 ιιι
793 1035 916 1088 villa
945 1032 1190 1098 Chohua,
1216 1032 1270 1085 in
1297 1034 1489 1085 iisdem
1525 1026 1678 1096 191
1708 1022 2052 1095 regionibus.
2086 1020 2292 1075 habt-tis

713 1128 925 1183 accolas
960 1125 1234 1186 llebrtcos,
1274 1123 1365 1193 qui
1401 1123 1691 1177 credentes
1733 1118 1785 1172 in
1814 1117 2100 1173 Christum
2143 1117 2291 1171 (utn-

715 1223 802 1277 uia
840 1221 977 1291 legis
1007 1227 1269 1289 prrecepta
1298 1218 1638 1272 custodiunt.
1675 1216 1741 1270 Et
1768 1230 1795 1268 a
1848 1213 2099 1284 principe
2131 1212 2145 1240 ⁸
2186 1210 2295 1262 ha:-

715 1318 925 1386 rescos)
969 1314 1279 1367 Ἐϐιωνϊται
1305 1310 1613 1381 (Ειὶυηίιω)
1638 1315 2044 1376 nuneupantur.
2074 1303 2293 1373 (Contra

716 1407 1019 1464 istiusmodi
1050 1408 1246 1478 dogma
1276 1404 1474 1459 Paulus
1530 1400 1811 1473 apostolus
1841 1398 2032 1452 scribit
2078 1396 2143 1450 ad
2190 1393 2296 1449 Ga-

719 1506 848 1557 latas
878 1502 895 1571 )

784 1591 1117 1652 Chahratha,
1150 1587 1293 1659 quod
1328 1588 1725 1657 interpretatur
1754 1583 1946 1653 Aquila
1980 1581 2104 1635 καθ’
2152 1580 2293 1639 ὁδ’λν,

718 1682 771 1736 id
803 1690 906 1741 est,
936 1681 1090 1749 juxta
1118 1678 1257 1731 viam
1285 1717 1300 1742 ,
1336 1693 1457 1747 qua,
1489 1677 1639 1729 ducit
1688 1677 1741 1727 in
1796 1675 2053 1742 Ephrata,
2110 1672 2161 1721 id
2216 1680 2297 1723 est

718 1771 993 1825 Bethleem
1031 1785 1043 1822 :
1088 1769 1177 1821 tibi
1223 1767 1422 1821 Rachel
1459 1783 1581 1821 cum
1619 1766 1902 1833 Ιιιιιε];ιιιιίιι
1944 1763 2244 1829 peperisset
2279 1800 2294 1823 ,

719 1864 997 1919 occubuit.
1027 1863 1201 1927 Surar
1236 1862 1341 1915 hoc
1378 1861 1543 1914 verbo
1578 1859 1706 1927 qttid
1740 1858 1901 1909 nobis
1929 1856 2205 1917 videatur,
2244 1855 2296 1907 in

721 1958 873 2012 libris
905 1955 1298 2010 llebraicarum
1323 1952 1686 2018 ansliouum
1721 1953 1737 1981 ¹
1767 1952 2034 2004 diximus.

791 2047 1016 2112 Chazhi,
1049 2046 1138 2100 ubi
1186 2045 1434 2115 genuinos
1458 2020 1611 2097 Juilze
1645 2043 1794 2095 lilios
1833 2042 2073 2095 Thamar
2104 2040 2298 2093 edidit.

721 2140 1043 2193 Ostenditur
1090 2146 1444 2193 autemnunc
1471 2135 1625 2189 locus
1673 2137 1926 2187 desertus
1958 2133 2105 2197 iuxta
2132 2130 2301 2187 Odoi-

724 2231 827 2284 lam
856 2231 909 2283 in
944 2228 1141 2282 ﬁnibus
1171 2226 1677 2294 Eleutlteropoleos.
1723 2224 1793 2277 De
1838 2225 1940 2278 hoc
1997 2237 2218 2291 quoque
2248 2223 2300 2277 itt

728 2321 882 2375 libris
919 2320 1304 2375 Hebraicarum
1323 2318 1685 2376 Ouwslionum
1712 2315 1928 2386 plenius
1961 2316 2298 2383 disputatum

725 2422 831 2470 es"
904 2502 1018 2561 EDE
1047 2498 1358 2554 NUMERIS
1390 2496 1476 2552 ET
1510 2496 2081 2553 DEUTEItUNOMlO.

800 2594 1047 2655 Cltorcb.
1086 2608 1243 2647 mons
1304 2590 1396 2645 Dei
1459 2591 1512 2644 in
1580 2590 1803 2658 regione
1844 2590 2099 2657 Modiam,
2149 2590 2305 2660 juxta

733 2698 977 2743 montem
1020 2687 1150 2741 Sina
1189 2701 1355 2754 super
1376 2685 1633 2738 Arabiam
1687 2684 1739 2736 in
1776 2686 1993 2738 deserto
2038 2683 2147 2753 (cui
2189 2683 2311 2753 jun-

735 2783 880 2849 gitur
919 2794 1077 2835 mons
1104 2788 1157 2831 et
1183 2776 1461 2831 desertum
1489 2776 1911 2839 Saracenorum,
1962 2776 2109 2844 quod
2144 2791 2310 2830 voca-

736 2882 827 2924 tur
880 2869 1117 2924 Pharan.
1187 2868 1322 2923 Mihi
1375 2877 1557 2921 autem
1609 2867 1842 2932 videtur,
1900 2870 2047 2938 quod
2105 2868 2311 2939 duplici

740 2964 963 3016 nomine
1000 2964 1140 3017 idem
1185 2974 1360 3025 mons,
1401 2973 1547 3013 nunc
1573 2959 1745 3025 Sinai,
1777 2975 1921 3014 nunc
1960 2960 2181 3017 Cboreb
2222 2977 2315 3016 vo-

738 3056 933 3121 cetur).
1536 3050 1539 3051 ν

808 3145 1081 3206 Charada.
1113 3155 1292 3198 castra
1324 3143 1560 3197 ﬁliorum
1592 3144 1780 3200 Israel.

2479 654 2783 714 Chalauue,
2822 653 2908 707 ubi
2950 655 3120 707 turris
3157 653 3426 707 aediﬁcata
3461 659 3564 715 est,
3602 647 3976 720 juxtalsaiam

2399 746 2565 812 (sicut
2606 762 2770 812 supta
2798 745 3085 813 diximus).

2453 836 2673 905 (Charm
2686 855 2739 899 tt,
2763 837 2955 891 civitas
2976 838 3327 908 Assyriorum
3353 835 3407 888 in
3437 835 3658 904 region:
3675 831 3978 899 Themath,

2390 935 2544 998 juxta
2582 929 2767 983 Isaiam

2475 1023 2797 1085 tihaselath,
2848 1022 3002 1090 juxta
3066 1018 3309 1084 Tltabor,
3343 1017 3610 1073 terminus
3659 1017 3907 1072 Zabulon
3964 1035 3978 1071 :

2399 1115 2642 1169 diximus
2675 1116 2746 1171 de
2784 1132 2844 1171 ea
2883 1126 3127 1185 etsupra
3167 1115 3269 1171 sub
3299 1117 3519 1167 nomine
3543 1110 3840 1166 Chasalus.

2463 1208 2693 1271 Cluabol,
2730 1211 2995 1263 terminus
3016 1207 3173 1262 Aser.

2463 1302 2694 1364 Clitilah.
2726 1302 2793 1357 de
2815 1304 2913 1356 hac
2945 1301 3187 1356 cultores
3219 1299 3481 1369 prisunos
3506 1298 3645 1353 Aser
3665 1311 3780 1352 non
3815 1295 3982 1351 valuit

2400 1397 2695 1464 eXpeHcre.

2468 1489 2737 1549 tihorath.
2767 1498 2985 1542 torrens
3026 1497 3177 1541 trans
3206 1484 3501 1539 Iordanem
3533 1484 3608 1553 (in
3626 1500 3736 1551 quo
3754 1484 3983 1539 abscon-

2402 1582 2433 1635 d
2464 1594 2549 1634 tus
2583 1592 2667 1635 est
2710 1580 2874 1638 Elias.
2907 1596 2937 1633 e
2971 1580 3193 1650 regione
3223 1577 3468 1647 ejusdem
3496 1578 3782 1645 ﬂuminis).

2469 1673 2703 1736 Chulha,
2738 1672 2887 1741 regio
2915 1672 3279 1741 Assyriorum.

2463 1766 2702 1829 (Zhohar,
2736 1766 2935 1818 llumen
2973 1763 3353 1833 Babylonium,
3401 1765 3543 1817 sicut
3600 1761 3654 1815 in
3699 1759 3980 1815 Ezechiel.

2482 1858 2866 1919 Chatchatnis,
2894 1857 3088 1911 civitas
3115 1857 3268 1926 juxta
3294 1857 3495 1909 ﬂumen
3530 1854 3882 1923 Euphraten.

2336 1917 2375 1969 Β
2474 1951 2801 2009 Chamoatn,
2829 1947 3017 2001 villula
3054 1947 3210 2016 juxta
3236 1947 3539 2001 Bethleem.

2475 2043 2721 2102 Chwlon,
2755 2056 2876 2110 qua:
2907 2053 2962 2096 et
2999 2042 3195 2107 Ealott,
3225 2044 3486 2112 Oppidum
3523 2040 3703 2102 Moab.
3736 2039 3883 2094 sicut
3938 2039 3991 2092 in

2407 2132 2649 2187 Ieremia
2683 2133 2971 2188 Scribitur.

2480 2228 2740 2288 Chamos,
2776 2227 2980 2281 idolum
3016 2225 3189 2280 Moab.

2942 2317 3029 2370 DE
3052 2316 3490 2372 EVANCELIIS.

2482 2410 2817 2475 Chorozain,
2882 2410 3143 2480 oppidum
3225 2411 3470 2469 Galilra‘.
3533 2410 3675 2477 quod
3738 2408 3992 2462 Christus

2417 2512 2640 2574 prOptcr
2694 2504 3138 2558 incredulitatem
3199 2504 3585 2558 miserabiliter
3638 2502 3895 2570 deplorat
3944 2512 3998 2554 et

2417 2597 2645 2668 plangit.
2672 2598 2768 2652 Est
2794 2610 2974 2651 autem
3012 2612 3162 2653 nunc
3197 2599 3478 2653 desertum
3528 2596 3579 2650 iu
3622 2596 3871 2650 secundo
3921 2600 3995 2647 la-

2417 2689 2541 2760 pide
2580 2706 2608 2743 a
2635 2689 3041 2758 Capharnautu.

2486 2782 2827 2844 Chimarrus.
2853 2782 2906 2836 id
2933 2793 3036 2845 est,
3075 2791 3289 2836 torrens
3322 2781 3567 2845 Cedron,
3594 2783 3663 2836 de
3692 2781 3855 2852 195
3891 2797 3997 2850 quo

2418 2885 2473 2930 et
2495 2890 2660 2944 supra
2686 2875 2943 2940 diximus,
2984 2876 3125 2928 inter
3157 2886 3397 2930 montem
3445 2876 3648 2930 Ulireti
3688 2889 3745 2929 et
3778 2875 4000 2929 Jerusa-

2419 2967 2548 3030 lem,
2584 2965 2676 3020 ubi
2709 2966 2998 3019 Dominum
3024 2965 3625 3021 Salvatoretnloamtes
3656 2967 3999 3037 evangelista

2418 3068 2606 3113 narrat
2630 3058 2911 3113 traditum.

2850 3149 2937 3203 DE
2978 3147 3183 3205 LIBRO
3208 3147 3588 3205 GENESEUS.

808 3236 1185 3296 Chenncreth.
1232 3251 1382 3288 mare
1415 3236 1503 3289 ubi
1535 3246 1620 3289 est
1666 3235 1867 3291 ludam
1924 3240 2191 3293 terminus
2254 3238 2307 3291 in
2338 3264 2384 3327 ρ
2482 3245 2847 3309 Dasem,urhs
2878 3246 3220 3315 Assyriorum
3260 3245 3480 3307 nobilis,
3514 3263 3676 3314 quam
3724 3247 4001 3301 exstruxit

743 3330 887 3384 tribu
909 3330 1278 3398 Nephthalim.
1310 3329 1441 3399 (Sed
1462 3342 1509 3383 el
1535 3332 1792 3400 oppidum
1815 3333 1958 3402 quod
1977 3333 2026 3385 itt
2045 3334 2311 3387 honorem

745 3430 931 3487 postea
968 3418 1171 3472 Tiberii
1196 3419 1446 3482 C:esaris,
1478 3420 1722 3475 Herodes
1747 3437 1839 3477 rex
1869 3421 2068 3478 Iudaeae
2100 3425 2314 3479 instau-

748 3521 924 3564 ratum
958 3511 1248 3579 appellavit
1305 3510 1669 3574 Tiberiadem.
1715 3512 1897 3569 ferunt
1945 3516 2048 3570 hoc
2082 3518 2316 3586 primunt

745 3603 1077 3673 appellatum
1111 3604 1377 3667 nomine).

1244 3696 1328 3749 DE
1360 3695 1562 3751 LIBRO
1598 3696 1793 3752 JESU.

814 3786 1107 3853 Chephira,
1142 3787 1297 3841 vicus
1329 3788 1395 3841 ad
1439 3789 1716 3842 civitatem
1775 3789 2054 3859 pertinens
2084 3792 2310 3847 Gabaon

749 3884 802 3933 in
838 3880 982 3934 tribu
1020 3880 1331 3949 Beniamin.

820 3970 1117 4034 Chasalon,
1154 3970 1204 4023 in
1228 3971 1546 4034 trihuJuda,
1578 3983 1629 4028 ct
1674 3975 1724 4027 iu
1790 3976 1988 4032 ﬁnibus
2018 3975 2175 4033 Elia:
2198 3978 2321 4033 villa

752 4063 1100 4130 praegrandis.

830 4155 1021 4218 Chisil,
1060 4155 1111 4208 in
1143 4155 1284 4209 tribu
1312 4154 1472 4211 Juda.

818 4247 1069 4310 Cltabon,
1104 4247 1157 4299 in
1188 4248 1328 4301 tribu
1357 4247 1521 4302 Juda.

832 4337 993 4409 194
1021 4339 1307 4408 Cltaphtis,
1339 4340 1392 4392 iu
1432 4341 1573 4394 tribu
1598 4339 1761 4396 Iuda.

825 4429 1104 4496 Chermel,
1135 4430 1278 4484 unde
1309 4428 1475 4487 Nabal
1508 4431 1853 4487 Charmelius
1885 4433 2003 4496 fuit,
2035 4433 2100 4488 de
2130 4448 2234 4503 qua
2268 4443 2321 4488 et

760 4538 924 4592 supra
954 4523 1159 4577 dictum
1187 4532 1291 4577 est.

830 4707 1048 4767 Chilon.
1095 4706 1148 4761 itt
1180 4708 1322 4761 tribu
1359 4706 1524 4761 Juda.

843 4800 1103 4867 Cltepltri,
1149 4798 1202 4853 itt
1239 4798 1385 4854 tribu
1413 4799 1719 4870 Benjantin.

836 4888 1149 4942 Chasselath
1175 4886 1417 4948 Thahor,
1455 4888 1505 4940 itt
1539 4888 1681 4940 tribu
1719 4888 1986 4944 Zabttlon.

1155 4978 1243 5034 DE
1276 4978 1658 5036 HEGNORUM
1705 4980 1955 5036 LlBlllS.

837 5074 1158 5134 Cltetthiim.
1186 5085 1332 5127 terra
1364 5074 1684 5137 Chetthilm,
1742 5074 1956 5144 Cyprus
2000 5076 2224 5139 dicitur,
2284 5076 2341 5129 in

771 5183 877 5231 qua
911 5166 1186 5220 civitatem
1222 5163 1462 5219 condidit
1495 5166 1661 5219 Luza.
1695 5166 1853 5235 (Nam
1880 5178 1936 5222 et
1970 5168 2101 5221 urbs
2153 5167 2342 5223 hodie-

771 5275 875 5327 que
898 5258 1276 5327 Cypricittium
1309 5260 1711 5324 nuncupatur.)

845 5350 1060 5413 Charri,
1097 5352 1161 5403 ad
1194 5364 1360 5417 quem
1402 5349 1576 5403 locum
1605 5356 1925 5419 perSecutus
1955 5363 2041 5407 est
2089 5350 2225 5408 Joab
2257 5370 2345 5410 res

777 5458 943 5496 novas
967 5443 1274 5496 molientem
1304 5440 1499 5496 Sabee.

849 5620 862 5649 ¹
900 5617 963 5671 In
998 5619 1141 5670 libris
1196 5615 1576 5672 Hebraicnrum
1641 5618 2032 5683 Quaestionum.
2107 5622 2179 5677 De
2212 5623 2349 5679 Cha-

778 5690 961 5741 bratlm
985 5699 1038 5739 et
1065 5689 1221 5740 (Παιδί
1252 5689 1496 5756 disputat
1526 5683 1745 5743 Hieron.
1807 5690 1949 5743 libro
1990 5690 2347 5755 Quwstt’onum

787 5757 1165 5832 {lebraicm-mn
1222 5760 1274 5810 in
1336 5761 1611 5813 (ient-sim.
1685 5760 1897 5817 Videsis
1940 5775 2064 5832 post
2150 5764 2348 5819 librum

784 5828 1070 5881 Locorum.
1107 5827 1373 5881 Mtnrtu.

857 5900 876 5930 ²
907 5909 977 5951 lla
1013 5899 1066 5953 in
1096 5898 1548 5964 Questioitibusin
1580 5897 1738 5967 Gem,
1776 5915 1897 5972 cap.
1961 5918 2049 5958 xw
2084 5921 2097 5958 :
2153 5922 2171 5957 t
2214 5902 2347 5970 Dan,

2420 3340 2612 3400 Assur,
2640 3338 2782 3391 inter
2809 3335 3038 3389 Niniven
3072 3346 3122 3390 et
3142 3335 3403 3392 Chalach.

2500 3428 2665 3499 Drys,
2695 3427 2747 3482 id
2805 3438 2908 3493 est,
2940 3444 3177 3495 quercus
3222 3428 3485 3494 Maere,
3529 3432 3685 3500 juxta
3742 3430 3999 3486 Chebron

2424 3522 2567 3588 (qua:
2597 3534 2768 3580 usque
2794 3518 2860 3572 ad
2879 3528 3093 3573 aetatem
3126 3519 3372 3573 infantiae
3402 3538 3556 3579 mean.
3606 3534 3661 3576 et
3694 3522 4004 3577 Constantii

2426 3613 2570 3682 regis
2645 3612 2957 3681 imperium,
3020 3613 3364 3668 terebinthus
3420 3616 3835 3670 tnonstrabatur
3885 3634 4005 3685 per-

2426 3719 2605 3769 vetus,
2650 3716 2701 3760 et
2739 3719 2913 3758 annos
2971 3691 3347 3775 magnitudine
3385 3707 3685 3775 indicans),
3740 3714 3847 3763 sub
3900 3725 4004 3780 qua

2428 3799 3018 3853 habitavitAbraham.
3058 3798 3219 3864 (Miro
3239 3810 3419 3852 autem
3446 3802 3595 3854 cultu
3636 3804 3703 3854 ab
3770 3805 4011 3856 ethnicis

2431 3890 2612 3944 habita
2646 3899 2751 3953 est,
2789 3898 2847 3943 et
2881 3888 3052 3943 veluti
3081 3891 3317 3957 quodam
3344 3890 3548 3961 insigni
3588 3893 3824 3948 numine
3874 3909 4013 3949 con-

2427 3980 2690 4050 secrata.)

2496 4073 2813 4133 Damascus,
2857 4069 3054 4123 nobilis
3083 4074 3209 4124 urbs
3240 4070 3542 4126 Phteuicis.
3573 4073 3775 4128 Eotletn
3826 4087 4008 4129 autem

2430 4162 2701 4217 vocabulo
2752 4171 2805 4214 et
2865 4160 3064 4224 Mascc,
3121 4162 3330 4216 ancilla:
3385 4165 3657 4219 Abraham
3699 4165 3866 4231 ﬁlius,
3923 4185 4013 4236 ap-

2434 4256 2668 4326 pclltttus
2731 4265 2837 4307 est.
2895 4256 3093 4320 (Porro
3155 4255 3334 4309 Masec
3400 4256 3531 4327 quid
3588 4260 3691 4313 sibi
3746 4262 3903 4324 velit,
3960 4264 4010 4315 in

2438 4347 2591 4400 libris
2640 4345 3020 4399 Hebraicarum
3110 4346 3469 4411 Qumtionum
3534 4352 3749 4419 plenius
3819 4357 4013 4422 distiu-

2436 4439 2545 4491 tavi
2588 4438 2720 4491 :hic
2760 4448 2969 4490 tantum
3000 4438 3326 4507 interpretis
3370 4455 3488 4494 sum
3520 4442 3743 4498 functus
3811 4448 4010 4501 cilicio.

2440 4546 2546 4583 non
2606 4531 2749 4598 quod
2812 4529 3066 4583 ancillam
3118 4531 3355 4588 Abrahae
3403 4532 3581 4590 Masec
3630 4551 4007 4607 nuncupatam

2319 4658 2333 4673 .
2362 4608 2414 4669 Ῑ)
2444 4621 2721 4692 probem.)

2517 4715 2653 4779 Dan,
2686 4714 2896 4768 viculus
2919 4724 3002 4769 est
3036 4716 3087 4769 in
3146 4729 3342 4785 quarto
3385 4731 3413 4770 a
3469 4719 3720 4775 Pam-ade
3762 4724 4015 4779 milliario

2439 4808 2700 4861 euntibus
2750 4805 3001 4878 Tyrum:
3059 4811 3149 4876 qtti
3204 4824 3376 4879 usique
3424 4812 3585 4866 hodie
3641 4814 3721 4868 sic
3770 4829 4014 4881 vocatur.

2444 4897 2712 4951 terminus
2763 4897 2964 4950 Judtea:
3012 4897 3527 4966 provincia-tonus
3567 4907 4015 4970 septentrionmo,

2445 4990 2512 5044 de
2542 5005 2651 5059 quo
2689 4999 2743 5043 et
2768 4986 3026 5043 Jordanis
3060 4990 3263 5044 ﬂumen
3300 5007 3612 5060 erumpens.
3654 4994 3722 5064 (Α
3747 4996 3869 5051 loco
3901 5015 4005 5053 sor-

2443 5082 2575 5134 tittts
2635 5089 2718 5134 est
2778 5096 2979 5134 nomen
3034 5098 3047 5133 :
3104 5080 3221 5146 Jor,
3285 5086 3486 5154 quippe
3534 5086 3775 5155 ῥεῖθρον,
3838 5091 3889 5143 id
3942 5101 4020 5144 est

2445 5172 2673 5226 fluvium
2706 5172 2823 5226 sive
2857 5174 3033 5225 rivum
3073 5173 3284 5229 Hebraei
3316 5179 3561 5245 vocant.)

2518 5264 2794 5327 Danuaha,
2845 5263 3042 5318 civitas
3094 5263 3275 5328 Balac,
3314 5268 3407 5320 lilii
3447 5266 3584 5337 Beo‘r
3619 5270 3767 5342 regis
3827 5272 4016 5333 Edoni,

2449 5364 2573 5424 post
2598 5368 2758 5422 quem
2804 5356 3053 5426 regnavit
3078 5354 3180 5409 Job
3207 5356 3356 5426 (licet
3390 5359 3525 5413 mihi
3582 5362 3838 5417 rideatur
3871 5367 4019 5435 longe

2448 5446 2653 5515 aliter),
2683 5457 2737 5501 et
2768 5458 2849 5502 est
2885 5464 3057 5517 usque
3090 5448 3254 5506 hodie
3284 5451 3406 5505 villa
3442 5453 3705 5519 Daunaia,
3742 5457 3794 5511 in
3834 5469 4020 5514 octavo

2452 5627 2649 5693 inquit,
2685 5642 2826 5703 unus
2864 5642 2893 5681 e
2930 5627 3177 5703 fontibus
3227 5643 3311 5687 est
3359 5632 3659 5703 Iordanis;
3715 5655 3841 5692 nam
3886 5642 4023 5695 alter

2453 5708 2676 5775 tocatur
2708 5695 2824 5775 lor,
2881 5698 3025 5768 quod
3068 5701 3467 5775 interpretatur
3520 5695 3760 5775 ρεἰθρον,
3825 5712 3875 5763 id
3919 5725 4020 5772 est.

2454 5768 2691 5846 nivoso
2731 5768 2863 5821 \‘ide
2914 5783 3035 5846 quae
3066 5772 3449 5829 adnotavimus
3491 5768 3556 5846 in
3607 5768 3768 5846 epist.
3808 5780 3897 5842 78.
3956 5768 4021 5833 ad

2454 5833 2693 5895 Fubiol..
2728 5852 2902 5890 mans.
2932 5833 3049 5903 Ἠ,
3099 5856 3163 5898 ac
3228 5833 3917 5906 rursumComtnentarius
3970 5860 4021 5904 tu

2455 5906 2652 5963 Ezech.
2693 5922 2814 5977 cap.
2852 5923 3037 5965 xu'ttt.
