  <div class='ocr_page' id='page_1' title='image "/cluster/home/n/w/nwhite01/storage/ocr_20150623/23/hvd.32044012674545/480.png"; bbox 0 0 4188 7150; ppageno 0'>
   <div class='ocr_carea' id='block_1_1' title="bbox 176 414 271 475">
    <p class='ocr_par' dir='ltr' id='par_1_1' title="bbox 176 414 271 475">
     <span class='ocr_line' id='line_1_1' title="bbox 176 414 271 475; baseline -0.021 0"><span class='ocrx_word' id='word_1_1' title='bbox 176 414 271 475; x_wconf 73' lang='grc' dir='ltr'><strong>93ἷ</strong></span> 
     </span>
    </p>
   </div>
   <div class='ocr_carea' id='block_1_2' title="bbox 1114 402 2504 471">
    <p class='ocr_par' dir='ltr' id='par_1_2' title="bbox 1114 402 2504 471">
     <span class='ocr_line' id='line_1_2' title="bbox 1114 402 2504 471; baseline -0.007 0"><span class='ocrx_word' id='word_1_2' title='bbox 1114 411 1215 471; x_wconf 88' lang='lat' dir='ltr'><strong>DE</strong></span> <span class='ocrx_word' id='word_1_3' title='bbox 1256 408 1433 469; x_wconf 84' lang='lat' dir='ltr'><strong>SlTU</strong></span> <span class='ocrx_word' id='word_1_4' title='bbox 1477 406 1572 467; x_wconf 80' lang='grc' dir='ltr'><strong>ΕΤ</strong></span> <span class='ocrx_word' id='word_1_5' title='bbox 1610 402 1890 464; x_wconf 81' lang='lat' dir='ltr'><strong>NOMIN.</strong></span> <span class='ocrx_word' id='word_1_6' title='bbox 1934 402 2090 464; x_wconf 88' lang='lat' dir='ltr'><strong>LOC.</strong></span> <span class='ocrx_word' id='word_1_7' title='bbox 2140 402 2504 463; x_wconf 75' lang='lat' dir='ltr'><strong>HEBRAIC.</strong></span> 
     </span>
    </p>
   </div>
   <div class='ocr_carea' id='block_1_3' title="bbox 3324 401 3428 467">
    <p class='ocr_par' dir='ltr' id='par_1_3' title="bbox 3324 401 3428 467">
     <span class='ocr_line' id='line_1_3' title="bbox 3324 401 3428 467; baseline 0.019 -4"><span class='ocrx_word' id='word_1_8' title='bbox 3324 401 3428 467; x_wconf 71' lang='lat'><strong>933</strong></span> 
     </span>
    </p>
   </div>
   <div class='ocr_carea' id='block_1_4' title="bbox 175 513 1752 598">
    <p class='ocr_par' dir='ltr' id='par_1_4' title="bbox 175 524 1752 598">
     <span class='ocr_line' id='line_1_4' title="bbox 175 524 1752 598; baseline -0.006 -17"><span class='ocrx_word' id='word_1_9' title='bbox 175 529 432 584; x_wconf 87' lang='lat' dir='ltr'><strong>milliario</strong></span> <span class='ocrx_word' id='word_1_10' title='bbox 489 526 873 598; x_wconf 76' lang='grc' dir='ltr'><strong>Ἀρεοπόλεως</strong></span> <span class='ocrx_word' id='word_1_11' title='bbox 909 525 1272 597; x_wconf 71' lang='lat' dir='ltr'><strong>pergentibus</strong></span> <span class='ocrx_word' id='word_1_12' title='bbox 1302 526 1589 577; x_wconf 83' lang='lat' dir='ltr'><strong>Arnonem</strong></span> <span class='ocrx_word' id='word_1_13' title='bbox 1621 524 1635 550; x_wconf 83' lang='grc'>¹</span> <span class='ocrx_word' id='word_1_14' title='bbox 1661 538 1675 586; x_wconf 87' lang='lat'><strong>;</strong></span> <span class='ocrx_word' id='word_1_15' title='bbox 1699 528 1752 574; x_wconf 90' lang='lat' dir='ltr'><strong>et</strong></span> 
     </span>
    </p>
   </div>
   <div class='ocr_carea' id='block_1_5' title="bbox 1859 513 3394 598">
    <p class='ocr_par' dir='ltr' id='par_1_5' title="bbox 1860 513 3394 587">
     <span class='ocr_line' id='line_1_5' title="bbox 1860 513 3394 587; baseline -0.001 -17"><span class='ocrx_word' id='word_1_16' title='bbox 1860 516 2152 587; x_wconf 72' lang='grc' dir='ltr'><strong>ροπὸλςως,</strong></span> <span class='ocrx_word' id='word_1_17' title='bbox 2210 517 2398 572; x_wconf 85' lang='lat' dir='ltr'>decem</span> <span class='ocrx_word' id='word_1_18' title='bbox 2447 523 2501 569; x_wconf 88' lang='lat' dir='ltr'><strong>et</strong></span> <span class='ocrx_word' id='word_1_19' title='bbox 2560 524 2769 585; x_wconf 83' lang='lat' dir='ltr'><strong>septem</strong></span> <span class='ocrx_word' id='word_1_20' title='bbox 2827 514 2892 568; x_wconf 85' lang='lat' dir='ltr'><strong>ab</strong></span> <span class='ocrx_word' id='word_1_21' title='bbox 2932 530 2993 569; x_wconf 85' lang='lat' dir='ltr'><strong>ea</strong></span> <span class='ocrx_word' id='word_1_22' title='bbox 3035 513 3275 569; x_wconf 82' lang='lat' dir='ltr'><strong>millibus</strong></span> <span class='ocrx_word' id='word_1_23' title='bbox 3312 517 3394 569; x_wconf 74' lang='lat' dir='ltr'><strong>dis</strong></span> 
     </span>
    </p>
   </div>
   <div class='ocr_carea' id='block_1_6' title="bbox 170 613 1752 691">
    <p class='ocr_par' dir='ltr' id='par_1_6' title="bbox 170 613 1752 691">
     <span class='ocr_line' id='line_1_6' title="bbox 170 613 1752 691; baseline -0.008 -12"><span class='ocrx_word' id='word_1_24' title='bbox 170 628 336 680; x_wconf 83' lang='lat' dir='ltr'><strong>altera</strong></span> <span class='ocrx_word' id='word_1_25' title='bbox 372 622 640 679; x_wconf 85' lang='lat' dir='ltr'><strong>Dannaha</strong></span> <span class='ocrx_word' id='word_1_26' title='bbox 671 633 842 691; x_wconf 84' lang='lat' dir='ltr'><strong>super</strong></span> <span class='ocrx_word' id='word_1_27' title='bbox 860 627 1104 674; x_wconf 84' lang='lat' dir='ltr'><strong>montem</strong></span> <span class='ocrx_word' id='word_1_28' title='bbox 1152 615 1370 687; x_wconf 88' lang='lat' dir='ltr'><strong>Phogor</strong></span> <span class='ocrx_word' id='word_1_29' title='bbox 1401 615 1453 669; x_wconf 91' lang='lat' dir='ltr'><strong>iu</strong></span> <span class='ocrx_word' id='word_1_30' title='bbox 1515 613 1752 684; x_wconf 87' lang='lat' dir='ltr'><strong>septimo</strong></span> 
     </span>
    </p>
   </div>
   <div class='ocr_carea' id='block_1_7' title="bbox 171 717 577 789">
    <p class='ocr_par' dir='ltr' id='par_1_7' title="bbox 171 717 577 789">
     <span class='ocr_line' id='line_1_7' title="bbox 171 717 577 789; baseline -0.01 -16"><span class='ocrx_word' id='word_1_31' title='bbox 171 721 347 789; x_wconf 80' lang='lat' dir='ltr'><strong>lapide</strong></span> <span class='ocrx_word' id='word_1_32' title='bbox 373 717 577 772; x_wconf 83' lang='lat' dir='ltr'><strong>Eshus.</strong></span> 
     </span>
    </p>
   </div>
   <div class='ocr_carea' id='block_1_8' title="bbox 236 801 1750 875">
    <p class='ocr_par' dir='ltr' id='par_1_8' title="bbox 236 801 1750 875">
     <span class='ocr_line' id='line_1_8' title="bbox 236 801 1750 875; baseline -0.009 -8"><span class='ocrx_word' id='word_1_33' title='bbox 236 812 522 875; x_wconf 84' lang='lat' dir='ltr'><strong>Dothaim,</strong></span> <span class='ocrx_word' id='word_1_34' title='bbox 557 808 649 863; x_wconf 88' lang='lat' dir='ltr'><strong>ubi</strong></span> <span class='ocrx_word' id='word_1_35' title='bbox 690 805 907 863; x_wconf 78' lang='lat' dir='ltr'><strong>invenit</strong></span> <span class='ocrx_word' id='word_1_36' title='bbox 934 801 1136 873; x_wconf 92' lang='lat' dir='ltr'><strong>Ioseph</strong></span> <span class='ocrx_word' id='word_1_37' title='bbox 1169 801 1367 857; x_wconf 91' lang='lat' dir='ltr'><strong>fratres</strong></span> <span class='ocrx_word' id='word_1_38' title='bbox 1396 817 1525 857; x_wconf 89' lang='lat' dir='ltr'><strong>suos</strong></span> <span class='ocrx_word' id='word_1_39' title='bbox 1554 817 1750 871; x_wconf 83' lang='lat' dir='ltr'><strong>pecora</strong></span> 
     </span>
    </p>
   </div>
   <div class='ocr_carea' id='block_1_9' title="bbox 168 894 1752 973">
    <p class='ocr_par' dir='ltr' id='par_1_9' title="bbox 168 894 1752 973">
     <span class='ocr_line' id='line_1_9' title="bbox 168 894 1752 973; baseline -0.008 -15"><span class='ocrx_word' id='word_1_40' title='bbox 168 914 492 973; x_wconf 81' lang='lat' dir='ltr'><strong>pascentes,</strong></span> <span class='ocrx_word' id='word_1_41' title='bbox 543 902 637 972; x_wconf 88' lang='lat' dir='ltr'><strong>qui</strong></span> <span class='ocrx_word' id='word_1_42' title='bbox 689 909 743 956; x_wconf 92' lang='lat' dir='ltr'><strong>et</strong></span> <span class='ocrx_word' id='word_1_43' title='bbox 775 912 949 966; x_wconf 86' lang='lat' dir='ltr'><strong>usque</strong></span> <span class='ocrx_word' id='word_1_44' title='bbox 981 896 1141 950; x_wconf 80' lang='lat' dir='ltr'><strong>hodie</strong></span> <span class='ocrx_word' id='word_1_45' title='bbox 1187 894 1243 949; x_wconf 91' lang='lat' dir='ltr'><strong>in</strong></span> <span class='ocrx_word' id='word_1_46' title='bbox 1265 895 1595 950; x_wconf 90' lang='lat' dir='ltr'><strong>duodecimo</strong></span> <span class='ocrx_word' id='word_1_47' title='bbox 1628 894 1752 947; x_wconf 86' lang='lat' dir='ltr'><strong>mil-</strong></span> 
     </span>
    </p>
   </div>
   <div class='ocr_carea' id='block_1_10' title="bbox 167 987 1751 1059">
    <p class='ocr_par' dir='ltr' id='par_1_10' title="bbox 167 987 1751 1059">
     <span class='ocr_line' id='line_1_10' title="bbox 167 987 1751 1059; baseline -0.009 -7"><span class='ocrx_word' id='word_1_48' title='bbox 167 999 324 1052; x_wconf 81' lang='lat' dir='ltr'><strong>liaria</strong></span> <span class='ocrx_word' id='word_1_49' title='bbox 358 1000 380 1029; x_wconf 77' lang='grc'>³</span> <span class='ocrx_word' id='word_1_50' title='bbox 410 1012 442 1050; x_wconf 88' lang='lat' dir='ltr'><strong>a</strong></span> <span class='ocrx_word' id='word_1_51' title='bbox 479 995 736 1059; x_wconf 87' lang='lat' dir='ltr'><strong>Sebaste,</strong></span> <span class='ocrx_word' id='word_1_52' title='bbox 769 1002 960 1046; x_wconf 89' lang='lat' dir='ltr'><strong>contra</strong></span> <span class='ocrx_word' id='word_1_53' title='bbox 1012 987 1287 1058; x_wconf 88' lang='lat' dir='ltr'><strong>aquilonis</strong></span> <span class='ocrx_word' id='word_1_54' title='bbox 1315 988 1523 1058; x_wconf 80' lang='lat' dir='ltr'><strong>plagam</strong></span> <span class='ocrx_word' id='word_1_55' title='bbox 1562 996 1751 1041; x_wconf 87' lang='lat' dir='ltr'><strong>osten-</strong></span> 
     </span>
    </p>
   </div>
   <div class='ocr_carea' id='block_1_11' title="bbox 167 1094 1539 1236">
    <p class='ocr_par' dir='ltr' id='par_1_11' title="bbox 167 1094 1539 1236">
     <span class='ocr_line' id='line_1_11' title="bbox 167 1094 1539 1236; baseline -0.007 0"><span class='ocrx_word' id='word_1_56' title='bbox 167 1094 338 1147; x_wconf 50' lang='lat' dir='ltr'><strong>dunt.</strong></span> <span class='ocrx_word' id='word_1_57' title='bbox 387 1180 477 1236; x_wconf 85' lang='lat' dir='ltr'><strong>DE</strong></span> <span class='ocrx_word' id='word_1_58' title='bbox 506 1176 816 1236; x_wconf 80' lang='lat' dir='ltr'><strong>NUMERIS</strong></span> <span class='ocrx_word' id='word_1_59' title='bbox 848 1177 936 1233; x_wconf 85' lang='lat' dir='ltr'><strong>ET</strong></span> <span class='ocrx_word' id='word_1_60' title='bbox 969 1172 1539 1231; x_wconf 77' lang='lat' dir='ltr'><strong>DEUTERONOMIO.</strong></span> 
     </span>
    </p>
   </div>
   <div class='ocr_carea' id='block_1_12' title="bbox 238 1267 1753 1344">
    <p class='ocr_par' dir='ltr' id='par_1_12' title="bbox 238 1267 1753 1344">
     <span class='ocr_line' id='line_1_12' title="bbox 238 1267 1753 1344; baseline -0.005 -13"><span class='ocrx_word' id='word_1_61' title='bbox 238 1276 462 1339; x_wconf 86' lang='lat' dir='ltr'><strong>Debon,</strong></span> <span class='ocrx_word' id='word_1_62' title='bbox 495 1290 617 1344; x_wconf 69' lang='lat' dir='ltr'><strong>quae</strong></span> <span class='ocrx_word' id='word_1_63' title='bbox 647 1282 703 1327; x_wconf 91' lang='lat' dir='ltr'><strong>et</strong></span> <span class='ocrx_word' id='word_1_64' title='bbox 736 1271 933 1335; x_wconf 84' lang='lat' dir='ltr'><strong>Dibon,</strong></span> <span class='ocrx_word' id='word_1_65' title='bbox 954 1271 1006 1323; x_wconf 91' lang='lat' dir='ltr'><strong>in</strong></span> <span class='ocrx_word' id='word_1_66' title='bbox 1032 1270 1332 1323; x_wconf 88' lang='lat' dir='ltr'><strong>solitudine</strong></span> <span class='ocrx_word' id='word_1_67' title='bbox 1382 1278 1562 1325; x_wconf 85' lang='lat' dir='ltr'><strong>castra</strong></span> <span class='ocrx_word' id='word_1_68' title='bbox 1614 1267 1753 1323; x_wconf 83' lang='lat' dir='ltr'><strong>ﬁlio-</strong></span> 
     </span>
    </p>
   </div>
   <div class='ocr_carea' id='block_1_13' title="bbox 170 1361 1752 1432">
    <p class='ocr_par' dir='ltr' id='par_1_13' title="bbox 170 1361 1752 1432">
     <span class='ocr_line' id='line_1_13' title="bbox 170 1361 1752 1432; baseline -0.006 -8"><span class='ocrx_word' id='word_1_69' title='bbox 170 1386 287 1425; x_wconf 88' lang='lat' dir='ltr'><strong>rutn</strong></span> <span class='ocrx_word' id='word_1_70' title='bbox 316 1368 514 1423; x_wconf 91' lang='lat' dir='ltr'><strong>lsrael.</strong></span> <span class='ocrx_word' id='word_1_71' title='bbox 552 1366 648 1421; x_wconf 82' lang='lat' dir='ltr'><strong>Est</strong></span> <span class='ocrx_word' id='word_1_72' title='bbox 686 1376 864 1422; x_wconf 89' lang='lat' dir='ltr'><strong>autem</strong></span> <span class='ocrx_word' id='word_1_73' title='bbox 889 1375 945 1419; x_wconf 94' lang='lat' dir='ltr'><strong>et</strong></span> <span class='ocrx_word' id='word_1_74' title='bbox 963 1363 1068 1418; x_wconf 88' lang='lat' dir='ltr'><strong>alia</strong></span> <span class='ocrx_word' id='word_1_75' title='bbox 1088 1363 1283 1428; x_wconf 88' lang='lat' dir='ltr'><strong>Dibon,</strong></span> <span class='ocrx_word' id='word_1_76' title='bbox 1311 1361 1437 1417; x_wconf 87' lang='lat' dir='ltr'><strong>villa</strong></span> <span class='ocrx_word' id='word_1_77' title='bbox 1470 1376 1752 1432; x_wconf 51' lang='lat' dir='ltr'><strong>praegran-</strong></span> 
     </span>
    </p>
   </div>
   <div class='ocr_carea' id='block_1_14' title="bbox 167 1455 1753 1533">
    <p class='ocr_par' dir='ltr' id='par_1_14' title="bbox 167 1455 1753 1533">
     <span class='ocr_line' id='line_1_14' title="bbox 167 1455 1753 1533; baseline -0.007 -15"><span class='ocrx_word' id='word_1_78' title='bbox 167 1464 250 1518; x_wconf 76' lang='grc' dir='ltr'><strong>ὼε</strong></span> <span class='ocrx_word' id='word_1_79' title='bbox 279 1464 444 1533; x_wconf 77' lang='lat' dir='ltr'><strong>juxta</strong></span> <span class='ocrx_word' id='word_1_80' title='bbox 475 1462 784 1523; x_wconf 78' lang='lat' dir='ltr'><strong>Arnonent,</strong></span> <span class='ocrx_word' id='word_1_81' title='bbox 815 1474 937 1530; x_wconf 63' lang='lat' dir='ltr'><strong>qua</strong></span> <span class='ocrx_word' id='word_1_82' title='bbox 967 1473 1091 1513; x_wconf 89' lang='lat' dir='ltr'><strong>cum</strong></span> <span class='ocrx_word' id='word_1_83' title='bbox 1123 1457 1274 1527; x_wconf 87' lang='lat' dir='ltr'><strong>prius</strong></span> <span class='ocrx_word' id='word_1_84' title='bbox 1298 1455 1494 1511; x_wconf 86' lang='lat' dir='ltr'><strong>fuisset</strong></span> <span class='ocrx_word' id='word_1_85' title='bbox 1514 1456 1753 1509; x_wconf 90' lang='lat' dir='ltr'><strong>ﬁliorum</strong></span> 
     </span>
    </p>
   </div>
   <div class='ocr_carea' id='block_1_15' title="bbox 167 1544 1754 1625">
    <p class='ocr_par' dir='ltr' id='par_1_15' title="bbox 167 1544 1754 1625">
     <span class='ocr_line' id='line_1_15' title="bbox 167 1544 1754 1625; baseline -0.006 -16"><span class='ocrx_word' id='word_1_86' title='bbox 167 1554 352 1619; x_wconf 78' lang='lat' dir='ltr'><strong>Moab,</strong></span> <span class='ocrx_word' id='word_1_87' title='bbox 384 1564 441 1608; x_wconf 91' lang='lat' dir='ltr'><strong>et</strong></span> <span class='ocrx_word' id='word_1_88' title='bbox 472 1564 599 1625; x_wconf 90' lang='lat' dir='ltr'><strong>post</strong></span> <span class='ocrx_word' id='word_1_89' title='bbox 629 1567 752 1607; x_wconf 88' lang='lat' dir='ltr'><strong>eam</strong></span> <span class='ocrx_word' id='word_1_90' title='bbox 786 1551 928 1607; x_wconf 81' lang='lat' dir='ltr'><strong>Seon</strong></span> <span class='ocrx_word' id='word_1_91' title='bbox 964 1566 1059 1605; x_wconf 81' lang='lat' dir='ltr'><strong>rex</strong></span> <span class='ocrx_word' id='word_1_92' title='bbox 1094 1548 1544 1603; x_wconf 75' lang='lat' dir='ltr'><strong>Amorrhteorum</strong></span> <span class='ocrx_word' id='word_1_93' title='bbox 1592 1544 1754 1615; x_wconf 79' lang='lat'><strong>198</strong></span> 
     </span>
    </p>
   </div>
   <div class='ocr_carea' id='block_1_16' title="bbox 166 1641 1748 1719">
    <p class='ocr_par' dir='ltr' id='par_1_16' title="bbox 166 1641 1748 1719">
     <span class='ocr_line' id='line_1_16' title="bbox 166 1641 1748 1719; baseline -0.008 -13"><span class='ocrx_word' id='word_1_94' title='bbox 166 1650 291 1706; x_wconf 86' lang='lat' dir='ltr'><strong>belli</strong></span> <span class='ocrx_word' id='word_1_95' title='bbox 331 1649 463 1719; x_wconf 85' lang='lat' dir='ltr'><strong>jure</strong></span> <span class='ocrx_word' id='word_1_96' title='bbox 494 1649 787 1707; x_wconf 88' lang='lat' dir='ltr'><strong>tenuisset.</strong></span> <span class='ocrx_word' id='word_1_97' title='bbox 819 1658 847 1697; x_wconf 83' lang='lat' dir='ltr'><strong>a</strong></span> <span class='ocrx_word' id='word_1_98' title='bbox 874 1642 1002 1698; x_wconf 89' lang='lat' dir='ltr'><strong>ﬁliis</strong></span> <span class='ocrx_word' id='word_1_99' title='bbox 1024 1641 1187 1696; x_wconf 88' lang='lat' dir='ltr'><strong>lsrael</strong></span> <span class='ocrx_word' id='word_1_100' title='bbox 1216 1650 1372 1709; x_wconf 88' lang='lat' dir='ltr'><strong>capta</strong></span> <span class='ocrx_word' id='word_1_101' title='bbox 1397 1650 1561 1710; x_wconf 88' lang='lat' dir='ltr'><strong>atque</strong></span> <span class='ocrx_word' id='word_1_102' title='bbox 1617 1655 1748 1709; x_wconf 88' lang='lat' dir='ltr'><strong>pos-</strong></span> 
     </span>
    </p>
   </div>
   <div class='ocr_carea' id='block_1_17' title="bbox 167 1730 1751 1809">
    <p class='ocr_par' dir='ltr' id='par_1_17' title="bbox 167 1730 1751 1809">
     <span class='ocr_line' id='line_1_17' title="bbox 167 1730 1751 1809; baseline -0.008 -12"><span class='ocrx_word' id='word_1_103' title='bbox 167 1757 345 1806; x_wconf 81' lang='lat' dir='ltr'><strong>sessa,</strong></span> <span class='ocrx_word' id='word_1_104' title='bbox 377 1741 432 1794; x_wconf 92' lang='lat' dir='ltr'><strong>in</strong></span> <span class='ocrx_word' id='word_1_105' title='bbox 468 1746 681 1809; x_wconf 87' lang='lat' dir='ltr'><strong>partem</strong></span> <span class='ocrx_word' id='word_1_106' title='bbox 730 1735 885 1790; x_wconf 92' lang='lat' dir='ltr'><strong>venit</strong></span> <span class='ocrx_word' id='word_1_107' title='bbox 921 1734 1097 1789; x_wconf 89' lang='lat' dir='ltr'><strong>tribus</strong></span> <span class='ocrx_word' id='word_1_108' title='bbox 1130 1731 1271 1787; x_wconf 87' lang='lat' dir='ltr'><strong>Gad.</strong></span> <span class='ocrx_word' id='word_1_109' title='bbox 1304 1730 1556 1786; x_wconf 86' lang='lat' dir='ltr'><strong>Meminit</strong></span> <span class='ocrx_word' id='word_1_110' title='bbox 1584 1732 1751 1802; x_wconf 88' lang='lat' dir='ltr'><strong>hujus</strong></span> 
     </span>
    </p>
   </div>
   <div class='ocr_carea' id='block_1_18' title="bbox 166 1825 1536 1890">
    <p class='ocr_par' dir='ltr' id='par_1_18' title="bbox 166 1825 1536 1890">
     <span class='ocr_line' id='line_1_18' title="bbox 166 1825 1536 1890; baseline -0.007 0"><span class='ocrx_word' id='word_1_111' title='bbox 166 1835 439 1890; x_wconf 83' lang='lat' dir='ltr'><strong>Ieremias</strong></span> <span class='ocrx_word' id='word_1_112' title='bbox 473 1840 528 1887; x_wconf 89' lang='lat' dir='ltr'><strong>ct</strong></span> <span class='ocrx_word' id='word_1_113' title='bbox 557 1831 726 1886; x_wconf 86' lang='lat' dir='ltr'><strong>Isaias</strong></span> <span class='ocrx_word' id='word_1_114' title='bbox 756 1832 812 1884; x_wconf 90' lang='lat' dir='ltr'><strong>in</strong></span> <span class='ocrx_word' id='word_1_115' title='bbox 838 1828 1057 1883; x_wconf 78' lang='lat' dir='ltr'><strong>visione</strong></span> <span class='ocrx_word' id='word_1_116' title='bbox 1092 1836 1283 1881; x_wconf 88' lang='lat' dir='ltr'><strong>contra</strong></span> <span class='ocrx_word' id='word_1_117' title='bbox 1310 1825 1465 1881; x_wconf 84' lang='lat' dir='ltr'><strong>Moab</strong></span> <span class='ocrx_word' id='word_1_118' title='bbox 1496 1826 1536 1880; x_wconf 89' lang='grc'><strong>³.</strong></span> 
     </span>
    </p>
   </div>
   <div class='ocr_carea' id='block_1_19' title="bbox 241 1919 1276 1996">
    <p class='ocr_par' dir='ltr' id='par_1_19' title="bbox 241 1919 1276 1996">
     <span class='ocr_line' id='line_1_19' title="bbox 241 1919 1276 1996; baseline -0.009 -13"><span class='ocrx_word' id='word_1_119' title='bbox 241 1925 574 1996; x_wconf 87' lang='lat' dir='ltr'><strong>Debongad,</strong></span> <span class='ocrx_word' id='word_1_120' title='bbox 614 1924 846 1978; x_wconf 88' lang='lat' dir='ltr'><strong>ﬁliorum</strong></span> <span class='ocrx_word' id='word_1_121' title='bbox 872 1919 1043 1975; x_wconf 88' lang='lat' dir='ltr'><strong>lsrael</strong></span> <span class='ocrx_word' id='word_1_122' title='bbox 1075 1930 1276 1974; x_wconf 86' lang='lat' dir='ltr'><strong>castra.</strong></span> 
     </span>
    </p>
   </div>
   <div class='ocr_carea' id='block_1_20' title="bbox 233 2008 1753 2091">
    <p class='ocr_par' dir='ltr' id='par_1_20' title="bbox 233 2008 1753 2091">
     <span class='ocr_line' id='line_1_20' title="bbox 233 2008 1753 2091; baseline -0.009 -16"><span class='ocrx_word' id='word_1_123' title='bbox 233 2018 632 2091; x_wconf 82' lang='lat' dir='ltr'><strong>Dysmemoah,</strong></span> <span class='ocrx_word' id='word_1_124' title='bbox 664 2016 717 2071; x_wconf 77' lang='lat' dir='ltr'><strong>id</strong></span> <span class='ocrx_word' id='word_1_125' title='bbox 744 2022 832 2069; x_wconf 91' lang='lat' dir='ltr'><strong>est</strong></span> <span class='ocrx_word' id='word_1_126' title='bbox 865 2012 932 2068; x_wconf 89' lang='lat' dir='ltr'><strong>ad</strong></span> <span class='ocrx_word' id='word_1_127' title='bbox 962 2011 1306 2067; x_wconf 87' lang='lat' dir='ltr'><strong>occidentem</strong></span> <span class='ocrx_word' id='word_1_128' title='bbox 1366 2008 1549 2075; x_wconf 74' lang='lat' dir='ltr'><strong>Moab,</strong></span> <span class='ocrx_word' id='word_1_129' title='bbox 1599 2008 1753 2078; x_wconf 79' lang='lat' dir='ltr'><strong>juxta</strong></span> 
     </span>
    </p>
   </div>
   <div class='ocr_carea' id='block_1_21' title="bbox 166 2102 1754 2170">
    <p class='ocr_par' dir='ltr' id='par_1_21' title="bbox 166 2102 1754 2170">
     <span class='ocr_line' id='line_1_21' title="bbox 166 2102 1754 2170; baseline -0.008 -1"><span class='ocrx_word' id='word_1_130' title='bbox 166 2113 474 2170; x_wconf 87' lang='lat' dir='ltr'><strong>Iordanem</strong></span> <span class='ocrx_word' id='word_1_131' title='bbox 506 2119 697 2165; x_wconf 89' lang='lat' dir='ltr'><strong>contra</strong></span> <span class='ocrx_word' id='word_1_132' title='bbox 729 2106 1013 2162; x_wconf 86' lang='lat' dir='ltr'><strong>Ierichum</strong></span> <span class='ocrx_word' id='word_1_133' title='bbox 1047 2104 1184 2159; x_wconf 84' lang='lat' dir='ltr'><strong>:ubi</strong></span> <span class='ocrx_word' id='word_1_134' title='bbox 1246 2104 1406 2158; x_wconf 89' lang='lat' dir='ltr'><strong>Balac</strong></span> <span class='ocrx_word' id='word_1_135' title='bbox 1444 2119 1535 2157; x_wconf 82' lang='lat' dir='ltr'><strong>rex</strong></span> <span class='ocrx_word' id='word_1_136' title='bbox 1597 2102 1754 2157; x_wconf 89' lang='lat' dir='ltr'><strong>Moab</strong></span> 
     </span>
    </p>
   </div>
   <div class='ocr_carea' id='block_1_22' title="bbox 166 2196 1753 2275">
    <p class='ocr_par' dir='ltr' id='par_1_22' title="bbox 166 2196 1753 2275">
     <span class='ocr_line' id='line_1_22' title="bbox 166 2196 1753 2275; baseline -0.008 -14"><span class='ocrx_word' id='word_1_137' title='bbox 166 2218 220 2262; x_wconf 89' lang='lat' dir='ltr'><strong>et</strong></span> <span class='ocrx_word' id='word_1_138' title='bbox 286 2206 531 2275; x_wconf 84' lang='lat' dir='ltr'><strong>majores</strong></span> <span class='ocrx_word' id='word_1_139' title='bbox 579 2210 713 2258; x_wconf 86' lang='lat' dir='ltr'><strong>natu</strong></span> <span class='ocrx_word' id='word_1_140' title='bbox 770 2198 1013 2263; x_wconf 85' lang='lat' dir='ltr'><strong>Madian,</strong></span> <span class='ocrx_word' id='word_1_141' title='bbox 1064 2196 1320 2252; x_wconf 83' lang='lat' dir='ltr'><strong>lsraelem</strong></span> <span class='ocrx_word' id='word_1_142' title='bbox 1388 2197 1604 2250; x_wconf 89' lang='lat' dir='ltr'><strong>insidiis</strong></span> <span class='ocrx_word' id='word_1_143' title='bbox 1656 2196 1753 2251; x_wconf 84' lang='lat' dir='ltr'><strong>de-</strong></span> 
     </span>
    </p>
   </div>
   <div class='ocr_carea' id='block_1_23' title="bbox 163 2286 1753 2367">
    <p class='ocr_par' dir='ltr' id='par_1_23' title="bbox 163 2286 1753 2367">
     <span class='ocr_line' id='line_1_23' title="bbox 163 2286 1753 2367; baseline -0.008 -14"><span class='ocrx_word' id='word_1_144' title='bbox 163 2306 463 2367; x_wconf 84' lang='lat' dir='ltr'><strong>ceperunt,</strong></span> <span class='ocrx_word' id='word_1_145' title='bbox 499 2295 555 2350; x_wconf 91' lang='lat' dir='ltr'><strong>in</strong></span> <span class='ocrx_word' id='word_1_146' title='bbox 602 2308 710 2364; x_wconf 88' lang='lat' dir='ltr'><strong>quo</strong></span> <span class='ocrx_word' id='word_1_147' title='bbox 742 2291 865 2347; x_wconf 90' lang='lat' dir='ltr'><strong>loco</strong></span> <span class='ocrx_word' id='word_1_148' title='bbox 892 2298 948 2345; x_wconf 93' lang='lat' dir='ltr'><strong>et</strong></span> <span class='ocrx_word' id='word_1_149' title='bbox 980 2287 1161 2344; x_wconf 85' lang='lat' dir='ltr'><strong>Moses</strong></span> <span class='ocrx_word' id='word_1_150' title='bbox 1190 2290 1208 2319; x_wconf 76' lang='grc'>⁸</span> <span class='ocrx_word' id='word_1_151' title='bbox 1242 2288 1461 2357; x_wconf 87' lang='lat' dir='ltr'><strong>scripsit</strong></span> <span class='ocrx_word' id='word_1_152' title='bbox 1492 2286 1753 2343; x_wconf 71' lang='lat' dir='ltr'><strong>Deutero~</strong></span> 
     </span>
    </p>
   </div>
   <div class='ocr_carea' id='block_1_24' title="bbox 168 2390 443 2444">
    <p class='ocr_par' dir='ltr' id='par_1_24' title="bbox 168 2390 443 2444">
     <span class='ocr_line' id='line_1_24' title="bbox 168 2390 443 2444; baseline -0.015 0"><span class='ocrx_word' id='word_1_153' title='bbox 168 2390 443 2444; x_wconf 83' lang='lat' dir='ltr'><strong>nomium.</strong></span> 
     </span>
    </p>
   </div>
   <div class='ocr_carea' id='block_1_25' title="bbox 682 2472 1223 2530">
    <p class='ocr_par' dir='ltr' id='par_1_25' title="bbox 682 2472 1223 2530">
     <span class='ocr_line' id='line_1_25' title="bbox 682 2472 1223 2530; baseline -0.006 0"><span class='ocrx_word' id='word_1_154' title='bbox 682 2476 772 2530; x_wconf 89' lang='lat' dir='ltr'><strong>DE</strong></span> <span class='ocrx_word' id='word_1_155' title='bbox 804 2472 1010 2530; x_wconf 85' lang='lat' dir='ltr'><strong>LIBRO</strong></span> <span class='ocrx_word' id='word_1_156' title='bbox 1035 2473 1223 2530; x_wconf 84' lang='lat' dir='ltr'><strong>IESU.</strong></span> 
     </span>
    </p>
   </div>
   <div class='ocr_carea' id='block_1_26' title="bbox 230 2566 1755 2640">
    <p class='ocr_par' dir='ltr' id='par_1_26' title="bbox 230 2566 1755 2640">
     <span class='ocr_line' id='line_1_26' title="bbox 230 2566 1755 2640; baseline -0.007 -11"><span class='ocrx_word' id='word_1_157' title='bbox 230 2574 460 2640; x_wconf 86' lang='lat' dir='ltr'><strong>Dabira,</strong></span> <span class='ocrx_word' id='word_1_158' title='bbox 486 2572 681 2626; x_wconf 80' lang='lat' dir='ltr'><strong>civitas</strong></span> <span class='ocrx_word' id='word_1_159' title='bbox 708 2570 765 2623; x_wconf 92' lang='lat' dir='ltr'><strong>in</strong></span> <span class='ocrx_word' id='word_1_160' title='bbox 799 2569 942 2623; x_wconf 88' lang='lat' dir='ltr'><strong>tribu</strong></span> <span class='ocrx_word' id='word_1_161' title='bbox 969 2567 1105 2631; x_wconf 89' lang='lat' dir='ltr'><strong>Dan,</strong></span> <span class='ocrx_word' id='word_1_162' title='bbox 1137 2567 1298 2636; x_wconf 88' lang='lat' dir='ltr'><strong>cujus</strong></span> <span class='ocrx_word' id='word_1_163' title='bbox 1346 2580 1529 2637; x_wconf 84' lang='lat' dir='ltr'><strong>regem</strong></span> <span class='ocrx_word' id='word_1_164' title='bbox 1587 2566 1755 2621; x_wconf 82' lang='lat' dir='ltr'><strong>inter-</strong></span> 
     </span>
    </p>
   </div>
   <div class='ocr_carea' id='block_1_27' title="bbox 167 2656 1750 2717">
    <p class='ocr_par' dir='ltr' id='par_1_27' title="bbox 167 2656 1750 2717">
     <span class='ocr_line' id='line_1_27' title="bbox 167 2656 1750 2717; baseline -0.004 -2"><span class='ocrx_word' id='word_1_165' title='bbox 167 2661 297 2717; x_wconf 87' lang='lat' dir='ltr'><strong>fecit</strong></span> <span class='ocrx_word' id='word_1_166' title='bbox 350 2659 540 2715; x_wconf 89' lang='lat' dir='ltr'><strong>Iesus.</strong></span> <span class='ocrx_word' id='word_1_167' title='bbox 595 2658 692 2711; x_wconf 85' lang='lat' dir='ltr'><strong>Est</strong></span> <span class='ocrx_word' id='word_1_168' title='bbox 724 2668 904 2712; x_wconf 87' lang='lat' dir='ltr'><strong>autem</strong></span> <span class='ocrx_word' id='word_1_169' title='bbox 951 2666 1007 2711; x_wconf 89' lang='lat' dir='ltr'><strong>et</strong></span> <span class='ocrx_word' id='word_1_170' title='bbox 1052 2656 1157 2711; x_wconf 89' lang='lat' dir='ltr'><strong>alia</strong></span> <span class='ocrx_word' id='word_1_171' title='bbox 1200 2656 1387 2710; x_wconf 82' lang='lat' dir='ltr'><strong>villula</strong></span> <span class='ocrx_word' id='word_1_172' title='bbox 1433 2656 1750 2711; x_wconf 62' lang='lat' dir='ltr'><strong>Iudaeorum</strong></span> 
     </span>
    </p>
   </div>
   <div class='ocr_carea' id='block_1_28' title="bbox 168 2749 1750 2819">
    <p class='ocr_par' dir='ltr' id='par_1_28' title="bbox 168 2749 1750 2819">
     <span class='ocr_line' id='line_1_28' title="bbox 168 2749 1750 2819; baseline -0.003 -11"><span class='ocrx_word' id='word_1_173' title='bbox 168 2756 221 2808; x_wconf 85' lang='lat' dir='ltr'><strong>in</strong></span> <span class='ocrx_word' id='word_1_174' title='bbox 250 2763 447 2807; x_wconf 91' lang='lat' dir='ltr'><strong>monte</strong></span> <span class='ocrx_word' id='word_1_175' title='bbox 497 2751 717 2804; x_wconf 83' lang='lat' dir='ltr'><strong>Thabor</strong></span> <span class='ocrx_word' id='word_1_176' title='bbox 760 2749 1006 2819; x_wconf 80' lang='lat' dir='ltr'><strong>regionis</strong></span> <span class='ocrx_word' id='word_1_177' title='bbox 1040 2750 1108 2804; x_wconf 87' lang='lat' dir='ltr'><strong>ad</strong></span> <span class='ocrx_word' id='word_1_178' title='bbox 1153 2751 1547 2805; x_wconf 71' lang='lat' dir='ltr'><strong>Dioctesaream</strong></span> <span class='ocrx_word' id='word_1_179' title='bbox 1584 2750 1750 2819; x_wconf 89' lang='lat' dir='ltr'><strong>perti-</strong></span> 
     </span>
    </p>
   </div>
   <div class='ocr_carea' id='block_1_29' title="bbox 166 2848 383 2901">
    <p class='ocr_par' dir='ltr' id='par_1_29' title="bbox 166 2848 383 2901">
     <span class='ocr_line' id='line_1_29' title="bbox 166 2848 383 2901; baseline -0.009 0"><span class='ocrx_word' id='word_1_180' title='bbox 166 2848 383 2901; x_wconf 87' lang='lat' dir='ltr'><strong>nentis.</strong></span> 
     </span>
    </p>
   </div>
   <div class='ocr_carea' id='block_1_30' title="bbox 215 2935 1755 3008">
    <p class='ocr_par' dir='ltr' id='par_1_30' title="bbox 215 2935 1755 3008">
     <span class='ocr_line' id='line_1_30' title="bbox 215 2935 1755 3008; baseline -0.004 -13"><span class='ocrx_word' id='word_1_181' title='bbox 215 2938 575 3008; x_wconf 85' lang='lat' dir='ltr'><strong>Dornapheth</strong></span> <span class='ocrx_word' id='word_1_182' title='bbox 622 2937 791 3008; x_wconf 88' lang='lat' dir='ltr'><strong>(quod</strong></span> <span class='ocrx_word' id='word_1_183' title='bbox 857 2937 1227 3008; x_wconf 76' lang='lat' dir='ltr'><strong>Symmachus</strong></span> <span class='ocrx_word' id='word_1_184' title='bbox 1269 2936 1581 3001; x_wconf 84' lang='lat' dir='ltr'><strong>transtulit,</strong></span> <span class='ocrx_word' id='word_1_185' title='bbox 1643 2935 1755 2989; x_wconf 91' lang='lat' dir='ltr'><strong>Dor</strong></span> 
     </span>
    </p>
   </div>
   <div class='ocr_carea' id='block_1_31' title="bbox 168 3030 1751 3101">
    <p class='ocr_par' dir='ltr' id='par_1_31' title="bbox 168 3030 1751 3101">
     <span class='ocr_line' id='line_1_31' title="bbox 168 3030 1751 3101; baseline -0.003 -14"><span class='ocrx_word' id='word_1_186' title='bbox 168 3034 500 3101; x_wconf 87' lang='lat' dir='ltr'><strong>maritima).</strong></span> <span class='ocrx_word' id='word_1_187' title='bbox 528 3032 653 3087; x_wconf 63' lang='lat' dir='ltr'><strong>Haec</strong></span> <span class='ocrx_word' id='word_1_188' title='bbox 682 3041 768 3087; x_wconf 85' lang='lat' dir='ltr'><strong>est</strong></span> <span class='ocrx_word' id='word_1_189' title='bbox 804 3031 942 3085; x_wconf 89' lang='lat' dir='ltr'><strong>Dora</strong></span> <span class='ocrx_word' id='word_1_190' title='bbox 973 3031 1028 3084; x_wconf 92' lang='lat' dir='ltr'><strong>in</strong></span> <span class='ocrx_word' id='word_1_191' title='bbox 1059 3046 1200 3085; x_wconf 87' lang='lat' dir='ltr'><strong>nono</strong></span> <span class='ocrx_word' id='word_1_192' title='bbox 1252 3030 1510 3085; x_wconf 88' lang='lat' dir='ltr'><strong>milliario</strong></span> <span class='ocrx_word' id='word_1_193' title='bbox 1573 3030 1751 3084; x_wconf 65' lang='lat' dir='ltr'><strong>Caesa-</strong></span> 
     </span>
    </p>
   </div>
   <div class='ocr_carea' id='block_1_32' title="bbox 167 3121 1746 3194">
    <p class='ocr_par' dir='ltr' id='par_1_32' title="bbox 167 3121 1746 3194">
     <span class='ocr_line' id='line_1_32' title="bbox 167 3121 1746 3194; baseline -0.004 -14"><span class='ocrx_word' id='word_1_194' title='bbox 167 3142 275 3181; x_wconf 74' lang='lat' dir='ltr'><strong>rea:</strong></span> <span class='ocrx_word' id='word_1_195' title='bbox 304 3126 614 3180; x_wconf 57' lang='lat' dir='ltr'><strong>Palaestina!</strong></span> <span class='ocrx_word' id='word_1_196' title='bbox 639 3125 989 3194; x_wconf 78' lang='lat' dir='ltr'><strong>pergentibus</strong></span> <span class='ocrx_word' id='word_1_197' title='bbox 1024 3121 1251 3193; x_wconf 85' lang='lat' dir='ltr'><strong>Tyrum,</strong></span> <span class='ocrx_word' id='word_1_198' title='bbox 1296 3138 1443 3177; x_wconf 90' lang='lat' dir='ltr'><strong>nunc</strong></span> <span class='ocrx_word' id='word_1_199' title='bbox 1473 3124 1690 3177; x_wconf 87' lang='lat' dir='ltr'><strong>deserta</strong></span> <span class='ocrx_word' id='word_1_200' title='bbox 1733 3137 1746 3174; x_wconf 92' lang='lat'><strong>:</strong></span> 
     </span>
    </p>
   </div>
   <div class='ocr_carea' id='block_1_33' title="bbox 1857 618 1994 663">
    <p class='ocr_par' dir='ltr' id='par_1_33' title="bbox 1857 618 1994 663">
     <span class='ocr_line' id='line_1_33' title="bbox 1857 618 1994 663; baseline -0.007 0"><span class='ocrx_word' id='word_1_201' title='bbox 1857 618 1994 663; x_wconf 87' lang='lat' dir='ltr'><strong>tans.</strong></span> 
     </span>
    </p>
   </div>
   <div class='ocr_carea' id='block_1_34' title="bbox 1917 698 3429 770">
    <p class='ocr_par' dir='ltr' id='par_1_34' title="bbox 1917 698 3429 770">
     <span class='ocr_line' id='line_1_34' title="bbox 1917 698 3429 770; baseline 0 -15"><span class='ocrx_word' id='word_1_202' title='bbox 1917 703 2148 764; x_wconf 81' lang='lat' dir='ltr'><strong>Damna,</strong></span> <span class='ocrx_word' id='word_1_203' title='bbox 2184 702 2236 754; x_wconf 92' lang='lat' dir='ltr'><strong>in</strong></span> <span class='ocrx_word' id='word_1_204' title='bbox 2273 702 2414 754; x_wconf 90' lang='lat' dir='ltr'><strong>tribu</strong></span> <span class='ocrx_word' id='word_1_205' title='bbox 2475 700 2740 764; x_wconf 76' lang='lat' dir='ltr'><strong>Zaliulon,</strong></span> <span class='ocrx_word' id='word_1_206' title='bbox 2773 698 2982 754; x_wconf 75' lang='lat' dir='ltr'><strong>Levitis</strong></span> <span class='ocrx_word' id='word_1_207' title='bbox 3038 710 3292 770; x_wconf 77' lang='lat' dir='ltr'><strong>separata</strong></span> <span class='ocrx_word' id='word_1_208' title='bbox 3356 700 3429 755; x_wconf 74' lang='lat' dir='ltr'><strong>ci-</strong></span> 
     </span>
    </p>
   </div>
   <div class='ocr_carea' id='block_1_35' title="bbox 1855 797 2017 850">
    <p class='ocr_par' dir='ltr' id='par_1_35' title="bbox 1855 797 2017 850">
     <span class='ocr_line' id='line_1_35' title="bbox 1855 797 2017 850; baseline -0.012 0"><span class='ocrx_word' id='word_1_209' title='bbox 1855 797 2017 850; x_wconf 86' lang='lat' dir='ltr'><strong>vitas.</strong></span> 
     </span>
    </p>
   </div>
   <div class='ocr_carea' id='block_1_36' title="bbox 1931 889 2734 957">
    <p class='ocr_par' dir='ltr' id='par_1_36' title="bbox 1931 889 2734 957">
     <span class='ocr_line' id='line_1_36' title="bbox 1931 889 2734 957; baseline -0.001 -12"><span class='ocrx_word' id='word_1_210' title='bbox 1931 890 2190 957; x_wconf 81' lang='lat' dir='ltr'><strong>Dasbath,</strong></span> <span class='ocrx_word' id='word_1_211' title='bbox 2214 890 2267 943; x_wconf 87' lang='lat' dir='ltr'><strong>itt</strong></span> <span class='ocrx_word' id='word_1_212' title='bbox 2294 890 2434 944; x_wconf 82' lang='lat' dir='ltr'><strong>tribu</strong></span> <span class='ocrx_word' id='word_1_213' title='bbox 2466 889 2734 945; x_wconf 79' lang='lat' dir='ltr'><strong>Zabulon.</strong></span> 
     </span>
    </p>
   </div>
   <div class='ocr_carea' id='block_1_37' title="bbox 1921 981 3428 1050">
    <p class='ocr_par' dir='ltr' id='par_1_37' title="bbox 1921 981 3428 1050">
     <span class='ocr_line' id='line_1_37' title="bbox 1921 981 3428 1050; baseline 0.001 -16"><span class='ocrx_word' id='word_1_214' title='bbox 1921 982 2187 1046; x_wconf 83' lang='lat' dir='ltr'><strong>Dabrath,</strong></span> <span class='ocrx_word' id='word_1_215' title='bbox 2225 982 2277 1035; x_wconf 90' lang='lat' dir='ltr'><strong>in</strong></span> <span class='ocrx_word' id='word_1_216' title='bbox 2336 983 2479 1036; x_wconf 87' lang='lat' dir='ltr'><strong>tribu</strong></span> <span class='ocrx_word' id='word_1_217' title='bbox 2527 984 2798 1047; x_wconf 74' lang='lat' dir='ltr'><strong>lssachar,</strong></span> <span class='ocrx_word' id='word_1_218' title='bbox 2859 981 2988 1036; x_wconf 90' lang='lat' dir='ltr'><strong>urbs</strong></span> <span class='ocrx_word' id='word_1_219' title='bbox 3034 992 3281 1050; x_wconf 77' lang='lat' dir='ltr'><strong>separata</strong></span> <span class='ocrx_word' id='word_1_220' title='bbox 3326 982 3428 1036; x_wconf 79' lang='lat' dir='ltr'><strong>Le-</strong></span> 
     </span>
    </p>
   </div>
   <div class='ocr_carea' id='block_1_38' title="bbox 1853 1074 1999 1130">
    <p class='ocr_par' dir='ltr' id='par_1_38' title="bbox 1853 1074 1999 1130">
     <span class='ocr_line' id='line_1_38' title="bbox 1853 1074 1999 1130; baseline 0 -2"><span class='ocrx_word' id='word_1_221' title='bbox 1853 1074 1999 1130; x_wconf 91' lang='lat' dir='ltr'><strong>vitis.</strong></span> 
     </span>
    </p>
   </div>
   <div class='ocr_carea' id='block_1_39' title="bbox 2313 1166 2974 1224">
    <p class='ocr_par' dir='ltr' id='par_1_39' title="bbox 2313 1166 2974 1224">
     <span class='ocr_line' id='line_1_39' title="bbox 2313 1166 2974 1224; baseline 0.002 -4"><span class='ocrx_word' id='word_1_222' title='bbox 2313 1166 2398 1222; x_wconf 83' lang='lat' dir='ltr'><strong>DE</strong></span> <span class='ocrx_word' id='word_1_223' title='bbox 2431 1166 2635 1222; x_wconf 81' lang='lat' dir='ltr'><strong>LIBRO</strong></span> <span class='ocrx_word' id='word_1_224' title='bbox 2659 1166 2974 1224; x_wconf 72' lang='lat' dir='ltr'><strong>IUDICUM.</strong></span> 
     </span>
    </p>
   </div>
   <div class='ocr_carea' id='block_1_40' title="bbox 1925 1260 3432 1333">
    <p class='ocr_par' dir='ltr' id='par_1_40' title="bbox 1925 1260 3432 1333">
     <span class='ocr_line' id='line_1_40' title="bbox 1925 1260 3432 1333; baseline 0.001 -19"><span class='ocrx_word' id='word_1_225' title='bbox 1925 1260 2081 1333; x_wconf 85' lang='lat' dir='ltr'><strong>Drys,</strong></span> <span class='ocrx_word' id='word_1_226' title='bbox 2110 1260 2161 1315; x_wconf 90' lang='lat' dir='ltr'><strong>id</strong></span> <span class='ocrx_word' id='word_1_227' title='bbox 2195 1270 2277 1315; x_wconf 89' lang='lat' dir='ltr'><strong>est</strong></span> <span class='ocrx_word' id='word_1_228' title='bbox 2296 1275 2562 1330; x_wconf 87' lang='lat' dir='ltr'><strong>quercus,</strong></span> <span class='ocrx_word' id='word_1_229' title='bbox 2594 1261 2646 1314; x_wconf 91' lang='lat' dir='ltr'><strong>in</strong></span> <span class='ocrx_word' id='word_1_230' title='bbox 2678 1261 2996 1328; x_wconf 83' lang='lat' dir='ltr'><strong>Ephrala,in</strong></span> <span class='ocrx_word' id='word_1_231' title='bbox 3023 1261 3163 1315; x_wconf 88' lang='lat' dir='ltr'><strong>tribu</strong></span> <span class='ocrx_word' id='word_1_232' title='bbox 3185 1260 3432 1316; x_wconf 80' lang='lat' dir='ltr'><strong>Manasse</strong></span> 
     </span>
    </p>
   </div>
   <div class='ocr_carea' id='block_1_41' title="bbox 1855 1353 3432 1425">
    <p class='ocr_par' dir='ltr' id='par_1_41' title="bbox 1855 1353 3432 1425">
     <span class='ocr_line' id='line_1_41' title="bbox 1855 1353 3432 1425; baseline -0.001 -16"><span class='ocrx_word' id='word_1_233' title='bbox 1855 1357 1999 1411; x_wconf 90' lang='lat' dir='ltr'><strong>unde</strong></span> <span class='ocrx_word' id='word_1_234' title='bbox 2054 1355 2156 1410; x_wconf 86' lang='lat' dir='ltr'><strong>fuit</strong></span> <span class='ocrx_word' id='word_1_235' title='bbox 2202 1354 2448 1410; x_wconf 86' lang='lat' dir='ltr'><strong>Gedeon.</strong></span> <span class='ocrx_word' id='word_1_236' title='bbox 2507 1354 2668 1425; x_wconf 80' lang='lat'><strong>199</strong></span> <span class='ocrx_word' id='word_1_237' title='bbox 2716 1353 2781 1409; x_wconf 84' lang='lat' dir='ltr'><strong>Et</strong></span> <span class='ocrx_word' id='word_1_238' title='bbox 2832 1358 2897 1409; x_wconf 84' lang='lat' dir='ltr'><strong>de</strong></span> <span class='ocrx_word' id='word_1_239' title='bbox 2954 1354 3057 1408; x_wconf 76' lang='lat' dir='ltr'><strong>hac</strong></span> <span class='ocrx_word' id='word_1_240' title='bbox 3095 1355 3222 1423; x_wconf 89' lang='lat' dir='ltr'><strong>quid</strong></span> <span class='ocrx_word' id='word_1_241' title='bbox 3270 1356 3432 1409; x_wconf 86' lang='lat' dir='ltr'><strong>nobis</strong></span> 
     </span>
    </p>
   </div>
   <div class='ocr_carea' id='block_1_42' title="bbox 1856 1448 3433 1514">
    <p class='ocr_par' dir='ltr' id='par_1_42' title="bbox 1856 1448 3433 1514">
     <span class='ocr_line' id='line_1_42' title="bbox 1856 1448 3433 1514; baseline -0.002 -11"><span class='ocrx_word' id='word_1_242' title='bbox 1856 1448 2031 1504; x_wconf 88' lang='lat' dir='ltr'><strong>visum</strong></span> <span class='ocrx_word' id='word_1_243' title='bbox 2088 1452 2177 1514; x_wconf 86' lang='lat' dir='ltr'><strong>sit,</strong></span> <span class='ocrx_word' id='word_1_244' title='bbox 2235 1452 2291 1504; x_wconf 90' lang='lat' dir='ltr'><strong>in</strong></span> <span class='ocrx_word' id='word_1_245' title='bbox 2338 1450 2497 1504; x_wconf 89' lang='lat' dir='ltr'><strong>libris</strong></span> <span class='ocrx_word' id='word_1_246' title='bbox 2553 1450 2946 1504; x_wconf 79' lang='lat' dir='ltr'><strong>Ifebraicarum</strong></span> <span class='ocrx_word' id='word_1_247' title='bbox 3007 1450 3373 1514; x_wconf 74' lang='lat' dir='ltr'><strong>Qumtionum</strong></span> <span class='ocrx_word' id='word_1_248' title='bbox 3413 1448 3433 1478; x_wconf 81' lang='grc'><strong>⁸</strong></span> 
     </span>
    </p>
   </div>
   <div class='ocr_carea' id='block_1_43' title="bbox 1855 1542 3431 1613">
    <p class='ocr_par' dir='ltr' id='par_1_43' title="bbox 1855 1542 3431 1613">
     <span class='ocr_line' id='line_1_43' title="bbox 1855 1542 3431 1613; baseline -0.002 -14"><span class='ocrx_word' id='word_1_249' title='bbox 1855 1544 2118 1599; x_wconf 75' lang='lat' dir='ltr'><strong>diximus.</strong></span> <span class='ocrx_word' id='word_1_250' title='bbox 2181 1544 2457 1610; x_wconf 66' lang='lat' dir='ltr'><strong>Quaeritur</strong></span> <span class='ocrx_word' id='word_1_251' title='bbox 2500 1546 2674 1607; x_wconf 91' lang='lat' dir='ltr'><strong>enim.</strong></span> <span class='ocrx_word' id='word_1_252' title='bbox 2749 1544 3026 1613; x_wconf 90' lang='lat' dir='ltr'><strong>quomodo</strong></span> <span class='ocrx_word' id='word_1_253' title='bbox 3081 1542 3321 1612; x_wconf 82' lang='lat' dir='ltr'><strong>Ephrata</strong></span> <span class='ocrx_word' id='word_1_254' title='bbox 3380 1545 3431 1596; x_wconf 89' lang='lat' dir='ltr'><strong>iu</strong></span> 
     </span>
    </p>
   </div>
   <div class='ocr_carea' id='block_1_44' title="bbox 1856 1636 2866 1693">
    <p class='ocr_par' dir='ltr' id='par_1_44' title="bbox 1856 1636 2866 1693">
     <span class='ocr_line' id='line_1_44' title="bbox 1856 1636 2866 1693; baseline -0.002 -1"><span class='ocrx_word' id='word_1_255' title='bbox 1856 1638 2001 1692; x_wconf 87' lang='lat' dir='ltr'><strong>tribu</strong></span> <span class='ocrx_word' id='word_1_256' title='bbox 2038 1636 2287 1693; x_wconf 81' lang='lat' dir='ltr'><strong>Manassc</strong></span> <span class='ocrx_word' id='word_1_257' title='bbox 2322 1653 2470 1693; x_wconf 91' lang='lat' dir='ltr'><strong>nunc</strong></span> <span class='ocrx_word' id='word_1_258' title='bbox 2491 1637 2866 1693; x_wconf 85' lang='lat' dir='ltr'><strong>essedieatur.</strong></span> 
     </span>
    </p>
   </div>
   <div class='ocr_carea' id='block_1_45' title="bbox 2251 1727 3046 1787">
    <p class='ocr_par' dir='ltr' id='par_1_45' title="bbox 2251 1727 3046 1787">
     <span class='ocr_line' id='line_1_45' title="bbox 2251 1727 3046 1787; baseline -0.006 -1"><span class='ocrx_word' id='word_1_259' title='bbox 2251 1731 2339 1787; x_wconf 83' lang='lat' dir='ltr'><strong>DE</strong></span> <span class='ocrx_word' id='word_1_260' title='bbox 2363 1728 2748 1786; x_wconf 69' lang='lat' dir='ltr'><strong>REGNORUM</strong></span> <span class='ocrx_word' id='word_1_261' title='bbox 2802 1727 3046 1784; x_wconf 76' lang='lat' dir='ltr'><strong>LIBRIS.</strong></span> 
     </span>
    </p>
   </div>
   <div class='ocr_carea' id='block_1_46' title="bbox 1922 1819 3437 1895">
    <p class='ocr_par' dir='ltr' id='par_1_46' title="bbox 1922 1819 3437 1895">
     <span class='ocr_line' id='line_1_46' title="bbox 1922 1819 3437 1895; baseline -0.003 -18"><span class='ocrx_word' id='word_1_262' title='bbox 1922 1823 2118 1889; x_wconf 82' lang='lat' dir='ltr'><strong>Dibon,</strong></span> <span class='ocrx_word' id='word_1_263' title='bbox 2178 1824 2246 1880; x_wconf 92' lang='lat' dir='ltr'><strong>de</strong></span> <span class='ocrx_word' id='word_1_264' title='bbox 2283 1838 2389 1895; x_wconf 88' lang='lat' dir='ltr'><strong>qua</strong></span> <span class='ocrx_word' id='word_1_265' title='bbox 2446 1839 2613 1894; x_wconf 92' lang='lat' dir='ltr'><strong>supra</strong></span> <span class='ocrx_word' id='word_1_266' title='bbox 2658 1823 2922 1889; x_wconf 81' lang='lat' dir='ltr'><strong>diximus,</strong></span> <span class='ocrx_word' id='word_1_267' title='bbox 2980 1822 3139 1891; x_wconf 86' lang='lat' dir='ltr'><strong>cujus</strong></span> <span class='ocrx_word' id='word_1_268' title='bbox 3188 1819 3437 1875; x_wconf 82' lang='lat' dir='ltr'><strong>meminit</strong></span> 
     </span>
    </p>
   </div>
   <div class='ocr_carea' id='block_1_47' title="bbox 1790 1898 2791 1973">
    <p class='ocr_par' dir='ltr' id='par_1_47' title="bbox 1790 1898 2791 1973">
     <span class='ocr_line' id='line_1_47' title="bbox 1790 1898 2791 1973; baseline 0.002 -3"><span class='ocrx_word' id='word_1_269' title='bbox 1790 1898 1831 1952; x_wconf 72' lang='grc' dir='ltr'><strong>Β</strong></span> <span class='ocrx_word' id='word_1_270' title='bbox 1863 1916 2029 1972; x_wconf 67' lang='lat' dir='ltr'><strong>lsiiias</strong></span> <span class='ocrx_word' id='word_1_271' title='bbox 2056 1918 2111 1971; x_wconf 90' lang='lat' dir='ltr'><strong>in</strong></span> <span class='ocrx_word' id='word_1_272' title='bbox 2142 1919 2351 1973; x_wconf 82' lang='lat' dir='ltr'><strong>visione</strong></span> <span class='ocrx_word' id='word_1_273' title='bbox 2386 1928 2581 1972; x_wconf 89' lang='lat' dir='ltr'><strong>contra</strong></span> <span class='ocrx_word' id='word_1_274' title='bbox 2614 1918 2791 1972; x_wconf 88' lang='lat' dir='ltr'><strong>Moab.</strong></span> 
     </span>
    </p>
   </div>
   <div class='ocr_carea' id='block_1_48' title="bbox 1927 2008 3433 2079">
    <p class='ocr_par' dir='ltr' id='par_1_48' title="bbox 1927 2008 3433 2079">
     <span class='ocr_line' id='line_1_48' title="bbox 1927 2008 3433 2079; baseline -0.001 -17"><span class='ocrx_word' id='word_1_275' title='bbox 1927 2011 2169 2074; x_wconf 85' lang='lat' dir='ltr'><strong>Deseth,</strong></span> <span class='ocrx_word' id='word_1_276' title='bbox 2232 2010 2378 2079; x_wconf 90' lang='lat' dir='ltr'><strong>quod</strong></span> <span class='ocrx_word' id='word_1_277' title='bbox 2442 2010 2635 2079; x_wconf 83' lang='lat' dir='ltr'><strong>Aquila</strong></span> <span class='ocrx_word' id='word_1_278' title='bbox 2710 2009 3015 2073; x_wconf 88' lang='lat' dir='ltr'><strong>transtulit,</strong></span> <span class='ocrx_word' id='word_1_279' title='bbox 3106 2008 3433 2078; x_wconf 85' lang='lat' dir='ltr'><strong>parietem:</strong></span> 
     </span>
    </p>
   </div>
   <div class='ocr_carea' id='block_1_49' title="bbox 1860 2102 2521 2173">
    <p class='ocr_par' dir='ltr' id='par_1_49' title="bbox 1860 2102 2521 2173">
     <span class='ocr_line' id='line_1_49' title="bbox 1860 2102 2521 2173; baseline -0.002 -16"><span class='ocrx_word' id='word_1_280' title='bbox 1860 2102 2240 2173; x_wconf 75' lang='lat' dir='ltr'><strong>Symmachus,</strong></span> <span class='ocrx_word' id='word_1_281' title='bbox 2282 2119 2521 2157; x_wconf 90' lang='lat' dir='ltr'><strong>murum.</strong></span> 
     </span>
    </p>
   </div>
   <div class='ocr_carea' id='block_1_50' title="bbox 1932 2193 3429 2264">
    <p class='ocr_par' dir='ltr' id='par_1_50' title="bbox 1932 2193 3429 2264">
     <span class='ocr_line' id='line_1_50' title="bbox 1932 2193 3429 2264; baseline -0.003 -16"><span class='ocrx_word' id='word_1_282' title='bbox 1932 2195 2221 2259; x_wconf 89' lang='lat' dir='ltr'><strong>Dodanim,</strong></span> <span class='ocrx_word' id='word_1_283' title='bbox 2247 2194 2313 2250; x_wconf 91' lang='lat' dir='ltr'><strong>de</strong></span> <span class='ocrx_word' id='word_1_284' title='bbox 2332 2211 2436 2264; x_wconf 89' lang='lat' dir='ltr'><strong>qua</strong></span> <span class='ocrx_word' id='word_1_285' title='bbox 2457 2193 2626 2250; x_wconf 81' lang='lat' dir='ltr'><strong>Isaias</strong></span> <span class='ocrx_word' id='word_1_286' title='bbox 2658 2196 2712 2249; x_wconf 91' lang='lat' dir='ltr'><strong>in</strong></span> <span class='ocrx_word' id='word_1_287' title='bbox 2748 2196 2959 2251; x_wconf 88' lang='lat' dir='ltr'><strong>visione</strong></span> <span class='ocrx_word' id='word_1_288' title='bbox 2988 2194 3429 2251; x_wconf 72' lang='lat' dir='ltr'><strong>scribitArabim.</strong></span> 
     </span>
    </p>
   </div>
   <div class='ocr_carea' id='block_1_51' title="bbox 1858 2285 2720 2357">
    <p class='ocr_par' dir='ltr' id='par_1_51' title="bbox 1858 2285 2720 2357">
     <span class='ocr_line' id='line_1_51' title="bbox 1858 2285 2720 2357; baseline -0.002 -17"><span class='ocrx_word' id='word_1_289' title='bbox 1858 2285 1951 2341; x_wconf 86' lang='lat' dir='ltr'><strong>Est</strong></span> <span class='ocrx_word' id='word_1_290' title='bbox 1984 2297 2166 2340; x_wconf 89' lang='lat' dir='ltr'><strong>autem</strong></span> <span class='ocrx_word' id='word_1_291' title='bbox 2189 2287 2343 2357; x_wconf 78' lang='lat' dir='ltr'><strong>juxta</strong></span> <span class='ocrx_word' id='word_1_292' title='bbox 2380 2287 2720 2357; x_wconf 84' lang='lat' dir='ltr'><strong>Areopoiint.</strong></span> 
     </span>
    </p>
   </div>
   <div class='ocr_carea' id='block_1_52' title="bbox 1923 2380 3436 2452">
    <p class='ocr_par' dir='ltr' id='par_1_52' title="bbox 1923 2380 3436 2452">
     <span class='ocr_line' id='line_1_52' title="bbox 1923 2380 3436 2452; baseline -0.001 -18"><span class='ocrx_word' id='word_1_293' title='bbox 1923 2381 2143 2443; x_wconf 84' lang='lat' dir='ltr'><strong>Darom,</strong></span> <span class='ocrx_word' id='word_1_294' title='bbox 2189 2384 2350 2452; x_wconf 78' lang='lat' dir='ltr'><strong>hujus</strong></span> <span class='ocrx_word' id='word_1_295' title='bbox 2388 2382 2638 2437; x_wconf 87' lang='lat' dir='ltr'><strong>meminit</strong></span> <span class='ocrx_word' id='word_1_296' title='bbox 2689 2381 2942 2437; x_wconf 70' lang='lat' dir='ltr'><strong>[Ezechiel</strong></span> <span class='ocrx_word' id='word_1_297' title='bbox 2979 2383 3096 2451; x_wconf 75' lang='lat' dir='ltr'><strong>(xx,</strong></span> <span class='ocrx_word' id='word_1_298' title='bbox 3138 2380 3228 2442; x_wconf 71' lang='grc'><strong>46,</strong></span> <span class='ocrx_word' id='word_1_299' title='bbox 3293 2381 3436 2447; x_wconf 79' lang='lat' dir='ltr'><strong>apud</strong></span> 
     </span>
    </p>
   </div>
   <div class='ocr_carea' id='block_1_53' title="bbox 1858 2472 3283 2550">
    <p class='ocr_par' dir='ltr' id='par_1_53' title="bbox 1858 2472 3283 2550">
     <span class='ocr_line' id='line_1_53' title="bbox 1858 2472 3283 2550; baseline -0.001 -23"><span class='ocrx_word' id='word_1_300' title='bbox 1858 2472 2046 2543; x_wconf 75' lang='lat' dir='ltr'><strong>LXX),</strong></span> <span class='ocrx_word' id='word_1_301' title='bbox 2080 2473 2224 2543; x_wconf 86' lang='lat' dir='ltr'><strong>quod</strong></span> <span class='ocrx_word' id='word_1_302' title='bbox 2256 2475 2622 2550; x_wconf 74' lang='lat' dir='ltr'><strong>Symmachus</strong></span> <span class='ocrx_word' id='word_1_303' title='bbox 2660 2476 2844 2538; x_wconf 89' lang='lat' dir='ltr'><strong>vertit,</strong></span> <span class='ocrx_word' id='word_1_304' title='bbox 2879 2475 2931 2529; x_wconf 90' lang='lat' dir='ltr'><strong>in</strong></span> <span class='ocrx_word' id='word_1_305' title='bbox 2958 2474 3283 2544; x_wconf 80' lang='lat' dir='ltr'><strong>Aphricum.</strong></span> 
     </span>
    </p>
   </div>
   <div class='ocr_carea' id='block_1_54' title="bbox 1926 2565 3430 2637">
    <p class='ocr_par' dir='ltr' id='par_1_54' title="bbox 1926 2565 3430 2637">
     <span class='ocr_line' id='line_1_54' title="bbox 1926 2565 3430 2637; baseline 0.001 -18"><span class='ocrx_word' id='word_1_306' title='bbox 1926 2565 2200 2636; x_wconf 83' lang='lat' dir='ltr'><strong>DiOSpolis</strong></span> <span class='ocrx_word' id='word_1_307' title='bbox 2234 2567 2427 2622; x_wconf 84' lang='lat' dir='ltr'><strong>civitas</strong></span> <span class='ocrx_word' id='word_1_308' title='bbox 2461 2566 2705 2637; x_wconf 64' lang='lat' dir='ltr'><strong>Aigypti,</strong></span> <span class='ocrx_word' id='word_1_309' title='bbox 2758 2567 2899 2622; x_wconf 88' lang='lat' dir='ltr'><strong>sicut</strong></span> <span class='ocrx_word' id='word_1_310' title='bbox 2927 2567 3119 2623; x_wconf 86' lang='lat' dir='ltr'><strong>scribit</strong></span> <span class='ocrx_word' id='word_1_311' title='bbox 3153 2565 3430 2620; x_wconf 80' lang='lat' dir='ltr'><strong>Ezechiel.</strong></span> 
     </span>
    </p>
   </div>
   <div class='ocr_carea' id='block_1_55' title="bbox 1935 2656 3438 2729">
    <p class='ocr_par' dir='ltr' id='par_1_55' title="bbox 1935 2656 3438 2729">
     <span class='ocr_line' id='line_1_55' title="bbox 1935 2656 3438 2729; baseline 0.003 -19"><span class='ocrx_word' id='word_1_312' title='bbox 1935 2656 2142 2723; x_wconf 87' lang='lat' dir='ltr'><strong>Dadan,</strong></span> <span class='ocrx_word' id='word_1_313' title='bbox 2186 2657 2241 2710; x_wconf 89' lang='lat' dir='ltr'><strong>in</strong></span> <span class='ocrx_word' id='word_1_314' title='bbox 2273 2659 2492 2728; x_wconf 84' lang='lat' dir='ltr'><strong>regione</strong></span> <span class='ocrx_word' id='word_1_315' title='bbox 2523 2659 2722 2725; x_wconf 86' lang='lat' dir='ltr'><strong>Ccdar,</strong></span> <span class='ocrx_word' id='word_1_316' title='bbox 2769 2659 2859 2715; x_wconf 83' lang='lat' dir='ltr'><strong>de.</strong></span> <span class='ocrx_word' id='word_1_317' title='bbox 2894 2676 2999 2729; x_wconf 85' lang='lat' dir='ltr'><strong>qua</strong></span> <span class='ocrx_word' id='word_1_318' title='bbox 3047 2660 3241 2715; x_wconf 80' lang='lat' dir='ltr'><strong>scribit</strong></span> <span class='ocrx_word' id='word_1_319' title='bbox 3286 2660 3438 2715; x_wconf 63' lang='lat' dir='ltr'><strong>Irre-</strong></span> 
     </span>
    </p>
   </div>
   <div class='ocr_carea' id='block_1_56' title="bbox 1857 2762 2016 2801">
    <p class='ocr_par' dir='ltr' id='par_1_56' title="bbox 1857 2762 2016 2801">
     <span class='ocr_line' id='line_1_56' title="bbox 1857 2762 2016 2801; baseline -0.006 0"><span class='ocrx_word' id='word_1_320' title='bbox 1857 2762 2016 2801; x_wconf 86' lang='lat' dir='ltr'><strong>mtas.</strong></span> 
     </span>
    </p>
   </div>
   <div class='ocr_carea' id='block_1_57' title="bbox 1927 2841 3433 2909">
    <p class='ocr_par' dir='ltr' id='par_1_57' title="bbox 1927 2841 3433 2909">
     <span class='ocr_line' id='line_1_57' title="bbox 1927 2841 3433 2909; baseline 0.006 -16"><span class='ocrx_word' id='word_1_321' title='bbox 1927 2841 2251 2907; x_wconf 83' lang='lat' dir='ltr'><strong>Deblataim,</strong></span> <span class='ocrx_word' id='word_1_322' title='bbox 2311 2841 2364 2894; x_wconf 90' lang='lat' dir='ltr'><strong>in</strong></span> <span class='ocrx_word' id='word_1_323' title='bbox 2416 2851 2559 2896; x_wconf 81' lang='lat' dir='ltr'><strong>terra</strong></span> <span class='ocrx_word' id='word_1_324' title='bbox 2616 2842 2793 2909; x_wconf 85' lang='lat' dir='ltr'><strong>Moab,</strong></span> <span class='ocrx_word' id='word_1_325' title='bbox 2839 2846 2980 2900; x_wconf 76' lang='lat' dir='ltr'><strong>sicut</strong></span> <span class='ocrx_word' id='word_1_326' title='bbox 3038 2846 3228 2900; x_wconf 87' lang='lat' dir='ltr'><strong>scribit</strong></span> <span class='ocrx_word' id='word_1_327' title='bbox 3278 2845 3433 2901; x_wconf 77' lang='lat' dir='ltr'><strong>Iere-</strong></span> 
     </span>
    </p>
   </div>
   <div class='ocr_carea' id='block_1_58' title="bbox 1860 2948 2022 2987">
    <p class='ocr_par' dir='ltr' id='par_1_58' title="bbox 1860 2948 2022 2987">
     <span class='ocr_line' id='line_1_58' title="bbox 1860 2948 2022 2987; baseline 0.019 -4"><span class='ocrx_word' id='word_1_328' title='bbox 1860 2948 2022 2987; x_wconf 73' lang='lat' dir='ltr'><strong>&quot;llas.</strong></span> 
     </span>
    </p>
   </div>
   <div class='ocr_carea' id='block_1_59' title="bbox 1927 3025 3441 3101">
    <p class='ocr_par' dir='ltr' id='par_1_59' title="bbox 1927 3025 3441 3101">
     <span class='ocr_line' id='line_1_59' title="bbox 1927 3025 3441 3101; baseline 0.005 -22"><span class='ocrx_word' id='word_1_329' title='bbox 1927 3025 2138 3090; x_wconf 88' lang='lat' dir='ltr'><strong>Dedan,</strong></span> <span class='ocrx_word' id='word_1_330' title='bbox 2191 3025 2244 3078; x_wconf 90' lang='lat' dir='ltr'><strong>in</strong></span> <span class='ocrx_word' id='word_1_331' title='bbox 2305 3028 2523 3091; x_wconf 73' lang='lat' dir='ltr'><strong>regione</strong></span> <span class='ocrx_word' id='word_1_332' title='bbox 2567 3026 2823 3093; x_wconf 65' lang='lat' dir='ltr'><strong>Idumam,</strong></span> <span class='ocrx_word' id='word_1_333' title='bbox 2869 3044 3034 3099; x_wconf 86' lang='lat' dir='ltr'><strong>super</strong></span> <span class='ocrx_word' id='word_1_334' title='bbox 3091 3047 3195 3101; x_wconf 88' lang='lat' dir='ltr'><strong>qua</strong></span> <span class='ocrx_word' id='word_1_335' title='bbox 3246 3035 3441 3087; x_wconf 80' lang='lat' dir='ltr'><strong>scribit</strong></span> 
     </span>
    </p>
   </div>
   <div class='ocr_carea' id='block_1_60' title="bbox 1857 3115 3439 3188">
    <p class='ocr_par' dir='ltr' id='par_1_60' title="bbox 1857 3115 3439 3188">
     <span class='ocr_line' id='line_1_60' title="bbox 1857 3115 3439 3188; baseline 0.007 -18"><span class='ocrx_word' id='word_1_336' title='bbox 1857 3115 2149 3170; x_wconf 88' lang='lat' dir='ltr'><strong>Ieremias.</strong></span> <span class='ocrx_word' id='word_1_337' title='bbox 2177 3116 2268 3170; x_wconf 82' lang='lat' dir='ltr'><strong>Est</strong></span> <span class='ocrx_word' id='word_1_338' title='bbox 2297 3127 2479 3171; x_wconf 83' lang='lat' dir='ltr'><strong>autent</strong></span> <span class='ocrx_word' id='word_1_339' title='bbox 2507 3119 2560 3172; x_wconf 90' lang='lat' dir='ltr'><strong>in</strong></span> <span class='ocrx_word' id='word_1_340' title='bbox 2595 3128 2791 3188; x_wconf 85' lang='lat' dir='ltr'><strong>quarto</strong></span> <span class='ocrx_word' id='word_1_341' title='bbox 2822 3121 3082 3177; x_wconf 86' lang='lat' dir='ltr'><strong>milliario</strong></span> <span class='ocrx_word' id='word_1_342' title='bbox 3138 3141 3167 3177; x_wconf 91' lang='lat' dir='ltr'><strong>a</strong></span> <span class='ocrx_word' id='word_1_343' title='bbox 3194 3123 3439 3182; x_wconf 84' lang='lat' dir='ltr'><strong>Metallo-</strong></span> 
     </span>
    </p>
   </div>
   <div class='ocr_carea' id='block_1_61' title="bbox 166 3207 2627 3301">
    <p class='ocr_par' dir='ltr' id='par_1_61' title="bbox 166 3207 2627 3301">
     <span class='ocr_line' id='line_1_61' title="bbox 166 3207 2627 3301; baseline -0.007 -25"><span class='ocrx_word' id='word_1_344' title='bbox 166 3236 289 3291; x_wconf 62' lang='lat' dir='ltr'><strong>qua</strong></span> <span class='ocrx_word' id='word_1_345' title='bbox 320 3235 453 3275; x_wconf 90' lang='lat' dir='ltr'><strong>cum</strong></span> <span class='ocrx_word' id='word_1_346' title='bbox 484 3219 774 3273; x_wconf 85' lang='lat' dir='ltr'><strong>cecidisset</strong></span> <span class='ocrx_word' id='word_1_347' title='bbox 801 3219 855 3270; x_wconf 91' lang='lat' dir='ltr'><strong>in</strong></span> <span class='ocrx_word' id='word_1_348' title='bbox 881 3227 1084 3271; x_wconf 89' lang='lat' dir='ltr'><strong>sortem</strong></span> <span class='ocrx_word' id='word_1_349' title='bbox 1114 3216 1291 3271; x_wconf 91' lang='lat' dir='ltr'><strong>tribus</strong></span> <span class='ocrx_word' id='word_1_350' title='bbox 1316 3215 1584 3277; x_wconf 87' lang='lat' dir='ltr'><strong>Mauasse,</strong></span> <span class='ocrx_word' id='word_1_351' title='bbox 1631 3229 1748 3268; x_wconf 87' lang='lat' dir='ltr'><strong>eam</strong></span> <span class='ocrx_word' id='word_1_352' title='bbox 1781 3238 1829 3301; x_wconf 62' lang='grc' dir='ltr'><strong>ρ</strong></span> <span class='ocrx_word' id='word_1_353' title='bbox 1860 3207 1984 3260; x_wconf 77' lang='lat' dir='ltr'><strong>fetto</strong></span> <span class='ocrx_word' id='word_1_354' title='bbox 2021 3207 2039 3237; x_wconf 92' lang='grc'><strong>⁷</strong></span> <span class='ocrx_word' id='word_1_355' title='bbox 2073 3216 2262 3261; x_wconf 89' lang='lat' dir='ltr'><strong>contra</strong></span> <span class='ocrx_word' id='word_1_356' title='bbox 2297 3207 2627 3276; x_wconf 85' lang='lat' dir='ltr'><strong>aquilonem.</strong></span> 
     </span>
    </p>
   </div>
   <div class='ocr_carea' id='block_1_62' title="bbox 168 3302 1755 3381">
    <p class='ocr_par' dir='ltr' id='par_1_62' title="bbox 168 3302 1755 3381">
     <span class='ocr_line' id='line_1_62' title="bbox 168 3302 1755 3381; baseline -0.007 -16"><span class='ocrx_word' id='word_1_357' title='bbox 168 3311 473 3381; x_wconf 88' lang='lat' dir='ltr'><strong>possidere</strong></span> <span class='ocrx_word' id='word_1_358' title='bbox 498 3323 608 3363; x_wconf 90' lang='lat' dir='ltr'><strong>non</strong></span> <span class='ocrx_word' id='word_1_359' title='bbox 639 3307 842 3377; x_wconf 89' lang='lat' dir='ltr'><strong>potuit,</strong></span> <span class='ocrx_word' id='word_1_360' title='bbox 875 3306 1005 3377; x_wconf 87' lang='lat' dir='ltr'><strong>quia</strong></span> <span class='ocrx_word' id='word_1_361' title='bbox 1047 3305 1384 3359; x_wconf 77' lang='lat' dir='ltr'><strong>habitatores</strong></span> <span class='ocrx_word' id='word_1_362' title='bbox 1411 3305 1466 3357; x_wconf 92' lang='lat' dir='ltr'><strong>in</strong></span> <span class='ocrx_word' id='word_1_363' title='bbox 1506 3304 1596 3358; x_wconf 90' lang='lat' dir='ltr'><strong>illa</strong></span> <span class='ocrx_word' id='word_1_364' title='bbox 1640 3302 1755 3374; x_wconf 90' lang='lat' dir='ltr'><strong>pri-</strong></span> 
     </span>
    </p>
   </div>
   <div class='ocr_carea' id='block_1_63' title="bbox 169 3404 711 3470">
    <p class='ocr_par' dir='ltr' id='par_1_63' title="bbox 169 3404 711 3470">
     <span class='ocr_line' id='line_1_63' title="bbox 169 3404 711 3470; baseline -0.009 -12"><span class='ocrx_word' id='word_1_365' title='bbox 169 3404 302 3458; x_wconf 87' lang='lat' dir='ltr'><strong>stini</strong></span> <span class='ocrx_word' id='word_1_366' title='bbox 331 3414 711 3470; x_wconf 88' lang='lat' dir='ltr'><strong>permansere.</strong></span> 
     </span>
    </p>
   </div>
   <div class='ocr_carea' id='block_1_64' title="bbox 222 3484 1757 3558">
    <p class='ocr_par' dir='ltr' id='par_1_64' title="bbox 222 3484 1757 3558">
     <span class='ocr_line' id='line_1_64' title="bbox 222 3484 1757 3558; baseline -0.005 -11"><span class='ocrx_word' id='word_1_367' title='bbox 222 3493 419 3554; x_wconf 76' lang='lat' dir='ltr'><strong>Ilabir,</strong></span> <span class='ocrx_word' id='word_1_368' title='bbox 446 3493 502 3545; x_wconf 91' lang='lat' dir='ltr'><strong>in</strong></span> <span class='ocrx_word' id='word_1_369' title='bbox 538 3491 680 3545; x_wconf 89' lang='lat' dir='ltr'><strong>tribu</strong></span> <span class='ocrx_word' id='word_1_370' title='bbox 705 3488 868 3552; x_wconf 83' lang='lat' dir='ltr'><strong>Iuda,</strong></span> <span class='ocrx_word' id='word_1_371' title='bbox 896 3503 1015 3558; x_wconf 69' lang='lat' dir='ltr'><strong>qua:</strong></span> <span class='ocrx_word' id='word_1_372' title='bbox 1050 3487 1356 3542; x_wconf 82' lang='lat' dir='ltr'><strong>vocabatur</strong></span> <span class='ocrx_word' id='word_1_373' title='bbox 1388 3484 1584 3540; x_wconf 85' lang='lat' dir='ltr'><strong>civitas</strong></span> <span class='ocrx_word' id='word_1_374' title='bbox 1612 3486 1757 3539; x_wconf 89' lang='lat' dir='ltr'><strong>litte-</strong></span> 
     </span>
    </p>
   </div>
   <div class='ocr_carea' id='block_1_65' title="bbox 168 3579 1760 3656">
    <p class='ocr_par' dir='ltr' id='par_1_65' title="bbox 168 3579 1760 3656">
     <span class='ocr_line' id='line_1_65' title="bbox 168 3579 1760 3656; baseline -0.005 -15"><span class='ocrx_word' id='word_1_375' title='bbox 168 3603 361 3641; x_wconf 87' lang='lat' dir='ltr'><strong>rarum</strong></span> <span class='ocrx_word' id='word_1_376' title='bbox 397 3604 413 3652; x_wconf 86' lang='lat'><strong>;</strong></span> <span class='ocrx_word' id='word_1_377' title='bbox 440 3588 581 3641; x_wconf 88' lang='lat' dir='ltr'><strong>hanc</strong></span> <span class='ocrx_word' id='word_1_378' title='bbox 612 3584 1009 3656; x_wconf 74' lang='lat' dir='ltr'><strong>praeoccupavit</strong></span> <span class='ocrx_word' id='word_1_379' title='bbox 1040 3581 1336 3637; x_wconf 89' lang='lat' dir='ltr'><strong>Gothoniel</strong></span> <span class='ocrx_word' id='word_1_380' title='bbox 1395 3580 1563 3634; x_wconf 79' lang='lat' dir='ltr'><strong>frater</strong></span> <span class='ocrx_word' id='word_1_381' title='bbox 1594 3579 1760 3633; x_wconf 83' lang='lat' dir='ltr'><strong>Caleb</strong></span> 
     </span>
    </p>
   </div>
   <div class='ocr_carea' id='block_1_66' title="bbox 169 3674 1762 3741">
    <p class='ocr_par' dir='ltr' id='par_1_66' title="bbox 169 3674 1762 3741">
     <span class='ocr_line' id='line_1_66' title="bbox 169 3674 1762 3741; baseline -0.005 -8"><span class='ocrx_word' id='word_1_382' title='bbox 169 3680 486 3734; x_wconf 85' lang='lat' dir='ltr'><strong>interfectis</strong></span> <span class='ocrx_word' id='word_1_383' title='bbox 517 3679 570 3733; x_wconf 90' lang='lat' dir='ltr'><strong>in</strong></span> <span class='ocrx_word' id='word_1_384' title='bbox 592 3694 654 3733; x_wconf 90' lang='lat' dir='ltr'><strong>ea</strong></span> <span class='ocrx_word' id='word_1_385' title='bbox 681 3678 931 3732; x_wconf 82' lang='lat' dir='ltr'><strong>Enacim.</strong></span> <span class='ocrx_word' id='word_1_386' title='bbox 960 3676 1085 3730; x_wconf 83' lang='lat' dir='ltr'><strong>Fuit</strong></span> <span class='ocrx_word' id='word_1_387' title='bbox 1132 3684 1317 3729; x_wconf 87' lang='lat' dir='ltr'><strong>autem</strong></span> <span class='ocrx_word' id='word_1_388' title='bbox 1348 3682 1404 3728; x_wconf 90' lang='lat' dir='ltr'><strong>et</strong></span> <span class='ocrx_word' id='word_1_389' title='bbox 1434 3674 1551 3741; x_wconf 78' lang='lat' dir='ltr'><strong>ipsa</strong></span> <span class='ocrx_word' id='word_1_390' title='bbox 1576 3685 1762 3727; x_wconf 87' lang='lat' dir='ltr'><strong>sacer-</strong></span> 
     </span>
    </p>
   </div>
   <div class='ocr_carea' id='block_1_67' title="bbox 169 3759 1760 3839">
    <p class='ocr_par' dir='ltr' id='par_1_67' title="bbox 169 3759 1760 3839">
     <span class='ocr_line' id='line_1_67' title="bbox 169 3759 1760 3839; baseline -0.007 -15"><span class='ocrx_word' id='word_1_391' title='bbox 169 3771 399 3825; x_wconf 85' lang='lat' dir='ltr'><strong>dotibus</strong></span> <span class='ocrx_word' id='word_1_392' title='bbox 448 3779 725 3839; x_wconf 87' lang='lat' dir='ltr'><strong>separata.</strong></span> <span class='ocrx_word' id='word_1_393' title='bbox 754 3766 948 3836; x_wconf 82' lang='lat' dir='ltr'><strong>(Porro</strong></span> <span class='ocrx_word' id='word_1_394' title='bbox 1009 3762 1304 3820; x_wconf 84' lang='lat' dir='ltr'><strong>Gothoniel</strong></span> <span class='ocrx_word' id='word_1_395' title='bbox 1343 3761 1566 3831; x_wconf 90' lang='lat' dir='ltr'><strong>quidam</strong></span> <span class='ocrx_word' id='word_1_396' title='bbox 1612 3759 1760 3813; x_wconf 85' lang='lat' dir='ltr'><strong>arbi-</strong></span> 
     </span>
    </p>
   </div>
   <div class='ocr_carea' id='block_1_68' title="bbox 172 3856 1051 3924">
    <p class='ocr_par' dir='ltr' id='par_1_68' title="bbox 172 3856 1051 3924">
     <span class='ocr_line' id='line_1_68' title="bbox 172 3856 1051 3924; baseline -0.006 -8"><span class='ocrx_word' id='word_1_397' title='bbox 172 3871 396 3919; x_wconf 80' lang='lat' dir='ltr'><strong>trantur</strong></span> <span class='ocrx_word' id='word_1_398' title='bbox 423 3861 592 3915; x_wconf 88' lang='lat' dir='ltr'><strong>ﬁlium</strong></span> <span class='ocrx_word' id='word_1_399' title='bbox 628 3859 812 3914; x_wconf 85' lang='lat' dir='ltr'><strong>fratris</strong></span> <span class='ocrx_word' id='word_1_400' title='bbox 837 3856 1051 3924; x_wconf 82' lang='lat' dir='ltr'><strong>Caleh.)</strong></span> 
     </span>
    </p>
   </div>
   <div class='ocr_carea' id='block_1_69' title="bbox 228 3943 1753 4021">
    <p class='ocr_par' dir='ltr' id='par_1_69' title="bbox 228 3943 1753 4021">
     <span class='ocr_line' id='line_1_69' title="bbox 228 3943 1753 4021; baseline -0.009 -12"><span class='ocrx_word' id='word_1_401' title='bbox 228 3956 422 4016; x_wconf 82' lang='lat' dir='ltr'><strong>Dabir.</strong></span> <span class='ocrx_word' id='word_1_402' title='bbox 488 3968 656 4021; x_wconf 73' lang='lat' dir='ltr'><strong>super</strong></span> <span class='ocrx_word' id='word_1_403' title='bbox 705 3950 996 4006; x_wconf 87' lang='lat' dir='ltr'><strong>Iordanem</strong></span> <span class='ocrx_word' id='word_1_404' title='bbox 1029 3947 1223 4002; x_wconf 85' lang='lat' dir='ltr'><strong>civitas</strong></span> <span class='ocrx_word' id='word_1_405' title='bbox 1282 3943 1753 3999; x_wconf 74' lang='lat' dir='ltr'><strong>Amorrhaeorum.</strong></span> 
     </span>
    </p>
   </div>
   <div class='ocr_carea' id='block_1_70' title="bbox 238 4041 955 4109">
    <p class='ocr_par' dir='ltr' id='par_1_70' title="bbox 238 4041 955 4109">
     <span class='ocr_line' id='line_1_70' title="bbox 238 4041 955 4109; baseline -0.013 -7"><span class='ocrx_word' id='word_1_406' title='bbox 238 4048 501 4109; x_wconf 88' lang='lat' dir='ltr'><strong>Dimona,</strong></span> <span class='ocrx_word' id='word_1_407' title='bbox 538 4046 590 4099; x_wconf 91' lang='lat' dir='ltr'><strong>iu</strong></span> <span class='ocrx_word' id='word_1_408' title='bbox 619 4044 767 4097; x_wconf 90' lang='lat' dir='ltr'><strong>tribu</strong></span> <span class='ocrx_word' id='word_1_409' title='bbox 795 4041 955 4095; x_wconf 85' lang='lat' dir='ltr'><strong>Iuda.</strong></span> 
     </span>
    </p>
   </div>
   <div class='ocr_carea' id='block_1_71' title="bbox 245 4133 917 4203">
    <p class='ocr_par' dir='ltr' id='par_1_71' title="bbox 245 4133 917 4203">
     <span class='ocr_line' id='line_1_71' title="bbox 245 4133 917 4203; baseline -0.012 -8"><span class='ocrx_word' id='word_1_410' title='bbox 245 4141 459 4203; x_wconf 88' lang='lat' dir='ltr'><strong>Dadan,</strong></span> <span class='ocrx_word' id='word_1_411' title='bbox 493 4139 549 4192; x_wconf 91' lang='lat' dir='ltr'><strong>in</strong></span> <span class='ocrx_word' id='word_1_412' title='bbox 572 4136 719 4190; x_wconf 90' lang='lat' dir='ltr'><strong>tribu</strong></span> <span class='ocrx_word' id='word_1_413' title='bbox 755 4133 917 4188; x_wconf 90' lang='lat' dir='ltr'><strong>Iuda.</strong></span> 
     </span>
    </p>
   </div>
   <div class='ocr_carea' id='block_1_72' title="bbox 237 4225 1759 4293">
    <p class='ocr_par' dir='ltr' id='par_1_72' title="bbox 237 4225 1759 4293">
     <span class='ocr_line' id='line_1_72' title="bbox 237 4225 1759 4293; baseline -0.009 -7"><span class='ocrx_word' id='word_1_414' title='bbox 237 4233 459 4293; x_wconf 85' lang='lat' dir='ltr'><strong>Denna.</strong></span> <span class='ocrx_word' id='word_1_415' title='bbox 486 4231 542 4283; x_wconf 91' lang='lat' dir='ltr'><strong>in</strong></span> <span class='ocrx_word' id='word_1_416' title='bbox 574 4228 721 4281; x_wconf 89' lang='lat' dir='ltr'><strong>tribu</strong></span> <span class='ocrx_word' id='word_1_417' title='bbox 750 4225 1126 4291; x_wconf 81' lang='lat' dir='ltr'><strong>Iuda,eadem</strong></span> <span class='ocrx_word' id='word_1_418' title='bbox 1156 4232 1241 4279; x_wconf 91' lang='lat' dir='ltr'><strong>est</strong></span> <span class='ocrx_word' id='word_1_419' title='bbox 1302 4232 1487 4277; x_wconf 90' lang='lat' dir='ltr'><strong>autem</strong></span> <span class='ocrx_word' id='word_1_420' title='bbox 1538 4234 1659 4290; x_wconf 68' lang='lat' dir='ltr'><strong>quae</strong></span> <span class='ocrx_word' id='word_1_421' title='bbox 1702 4226 1759 4274; x_wconf 91' lang='lat' dir='ltr'><strong>et</strong></span> 
     </span>
    </p>
   </div>
   <div class='ocr_carea' id='block_1_73' title="bbox 170 4321 939 4378">
    <p class='ocr_par' dir='ltr' id='par_1_73' title="bbox 170 4321 939 4378">
     <span class='ocr_line' id='line_1_73' title="bbox 170 4321 939 4378; baseline -0.01 -1"><span class='ocrx_word' id='word_1_422' title='bbox 170 4326 343 4378; x_wconf 84' lang='lat' dir='ltr'><strong>Dabir</strong></span> <span class='ocrx_word' id='word_1_423' title='bbox 377 4323 575 4377; x_wconf 81' lang='lat' dir='ltr'><strong>civitas</strong></span> <span class='ocrx_word' id='word_1_424' title='bbox 601 4321 939 4373; x_wconf 86' lang='lat' dir='ltr'><strong>litterarum.</strong></span> 
     </span>
    </p>
   </div>
   <div class='ocr_carea' id='block_1_74' title="bbox 238 4405 1400 4476">
    <p class='ocr_par' dir='ltr' id='par_1_74' title="bbox 238 4405 1400 4476">
     <span class='ocr_line' id='line_1_74' title="bbox 238 4405 1400 4476; baseline -0.01 -7"><span class='ocrx_word' id='word_1_425' title='bbox 238 4415 450 4469; x_wconf 82' lang='lat' dir='ltr'><strong>Dahiva</strong></span> <span class='ocrx_word' id='word_1_426' title='bbox 477 4413 520 4476; x_wconf 82' lang='grc'><strong>⁸,</strong></span> <span class='ocrx_word' id='word_1_427' title='bbox 558 4413 674 4466; x_wconf 84' lang='lat' dir='ltr'><strong>sive</strong></span> <span class='ocrx_word' id='word_1_428' title='bbox 706 4409 940 4471; x_wconf 88' lang='lat' dir='ltr'><strong>Dahiud,</strong></span> <span class='ocrx_word' id='word_1_429' title='bbox 968 4408 1021 4460; x_wconf 89' lang='lat' dir='ltr'><strong>in</strong></span> <span class='ocrx_word' id='word_1_430' title='bbox 1065 4406 1206 4459; x_wconf 84' lang='lat' dir='ltr'><strong>tribu</strong></span> <span class='ocrx_word' id='word_1_431' title='bbox 1239 4405 1400 4458; x_wconf 85' lang='lat' dir='ltr'><strong>Iuda.</strong></span> 
     </span>
    </p>
   </div>
   <div class='ocr_carea' id='block_1_75' title="bbox 232 4496 1753 4569">
    <p class='ocr_par' dir='ltr' id='par_1_75' title="bbox 232 4496 1753 4569">
     <span class='ocr_line' id='line_1_75' title="bbox 232 4496 1753 4569; baseline -0.004 -12"><span class='ocrx_word' id='word_1_432' title='bbox 232 4506 437 4569; x_wconf 83' lang='lat' dir='ltr'><strong>Duma,</strong></span> <span class='ocrx_word' id='word_1_433' title='bbox 468 4504 522 4557; x_wconf 92' lang='lat' dir='ltr'><strong>in</strong></span> <span class='ocrx_word' id='word_1_434' title='bbox 550 4503 693 4557; x_wconf 82' lang='lat' dir='ltr'><strong>tribu</strong></span> <span class='ocrx_word' id='word_1_435' title='bbox 716 4500 877 4563; x_wconf 88' lang='lat' dir='ltr'><strong>Iuda,</strong></span> <span class='ocrx_word' id='word_1_436' title='bbox 920 4502 1074 4555; x_wconf 88' lang='lat' dir='ltr'><strong>vicus</strong></span> <span class='ocrx_word' id='word_1_437' title='bbox 1121 4498 1344 4569; x_wconf 78' lang='lat' dir='ltr'><strong>grandis</strong></span> <span class='ocrx_word' id='word_1_438' title='bbox 1393 4498 1443 4551; x_wconf 87' lang='lat' dir='ltr'><strong>iit</strong></span> <span class='ocrx_word' id='word_1_439' title='bbox 1505 4496 1753 4562; x_wconf 80' lang='lat' dir='ltr'><strong>Daroma,</strong></span> 
     </span>
    </p>
   </div>
   <div class='ocr_carea' id='block_1_76' title="bbox 1923 3296 3435 3375">
    <p class='ocr_par' dir='ltr' id='par_1_76' title="bbox 1923 3296 3435 3375">
     <span class='ocr_line' id='line_1_76' title="bbox 1923 3296 3435 3375; baseline 0.007 -26"><span class='ocrx_word' id='word_1_440' title='bbox 1923 3296 2227 3365; x_wconf 86' lang='lat' dir='ltr'><strong>Decapolis,</strong></span> <span class='ocrx_word' id='word_1_441' title='bbox 2264 3299 2416 3353; x_wconf 89' lang='lat' dir='ltr'><strong>sicut</strong></span> <span class='ocrx_word' id='word_1_442' title='bbox 2447 3300 2501 3355; x_wconf 93' lang='lat' dir='ltr'><strong>in</strong></span> <span class='ocrx_word' id='word_1_443' title='bbox 2525 3301 2825 3373; x_wconf 86' lang='lat' dir='ltr'><strong>Evangelio</strong></span> <span class='ocrx_word' id='word_1_444' title='bbox 2849 3303 3100 3375; x_wconf 85' lang='lat' dir='ltr'><strong>legimus.</strong></span> <span class='ocrx_word' id='word_1_445' title='bbox 3139 3305 3227 3362; x_wconf 79' lang='lat' dir='ltr'><strong>Est</strong></span> <span class='ocrx_word' id='word_1_446' title='bbox 3256 3318 3435 3361; x_wconf 76' lang='lat' dir='ltr'><strong>autem</strong></span> 
     </span>
    </p>
   </div>
   <div class='ocr_carea' id='block_1_77' title="bbox 1861 3390 3438 3471">
    <p class='ocr_par' dir='ltr' id='par_1_77' title="bbox 1861 3390 3438 3471">
     <span class='ocr_line' id='line_1_77' title="bbox 1861 3390 3438 3471; baseline 0.006 -27"><span class='ocrx_word' id='word_1_447' title='bbox 1861 3390 2011 3459; x_wconf 86' lang='lat' dir='ltr'><strong>regio</strong></span> <span class='ocrx_word' id='word_1_448' title='bbox 2032 3390 2223 3444; x_wconf 87' lang='lat' dir='ltr'><strong>decent</strong></span> <span class='ocrx_word' id='word_1_449' title='bbox 2252 3392 2468 3445; x_wconf 87' lang='lat' dir='ltr'><strong>urbium</strong></span> <span class='ocrx_word' id='word_1_450' title='bbox 2502 3404 2656 3449; x_wconf 87' lang='lat' dir='ltr'><strong>trans</strong></span> <span class='ocrx_word' id='word_1_451' title='bbox 2679 3394 2974 3452; x_wconf 86' lang='lat' dir='ltr'><strong>Iordanem</strong></span> <span class='ocrx_word' id='word_1_452' title='bbox 3023 3400 3169 3453; x_wconf 84' lang='lat' dir='ltr'><strong>circa</strong></span> <span class='ocrx_word' id='word_1_453' title='bbox 3206 3400 3438 3471; x_wconf 89' lang='lat' dir='ltr'><strong>llipputn</strong></span> 
     </span>
    </p>
   </div>
   <div class='ocr_carea' id='block_1_78' title="bbox 1861 3482 2545 3541">
    <p class='ocr_par' dir='ltr' id='par_1_78' title="bbox 1861 3482 2545 3541">
     <span class='ocr_line' id='line_1_78' title="bbox 1861 3482 2545 3541; baseline 0.007 -5"><span class='ocrx_word' id='word_1_454' title='bbox 1861 3494 1915 3537; x_wconf 85' lang='lat' dir='ltr'><strong>ct</strong></span> <span class='ocrx_word' id='word_1_455' title='bbox 1950 3482 2151 3539; x_wconf 86' lang='lat' dir='ltr'><strong>Pellam</strong></span> <span class='ocrx_word' id='word_1_456' title='bbox 2179 3495 2233 3538; x_wconf 91' lang='lat' dir='ltr'><strong>et</strong></span> <span class='ocrx_word' id='word_1_457' title='bbox 2255 3483 2545 3541; x_wconf 85' lang='lat' dir='ltr'><strong>Gadaram.</strong></span> 
     </span>
    </p>
   </div>
   <div class='ocr_carea' id='block_1_79' title="bbox 2446 3579 2835 3637">
    <p class='ocr_par' dir='ltr' id='par_1_79' title="bbox 2446 3579 2835 3637">
     <span class='ocr_line' id='line_1_79' title="bbox 2446 3579 2835 3637; baseline 0.015 -6"><span class='ocrx_word' id='word_1_458' title='bbox 2446 3579 2533 3632; x_wconf 80' lang='lat' dir='ltr'><strong>DE</strong></span> <span class='ocrx_word' id='word_1_459' title='bbox 2569 3580 2835 3637; x_wconf 72' lang='lat' dir='ltr'><strong>GENESL</strong></span> 
     </span>
    </p>
   </div>
   <div class='ocr_carea' id='block_1_80' title="bbox 1928 3667 3438 3751">
    <p class='ocr_par' dir='ltr' id='par_1_80' title="bbox 1928 3667 3438 3751">
     <span class='ocr_line' id='line_1_80' title="bbox 1928 3667 3438 3751; baseline 0.011 -30"><span class='ocrx_word' id='word_1_460' title='bbox 1928 3667 2099 3731; x_wconf 83' lang='lat' dir='ltr'><strong>Eden,</strong></span> <span class='ocrx_word' id='word_1_461' title='bbox 2124 3669 2264 3723; x_wconf 86' lang='lat' dir='ltr'><strong>sacri</strong></span> <span class='ocrx_word' id='word_1_462' title='bbox 2298 3671 2534 3739; x_wconf 85' lang='lat' dir='ltr'><strong>paradisi</strong></span> <span class='ocrx_word' id='word_1_463' title='bbox 2573 3673 2728 3727; x_wconf 91' lang='lat' dir='ltr'><strong>locus</strong></span> <span class='ocrx_word' id='word_1_464' title='bbox 2761 3674 2828 3728; x_wconf 89' lang='lat' dir='ltr'><strong>ad</strong></span> <span class='ocrx_word' id='word_1_465' title='bbox 2886 3676 3173 3745; x_wconf 89' lang='lat' dir='ltr'><strong>orientem,</strong></span> <span class='ocrx_word' id='word_1_466' title='bbox 3203 3682 3349 3751; x_wconf 88' lang='lat' dir='ltr'><strong>quod</strong></span> <span class='ocrx_word' id='word_1_467' title='bbox 3382 3682 3438 3737; x_wconf 92' lang='lat' dir='ltr'><strong>in</strong></span> 
     </span>
    </p>
   </div>
   <div class='ocr_carea' id='block_1_81' title="bbox 1863 3762 2936 3834">
    <p class='ocr_par' dir='ltr' id='par_1_81' title="bbox 1863 3762 2936 3834">
     <span class='ocr_line' id='line_1_81' title="bbox 1863 3762 2936 3834; baseline 0.011 -22"><span class='ocrx_word' id='word_1_468' title='bbox 1863 3762 2194 3832; x_wconf 87' lang='lat' dir='ltr'><strong>voluptatem</strong></span> <span class='ocrx_word' id='word_1_469' title='bbox 2221 3762 2560 3834; x_wconf 85' lang='lat' dir='ltr'><strong>deliciasque</strong></span> <span class='ocrx_word' id='word_1_470' title='bbox 2588 3766 2936 3824; x_wconf 83' lang='lat' dir='ltr'><strong>transfertur.</strong></span> 
     </span>
    </p>
   </div>
   <div class='ocr_carea' id='block_1_82' title="bbox 1936 3852 3437 3934">
    <p class='ocr_par' dir='ltr' id='par_1_82' title="bbox 1936 3852 3437 3934">
     <span class='ocr_line' id='line_1_82' title="bbox 1936 3852 3437 3934; baseline 0.011 -26"><span class='ocrx_word' id='word_1_471' title='bbox 1936 3852 2105 3919; x_wconf 85' lang='lat' dir='ltr'><strong>Evila,</strong></span> <span class='ocrx_word' id='word_1_472' title='bbox 2136 3855 2228 3909; x_wconf 88' lang='lat' dir='ltr'><strong>ubi</strong></span> <span class='ocrx_word' id='word_1_473' title='bbox 2278 3872 2473 3910; x_wconf 92' lang='lat' dir='ltr'><strong>aurum</strong></span> <span class='ocrx_word' id='word_1_474' title='bbox 2520 3860 2879 3927; x_wconf 87' lang='lat' dir='ltr'><strong>purissimum</strong></span> <span class='ocrx_word' id='word_1_475' title='bbox 2957 3865 3122 3934; x_wconf 88' lang='lat' dir='ltr'><strong>(quod</strong></span> <span class='ocrx_word' id='word_1_476' title='bbox 3174 3866 3437 3925; x_wconf 81' lang='lat' dir='ltr'><strong>Hebraicc</strong></span> 
     </span>
    </p>
   </div>
   <div class='ocr_carea' id='block_1_83' title="bbox 1860 3945 3438 4029">
    <p class='ocr_par' dir='ltr' id='par_1_83' title="bbox 1860 3945 3438 4029">
     <span class='ocr_line' id='line_1_83' title="bbox 1860 3945 3438 4029; baseline 0.011 -30"><span class='ocrx_word' id='word_1_477' title='bbox 1860 3945 2059 4000; x_wconf 84' lang='lat' dir='ltr'><strong>dicitur</strong></span> <span class='ocrx_word' id='word_1_478' title='bbox 2126 3949 2259 3999; x_wconf 85' lang='lat' dir='ltr'><strong>zaab</strong></span> <span class='ocrx_word' id='word_1_479' title='bbox 2302 3949 2461 4029; x_wconf 58' lang='lat' dir='ltr'><strong>(aut!)</strong></span> <span class='ocrx_word' id='word_1_480' title='bbox 2490 3959 2544 4004; x_wconf 93' lang='lat' dir='ltr'><strong>et</strong></span> <span class='ocrx_word' id='word_1_481' title='bbox 2575 3966 2802 4020; x_wconf 69' lang='lat' dir='ltr'><strong>gemmae</strong></span> <span class='ocrx_word' id='word_1_482' title='bbox 2856 3958 3289 4023; x_wconf 71' lang='lat' dir='ltr'><strong>pretiosissimae.</strong></span> <span class='ocrx_word' id='word_1_483' title='bbox 3316 3977 3438 4017; x_wconf 86' lang='lat' dir='ltr'><strong>car-</strong></span> 
     </span>
    </p>
   </div>
   <div class='ocr_carea' id='block_1_84' title="bbox 1861 4038 3429 4112">
    <p class='ocr_par' dir='ltr' id='par_1_84' title="bbox 1861 4038 3429 4112">
     <span class='ocr_line' id='line_1_84' title="bbox 1861 4038 3429 4112; baseline 0.011 -21"><span class='ocrx_word' id='word_1_484' title='bbox 1861 4038 2158 4102; x_wconf 85' lang='lat' dir='ltr'><strong>bunculus,</strong></span> <span class='ocrx_word' id='word_1_485' title='bbox 2225 4042 2660 4112; x_wconf 84' lang='lat' dir='ltr'><strong>smaragdusque</strong></span> <span class='ocrx_word' id='word_1_486' title='bbox 2736 4057 3059 4103; x_wconf 89' lang='lat' dir='ltr'><strong>nascuntur.</strong></span> <span class='ocrx_word' id='word_1_487' title='bbox 3104 4051 3197 4104; x_wconf 86' lang='lat' dir='ltr'><strong>Est</strong></span> <span class='ocrx_word' id='word_1_488' title='bbox 3247 4067 3429 4109; x_wconf 88' lang='lat' dir='ltr'><strong>autem</strong></span> 
     </span>
    </p>
   </div>
   <div class='ocr_carea' id='block_1_85' title="bbox 1862 4129 3440 4205">
    <p class='ocr_par' dir='ltr' id='par_1_85' title="bbox 1862 4129 3440 4205">
     <span class='ocr_line' id='line_1_85' title="bbox 1862 4129 3440 4205; baseline 0.009 -21"><span class='ocrx_word' id='word_1_489' title='bbox 1862 4130 2013 4199; x_wconf 90' lang='lat' dir='ltr'><strong>regio</strong></span> <span class='ocrx_word' id='word_1_490' title='bbox 2068 4131 2134 4184; x_wconf 80' lang='lat' dir='ltr'><strong>atl</strong></span> <span class='ocrx_word' id='word_1_491' title='bbox 2197 4129 2475 4185; x_wconf 87' lang='lat' dir='ltr'><strong>Orientem</strong></span> <span class='ocrx_word' id='word_1_492' title='bbox 2534 4148 2788 4202; x_wconf 80' lang='lat' dir='ltr'><strong>vergens,</strong></span> <span class='ocrx_word' id='word_1_493' title='bbox 2846 4153 3007 4205; x_wconf 89' lang='lat' dir='ltr'><strong>quam</strong></span> <span class='ocrx_word' id='word_1_494' title='bbox 3061 4141 3317 4197; x_wconf 83' lang='lat' dir='ltr'><strong>circumit</strong></span> <span class='ocrx_word' id='word_1_495' title='bbox 3371 4146 3440 4198; x_wconf 77' lang='lat' dir='ltr'><strong>de</strong></span> 
     </span>
    </p>
   </div>
   <div class='ocr_carea' id='block_1_86' title="bbox 1862 4221 3440 4296">
    <p class='ocr_par' dir='ltr' id='par_1_86' title="bbox 1862 4221 3440 4296">
     <span class='ocr_line' id='line_1_86' title="bbox 1862 4221 3440 4296; baseline 0.009 -22"><span class='ocrx_word' id='word_1_496' title='bbox 1862 4221 2123 4291; x_wconf 84' lang='lat' dir='ltr'><strong>paradiso</strong></span> <span class='ocrx_word' id='word_1_497' title='bbox 2175 4221 2376 4275; x_wconf 81' lang='lat' dir='ltr'><strong>Phison</strong></span> <span class='ocrx_word' id='word_1_498' title='bbox 2425 4224 2715 4294; x_wconf 79' lang='lat' dir='ltr'><strong>egrediens</strong></span> <span class='ocrx_word' id='word_1_499' title='bbox 2743 4242 2757 4279; x_wconf 93' lang='lat'>:</span> <span class='ocrx_word' id='word_1_500' title='bbox 2785 4243 2946 4295; x_wconf 82' lang='lat' dir='ltr'><strong>quem</strong></span> <span class='ocrx_word' id='word_1_501' title='bbox 2978 4232 3173 4296; x_wconf 75' lang='lat' dir='ltr'><strong>nostri,</strong></span> <span class='ocrx_word' id='word_1_502' title='bbox 3230 4246 3440 4290; x_wconf 79' lang='lat' dir='ltr'><strong>mutatu</strong></span> 
     </span>
    </p>
   </div>
   <div class='ocr_carea' id='block_1_87' title="bbox 1862 4311 3440 4383">
    <p class='ocr_par' dir='ltr' id='par_1_87' title="bbox 1862 4311 3440 4383">
     <span class='ocr_line' id='line_1_87' title="bbox 1862 4311 3440 4383; baseline 0.01 -17"><span class='ocrx_word' id='word_1_503' title='bbox 1862 4312 2085 4367; x_wconf 89' lang='lat' dir='ltr'><strong>nomine</strong></span> <span class='ocrx_word' id='word_1_504' title='bbox 2114 4311 2158 4375; x_wconf 85' lang='grc'><strong>⁸,</strong></span> <span class='ocrx_word' id='word_1_505' title='bbox 2202 4314 2426 4383; x_wconf 78' lang='lat' dir='ltr'><strong>Gangen</strong></span> <span class='ocrx_word' id='word_1_506' title='bbox 2454 4325 2676 4370; x_wconf 85' lang='lat' dir='ltr'><strong>vocant.</strong></span> <span class='ocrx_word' id='word_1_507' title='bbox 2717 4315 2823 4372; x_wconf 88' lang='lat' dir='ltr'><strong>Sed</strong></span> <span class='ocrx_word' id='word_1_508' title='bbox 2855 4329 2909 4373; x_wconf 90' lang='lat' dir='ltr'><strong>et</strong></span> <span class='ocrx_word' id='word_1_509' title='bbox 2947 4336 3087 4377; x_wconf 87' lang='lat' dir='ltr'><strong>unus</strong></span> <span class='ocrx_word' id='word_1_510' title='bbox 3118 4325 3184 4379; x_wconf 87' lang='lat' dir='ltr'><strong>de</strong></span> <span class='ocrx_word' id='word_1_511' title='bbox 3214 4327 3440 4382; x_wconf 75' lang='lat' dir='ltr'><strong>minori-</strong></span> 
     </span>
    </p>
   </div>
   <div class='ocr_carea' id='block_1_88' title="bbox 1861 4402 3441 4485">
    <p class='ocr_par' dir='ltr' id='par_1_88' title="bbox 1861 4402 3441 4485">
     <span class='ocr_line' id='line_1_88' title="bbox 1861 4402 3441 4485; baseline 0.011 -27"><span class='ocrx_word' id='word_1_512' title='bbox 1861 4404 1962 4459; x_wconf 85' lang='lat' dir='ltr'><strong>bus</strong></span> <span class='ocrx_word' id='word_1_513' title='bbox 1995 4402 2108 4459; x_wconf 82' lang='lat' dir='ltr'><strong>Noe</strong></span> <span class='ocrx_word' id='word_1_514' title='bbox 2173 4405 2325 4461; x_wconf 86' lang='lat' dir='ltr'><strong>Evila</strong></span> <span class='ocrx_word' id='word_1_515' title='bbox 2350 4408 2531 4464; x_wconf 88' lang='lat' dir='ltr'><strong>dictus</strong></span> <span class='ocrx_word' id='word_1_516' title='bbox 2561 4420 2666 4476; x_wconf 84' lang='lat' dir='ltr'><strong>est,</strong></span> <span class='ocrx_word' id='word_1_517' title='bbox 2729 4427 2890 4480; x_wconf 83' lang='lat' dir='ltr'><strong>quem</strong></span> <span class='ocrx_word' id='word_1_518' title='bbox 2946 4413 3218 4485; x_wconf 80' lang='lat' dir='ltr'><strong>Iosephus</strong></span> <span class='ocrx_word' id='word_1_519' title='bbox 3272 4421 3441 4476; x_wconf 85' lang='lat' dir='ltr'><strong>refert</strong></span> 
     </span>
    </p>
   </div>
   <div class='ocr_carea' id='block_1_89' title="bbox 1861 4497 3438 4581">
    <p class='ocr_par' dir='ltr' id='par_1_89' title="bbox 1861 4497 3438 4581">
     <span class='ocr_line' id='line_1_89' title="bbox 1861 4497 3438 4581; baseline 0.009 -28"><span class='ocrx_word' id='word_1_520' title='bbox 1861 4514 1985 4553; x_wconf 90' lang='lat' dir='ltr'><strong>cum</strong></span> <span class='ocrx_word' id='word_1_521' title='bbox 2015 4497 2281 4555; x_wconf 68' lang='lat' dir='ltr'><strong>fratribus</strong></span> <span class='ocrx_word' id='word_1_522' title='bbox 2310 4502 2425 4555; x_wconf 91' lang='lat' dir='ltr'><strong>suis</strong></span> <span class='ocrx_word' id='word_1_523' title='bbox 2459 4518 2487 4555; x_wconf 88' lang='lat' dir='ltr'><strong>a</strong></span> <span class='ocrx_word' id='word_1_524' title='bbox 2518 4501 2746 4557; x_wconf 81' lang='lat' dir='ltr'><strong>ﬂumine</strong></span> <span class='ocrx_word' id='word_1_525' title='bbox 2805 4502 3063 4574; x_wconf 84' lang='lat' dir='ltr'><strong>Cephene</strong></span> <span class='ocrx_word' id='word_1_526' title='bbox 3096 4518 3150 4563; x_wconf 90' lang='lat' dir='ltr'><strong>et</strong></span> <span class='ocrx_word' id='word_1_527' title='bbox 3214 4516 3438 4581; x_wconf 80' lang='lat' dir='ltr'><strong>regione</strong></span> 
     </span>
    </p>
   </div>
   <div class='ocr_carea' id='block_1_90' title="bbox 168 4589 3437 4671">
    <p class='ocr_par' dir='ltr' id='par_1_90' title="bbox 168 4589 3437 4671">
     <span class='ocr_line' id='line_1_90' title="bbox 168 4589 3437 4671; baseline 0.002 -20"><span class='ocrx_word' id='word_1_528' title='bbox 168 4601 274 4653; x_wconf 87' lang='lat' dir='ltr'><strong>hoc</strong></span> <span class='ocrx_word' id='word_1_529' title='bbox 309 4608 418 4663; x_wconf 89' lang='lat' dir='ltr'><strong>est,</strong></span> <span class='ocrx_word' id='word_1_530' title='bbox 452 4599 519 4651; x_wconf 81' lang='lat' dir='ltr'><strong>ad</strong></span> <span class='ocrx_word' id='word_1_531' title='bbox 551 4598 841 4651; x_wconf 86' lang='lat' dir='ltr'><strong>australem</strong></span> <span class='ocrx_word' id='word_1_532' title='bbox 900 4595 1109 4666; x_wconf 77' lang='lat' dir='ltr'><strong>plagam</strong></span> <span class='ocrx_word' id='word_1_533' title='bbox 1167 4594 1221 4647; x_wconf 91' lang='lat' dir='ltr'><strong>in</strong></span> <span class='ocrx_word' id='word_1_534' title='bbox 1262 4592 1461 4646; x_wconf 88' lang='lat' dir='ltr'><strong>ﬁnibus</strong></span> <span class='ocrx_word' id='word_1_535' title='bbox 1503 4590 1747 4645; x_wconf 80' lang='grc' dir='ltr'><strong>Ἐλευθε-</strong></span> <span class='ocrx_word' id='word_1_536' title='bbox 1781 4603 1825 4659; x_wconf 77' lang='grc' dir='ltr'><strong>ι)</strong></span> <span class='ocrx_word' id='word_1_537' title='bbox 1856 4589 2043 4655; x_wconf 81' lang='lat' dir='ltr'><strong>Indiae,</strong></span> <span class='ocrx_word' id='word_1_538' title='bbox 2073 4606 2245 4660; x_wconf 89' lang='lat' dir='ltr'><strong>usque</strong></span> <span class='ocrx_word' id='word_1_539' title='bbox 2276 4593 2343 4646; x_wconf 91' lang='lat' dir='ltr'><strong>ad</strong></span> <span class='ocrx_word' id='word_1_540' title='bbox 2397 4608 2519 4648; x_wconf 91' lang='lat' dir='ltr'><strong>eum</strong></span> <span class='ocrx_word' id='word_1_541' title='bbox 2552 4594 2731 4649; x_wconf 90' lang='lat' dir='ltr'><strong>locum</strong></span> <span class='ocrx_word' id='word_1_542' title='bbox 2770 4595 2864 4665; x_wconf 91' lang='lat' dir='ltr'><strong>qui</strong></span> <span class='ocrx_word' id='word_1_543' title='bbox 2900 4599 3201 4668; x_wconf 87' lang='lat' dir='ltr'><strong>appellatur</strong></span> <span class='ocrx_word' id='word_1_544' title='bbox 3232 4601 3437 4671; x_wconf 86' lang='lat' dir='ltr'><strong>llieria,</strong></span> 
     </span>
    </p>
   </div>
   <div class='ocr_carea' id='block_1_91' title="bbox 238 4742 1745 4813">
    <p class='ocr_par' dir='ltr' id='par_1_91' title="bbox 238 4742 1745 4813">
     <span class='ocr_line' id='line_1_91' title="bbox 238 4742 1745 4813; baseline -0.001 -15"><span class='ocrx_word' id='word_1_545' title='bbox 238 4747 257 4777; x_wconf 75' lang='grc'><strong>⁸</strong></span> <span class='ocrx_word' id='word_1_546' title='bbox 299 4743 511 4798; x_wconf 75' lang='lat' dir='ltr'><strong>Mavult</strong></span> <span class='ocrx_word' id='word_1_547' title='bbox 538 4742 819 4813; x_wconf 83' lang='lat' dir='ltr'><strong>Relandus</strong></span> <span class='ocrx_word' id='word_1_548' title='bbox 869 4742 1165 4807; x_wconf 78' lang='lat' dir='ltr'><strong>Arnonam,</strong></span> <span class='ocrx_word' id='word_1_549' title='bbox 1223 4757 1418 4813; x_wconf 86' lang='lat' dir='ltr'><strong>nempe</strong></span> <span class='ocrx_word' id='word_1_550' title='bbox 1465 4742 1745 4812; x_wconf 82' lang='lat' dir='ltr'><strong>regionem</strong></span> 
     </span>
    </p>
   </div>
   <div class='ocr_carea' id='block_1_92' title="bbox 162 4812 1747 4883">
    <p class='ocr_par' dir='ltr' id='par_1_92' title="bbox 162 4812 1747 4883">
     <span class='ocr_line' id='line_1_92' title="bbox 162 4812 1747 4883; baseline -0.001 -16"><span class='ocrx_word' id='word_1_551' title='bbox 162 4831 291 4883; x_wconf 69' lang='lat' dir='ltr'><strong>quae</strong></span> <span class='ocrx_word' id='word_1_552' title='bbox 319 4817 388 4868; x_wconf 83' lang='lat' dir='ltr'><strong>ab</strong></span> <span class='ocrx_word' id='word_1_553' title='bbox 438 4816 658 4867; x_wconf 74' lang='lat' dir='ltr'><strong>Arnone</strong></span> <span class='ocrx_word' id='word_1_554' title='bbox 693 4812 856 4866; x_wconf 86' lang='lat' dir='ltr'><strong>fluvio</strong></span> <span class='ocrx_word' id='word_1_555' title='bbox 885 4829 1084 4867; x_wconf 89' lang='lat' dir='ltr'><strong>nomen</strong></span> <span class='ocrx_word' id='word_1_556' title='bbox 1131 4812 1381 4867; x_wconf 72' lang='lat' dir='ltr'><strong>sortitur.</strong></span> <span class='ocrx_word' id='word_1_557' title='bbox 1437 4815 1613 4868; x_wconf 83' lang='lat' dir='ltr'><strong>Aliter</strong></span> <span class='ocrx_word' id='word_1_558' title='bbox 1646 4814 1747 4865; x_wconf 83' lang='lat' dir='ltr'><strong>titi-</strong></span> 
     </span>
    </p>
   </div>
   <div class='ocr_carea' id='block_1_93' title="bbox 164 4883 1745 4954">
    <p class='ocr_par' dir='ltr' id='par_1_93' title="bbox 164 4883 1745 4954">
     <span class='ocr_line' id='line_1_93' title="bbox 164 4883 1745 4954; baseline -0.001 -17"><span class='ocrx_word' id='word_1_559' title='bbox 164 4889 317 4939; x_wconf 84' lang='lat' dir='ltr'><strong>nitue</strong></span> <span class='ocrx_word' id='word_1_560' title='bbox 346 4885 865 4954; x_wconf 18' lang='lat' dir='ltr'><strong>sibimetdconstare</strong></span> <span class='ocrx_word' id='word_1_561' title='bbox 916 4883 1169 4937; x_wconf 85' lang='lat' dir='ltr'><strong>videatur</strong></span> <span class='ocrx_word' id='word_1_562' title='bbox 1211 4884 1601 4954; x_wconf 85' lang='lat' dir='ltr'><strong>Hieronymus,</strong></span> <span class='ocrx_word' id='word_1_563' title='bbox 1654 4884 1745 4951; x_wconf 86' lang='lat' dir='ltr'><strong>qui</strong></span> 
     </span>
    </p>
   </div>
   <div class='ocr_carea' id='block_1_94' title="bbox 162 4952 1746 5023">
    <p class='ocr_par' dir='ltr' id='par_1_94' title="bbox 162 4952 1746 5023">
     <span class='ocr_line' id='line_1_94' title="bbox 162 4952 1746 5023; baseline 0.001 -19"><span class='ocrx_word' id='word_1_564' title='bbox 162 4960 228 5005; x_wconf 66' lang='lat' dir='ltr'><strong>ait</strong></span> <span class='ocrx_word' id='word_1_565' title='bbox 289 4970 485 5008; x_wconf 84' lang='lat' dir='ltr'><strong>vocem</strong></span> <span class='ocrx_word' id='word_1_566' title='bbox 553 4952 776 5006; x_wconf 72' lang='lat' dir='ltr'><strong>Madian</strong></span> <span class='ocrx_word' id='word_1_567' title='bbox 824 4954 984 5007; x_wconf 87' lang='lat' dir='ltr'><strong>sitam</strong></span> <span class='ocrx_word' id='word_1_568' title='bbox 1041 4955 1244 5009; x_wconf 78' lang='lat' dir='ltr'><strong>dixerit</strong></span> <span class='ocrx_word' id='word_1_569' title='bbox 1307 4952 1620 5023; x_wconf 80' lang='lat' dir='ltr'><strong>Arcopolitu</strong></span> <span class='ocrx_word' id='word_1_570' title='bbox 1681 4954 1746 5005; x_wconf 85' lang='lat' dir='ltr'><strong>ad</strong></span> 
     </span>
    </p>
   </div>
   <div class='ocr_carea' id='block_1_95' title="bbox 163 5023 1752 5095">
    <p class='ocr_par' dir='ltr' id='par_1_95' title="bbox 163 5023 1752 5095">
     <span class='ocr_line' id='line_1_95' title="bbox 163 5023 1752 5095; baseline 0.001 -19"><span class='ocrx_word' id='word_1_571' title='bbox 163 5026 476 5089; x_wconf 72' lang='lat' dir='ltr'><strong>Anionem,</strong></span> <span class='ocrx_word' id='word_1_572' title='bbox 508 5024 598 5078; x_wconf 89' lang='lat' dir='ltr'><strong>hic</strong></span> <span class='ocrx_word' id='word_1_573' title='bbox 622 5038 748 5077; x_wconf 78' lang='lat' dir='ltr'><strong>tero</strong></span> <span class='ocrx_word' id='word_1_574' title='bbox 794 5023 861 5077; x_wconf 94' lang='lat' dir='ltr'><strong>ab</strong></span> <span class='ocrx_word' id='word_1_575' title='bbox 891 5039 956 5077; x_wconf 87' lang='lat' dir='ltr'><strong>eo</strong></span> <span class='ocrx_word' id='word_1_576' title='bbox 983 5037 1107 5080; x_wconf 86' lang='lat' dir='ltr'><strong>octo</strong></span> <span class='ocrx_word' id='word_1_577' title='bbox 1158 5025 1304 5080; x_wconf 89' lang='lat' dir='ltr'><strong>mille</strong></span> <span class='ocrx_word' id='word_1_578' title='bbox 1337 5039 1528 5095; x_wconf 84' lang='lat' dir='ltr'><strong>passus</strong></span> <span class='ocrx_word' id='word_1_579' title='bbox 1572 5038 1752 5077; x_wconf 87' lang='lat' dir='ltr'><strong>remo-</strong></span> 
     </span>
    </p>
   </div>
   <div class='ocr_carea' id='block_1_96' title="bbox 163 5106 317 5148">
    <p class='ocr_par' dir='ltr' id='par_1_96' title="bbox 163 5106 317 5148">
     <span class='ocr_line' id='line_1_96' title="bbox 163 5106 317 5148; baseline -0.013 0"><span class='ocrx_word' id='word_1_580' title='bbox 163 5106 317 5148; x_wconf 74' lang='lat' dir='ltr'><strong>veat.</strong></span> 
     </span>
    </p>
   </div>
   <div class='ocr_carea' id='block_1_97' title="bbox 232 5163 1749 5231">
    <p class='ocr_par' dir='ltr' id='par_1_97' title="bbox 232 5163 1749 5231">
     <span class='ocr_line' id='line_1_97' title="bbox 232 5163 1749 5231; baseline 0.001 -15"><span class='ocrx_word' id='word_1_581' title='bbox 232 5170 254 5196; x_wconf 78' lang='grc'><em>³</em></span> <span class='ocrx_word' id='word_1_582' title='bbox 285 5163 352 5216; x_wconf 82' lang='lat' dir='ltr'><strong>In</strong></span> <span class='ocrx_word' id='word_1_583' title='bbox 387 5163 697 5219; x_wconf 78' lang='lat' dir='ltr'><strong>duodecimo</strong></span> <span class='ocrx_word' id='word_1_584' title='bbox 726 5167 1003 5231; x_wconf 83' lang='lat' dir='ltr'><strong>milliaria,</strong></span> <span class='ocrx_word' id='word_1_585' title='bbox 1030 5176 1140 5221; x_wconf 88' lang='lat' dir='ltr'><strong>etc.</strong></span> <span class='ocrx_word' id='word_1_586' title='bbox 1175 5165 1276 5220; x_wconf 88' lang='lat' dir='ltr'><strong>Ms.</strong></span> <span class='ocrx_word' id='word_1_587' title='bbox 1335 5179 1474 5220; x_wconf 90' lang='lat' dir='ltr'><strong>unus</strong></span> <span class='ocrx_word' id='word_1_588' title='bbox 1502 5165 1749 5221; x_wconf 89' lang='lat' dir='ltr'><strong>Colbert.</strong></span> 
     </span>
    </p>
   </div>
   <div class='ocr_carea' id='block_1_98' title="bbox 161 5234 702 5290">
    <p class='ocr_par' dir='ltr' id='par_1_98' title="bbox 161 5234 702 5290">
     <span class='ocr_line' id='line_1_98' title="bbox 161 5234 702 5290; baseline 0.009 -5"><span class='ocrx_word' id='word_1_589' title='bbox 161 5235 392 5287; x_wconf 70' lang='lat' dir='ltr'><strong>decimo.</strong></span> <span class='ocrx_word' id='word_1_590' title='bbox 430 5234 702 5290; x_wconf 59' lang='lat' dir='ltr'><strong>Manum.</strong></span> 
     </span>
    </p>
   </div>
   <div class='ocr_carea' id='block_1_99' title="bbox 235 5303 1753 5362">
    <p class='ocr_par' dir='ltr' id='par_1_99' title="bbox 235 5303 1753 5362">
     <span class='ocr_line' id='line_1_99' title="bbox 235 5303 1753 5362; baseline 0.001 -7"><span class='ocrx_word' id='word_1_591' title='bbox 235 5306 257 5335; x_wconf 84' lang='grc'><em>³</em></span> <span class='ocrx_word' id='word_1_592' title='bbox 286 5303 359 5355; x_wconf 83' lang='grc' dir='ltr'><strong>1η</strong></span> <span class='ocrx_word' id='word_1_593' title='bbox 399 5304 592 5358; x_wconf 71' lang='lat' dir='ltr'><strong>visione</strong></span> <span class='ocrx_word' id='word_1_594' title='bbox 620 5317 805 5360; x_wconf 81' lang='lat' dir='ltr'><strong>contra</strong></span> <span class='ocrx_word' id='word_1_595' title='bbox 834 5307 1012 5362; x_wconf 83' lang='lat' dir='ltr'><strong>Moab.</strong></span> <span class='ocrx_word' id='word_1_596' title='bbox 1050 5305 1307 5360; x_wconf 73' lang='lat' dir='ltr'><strong>Visiones</strong></span> <span class='ocrx_word' id='word_1_597' title='bbox 1371 5304 1477 5358; x_wconf 66' lang='lat' dir='ltr'><strong>illae</strong></span> <span class='ocrx_word' id='word_1_598' title='bbox 1529 5305 1753 5358; x_wconf 89' lang='lat' dir='ltr'><strong>creber-</strong></span> 
     </span>
    </p>
   </div>
   <div class='ocr_carea' id='block_1_100' title="bbox 164 5375 1754 5443">
    <p class='ocr_par' dir='ltr' id='par_1_100' title="bbox 164 5375 1754 5443">
     <span class='ocr_line' id='line_1_100' title="bbox 164 5375 1754 5443; baseline 0.001 -18"><span class='ocrx_word' id='word_1_599' title='bbox 164 5376 323 5427; x_wconf 73' lang='lat' dir='ltr'><strong>rima:</strong></span> <span class='ocrx_word' id='word_1_600' title='bbox 358 5375 411 5427; x_wconf 87' lang='lat' dir='ltr'><strong>in</strong></span> <span class='ocrx_word' id='word_1_601' title='bbox 447 5378 549 5429; x_wconf 81' lang='lat' dir='ltr'><strong>hoc</strong></span> <span class='ocrx_word' id='word_1_602' title='bbox 578 5375 843 5431; x_wconf 87' lang='lat' dir='ltr'><strong>Locorum</strong></span> <span class='ocrx_word' id='word_1_603' title='bbox 873 5378 1015 5433; x_wconf 83' lang='lat' dir='ltr'><strong>libro</strong></span> <span class='ocrx_word' id='word_1_604' title='bbox 1072 5378 1275 5440; x_wconf 76' lang='lat' dir='ltr'><strong>eitatae,</strong></span> <span class='ocrx_word' id='word_1_605' title='bbox 1335 5375 1575 5443; x_wconf 86' lang='lat' dir='ltr'><strong>capitula</strong></span> <span class='ocrx_word' id='word_1_606' title='bbox 1622 5382 1754 5428; x_wconf 88' lang='lat' dir='ltr'><strong>sunt</strong></span> 
     </span>
    </p>
   </div>
   <div class='ocr_carea' id='block_1_101' title="bbox 165 5446 1755 5515">
    <p class='ocr_par' dir='ltr' id='par_1_101' title="bbox 165 5446 1755 5515">
     <span class='ocr_line' id='line_1_101' title="bbox 165 5446 1755 5515; baseline 0.002 -20"><span class='ocrx_word' id='word_1_607' title='bbox 165 5446 624 5512; x_wconf 82' lang='lat' dir='ltr'><strong>propheticorum</strong></span> <span class='ocrx_word' id='word_1_608' title='bbox 692 5459 1074 5512; x_wconf 81' lang='lat' dir='ltr'><strong>contextuutn,</strong></span> <span class='ocrx_word' id='word_1_609' title='bbox 1140 5462 1258 5515; x_wconf 77' lang='lat' dir='ltr'><strong>qua:</strong></span> <span class='ocrx_word' id='word_1_610' title='bbox 1318 5461 1417 5501; x_wconf 91' lang='lat' dir='ltr'><strong>nos</strong></span> <span class='ocrx_word' id='word_1_611' title='bbox 1492 5446 1755 5500; x_wconf 90' lang='lat' dir='ltr'><strong>distincte</strong></span> 
     </span>
    </p>
   </div>
   <div class='ocr_carea' id='block_1_102' title="bbox 163 5515 1751 5587">
    <p class='ocr_par' dir='ltr' id='par_1_102' title="bbox 163 5515 1751 5587">
     <span class='ocr_line' id='line_1_102' title="bbox 163 5515 1751 5587; baseline 0.001 -21"><span class='ocrx_word' id='word_1_612' title='bbox 163 5515 453 5568; x_wconf 83' lang='lat' dir='ltr'><strong>edidimus</strong></span> <span class='ocrx_word' id='word_1_613' title='bbox 502 5518 555 5568; x_wconf 92' lang='lat' dir='ltr'><strong>in</strong></span> <span class='ocrx_word' id='word_1_614' title='bbox 612 5520 895 5587; x_wconf 86' lang='lat' dir='ltr'><strong>prophetis</strong></span> <span class='ocrx_word' id='word_1_615' title='bbox 951 5529 1099 5573; x_wconf 79' lang='lat' dir='ltr'><strong>torno</strong></span> <span class='ocrx_word' id='word_1_616' title='bbox 1148 5517 1165 5569; x_wconf 88' lang='grc' dir='ltr'><strong>Ι</strong></span> <span class='ocrx_word' id='word_1_617' title='bbox 1215 5518 1475 5587; x_wconf 88' lang='lat' dir='ltr'><strong>editionis</strong></span> <span class='ocrx_word' id='word_1_618' title='bbox 1528 5527 1751 5570; x_wconf 56' lang='lat' dir='ltr'><strong>nostra.</strong></span> 
     </span>
    </p>
   </div>
   <div class='ocr_carea' id='block_1_103' title="bbox 165 5586 1749 5658">
    <p class='ocr_par' dir='ltr' id='par_1_103' title="bbox 165 5586 1749 5658">
     <span class='ocr_line' id='line_1_103' title="bbox 165 5586 1749 5658; baseline 0 -21"><span class='ocrx_word' id='word_1_619' title='bbox 165 5587 440 5658; x_wconf 55' lang='lat' dir='ltr'><strong>ponsulat</strong></span> <span class='ocrx_word' id='word_1_620' title='bbox 469 5587 639 5640; x_wconf 88' lang='lat' dir='ltr'><strong>lector</strong></span> <span class='ocrx_word' id='word_1_621' title='bbox 673 5589 917 5643; x_wconf 77' lang='lat' dir='ltr'><strong>bit-inurit</strong></span> <span class='ocrx_word' id='word_1_622' title='bbox 970 5588 1285 5658; x_wconf 82' lang='lat' dir='ltr'><strong>Hieronymi</strong></span> <span class='ocrx_word' id='word_1_623' title='bbox 1343 5586 1749 5642; x_wconf 79' lang='lat' dir='ltr'><strong>Bibliotltecam.</strong></span> 
     </span>
    </p>
   </div>
   <div class='ocr_carea' id='block_1_104' title="bbox 165 5656 455 5710">
    <p class='ocr_par' dir='ltr' id='par_1_104' title="bbox 165 5656 455 5710">
     <span class='ocr_line' id='line_1_104' title="bbox 165 5656 455 5710; baseline 0.007 -2"><span class='ocrx_word' id='word_1_624' title='bbox 165 5656 455 5710; x_wconf 66' lang='lat' dir='ltr'><strong>Munus.</strong></span> 
     </span>
    </p>
   </div>
   <div class='ocr_carea' id='block_1_105' title="bbox 228 5726 1754 5798">
    <p class='ocr_par' dir='ltr' id='par_1_105' title="bbox 228 5726 1754 5798">
     <span class='ocr_line' id='line_1_105' title="bbox 228 5726 1754 5798; baseline 0 -18"><span class='ocrx_word' id='word_1_625' title='bbox 228 5727 342 5780; x_wconf 69' lang='lat' dir='ltr'><strong>‘In</strong></span> <span class='ocrx_word' id='word_1_626' title='bbox 376 5726 616 5798; x_wconf 58' lang='grc' dir='ltr'><strong>θηριοσο</strong></span> <span class='ocrx_word' id='word_1_627' title='bbox 651 5737 701 5781; x_wconf 81' lang='lat' dir='ltr'><strong>et</strong></span> <span class='ocrx_word' id='word_1_628' title='bbox 736 5729 927 5792; x_wconf 73' lang='lat' dir='ltr'><strong>Moses,</strong></span> <span class='ocrx_word' id='word_1_629' title='bbox 976 5740 1081 5785; x_wconf 75' lang='lat' dir='ltr'><strong>etc.</strong></span> <span class='ocrx_word' id='word_1_630' title='bbox 1131 5733 1307 5798; x_wconf 81' lang='lat' dir='ltr'><strong>Supra</strong></span> <span class='ocrx_word' id='word_1_631' title='bbox 1378 5729 1430 5780; x_wconf 90' lang='lat' dir='ltr'><strong>in</strong></span> <span class='ocrx_word' id='word_1_632' title='bbox 1488 5727 1625 5781; x_wconf 82' lang='lat' dir='ltr'><strong>Cata</strong></span> <span class='ocrx_word' id='word_1_633' title='bbox 1698 5738 1754 5781; x_wconf 86' lang='lat' dir='ltr'><strong>ta</strong></span> 
     </span>
    </p>
   </div>
   <div class='ocr_carea' id='block_1_106' title="bbox 169 5796 1750 5866">
    <p class='ocr_par' dir='ltr' id='par_1_106' title="bbox 169 5796 1750 5866">
     <span class='ocr_line' id='line_1_106' title="bbox 169 5796 1750 5866; baseline 0 -16"><span class='ocrx_word' id='word_1_634' title='bbox 169 5796 413 5866; x_wconf 65' lang='lat' dir='ltr'><strong>Chryse“</strong></span> <span class='ocrx_word' id='word_1_635' title='bbox 436 5796 614 5852; x_wconf 79' lang='lat' dir='ltr'><strong>Moses</strong></span> <span class='ocrx_word' id='word_1_636' title='bbox 658 5799 864 5853; x_wconf 90' lang='lat' dir='ltr'><strong>dicitur</strong></span> <span class='ocrx_word' id='word_1_637' title='bbox 924 5796 1228 5863; x_wconf 73' lang='lat' dir='ltr'><strong>scripsisse</strong></span> <span class='ocrx_word' id='word_1_638' title='bbox 1266 5798 1750 5854; x_wconf 78' lang='lat' dir='ltr'><strong>Deuteronomium</strong></span> 
     </span>
    </p>
   </div>
   <div class='ocr_carea' id='block_1_107' title="bbox 166 5870 1259 5938">
    <p class='ocr_par' dir='ltr' id='par_1_107' title="bbox 166 5870 1259 5938">
     <span class='ocr_line' id='line_1_107' title="bbox 166 5870 1259 5938; baseline 0.005 -19"><span class='ocrx_word' id='word_1_639' title='bbox 166 5870 327 5938; x_wconf 66' lang='lat' dir='ltr'><strong>jus-.a</strong></span> <span class='ocrx_word' id='word_1_640' title='bbox 360 5877 571 5920; x_wconf 77' lang='lat' dir='ltr'><strong>montes</strong></span> <span class='ocrx_word' id='word_1_641' title='bbox 593 5874 707 5921; x_wconf 87' lang='lat' dir='ltr'><strong>auri</strong></span> <span class='ocrx_word' id='word_1_642' title='bbox 729 5870 959 5924; x_wconf 77' lang='lat' dir='ltr'><strong>fertiles.</strong></span> <span class='ocrx_word' id='word_1_643' title='bbox 992 5872 1259 5925; x_wconf 57' lang='lat' dir='ltr'><strong>Maurus.</strong></span> 
     </span>
    </p>
   </div>
   <div class='ocr_carea' id='block_1_108' title="bbox 466 5960 988 6025">
    <p class='ocr_par' dir='ltr' id='par_1_108' title="bbox 466 5960 988 6025">
     <span class='ocr_line' id='line_1_108' title="bbox 466 5960 988 6025; baseline 0.004 -4"><span class='ocrx_word' id='word_1_644' title='bbox 466 5960 736 6025; x_wconf 77' lang='lat' dir='ltr'><strong>Pn&#39;ttoL.</strong></span> <span class='ocrx_word' id='word_1_645' title='bbox 773 5962 988 6025; x_wconf 64' lang='grc' dir='ltr'><strong>ΧΧΞΙΙ.</strong></span> 
     </span>
    </p>
   </div>
   <div class='ocr_carea' id='block_1_109' title="bbox 1923 4748 3435 4832">
    <p class='ocr_par' dir='ltr' id='par_1_109' title="bbox 1923 4748 3435 4832">
     <span class='ocr_line' id='line_1_109' title="bbox 1923 4748 3435 4832; baseline 0.013 -34"><span class='ocrx_word' id='word_1_646' title='bbox 1923 4748 2229 4832; x_wconf 43' lang='lat' dir='ltr'><strong>t—“Recole</strong></span> <span class='ocrx_word' id='word_1_647' title='bbox 2260 4749 2419 4832; x_wconf 70' lang='lat' dir='ltr'><strong>paulo</strong></span> <span class='ocrx_word' id='word_1_648' title='bbox 2449 4754 2701 4832; x_wconf 80' lang='lat' dir='ltr'><strong>superius</strong></span> <span class='ocrx_word' id='word_1_649' title='bbox 2727 4770 2914 4832; x_wconf 68' lang='lat' dir='ltr'><strong>vorem</strong></span> <span class='ocrx_word' id='word_1_650' title='bbox 2939 4756 3074 4811; x_wconf 80' lang='lat' dir='ltr'><strong>Cara</strong></span> <span class='ocrx_word' id='word_1_651' title='bbox 3103 4768 3157 4813; x_wconf 82' lang='lat' dir='ltr'><strong>ta</strong></span> <span class='ocrx_word' id='word_1_652' title='bbox 3180 4759 3435 4832; x_wconf 70' lang='lat' dir='ltr'><strong>Qltryseu.</strong></span> 
     </span>
    </p>
   </div>
   <div class='ocr_carea' id='block_1_110' title="bbox 1938 4819 3435 4897">
    <p class='ocr_par' dir='ltr' id='par_1_110' title="bbox 1938 4819 3435 4897">
     <span class='ocr_line' id='line_1_110' title="bbox 1938 4819 3435 4897; baseline 0.011 -27"><span class='ocrx_word' id='word_1_653' title='bbox 1938 4824 1957 4852; x_wconf 81' lang='grc'><strong><em>³</em></strong></span> <span class='ocrx_word' id='word_1_654' title='bbox 1993 4820 2340 4897; x_wconf 28' lang='lat' dir='ltr'><strong>l)_olt_ive..etc_.</strong></span> <span class='ocrx_word' id='word_1_655' title='bbox 2368 4819 2533 4875; x_wconf 75' lang='lat' dir='ltr'><strong>Vetus</strong></span> <span class='ocrx_word' id='word_1_656' title='bbox 2568 4824 2739 4878; x_wconf 75' lang='lat' dir='ltr'><strong>codex</strong></span> <span class='ocrx_word' id='word_1_657' title='bbox 2772 4826 3150 4895; x_wconf 74' lang='lat' dir='ltr'><strong>Colbertinus,</strong></span> <span class='ocrx_word' id='word_1_658' title='bbox 3190 4819 3435 4897; x_wconf 52' lang='lat' dir='ltr'><strong>Daliaiu,</strong></span> 
     </span>
    </p>
   </div>
   <div class='ocr_carea' id='block_1_111' title="bbox 1858 4890 2562 4946">
    <p class='ocr_par' dir='ltr' id='par_1_111' title="bbox 1858 4890 2562 4946">
     <span class='ocr_line' id='line_1_111' title="bbox 1858 4890 2562 4946; baseline 0 0"><span class='ocrx_word' id='word_1_659' title='bbox 1858 4891 1974 4946; x_wconf 85' lang='lat' dir='ltr'><strong>sive</strong></span> <span class='ocrx_word' id='word_1_660' title='bbox 2014 4891 2245 4943; x_wconf 79' lang='lat' dir='ltr'><strong>Dahuid.</strong></span> <span class='ocrx_word' id='word_1_661' title='bbox 2288 4890 2562 4946; x_wconf 71' lang='lat' dir='ltr'><strong>Munus.</strong></span> 
     </span>
    </p>
   </div>
   <div class='ocr_carea' id='block_1_112' title="bbox 1914 4960 3436 5031">
    <p class='ocr_par' dir='ltr' id='par_1_112' title="bbox 1914 4960 3436 5031">
     <span class='ocr_line' id='line_1_112' title="bbox 1914 4960 3436 5031; baseline 0.009 -16"><span class='ocrx_word' id='word_1_662' title='bbox 1914 4960 2022 5015; x_wconf 80' lang='grc' dir='ltr'><strong>⁸1η</strong></span> <span class='ocrx_word' id='word_1_663' title='bbox 2054 4961 2203 5013; x_wconf 74' lang='lat' dir='ltr'><strong>libris</strong></span> <span class='ocrx_word' id='word_1_664' title='bbox 2272 4961 3064 5031; x_wconf 61' lang='lat' dir='ltr'><strong>HebratcarumQuintianum,</strong></span> <span class='ocrx_word' id='word_1_665' title='bbox 3123 4979 3228 5026; x_wconf 83' lang='lat' dir='ltr'><strong>etc.</strong></span> <span class='ocrx_word' id='word_1_666' title='bbox 3274 4972 3436 5030; x_wconf 62' lang='lat' dir='ltr'><strong>Exci.</strong></span> 
     </span>
    </p>
   </div>
   <div class='ocr_carea' id='block_1_113' title="bbox 1860 5031 3426 5101">
    <p class='ocr_par' dir='ltr' id='par_1_113' title="bbox 1860 5031 3426 5101">
     <span class='ocr_line' id='line_1_113' title="bbox 1860 5031 3426 5101; baseline 0.008 -15"><span class='ocrx_word' id='word_1_667' title='bbox 1860 5032 2061 5086; x_wconf 90' lang='lat' dir='ltr'><strong>derunt</strong></span> <span class='ocrx_word' id='word_1_668' title='bbox 2092 5031 2211 5101; x_wconf 76' lang='lat' dir='ltr'><strong>libri</strong></span> <span class='ocrx_word' id='word_1_669' title='bbox 2242 5032 2318 5084; x_wconf 92' lang='lat' dir='ltr'><strong>illi</strong></span> <span class='ocrx_word' id='word_1_670' title='bbox 2349 5032 2738 5089; x_wconf 76' lang='lat' dir='ltr'><strong>Hebraicarum</strong></span> <span class='ocrx_word' id='word_1_671' title='bbox 2768 5036 3130 5101; x_wconf 78' lang='lat' dir='ltr'><strong>Quwstionttm</strong></span> <span class='ocrx_word' id='word_1_672' title='bbox 3157 5042 3209 5095; x_wconf 90' lang='lat' dir='ltr'><strong>in</strong></span> <span class='ocrx_word' id='word_1_673' title='bbox 3230 5044 3426 5098; x_wconf 87' lang='lat' dir='ltr'><strong>librum</strong></span> 
     </span>
    </p>
   </div>
   <div class='ocr_carea' id='block_1_114' title="bbox 1859 5100 3438 5184">
    <p class='ocr_par' dir='ltr' id='par_1_114' title="bbox 1859 5100 3438 5184">
     <span class='ocr_line' id='line_1_114' title="bbox 1859 5100 3438 5184; baseline 0.009 -28"><span class='ocrx_word' id='word_1_674' title='bbox 1859 5102 2137 5184; x_wconf 67' lang='lat' dir='ltr'><strong>Indicum.</strong></span> <span class='ocrx_word' id='word_1_675' title='bbox 2174 5100 2324 5184; x_wconf 42' lang='lat' dir='ltr'><strong>Ha-ud</strong></span> <span class='ocrx_word' id='word_1_676' title='bbox 2358 5103 2619 5184; x_wconf 49' lang='lat' dir='ltr'><strong>dubie-iu</strong></span> <span class='ocrx_word' id='word_1_677' title='bbox 2644 5107 2750 5160; x_wconf 92' lang='lat' dir='ltr'><strong>illis</strong></span> <span class='ocrx_word' id='word_1_678' title='bbox 2782 5111 3438 5184; x_wconf 40' lang='lat' dir='ltr'><strong>docebathlliernnymus</strong></span> 
     </span>
    </p>
   </div>
   <div class='ocr_carea' id='block_1_115' title="bbox 1861 5170 3435 5253">
    <p class='ocr_par' dir='ltr' id='par_1_115' title="bbox 1861 5170 3435 5253">
     <span class='ocr_line' id='line_1_115' title="bbox 1861 5170 3435 5253; baseline 0.008 -30"><span class='ocrx_word' id='word_1_679' title='bbox 1861 5170 2042 5253; x_wconf 45' lang='lat' dir='ltr'><strong>.Ephra</strong></span> <span class='ocrx_word' id='word_1_680' title='bbox 2067 5173 2479 5253; x_wconf 55' lang='lat' dir='ltr'><strong>legend&#39;umpro</strong></span> <span class='ocrx_word' id='word_1_681' title='bbox 2511 5172 2756 5253; x_wconf 63' lang='lat' dir='ltr'><strong>§phrata</strong></span> <span class='ocrx_word' id='word_1_682' title='bbox 2789 5192 2965 5253; x_wconf 34' lang='lat' dir='ltr'><strong>I‘llttlll</strong></span> <span class='ocrx_word' id='word_1_683' title='bbox 3018 5178 3197 5253; x_wconf 65' lang='lat' dir='ltr'><strong>[ip/ira</strong></span> <span class='ocrx_word' id='word_1_684' title='bbox 3242 5170 3435 5253; x_wconf 63' lang='lat' dir='ltr'><strong>legitur</strong></span> 
     </span>
    </p>
   </div>
   <div class='ocr_carea' id='block_1_116' title="bbox 1861 5239 3433 5321">
    <p class='ocr_par' dir='ltr' id='par_1_116' title="bbox 1861 5239 3433 5321">
     <span class='ocr_line' id='line_1_116' title="bbox 1861 5239 3433 5321; baseline 0.01 -26"><span class='ocrx_word' id='word_1_685' title='bbox 1861 5242 1913 5295; x_wconf 90' lang='lat' dir='ltr'><strong>in</strong></span> <span class='ocrx_word' id='word_1_686' title='bbox 1967 5242 2213 5321; x_wconf 75' lang='lat' dir='ltr'><strong>versione</strong></span> <span class='ocrx_word' id='word_1_687' title='bbox 2261 5239 2460 5321; x_wconf 67' lang='lat' dir='ltr'><strong>Latina</strong></span> <span class='ocrx_word' id='word_1_688' title='bbox 2510 5239 2933 5321; x_wconf 71' lang='lat' dir='ltr'><strong>Hieronymiana</strong></span> <span class='ocrx_word' id='word_1_689' title='bbox 2967 5239 3073 5321; x_wconf 64' lang='grc' dir='ltr'><strong>Ἀρι’</strong></span> <span class='ocrx_word' id='word_1_690' title='bbox 3119 5252 3173 5304; x_wconf 90' lang='lat' dir='ltr'><strong>in</strong></span> <span class='ocrx_word' id='word_1_691' title='bbox 3228 5239 3433 5321; x_wconf 63' lang='lat' dir='ltr'><strong>aliquot</strong></span> 
     </span>
    </p>
   </div>
   <div class='ocr_carea' id='block_1_117' title="bbox 1861 5311 3434 5381">
    <p class='ocr_par' dir='ltr' id='par_1_117' title="bbox 1861 5311 3434 5381">
     <span class='ocr_line' id='line_1_117' title="bbox 1861 5311 3434 5381; baseline 0.01 -16"><span class='ocrx_word' id='word_1_692' title='bbox 1861 5312 2269 5379; x_wconf 80' lang='lat' dir='ltr'><strong>exemplaribus</strong></span> <span class='ocrx_word' id='word_1_693' title='bbox 2294 5311 2518 5367; x_wconf 71' lang='lat' dir='ltr'><strong>Graecis.</strong></span> <span class='ocrx_word' id='word_1_694' title='bbox 2554 5316 2627 5368; x_wconf 76' lang='lat' dir='ltr'><strong>Ex</strong></span> <span class='ocrx_word' id='word_1_695' title='bbox 2655 5311 2756 5370; x_wconf 81' lang='lat' dir='ltr'><strong>hac</strong></span> <span class='ocrx_word' id='word_1_696' title='bbox 2776 5330 2958 5371; x_wconf 87' lang='lat' dir='ltr'><strong>autem</strong></span> <span class='ocrx_word' id='word_1_697' title='bbox 2986 5319 3220 5376; x_wconf 89' lang='lat' dir='ltr'><strong>lectione</strong></span> <span class='ocrx_word' id='word_1_698' title='bbox 3253 5311 3434 5381; x_wconf 80' lang='lat' dir='ltr'><strong>cessat</strong></span> 
     </span>
    </p>
   </div>
   <div class='ocr_carea' id='block_1_118' title="bbox 1862 5382 2619 5446">
    <p class='ocr_par' dir='ltr' id='par_1_118' title="bbox 1862 5382 2619 5446">
     <span class='ocr_line' id='line_1_118' title="bbox 1862 5382 2619 5446; baseline 0.005 -12"><span class='ocrx_word' id='word_1_699' title='bbox 1862 5382 2040 5434; x_wconf 90' lang='lat' dir='ltr'><strong>omnis</strong></span> <span class='ocrx_word' id='word_1_700' title='bbox 2071 5382 2322 5446; x_wconf 62' lang='lat' dir='ltr'><strong>quaestio.</strong></span> <span class='ocrx_word' id='word_1_701' title='bbox 2352 5382 2619 5437; x_wconf 67' lang='lat' dir='ltr'><strong>Murus.</strong></span> 
     </span>
    </p>
   </div>
   <div class='ocr_carea' id='block_1_119' title="bbox 1931 5448 3437 5533">
    <p class='ocr_par' dir='ltr' id='par_1_119' title="bbox 1931 5448 3437 5533">
     <span class='ocr_line' id='line_1_119' title="bbox 1931 5448 3437 5533; baseline 0.013 -33"><span class='ocrx_word' id='word_1_702' title='bbox 1931 5450 1949 5479; x_wconf 90' lang='grc'><strong>⁷</strong></span> <span class='ocrx_word' id='word_1_703' title='bbox 1974 5451 2014 5501; x_wconf 85' lang='grc' dir='ltr'><em>Α</em></span> <span class='ocrx_word' id='word_1_704' title='bbox 2044 5448 2409 5533; x_wconf 56' lang='lat' dir='ltr'><strong>Metalfoleno,</strong></span> <span class='ocrx_word' id='word_1_705' title='bbox 2436 5454 2729 5533; x_wconf 42' lang='lat' dir='ltr'><strong>e‘tc.Fnrte&#39;</strong></span> <span class='ocrx_word' id='word_1_706' title='bbox 2743 5458 3029 5533; x_wconf 67' lang='lat' dir='ltr'><strong>legendum</strong></span> <span class='ocrx_word' id='word_1_707' title='bbox 3059 5460 3437 5533; x_wconf 78' lang='lat' dir='ltr'><strong>Metallofano,</strong></span> 
     </span>
    </p>
   </div>
   <div class='ocr_carea' id='block_1_120' title="bbox 1864 5522 3249 5597">
    <p class='ocr_par' dir='ltr' id='par_1_120' title="bbox 1864 5522 3249 5597">
     <span class='ocr_line' id='line_1_120' title="bbox 1864 5522 3249 5597; baseline 0.009 -24"><span class='ocrx_word' id='word_1_708' title='bbox 1864 5529 1923 5573; x_wconf 91' lang='lat' dir='ltr'><strong>ut</strong></span> <span class='ocrx_word' id='word_1_709' title='bbox 1946 5536 2117 5597; x_wconf 65' lang='lat' dir='ltr'><strong>supra</strong></span> <span class='ocrx_word' id='word_1_710' title='bbox 2154 5522 2221 5576; x_wconf 88' lang='lat' dir='ltr'><strong>ad</strong></span> <span class='ocrx_word' id='word_1_711' title='bbox 2246 5536 2405 5597; x_wconf 75' lang='lat' dir='ltr'><strong>voces</strong></span> <span class='ocrx_word' id='word_1_712' title='bbox 2436 5522 2570 5577; x_wconf 82' lang='lat' dir='ltr'><strong>Cata</strong></span> <span class='ocrx_word' id='word_1_713' title='bbox 2604 5535 2658 5578; x_wconf 83' lang='lat' dir='ltr'><strong>ta</strong></span> <span class='ocrx_word' id='word_1_714' title='bbox 2690 5522 2941 5597; x_wconf 58' lang='lat' dir='ltr'><strong>Cltrgsea.</strong></span> <span class='ocrx_word' id='word_1_715' title='bbox 2990 5531 3249 5586; x_wconf 65' lang='lat' dir='ltr'><strong>Munus,</strong></span> 
     </span>
    </p>
   </div>
   <div class='ocr_carea' id='block_1_121' title="bbox 1943 5592 3435 5660">
    <p class='ocr_par' dir='ltr' id='par_1_121' title="bbox 1943 5592 3435 5660">
     <span class='ocr_line' id='line_1_121' title="bbox 1943 5592 3435 5660; baseline 0.011 -19"><span class='ocrx_word' id='word_1_716' title='bbox 1943 5592 1963 5622; x_wconf 85' lang='grc'><strong><em>⁸</em></strong></span> <span class='ocrx_word' id='word_1_717' title='bbox 1995 5592 2160 5655; x_wconf 80' lang='lat' dir='ltr'><strong>Quem</strong></span> <span class='ocrx_word' id='word_1_718' title='bbox 2198 5592 2385 5651; x_wconf 77' lang='lat' dir='ltr'><strong>nostri,</strong></span> <span class='ocrx_word' id='word_1_719' title='bbox 2436 5607 2640 5649; x_wconf 85' lang='lat' dir='ltr'><strong>mutato</strong></span> <span class='ocrx_word' id='word_1_720' title='bbox 2681 5592 2912 5660; x_wconf 44' lang='lat' dir='ltr'><strong>nom-me,</strong></span> <span class='ocrx_word' id='word_1_721' title='bbox 2953 5611 3060 5655; x_wconf 75' lang='lat' dir='ltr'><strong>etc.</strong></span> <span class='ocrx_word' id='word_1_722' title='bbox 3124 5603 3178 5655; x_wconf 84' lang='lat' dir='ltr'><strong>In</strong></span> <span class='ocrx_word' id='word_1_723' title='bbox 3246 5603 3435 5659; x_wconf 71' lang='lat' dir='ltr'><strong>Graeco</strong></span> 
     </span>
    </p>
   </div>
   <div class='ocr_carea' id='block_1_122' title="bbox 1863 5662 3435 5742">
    <p class='ocr_par' dir='ltr' id='par_1_122' title="bbox 1863 5662 3435 5742">
     <span class='ocr_line' id='line_1_122' title="bbox 1863 5662 3435 5742; baseline 0.009 -27"><span class='ocrx_word' id='word_1_724' title='bbox 1863 5662 2118 5731; x_wconf 83' lang='lat' dir='ltr'><strong>legimus,</strong></span> <span class='ocrx_word' id='word_1_725' title='bbox 2156 5662 2285 5732; x_wconf 77' lang='grc' dir='ltr'><strong>παρ’</strong></span> <span class='ocrx_word' id='word_1_726' title='bbox 2315 5662 2570 5742; x_wconf 51' lang='lat' dir='ltr'><strong>&quot;Eptch</strong></span> <span class='ocrx_word' id='word_1_727' title='bbox 2618 5670 2757 5742; x_wconf 72' lang='lat' dir='ltr'><strong>apud</strong></span> <span class='ocrx_word' id='word_1_728' title='bbox 2799 5670 3035 5724; x_wconf 75' lang='lat' dir='ltr'><strong>Grrecos.</strong></span> <span class='ocrx_word' id='word_1_729' title='bbox 3072 5670 3184 5726; x_wconf 89' lang='lat' dir='ltr'><strong>Sub</strong></span> <span class='ocrx_word' id='word_1_730' title='bbox 3222 5676 3435 5731; x_wconf 64' lang='grc' dir='ltr'><strong>(ἑτέρου-</strong></span> 
     </span>
    </p>
   </div>
   <div class='ocr_carea' id='block_1_123' title="bbox 1866 5739 3434 5801">
    <p class='ocr_par' dir='ltr' id='par_1_123' title="bbox 1866 5739 3434 5801">
     <span class='ocr_line' id='line_1_123' title="bbox 1866 5739 3434 5801; baseline 0.011 -17"><span class='ocrx_word' id='word_1_731' title='bbox 1866 5746 1983 5784; x_wconf 81' lang='lat' dir='ltr'><strong>runt</strong></span> <span class='ocrx_word' id='word_1_732' title='bbox 2043 5742 2223 5787; x_wconf 88' lang='lat' dir='ltr'><strong>autem</strong></span> <span class='ocrx_word' id='word_1_733' title='bbox 2270 5739 2490 5787; x_wconf 88' lang='lat' dir='ltr'><strong>nomine</strong></span> <span class='ocrx_word' id='word_1_734' title='bbox 2539 5739 2894 5794; x_wconf 82' lang='lat' dir='ltr'><strong>continentur</strong></span> <span class='ocrx_word' id='word_1_735' title='bbox 2925 5755 3117 5794; x_wconf 86' lang='lat' dir='ltr'><strong>omnes</strong></span> <span class='ocrx_word' id='word_1_736' title='bbox 3183 5748 3434 5801; x_wconf 63' lang='lat' dir='ltr'><strong>nationes</strong></span> 
     </span>
    </p>
   </div>
   <div class='ocr_carea' id='block_1_124' title="bbox 1867 5802 3431 5885">
    <p class='ocr_par' dir='ltr' id='par_1_124' title="bbox 1867 5802 3431 5885">
     <span class='ocr_line' id='line_1_124' title="bbox 1867 5802 3431 5885; baseline 0.013 -35"><span class='ocrx_word' id='word_1_737' title='bbox 1867 5810 2061 5885; x_wconf 63' lang='lat' dir='ltr'><strong>praeter</strong></span> <span class='ocrx_word' id='word_1_738' title='bbox 2106 5802 2457 5885; x_wconf 46' lang='lat' dir='ltr'><strong>Iudzeoruniﬂ</strong></span> <span class='ocrx_word' id='word_1_739' title='bbox 2483 5816 2721 5885; x_wconf 63' lang='lat' dir='ltr'><strong>gentem,</strong></span> <span class='ocrx_word' id='word_1_740' title='bbox 2758 5810 2909 5877; x_wconf 81' lang='lat' dir='ltr'><strong>jux:a</strong></span> <span class='ocrx_word' id='word_1_741' title='bbox 2978 5812 3106 5865; x_wconf 85' lang='lat' dir='ltr'><strong>illud</strong></span> <span class='ocrx_word' id='word_1_742' title='bbox 3162 5815 3431 5885; x_wconf 72' lang='lat' dir='ltr'><strong>Apostoli,</strong></span> 
     </span>
    </p>
   </div>
   <div class='ocr_carea' id='block_1_125' title="bbox 1864 5871 2917 5938">
    <p class='ocr_par' dir='ltr' id='par_1_125' title="bbox 1864 5871 2917 5938">
     <span class='ocr_line' id='line_1_125' title="bbox 1864 5871 2917 5938; baseline 0.01 -15"><span class='ocrx_word' id='word_1_743' title='bbox 1864 5871 2047 5925; x_wconf 69' lang='lat' dir='ltr'><strong>Indico</strong></span> <span class='ocrx_word' id='word_1_744' title='bbox 2082 5875 2307 5938; x_wconf 82' lang='lat' dir='ltr'><strong>primum</strong></span> <span class='ocrx_word' id='word_1_745' title='bbox 2334 5883 2380 5927; x_wconf 68' lang='lat' dir='ltr'><strong>et</strong></span> <span class='ocrx_word' id='word_1_746' title='bbox 2416 5871 2619 5930; x_wconf 48' lang='lat' dir='ltr'><strong>(ir—(cca.</strong></span> <span class='ocrx_word' id='word_1_747' title='bbox 2655 5871 2917 5934; x_wconf 61' lang='lat' dir='ltr'><strong>Mantus.</strong></span> 
     </span>
    </p>
   </div>
   <div class='ocr_carea' id='block_1_126' title="bbox 2925 5972 2994 6034">
    <p class='ocr_par' dir='ltr' id='par_1_126' title="bbox 2925 5972 2994 6034">
     <span class='ocr_line' id='line_1_126' title="bbox 2925 5972 2994 6034; baseline 0 0"><span class='ocrx_word' id='word_1_748' title='bbox 2925 5972 2994 6034; x_wconf 81' lang='lat'>30</span> 
     </span>
    </p>
   </div>
  </div>
