  <div class='ocr_page' id='page_1' title='image "/cluster/home/n/w/nwhite01/storage/ocr_20150623/23/hvd.32044012674545/481.png"; bbox 0 0 4188 7176; ppageno 0'>
   <div class='ocr_carea' id='block_1_1' title="bbox 722 420 831 487">
    <p class='ocr_par' dir='ltr' id='par_1_1' title="bbox 722 420 831 487">
     <span class='ocr_line' id='line_1_1' title="bbox 722 420 831 487; baseline -0.055 0"><span class='ocrx_word' id='word_1_1' title='bbox 722 420 831 487; x_wconf 80' lang='lat'><strong>939</strong></span> 
     </span>
    </p>
   </div>
   <div class='ocr_carea' id='block_1_2' title="bbox 1895 412 2786 478">
    <p class='ocr_par' dir='ltr' id='par_1_2' title="bbox 1895 412 2786 478">
     <span class='ocr_line' id='line_1_2' title="bbox 1895 412 2786 478; baseline 0.001 -4"><span class='ocrx_word' id='word_1_2' title='bbox 1895 415 1957 478; x_wconf 91' lang='lat' dir='ltr'><strong>S.</strong></span> <span class='ocrx_word' id='word_1_3' title='bbox 1998 414 2307 476; x_wconf 80' lang='lat' dir='ltr'><strong>EUSEBII</strong></span> <span class='ocrx_word' id='word_1_4' title='bbox 2350 412 2786 475; x_wconf 64' lang='grc' dir='ltr'><strong>ΠῘΕΠΟΧΥΜΙ</strong></span> 
     </span>
    </p>
   </div>
   <div class='ocr_carea' id='block_1_3' title="bbox 3885 410 4000 474">
    <p class='ocr_par' dir='ltr' id='par_1_3' title="bbox 3885 410 4000 474">
     <span class='ocr_line' id='line_1_3' title="bbox 3885 410 4000 474; baseline 0.017 -3"><span class='ocrx_word' id='word_1_5' title='bbox 3885 410 4000 474; x_wconf 62' lang='grc'><strong>940</strong></span> 
     </span>
    </p>
   </div>
   <div class='ocr_carea' id='block_1_4' title="bbox 723 526 3998 600">
    <p class='ocr_par' dir='ltr' id='par_1_4' title="bbox 723 526 3998 600">
     <span class='ocr_line' id='line_1_4' title="bbox 723 526 3998 600; baseline 0.001 -19"><span class='ocrx_word' id='word_1_6' title='bbox 723 532 1051 600; x_wconf 67' lang='lat' dir='ltr'><strong>possedisse.</strong></span> <span class='ocrx_word' id='word_1_7' title='bbox 1080 529 1181 584; x_wconf 87' lang='lat' dir='ltr'><strong>Sed</strong></span> <span class='ocrx_word' id='word_1_8' title='bbox 1213 538 1266 584; x_wconf 87' lang='lat' dir='ltr'><strong>et</strong></span> <span class='ocrx_word' id='word_1_9' title='bbox 1295 528 1488 584; x_wconf 87' lang='lat' dir='ltr'><strong>lsmael</strong></span> <span class='ocrx_word' id='word_1_10' title='bbox 1530 528 1584 583; x_wconf 92' lang='lat' dir='ltr'><strong>in</strong></span> <span class='ocrx_word' id='word_1_11' title='bbox 1616 527 1909 584; x_wconf 87' lang='lat' dir='ltr'><strong>solitudine</strong></span> <span class='ocrx_word' id='word_1_12' title='bbox 1942 528 2092 583; x_wconf 83' lang='lat' dir='ltr'><strong>Evila</strong></span> <span class='ocrx_word' id='word_1_13' title='bbox 2142 527 2295 581; x_wconf 86' lang='lat' dir='ltr'><strong>hahi-</strong></span> <span class='ocrx_word' id='word_1_14' title='bbox 2330 533 2370 589; x_wconf 80' lang='grc' dir='ltr'><strong>Α</strong></span> <span class='ocrx_word' id='word_1_15' title='bbox 2469 528 2669 593; x_wconf 77' lang='lat' dir='ltr'><strong>Eleale,</strong></span> <span class='ocrx_word' id='word_1_16' title='bbox 2739 526 2933 582; x_wconf 80' lang='lat' dir='ltr'><strong>civitas</strong></span> <span class='ocrx_word' id='word_1_17' title='bbox 2958 528 3407 585; x_wconf 69' lang='lat' dir='ltr'><strong>Amonhmorum</strong></span> <span class='ocrx_word' id='word_1_18' title='bbox 3462 529 3515 583; x_wconf 92' lang='lat' dir='ltr'><strong>in</strong></span> <span class='ocrx_word' id='word_1_19' title='bbox 3581 528 3809 593; x_wconf 83' lang='lat' dir='ltr'><strong>Galaad,</strong></span> <span class='ocrx_word' id='word_1_20' title='bbox 3870 547 3998 600; x_wconf 75' lang='lat' dir='ltr'><strong>quae</strong></span> 
     </span>
    </p>
   </div>
   <div class='ocr_carea' id='block_1_5' title="bbox 723 622 2295 693">
    <p class='ocr_par' dir='ltr' id='par_1_5' title="bbox 723 622 2295 693">
     <span class='ocr_line' id='line_1_5' title="bbox 723 622 2295 693; baseline -0.003 -16"><span class='ocrx_word' id='word_1_21' title='bbox 723 640 868 679; x_wconf 69' lang='lat' dir='ltr'><strong>casse</strong></span> <span class='ocrx_word' id='word_1_22' title='bbox 903 624 1203 680; x_wconf 75' lang='lat' dir='ltr'><strong>scribitur:</strong></span> <span class='ocrx_word' id='word_1_23' title='bbox 1244 639 1404 693; x_wconf 89' lang='lat' dir='ltr'><strong>quam</strong></span> <span class='ocrx_word' id='word_1_24' title='bbox 1435 624 1511 678; x_wconf 88' lang='lat' dir='ltr'><strong>ait</strong></span> <span class='ocrx_word' id='word_1_25' title='bbox 1536 633 1723 677; x_wconf 87' lang='lat' dir='ltr'><strong>sancta</strong></span> <span class='ocrx_word' id='word_1_26' title='bbox 1776 622 2059 691; x_wconf 70' lang='lat' dir='ltr'><strong>Scriptura</strong></span> <span class='ocrx_word' id='word_1_27' title='bbox 2088 634 2207 674; x_wconf 78' lang='lat' dir='ltr'><strong>esse</strong></span> <span class='ocrx_word' id='word_1_28' title='bbox 2242 622 2295 673; x_wconf 93' lang='lat' dir='ltr'><strong>in</strong></span> 
     </span>
    </p>
   </div>
   <div class='ocr_carea' id='block_1_6' title="bbox 724 715 2298 789">
    <p class='ocr_par' dir='ltr' id='par_1_6' title="bbox 724 715 2298 789">
     <span class='ocr_line' id='line_1_6' title="bbox 724 715 2298 789; baseline -0.003 -15"><span class='ocrx_word' id='word_1_29' title='bbox 724 720 939 774; x_wconf 84' lang='lat' dir='ltr'><strong>deserto</strong></span> <span class='ocrx_word' id='word_1_30' title='bbox 972 719 1078 772; x_wconf 81' lang='lat' dir='ltr'><strong>Sur</strong></span> <span class='ocrx_word' id='word_1_31' title='bbox 1104 728 1297 773; x_wconf 90' lang='lat' dir='ltr'><strong>contra</strong></span> <span class='ocrx_word' id='word_1_32' title='bbox 1327 718 1522 774; x_wconf 87' lang='lat' dir='ltr'><strong>faciem</strong></span> <span class='ocrx_word' id='word_1_33' title='bbox 1543 716 1784 789; x_wconf 64' lang='lat' dir='ltr'><strong>Egypti,</strong></span> <span class='ocrx_word' id='word_1_34' title='bbox 1815 715 2106 770; x_wconf 86' lang='lat' dir='ltr'><strong>etteudcre</strong></span> <span class='ocrx_word' id='word_1_35' title='bbox 2125 728 2298 783; x_wconf 85' lang='lat' dir='ltr'><strong>usque</strong></span> 
     </span>
    </p>
   </div>
   <div class='ocr_carea' id='block_1_7' title="bbox 727 812 1419 884">
    <p class='ocr_par' dir='ltr' id='par_1_7' title="bbox 727 812 1419 884">
     <span class='ocr_line' id='line_1_7' title="bbox 727 812 1419 884; baseline 0.007 -18"><span class='ocrx_word' id='word_1_36' title='bbox 727 813 790 867; x_wconf 80' lang='lat' dir='ltr'><strong>ad</strong></span> <span class='ocrx_word' id='word_1_37' title='bbox 824 822 1020 867; x_wconf 87' lang='lat' dir='ltr'><strong>terram</strong></span> <span class='ocrx_word' id='word_1_38' title='bbox 1051 812 1419 884; x_wconf 77' lang='lat' dir='ltr'><strong>Assyriorum.</strong></span> 
     </span>
    </p>
   </div>
   <div class='ocr_carea' id='block_1_8' title="bbox 786 902 2300 977">
    <p class='ocr_par' dir='ltr' id='par_1_8' title="bbox 786 902 2300 977">
     <span class='ocr_line' id='line_1_8' title="bbox 786 902 2300 977; baseline -0.006 -12"><span class='ocrx_word' id='word_1_39' title='bbox 786 905 951 976; x_wconf 75' lang='lat'><strong>202</strong></span> <span class='ocrx_word' id='word_1_40' title='bbox 984 905 1313 977; x_wconf 78' lang='lat' dir='ltr'><strong>Euphrates.</strong></span> <span class='ocrx_word' id='word_1_41' title='bbox 1340 904 1543 960; x_wconf 82' lang='lat' dir='ltr'><strong>fluvius</strong></span> <span class='ocrx_word' id='word_1_42' title='bbox 1579 902 2013 975; x_wconf 65' lang='lat' dir='ltr'><strong>Mesopmamiaa,</strong></span> <span class='ocrx_word' id='word_1_43' title='bbox 2054 904 2110 959; x_wconf 93' lang='lat' dir='ltr'><strong>in</strong></span> <span class='ocrx_word' id='word_1_44' title='bbox 2141 920 2300 975; x_wconf 81' lang='lat' dir='ltr'><strong>para-</strong></span> 
     </span>
    </p>
   </div>
   <div class='ocr_carea' id='block_1_9' title="bbox 724 998 2299 1071">
    <p class='ocr_par' dir='ltr' id='par_1_9' title="bbox 724 998 2299 1071">
     <span class='ocr_line' id='line_1_9' title="bbox 724 998 2299 1071; baseline 0.001 -19"><span class='ocrx_word' id='word_1_45' title='bbox 724 999 845 1054; x_wconf 90' lang='lat' dir='ltr'><strong>diso</strong></span> <span class='ocrx_word' id='word_1_46' title='bbox 868 1000 1075 1055; x_wconf 90' lang='lat' dir='ltr'><strong>oriens.</strong></span> <span class='ocrx_word' id='word_1_47' title='bbox 1124 999 1316 1071; x_wconf 87' lang='lat' dir='ltr'><strong>(Porro</strong></span> <span class='ocrx_word' id='word_1_48' title='bbox 1353 998 1646 1053; x_wconf 80' lang='lat' dir='ltr'><strong>Sallustius</strong></span> <span class='ocrx_word' id='word_1_49' title='bbox 1684 999 1698 1028; x_wconf 86' lang='grc'>¹</span> <span class='ocrx_word' id='word_1_50' title='bbox 1734 1008 1925 1052; x_wconf 89' lang='lat' dir='ltr'><strong>auctor</strong></span> <span class='ocrx_word' id='word_1_51' title='bbox 1955 999 2299 1054; x_wconf 85' lang='lat' dir='ltr'><strong>certissimus</strong></span> 
     </span>
    </p>
   </div>
   <div class='ocr_carea' id='block_1_10' title="bbox 726 1089 2298 1163">
    <p class='ocr_par' dir='ltr' id='par_1_10' title="bbox 726 1089 2298 1163">
     <span class='ocr_line' id='line_1_10' title="bbox 726 1089 2298 1163; baseline -0.001 -18"><span class='ocrx_word' id='word_1_52' title='bbox 726 1094 922 1147; x_wconf 82' lang='lat' dir='ltr'><strong>asserit</strong></span> <span class='ocrx_word' id='word_1_53' title='bbox 984 1102 1090 1147; x_wconf 88' lang='lat' dir='ltr'><strong>tam</strong></span> <span class='ocrx_word' id='word_1_54' title='bbox 1134 1090 1317 1161; x_wconf 79' lang='lat' dir='ltr'><strong>Tigris</strong></span> <span class='ocrx_word' id='word_1_55' title='bbox 1368 1106 1533 1163; x_wconf 87' lang='lat' dir='ltr'><strong>quam</strong></span> <span class='ocrx_word' id='word_1_56' title='bbox 1578 1089 1871 1161; x_wconf 82' lang='lat' dir='ltr'><strong>Euphratis</strong></span> <span class='ocrx_word' id='word_1_57' title='bbox 1932 1091 1984 1145; x_wconf 91' lang='lat' dir='ltr'><strong>in</strong></span> <span class='ocrx_word' id='word_1_58' title='bbox 2040 1091 2298 1145; x_wconf 81' lang='lat' dir='ltr'><strong>Armenia</strong></span> 
     </span>
    </p>
   </div>
   <div class='ocr_carea' id='block_1_11' title="bbox 724 1184 2301 1254">
    <p class='ocr_par' dir='ltr' id='par_1_11' title="bbox 724 1184 2301 1254">
     <span class='ocr_line' id='line_1_11' title="bbox 724 1184 2301 1254; baseline 0.001 -16"><span class='ocrx_word' id='word_1_59' title='bbox 724 1189 905 1240; x_wconf 68' lang='lat' dir='ltr'><strong>fontes</strong></span> <span class='ocrx_word' id='word_1_60' title='bbox 983 1184 1379 1240; x_wconf 85' lang='lat' dir='ltr'><strong>demonstrari.</strong></span> <span class='ocrx_word' id='word_1_61' title='bbox 1468 1185 1547 1240; x_wconf 80' lang='lat' dir='ltr'><strong>Ex</strong></span> <span class='ocrx_word' id='word_1_62' title='bbox 1635 1200 1741 1254; x_wconf 90' lang='lat' dir='ltr'><strong>quo</strong></span> <span class='ocrx_word' id='word_1_63' title='bbox 1808 1184 2301 1239; x_wconf 89' lang='lat' dir='ltr'><strong>animadvertimus</strong></span> 
     </span>
    </p>
   </div>
   <div class='ocr_carea' id='block_1_12' title="bbox 727 1276 2301 1348">
    <p class='ocr_par' dir='ltr' id='par_1_12' title="bbox 727 1276 2301 1348">
     <span class='ocr_line' id='line_1_12' title="bbox 727 1276 2301 1348; baseline 0 -17"><span class='ocrx_word' id='word_1_64' title='bbox 727 1280 882 1332; x_wconf 77' lang='lat' dir='ltr'><strong>aliter</strong></span> <span class='ocrx_word' id='word_1_65' title='bbox 906 1277 972 1334; x_wconf 92' lang='lat' dir='ltr'><strong>de</strong></span> <span class='ocrx_word' id='word_1_66' title='bbox 995 1278 1249 1347; x_wconf 82' lang='lat' dir='ltr'><strong>paradiso</strong></span> <span class='ocrx_word' id='word_1_67' title='bbox 1276 1288 1331 1333; x_wconf 92' lang='lat' dir='ltr'><strong>et</strong></span> <span class='ocrx_word' id='word_1_68' title='bbox 1350 1277 1665 1333; x_wconf 83' lang='lat' dir='ltr'><strong>fluminibus</strong></span> <span class='ocrx_word' id='word_1_69' title='bbox 1696 1276 1817 1348; x_wconf 87' lang='lat' dir='ltr'><strong>ejus</strong></span> <span class='ocrx_word' id='word_1_70' title='bbox 1835 1276 2301 1348; x_wconf 84' lang='lat' dir='ltr'><strong>intelligendum.)</strong></span> 
     </span>
    </p>
   </div>
   <div class='ocr_carea' id='block_1_13' title="bbox 793 1371 1699 1437">
    <p class='ocr_par' dir='ltr' id='par_1_13' title="bbox 793 1371 1699 1437">
     <span class='ocr_line' id='line_1_13' title="bbox 793 1371 1699 1437; baseline -0.001 -11"><span class='ocrx_word' id='word_1_71' title='bbox 793 1372 1026 1436; x_wconf 74' lang='lat' dir='ltr'><strong>Ellasar,</strong></span> <span class='ocrx_word' id='word_1_72' title='bbox 1064 1373 1260 1427; x_wconf 81' lang='lat' dir='ltr'><strong>civitas</strong></span> <span class='ocrx_word' id='word_1_73' title='bbox 1296 1371 1442 1437; x_wconf 78' lang='lat' dir='ltr'><strong>regis</strong></span> <span class='ocrx_word' id='word_1_74' title='bbox 1474 1371 1699 1426; x_wconf 83' lang='lat' dir='ltr'><strong>Arioch.</strong></span> 
     </span>
    </p>
   </div>
   <div class='ocr_carea' id='block_1_14' title="bbox 798 1465 2300 1537">
    <p class='ocr_par' dir='ltr' id='par_1_14' title="bbox 798 1465 2300 1537">
     <span class='ocr_line' id='line_1_14' title="bbox 798 1465 2300 1537; baseline -0.001 -15"><span class='ocrx_word' id='word_1_75' title='bbox 798 1467 1097 1537; x_wconf 82' lang='lat' dir='ltr'><strong>Ephratha.</strong></span> <span class='ocrx_word' id='word_1_76' title='bbox 1164 1467 1313 1537; x_wconf 85' lang='lat' dir='ltr'><strong>regio</strong></span> <span class='ocrx_word' id='word_1_77' title='bbox 1368 1466 1647 1522; x_wconf 84' lang='lat' dir='ltr'><strong>Bethleem</strong></span> <span class='ocrx_word' id='word_1_78' title='bbox 1704 1468 1940 1523; x_wconf 84' lang='lat' dir='ltr'><strong>civitatis</strong></span> <span class='ocrx_word' id='word_1_79' title='bbox 1995 1465 2188 1532; x_wconf 90' lang='lat' dir='ltr'><strong>David,</strong></span> <span class='ocrx_word' id='word_1_80' title='bbox 2246 1468 2300 1522; x_wconf 90' lang='lat' dir='ltr'><strong>in</strong></span> 
     </span>
    </p>
   </div>
   <div class='ocr_carea' id='block_1_15' title="bbox 727 1562 2304 1630">
    <p class='ocr_par' dir='ltr' id='par_1_15' title="bbox 727 1562 2304 1630">
     <span class='ocr_line' id='line_1_15' title="bbox 727 1562 2304 1630; baseline 0.004 -16"><span class='ocrx_word' id='word_1_81' title='bbox 727 1580 829 1630; x_wconf 74' lang='lat' dir='ltr'><strong>qua</strong></span> <span class='ocrx_word' id='word_1_82' title='bbox 864 1574 1024 1618; x_wconf 87' lang='lat' dir='ltr'><strong>natus</strong></span> <span class='ocrx_word' id='word_1_83' title='bbox 1051 1572 1135 1616; x_wconf 81' lang='lat' dir='ltr'><strong>est</strong></span> <span class='ocrx_word' id='word_1_84' title='bbox 1174 1562 1453 1618; x_wconf 82' lang='lat' dir='ltr'><strong>Christus.</strong></span> <span class='ocrx_word' id='word_1_85' title='bbox 1488 1563 1581 1617; x_wconf 83' lang='lat' dir='ltr'><strong>Est</strong></span> <span class='ocrx_word' id='word_1_86' title='bbox 1614 1572 1795 1616; x_wconf 90' lang='lat' dir='ltr'><strong>autem</strong></span> <span class='ocrx_word' id='word_1_87' title='bbox 1854 1563 1910 1617; x_wconf 88' lang='lat' dir='ltr'><strong>in</strong></span> <span class='ocrx_word' id='word_1_88' title='bbox 1971 1563 2115 1619; x_wconf 88' lang='lat' dir='ltr'><strong>tribu</strong></span> <span class='ocrx_word' id='word_1_89' title='bbox 2165 1563 2304 1621; x_wconf 79' lang='lat' dir='ltr'><strong>Juda</strong></span> 
     </span>
    </p>
   </div>
   <div class='ocr_carea' id='block_1_16' title="bbox 728 1656 2304 1730">
    <p class='ocr_par' dir='ltr' id='par_1_16' title="bbox 728 1656 2304 1730">
     <span class='ocr_line' id='line_1_16' title="bbox 728 1656 2304 1730; baseline 0.001 -21"><span class='ocrx_word' id='word_1_90' title='bbox 728 1664 745 1727; x_wconf 86' lang='lat'><strong>(</strong></span> <span class='ocrx_word' id='word_1_91' title='bbox 772 1658 898 1711; x_wconf 83' lang='lat' dir='ltr'><strong>licet</strong></span> <span class='ocrx_word' id='word_1_92' title='bbox 924 1658 1170 1728; x_wconf 83' lang='lat' dir='ltr'><strong>plerique</strong></span> <span class='ocrx_word' id='word_1_93' title='bbox 1198 1657 1336 1712; x_wconf 89' lang='lat' dir='ltr'><strong>male</strong></span> <span class='ocrx_word' id='word_1_94' title='bbox 1366 1658 1642 1712; x_wconf 66' lang='lat' dir='ltr'><strong>aestiment</strong></span> <span class='ocrx_word' id='word_1_95' title='bbox 1661 1659 1680 1688; x_wconf 81' lang='grc'>¹</span> <span class='ocrx_word' id='word_1_96' title='bbox 1712 1657 1767 1712; x_wconf 91' lang='lat' dir='ltr'><strong>in</strong></span> <span class='ocrx_word' id='word_1_97' title='bbox 1795 1656 1942 1713; x_wconf 84' lang='lat' dir='ltr'><strong>tribu</strong></span> <span class='ocrx_word' id='word_1_98' title='bbox 1967 1657 2304 1730; x_wconf 86' lang='lat' dir='ltr'><strong>Benjamin),</strong></span> 
     </span>
    </p>
   </div>
   <div class='ocr_carea' id='block_1_17' title="bbox 727 1751 2292 1823">
    <p class='ocr_par' dir='ltr' id='par_1_17' title="bbox 727 1751 2292 1823">
     <span class='ocr_line' id='line_1_17' title="bbox 727 1751 2292 1823; baseline 0.003 -20"><span class='ocrx_word' id='word_1_99' title='bbox 727 1752 875 1816; x_wconf 83' lang='lat' dir='ltr'><strong>juxta</strong></span> <span class='ocrx_word' id='word_1_100' title='bbox 913 1754 1055 1806; x_wconf 88' lang='lat' dir='ltr'><strong>viam</strong></span> <span class='ocrx_word' id='word_1_101' title='bbox 1087 1753 1177 1807; x_wconf 91' lang='lat' dir='ltr'><strong>ubi</strong></span> <span class='ocrx_word' id='word_1_102' title='bbox 1216 1754 1426 1823; x_wconf 87' lang='lat' dir='ltr'><strong>sepulta</strong></span> <span class='ocrx_word' id='word_1_103' title='bbox 1459 1760 1543 1806; x_wconf 89' lang='lat' dir='ltr'><strong>est</strong></span> <span class='ocrx_word' id='word_1_104' title='bbox 1581 1751 1783 1805; x_wconf 78' lang='lat' dir='ltr'><strong>Rachel</strong></span> <span class='ocrx_word' id='word_1_105' title='bbox 1813 1756 2006 1821; x_wconf 87' lang='lat' dir='ltr'><strong>quinto</strong></span> <span class='ocrx_word' id='word_1_106' title='bbox 2031 1754 2292 1807; x_wconf 78' lang='lat' dir='ltr'><strong>milliat-io</strong></span> 
     </span>
    </p>
   </div>
   <div class='ocr_carea' id='block_1_18' title="bbox 726 1843 2307 1915">
    <p class='ocr_par' dir='ltr' id='par_1_18' title="bbox 726 1843 2307 1915">
     <span class='ocr_line' id='line_1_18' title="bbox 726 1843 2307 1915; baseline 0.002 -18"><span class='ocrx_word' id='word_1_107' title='bbox 726 1848 794 1897; x_wconf 90' lang='lat' dir='ltr'><strong>ah</strong></span> <span class='ocrx_word' id='word_1_108' title='bbox 828 1843 1158 1910; x_wconf 78' lang='lat' dir='ltr'><strong>Jerusalem,</strong></span> <span class='ocrx_word' id='word_1_109' title='bbox 1190 1846 1334 1900; x_wconf 90' lang='lat' dir='ltr'><strong>ineo</strong></span> <span class='ocrx_word' id='word_1_110' title='bbox 1361 1845 1481 1901; x_wconf 90' lang='lat' dir='ltr'><strong>loco</strong></span> <span class='ocrx_word' id='word_1_111' title='bbox 1505 1847 1596 1915; x_wconf 88' lang='lat' dir='ltr'><strong>qui</strong></span> <span class='ocrx_word' id='word_1_112' title='bbox 1629 1861 1657 1899; x_wconf 93' lang='lat' dir='ltr'><strong>a</strong></span> <span class='ocrx_word' id='word_1_113' title='bbox 1692 1844 2049 1915; x_wconf 72' lang='lat' dir='ltr'><strong>Septuaginta</strong></span> <span class='ocrx_word' id='word_1_114' title='bbox 2076 1854 2307 1900; x_wconf 80' lang='lat' dir='ltr'><strong>vocatur</strong></span> 
     </span>
    </p>
   </div>
   <div class='ocr_carea' id='block_1_19' title="bbox 2407 623 3998 696">
    <p class='ocr_par' dir='ltr' id='par_1_19' title="bbox 2407 623 3998 696">
     <span class='ocr_line' id='line_1_19' title="bbox 2407 623 3998 696; baseline 0.004 -21"><span class='ocrx_word' id='word_1_115' title='bbox 2407 624 2609 677; x_wconf 74' lang='lat' dir='ltr'><strong>cecidit</strong></span> <span class='ocrx_word' id='word_1_116' title='bbox 2661 623 2713 675; x_wconf 90' lang='lat' dir='ltr'><strong>in</strong></span> <span class='ocrx_word' id='word_1_117' title='bbox 2776 631 2979 677; x_wconf 90' lang='lat' dir='ltr'><strong>sortem</strong></span> <span class='ocrx_word' id='word_1_118' title='bbox 3038 624 3212 678; x_wconf 89' lang='lat' dir='ltr'><strong>trilms</strong></span> <span class='ocrx_word' id='word_1_119' title='bbox 3270 624 3487 680; x_wconf 80' lang='lat' dir='ltr'><strong>ltuhen.</strong></span> <span class='ocrx_word' id='word_1_120' title='bbox 3538 625 3698 696; x_wconf 73' lang='lat'><strong>203</strong></span> <span class='ocrx_word' id='word_1_121' title='bbox 3736 624 3998 681; x_wconf 75' lang='lat' dir='ltr'><strong>Meminit</strong></span> 
     </span>
    </p>
   </div>
   <div class='ocr_carea' id='block_1_20' title="bbox 2405 714 3992 786">
    <p class='ocr_par' dir='ltr' id='par_1_20' title="bbox 2405 714 3992 786">
     <span class='ocr_line' id='line_1_20' title="bbox 2405 714 3992 786; baseline 0.002 -16"><span class='ocrx_word' id='word_1_122' title='bbox 2405 718 2565 786; x_wconf 89' lang='lat' dir='ltr'><strong>hujus</strong></span> <span class='ocrx_word' id='word_1_123' title='bbox 2590 725 2641 769; x_wconf 87' lang='lat' dir='ltr'><strong>et</strong></span> <span class='ocrx_word' id='word_1_124' title='bbox 2670 714 2837 770; x_wconf 88' lang='lat' dir='ltr'><strong>Isaias</strong></span> <span class='ocrx_word' id='word_1_125' title='bbox 2862 716 2915 770; x_wconf 92' lang='lat' dir='ltr'><strong>in</strong></span> <span class='ocrx_word' id='word_1_126' title='bbox 2944 716 3150 773; x_wconf 73' lang='lat' dir='ltr'><strong>visione</strong></span> <span class='ocrx_word' id='word_1_127' title='bbox 3179 730 3369 773; x_wconf 89' lang='lat' dir='ltr'><strong>contra</strong></span> <span class='ocrx_word' id='word_1_128' title='bbox 3394 719 3568 785; x_wconf 81' lang='lat' dir='ltr'><strong>Moab,</strong></span> <span class='ocrx_word' id='word_1_129' title='bbox 3590 732 3644 776; x_wconf 89' lang='lat' dir='ltr'><strong>et</strong></span> <span class='ocrx_word' id='word_1_130' title='bbox 3672 719 3992 775; x_wconf 76' lang='lat' dir='ltr'><strong>Jeremias:</strong></span> 
     </span>
    </p>
   </div>
   <div class='ocr_carea' id='block_1_21' title="bbox 2404 808 3996 883">
    <p class='ocr_par' dir='ltr' id='par_1_21' title="bbox 2404 808 3996 883">
     <span class='ocr_line' id='line_1_21' title="bbox 2404 808 3996 883; baseline 0.004 -22"><span class='ocrx_word' id='word_1_131' title='bbox 2404 808 2500 861; x_wconf 87' lang='lat' dir='ltr'><strong>sed</strong></span> <span class='ocrx_word' id='word_1_132' title='bbox 2534 816 2589 861; x_wconf 90' lang='lat' dir='ltr'><strong>et</strong></span> <span class='ocrx_word' id='word_1_133' title='bbox 2639 822 2809 876; x_wconf 85' lang='lat' dir='ltr'><strong>usque</strong></span> <span class='ocrx_word' id='word_1_134' title='bbox 2872 810 3034 864; x_wconf 89' lang='lat' dir='ltr'><strong>hodie</strong></span> <span class='ocrx_word' id='word_1_135' title='bbox 3093 810 3219 865; x_wconf 88' lang='lat' dir='ltr'><strong>villa</strong></span> <span class='ocrx_word' id='word_1_136' title='bbox 3275 811 3502 883; x_wconf 77' lang='lat' dir='ltr'><strong>grandis</strong></span> <span class='ocrx_word' id='word_1_137' title='bbox 3574 811 3893 869; x_wconf 78' lang='lat' dir='ltr'><strong>OSIenditur</strong></span> <span class='ocrx_word' id='word_1_138' title='bbox 3938 812 3996 868; x_wconf 89' lang='lat' dir='ltr'><strong>in</strong></span> 
     </span>
    </p>
   </div>
   <div class='ocr_carea' id='block_1_22' title="bbox 2407 900 3193 969">
    <p class='ocr_par' dir='ltr' id='par_1_22' title="bbox 2407 900 3193 969">
     <span class='ocr_line' id='line_1_22' title="bbox 2407 900 3193 969; baseline 0.008 -17"><span class='ocrx_word' id='word_1_139' title='bbox 2407 901 2585 969; x_wconf 90' lang='lat' dir='ltr'><strong>primo</strong></span> <span class='ocrx_word' id='word_1_140' title='bbox 2613 900 2681 955; x_wconf 89' lang='lat' dir='ltr'><strong>ab</strong></span> <span class='ocrx_word' id='word_1_141' title='bbox 2704 900 2880 957; x_wconf 85' lang='lat' dir='ltr'><strong>Esbus</strong></span> <span class='ocrx_word' id='word_1_142' title='bbox 2912 903 3193 959; x_wconf 88' lang='lat' dir='ltr'><strong>milliario.</strong></span> 
     </span>
    </p>
   </div>
   <div class='ocr_carea' id='block_1_23' title="bbox 2480 992 3625 1065">
    <p class='ocr_par' dir='ltr' id='par_1_23' title="bbox 2480 992 3625 1065">
     <span class='ocr_line' id='line_1_23' title="bbox 2480 992 3625 1065; baseline 0.009 -20"><span class='ocrx_word' id='word_1_143' title='bbox 2480 992 2657 1058; x_wconf 79' lang='lat' dir='ltr'><strong>Enna,</strong></span> <span class='ocrx_word' id='word_1_144' title='bbox 2684 1011 2806 1061; x_wconf 77' lang='lat' dir='ltr'><strong>quae</strong></span> <span class='ocrx_word' id='word_1_145' title='bbox 2834 1005 2914 1051; x_wconf 90' lang='lat' dir='ltr'><strong>est</strong></span> <span class='ocrx_word' id='word_1_146' title='bbox 2944 996 3098 1065; x_wconf 79' lang='lat' dir='ltr'><strong>juxta</strong></span> <span class='ocrx_word' id='word_1_147' title='bbox 3118 998 3394 1055; x_wconf 86' lang='lat' dir='ltr'><strong>desertum</strong></span> <span class='ocrx_word' id='word_1_148' title='bbox 3430 999 3625 1055; x_wconf 80' lang='lat' dir='ltr'><strong>Cades.</strong></span> 
     </span>
    </p>
   </div>
   <div class='ocr_carea' id='block_1_24' title="bbox 2484 1084 3995 1167">
    <p class='ocr_par' dir='ltr' id='par_1_24' title="bbox 2484 1084 3995 1167">
     <span class='ocr_line' id='line_1_24' title="bbox 2484 1084 3995 1167; baseline 0.008 -28"><span class='ocrx_word' id='word_1_149' title='bbox 2484 1084 2709 1153; x_wconf 88' lang='lat' dir='ltr'><strong>Ermon,</strong></span> <span class='ocrx_word' id='word_1_150' title='bbox 2749 1102 2906 1143; x_wconf 89' lang='lat' dir='ltr'><strong>mons</strong></span> <span class='ocrx_word' id='word_1_151' title='bbox 2930 1088 3156 1153; x_wconf 83' lang='lat' dir='ltr'><strong>Ermon,</strong></span> <span class='ocrx_word' id='word_1_152' title='bbox 3187 1106 3349 1161; x_wconf 84' lang='lat' dir='ltr'><strong>quem</strong></span> <span class='ocrx_word' id='word_1_153' title='bbox 3384 1090 3677 1149; x_wconf 63' lang='lat' dir='ltr'><strong>Phanices</strong></span> <span class='ocrx_word' id='word_1_154' title='bbox 3705 1096 3995 1167; x_wconf 82' lang='lat' dir='ltr'><strong>cognomi-</strong></span> 
     </span>
    </p>
   </div>
   <div class='ocr_carea' id='block_1_25' title="bbox 2407 1175 3481 1251">
    <p class='ocr_par' dir='ltr' id='par_1_25' title="bbox 2407 1175 3481 1251">
     <span class='ocr_line' id='line_1_25' title="bbox 2407 1175 3481 1251; baseline 0.008 -22"><span class='ocrx_word' id='word_1_155' title='bbox 2407 1185 2539 1231; x_wconf 84' lang='lat' dir='ltr'><strong>nant</strong></span> <span class='ocrx_word' id='word_1_156' title='bbox 2562 1175 2761 1233; x_wconf 89' lang='lat' dir='ltr'><strong>Sanior</strong></span> <span class='ocrx_word' id='word_1_157' title='bbox 2793 1196 2807 1233; x_wconf 90' lang='lat'><strong>:</strong></span> <span class='ocrx_word' id='word_1_158' title='bbox 2838 1178 2950 1249; x_wconf 85' lang='lat' dir='ltr'><strong>jam</strong></span> <span class='ocrx_word' id='word_1_159' title='bbox 2974 1189 3212 1250; x_wconf 87' lang='lat' dir='ltr'><strong>etsupra</strong></span> <span class='ocrx_word' id='word_1_160' title='bbox 3246 1184 3481 1251; x_wconf 88' lang='lat' dir='ltr'><strong>positus.</strong></span> 
     </span>
    </p>
   </div>
   <div class='ocr_carea' id='block_1_26' title="bbox 2942 1315 3472 1375">
    <p class='ocr_par' dir='ltr' id='par_1_26' title="bbox 2942 1315 3472 1375">
     <span class='ocr_line' id='line_1_26' title="bbox 2942 1315 3472 1375; baseline 0.009 -6"><span class='ocrx_word' id='word_1_161' title='bbox 2942 1315 3029 1371; x_wconf 84' lang='lat' dir='ltr'><strong>DE</strong></span> <span class='ocrx_word' id='word_1_162' title='bbox 3060 1315 3259 1373; x_wconf 80' lang='lat' dir='ltr'><strong>LIBRO</strong></span> <span class='ocrx_word' id='word_1_163' title='bbox 3287 1316 3472 1375; x_wconf 71' lang='lat' dir='ltr'><strong>JESL‘.</strong></span> 
     </span>
    </p>
   </div>
   <div class='ocr_carea' id='block_1_27' title="bbox 2488 1428 3999 1507">
    <p class='ocr_par' dir='ltr' id='par_1_27' title="bbox 2488 1428 3999 1507">
     <span class='ocr_line' id='line_1_27' title="bbox 2488 1428 3999 1507; baseline 0.013 -26"><span class='ocrx_word' id='word_1_164' title='bbox 2488 1428 2650 1485; x_wconf 88' lang='lat' dir='ltr'><strong>Emec</strong></span> <span class='ocrx_word' id='word_1_165' title='bbox 2684 1430 2886 1496; x_wconf 83' lang='lat' dir='ltr'><strong>Achor,</strong></span> <span class='ocrx_word' id='word_1_166' title='bbox 2921 1433 3067 1503; x_wconf 87' lang='lat' dir='ltr'><strong>quod</strong></span> <span class='ocrx_word' id='word_1_167' title='bbox 3112 1436 3531 1507; x_wconf 81' lang='lat' dir='ltr'><strong>interpretatur,</strong></span> <span class='ocrx_word' id='word_1_168' title='bbox 3599 1442 3759 1498; x_wconf 87' lang='lat' dir='ltr'><strong>vallis</strong></span> <span class='ocrx_word' id='word_1_169' title='bbox 3812 1446 3999 1500; x_wconf 79' lang='lat' dir='ltr'><strong>Acbor</strong></span> 
     </span>
    </p>
   </div>
   <div class='ocr_carea' id='block_1_28' title="bbox 2410 1524 3997 1607">
    <p class='ocr_par' dir='ltr' id='par_1_28' title="bbox 2410 1524 3997 1607">
     <span class='ocr_line' id='line_1_28' title="bbox 2410 1524 3997 1607; baseline 0.01 -30"><span class='ocrx_word' id='word_1_170' title='bbox 2410 1524 2485 1592; x_wconf 90' lang='lat' dir='ltr'><strong>(id</strong></span> <span class='ocrx_word' id='word_1_171' title='bbox 2515 1533 2597 1578; x_wconf 90' lang='lat' dir='ltr'><strong>est</strong></span> <span class='ocrx_word' id='word_1_172' title='bbox 2633 1525 2899 1582; x_wconf 87' lang='lat' dir='ltr'><strong>tumultus</strong></span> <span class='ocrx_word' id='word_1_173' title='bbox 2928 1536 3091 1597; x_wconf 87' lang='lat' dir='ltr'><strong>atque</strong></span> <span class='ocrx_word' id='word_1_174' title='bbox 3120 1530 3455 1597; x_wconf 89' lang='lat' dir='ltr'><strong>turbarum),</strong></span> <span class='ocrx_word' id='word_1_175' title='bbox 3490 1534 3580 1589; x_wconf 90' lang='lat' dir='ltr'><strong>ubi</strong></span> <span class='ocrx_word' id='word_1_176' title='bbox 3635 1536 3833 1591; x_wconf 81' lang='lat' dir='ltr'><strong>Acban</strong></span> <span class='ocrx_word' id='word_1_177' title='bbox 3865 1539 3997 1607; x_wconf 83' lang='lat' dir='ltr'><strong>lapi-</strong></span> 
     </span>
    </p>
   </div>
   <div class='ocr_carea' id='block_1_29' title="bbox 2408 1614 4000 1697">
    <p class='ocr_par' dir='ltr' id='par_1_29' title="bbox 2408 1614 4000 1697">
     <span class='ocr_line' id='line_1_29' title="bbox 2408 1614 4000 1697; baseline 0.011 -29"><span class='ocrx_word' id='word_1_178' title='bbox 2408 1614 2568 1670; x_wconf 87' lang='lat' dir='ltr'><strong>dibus</strong></span> <span class='ocrx_word' id='word_1_179' title='bbox 2586 1633 2883 1697; x_wconf 73' lang='lat' dir='ltr'><strong>oppressus</strong></span> <span class='ocrx_word' id='word_1_180' title='bbox 2908 1628 3009 1682; x_wconf 86' lang='lat' dir='ltr'><strong>est,</strong></span> <span class='ocrx_word' id='word_1_181' title='bbox 3029 1634 3094 1675; x_wconf 90' lang='lat' dir='ltr'><strong>eo</strong></span> <span class='ocrx_word' id='word_1_182' title='bbox 3117 1622 3264 1691; x_wconf 89' lang='lat' dir='ltr'><strong>quod</strong></span> <span class='ocrx_word' id='word_1_183' title='bbox 3287 1625 3532 1692; x_wconf 68' lang='lat' dir='ltr'><strong>quaedam</strong></span> <span class='ocrx_word' id='word_1_184' title='bbox 3552 1626 3618 1680; x_wconf 92' lang='lat' dir='ltr'><strong>de</strong></span> <span class='ocrx_word' id='word_1_185' title='bbox 3642 1633 4000 1686; x_wconf 76' lang='lat' dir='ltr'><strong>anathemate</strong></span> 
     </span>
    </p>
   </div>
   <div class='ocr_carea' id='block_1_30' title="bbox 2409 1710 3998 1785">
    <p class='ocr_par' dir='ltr' id='par_1_30' title="bbox 2409 1710 3998 1785">
     <span class='ocr_line' id='line_1_30' title="bbox 2409 1710 3998 1785; baseline 0.012 -26"><span class='ocrx_word' id='word_1_186' title='bbox 2409 1710 2741 1765; x_wconf 85' lang='lat' dir='ltr'><strong>sustulisset.</strong></span> <span class='ocrx_word' id='word_1_187' title='bbox 2792 1710 2887 1767; x_wconf 84' lang='lat' dir='ltr'><strong>Est</strong></span> <span class='ocrx_word' id='word_1_188' title='bbox 2944 1720 3127 1767; x_wconf 89' lang='lat' dir='ltr'><strong>autent</strong></span> <span class='ocrx_word' id='word_1_189' title='bbox 3159 1713 3312 1770; x_wconf 88' lang='lat' dir='ltr'><strong>locus</strong></span> <span class='ocrx_word' id='word_1_190' title='bbox 3363 1716 3519 1785; x_wconf 74' lang='lat' dir='ltr'><strong>juxta</strong></span> <span class='ocrx_word' id='word_1_191' title='bbox 3567 1717 3793 1775; x_wconf 80' lang='lat' dir='ltr'><strong>Jericho</strong></span> <span class='ocrx_word' id='word_1_192' title='bbox 3855 1724 3998 1778; x_wconf 84' lang='lat' dir='ltr'><strong>haud</strong></span> 
     </span>
    </p>
   </div>
   <div class='ocr_carea' id='block_1_31' title="bbox 2411 1802 4001 1881">
    <p class='ocr_par' dir='ltr' id='par_1_31' title="bbox 2411 1802 4001 1881">
     <span class='ocr_line' id='line_1_31' title="bbox 2411 1802 4001 1881; baseline 0.012 -31"><span class='ocrx_word' id='word_1_193' title='bbox 2411 1802 2597 1868; x_wconf 83' lang='lat' dir='ltr'><strong>procul</strong></span> <span class='ocrx_word' id='word_1_194' title='bbox 2639 1815 2668 1854; x_wconf 87' lang='lat' dir='ltr'><strong>a</strong></span> <span class='ocrx_word' id='word_1_195' title='bbox 2697 1802 2955 1874; x_wconf 85' lang='lat' dir='ltr'><strong>Galgalis.</strong></span> <span class='ocrx_word' id='word_1_196' title='bbox 2996 1804 3158 1874; x_wconf 78' lang='lat' dir='ltr'><strong>(Male</strong></span> <span class='ocrx_word' id='word_1_197' title='bbox 3208 1821 3337 1876; x_wconf 78' lang='lat' dir='ltr'><strong>ergo</strong></span> <span class='ocrx_word' id='word_1_198' title='bbox 3369 1809 3591 1878; x_wconf 89' lang='lat' dir='ltr'><strong>quidam</strong></span> <span class='ocrx_word' id='word_1_199' title='bbox 3656 1823 3856 1881; x_wconf 86' lang='lat' dir='ltr'><strong>putant</strong></span> <span class='ocrx_word' id='word_1_200' title='bbox 3890 1816 4001 1868; x_wconf 84' lang='lat' dir='ltr'><strong>val-</strong></span> 
     </span>
    </p>
   </div>
   <div class='ocr_carea' id='block_1_32' title="bbox 731 1893 3999 2009">
    <p class='ocr_par' dir='ltr' id='par_1_32' title="bbox 731 1893 3999 2009">
     <span class='ocr_line' id='line_1_32' title="bbox 731 1893 3999 2009; baseline 0.007 -20"><span class='ocrx_word' id='word_1_201' title='bbox 731 1893 1158 2006; x_wconf 53' lang='lat'><strong>;.;..;;.;.;;;;;.;;.&#39;</strong></span> <span class='ocrx_word' id='word_1_202' title='bbox 1181 1893 2297 2009; x_wconf 50' lang='grc' dir='ltr'><strong>ίεέίῑηλςέξειῑέέηῑιιῑῖ“ῑ,;’σέές.ξ.ι·ίέςῑ,;ι;ε;;</strong></span> <span class='ocrx_word' id='word_1_203' title='bbox 2332 1918 2375 1975; x_wconf 64' lang='grc' dir='ltr'><strong>ιι</strong></span> <span class='ocrx_word' id='word_1_204' title='bbox 2412 1893 2517 1947; x_wconf 73' lang='grc' dir='ltr'><strong>ιοπη</strong></span> <span class='ocrx_word' id='word_1_205' title='bbox 2543 1894 2723 1946; x_wconf 54' lang='lat' dir='ltr'><strong>Mor</strong></span> <span class='ocrx_word' id='word_1_206' title='bbox 2758 1894 2799 1959; x_wconf 69' lang='grc' dir='ltr'>ὐ</span> <span class='ocrx_word' id='word_1_207' title='bbox 3137 1899 3255 2009; x_wconf 59' lang='lat' dir='ltr'><strong>etv</strong></span> <span class='ocrx_word' id='word_1_208' title='bbox 3289 1901 3383 1971; x_wconf 72' lang='grc' dir='ltr'><strong>αυί</strong></span> <span class='ocrx_word' id='word_1_209' title='bbox 3419 1902 3695 1971; x_wconf 52' lang='lat' dir='ltr'><strong>“vim</strong></span> 
     </span>
    </p>
   </div>
   <div class='ocr_carea' id='block_1_33' title="bbox 729 2030 2300 2101">
    <p class='ocr_par' dir='ltr' id='par_1_33' title="bbox 729 2030 2300 2101">
     <span class='ocr_line' id='line_1_33' title="bbox 729 2030 2300 2101; baseline 0.001 -18"><span class='ocrx_word' id='word_1_210' title='bbox 729 2046 838 2086; x_wconf 91' lang='lat' dir='ltr'><strong>non</strong></span> <span class='ocrx_word' id='word_1_211' title='bbox 870 2031 1008 2087; x_wconf 89' lang='lat' dir='ltr'><strong>libro</strong></span> <span class='ocrx_word' id='word_1_212' title='bbox 1037 2030 1085 2101; x_wconf 88' lang='grc'><strong>(1</strong></span> <span class='ocrx_word' id='word_1_213' title='bbox 1120 2031 1313 2087; x_wconf 81' lang='lat' dir='ltr'><strong>Paral.</strong></span> <span class='ocrx_word' id='word_1_214' title='bbox 1344 2050 1400 2100; x_wconf 87' lang='lat' dir='ltr'><strong>tt,</strong></span> <span class='ocrx_word' id='word_1_215' title='bbox 1429 2032 1540 2098; x_wconf 78' lang='lat'><strong>50);</strong></span> <span class='ocrx_word' id='word_1_216' title='bbox 1576 2034 1717 2087; x_wconf 88' lang='lat' dir='ltr'><strong>sicut</strong></span> <span class='ocrx_word' id='word_1_217' title='bbox 1746 2045 1908 2100; x_wconf 80' lang='lat' dir='ltr'><strong>supra</strong></span> <span class='ocrx_word' id='word_1_218' title='bbox 1941 2031 2146 2085; x_wconf 89' lang='lat' dir='ltr'><strong>dictum</strong></span> <span class='ocrx_word' id='word_1_219' title='bbox 2197 2042 2300 2085; x_wconf 87' lang='lat' dir='ltr'><strong>est.</strong></span> 
     </span>
    </p>
   </div>
   <div class='ocr_carea' id='block_1_34' title="bbox 920 2168 2093 2227">
    <p class='ocr_par' dir='ltr' id='par_1_34' title="bbox 920 2168 2093 2227">
     <span class='ocr_line' id='line_1_34' title="bbox 920 2168 2093 2227; baseline -0.002 -2"><span class='ocrx_word' id='word_1_220' title='bbox 920 2170 1007 2225; x_wconf 86' lang='lat' dir='ltr'><strong>DE</strong></span> <span class='ocrx_word' id='word_1_221' title='bbox 1053 2169 1365 2227; x_wconf 77' lang='lat' dir='ltr'><strong>NUMERIS</strong></span> <span class='ocrx_word' id='word_1_222' title='bbox 1405 2169 1493 2225; x_wconf 83' lang='lat' dir='ltr'><strong>ET</strong></span> <span class='ocrx_word' id='word_1_223' title='bbox 1525 2168 2093 2226; x_wconf 69' lang='lat' dir='ltr'><strong>DEUTERONOMIO.</strong></span> 
     </span>
    </p>
   </div>
   <div class='ocr_carea' id='block_1_35' title="bbox 788 2282 2028 2352">
    <p class='ocr_par' dir='ltr' id='par_1_35' title="bbox 788 2282 2028 2352">
     <span class='ocr_line' id='line_1_35' title="bbox 788 2282 2028 2352; baseline -0.001 -13"><span class='ocrx_word' id='word_1_224' title='bbox 788 2286 1028 2352; x_wconf 72' lang='lat' dir='ltr'><strong>Ehrona,</strong></span> <span class='ocrx_word' id='word_1_225' title='bbox 1055 2286 1107 2340; x_wconf 94' lang='lat' dir='ltr'><strong>in</strong></span> <span class='ocrx_word' id='word_1_226' title='bbox 1134 2286 1349 2342; x_wconf 86' lang='lat' dir='ltr'><strong>deserto</strong></span> <span class='ocrx_word' id='word_1_227' title='bbox 1367 2296 1545 2340; x_wconf 82' lang='lat' dir='ltr'><strong>castra</strong></span> <span class='ocrx_word' id='word_1_228' title='bbox 1569 2285 1802 2339; x_wconf 80' lang='lat' dir='ltr'><strong>filiorum</strong></span> <span class='ocrx_word' id='word_1_229' title='bbox 1838 2282 2028 2338; x_wconf 83' lang='lat' dir='ltr'><strong>lsracl.</strong></span> 
     </span>
    </p>
   </div>
   <div class='ocr_carea' id='block_1_36' title="bbox 802 2376 2309 2449">
    <p class='ocr_par' dir='ltr' id='par_1_36' title="bbox 802 2376 2309 2449">
     <span class='ocr_line' id='line_1_36' title="bbox 802 2376 2309 2449; baseline -0.002 -16"><span class='ocrx_word' id='word_1_230' title='bbox 802 2379 1023 2441; x_wconf 79' lang='lat' dir='ltr'><strong>Emath.</strong></span> <span class='ocrx_word' id='word_1_231' title='bbox 1050 2396 1208 2449; x_wconf 89' lang='lat' dir='ltr'><strong>quam</strong></span> <span class='ocrx_word' id='word_1_232' title='bbox 1237 2379 1573 2435; x_wconf 89' lang='lat' dir='ltr'><strong>transierunt</strong></span> <span class='ocrx_word' id='word_1_233' title='bbox 1616 2377 2017 2449; x_wconf 85' lang='lat' dir='ltr'><strong>exploratores,</strong></span> <span class='ocrx_word' id='word_1_234' title='bbox 2086 2376 2177 2446; x_wconf 89' lang='lat' dir='ltr'><strong>qui</strong></span> <span class='ocrx_word' id='word_1_235' title='bbox 2241 2376 2309 2431; x_wconf 92' lang='lat' dir='ltr'><strong>ab</strong></span> 
     </span>
    </p>
   </div>
   <div class='ocr_carea' id='block_1_37' title="bbox 734 2474 1225 2528">
    <p class='ocr_par' dir='ltr' id='par_1_37' title="bbox 734 2474 1225 2528">
     <span class='ocr_line' id='line_1_37' title="bbox 734 2474 1225 2528; baseline 0.004 -2"><span class='ocrx_word' id='word_1_236' title='bbox 734 2476 860 2528; x_wconf 82' lang='lat' dir='ltr'><strong>Jesu</strong></span> <span class='ocrx_word' id='word_1_237' title='bbox 894 2474 1043 2528; x_wconf 89' lang='lat' dir='ltr'><strong>missi</strong></span> <span class='ocrx_word' id='word_1_238' title='bbox 1077 2480 1225 2528; x_wconf 85' lang='lat' dir='ltr'><strong>sunt.</strong></span> 
     </span>
    </p>
   </div>
   <div class='ocr_carea' id='block_1_38' title="bbox 806 2562 2307 2634">
    <p class='ocr_par' dir='ltr' id='par_1_38' title="bbox 806 2562 2307 2634">
     <span class='ocr_line' id='line_1_38' title="bbox 806 2562 2307 2634; baseline -0.002 -17"><span class='ocrx_word' id='word_1_239' title='bbox 806 2564 991 2629; x_wconf 81' lang='lat' dir='ltr'><strong>Enna,</strong></span> <span class='ocrx_word' id='word_1_240' title='bbox 1015 2564 1108 2618; x_wconf 90' lang='lat' dir='ltr'><strong>ubi</strong></span> <span class='ocrx_word' id='word_1_241' title='bbox 1144 2580 1269 2634; x_wconf 88' lang='lat' dir='ltr'><strong>pars</strong></span> <span class='ocrx_word' id='word_1_242' title='bbox 1295 2563 1477 2634; x_wconf 86' lang='lat' dir='ltr'><strong>populi</strong></span> <span class='ocrx_word' id='word_1_243' title='bbox 1501 2578 1637 2618; x_wconf 74' lang='lat' dir='ltr'><strong>caesa</strong></span> <span class='ocrx_word' id='word_1_244' title='bbox 1681 2572 1765 2617; x_wconf 91' lang='lat' dir='ltr'><strong>est</strong></span> <span class='ocrx_word' id='word_1_245' title='bbox 1800 2562 2019 2618; x_wconf 85' lang='lat' dir='ltr'><strong>lsraélis</strong></span> <span class='ocrx_word' id='word_1_246' title='bbox 2042 2562 2109 2615; x_wconf 91' lang='lat' dir='ltr'><strong>ah</strong></span> <span class='ocrx_word' id='word_1_247' title='bbox 2146 2562 2307 2614; x_wconf 80' lang='lat' dir='ltr'><strong>Ama-</strong></span> 
     </span>
    </p>
   </div>
   <div class='ocr_carea' id='block_1_39' title="bbox 736 2654 2311 2722">
    <p class='ocr_par' dir='ltr' id='par_1_39' title="bbox 736 2654 2311 2722">
     <span class='ocr_line' id='line_1_39' title="bbox 736 2654 2311 2722; baseline -0.003 -12"><span class='ocrx_word' id='word_1_248' title='bbox 736 2658 815 2712; x_wconf 79' lang='lat' dir='ltr'><strong>lec</strong></span> <span class='ocrx_word' id='word_1_249' title='bbox 842 2670 897 2713; x_wconf 90' lang='lat' dir='ltr'><strong>et</strong></span> <span class='ocrx_word' id='word_1_250' title='bbox 926 2658 1258 2722; x_wconf 70' lang='lat' dir='ltr'><strong>Chananaeo,</strong></span> <span class='ocrx_word' id='word_1_251' title='bbox 1287 2672 1448 2721; x_wconf 81' lang='lat' dir='ltr'><strong>queat</strong></span> <span class='ocrx_word' id='word_1_252' title='bbox 1520 2656 1575 2711; x_wconf 91' lang='lat' dir='ltr'><strong>in</strong></span> <span class='ocrx_word' id='word_1_253' title='bbox 1624 2654 2051 2710; x_wconf 89' lang='lat' dir='ltr'><strong>Deuteronomio</strong></span> <span class='ocrx_word' id='word_1_254' title='bbox 2115 2656 2311 2707; x_wconf 83' lang='lat' dir='ltr'><strong>Amor-</strong></span> 
     </span>
    </p>
   </div>
   <div class='ocr_carea' id='block_1_40' title="bbox 732 2748 1451 2817">
    <p class='ocr_par' dir='ltr' id='par_1_40' title="bbox 732 2748 1451 2817">
     <span class='ocr_line' id='line_1_40' title="bbox 732 2748 1451 2817; baseline -0.004 -14"><span class='ocrx_word' id='word_1_255' title='bbox 732 2751 940 2803; x_wconf 70' lang='lat' dir='ltr'><strong>rhmum</strong></span> <span class='ocrx_word' id='word_1_256' title='bbox 971 2748 1249 2817; x_wconf 81' lang='lat' dir='ltr'><strong>Scriptura</strong></span> <span class='ocrx_word' id='word_1_257' title='bbox 1274 2756 1451 2804; x_wconf 89' lang='lat' dir='ltr'><strong>vocat.</strong></span> 
     </span>
    </p>
   </div>
   <div class='ocr_carea' id='block_1_41' title="bbox 795 2840 2310 2914">
    <p class='ocr_par' dir='ltr' id='par_1_41' title="bbox 795 2840 2310 2914">
     <span class='ocr_line' id='line_1_41' title="bbox 795 2840 2310 2914; baseline -0.004 -15"><span class='ocrx_word' id='word_1_258' title='bbox 795 2846 1049 2909; x_wconf 81' lang='lat' dir='ltr'><strong>Esebou.</strong></span> <span class='ocrx_word' id='word_1_259' title='bbox 1107 2846 1303 2900; x_wconf 87' lang='lat' dir='ltr'><strong>civitas</strong></span> <span class='ocrx_word' id='word_1_260' title='bbox 1354 2844 1496 2898; x_wconf 89' lang='lat' dir='ltr'><strong>Seou</strong></span> <span class='ocrx_word' id='word_1_261' title='bbox 1530 2844 1673 2914; x_wconf 79' lang='lat' dir='ltr'><strong>regis</strong></span> <span class='ocrx_word' id='word_1_262' title='bbox 1738 2840 2184 2897; x_wconf 78' lang='lat' dir='ltr'><strong>Amorrlueornm</strong></span> <span class='ocrx_word' id='word_1_263' title='bbox 2256 2840 2310 2893; x_wconf 88' lang='lat' dir='ltr'><strong>itt</strong></span> 
     </span>
    </p>
   </div>
   <div class='ocr_carea' id='block_1_42' title="bbox 736 2934 2313 3007">
    <p class='ocr_par' dir='ltr' id='par_1_42' title="bbox 736 2934 2313 3007">
     <span class='ocr_line' id='line_1_42' title="bbox 736 2934 2313 3007; baseline -0.004 -15"><span class='ocrx_word' id='word_1_264' title='bbox 736 2948 879 2993; x_wconf 81' lang='lat' dir='ltr'><strong>terra</strong></span> <span class='ocrx_word' id='word_1_265' title='bbox 913 2938 1158 2995; x_wconf 79' lang='lat' dir='ltr'><strong>Galaad:</strong></span> <span class='ocrx_word' id='word_1_266' title='bbox 1198 2954 1318 3007; x_wconf 66' lang='lat' dir='ltr'><strong>qua:</strong></span> <span class='ocrx_word' id='word_1_267' title='bbox 1351 2953 1475 2991; x_wconf 92' lang='lat' dir='ltr'><strong>cum</strong></span> <span class='ocrx_word' id='word_1_268' title='bbox 1505 2936 1701 2991; x_wconf 91' lang='lat' dir='ltr'><strong>fuisset</strong></span> <span class='ocrx_word' id='word_1_269' title='bbox 1736 2945 1865 2990; x_wconf 82' lang='lat' dir='ltr'><strong>ante</strong></span> <span class='ocrx_word' id='word_1_270' title='bbox 1926 2934 2313 2993; x_wconf 80' lang='lat' dir='ltr'><strong>Moabitarum,</strong></span> 
     </span>
    </p>
   </div>
   <div class='ocr_carea' id='block_1_43' title="bbox 738 3024 2315 3098">
    <p class='ocr_par' dir='ltr' id='par_1_43' title="bbox 738 3024 2315 3098">
     <span class='ocr_line' id='line_1_43' title="bbox 738 3024 2315 3098; baseline -0.003 -16"><span class='ocrx_word' id='word_1_271' title='bbox 738 3031 808 3085; x_wconf 85' lang='lat' dir='ltr'><strong>ab</strong></span> <span class='ocrx_word' id='word_1_272' title='bbox 842 3029 1174 3085; x_wconf 76' lang='lat' dir='ltr'><strong>Amorrhteis</strong></span> <span class='ocrx_word' id='word_1_273' title='bbox 1224 3027 1354 3083; x_wconf 87' lang='lat' dir='ltr'><strong>belli</strong></span> <span class='ocrx_word' id='word_1_274' title='bbox 1389 3028 1513 3098; x_wconf 90' lang='lat' dir='ltr'><strong>jure</strong></span> <span class='ocrx_word' id='word_1_275' title='bbox 1583 3041 1839 3098; x_wconf 84' lang='lat' dir='ltr'><strong>possessa</strong></span> <span class='ocrx_word' id='word_1_276' title='bbox 1897 3035 1999 3079; x_wconf 89' lang='lat' dir='ltr'><strong>est.</strong></span> <span class='ocrx_word' id='word_1_277' title='bbox 2066 3024 2315 3078; x_wconf 80' lang='lat' dir='ltr'><strong>Meminit</strong></span> 
     </span>
    </p>
   </div>
   <div class='ocr_carea' id='block_1_44' title="bbox 739 3119 2312 3191">
    <p class='ocr_par' dir='ltr' id='par_1_44' title="bbox 739 3119 2312 3191">
     <span class='ocr_line' id='line_1_44' title="bbox 739 3119 2312 3191; baseline -0.004 -13"><span class='ocrx_word' id='word_1_278' title='bbox 739 3125 901 3191; x_wconf 89' lang='lat' dir='ltr'><strong>lmjus</strong></span> <span class='ocrx_word' id='word_1_279' title='bbox 930 3121 1218 3186; x_wconf 69' lang='lat' dir='ltr'><strong>leremias,</strong></span> <span class='ocrx_word' id='word_1_280' title='bbox 1269 3122 1438 3177; x_wconf 82' lang='lat' dir='ltr'><strong>Isaias</strong></span> <span class='ocrx_word' id='word_1_281' title='bbox 1467 3136 1689 3191; x_wconf 91' lang='lat' dir='ltr'><strong>quoque</strong></span> <span class='ocrx_word' id='word_1_282' title='bbox 1739 3120 1792 3173; x_wconf 93' lang='lat' dir='ltr'><strong>in</strong></span> <span class='ocrx_word' id='word_1_283' title='bbox 1845 3119 2059 3173; x_wconf 86' lang='lat' dir='ltr'><strong>visione</strong></span> <span class='ocrx_word' id='word_1_284' title='bbox 2118 3127 2312 3172; x_wconf 86' lang='lat' dir='ltr'><strong>contra</strong></span> 
     </span>
    </p>
   </div>
   <div class='ocr_carea' id='block_1_45' title="bbox 745 3204 2315 3280">
    <p class='ocr_par' dir='ltr' id='par_1_45' title="bbox 745 3204 2315 3280">
     <span class='ocr_line' id='line_1_45' title="bbox 745 3204 2315 3280; baseline -0.003 -12"><span class='ocrx_word' id='word_1_285' title='bbox 745 3214 921 3269; x_wconf 79' lang='lat' dir='ltr'><strong>Moab.</strong></span> <span class='ocrx_word' id='word_1_286' title='bbox 968 3214 1139 3269; x_wconf 80' lang='lat' dir='ltr'><strong>Porro</strong></span> <span class='ocrx_word' id='word_1_287' title='bbox 1159 3229 1308 3268; x_wconf 87' lang='lat' dir='ltr'><strong>nunc</strong></span> <span class='ocrx_word' id='word_1_288' title='bbox 1359 3224 1587 3267; x_wconf 82' lang='lat' dir='ltr'><strong>vocatur</strong></span> <span class='ocrx_word' id='word_1_289' title='bbox 1643 3204 1843 3276; x_wconf 88' lang='lat' dir='ltr'><strong>Esbus,</strong></span> <span class='ocrx_word' id='word_1_290' title='bbox 1901 3210 2032 3265; x_wconf 83' lang='lat' dir='ltr'><strong>urbs</strong></span> <span class='ocrx_word' id='word_1_291' title='bbox 2086 3209 2315 3280; x_wconf 81' lang='lat' dir='ltr'><strong>insignis</strong></span> 
     </span>
    </p>
   </div>
   <div class='ocr_carea' id='block_1_46' title="bbox 2410 1989 3997 2069">
    <p class='ocr_par' dir='ltr' id='par_1_46' title="bbox 2410 1989 3997 2069">
     <span class='ocr_line' id='line_1_46' title="bbox 2410 1989 3997 2069; baseline 0.012 -29"><span class='ocrx_word' id='word_1_292' title='bbox 2410 1997 2682 2054; x_wconf 85' lang='lat' dir='ltr'><strong>Cupataut,</strong></span> <span class='ocrx_word' id='word_1_293' title='bbox 2720 2003 2842 2043; x_wconf 85' lang='lat' dir='ltr'><strong>cum</strong></span> <span class='ocrx_word' id='word_1_294' title='bbox 2870 1989 2960 2045; x_wconf 87' lang='lat' dir='ltr'><strong>ille</strong></span> <span class='ocrx_word' id='word_1_295' title='bbox 2991 1992 3175 2047; x_wconf 79' lang='lat' dir='ltr'><strong>Acltan</strong></span> <span class='ocrx_word' id='word_1_296' title='bbox 3198 1995 3377 2051; x_wconf 86' lang='lat' dir='ltr'><strong>dictus</strong></span> <span class='ocrx_word' id='word_1_297' title='bbox 3417 1998 3507 2061; x_wconf 89' lang='lat' dir='ltr'><strong>sit,</strong></span> <span class='ocrx_word' id='word_1_298' title='bbox 3553 2011 3604 2054; x_wconf 87' lang='lat' dir='ltr'><strong>et</strong></span> <span class='ocrx_word' id='word_1_299' title='bbox 3640 2016 3750 2055; x_wconf 90' lang='lat' dir='ltr'><strong>non</strong></span> <span class='ocrx_word' id='word_1_300' title='bbox 3787 2002 3997 2069; x_wconf 77' lang='lat' dir='ltr'><strong>Achor,</strong></span> 
     </span>
    </p>
   </div>
   <div class='ocr_carea' id='block_1_47' title="bbox 2411 2080 2752 2149">
    <p class='ocr_par' dir='ltr' id='par_1_47' title="bbox 2411 2080 2752 2149">
     <span class='ocr_line' id='line_1_47' title="bbox 2411 2080 2752 2149; baseline 0.009 -16"><span class='ocrx_word' id='word_1_301' title='bbox 2411 2080 2493 2133; x_wconf 73' lang='lat' dir='ltr'><strong>vel</strong></span> <span class='ocrx_word' id='word_1_302' title='bbox 2528 2080 2752 2149; x_wconf 76' lang='lat' dir='ltr'><strong>Achar.)</strong></span> 
     </span>
    </p>
   </div>
   <div class='ocr_carea' id='block_1_48' title="bbox 2468 2173 3999 2258">
    <p class='ocr_par' dir='ltr' id='par_1_48' title="bbox 2468 2173 3999 2258">
     <span class='ocr_line' id='line_1_48' title="bbox 2468 2173 3999 2258; baseline 0.011 -32"><span class='ocrx_word' id='word_1_303' title='bbox 2468 2173 2683 2241; x_wconf 69' lang='lat' dir='ltr'><strong>Eglom,</strong></span> <span class='ocrx_word' id='word_1_304' title='bbox 2715 2190 2834 2245; x_wconf 71' lang='lat' dir='ltr'><strong>qure</strong></span> <span class='ocrx_word' id='word_1_305' title='bbox 2863 2185 2918 2231; x_wconf 89' lang='lat' dir='ltr'><strong>et</strong></span> <span class='ocrx_word' id='word_1_306' title='bbox 2953 2176 3225 2242; x_wconf 88' lang='lat' dir='ltr'><strong>Odollant,</strong></span> <span class='ocrx_word' id='word_1_307' title='bbox 3259 2179 3313 2234; x_wconf 91' lang='lat' dir='ltr'><strong>in</strong></span> <span class='ocrx_word' id='word_1_308' title='bbox 3348 2182 3494 2237; x_wconf 90' lang='lat' dir='ltr'><strong>tribu</strong></span> <span class='ocrx_word' id='word_1_309' title='bbox 3546 2183 3705 2241; x_wconf 82' lang='lat' dir='ltr'><strong>Jud.c</strong></span> <span class='ocrx_word' id='word_1_310' title='bbox 3760 2205 3775 2242; x_wconf 94' lang='lat'><strong>:</strong></span> <span class='ocrx_word' id='word_1_311' title='bbox 3843 2190 3999 2258; x_wconf 84' lang='lat' dir='ltr'><strong>cujus</strong></span> 
     </span>
    </p>
   </div>
   <div class='ocr_carea' id='block_1_49' title="bbox 2411 2270 3998 2339">
    <p class='ocr_par' dir='ltr' id='par_1_49' title="bbox 2411 2270 3998 2339">
     <span class='ocr_line' id='line_1_49' title="bbox 2411 2270 3998 2339; baseline 0.013 -21"><span class='ocrx_word' id='word_1_312' title='bbox 2411 2282 2594 2336; x_wconf 76' lang='lat' dir='ltr'><strong>regem</strong></span> <span class='ocrx_word' id='word_1_313' title='bbox 2622 2270 2844 2337; x_wconf 80' lang='lat' dir='ltr'><strong>nomine</strong></span> <span class='ocrx_word' id='word_1_314' title='bbox 2872 2270 3059 2339; x_wconf 87' lang='lat' dir='ltr'><strong>Dabir,</strong></span> <span class='ocrx_word' id='word_1_315' title='bbox 3119 2272 3408 2330; x_wconf 83' lang='lat' dir='ltr'><strong>interfecit</strong></span> <span class='ocrx_word' id='word_1_316' title='bbox 3446 2278 3627 2333; x_wconf 83' lang='lat' dir='ltr'><strong>Jesus.</strong></span> <span class='ocrx_word' id='word_1_317' title='bbox 3663 2281 3761 2335; x_wconf 78' lang='lat' dir='ltr'><strong>Est</strong></span> <span class='ocrx_word' id='word_1_318' title='bbox 3815 2294 3998 2337; x_wconf 87' lang='lat' dir='ltr'><strong>autem</strong></span> 
     </span>
    </p>
   </div>
   <div class='ocr_carea' id='block_1_50' title="bbox 2415 2362 3999 2433">
    <p class='ocr_par' dir='ltr' id='par_1_50' title="bbox 2415 2362 3999 2433">
     <span class='ocr_line' id='line_1_50' title="bbox 2415 2362 3999 2433; baseline 0.011 -20"><span class='ocrx_word' id='word_1_319' title='bbox 2415 2377 2556 2415; x_wconf 90' lang='lat' dir='ltr'><strong>nunc</strong></span> <span class='ocrx_word' id='word_1_320' title='bbox 2590 2362 2713 2416; x_wconf 87' lang='lat' dir='ltr'><strong>villa</strong></span> <span class='ocrx_word' id='word_1_321' title='bbox 2734 2367 3090 2433; x_wconf 43' lang='lat' dir='ltr'><strong>praegrandis,</strong></span> <span class='ocrx_word' id='word_1_322' title='bbox 3151 2368 3208 2422; x_wconf 91' lang='lat' dir='ltr'><strong>in</strong></span> <span class='ocrx_word' id='word_1_323' title='bbox 3261 2368 3589 2427; x_wconf 84' lang='lat' dir='ltr'><strong>duodecimo</strong></span> <span class='ocrx_word' id='word_1_324' title='bbox 3618 2374 3686 2427; x_wconf 90' lang='lat' dir='ltr'><strong>ab</strong></span> <span class='ocrx_word' id='word_1_325' title='bbox 3732 2373 3999 2430; x_wconf 78' lang='lat' dir='ltr'><strong>Eleuthe-</strong></span> 
     </span>
    </p>
   </div>
   <div class='ocr_carea' id='block_1_51' title="bbox 2415 2453 3996 2540">
    <p class='ocr_par' dir='ltr' id='par_1_51' title="bbox 2415 2453 3996 2540">
     <span class='ocr_line' id='line_1_51' title="bbox 2415 2453 3996 2540; baseline 0.013 -37"><span class='ocrx_word' id='word_1_326' title='bbox 2415 2453 2589 2519; x_wconf 89' lang='lat' dir='ltr'><strong>ropoli</strong></span> <span class='ocrx_word' id='word_1_327' title='bbox 2618 2453 2795 2523; x_wconf 81' lang='lat' dir='ltr'><strong>lapide</strong></span> <span class='ocrx_word' id='word_1_328' title='bbox 2829 2455 3066 2525; x_wconf 57' lang='lat' dir='ltr'><strong>ﬂcontra</strong></span> <span class='ocrx_word' id='word_1_329' title='bbox 3095 2458 3373 2516; x_wconf 86' lang='lat' dir='ltr'><strong>Orientem</strong></span> <span class='ocrx_word' id='word_1_330' title='bbox 3402 2480 3417 2517; x_wconf 89' lang='lat'><strong>:</strong></span> <span class='ocrx_word' id='word_1_331' title='bbox 3462 2463 3529 2518; x_wconf 85' lang='lat' dir='ltr'><strong>de</strong></span> <span class='ocrx_word' id='word_1_332' title='bbox 3558 2481 3664 2535; x_wconf 91' lang='lat' dir='ltr'><strong>qua</strong></span> <span class='ocrx_word' id='word_1_333' title='bbox 3722 2479 3778 2523; x_wconf 90' lang='lat' dir='ltr'><strong>et</strong></span> <span class='ocrx_word' id='word_1_334' title='bbox 3832 2485 3996 2540; x_wconf 86' lang='lat' dir='ltr'><strong>supra</strong></span> 
     </span>
    </p>
   </div>
   <div class='ocr_carea' id='block_1_52' title="bbox 2417 2542 2673 2598">
    <p class='ocr_par' dir='ltr' id='par_1_52' title="bbox 2417 2542 2673 2598">
     <span class='ocr_line' id='line_1_52' title="bbox 2417 2542 2673 2598; baseline 0.008 -3"><span class='ocrx_word' id='word_1_335' title='bbox 2417 2542 2673 2598; x_wconf 70' lang='lat' dir='ltr'><strong>diximus.</strong></span> 
     </span>
    </p>
   </div>
   <div class='ocr_carea' id='block_1_53' title="bbox 2493 2633 3990 2713">
    <p class='ocr_par' dir='ltr' id='par_1_53' title="bbox 2493 2633 3990 2713">
     <span class='ocr_line' id='line_1_53' title="bbox 2493 2633 3990 2713; baseline 0.013 -25"><span class='ocrx_word' id='word_1_336' title='bbox 2493 2633 2709 2700; x_wconf 84' lang='lat' dir='ltr'><strong>Esrom,</strong></span> <span class='ocrx_word' id='word_1_337' title='bbox 2740 2652 2860 2707; x_wconf 66' lang='lat' dir='ltr'><strong>quae</strong></span> <span class='ocrx_word' id='word_1_338' title='bbox 2893 2648 2946 2696; x_wconf 87' lang='lat' dir='ltr'><strong>ct</strong></span> <span class='ocrx_word' id='word_1_339' title='bbox 2995 2642 3158 2707; x_wconf 84' lang='lat' dir='ltr'><strong>Asor,</strong></span> <span class='ocrx_word' id='word_1_340' title='bbox 3206 2643 3355 2713; x_wconf 71' lang='lat' dir='ltr'><strong>juxta</strong></span> <span class='ocrx_word' id='word_1_341' title='bbox 3425 2660 3666 2701; x_wconf 87' lang='lat' dir='ltr'><strong>eremum</strong></span> <span class='ocrx_word' id='word_1_342' title='bbox 3730 2650 3785 2703; x_wconf 90' lang='lat' dir='ltr'><strong>in</strong></span> <span class='ocrx_word' id='word_1_343' title='bbox 3846 2653 3990 2708; x_wconf 82' lang='lat' dir='ltr'><strong>tribu</strong></span> 
     </span>
    </p>
   </div>
   <div class='ocr_carea' id='block_1_54' title="bbox 2416 2726 3499 2803">
    <p class='ocr_par' dir='ltr' id='par_1_54' title="bbox 2416 2726 3499 2803">
     <span class='ocr_line' id='line_1_54' title="bbox 2416 2726 3499 2803; baseline 0.016 -24"><span class='ocrx_word' id='word_1_344' title='bbox 2416 2726 2551 2782; x_wconf 84' lang='lat' dir='ltr'><strong>.luda</strong></span> <span class='ocrx_word' id='word_1_345' title='bbox 2589 2744 2603 2781; x_wconf 90' lang='lat'>:</span> <span class='ocrx_word' id='word_1_346' title='bbox 2642 2729 2709 2783; x_wconf 85' lang='lat' dir='ltr'><strong>de</strong></span> <span class='ocrx_word' id='word_1_347' title='bbox 2740 2746 2846 2799; x_wconf 89' lang='lat' dir='ltr'><strong>qua</strong></span> <span class='ocrx_word' id='word_1_348' title='bbox 2871 2741 2925 2786; x_wconf 90' lang='lat' dir='ltr'><strong>et</strong></span> <span class='ocrx_word' id='word_1_349' title='bbox 2953 2749 3119 2803; x_wconf 90' lang='lat' dir='ltr'><strong>supra</strong></span> <span class='ocrx_word' id='word_1_350' title='bbox 3152 2736 3359 2792; x_wconf 89' lang='lat' dir='ltr'><strong>dictum</strong></span> <span class='ocrx_word' id='word_1_351' title='bbox 3392 2750 3499 2801; x_wconf 82' lang='lat' dir='ltr'><strong>est.</strong></span> 
     </span>
    </p>
   </div>
   <div class='ocr_carea' id='block_1_55' title="bbox 2480 2820 3999 2912">
    <p class='ocr_par' dir='ltr' id='par_1_55' title="bbox 2480 2820 3999 2912">
     <span class='ocr_line' id='line_1_55' title="bbox 2480 2820 3999 2912; baseline 0.015 -39"><span class='ocrx_word' id='word_1_352' title='bbox 2480 2820 2723 2887; x_wconf 85' lang='lat' dir='ltr'><strong>Enacim,</strong></span> <span class='ocrx_word' id='word_1_353' title='bbox 2760 2836 2813 2878; x_wconf 87' lang='lat' dir='ltr'><strong>et</strong></span> <span class='ocrx_word' id='word_1_354' title='bbox 2850 2826 2902 2879; x_wconf 91' lang='lat' dir='ltr'><strong>in</strong></span> <span class='ocrx_word' id='word_1_355' title='bbox 2933 2826 3033 2884; x_wconf 92' lang='lat' dir='ltr'><strong>hac</strong></span> <span class='ocrx_word' id='word_1_356' title='bbox 3067 2828 3341 2887; x_wconf 77' lang='lat' dir='ltr'><strong>interfecit</strong></span> <span class='ocrx_word' id='word_1_357' title='bbox 3367 2832 3523 2891; x_wconf 89' lang='lat' dir='ltr'><strong>Jesus</strong></span> <span class='ocrx_word' id='word_1_358' title='bbox 3558 2837 3780 2894; x_wconf 84' lang='lat' dir='ltr'><strong>Enacim</strong></span> <span class='ocrx_word' id='word_1_359' title='bbox 3815 2843 3999 2912; x_wconf 74' lang='lat' dir='ltr'><strong>gigan-</strong></span> 
     </span>
    </p>
   </div>
   <div class='ocr_carea' id='block_1_56' title="bbox 2419 2916 4000 3002">
    <p class='ocr_par' dir='ltr' id='par_1_56' title="bbox 2419 2916 4000 3002">
     <span class='ocr_line' id='line_1_56' title="bbox 2419 2916 4000 3002; baseline 0.014 -34"><span class='ocrx_word' id='word_1_360' title='bbox 2419 2923 2501 2969; x_wconf 89' lang='lat' dir='ltr'><strong>tes</strong></span> <span class='ocrx_word' id='word_1_361' title='bbox 2538 2916 2605 2971; x_wconf 92' lang='lat' dir='ltr'><strong>de</strong></span> <span class='ocrx_word' id='word_1_362' title='bbox 2662 2920 2884 2989; x_wconf 82' lang='lat' dir='ltr'><strong>regione</strong></span> <span class='ocrx_word' id='word_1_363' title='bbox 2944 2919 3200 2977; x_wconf 79' lang='lat' dir='ltr'><strong>Montana</strong></span> <span class='ocrx_word' id='word_1_364' title='bbox 3245 2924 3297 2978; x_wconf 92' lang='lat' dir='ltr'><strong>in</strong></span> <span class='ocrx_word' id='word_1_365' title='bbox 3325 2928 3605 2987; x_wconf 80' lang='lat' dir='ltr'><strong>Chebron.</strong></span> <span class='ocrx_word' id='word_1_366' title='bbox 3669 2934 3801 3002; x_wconf 84' lang='lat' dir='ltr'><strong>(Sed</strong></span> <span class='ocrx_word' id='word_1_367' title='bbox 3867 2938 4000 2990; x_wconf 87' lang='lat' dir='ltr'><strong>mihi</strong></span> 
     </span>
    </p>
   </div>
   <div class='ocr_carea' id='block_1_57' title="bbox 2419 3008 3999 3091">
    <p class='ocr_par' dir='ltr' id='par_1_57' title="bbox 2419 3008 3999 3091">
     <span class='ocr_line' id='line_1_57' title="bbox 2419 3008 3999 3091; baseline 0.017 -32"><span class='ocrx_word' id='word_1_368' title='bbox 2419 3008 2637 3063; x_wconf 81' lang='lat' dir='ltr'><strong>videtur</strong></span> <span class='ocrx_word' id='word_1_369' title='bbox 2671 3027 2777 3065; x_wconf 92' lang='lat' dir='ltr'><strong>non</strong></span> <span class='ocrx_word' id='word_1_370' title='bbox 2808 3027 2930 3068; x_wconf 89' lang='lat' dir='ltr'><strong>esse</strong></span> <span class='ocrx_word' id='word_1_371' title='bbox 2957 3030 3158 3072; x_wconf 87' lang='lat' dir='ltr'><strong>nomen</strong></span> <span class='ocrx_word' id='word_1_372' title='bbox 3196 3021 3301 3078; x_wconf 89' lang='lat' dir='ltr'><strong>loci</strong></span> <span class='ocrx_word' id='word_1_373' title='bbox 3336 3020 3582 3091; x_wconf 83' lang='lat' dir='ltr'><strong>Euacim,</strong></span> <span class='ocrx_word' id='word_1_374' title='bbox 3619 3028 3717 3083; x_wconf 89' lang='lat' dir='ltr'><strong>sed</strong></span> <span class='ocrx_word' id='word_1_375' title='bbox 3777 3030 3999 3085; x_wconf 85' lang='lat' dir='ltr'><strong>habita-</strong></span> 
     </span>
    </p>
   </div>
   <div class='ocr_carea' id='block_1_58' title="bbox 2419 3102 2929 3177">
    <p class='ocr_par' dir='ltr' id='par_1_58' title="bbox 2419 3102 2929 3177">
     <span class='ocr_line' id='line_1_58' title="bbox 2419 3102 2929 3177; baseline 0.012 -23"><span class='ocrx_word' id='word_1_376' title='bbox 2419 3108 2598 3155; x_wconf 89' lang='lat' dir='ltr'><strong>torum</strong></span> <span class='ocrx_word' id='word_1_377' title='bbox 2625 3102 2929 3177; x_wconf 86' lang='lat' dir='ltr'><strong>Chebron.)</strong></span> 
     </span>
    </p>
   </div>
   <div class='ocr_carea' id='block_1_59' title="bbox 2481 3196 3999 3288">
    <p class='ocr_par' dir='ltr' id='par_1_59' title="bbox 2481 3196 3999 3288">
     <span class='ocr_line' id='line_1_59' title="bbox 2481 3196 3999 3288; baseline 0.016 -39"><span class='ocrx_word' id='word_1_378' title='bbox 2481 3196 2725 3265; x_wconf 86' lang='lat' dir='ltr'><strong>Ephron,</strong></span> <span class='ocrx_word' id='word_1_379' title='bbox 2761 3201 2812 3255; x_wconf 95' lang='lat' dir='ltr'><strong>iu</strong></span> <span class='ocrx_word' id='word_1_380' title='bbox 2860 3204 3001 3259; x_wconf 92' lang='lat' dir='ltr'><strong>trihu</strong></span> <span class='ocrx_word' id='word_1_381' title='bbox 3033 3204 3193 3262; x_wconf 76' lang='lat' dir='ltr'><strong>Inda.</strong></span> <span class='ocrx_word' id='word_1_382' title='bbox 3234 3208 3329 3265; x_wconf 80' lang='lat' dir='ltr'><strong>Est</strong></span> <span class='ocrx_word' id='word_1_383' title='bbox 3379 3223 3432 3268; x_wconf 90' lang='lat' dir='ltr'><strong>et</strong></span> <span class='ocrx_word' id='word_1_384' title='bbox 3485 3214 3611 3269; x_wconf 88' lang='lat' dir='ltr'><strong>villa</strong></span> <span class='ocrx_word' id='word_1_385' title='bbox 3656 3221 3999 3288; x_wconf 60' lang='lat' dir='ltr'><strong>pragrandis</strong></span> 
     </span>
    </p>
   </div>
   <div class='ocr_carea' id='block_1_60' title="bbox 739 3269 4001 3376">
    <p class='ocr_par' dir='ltr' id='par_1_60' title="bbox 739 3269 4001 3376">
     <span class='ocr_line' id='line_1_60' title="bbox 739 3269 4001 3376; baseline 0 -15"><span class='ocrx_word' id='word_1_386' title='bbox 739 3308 975 3370; x_wconf 67' lang='lat' dir='ltr'><strong>Arabiae,</strong></span> <span class='ocrx_word' id='word_1_387' title='bbox 1040 3305 1096 3360; x_wconf 89' lang='lat' dir='ltr'><strong>itt</strong></span> <span class='ocrx_word' id='word_1_388' title='bbox 1165 3306 1447 3361; x_wconf 90' lang='lat' dir='ltr'><strong>montibus</strong></span> <span class='ocrx_word' id='word_1_389' title='bbox 1480 3307 1570 3376; x_wconf 80' lang='lat' dir='ltr'><strong>qui</strong></span> <span class='ocrx_word' id='word_1_390' title='bbox 1626 3319 1757 3361; x_wconf 87' lang='lat' dir='ltr'><strong>sunt</strong></span> <span class='ocrx_word' id='word_1_391' title='bbox 1811 3313 2003 3357; x_wconf 83' lang='lat' dir='ltr'><strong>contra</strong></span> <span class='ocrx_word' id='word_1_392' title='bbox 2064 3301 2312 3367; x_wconf 83' lang='lat' dir='ltr'><strong>Jericho,</strong></span> <span class='ocrx_word' id='word_1_393' title='bbox 2346 3269 2391 3329; x_wconf 61' lang='grc' dir='ltr'>ρ</span> <span class='ocrx_word' id='word_1_394' title='bbox 2422 3288 2652 3357; x_wconf 56' lang='lat' dir='ltr'><strong>Elim&quot;am</strong></span> <span class='ocrx_word' id='word_1_395' title='bbox 2688 3296 2911 3352; x_wconf 72' lang='lat' dir='ltr'><strong>nomine</strong></span> <span class='ocrx_word' id='word_1_396' title='bbox 2947 3313 3138 3356; x_wconf 82' lang='lat' dir='ltr'><strong>contra</strong></span> <span class='ocrx_word' id='word_1_397' title='bbox 3186 3306 3616 3375; x_wconf 78' lang='lat' dir='ltr'><strong>septentrionem</strong></span> <span class='ocrx_word' id='word_1_398' title='bbox 3647 3310 3703 3364; x_wconf 87' lang='lat' dir='ltr'><strong>in</strong></span> <span class='ocrx_word' id='word_1_399' title='bbox 3739 3310 4001 3367; x_wconf 80' lang='lat' dir='ltr'><strong>vicesimo</strong></span> 
     </span>
    </p>
   </div>
   <div class='ocr_carea' id='block_1_61' title="bbox 744 3395 2311 3472">
    <p class='ocr_par' dir='ltr' id='par_1_61' title="bbox 744 3395 2311 3472">
     <span class='ocr_line' id='line_1_61' title="bbox 744 3395 2311 3472; baseline -0.004 -18"><span class='ocrx_word' id='word_1_400' title='bbox 744 3403 932 3472; x_wconf 78' lang='lat' dir='ltr'><strong>viginti</strong></span> <span class='ocrx_word' id='word_1_401' title='bbox 959 3418 989 3456; x_wconf 91' lang='lat' dir='ltr'><strong>a</strong></span> <span class='ocrx_word' id='word_1_402' title='bbox 1031 3401 1269 3455; x_wconf 85' lang='lat' dir='ltr'><strong>Jordane</strong></span> <span class='ocrx_word' id='word_1_403' title='bbox 1299 3401 1540 3454; x_wconf 85' lang='lat' dir='ltr'><strong>millibus</strong></span> <span class='ocrx_word' id='word_1_404' title='bbox 1572 3400 1803 3455; x_wconf 87' lang='lat' dir='ltr'><strong>distans.</strong></span> <span class='ocrx_word' id='word_1_405' title='bbox 1844 3396 1967 3451; x_wconf 85' lang='lat' dir='ltr'><strong>Fuit</strong></span> <span class='ocrx_word' id='word_1_406' title='bbox 2016 3406 2199 3450; x_wconf 89' lang='lat' dir='ltr'><strong>autem</strong></span> <span class='ocrx_word' id='word_1_407' title='bbox 2259 3395 2311 3448; x_wconf 92' lang='lat' dir='ltr'><strong>in</strong></span> 
     </span>
    </p>
   </div>
   <div class='ocr_carea' id='block_1_62' title="bbox 742 3492 1667 3563">
    <p class='ocr_par' dir='ltr' id='par_1_62' title="bbox 742 3492 1667 3563">
     <span class='ocr_line' id='line_1_62' title="bbox 742 3492 1667 3563; baseline -0.003 -15"><span class='ocrx_word' id='word_1_408' title='bbox 742 3496 886 3548; x_wconf 91' lang='lat' dir='ltr'><strong>tribu</strong></span> <span class='ocrx_word' id='word_1_409' title='bbox 931 3494 1123 3547; x_wconf 70' lang='lat' dir='ltr'><strong>Ruben</strong></span> <span class='ocrx_word' id='word_1_410' title='bbox 1154 3503 1406 3563; x_wconf 73' lang='lat' dir='ltr'><strong>separata</strong></span> <span class='ocrx_word' id='word_1_411' title='bbox 1438 3492 1667 3547; x_wconf 78' lang='lat' dir='ltr'><strong>Levitis.</strong></span> 
     </span>
    </p>
   </div>
   <div class='ocr_carea' id='block_1_63' title="bbox 810 3582 2317 3653">
    <p class='ocr_par' dir='ltr' id='par_1_63' title="bbox 810 3582 2317 3653">
     <span class='ocr_line' id='line_1_63' title="bbox 810 3582 2317 3653; baseline -0.002 -14"><span class='ocrx_word' id='word_1_412' title='bbox 810 3586 1000 3652; x_wconf 83' lang='lat' dir='ltr'><strong>Edrai,</strong></span> <span class='ocrx_word' id='word_1_413' title='bbox 1034 3586 1125 3641; x_wconf 89' lang='lat' dir='ltr'><strong>ubi</strong></span> <span class='ocrx_word' id='word_1_414' title='bbox 1159 3586 1477 3649; x_wconf 81' lang='lat' dir='ltr'><strong>interfectus</strong></span> <span class='ocrx_word' id='word_1_415' title='bbox 1500 3594 1581 3639; x_wconf 91' lang='lat' dir='ltr'><strong>est</strong></span> <span class='ocrx_word' id='word_1_416' title='bbox 1618 3584 1698 3653; x_wconf 80' lang='lat' dir='ltr'><strong>Og</strong></span> <span class='ocrx_word' id='word_1_417' title='bbox 1732 3598 1829 3637; x_wconf 80' lang='lat' dir='ltr'><strong>rex</strong></span> <span class='ocrx_word' id='word_1_418' title='bbox 1886 3582 2058 3637; x_wconf 86' lang='lat' dir='ltr'><strong>Basau</strong></span> <span class='ocrx_word' id='word_1_419' title='bbox 2090 3625 2105 3649; x_wconf 89' lang='lat'><strong>,</strong></span> <span class='ocrx_word' id='word_1_420' title='bbox 2168 3582 2317 3653; x_wconf 80' lang='lat' dir='ltr'><strong>gigas</strong></span> 
     </span>
    </p>
   </div>
   <div class='ocr_carea' id='block_1_64' title="bbox 743 3676 2317 3751">
    <p class='ocr_par' dir='ltr' id='par_1_64' title="bbox 743 3676 2317 3751">
     <span class='ocr_line' id='line_1_64' title="bbox 743 3676 2317 3751; baseline -0.002 -18"><span class='ocrx_word' id='word_1_421' title='bbox 743 3688 795 3734; x_wconf 78' lang='lat' dir='ltr'><strong>ct</strong></span> <span class='ocrx_word' id='word_1_422' title='bbox 822 3690 1038 3751; x_wconf 84' lang='lat' dir='ltr'><strong>patens,</strong></span> <span class='ocrx_word' id='word_1_423' title='bbox 1069 3678 1356 3747; x_wconf 85' lang='lat' dir='ltr'><strong>omnisque</strong></span> <span class='ocrx_word' id='word_1_424' title='bbox 1399 3679 1544 3749; x_wconf 85' lang='lat' dir='ltr'><strong>illius</strong></span> <span class='ocrx_word' id='word_1_425' title='bbox 1588 3694 1761 3733; x_wconf 62' lang='lat' dir='ltr'><strong>caesus</strong></span> <span class='ocrx_word' id='word_1_426' title='bbox 1826 3678 2122 3732; x_wconf 77' lang='lat' dir='ltr'><strong>exercitus.</strong></span> <span class='ocrx_word' id='word_1_427' title='bbox 2164 3676 2317 3730; x_wconf 85' lang='lat' dir='ltr'><strong>Nunc</strong></span> 
     </span>
    </p>
   </div>
   <div class='ocr_carea' id='block_1_65' title="bbox 743 3773 2317 3844">
    <p class='ocr_par' dir='ltr' id='par_1_65' title="bbox 743 3773 2317 3844">
     <span class='ocr_line' id='line_1_65' title="bbox 743 3773 2317 3844; baseline 0.001 -18"><span class='ocrx_word' id='word_1_428' title='bbox 743 3782 925 3827; x_wconf 84' lang='lat' dir='ltr'><strong>autem</strong></span> <span class='ocrx_word' id='word_1_429' title='bbox 952 3782 1033 3828; x_wconf 91' lang='lat' dir='ltr'><strong>est</strong></span> <span class='ocrx_word' id='word_1_430' title='bbox 1064 3773 1204 3826; x_wconf 79' lang='lat' dir='ltr'><strong>Adra</strong></span> <span class='ocrx_word' id='word_1_431' title='bbox 1243 3773 1472 3844; x_wconf 76' lang='lat' dir='ltr'><strong>insignis</strong></span> <span class='ocrx_word' id='word_1_432' title='bbox 1507 3775 1717 3830; x_wconf 72' lang='lat' dir='ltr'><strong>Arabia:</strong></span> <span class='ocrx_word' id='word_1_433' title='bbox 1748 3774 1940 3830; x_wconf 86' lang='lat' dir='ltr'><strong>civitas</strong></span> <span class='ocrx_word' id='word_1_434' title='bbox 1978 3775 2029 3828; x_wconf 92' lang='lat' dir='ltr'><strong>in</strong></span> <span class='ocrx_word' id='word_1_435' title='bbox 2057 3773 2317 3830; x_wconf 89' lang='lat' dir='ltr'><strong>vicesimo</strong></span> 
     </span>
    </p>
   </div>
   <div class='ocr_carea' id='block_1_66' title="bbox 743 3866 1461 3937">
    <p class='ocr_par' dir='ltr' id='par_1_66' title="bbox 743 3866 1461 3937">
     <span class='ocr_line' id='line_1_66' title="bbox 743 3866 1461 3937; baseline 0.007 -18"><span class='ocrx_word' id='word_1_436' title='bbox 743 3875 939 3937; x_wconf 84' lang='lat' dir='ltr'><strong>quarto</strong></span> <span class='ocrx_word' id='word_1_437' title='bbox 971 3866 1149 3937; x_wconf 80' lang='lat' dir='ltr'><strong>lapide</strong></span> <span class='ocrx_word' id='word_1_438' title='bbox 1176 3882 1204 3920; x_wconf 90' lang='lat' dir='ltr'><strong>a</strong></span> <span class='ocrx_word' id='word_1_439' title='bbox 1245 3866 1461 3924; x_wconf 81' lang='lat' dir='ltr'><strong>Bostra.</strong></span> 
     </span>
    </p>
   </div>
   <div class='ocr_carea' id='block_1_67' title="bbox 814 4046 2320 4115">
    <p class='ocr_par' dir='ltr' id='par_1_67' title="bbox 814 4046 2320 4115">
     <span class='ocr_line' id='line_1_67' title="bbox 814 4046 2320 4115; baseline 0.005 -14"><span class='ocrx_word' id='word_1_440' title='bbox 814 4050 836 4080; x_wconf 85' lang='lat'><em>‘</em></span> <span class='ocrx_word' id='word_1_441' title='bbox 868 4046 1156 4102; x_wconf 76' lang='lat' dir='ltr'><strong>Sallustius</strong></span> <span class='ocrx_word' id='word_1_442' title='bbox 1184 4051 1733 4115; x_wconf 58' lang='lat' dir='ltr'><strong>auctorcertissi&#39;uus,</strong></span> <span class='ocrx_word' id='word_1_443' title='bbox 1783 4060 1888 4104; x_wconf 84' lang='lat' dir='ltr'><strong>etc.</strong></span> <span class='ocrx_word' id='word_1_444' title='bbox 1927 4051 2199 4107; x_wconf 66' lang='lat' dir='ltr'><strong>Incertum</strong></span> <span class='ocrx_word' id='word_1_445' title='bbox 2227 4054 2320 4108; x_wconf 88' lang='lat' dir='ltr'><strong>ubi</strong></span> 
     </span>
    </p>
   </div>
   <div class='ocr_carea' id='block_1_68' title="bbox 746 4120 2318 4185">
    <p class='ocr_par' dir='ltr' id='par_1_68' title="bbox 746 4120 2318 4185">
     <span class='ocr_line' id='line_1_68' title="bbox 746 4120 2318 4185; baseline 0.003 -12"><span class='ocrx_word' id='word_1_446' title='bbox 746 4122 859 4174; x_wconf 74' lang='lat' dir='ltr'><strong>lucc</strong></span> <span class='ocrx_word' id='word_1_447' title='bbox 920 4134 948 4173; x_wconf 89' lang='lat' dir='ltr'><strong>a</strong></span> <span class='ocrx_word' id='word_1_448' title='bbox 1003 4120 1261 4172; x_wconf 74' lang='lat' dir='ltr'><strong>Sallustio</strong></span> <span class='ocrx_word' id='word_1_449' title='bbox 1316 4121 1518 4185; x_wconf 75' lang='lat' dir='ltr'><strong>scripta</strong></span> <span class='ocrx_word' id='word_1_450' title='bbox 1567 4122 1709 4185; x_wconf 90' lang='lat' dir='ltr'><strong>siut;</strong></span> <span class='ocrx_word' id='word_1_451' title='bbox 1774 4138 1899 4174; x_wconf 87' lang='lat' dir='ltr'><strong>nam</strong></span> <span class='ocrx_word' id='word_1_452' title='bbox 1962 4124 2015 4175; x_wconf 88' lang='lat' dir='ltr'><strong>itt</strong></span> <span class='ocrx_word' id='word_1_453' title='bbox 2070 4124 2318 4178; x_wconf 82' lang='lat' dir='ltr'><strong>Sallustii</strong></span> 
     </span>
    </p>
   </div>
   <div class='ocr_carea' id='block_1_69' title="bbox 746 4190 2319 4259">
    <p class='ocr_par' dir='ltr' id='par_1_69' title="bbox 746 4190 2319 4259">
     <span class='ocr_line' id='line_1_69' title="bbox 746 4190 2319 4259; baseline 0.007 -22"><span class='ocrx_word' id='word_1_454' title='bbox 746 4190 1104 4259; x_wconf 64' lang='lat' dir='ltr'><strong>Fragmentis,</strong></span> <span class='ocrx_word' id='word_1_455' title='bbox 1147 4206 1334 4244; x_wconf 81' lang='lat' dir='ltr'><strong>versus</strong></span> <span class='ocrx_word' id='word_1_456' title='bbox 1358 4190 1518 4243; x_wconf 83' lang='lat' dir='ltr'><strong>finem</strong></span> <span class='ocrx_word' id='word_1_457' title='bbox 1553 4208 1672 4258; x_wconf 79' lang='lat' dir='ltr'><strong>pag.</strong></span> <span class='ocrx_word' id='word_1_458' title='bbox 1729 4190 1855 4255; x_wconf 72' lang='lat'><strong>236,</strong></span> <span class='ocrx_word' id='word_1_459' title='bbox 1923 4193 2067 4245; x_wconf 87' lang='lat' dir='ltr'><strong>inter</strong></span> <span class='ocrx_word' id='word_1_460' title='bbox 2124 4206 2319 4248; x_wconf 60' lang='lat' dir='ltr'><strong>rudera</strong></span> 
     </span>
    </p>
   </div>
   <div class='ocr_carea' id='block_1_70' title="bbox 747 4260 2313 4319">
    <p class='ocr_par' dir='ltr' id='par_1_70' title="bbox 747 4260 2313 4319">
     <span class='ocr_line' id='line_1_70' title="bbox 747 4260 2313 4319; baseline 0.003 -7"><span class='ocrx_word' id='word_1_461' title='bbox 747 4264 951 4316; x_wconf 83' lang='lat' dir='ltr'><strong>incerta</strong></span> <span class='ocrx_word' id='word_1_462' title='bbox 980 4269 1035 4312; x_wconf 84' lang='lat' dir='ltr'><strong>et</strong></span> <span class='ocrx_word' id='word_1_463' title='bbox 1064 4260 1207 4313; x_wconf 83' lang='lat' dir='ltr'><strong>istud</strong></span> <span class='ocrx_word' id='word_1_464' title='bbox 1241 4264 1475 4319; x_wconf 81' lang='lat' dir='ltr'><strong>reperiet</strong></span> <span class='ocrx_word' id='word_1_465' title='bbox 1498 4262 1669 4315; x_wconf 88' lang='lat' dir='ltr'><strong>lector</strong></span> <span class='ocrx_word' id='word_1_466' title='bbox 1698 4278 1711 4313; x_wconf 87' lang='lat'><strong>:</strong></span> <span class='ocrx_word' id='word_1_467' title='bbox 1748 4261 2090 4319; x_wconf 63' lang='lat' dir='ltr'><strong>«Sallustius.</strong></span> <span class='ocrx_word' id='word_1_468' title='bbox 2119 4274 2313 4317; x_wconf 67' lang='lat' dir='ltr'><strong>auctor</strong></span> 
     </span>
    </p>
   </div>
   <div class='ocr_carea' id='block_1_71' title="bbox 747 4330 2321 4401">
    <p class='ocr_par' dir='ltr' id='par_1_71' title="bbox 747 4330 2321 4401">
     <span class='ocr_line' id='line_1_71' title="bbox 747 4330 2321 4401; baseline 0.003 -17"><span class='ocrx_word' id='word_1_469' title='bbox 747 4331 1114 4390; x_wconf 76' lang='lat' dir='ltr'><strong>certissimus,</strong></span> <span class='ocrx_word' id='word_1_470' title='bbox 1146 4336 1343 4385; x_wconf 69' lang='lat' dir='ltr'><strong>asserit</strong></span> <span class='ocrx_word' id='word_1_471' title='bbox 1366 4330 1569 4400; x_wconf 88' lang='lat' dir='ltr'><strong>Tigrim</strong></span> <span class='ocrx_word' id='word_1_472' title='bbox 1605 4332 2005 4401; x_wconf 79' lang='lat' dir='ltr'><strong>etEuphratem</strong></span> <span class='ocrx_word' id='word_1_473' title='bbox 2039 4350 2147 4386; x_wconf 91' lang='lat' dir='ltr'><strong>uno</strong></span> <span class='ocrx_word' id='word_1_474' title='bbox 2171 4335 2321 4388; x_wconf 84' lang='lat' dir='ltr'><strong>fonte</strong></span> 
     </span>
    </p>
   </div>
   <div class='ocr_carea' id='block_1_72' title="bbox 750 4401 2322 4469">
    <p class='ocr_par' dir='ltr' id='par_1_72' title="bbox 750 4401 2322 4469">
     <span class='ocr_line' id='line_1_72' title="bbox 750 4401 2322 4469; baseline 0.001 -14"><span class='ocrx_word' id='word_1_475' title='bbox 750 4416 972 4455; x_wconf 69' lang='lat' dir='ltr'><strong>manare</strong></span> <span class='ocrx_word' id='word_1_476' title='bbox 998 4401 1049 4452; x_wconf 88' lang='lat' dir='ltr'><strong>in</strong></span> <span class='ocrx_word' id='word_1_477' title='bbox 1075 4402 1352 4463; x_wconf 77' lang='lat' dir='ltr'><strong>Armenia.</strong></span> <span class='ocrx_word' id='word_1_478' title='bbox 1414 4403 1503 4466; x_wconf 79' lang='lat' dir='ltr'><strong>qui</strong></span> <span class='ocrx_word' id='word_1_479' title='bbox 1532 4417 1627 4469; x_wconf 89' lang='lat' dir='ltr'><strong>per</strong></span> <span class='ocrx_word' id='word_1_480' title='bbox 1672 4403 1883 4457; x_wconf 75' lang='lat' dir='ltr'><strong>diversa</strong></span> <span class='ocrx_word' id='word_1_481' title='bbox 1932 4413 2148 4464; x_wconf 80' lang='lat' dir='ltr'><strong>euntes,</strong></span> <span class='ocrx_word' id='word_1_482' title='bbox 2205 4405 2322 4457; x_wconf 84' lang='lat' dir='ltr'><strong>lou-</strong></span> 
     </span>
    </p>
   </div>
   <div class='ocr_carea' id='block_1_73' title="bbox 749 4471 2317 4539">
    <p class='ocr_par' dir='ltr' id='par_1_73' title="bbox 749 4471 2317 4539">
     <span class='ocr_line' id='line_1_73' title="bbox 749 4471 2317 4539; baseline 0.003 -15"><span class='ocrx_word' id='word_1_483' title='bbox 749 4474 869 4533; x_wconf 75' lang='lat' dir='ltr'><strong>uius</strong></span> <span class='ocrx_word' id='word_1_484' title='bbox 906 4471 1238 4533; x_wconf 83' lang='lat' dir='ltr'><strong>dividantur.</strong></span> <span class='ocrx_word' id='word_1_485' title='bbox 1302 4475 1477 4539; x_wconf 78' lang='lat' dir='ltr'><strong>Spatio</strong></span> <span class='ocrx_word' id='word_1_486' title='bbox 1529 4473 1710 4526; x_wconf 72' lang='lat' dir='ltr'><strong>modio</strong></span> <span class='ocrx_word' id='word_1_487' title='bbox 1775 4475 1962 4526; x_wconf 84' lang='lat' dir='ltr'><strong>relicto</strong></span> <span class='ocrx_word' id='word_1_488' title='bbox 2021 4477 2317 4528; x_wconf 84' lang='lat' dir='ltr'><strong>multorum</strong></span> 
     </span>
    </p>
   </div>
   <div class='ocr_carea' id='block_1_74' title="bbox 750 4543 2315 4611">
    <p class='ocr_par' dir='ltr' id='par_1_74' title="bbox 750 4543 2315 4611">
     <span class='ocr_line' id='line_1_74' title="bbox 750 4543 2315 4611; baseline 0.001 -18"><span class='ocrx_word' id='word_1_489' title='bbox 750 4544 1005 4599; x_wconf 68' lang='lat' dir='ltr'><strong>millium,</strong></span> <span class='ocrx_word' id='word_1_490' title='bbox 1041 4558 1158 4606; x_wconf 73' lang='lat' dir='ltr'><strong>otia:</strong></span> <span class='ocrx_word' id='word_1_491' title='bbox 1180 4552 1357 4595; x_wconf 76' lang='lat' dir='ltr'><strong>tamen</strong></span> <span class='ocrx_word' id='word_1_492' title='bbox 1391 4552 1554 4602; x_wconf 83' lang='lat' dir='ltr'><strong>terra,</strong></span> <span class='ocrx_word' id='word_1_493' title='bbox 1593 4559 1712 4609; x_wconf 61' lang='lat' dir='ltr'><strong>quae</strong></span> <span class='ocrx_word' id='word_1_494' title='bbox 1749 4543 1818 4597; x_wconf 84' lang='lat' dir='ltr'><strong>ab</strong></span> <span class='ocrx_word' id='word_1_495' title='bbox 1857 4543 1992 4611; x_wconf 82' lang='lat' dir='ltr'><strong>ipsis</strong></span> <span class='ocrx_word' id='word_1_496' title='bbox 2052 4546 2315 4603; x_wconf 67' lang='lat' dir='ltr'><strong>amttitur.</strong></span> 
     </span>
    </p>
   </div>
   <div class='ocr_carea' id='block_1_75' title="bbox 754 4606 2308 4680">
    <p class='ocr_par' dir='ltr' id='par_1_75' title="bbox 754 4606 2308 4680">
     <span class='ocr_line' id='line_1_75' title="bbox 754 4606 2308 4680; baseline 0.002 -16"><span class='ocrx_word' id='word_1_497' title='bbox 754 4612 1137 4680; x_wconf 79' lang='lat' dir='ltr'><strong>Mesopotamia</strong></span> <span class='ocrx_word' id='word_1_498' title='bbox 1168 4613 1387 4665; x_wconf 90' lang='lat' dir='ltr'><strong>dicitur.</strong></span> <span class='ocrx_word' id='word_1_499' title='bbox 1430 4629 1450 4664; x_wconf 76' lang='grc' dir='ltr'>ι</span> <span class='ocrx_word' id='word_1_500' title='bbox 1491 4606 1622 4675; x_wconf 64' lang='lat' dir='ltr'><strong>Qum</strong></span> <span class='ocrx_word' id='word_1_501' title='bbox 1647 4606 1891 4678; x_wconf 74' lang='lat' dir='ltr'><strong>profectu</strong></span> <span class='ocrx_word' id='word_1_502' title='bbox 1922 4630 2027 4667; x_wconf 86' lang='lat' dir='ltr'><strong>non</strong></span> <span class='ocrx_word' id='word_1_503' title='bbox 2064 4614 2308 4668; x_wconf 83' lang='lat' dir='ltr'><strong>videntur</strong></span> 
     </span>
    </p>
   </div>
   <div class='ocr_carea' id='block_1_76' title="bbox 2419 4606 3079 4680">
    <p class='ocr_par' dir='ltr' id='par_1_76' title="bbox 2423 4606 3079 4677">
     <span class='ocr_line' id='line_1_76' title="bbox 2423 4606 3079 4677; baseline 0.003 -19"><span class='ocrx_word' id='word_1_504' title='bbox 2423 4606 2669 4672; x_wconf 68' lang='grc' dir='ltr'>ἀλλήλων</span> <span class='ocrx_word' id='word_1_505' title='bbox 2714 4610 2964 4669; x_wconf 48' lang='lat' dir='ltr'><strong>animo;</strong></span> <span class='ocrx_word' id='word_1_506' title='bbox 2995 4611 3079 4677; x_wconf 47' lang='grc' dir='ltr'><strong>βψ</strong></span> 
     </span>
    </p>
   </div>
   <div class='ocr_carea' id='block_1_77' title="bbox 752 4682 2308 4753">
    <p class='ocr_par' dir='ltr' id='par_1_77' title="bbox 752 4682 2308 4753">
     <span class='ocr_line' id='line_1_77' title="bbox 752 4682 2308 4753; baseline 0.001 -17"><span class='ocrx_word' id='word_1_507' title='bbox 752 4694 965 4751; x_wconf 85' lang='lat' dir='ltr'><strong>sumpta</strong></span> <span class='ocrx_word' id='word_1_508' title='bbox 1009 4682 1077 4735; x_wconf 90' lang='lat' dir='ltr'><strong>ab</strong></span> <span class='ocrx_word' id='word_1_509' title='bbox 1124 4682 1231 4735; x_wconf 90' lang='lat' dir='ltr'><strong>isto</strong></span> <span class='ocrx_word' id='word_1_510' title='bbox 1294 4684 1548 4753; x_wconf 75' lang='lat' dir='ltr'><strong>prrcsenti</strong></span> <span class='ocrx_word' id='word_1_511' title='bbox 1606 4682 1919 4753; x_wconf 80' lang='lat' dir='ltr'><strong>Hieronymi</strong></span> <span class='ocrx_word' id='word_1_512' title='bbox 1976 4686 2096 4737; x_wconf 90' lang='lat' dir='ltr'><strong>loco</strong></span> <span class='ocrx_word' id='word_1_513' title='bbox 2138 4700 2152 4736; x_wconf 91' lang='lat'><strong>:</strong></span> <span class='ocrx_word' id='word_1_514' title='bbox 2189 4702 2308 4737; x_wconf 86' lang='lat' dir='ltr'><strong>cum</strong></span> 
     </span>
    </p>
   </div>
   <div class='ocr_carea' id='block_1_78' title="bbox 756 4753 2313 4823">
    <p class='ocr_par' dir='ltr' id='par_1_78' title="bbox 756 4753 2313 4823">
     <span class='ocr_line' id='line_1_78' title="bbox 756 4753 2313 4823; baseline 0.001 -18"><span class='ocrx_word' id='word_1_515' title='bbox 756 4755 923 4806; x_wconf 88' lang='lat' dir='ltr'><strong>multa</strong></span> <span class='ocrx_word' id='word_1_516' title='bbox 978 4754 1087 4805; x_wconf 91' lang='lat' dir='ltr'><strong>sint</strong></span> <span class='ocrx_word' id='word_1_517' title='bbox 1146 4753 1533 4823; x_wconf 67' lang='lat' dir='ltr'><strong>disert-panda,</strong></span> <span class='ocrx_word' id='word_1_518' title='bbox 1602 4763 1657 4807; x_wconf 91' lang='lat' dir='ltr'><strong>et</strong></span> <span class='ocrx_word' id='word_1_519' title='bbox 1731 4755 1883 4823; x_wconf 86' lang='lat' dir='ltr'><strong>plura</strong></span> <span class='ocrx_word' id='word_1_520' title='bbox 1938 4756 2206 4809; x_wconf 87' lang='lat' dir='ltr'><strong>addantur</strong></span> <span class='ocrx_word' id='word_1_521' title='bbox 2259 4756 2313 4808; x_wconf 91' lang='lat' dir='ltr'><strong>in</strong></span> 
     </span>
    </p>
   </div>
   <div class='ocr_carea' id='block_1_79' title="bbox 755 4822 2313 4893">
    <p class='ocr_par' dir='ltr' id='par_1_79' title="bbox 755 4822 2313 4893">
     <span class='ocr_line' id='line_1_79' title="bbox 755 4822 2313 4893; baseline 0.001 -18"><span class='ocrx_word' id='word_1_522' title='bbox 755 4823 1095 4893; x_wconf 80' lang='lat' dir='ltr'><strong>Fragmeuto.</strong></span> <span class='ocrx_word' id='word_1_523' title='bbox 1144 4822 1217 4877; x_wconf 86' lang='lat' dir='ltr'><strong>De</strong></span> <span class='ocrx_word' id='word_1_524' title='bbox 1271 4824 1548 4890; x_wconf 85' lang='lat' dir='ltr'><strong>Euphrate</strong></span> <span class='ocrx_word' id='word_1_525' title='bbox 1598 4822 1743 4877; x_wconf 70' lang='lat' dir='ltr'><strong>vero</strong></span> <span class='ocrx_word' id='word_1_526' title='bbox 1782 4826 1923 4892; x_wconf 86' lang='lat' dir='ltr'><strong>apud</strong></span> <span class='ocrx_word' id='word_1_527' title='bbox 1992 4825 2313 4878; x_wconf 83' lang='lat' dir='ltr'><strong>Sallustium</strong></span> 
     </span>
    </p>
   </div>
   <div class='ocr_carea' id='block_1_80' title="bbox 755 4892 2313 4962">
    <p class='ocr_par' dir='ltr' id='par_1_80' title="bbox 755 4892 2313 4962">
     <span class='ocr_line' id='line_1_80' title="bbox 755 4892 2313 4962; baseline 0.001 -17"><span class='ocrx_word' id='word_1_528' title='bbox 755 4892 1236 4946; x_wconf 80' lang='lat' dir='ltr'><strong>Iih.flistoriarum</strong></span> <span class='ocrx_word' id='word_1_529' title='bbox 1293 4909 1342 4946; x_wconf 94' lang='lat' dir='ltr'><strong>tv</strong></span> <span class='ocrx_word' id='word_1_530' title='bbox 1398 4896 1499 4946; x_wconf 92' lang='lat' dir='ltr'><strong>hoc</strong></span> <span class='ocrx_word' id='word_1_531' title='bbox 1543 4895 1706 4948; x_wconf 86' lang='lat' dir='ltr'><strong>etiam</strong></span> <span class='ocrx_word' id='word_1_532' title='bbox 1730 4898 1994 4962; x_wconf 81' lang='lat' dir='ltr'><strong>scriptum</strong></span> <span class='ocrx_word' id='word_1_533' title='bbox 2034 4897 2263 4961; x_wconf 82' lang='lat' dir='ltr'><strong>legimus</strong></span> <span class='ocrx_word' id='word_1_534' title='bbox 2301 4913 2313 4947; x_wconf 91' lang='lat'>:</span> 
     </span>
    </p>
   </div>
   <div class='ocr_carea' id='block_1_81' title="bbox 759 4964 2319 5033">
    <p class='ocr_par' dir='ltr' id='par_1_81' title="bbox 759 4964 2319 5033">
     <span class='ocr_line' id='line_1_81' title="bbox 759 4964 2319 5033; baseline 0.003 -18"><span class='ocrx_word' id='word_1_535' title='bbox 759 4982 778 5015; x_wconf 76' lang='grc' dir='ltr'>ι</span> <span class='ocrx_word' id='word_1_536' title='bbox 811 4966 981 5029; x_wconf 87' lang='lat' dir='ltr'><strong>Quam</strong></span> <span class='ocrx_word' id='word_1_537' title='bbox 1009 4964 1255 5018; x_wconf 73' lang='lat' dir='ltr'><strong>maximis</strong></span> <span class='ocrx_word' id='word_1_538' title='bbox 1287 4965 1570 5018; x_wconf 86' lang='lat' dir='ltr'><strong>itincribus</strong></span> <span class='ocrx_word' id='word_1_539' title='bbox 1607 4980 1702 5033; x_wconf 58' lang='lat' dir='ltr'><strong>per</strong></span> <span class='ocrx_word' id='word_1_540' title='bbox 1734 4981 1958 5033; x_wconf 74' lang='lat' dir='ltr'><strong>regnum</strong></span> <span class='ocrx_word' id='word_1_541' title='bbox 1990 4965 2319 5019; x_wconf 66' lang='lat' dir='ltr'><strong>Ariobarza-</strong></span> 
     </span>
    </p>
   </div>
   <div class='ocr_carea' id='block_1_82' title="bbox 756 5034 2317 5102">
    <p class='ocr_par' dir='ltr' id='par_1_82' title="bbox 756 5034 2317 5102">
     <span class='ocr_line' id='line_1_82' title="bbox 756 5034 2317 5102; baseline 0.002 -16"><span class='ocrx_word' id='word_1_542' title='bbox 756 5036 841 5089; x_wconf 87' lang='lat' dir='ltr'><strong>nis</strong></span> <span class='ocrx_word' id='word_1_543' title='bbox 912 5034 1191 5086; x_wconf 73' lang='lat' dir='ltr'><strong>(’OlllClltiil</strong></span> <span class='ocrx_word' id='word_1_544' title='bbox 1246 5036 1310 5087; x_wconf 90' lang='lat' dir='ltr'><strong>ad</strong></span> <span class='ocrx_word' id='word_1_545' title='bbox 1372 5035 1572 5088; x_wconf 85' lang='lat' dir='ltr'><strong>flumen</strong></span> <span class='ocrx_word' id='word_1_546' title='bbox 1669 5034 2045 5101; x_wconf 79' lang='lat' dir='ltr'><strong>Euphratem:</strong></span> <span class='ocrx_word' id='word_1_547' title='bbox 2105 5051 2205 5102; x_wconf 84' lang='lat' dir='ltr'><strong>qua</strong></span> <span class='ocrx_word' id='word_1_548' title='bbox 2265 5039 2317 5089; x_wconf 91' lang='lat' dir='ltr'><strong>in</strong></span> 
     </span>
    </p>
   </div>
   <div class='ocr_carea' id='block_1_83' title="bbox 757 5105 2315 5177">
    <p class='ocr_par' dir='ltr' id='par_1_83' title="bbox 757 5105 2315 5177">
     <span class='ocr_line' id='line_1_83' title="bbox 757 5105 2315 5177; baseline 0.003 -22"><span class='ocrx_word' id='word_1_549' title='bbox 757 5114 905 5177; x_wconf 80' lang='lat' dir='ltr'><strong>parte</strong></span> <span class='ocrx_word' id='word_1_550' title='bbox 929 5106 1271 5172; x_wconf 80' lang='lat' dir='ltr'><strong>Cappadocia</strong></span> <span class='ocrx_word' id='word_1_551' title='bbox 1302 5106 1367 5161; x_wconf 80' lang='lat' dir='ltr'><strong>ab</strong></span> <span class='ocrx_word' id='word_1_552' title='bbox 1415 5105 1668 5158; x_wconf 80' lang='lat' dir='ltr'><strong>Armenia</strong></span> <span class='ocrx_word' id='word_1_553' title='bbox 1726 5107 2081 5177; x_wconf 77' lang='lat' dir='ltr'><strong>disjuugitur,</strong></span> <span class='ocrx_word' id='word_1_554' title='bbox 2127 5125 2144 5155; x_wconf 71' lang='grc' dir='ltr'><strong><em>ι</em></strong></span> <span class='ocrx_word' id='word_1_555' title='bbox 2208 5117 2315 5159; x_wconf 83' lang='lat' dir='ltr'><strong>etc.</strong></span> 
     </span>
    </p>
   </div>
   <div class='ocr_carea' id='block_1_84' title="bbox 753 5174 1017 5227">
    <p class='ocr_par' dir='ltr' id='par_1_84' title="bbox 753 5174 1017 5227">
     <span class='ocr_line' id='line_1_84' title="bbox 753 5174 1017 5227; baseline 0.008 -2"><span class='ocrx_word' id='word_1_556' title='bbox 753 5174 1017 5227; x_wconf 54' lang='lat' dir='ltr'><strong>summa.</strong></span> 
     </span>
    </p>
   </div>
   <div class='ocr_carea' id='block_1_85' title="bbox 814 5244 2318 5315">
    <p class='ocr_par' dir='ltr' id='par_1_85' title="bbox 814 5244 2318 5315">
     <span class='ocr_line' id='line_1_85' title="bbox 814 5244 2318 5315; baseline 0.002 -19"><span class='ocrx_word' id='word_1_557' title='bbox 814 5275 885 5282; x_wconf 96' lang='lat'><strong>—</strong></span> <span class='ocrx_word' id='word_1_558' title='bbox 920 5247 1093 5299; x_wconf 85' lang='lat' dir='ltr'><strong>Aliter</strong></span> <span class='ocrx_word' id='word_1_559' title='bbox 1155 5246 1207 5298; x_wconf 89' lang='lat' dir='ltr'><strong>itt</strong></span> <span class='ocrx_word' id='word_1_560' title='bbox 1253 5244 1494 5297; x_wconf 84' lang='lat' dir='ltr'><strong>Sallustii</strong></span> <span class='ocrx_word' id='word_1_561' title='bbox 1558 5244 1877 5315; x_wconf 83' lang='lat' dir='ltr'><strong>fragmentis</strong></span> <span class='ocrx_word' id='word_1_562' title='bbox 1920 5247 2007 5299; x_wconf 88' lang='lat' dir='ltr'><strong>hic</strong></span> <span class='ocrx_word' id='word_1_563' title='bbox 2054 5245 2206 5301; x_wconf 86' lang='lat' dir='ltr'><strong>locus</strong></span> <span class='ocrx_word' id='word_1_564' title='bbox 2265 5248 2318 5299; x_wconf 88' lang='lat' dir='ltr'><strong>in</strong></span> 
     </span>
    </p>
   </div>
   <div class='ocr_carea' id='block_1_86' title="bbox 756 5315 2320 5385">
    <p class='ocr_par' dir='ltr' id='par_1_86' title="bbox 756 5315 2320 5385">
     <span class='ocr_line' id='line_1_86' title="bbox 756 5315 2320 5385; baseline 0.004 -20"><span class='ocrx_word' id='word_1_565' title='bbox 756 5316 998 5382; x_wconf 81' lang='lat' dir='ltr'><strong>antiquis</strong></span> <span class='ocrx_word' id='word_1_566' title='bbox 1018 5315 1355 5368; x_wconf 87' lang='lat' dir='ltr'><strong>editiouibus</strong></span> <span class='ocrx_word' id='word_1_567' title='bbox 1403 5315 1632 5385; x_wconf 62' lang='lat' dir='ltr'><strong>legitur;</strong></span> <span class='ocrx_word' id='word_1_568' title='bbox 1672 5319 1761 5381; x_wconf 73' lang='lat' dir='ltr'><strong>qui</strong></span> <span class='ocrx_word' id='word_1_569' title='bbox 1790 5318 1938 5369; x_wconf 90' lang='lat' dir='ltr'><strong>enim</strong></span> <span class='ocrx_word' id='word_1_570' title='bbox 1974 5332 2034 5368; x_wconf 89' lang='lat' dir='ltr'><strong>ea</strong></span> <span class='ocrx_word' id='word_1_571' title='bbox 2077 5319 2320 5385; x_wconf 89' lang='lat' dir='ltr'><strong>primum</strong></span> 
     </span>
    </p>
   </div>
   <div class='ocr_carea' id='block_1_87' title="bbox 757 5375 2323 5453">
    <p class='ocr_par' dir='ltr' id='par_1_87' title="bbox 757 5375 2323 5453">
     <span class='ocr_line' id='line_1_87' title="bbox 757 5375 2323 5453; baseline 0.003 -16"><span class='ocrx_word' id='word_1_572' title='bbox 757 5375 1099 5451; x_wconf 62' lang='lat' dir='ltr'><strong>colligerunt.</strong></span> <span class='ocrx_word' id='word_1_573' title='bbox 1137 5402 1200 5439; x_wconf 81' lang='lat' dir='ltr'><strong>ex</strong></span> <span class='ocrx_word' id='word_1_574' title='bbox 1231 5386 1438 5438; x_wconf 78' lang='lat' dir='ltr'><strong>Isidoro</strong></span> <span class='ocrx_word' id='word_1_575' title='bbox 1472 5375 1627 5452; x_wconf 76' lang='lat' dir='ltr'><strong>llisp.</strong></span> <span class='ocrx_word' id='word_1_576' title='bbox 1673 5375 1766 5439; x_wconf 83' lang='lat' dir='ltr'><strong>lib.</strong></span> <span class='ocrx_word' id='word_1_577' title='bbox 1796 5404 1912 5449; x_wconf 68' lang='lat' dir='ltr'><strong>stu,</strong></span> <span class='ocrx_word' id='word_1_578' title='bbox 1944 5403 1992 5441; x_wconf 89' lang='lat' dir='ltr'><strong>c.</strong></span> <span class='ocrx_word' id='word_1_579' title='bbox 2054 5375 2144 5453; x_wconf 51' lang='lat'><strong>2&#39;2,</strong></span> <span class='ocrx_word' id='word_1_580' title='bbox 2180 5404 2323 5441; x_wconf 85' lang='lat' dir='ltr'><strong>sum-</strong></span> 
     </span>
    </p>
   </div>
   <div class='ocr_carea' id='block_1_88' title="bbox 759 5456 2324 5527">
    <p class='ocr_par' dir='ltr' id='par_1_88' title="bbox 759 5456 2324 5527">
     <span class='ocr_line' id='line_1_88' title="bbox 759 5456 2324 5527; baseline 0.001 -18"><span class='ocrx_word' id='word_1_581' title='bbox 759 5471 937 5522; x_wconf 75' lang='lat' dir='ltr'><strong>psere,</strong></span> <span class='ocrx_word' id='word_1_582' title='bbox 970 5465 1027 5509; x_wconf 88' lang='lat' dir='ltr'><strong>ut</strong></span> <span class='ocrx_word' id='word_1_583' title='bbox 1053 5457 1208 5527; x_wconf 83' lang='lat' dir='ltr'><strong>nobis</strong></span> <span class='ocrx_word' id='word_1_584' title='bbox 1241 5456 1480 5520; x_wconf 85' lang='lat' dir='ltr'><strong>videtur,</strong></span> <span class='ocrx_word' id='word_1_585' title='bbox 1521 5472 1625 5509; x_wconf 83' lang='lat' dir='ltr'><strong>non</strong></span> <span class='ocrx_word' id='word_1_586' title='bbox 1654 5473 1717 5509; x_wconf 77' lang='lat' dir='ltr'><strong>ex</strong></span> <span class='ocrx_word' id='word_1_587' title='bbox 1765 5457 2114 5527; x_wconf 77' lang='lat' dir='ltr'><strong>llieto.tytuo,</strong></span> <span class='ocrx_word' id='word_1_588' title='bbox 2180 5461 2324 5511; x_wconf 84' lang='lat' dir='ltr'><strong>unde</strong></span> 
     </span>
    </p>
   </div>
   <div class='ocr_carea' id='block_1_89' title="bbox 758 5526 2319 5593">
    <p class='ocr_par' dir='ltr' id='par_1_89' title="bbox 758 5526 2319 5593">
     <span class='ocr_line' id='line_1_89' title="bbox 758 5526 2319 5593; baseline 0.002 -15"><span class='ocrx_word' id='word_1_589' title='bbox 758 5531 931 5593; x_wconf 83' lang='lat' dir='ltr'><strong>ipsum</strong></span> <span class='ocrx_word' id='word_1_590' title='bbox 964 5538 1143 5579; x_wconf 83' lang='lat' dir='ltr'><strong>tamen</strong></span> <span class='ocrx_word' id='word_1_591' title='bbox 1178 5526 1441 5580; x_wconf 79' lang='lat' dir='ltr'><strong>lsidmuut</strong></span> <span class='ocrx_word' id='word_1_592' title='bbox 1499 5528 1745 5581; x_wconf 64' lang='lat' dir='ltr'><strong>hausisse</strong></span> <span class='ocrx_word' id='word_1_593' title='bbox 1788 5526 2142 5581; x_wconf 64' lang='lat' dir='ltr'><strong>manifestum</strong></span> <span class='ocrx_word' id='word_1_594' title='bbox 2195 5541 2319 5581; x_wconf 83' lang='lat' dir='ltr'><strong>est:</strong></span> 
     </span>
    </p>
   </div>
   <div class='ocr_carea' id='block_1_90' title="bbox 762 5598 2324 5658">
    <p class='ocr_par' dir='ltr' id='par_1_90' title="bbox 762 5598 2324 5658">
     <span class='ocr_line' id='line_1_90' title="bbox 762 5598 2324 5658; baseline 0.001 -10"><span class='ocrx_word' id='word_1_595' title='bbox 762 5616 779 5648; x_wconf 82' lang='lat' dir='ltr'><strong>s</strong></span> <span class='ocrx_word' id='word_1_596' title='bbox 814 5598 1100 5649; x_wconf 88' lang='lat' dir='ltr'><strong>Sallustius</strong></span> <span class='ocrx_word' id='word_1_597' title='bbox 1136 5608 1314 5649; x_wconf 76' lang='lat' dir='ltr'><strong>autem</strong></span> <span class='ocrx_word' id='word_1_598' title='bbox 1366 5608 1557 5652; x_wconf 87' lang='lat' dir='ltr'><strong>auctor</strong></span> <span class='ocrx_word' id='word_1_599' title='bbox 1606 5600 1944 5651; x_wconf 88' lang='lat' dir='ltr'><strong>certissimus</strong></span> <span class='ocrx_word' id='word_1_600' title='bbox 1985 5600 2197 5658; x_wconf 55' lang='lat' dir='ltr'><strong>asserit,</strong></span> <span class='ocrx_word' id='word_1_601' title='bbox 2232 5598 2324 5650; x_wconf 89' lang='lat' dir='ltr'><strong>Ti-</strong></span> 
     </span>
    </p>
   </div>
   <div class='ocr_carea' id='block_1_91' title="bbox 762 5666 2319 5737">
    <p class='ocr_par' dir='ltr' id='par_1_91' title="bbox 762 5666 2319 5737">
     <span class='ocr_line' id='line_1_91' title="bbox 762 5666 2319 5737; baseline 0 -19"><span class='ocrx_word' id='word_1_602' title='bbox 762 5668 897 5737; x_wconf 69' lang='lat' dir='ltr'><strong>grim</strong></span> <span class='ocrx_word' id='word_1_603' title='bbox 927 5679 982 5721; x_wconf 88' lang='lat' dir='ltr'><strong>et</strong></span> <span class='ocrx_word' id='word_1_604' title='bbox 1014 5666 1341 5729; x_wconf 75' lang='lat' dir='ltr'><strong>Euphratem</strong></span> <span class='ocrx_word' id='word_1_605' title='bbox 1379 5685 1484 5721; x_wconf 89' lang='lat' dir='ltr'><strong>uno</strong></span> <span class='ocrx_word' id='word_1_606' title='bbox 1514 5668 1663 5720; x_wconf 86' lang='lat' dir='ltr'><strong>fonte</strong></span> <span class='ocrx_word' id='word_1_607' title='bbox 1697 5686 1915 5722; x_wconf 83' lang='lat' dir='ltr'><strong>manare</strong></span> <span class='ocrx_word' id='word_1_608' title='bbox 1943 5674 1991 5721; x_wconf 85' lang='lat' dir='ltr'><strong>in</strong></span> <span class='ocrx_word' id='word_1_609' title='bbox 2038 5671 2319 5731; x_wconf 80' lang='lat' dir='ltr'><strong>Armenia,</strong></span> 
     </span>
    </p>
   </div>
   <div class='ocr_carea' id='block_1_92' title="bbox 758 5737 2322 5805">
    <p class='ocr_par' dir='ltr' id='par_1_92' title="bbox 758 5737 2322 5805">
     <span class='ocr_line' id='line_1_92' title="bbox 758 5737 2322 5805; baseline 0.004 -19"><span class='ocrx_word' id='word_1_610' title='bbox 758 5740 846 5805; x_wconf 70' lang='lat' dir='ltr'><strong>qui</strong></span> <span class='ocrx_word' id='word_1_611' title='bbox 893 5752 986 5805; x_wconf 63' lang='lat' dir='ltr'><strong>per</strong></span> <span class='ocrx_word' id='word_1_612' title='bbox 1035 5737 1246 5789; x_wconf 68' lang='lat' dir='ltr'><strong>diversa</strong></span> <span class='ocrx_word' id='word_1_613' title='bbox 1296 5748 1487 5791; x_wconf 82' lang='lat' dir='ltr'><strong>euntes</strong></span> <span class='ocrx_word' id='word_1_614' title='bbox 1513 5738 1721 5804; x_wconf 71' lang='lat' dir='ltr'><strong>longius</strong></span> <span class='ocrx_word' id='word_1_615' title='bbox 1775 5741 2113 5798; x_wconf 85' lang='lat' dir='ltr'><strong>divuluutur,</strong></span> <span class='ocrx_word' id='word_1_616' title='bbox 2148 5760 2163 5790; x_wconf 71' lang='grc' dir='ltr'><strong><em>ι</em></strong></span> <span class='ocrx_word' id='word_1_617' title='bbox 2216 5750 2322 5792; x_wconf 86' lang='lat' dir='ltr'><strong>etc.</strong></span> 
     </span>
    </p>
   </div>
   <div class='ocr_carea' id='block_1_93' title="bbox 761 5807 2326 5878">
    <p class='ocr_par' dir='ltr' id='par_1_93' title="bbox 761 5807 2326 5878">
     <span class='ocr_line' id='line_1_93' title="bbox 761 5807 2326 5878; baseline 0.003 -19"><span class='ocrx_word' id='word_1_618' title='bbox 761 5809 1128 5871; x_wconf 66' lang='lat' dir='ltr'><strong>Suht‘ltturqne</strong></span> <span class='ocrx_word' id='word_1_619' title='bbox 1173 5824 1186 5859; x_wconf 91' lang='lat'><strong>:</strong></span> <span class='ocrx_word' id='word_1_620' title='bbox 1226 5828 1241 5857; x_wconf 75' lang='grc' dir='ltr'>ι</span> <span class='ocrx_word' id='word_1_621' title='bbox 1284 5807 1357 5859; x_wconf 78' lang='lat' dir='ltr'><strong>Ex</strong></span> <span class='ocrx_word' id='word_1_622' title='bbox 1402 5825 1507 5874; x_wconf 80' lang='lat' dir='ltr'><strong>quo</strong></span> <span class='ocrx_word' id='word_1_623' title='bbox 1540 5807 1899 5878; x_wconf 77' lang='lat' dir='ltr'><strong>lliemuyutus</strong></span> <span class='ocrx_word' id='word_1_624' title='bbox 1938 5811 2326 5864; x_wconf 82' lang='lat' dir='ltr'><strong>animadvertit</strong></span> 
     </span>
    </p>
   </div>
   <div class='ocr_carea' id='block_1_94' title="bbox 761 5878 2323 5949">
    <p class='ocr_par' dir='ltr' id='par_1_94' title="bbox 761 5878 2323 5949">
     <span class='ocr_line' id='line_1_94' title="bbox 761 5878 2323 5949; baseline 0.004 -21"><span class='ocrx_word' id='word_1_625' title='bbox 761 5880 917 5930; x_wconf 74' lang='lat' dir='ltr'><strong>aliter</strong></span> <span class='ocrx_word' id='word_1_626' title='bbox 944 5894 1005 5932; x_wconf 69' lang='lat' dir='ltr'><strong>de</strong></span> <span class='ocrx_word' id='word_1_627' title='bbox 1034 5880 1266 5946; x_wconf 81' lang='lat' dir='ltr'><strong>paradisi</strong></span> <span class='ocrx_word' id='word_1_628' title='bbox 1306 5878 1622 5935; x_wconf 82' lang='lat' dir='ltr'><strong>llu.uinibus</strong></span> <span class='ocrx_word' id='word_1_629' title='bbox 1666 5880 2093 5949; x_wconf 80' lang='lat' dir='ltr'><strong>intelligendum.</strong></span> <span class='ocrx_word' id='word_1_630' title='bbox 2129 5900 2146 5933; x_wconf 75' lang='grc' dir='ltr'><strong><em>ι</em></strong></span> <span class='ocrx_word' id='word_1_631' title='bbox 2191 5879 2323 5935; x_wconf 80' lang='lat' dir='ltr'><strong>Fru-</strong></span> 
     </span>
    </p>
   </div>
   <div class='ocr_carea' id='block_1_95' title="bbox 2420 3383 2984 3448">
    <p class='ocr_par' dir='ltr' id='par_1_95' title="bbox 2420 3383 2984 3448">
     <span class='ocr_line' id='line_1_95' title="bbox 2420 3383 2984 3448; baseline 0.018 -11"><span class='ocrx_word' id='word_1_632' title='bbox 2420 3383 2487 3438; x_wconf 91' lang='lat' dir='ltr'><strong>ab</strong></span> <span class='ocrx_word' id='word_1_633' title='bbox 2520 3385 2661 3442; x_wconf 59' lang='lat' dir='ltr'><strong>Elia</strong></span> <span class='ocrx_word' id='word_1_634' title='bbox 2696 3390 2984 3448; x_wconf 74' lang='lat' dir='ltr'><strong>milliario.</strong></span> 
     </span>
    </p>
   </div>
   <div class='ocr_carea' id='block_1_96' title="bbox 2482 3482 3114 3550">
    <p class='ocr_par' dir='ltr' id='par_1_96' title="bbox 2482 3482 3114 3550">
     <span class='ocr_line' id='line_1_96' title="bbox 2482 3482 3114 3550; baseline 0.013 -15"><span class='ocrx_word' id='word_1_635' title='bbox 2482 3482 2648 3550; x_wconf 85' lang='lat' dir='ltr'><strong>Edre,</strong></span> <span class='ocrx_word' id='word_1_636' title='bbox 2685 3485 2738 3539; x_wconf 91' lang='lat' dir='ltr'><strong>in</strong></span> <span class='ocrx_word' id='word_1_637' title='bbox 2776 3487 2916 3541; x_wconf 91' lang='lat' dir='ltr'><strong>tribu</strong></span> <span class='ocrx_word' id='word_1_638' title='bbox 2954 3486 3114 3543; x_wconf 82' lang='lat' dir='ltr'><strong>Juda.</strong></span> 
     </span>
    </p>
   </div>
   <div class='ocr_carea' id='block_1_97' title="bbox 2492 3573 3225 3643">
    <p class='ocr_par' dir='ltr' id='par_1_97' title="bbox 2492 3573 3225 3643">
     <span class='ocr_line' id='line_1_97' title="bbox 2492 3573 3225 3643; baseline 0.02 -17"><span class='ocrx_word' id='word_1_639' title='bbox 2492 3573 2752 3643; x_wconf 80' lang='lat' dir='ltr'><strong>Etltnatn,</strong></span> <span class='ocrx_word' id='word_1_640' title='bbox 2790 3581 2841 3633; x_wconf 88' lang='lat' dir='ltr'><strong>itt</strong></span> <span class='ocrx_word' id='word_1_641' title='bbox 2881 3584 3027 3636; x_wconf 85' lang='lat' dir='ltr'><strong>tribu</strong></span> <span class='ocrx_word' id='word_1_642' title='bbox 3059 3583 3225 3641; x_wconf 82' lang='lat' dir='ltr'><strong>.luda.</strong></span> 
     </span>
    </p>
   </div>
   <div class='ocr_carea' id='block_1_98' title="bbox 2482 3668 3287 3734">
    <p class='ocr_par' dir='ltr' id='par_1_98' title="bbox 2482 3668 3287 3734">
     <span class='ocr_line' id='line_1_98' title="bbox 2482 3668 3287 3734; baseline 0.015 -12"><span class='ocrx_word' id='word_1_643' title='bbox 2482 3668 2823 3732; x_wconf 76' lang='lat' dir='ltr'><strong>Eheziuthia.</strong></span> <span class='ocrx_word' id='word_1_644' title='bbox 2854 3675 2907 3728; x_wconf 93' lang='lat' dir='ltr'><strong>in</strong></span> <span class='ocrx_word' id='word_1_645' title='bbox 2944 3677 3087 3731; x_wconf 88' lang='lat' dir='ltr'><strong>trihtt</strong></span> <span class='ocrx_word' id='word_1_646' title='bbox 3119 3677 3287 3734; x_wconf 80' lang='lat' dir='ltr'><strong>Juda.</strong></span> 
     </span>
    </p>
   </div>
   <div class='ocr_carea' id='block_1_99' title="bbox 2488 3763 3121 3830">
    <p class='ocr_par' dir='ltr' id='par_1_99' title="bbox 2488 3763 3121 3830">
     <span class='ocr_line' id='line_1_99' title="bbox 2488 3763 3121 3830; baseline 0.011 -12"><span class='ocrx_word' id='word_1_647' title='bbox 2488 3763 2667 3830; x_wconf 78' lang='lat' dir='ltr'><strong>Evitn,</strong></span> <span class='ocrx_word' id='word_1_648' title='bbox 2699 3766 2751 3819; x_wconf 92' lang='lat' dir='ltr'><strong>in</strong></span> <span class='ocrx_word' id='word_1_649' title='bbox 2783 3769 2926 3823; x_wconf 85' lang='lat' dir='ltr'><strong>tribu</strong></span> <span class='ocrx_word' id='word_1_650' title='bbox 2959 3768 3121 3828; x_wconf 81' lang='lat' dir='ltr'><strong>.luda.</strong></span> 
     </span>
    </p>
   </div>
   <div class='ocr_carea' id='block_1_100' title="bbox 2504 3856 3186 3925">
    <p class='ocr_par' dir='ltr' id='par_1_100' title="bbox 2504 3856 3186 3925">
     <span class='ocr_line' id='line_1_100' title="bbox 2504 3856 3186 3925; baseline 0.015 -14"><span class='ocrx_word' id='word_1_651' title='bbox 2504 3856 2742 3925; x_wconf 76' lang='lat' dir='ltr'><strong>Elolath,</strong></span> <span class='ocrx_word' id='word_1_652' title='bbox 2772 3859 2826 3913; x_wconf 90' lang='lat' dir='ltr'><strong>itt</strong></span> <span class='ocrx_word' id='word_1_653' title='bbox 2861 3862 3002 3917; x_wconf 89' lang='lat' dir='ltr'><strong>tribu</strong></span> <span class='ocrx_word' id='word_1_654' title='bbox 3029 3862 3186 3921; x_wconf 83' lang='lat' dir='ltr'><strong>Juda.</strong></span> 
     </span>
    </p>
   </div>
   <div class='ocr_carea' id='block_1_101' title="bbox 2425 4041 4007 4123">
    <p class='ocr_par' dir='ltr' id='par_1_101' title="bbox 2425 4041 4007 4123">
     <span class='ocr_line' id='line_1_101' title="bbox 2425 4041 4007 4123; baseline 0.013 -31"><span class='ocrx_word' id='word_1_655' title='bbox 2425 4051 2533 4096; x_wconf 91' lang='lat' dir='ltr'><strong>stra</strong></span> <span class='ocrx_word' id='word_1_656' title='bbox 2562 4041 2725 4112; x_wconf 88' lang='lat' dir='ltr'><strong>igitur</strong></span> <span class='ocrx_word' id='word_1_657' title='bbox 2768 4043 2881 4123; x_wconf 74' lang='lat' dir='ltr'><strong>hmo</strong></span> <span class='ocrx_word' id='word_1_658' title='bbox 2937 4047 3077 4123; x_wconf 77' lang='lat' dir='ltr'><strong>apud</strong></span> <span class='ocrx_word' id='word_1_659' title='bbox 3126 4047 3447 4104; x_wconf 88' lang='lat' dir='ltr'><strong>Sallustium</strong></span> <span class='ocrx_word' id='word_1_660' title='bbox 3511 4066 3860 4122; x_wconf 61' lang='lat' dir='ltr'><strong>quaeruntur.</strong></span> <span class='ocrx_word' id='word_1_661' title='bbox 3917 4072 4007 4114; x_wconf 88' lang='lat' dir='ltr'><strong>aut</strong></span> 
     </span>
    </p>
   </div>
   <div class='ocr_carea' id='block_1_102' title="bbox 2426 4117 4007 4184">
    <p class='ocr_par' dir='ltr' id='par_1_102' title="bbox 2426 4117 4007 4184">
     <span class='ocr_line' id='line_1_102' title="bbox 2426 4117 4007 4184; baseline 0.012 -20"><span class='ocrx_word' id='word_1_662' title='bbox 2426 4124 2608 4166; x_wconf 81' lang='lat' dir='ltr'><strong>textus</strong></span> <span class='ocrx_word' id='word_1_663' title='bbox 2676 4117 2967 4181; x_wconf 69' lang='lat' dir='ltr'><strong>utriusque</strong></span> <span class='ocrx_word' id='word_1_664' title='bbox 3010 4117 3437 4184; x_wconf 27' lang='lat' dir='ltr'><strong>discrepantiam</strong></span> <span class='ocrx_word' id='word_1_665' title='bbox 3490 4117 3751 4178; x_wconf 71' lang='lat' dir='ltr'><strong>causatur</strong></span> <span class='ocrx_word' id='word_1_666' title='bbox 3794 4128 4007 4183; x_wconf 35' lang='lat' dir='ltr'><strong>)lartla-</strong></span> 
     </span>
    </p>
   </div>
   <div class='ocr_carea' id='block_1_103' title="bbox 2423 4188 4005 4254">
    <p class='ocr_par' dir='ltr' id='par_1_103' title="bbox 2423 4188 4005 4254">
     <span class='ocr_line' id='line_1_103' title="bbox 2423 4188 4005 4254; baseline 0.011 -18"><span class='ocrx_word' id='word_1_667' title='bbox 2423 4199 2605 4247; x_wconf 73' lang='lat' dir='ltr'><strong>meus;</strong></span> <span class='ocrx_word' id='word_1_668' title='bbox 2646 4200 2754 4237; x_wconf 90' lang='lat' dir='ltr'><strong>non</strong></span> <span class='ocrx_word' id='word_1_669' title='bbox 2788 4188 2929 4239; x_wconf 85' lang='lat' dir='ltr'><strong>enim</strong></span> <span class='ocrx_word' id='word_1_670' title='bbox 2969 4189 3081 4242; x_wconf 68' lang='lat' dir='ltr'><strong>lucc</strong></span> <span class='ocrx_word' id='word_1_671' title='bbox 3128 4205 3192 4242; x_wconf 74' lang='lat' dir='ltr'><strong>ex</strong></span> <span class='ocrx_word' id='word_1_672' title='bbox 3227 4190 3508 4253; x_wconf 69' lang='lat' dir='ltr'><strong>Sallustio.</strong></span> <span class='ocrx_word' id='word_1_673' title='bbox 3554 4196 3649 4249; x_wconf 87' lang='lat' dir='ltr'><strong>scd</strong></span> <span class='ocrx_word' id='word_1_674' title='bbox 3693 4212 3757 4250; x_wconf 75' lang='lat' dir='ltr'><strong>ex</strong></span> <span class='ocrx_word' id='word_1_675' title='bbox 3801 4200 3865 4252; x_wconf 51' lang='lat' dir='ltr'><strong>lsi</strong></span> <span class='ocrx_word' id='word_1_676' title='bbox 3893 4203 4005 4254; x_wconf 74' lang='lat' dir='ltr'><strong>loro</strong></span> 
     </span>
    </p>
   </div>
   <div class='ocr_carea' id='block_1_104' title="bbox 2424 4254 4006 4335">
    <p class='ocr_par' dir='ltr' id='par_1_104' title="bbox 2424 4254 4006 4335">
     <span class='ocr_line' id='line_1_104' title="bbox 2424 4254 4006 4335; baseline 0.011 -29"><span class='ocrx_word' id='word_1_677' title='bbox 2424 4254 2584 4335; x_wconf 79' lang='lat' dir='ltr'><strong>allata</strong></span> <span class='ocrx_word' id='word_1_678' title='bbox 2604 4254 2897 4335; x_wconf 32' lang='lat' dir='ltr'><strong>.suutLHic</strong></span> <span class='ocrx_word' id='word_1_679' title='bbox 2941 4269 3122 4335; x_wconf 87' lang='lat' dir='ltr'><strong>autem</strong></span> <span class='ocrx_word' id='word_1_680' title='bbox 3162 4262 3346 4335; x_wconf 74' lang='lat' dir='ltr'><strong>nescio</strong></span> <span class='ocrx_word' id='word_1_681' title='bbox 3370 4274 3550 4335; x_wconf 82' lang='lat' dir='ltr'><strong>utrum</strong></span> <span class='ocrx_word' id='word_1_682' title='bbox 3588 4268 3773 4319; x_wconf 78' lang='lat' dir='ltr'><strong>verius</strong></span> <span class='ocrx_word' id='word_1_683' title='bbox 3816 4271 4006 4335; x_wconf 64' lang='lat' dir='ltr'><strong>lego-rit</strong></span> 
     </span>
    </p>
   </div>
   <div class='ocr_carea' id='block_1_105' title="bbox 2426 4325 4006 4401">
    <p class='ocr_par' dir='ltr' id='par_1_105' title="bbox 2426 4325 4006 4401">
     <span class='ocr_line' id='line_1_105' title="bbox 2426 4325 4006 4401; baseline 0.009 -24"><span class='ocrx_word' id='word_1_684' title='bbox 2426 4326 2477 4377; x_wconf 92' lang='lat' dir='ltr'><strong>iu</strong></span> <span class='ocrx_word' id='word_1_685' title='bbox 2504 4325 3081 4401; x_wconf 28' lang='lat' dir='ltr'><strong>antiquisllieroz‘ymi</strong></span> <span class='ocrx_word' id='word_1_686' title='bbox 3113 4331 3541 4397; x_wconf 80' lang='lat' dir='ltr'><strong>exemplaribus.</strong></span> <span class='ocrx_word' id='word_1_687' title='bbox 3574 4352 3680 4389; x_wconf 77' lang='lat' dir='ltr'><strong>uno</strong></span> <span class='ocrx_word' id='word_1_688' title='bbox 3705 4338 3853 4401; x_wconf 77' lang='lat' dir='ltr'><strong>[ante</strong></span> <span class='ocrx_word' id='word_1_689' title='bbox 3869 4325 4006 4391; x_wconf 36' lang='lat' dir='ltr'><strong>‘nta-</strong></span> 
     </span>
    </p>
   </div>
   <div class='ocr_carea' id='block_1_106' title="bbox 2426 4397 4003 4473">
    <p class='ocr_par' dir='ltr' id='par_1_106' title="bbox 2426 4397 4003 4473">
     <span class='ocr_line' id='line_1_106' title="bbox 2426 4397 4003 4473; baseline 0.01 -26"><span class='ocrx_word' id='word_1_690' title='bbox 2426 4411 2576 4451; x_wconf 82' lang='lat' dir='ltr'><strong>nare.</strong></span> <span class='ocrx_word' id='word_1_691' title='bbox 2606 4412 2701 4461; x_wconf 86' lang='lat' dir='ltr'><strong>pro</strong></span> <span class='ocrx_word' id='word_1_692' title='bbox 2734 4397 2899 4473; x_wconf 67' lang='lat' dir='ltr'><strong>fontes</strong></span> <span class='ocrx_word' id='word_1_693' title='bbox 2924 4397 3300 4473; x_wconf 75' lang='lat' dir='ltr'><strong>demonstrari.</strong></span> <span class='ocrx_word' id='word_1_694' title='bbox 3322 4417 3439 4455; x_wconf 87' lang='lat' dir='ltr'><strong>eam</strong></span> <span class='ocrx_word' id='word_1_695' title='bbox 3469 4407 3671 4473; x_wconf 84' lang='lat' dir='ltr'><strong>quippe</strong></span> <span class='ocrx_word' id='word_1_696' title='bbox 3705 4397 4003 4463; x_wconf 69' lang='lat' dir='ltr'><strong>lea-tonent</strong></span> 
     </span>
    </p>
   </div>
   <div class='ocr_carea' id='block_1_107' title="bbox 2426 4468 4007 4537">
    <p class='ocr_par' dir='ltr' id='par_1_107' title="bbox 2426 4468 4007 4537">
     <span class='ocr_line' id='line_1_107' title="bbox 2426 4468 4007 4537; baseline 0.009 -20"><span class='ocrx_word' id='word_1_697' title='bbox 2426 4475 2713 4537; x_wconf 76' lang='lat' dir='ltr'><strong>contextus</strong></span> <span class='ocrx_word' id='word_1_698' title='bbox 2743 4468 2954 4519; x_wconf 74' lang='lat' dir='ltr'><strong>videtur</strong></span> <span class='ocrx_word' id='word_1_699' title='bbox 2973 4470 3273 4537; x_wconf 71' lang='lat' dir='ltr'><strong>postulare.</strong></span> <span class='ocrx_word' id='word_1_700' title='bbox 3309 4468 3518 4527; x_wconf 72' lang='lat' dir='ltr'><strong>tametsi</strong></span> <span class='ocrx_word' id='word_1_701' title='bbox 3545 4468 3796 4529; x_wconf 55' lang='lat' dir='ltr'><strong>dii-orsus</strong></span> <span class='ocrx_word' id='word_1_702' title='bbox 3831 4481 4007 4533; x_wconf 85' lang='lat' dir='ltr'><strong>flumi-</strong></span> 
     </span>
    </p>
   </div>
   <div class='ocr_carea' id='block_1_108' title="bbox 2427 4534 4006 4616">
    <p class='ocr_par' dir='ltr' id='par_1_108' title="bbox 2427 4534 4006 4616">
     <span class='ocr_line' id='line_1_108' title="bbox 2427 4534 4006 4616; baseline 0.009 -29"><span class='ocrx_word' id='word_1_703' title='bbox 2427 4534 2512 4616; x_wconf 68' lang='lat' dir='ltr'><strong>nis</strong></span> <span class='ocrx_word' id='word_1_704' title='bbox 2538 4534 3025 4616; x_wconf 29' lang='lat' dir='ltr'><strong>utriusque‘fontes</strong></span> <span class='ocrx_word' id='word_1_705' title='bbox 3068 4541 3368 4616; x_wconf 76' lang='lat' dir='ltr'><strong>prodiderit</strong></span> <span class='ocrx_word' id='word_1_706' title='bbox 3392 4542 3606 4605; x_wconf 80' lang='lat' dir='ltr'><strong>Strabo,</strong></span> <span class='ocrx_word' id='word_1_707' title='bbox 3641 4564 3783 4614; x_wconf 85' lang='lat' dir='ltr'><strong>quos</strong></span> <span class='ocrx_word' id='word_1_708' title='bbox 3800 4549 4006 4616; x_wconf 71' lang='grc' dir='ltr'>διέχειν</span> 
     </span>
    </p>
   </div>
   <div class='ocr_carea' id='block_1_109' title="bbox 3112 4612 4005 4673">
    <p class='ocr_par' dir='ltr' id='par_1_109' title="bbox 3112 4612 4005 4673">
     <span class='ocr_line' id='line_1_109' title="bbox 3112 4612 4005 4673; baseline 0.007 -11"><span class='ocrx_word' id='word_1_709' title='bbox 3112 4651 3127 4671; x_wconf 83' lang='grc'><em>,</em></span> <span class='ocrx_word' id='word_1_710' title='bbox 3186 4614 3390 4665; x_wconf 79' lang='lat' dir='ltr'><strong>distare</strong></span> <span class='ocrx_word' id='word_1_711' title='bbox 3426 4618 3643 4669; x_wconf 69' lang='lat' dir='ltr'><strong>invicem</strong></span> <span class='ocrx_word' id='word_1_712' title='bbox 3662 4612 3864 4671; x_wconf 56' lang='lat' dir='ltr'><strong>stadia</strong></span> <span class='ocrx_word' id='word_1_713' title='bbox 3887 4612 4005 4673; x_wconf 65' lang='lat' dir='ltr'><strong>&quot;ar-</strong></span> 
     </span>
    </p>
   </div>
   <div class='ocr_carea' id='block_1_110' title="bbox 2422 4677 4000 4751">
    <p class='ocr_par' dir='ltr' id='par_1_110' title="bbox 2422 4677 4000 4751">
     <span class='ocr_line' id='line_1_110' title="bbox 2422 4677 4000 4751; baseline 0.008 -25"><span class='ocrx_word' id='word_1_714' title='bbox 2422 4677 2724 4751; x_wconf 69' lang='lat' dir='ltr'><strong>citer_2500</strong></span> <span class='ocrx_word' id='word_1_715' title='bbox 2755 4680 2911 4732; x_wconf 64' lang='lat' dir='ltr'><strong>dixit.</strong></span> <span class='ocrx_word' id='word_1_716' title='bbox 2950 4680 3067 4751; x_wconf 65' lang='lat' dir='ltr'><strong>Yid.</strong></span> <span class='ocrx_word' id='word_1_717' title='bbox 3095 4683 3259 4732; x_wconf 88' lang='lat' dir='ltr'><strong>alium</strong></span> <span class='ocrx_word' id='word_1_718' title='bbox 3297 4682 3559 4737; x_wconf 74' lang='lat' dir='ltr'><strong>lsidorum</strong></span> <span class='ocrx_word' id='word_1_719' title='bbox 3592 4688 4000 4751; x_wconf 50' lang='lat' dir='ltr'><strong>Charm-cnim;</strong></span> 
     </span>
    </p>
   </div>
   <div class='ocr_carea' id='block_1_111' title="bbox 2420 4746 4004 4827">
    <p class='ocr_par' dir='ltr' id='par_1_111' title="bbox 2420 4746 4004 4827">
     <span class='ocr_line' id='line_1_111' title="bbox 2420 4746 4004 4827; baseline 0.009 -28"><span class='ocrx_word' id='word_1_720' title='bbox 2420 4746 2870 4827; x_wconf 39' lang='lat' dir='ltr'><strong>A-gatltemerum,</strong></span> <span class='ocrx_word' id='word_1_721' title='bbox 2942 4750 3036 4803; x_wconf 91' lang='lat' dir='ltr'><strong>lib.</strong></span> <span class='ocrx_word' id='word_1_722' title='bbox 3074 4752 3507 4807; x_wconf 85' lang='lat' dir='ltr'><strong>t:Plutarchum</strong></span> <span class='ocrx_word' id='word_1_723' title='bbox 3578 4759 3643 4810; x_wconf 87' lang='lat' dir='ltr'><strong>de</strong></span> <span class='ocrx_word' id='word_1_724' title='bbox 3698 4746 4004 4827; x_wconf 75' lang='lat' dir='ltr'><strong>Euphrate,</strong></span> 
     </span>
    </p>
   </div>
   <div class='ocr_carea' id='block_1_112' title="bbox 2422 4818 2693 4882">
    <p class='ocr_par' dir='ltr' id='par_1_112' title="bbox 2422 4818 2693 4882">
     <span class='ocr_line' id='line_1_112' title="bbox 2422 4818 2693 4882; baseline 0 -13"><span class='ocrx_word' id='word_1_725' title='bbox 2422 4818 2693 4882; x_wconf 80' lang='lat' dir='ltr'><strong>aliosque.</strong></span> 
     </span>
    </p>
   </div>
   <div class='ocr_carea' id='block_1_113' title="bbox 2482 4886 4006 4958">
    <p class='ocr_par' dir='ltr' id='par_1_113' title="bbox 2482 4886 4006 4958">
     <span class='ocr_line' id='line_1_113' title="bbox 2482 4886 4006 4958; baseline 0.011 -20"><span class='ocrx_word' id='word_1_726' title='bbox 2482 4890 2501 4918; x_wconf 84' lang='grc'><strong><em>²</em></strong></span> <span class='ocrx_word' id='word_1_727' title='bbox 2529 4886 2671 4958; x_wconf 69' lang='lat' dir='ltr'><strong>[.jcet</strong></span> <span class='ocrx_word' id='word_1_728' title='bbox 2704 4889 2937 4958; x_wconf 77' lang='lat' dir='ltr'><strong>plerique</strong></span> <span class='ocrx_word' id='word_1_729' title='bbox 2960 4892 3095 4943; x_wconf 74' lang='lat' dir='ltr'><strong>male</strong></span> <span class='ocrx_word' id='word_1_730' title='bbox 3123 4894 3400 4949; x_wconf 71' lang='lat' dir='ltr'><strong>a’stimcut.</strong></span> <span class='ocrx_word' id='word_1_731' title='bbox 3423 4903 3525 4947; x_wconf 78' lang='lat' dir='ltr'><strong>etc.</strong></span> <span class='ocrx_word' id='word_1_732' title='bbox 3564 4893 3859 4952; x_wconf 75' lang='lat' dir='ltr'><strong>Eusebium</strong></span> <span class='ocrx_word' id='word_1_733' title='bbox 3906 4916 4006 4955; x_wconf 75' lang='lat' dir='ltr'><strong>no-</strong></span> 
     </span>
    </p>
   </div>
   <div class='ocr_carea' id='block_1_114' title="bbox 2421 4956 4003 5033">
    <p class='ocr_par' dir='ltr' id='par_1_114' title="bbox 2421 4956 4003 5033">
     <span class='ocr_line' id='line_1_114' title="bbox 2421 4956 4003 5033; baseline 0.01 -25"><span class='ocrx_word' id='word_1_734' title='bbox 2421 4956 2891 5033; x_wconf 10' lang='lat' dir='ltr'><strong>tatillierouynuis</strong></span> <span class='ocrx_word' id='word_1_735' title='bbox 2934 4978 2946 5014; x_wconf 88' lang='lat'>:</span> <span class='ocrx_word' id='word_1_736' title='bbox 2991 4964 3059 5015; x_wconf 85' lang='lat' dir='ltr'><strong>ab</strong></span> <span class='ocrx_word' id='word_1_737' title='bbox 3081 4965 3274 5017; x_wconf 77' lang='lat' dir='ltr'><strong>eodem</strong></span> <span class='ocrx_word' id='word_1_738' title='bbox 3324 4978 3539 5033; x_wconf 83' lang='lat' dir='ltr'><strong>quoque</strong></span> <span class='ocrx_word' id='word_1_739' title='bbox 3591 4968 3856 5023; x_wconf 81' lang='lat' dir='ltr'><strong>dissentit</strong></span> <span class='ocrx_word' id='word_1_740' title='bbox 3883 4987 4003 5024; x_wconf 82' lang='lat' dir='ltr'><strong>cum</strong></span> 
     </span>
    </p>
   </div>
   <div class='ocr_carea' id='block_1_115' title="bbox 2422 5030 4001 5107">
    <p class='ocr_par' dir='ltr' id='par_1_115' title="bbox 2422 5030 4001 5107">
     <span class='ocr_line' id='line_1_115' title="bbox 2422 5030 4001 5107; baseline 0.008 -24"><span class='ocrx_word' id='word_1_741' title='bbox 2422 5030 2935 5107; x_wconf 67' lang='lat' dir='ltr'><strong>Epitratamquiuto</strong></span> <span class='ocrx_word' id='word_1_742' title='bbox 2970 5035 3243 5107; x_wconf 80' lang='lat' dir='ltr'><strong>_t_ui|liario</strong></span> <span class='ocrx_word' id='word_1_743' title='bbox 3292 5034 3359 5087; x_wconf 80' lang='lat' dir='ltr'><strong>ab</strong></span> <span class='ocrx_word' id='word_1_744' title='bbox 3403 5030 3708 5107; x_wconf 57' lang='lat' dir='ltr'><strong>Jerusalem</strong></span> <span class='ocrx_word' id='word_1_745' title='bbox 3770 5044 4001 5107; x_wconf 82' lang='lat' dir='ltr'><strong>positam</strong></span> 
     </span>
    </p>
   </div>
   <div class='ocr_carea' id='block_1_116' title="bbox 2424 5100 4002 5175">
    <p class='ocr_par' dir='ltr' id='par_1_116' title="bbox 2424 5100 4002 5175">
     <span class='ocr_line' id='line_1_116' title="bbox 2424 5100 4002 5175; baseline 0.008 -24"><span class='ocrx_word' id='word_1_746' title='bbox 2424 5104 2585 5175; x_wconf 79' lang='lat' dir='ltr'><strong>refert</strong></span> <span class='ocrx_word' id='word_1_747' title='bbox 2625 5100 3085 5175; x_wconf 15' lang='lat' dir='ltr'><strong>:Anatnliusehius</strong></span> <span class='ocrx_word' id='word_1_748' title='bbox 3109 5110 3161 5157; x_wconf 88' lang='lat' dir='ltr'><strong>itt</strong></span> <span class='ocrx_word' id='word_1_749' title='bbox 3195 5105 3362 5157; x_wconf 82' lang='lat' dir='ltr'><strong>altera</strong></span> <span class='ocrx_word' id='word_1_750' title='bbox 3382 5106 3631 5159; x_wconf 74' lang='lat' dir='ltr'><strong>Columna</strong></span> <span class='ocrx_word' id='word_1_751' title='bbox 3666 5100 4002 5175; x_wconf 76' lang='lat' dir='ltr'><strong>Epliratlmm</strong></span> 
     </span>
    </p>
   </div>
   <div class='ocr_carea' id='block_1_117' title="bbox 2426 5173 4004 5243">
    <p class='ocr_par' dir='ltr' id='par_1_117' title="bbox 2426 5173 4004 5243">
     <span class='ocr_line' id='line_1_117' title="bbox 2426 5173 4004 5243; baseline 0.007 -19"><span class='ocrx_word' id='word_1_752' title='bbox 2426 5173 2609 5243; x_wconf 84' lang='lat' dir='ltr'><strong>posuit</strong></span> <span class='ocrx_word' id='word_1_753' title='bbox 2645 5173 2697 5223; x_wconf 93' lang='lat' dir='ltr'><strong>in</strong></span> <span class='ocrx_word' id='word_1_754' title='bbox 2736 5174 2877 5243; x_wconf 69' lang='lat' dir='ltr'><strong>tribu</strong></span> <span class='ocrx_word' id='word_1_755' title='bbox 2915 5174 3218 5240; x_wconf 68' lang='lat' dir='ltr'><strong>lieujamiu,</strong></span> <span class='ocrx_word' id='word_1_756' title='bbox 3256 5186 3454 5243; x_wconf 87' lang='lat' dir='ltr'><strong>quarto</strong></span> <span class='ocrx_word' id='word_1_757' title='bbox 3487 5173 3744 5230; x_wconf 86' lang='lat' dir='ltr'><strong>milliario</strong></span> <span class='ocrx_word' id='word_1_758' title='bbox 3772 5183 3843 5234; x_wconf 85' lang='lat' dir='ltr'><strong>ab</strong></span> <span class='ocrx_word' id='word_1_759' title='bbox 3876 5179 4004 5235; x_wconf 80' lang='lat' dir='ltr'><strong>Hie-</strong></span> 
     </span>
    </p>
   </div>
   <div class='ocr_carea' id='block_1_118' title="bbox 2427 5241 3043 5310">
    <p class='ocr_par' dir='ltr' id='par_1_118' title="bbox 2427 5241 3043 5310">
     <span class='ocr_line' id='line_1_118' title="bbox 2427 5241 3043 5310; baseline 0.005 -18"><span class='ocrx_word' id='word_1_760' title='bbox 2427 5242 2735 5310; x_wconf 72' lang='lat' dir='ltr'><strong>rosulymis.</strong></span> <span class='ocrx_word' id='word_1_761' title='bbox 2770 5241 3043 5296; x_wconf 61' lang='lat' dir='ltr'><strong>Munus.</strong></span> 
     </span>
    </p>
   </div>
   <div class='ocr_carea' id='block_1_119' title="bbox 2498 5312 4004 5380">
    <p class='ocr_par' dir='ltr' id='par_1_119' title="bbox 2498 5312 4004 5380">
     <span class='ocr_line' id='line_1_119' title="bbox 2498 5312 4004 5380; baseline 0.003 -15"><span class='ocrx_word' id='word_1_762' title='bbox 2498 5341 2568 5351; x_wconf 86' lang='lat'><strong><em>——</em></strong></span> <span class='ocrx_word' id='word_1_763' title='bbox 2596 5312 2769 5380; x_wconf 85' lang='lat' dir='ltr'><strong>Supra</strong></span> <span class='ocrx_word' id='word_1_764' title='bbox 2798 5314 2864 5365; x_wconf 85' lang='lat' dir='ltr'><strong>ad</strong></span> <span class='ocrx_word' id='word_1_765' title='bbox 2900 5329 3083 5367; x_wconf 84' lang='lat' dir='ltr'><strong>vocem</strong></span> <span class='ocrx_word' id='word_1_766' title='bbox 3135 5313 3399 5369; x_wconf 74' lang='lat' dir='ltr'><strong>Bethleem</strong></span> <span class='ocrx_word' id='word_1_767' title='bbox 3451 5317 3504 5369; x_wconf 94' lang='lat' dir='ltr'><strong>in</strong></span> <span class='ocrx_word' id='word_1_768' title='bbox 3541 5328 3697 5373; x_wconf 77' lang='lat' dir='ltr'><strong>sexto</strong></span> <span class='ocrx_word' id='word_1_769' title='bbox 3754 5322 4004 5374; x_wconf 75' lang='lat' dir='ltr'><strong>milliaria</strong></span> 
     </span>
    </p>
   </div>
   <div class='ocr_carea' id='block_1_120' title="bbox 2428 5383 4003 5501">
    <p class='ocr_par' dir='ltr' id='par_1_120' title="bbox 2428 5383 4003 5501">
     <span class='ocr_line' id='line_1_120' title="bbox 2428 5383 4003 5501; baseline 0.009 -68"><span class='ocrx_word' id='word_1_770' title='bbox 2428 5383 2719 5501; x_wconf 41' lang='lat' dir='ltr'><strong>collocant,</strong></span> <span class='ocrx_word' id='word_1_771' title='bbox 2752 5383 2894 5452; x_wconf 80' lang='lat' dir='ltr'><strong>quod</strong></span> <span class='ocrx_word' id='word_1_772' title='bbox 2945 5386 3196 5454; x_wconf 78' lang='lat' dir='ltr'><strong>plerique</strong></span> <span class='ocrx_word' id='word_1_773' title='bbox 3228 5388 3319 5439; x_wconf 87' lang='lat' dir='ltr'><strong>aiii</strong></span> <span class='ocrx_word' id='word_1_774' title='bbox 3350 5400 3600 5442; x_wconf 84' lang='lat' dir='ltr'><strong>auctores</strong></span> <span class='ocrx_word' id='word_1_775' title='bbox 3622 5405 3732 5443; x_wconf 90' lang='lat' dir='ltr'><strong>uno</strong></span> <span class='ocrx_word' id='word_1_776' title='bbox 3755 5407 3853 5446; x_wconf 83' lang='lat' dir='ltr'><strong>ore</strong></span> <span class='ocrx_word' id='word_1_777' title='bbox 3894 5404 4003 5447; x_wconf 77' lang='lat' dir='ltr'><strong>tia-</strong></span> 
     </span>
     <span class='ocr_line' id='line_1_121' title="bbox 2428 5462 2583 5501; baseline 0 0"><span class='ocrx_word' id='word_1_778' title='bbox 2428 5474 2440 5501; x_wconf 91' lang='grc' dir='ltr'>ι</span> <span class='ocrx_word' id='word_1_779' title='bbox 2466 5462 2583 5501; x_wconf 87' lang='lat' dir='ltr'><strong>ttttl.</strong></span> 
     </span>
    </p>
   </div>
   <div class='ocr_carea' id='block_1_121' title="bbox 2427 5462 2583 5505">
    <p class='ocr_par' dir='ltr' id='par_1_121' title="bbox 2427 5462 2583 5505">
     <span class='ocr_line' id='line_1_122' title="bbox 2427 5462 2583 5505; baseline 0.006 -2"><span class='ocrx_word' id='word_1_780' title='bbox 2427 5462 2583 5505; x_wconf 86' lang='lat' dir='ltr'><strong>tltllll.</strong></span> 
     </span>
    </p>
   </div>
   <div class='ocr_carea' id='block_1_122' title="bbox 2479 5522 3997 5593">
    <p class='ocr_par' dir='ltr' id='par_1_122' title="bbox 2479 5522 3997 5593">
     <span class='ocr_line' id='line_1_123' title="bbox 2479 5522 3997 5593; baseline 0.008 -18"><span class='ocrx_word' id='word_1_781' title='bbox 2479 5523 2497 5552; x_wconf 86' lang='grc'>³</span> <span class='ocrx_word' id='word_1_782' title='bbox 2528 5522 2670 5576; x_wconf 78' lang='lat' dir='ltr'><strong>Male</strong></span> <span class='ocrx_word' id='word_1_783' title='bbox 2693 5540 2815 5593; x_wconf 81' lang='lat' dir='ltr'><strong>ergo</strong></span> <span class='ocrx_word' id='word_1_784' title='bbox 2838 5525 3053 5593; x_wconf 80' lang='lat' dir='ltr'><strong>quidam</strong></span> <span class='ocrx_word' id='word_1_785' title='bbox 3076 5537 3263 5593; x_wconf 82' lang='lat' dir='ltr'><strong>putant</strong></span> <span class='ocrx_word' id='word_1_786' title='bbox 3288 5526 3479 5580; x_wconf 76' lang='lat' dir='ltr'><strong>vallem</strong></span> <span class='ocrx_word' id='word_1_787' title='bbox 3502 5530 3703 5585; x_wconf 73' lang='lat' dir='ltr'><strong>Achar.</strong></span> <span class='ocrx_word' id='word_1_788' title='bbox 3729 5530 3997 5587; x_wconf 82' lang='lat' dir='ltr'><strong>Eusebius</strong></span> 
     </span>
    </p>
   </div>
   <div class='ocr_carea' id='block_1_123' title="bbox 2429 5596 3270 5652">
    <p class='ocr_par' dir='ltr' id='par_1_123' title="bbox 2429 5596 3270 5652">
     <span class='ocr_line' id='line_1_124' title="bbox 2429 5596 3270 5652; baseline 0.004 -5"><span class='ocrx_word' id='word_1_789' title='bbox 2429 5599 2647 5647; x_wconf 68' lang='lat' dir='ltr'><strong>ndtatur</strong></span> <span class='ocrx_word' id='word_1_790' title='bbox 2690 5601 2790 5647; x_wconf 78' lang='lat' dir='ltr'><strong>hoe</strong></span> <span class='ocrx_word' id='word_1_791' title='bbox 2833 5597 2969 5649; x_wconf 84' lang='lat' dir='ltr'><strong>loco.</strong></span> <span class='ocrx_word' id='word_1_792' title='bbox 3002 5596 3270 5652; x_wconf 62' lang='lat' dir='ltr'><strong>Mantus.</strong></span> 
     </span>
    </p>
   </div>
   <div class='ocr_carea' id='block_1_124' title="bbox 2499 5664 4004 5742">
    <p class='ocr_par' dir='ltr' id='par_1_124' title="bbox 2499 5664 4004 5742">
     <span class='ocr_line' id='line_1_125' title="bbox 2499 5664 4004 5742; baseline 0.006 -25"><span class='ocrx_word' id='word_1_793' title='bbox 2499 5664 2734 5742; x_wconf 58' lang='lat' dir='ltr'><strong>f_L:ttiui</strong></span> <span class='ocrx_word' id='word_1_794' title='bbox 2769 5670 3149 5742; x_wconf 79' lang='lat' dir='ltr'><strong>_exscripturis</strong></span> <span class='ocrx_word' id='word_1_795' title='bbox 3201 5671 3441 5742; x_wconf 80' lang='lat' dir='ltr'><strong>videtur_</strong></span> <span class='ocrx_word' id='word_1_796' title='bbox 3481 5672 3565 5724; x_wconf 90' lang='lat' dir='ltr'><strong>hic</strong></span> <span class='ocrx_word' id='word_1_797' title='bbox 3599 5686 3721 5727; x_wconf 86' lang='lat' dir='ltr'><strong>esse</strong></span> <span class='ocrx_word' id='word_1_798' title='bbox 3776 5674 4004 5742; x_wconf 76' lang='lat' dir='ltr'><strong>lapsus;</strong></span> 
     </span>
    </p>
   </div>
   <div class='ocr_carea' id='block_1_125' title="bbox 2430 5737 4007 5811">
    <p class='ocr_par' dir='ltr' id='par_1_125' title="bbox 2430 5737 4007 5811">
     <span class='ocr_line' id='line_1_126' title="bbox 2430 5737 4007 5811; baseline 0.008 -24"><span class='ocrx_word' id='word_1_799' title='bbox 2430 5737 2557 5811; x_wconf 85' lang='lat' dir='ltr'><strong>alibi</strong></span> <span class='ocrx_word' id='word_1_800' title='bbox 2586 5741 2732 5811; x_wconf 86' lang='lat' dir='ltr'><strong>enim</strong></span> <span class='ocrx_word' id='word_1_801' title='bbox 2764 5739 3369 5811; x_wconf 14' lang='lat' dir='ltr'><strong>rl‘a‘USeblOAQOHSt‘IIlicIIS</strong></span> <span class='ocrx_word' id='word_1_802' title='bbox 3404 5740 3795 5811; x_wconf 69' lang='lat' dir='ltr'><strong>Hieronymus.</strong></span> <span class='ocrx_word' id='word_1_803' title='bbox 3833 5737 4007 5798; x_wconf 60' lang='grc' dir='ltr'><strong>Ὀὐίνι-</strong></span> 
     </span>
    </p>
   </div>
   <div class='ocr_carea' id='block_1_126' title="bbox 2435 5808 4009 5882">
    <p class='ocr_par' dir='ltr' id='par_1_126' title="bbox 2435 5808 4009 5882">
     <span class='ocr_line' id='line_1_127' title="bbox 2435 5808 4009 5882; baseline 0.008 -24"><span class='ocrx_word' id='word_1_804' title='bbox 2435 5809 2539 5882; x_wconf 77' lang='lat' dir='ltr'><strong>lam</strong></span> <span class='ocrx_word' id='word_1_805' title='bbox 2582 5810 2632 5882; x_wconf 72' lang='lat' dir='ltr'><strong>tu</strong></span> <span class='ocrx_word' id='word_1_806' title='bbox 2660 5808 2857 5860; x_wconf 75' lang='lat' dir='ltr'><strong>decimo</strong></span> <span class='ocrx_word' id='word_1_807' title='bbox 2892 5812 2953 5861; x_wconf 87' lang='lat' dir='ltr'><strong>ab</strong></span> <span class='ocrx_word' id='word_1_808' title='bbox 2991 5809 3389 5882; x_wconf 62' lang='lat' dir='ltr'><strong>Eleutherowli</strong></span> <span class='ocrx_word' id='word_1_809' title='bbox 3442 5808 3698 5869; x_wconf 36' lang='lat' dir='ltr'><strong>millia-rio</strong></span> <span class='ocrx_word' id='word_1_810' title='bbox 3756 5816 4009 5870; x_wconf 78' lang='lat' dir='ltr'><strong>co.lucat.</strong></span> 
     </span>
    </p>
   </div>
   <div class='ocr_carea' id='block_1_127' title="bbox 2436 5876 3162 5936">
    <p class='ocr_par' dir='ltr' id='par_1_127' title="bbox 2436 5876 3162 5936">
     <span class='ocr_line' id='line_1_128' title="bbox 2436 5876 3162 5936; baseline 0.01 -7"><span class='ocrx_word' id='word_1_811' title='bbox 2436 5876 2635 5932; x_wconf 75' lang='lat' dir='ltr'><strong>Recole</strong></span> <span class='ocrx_word' id='word_1_812' title='bbox 2668 5895 2855 5932; x_wconf 63' lang='lat' dir='ltr'><strong>vocem</strong></span> <span class='ocrx_word' id='word_1_813' title='bbox 2897 5881 3162 5936; x_wconf 64' lang='lat' dir='ltr'><strong>.ldollam.</strong></span> 
     </span>
    </p>
   </div>
  </div>
