4188 7176
717 465 821 529 963

1899 442 1963 505 S.
2000 434 2317 502 EUSEBII
2352 427 2799 496 HIERONYMI

3898 407 4003 470 9M

713 576 980 631 ltouzinus
1019 571 1178 627 Jesus
1202 562 1633 636 cumdisripulis
1668 558 1803 616 suis.
1827 557 2075 613 Diximus
2107 555 2175 609 de
2196 553 2297 606 hac
2330 563 2372 615 Α
2407 548 2736 620 praecipuum
2770 538 3017 597 nascitur
3058 544 3113 596 et
3141 532 3536 595 Carbunculus
3572 528 3718 600 lapis
3768 534 3825 581 et
3857 525 3997 581 Pra-

706 680 763 722 el
798 684 962 737 supra
994 670 1097 721 sub
1131 662 1321 734 Ephori
1348 659 1638 715 vocabulo.

709 764 989 831 ﬂuensque
1019 775 1110 829 per
1142 764 1444 824 correptam
1494 753 1724 806 litteram
1757 747 1822 809 E,
1880 744 2152 799 nominum
2180 748 2302 795 sunt

782 852 916 907 ιεςια
944 849 1232 919 principia.
1273 845 1482 901 Exinde
1509 859 1599 911 per
1628 852 1907 895 extensum
1938 837 2173 908 legamus
2199 830 2307 887 ele-

782 960 1036 1009 mentum,
1081 944 1221 1015 quod
1251 942 1435 999 Graece
1468 938 1669 992 dicitur
1692 935 1838 989 Iteta.

1288 1054 1373 1108 DE
1400 1050 1676 1110 GENESI.

787 1153 971 1220 Elath,
1006 1151 1154 1223 regio
1190 1148 1501 1220 principum
1549 1145 1744 1209 Edom,
1796 1150 1851 1197 et
1886 1140 2082 1195 civitas
2136 1138 2305 1203 Esau,

721 1250 778 1303 in
812 1247 1026 1303 decimo
1059 1261 1089 1300 a
1112 1244 1276 1300 Petra
1314 1242 1572 1298 milliario
1602 1249 1794 1294 contra
1824 1234 2137 1291 Orientem.

797 1340 998 1394 Eroutn
1062 1334 1289 1408 (Gesse),
1348 1335 1543 1391 civitas
1596 1330 1653 1385 in
1692 1328 1970 1401 Egypto,
2004 1325 2073 1380 ad
2142 1338 2307 1394 quam

722 1432 929 1502 Juscph
958 1434 1198 1487 occurrit
1221 1429 1365 1501 patri
1400 1442 1501 1481 suo
1524 1424 1723 1480 Jacob.

785 1526 1107 1595 lleliopolis,
1141 1524 1335 1579 civitas
1362 1519 1517 1584 solis,
1545 1520 1678 1572 urbs
1711 1516 1765 1570 in
1797 1514 2062 1586 JEgypto,
2089 1526 2188 1583 pro
2205 1524 2313 1581 qua

725 1622 780 1675 iu
808 1621 1034 1675 Hebraeo
1072 1618 1345 1686 scriptum
1388 1624 1477 1670 est
1502 1613 1607 1677 0n,
1643 1612 1698 1666 in
1728 1626 1833 1680 qua
1868 1607 2116 1665 Petefres
2132 1620 2315 1660 sacer-

725 1718 825 1771 dos
852 1713 975 1766 fuit.
1015 1709 1265 1765 Meminit
1302 1708 1470 1777 hujus
1504 1717 1563 1762 et
1599 1703 1884 1761 Ezechiel.

792 1806 1010 1869 Etham,
1039 1814 1220 1859 castra
1266 1802 1505 1857 ﬁliorum
1551 1799 1719 1853 Israel
1775 1798 1829 1851 in
1885 1796 2133 1857 deserto,
2195 1805 2315 1862 quae

726 1896 1077 1967 appellantur
1110 1893 1377 1948 Ebutham
1400 1890 1462 1960 (f.
1488 1900 1535 1945 et
1578 1885 1862 1958 Butham).

1267 2002 1355 2062 DE
1386 2005 1592 2063 LIBRO
1624 2002 1818 2059 .IESU.

800 2112 1129 2188 Eugannim,
1158 2109 1211 2163 in
1247 2106 1395 2160 tribu
1433 2102 1594 2167 Juda,
1627 2112 1778 2153 nunc
1809 2106 1895 2151 est
1952 2095 2106 2151 vicus
2154 2095 2310 2166 juxta

881 2229 955 2264 Cl.

881 2229 908 2263 ε
941 2250 955 2264 .

738 2209 1009 2367 “Eilra‘lm,
1047 2299 1102 2353 in
1135 2295 1281 2352 tribu
1306 2291 1471 2359 Iuda,
1509 2288 1784 2358 hodieque
1825 2285 1952 2341 villa
1990 2292 2072 2338 est
2122 2280 2326 2337 Bethe-

734 2400 847 2457 nim
882 2400 1033 2454 circa
1067 2389 1489 2448 Terebinthum.

810 2450 1014 2553 Endor,
1044 2487 1097 2541 in
1126 2484 1269 2537 tribu
1306 2479 1581 2541 Manasse,
1612 2474 1704 2530 ubi
1749 2469 2077 2545 Pythonissa
2099 2483 2127 2523 a
2161 2450 2328 2523 Saule

738 2597 862 2653 rege
888 2579 1085 2635 Judsz
1108 2571 1438 2630 consulitur.
1471 2566 1725 2623 Diximus
1748 2576 1989 2634 etsupra
2021 2562 2089 2617 de
2115 2559 2324 2624 Endor,

738 2693 860 2748 qua:
889 2684 975 2730 est
997 2674 1150 2741 juxta
1177 2665 1437 2738 oppidum
1468 2661 1650 2726 Naitn,
1706 2660 1758 2713 in
1813 2658 1971 2729 cujus
2000 2655 2174 2727 portis
2203 2654 2327 2708 Sal-

740 2783 899 2827 vuor
954 2767 1123 2823 lilium
1184 2762 1359 2818 viduae
1428 2757 1743 2814 suscitavit.
1813 2752 1906 2809 Est
1939 2763 2122 2808 autem
2185 2750 2330 2806 circa

743 2859 1153 2934 Srytlmpmim.

820 2955 1094 3025 Ettguttui,
1141 2953 1193 3003 in
1219 2948 1365 3003 tribu
1396 2944 1656 3000 lssachar
1710 2942 1909 2997 civitas
1940 2947 2194 3009 separata
2228 2936 2333 2990 Le-

745 3050 891 3104 vitis.
924 3048 1031 3101 Sed
1051 3054 1105 3098 et
1133 3042 1238 3097 alia
1277 3042 1525 3110 quaedam
1558 3036 1754 3090 civitas
1778 3035 2044 3104 Enganna
2108 3030 2333 3096 dicitur,

746 3146 894 3198 circa
925 3137 1188 3192 Gerasam
1223 3142 1374 3187 trans
1400 3128 1723 3184 Iordanem.

816 3230 1060 3295 Enaddu,
1112 3228 1165 3281 in
1217 3225 1363 3280 tribu
1428 3222 1706 3277 lssachar.
1768 3220 1865 3272 Est
1921 3224 2106 3271 autem
2160 3229 2337 3284 usque

749 3324 915 3381 hodie
974 3320 1218 3391 quaedam
1282 3314 1406 3368 villa
1475 3309 1744 3366 Ennadab
1816 3307 2175 3379 pergentibus
2268 3305 2337 3360 de

752 3411 1166 3483 Eleutheropoli
1214 3406 1443 3469 Ellam,
1501 3402 1660 3474 quasi
1703 3402 1757 3456 in
1799 3400 2015 3455 decimo
2057 3397 2334 3452 milliario.

827 3511 1050 3572 Eunsor,
1077 3508 1130 3561 in
1166 3505 1312 3559 tribu
1344 3499 1718 3570 Nephtbalim,
1750 3496 1921 3551 posita
1965 3503 2051 3548 est
2080 3502 2137 3547 et
2162 3506 2337 3561 supra

756 3609 911 3663 Asor.

826 3697 1098 3758 Ereccon,
1135 3690 1404 3747 terminus
1444 3686 1618 3742 tribus
1644 3682 1780 3746 Dan,
1807 3680 1959 3752 juxta
1980 3678 2221 3751 Joppen.

1222 3804 1309 3858 DE
1325 3802 1398 3858 ιι]
1411 3798 1620 3857 DICUM
1648 3794 1876 3853 LIBRO.

836 3906 1013 3971 Etam,
1045 3901 1133 3956 ubi
1163 3896 1443 3955 habitabat
1472 3892 1729 3958 Samson,
1770 3892 1826 3946 in
1860 3888 2127 3959 spelunca
2161 3884 2341 3952 Etatn,

759 4001 916 4069 juxta
958 4005 1289 4051 torrentem.

1046 4110 1203 4180 211
1242 4106 1332 4162 DE
1369 4099 1758 4160 REGNORUM
1806 4068 2063 4154 huius.

830 4209 946 4274 Ela,
987 4208 1214 4276 legimus
1260 4201 1457 4255 vallem
1492 4196 1587 4251 Ela
1621 4214 1634 4250 :
1662 4208 1825 4264 quam
1852 4192 2051 4263 Aquila
2083 4199 2138 4245 et
2160 4187 2344 4243 Theo-

768 4305 915 4357 ἀιδιίο
942 4300 1393 4366 interpretantur,
1428 4291 1623 4346 vallem
1656 4301 1916 4358 quercus.

834 4393 1097 4464 Engaddi,
1126 4389 1429 4449 desertum,
1450 4384 1505 4438 in
1533 4378 2012 4453 quoabsconditus
2042 4387 2129 4430 εει
2159 4374 2347 4431 David.

768 4488 1062 4543 Posuimus
1094 4492 1147 4537 et
1180 4494 1348 4550 supra
1380 4475 1627 4548 Engaddi
1686 4475 1739 4528 in
1784 4472 1932 4526 tribu
1996 4468 2134 4525 Juda
2190 4468 2346 4536 juxta

772 4596 924 4636 mare
961 4576 1259 4636 Mortuum,
1294 4578 1487 4626 contra
1516 4568 1896 4623 Occidentem.

2411 644 2584 697 sinus.

2481 730 2681 794 Faran,
2718 723 3144 799 nuncoppidum
3182 732 3338 778 trans
3397 717 3659 774 Arabiam
3732 714 3997 784 junctum

2416 822 2850 892 Saracenis,qui
2885 822 2938 874 in
2963 816 3263 875 solitudine
3296 813 3443 884 (vagi
3484 809 3718 880 errant).
3755 808 3863 864 Per
3900 808 4003 862 hoc

2417 922 2521 974 iter
2548 918 2796 976 iecerunt
2834 915 2929 971 lilii
2957 913 3147 980 Israel,
3188 925 3312 967 cum
3336 909 3406 964 de
3434 914 3621 961 monte
3649 904 3784 960 Sina
3818 912 4000 957 castra

2418 1010 2749 1065 movissent.
2784 1006 2879 1062 ESt
2910 1018 3061 1076 ergo,
3102 1014 3163 1058 ut
3226 1000 3491 1062 diximus,
3543 1005 3697 1051 trans
3740 993 4000 1047 Arabiam

2418 1113 2610 1158 contra
2628 1094 2928 1158 australem
2965 1097 3201 1169 plagam,
3236 1105 3293 1149 et
3322 1093 3491 1149 distat
3520 1090 3588 1146 ab
3634 1088 3757 1144 Aila
3809 1096 4000 1141 contra

2417 1196 2724 1263 Orientem,
2750 1197 2947 1251 itinere
2976 1192 3143 1248 trium
3167 1188 3410 1244 dierum.
3442 1185 3499 1240 In
3527 1186 3751 1242 deserto
3814 1193 3998 1237 autem

2418 1292 2635 1347 Pharan
2711 1288 2996 1359 Scriptura
3053 1282 3207 1351 (Gen.
3268 1281 3385 1349 ut)
3423 1286 3824 1337 commemorat
3892 1275 3960 1329 ha

2418 1387 2626 1441 bitasse
2686 1381 2995 1437 lsmaelem.
3040 1376 3198 1434 Unde
3248 1384 3305 1430 et
3360 1373 3645 1429 lsmaelitae
3676 1369 3794 1440 (qui
3847 1384 3989 1421 nunc

2422 1476 2733 1546 Saraceni).
2786 1473 3043 1545 Legimus
3065 1485 3283 1542 quoque
3310 1464 3785 1535 Chodorlagomor
3819 1475 3996 1530 regem

2421 1571 2759 1645 percussisse
2784 1582 2902 1631 eos,
2935 1565 3030 1634 qui
3060 1574 3218 1619 erant
3250 1562 3306 1616 in
3337 1562 3558 1615 deserto
3585 1556 3828 1611 Pharan.

2480 1663 2757 1723 Filistiim.
2778 1674 2901 1730 quae
2929 1673 3079 1713 nunc
3106 1656 3307 1711 dicitur
3337 1654 3592 1715 Ascalou,
3621 1658 3677 1705 et
3707 1651 3858 1703 circa
3885 1659 4005 1703 eam

2422 1761 2571 1830 regio
2601 1755 2924 1813 Palaestina.

2484 1850 2712 1917 Fanuel,
2754 1851 2904 1904 locus
2955 1846 3009 1901 in
3064 1858 3177 1915 quo
3210 1841 3381 1897 JaCob
3430 1849 3547 1895 tota
3613 1846 3779 1893 nocte
3834 1833 4009 1889 colluo

2352 1932 2395 1988 Β
2426 1957 2605 2012 etans,
2637 1941 2860 1997 lsraelis
2889 1937 3222 1996 vocabulum
3258 1934 3479 1997 meruit,
3507 1934 3660 2003 juxta
3707 1939 4005 1985 torrentem

2428 2033 3059 2106 Jaboc(Fanuelautem
3100 2030 3506 2098 interpretatur
3549 2024 3722 2078 [acies
3757 2021 3877 2087 Dei,
3943 2019 4010 2073 ab

2430 2148 2495 2188 eo
2528 2129 2672 2201 quod
2693 2125 2864 2182 Iacob
2903 2126 2977 2180 ibi
3010 2124 3179 2179 Deum
3212 2119 3461 2186 viderit).

2497 2222 2665 2295 Fogo,
2723 2220 2915 2277 civitas
2976 2216 3130 2274 Adad
3196 2217 3363 2287 regis,
3392 2226 3513 2285 quae
3545 2220 3627 2266 est
3684 2208 3737 2263 in
3790 2207 4012 2278 regione

2430 2316 2753 2373 Gabalitica.

2514 2413 2931 2476 Fenon,castra
2972 2405 3207 2461 ﬁliorum
3263 2400 3432 2457 Israel
3488 2401 3542 2454 in
3592 2397 3833 2453 deserto.
3896 2392 4016 2449 Fuit

2434 2516 2619 2561 autem
2685 2503 2963 2573 quondam
3014 2498 3208 2554 civitas
3257 2493 3570 2566 principum
3618 2488 3783 2560 214
3822 2488 4013 2547 Εάοηι,

2435 2616 2587 2655 nunc
2627 2597 2840 2652 viculus
2885 2596 2941 2649 in
2994 2594 3235 2658 deserto,
3283 2588 3375 2643 ubi
3421 2586 3551 2642 aeris
3590 2583 3811 2638 metalla
3836 2581 4018 2651 (dam-

2437 2706 2690 2752 natorum
2758 2687 3045 2759 suppliciis
3113 2680 3499 2750 effodiuntur),
3567 2678 3713 2732 inter
3739 2676 4018 2729 civitatem

2438 2788 2652 2843 Petram
2683 2794 2736 2839 et
2771 2781 3000 2837 Zoaram
3033 2778 3123 2849 (de
3152 2790 3262 2847 quo
3292 2784 3349 2829 et
3371 2784 3536 2843 supra
3555 2768 3845 2835 diximus).

3045 2868 3133 2923 DE
3165 2863 3420 2922 EXODO.

2511 2973 2757 3037 Fithom,
2782 2968 2976 3024 civitas
3013 2961 3258 3033 Egypti,
3288 2973 3450 3027 quam
3485 2954 3910 3009 :edificaveruut
3931 2946 4021 3002 lilii

2441 3067 2628 3123 Lm"
2655 3158 2740 3212 DE
2772 3151 3084 3212 NUMEBIS
3119 3149 3204 3203 ετ
3239 3136 3815 3202 osurenoxoute.

2368 3280 2412 3339 α
2514 3256 2639 3318 Fin,
2680 3260 2858 3308 castra
2889 3247 3133 3303 Illiorum
3167 3240 3336 3300 Israel
3370 3239 3426 3292 in
3460 3238 3709 3291 deserto.

2526 3348 2789 3410 Fathura,
2815 3343 3008 3398 civitas
3046 3349 3196 3392 trans
3220 3330 3711 3401 Mesopotamiam,
3750 3324 3895 3379 unde
3929 3321 4025 3376 luit

2447 3444 2669 3497 Balaam
2709 3435 2955 3494 hariolus
3016 3447 3030 3483 :
3079 3427 3171 3483 sed
3238 3435 3293 3479 et
3339 3424 3490 3493 juxta
3558 3414 4025 3484 EleutherOpOIiut

2449 3536 2695 3609 quazdam
2752 3528 2878 3582 villa
2936 3521 3161 3579 nomine
3208 3516 3447 3572 Fathura
3495 3512 3757 3569 euntibus
3828 3508 4024 3563 Gazam

2452 3635 2821 3697 nuncupatur.

2510 3695 2692 3791 Fragor
2713 3726 2767 3771 et
2796 3711 3115 3778 Bethfogor,
3147 3719 3309 3760 mons
3353 3698 3736 3758 Moabitarum.
3771 3695 3835 3750 ad
3874 3707 4027 3760 quem

2457 3816 2651 3869 Balaac
2683 3826 2775 3865 rex
2805 3806 3037 3861 adduxit
3066 3802 3284 3863 Balaam
3318 3795 3589 3850 hariolum
3653 3795 3709 3845 in
3742 3790 4028 3860 supercilio

2454 3905 2716 3963 Liviadis.
2785 3900 2892 3955 Sed
2942 3907 2994 3953 et
3030 3896 3133 3948 alia
3192 3892 3321 3945 villa
3384 3888 3560 3957 Fogor
3636 3883 3784 3939 haud
3843 3882 4027 3953 procul

2457 4018 2485 4057 a
2526 3997 2803 4055 Bethleem
2842 3991 3085 4048 cernitur
3111 3988 3256 4057 (qua:
3289 3998 3434 4037 nunc
3486 3979 3703 4034 Phaora
3759 3991 4031 4043 nuncupa-

2460 4103 2593 4160 tur).

2523 4181 2721 4252 Fasga,
2749 4176 2944 4233 civitas
2976 4170 3437 4225 Arnorrhteorum.
3472 4165 3567 4220 Est
3600 4171 3861 4217 autemet
3881 4172 4029 4211 mons

2460 4251 2653 4335 contra
2676 4267 2994 4326 orientalem
3026 4264 3237 4333 plagam
3274 4259 3468 4328 Fasga,
3527 4272 3625 4326 pro
3668 4271 3781 4325 quo
3842 4251 4027 4321 Aquila

2463 4376 2883 4441 interpretatur,
2938 4358 3205 4416 excisum.
3265 4354 3374 4410 Sed
3419 4363 3475 4408 et
3533 4348 3899 4420 Septuaginta
3950 4346 4032 4397 in-

2464 4472 2733 4535 terpretes
2760 4454 3008 4528 Fasgain
3039 4449 3278 4523 quodam
3342 4446 3485 4507 loco.
3519 4445 3770 4499 excisum
3799 4450 4035 4493 transtn‘

2464 4560 2646 4615 lerunt
2668 4555 2708 4609 ‘.

2919 4639 3005 4697 DE
3035 4634 3240 4695 LlBRO
3268 4630 3582 4690 JUDICUM.

847 4675 1063 4738 Emath,
1094 4674 1240 4741 regio
1273 4664 1718 4734 ‘Allophylorum.
1767 4659 1939 4714 Porro
1999 4659 2155 4727 juxta
2199 4654 2357 4711 Jere-
2394 4662 2437 4717 Ι)

777 4769 943 4825 miam
963 4767 1157 4821 civitas
1183 4759 1455 4815 Damasci.

847 4862 1039 4922 Euam,
1099 4854 1366 4911 terminus
1439 4849 1716 4914 Damasci,
1789 4845 1932 4902 sicut
1974 4844 2031 4899 in
2095 4843 2353 4899 Ezechiel

778 4954 1001 5023 legitur.
1033 4948 1099 5002 ad
1128 4946 1414 5003 Orientem
1441 4956 1676 5013 vergens
1707 4956 1737 4994 a
1768 4937 2035 4992 Themam
2069 4945 2124 4992 et
2151 4936 2363 4991 Palme—

783 5048 852 5102 tis
890 5061 904 5102 :
942 5058 1062 5113 qua:
1089 5039 1275 5097 caeteri
1306 5038 1643 5105 interpretes
1670 5033 1988 5095 ediderunt,
2021 5029 2282 5083 Thamar.

1371 5129 1461 5184 DE
1488 5123 1763 5182 GENESI.

854 5232 1041 5297 Fison,
1118 5227 1264 5299 quod
1340 5226 1761 5292 interpretatur,
1830 5225 2110 5270 caterva:
2170 5212 2367 5267 ﬂuvius

788 5341 952 5399 quem
983 5324 1157 5379 nostri
1212 5316 1432 5392 (Grteci)
1460 5314 1687 5385 Gangen
1717 5319 1953 5383 'vocant,
2014 5309 2080 5363 de
2114 5306 2369 5378 paradiso

791 5422 1001 5481 exiens,
1036 5423 1090 5470 et
1128 5425 1363 5485 pergens
1387 5408 1453 5463 ad
1515 5406 1679 5459 india:
1712 5405 1987 5474 regiones,
2055 5410 2181 5471 post
2235 5413 2372 5469 quas

791 5513 1031 5580 erumpit
1052 5510 1105 5562 in
1138 5506 1383 5577 pelagus.
1414 5499 1555 5554 Dicit
1580 5507 1759 5551 autem
1786 5495 2069 5565 Scriptura
2090 5490 2372 5549 circumiri

793 5608 862 5662 ab
896 5607 999 5659 hoc
1059 5604 1373 5655 universam
1438 5592 1721 5658 regionem
1774 5588 1953 5653 Evila,
2020 5587 2110 5641 ubi
2177 5598 2371 5639 aurum

2541 4739 2770 4804 Fanuel,
2801 4737 2993 4793 civitas
3033 4746 3199 4802 quam
3228 4725 3519 4783 aediﬁcavit
3552 4720 3871 4776 Jeroboam.

2538 4832 2771 4898 Fanuel,
2802 4826 2968 4884 turris
2993 4839 3153 4894 quam
3214 4815 3490 4875 sobvertit
3538 4812 3785 4867 Gedeon.
3842 4808 3949 4863 Sed
3989 4816 4037 4860 et

2471 4947 2616 4989 unus
2666 4930 2735 4984 de
2776 4926 2904 4982 liliis
2952 4921 3069 4978 llor
3099 4925 3330 4974 vocatus
3383 4923 3470 4966 εει
3512 4906 3719 4963 Fanuel
3772 4907 3821 4975 (ι
3858 4901 4016 4957 Parat

2471 5026 2801 5180 nlli‘vrzaton,
2841 5112 2986 5168 unde
3009 5108 3112 5165 fuit
3145 5103 3335 5161 ΑΜοη
3364 5099 3530 5171 judex
3564 5092 3756 5166 populi
3798 5089 3966 5146 Israel
3993 5101 4043 5140 ill

2476 5220 2664 5270 monte
2691 5208 2936 5263 Amalec.

2862 5298 2950 5352 DE
2980 5287 3366 5349 REGNORUM
3417 5282 3662 5341 LIBRIS.

2560 5392 2804 5452 Fclmoni
2836 5388 3049 5444 Almoni
3085 5389 3130 5449 ³,
3170 5381 3316 5453 quod
3386 5377 3578 5446 Aquila
3636 5374 4044 5442 interpretatur,

2484 5492 2633 5545 illum
2688 5487 2771 5540 vel
2816 5485 3006 5544 istum,
3070 5474 3433 5548 Symmachus
3454 5467 3615 5538 215
3671 5482 3829 5529 vero,
3876 5462 4049 5516 nescio

2483 5598 2642 5654 quem
2667 5582 2871 5635 locum.
2926 5569 3259 5634 Theodotio,
3304 5565 3456 5619 illum
3506 5562 3685 5616 locum
3727 5558 3922 5612 Elmou
3968 5553 4049 5620 {de

2562 5742 2578 5767 ¹
2634 5733 2772 5788 Puta
2805 5732 2961 5786 Deut.
2998 5745 3071 5792 tv,
3113 5725 3205 5790 49,
3241 5722 3333 5779 ubi
3370 5721 3476 5774 ὑπὸ
3517 5716 3763 5787 Ἀπδίὼίὶ
3802 5716 3904 5785 τὴν
3964 5710 4051 5761 λει-

2488 5808 2680 5874 ξευτὴν
2709 5808 3164 5874 interpretantur;

2553 5854 2873 5930 Ti‘etinbin'
2930 5854 3168 5925 Almoui.
3232 5864 3350 5920 Jatn
3418 5862 3485 5915 de
3538 5859 3691 5916 hisce
3749 5854 4053 5914 nominibus

2490 5950 2732 6007 diximus
2758 5959 2925 6016 supra
2951 5946 3008 5998 in
3052 5939 3290 5995 Elmom.
3322 5932 3596 5990 Murus.

796 5763 1012 5834 viginti_
1049 5759 1156 5814 duo
1203 5763 1331 5811 sunt
1386 5749 1652 5830 milliaria.
1692 5745 1967 5834 Romana.
2011 5740 2216 5797 Confer
2278 5740 2375 5834 dc-I

799 5812 1361 5899 ntfomllieronymum
1411 5821 1761 5899 secnmﬁipso
1818 5818 1873 5870 in
1931 5816 2240 5868 Comment.
2307 5812 2373 5865 ad

801 5904 1030 5965 Daniel,
1089 5890 1211 5954 cau'.
1276 5911 1398 5960 xu,
1453 5907 1508 5949 et
1586 5890 1786 5945 Ezeeh.
1849 5901 1971 5957 cap.
2051 5898 2259 5955 sunt,
2323 5892 2379 5939 et

800 5977 983 6033 Abduc
1010 5989 1051 6027 ι.
