4188 7156
182 428 282 489 945

1110 424 1206 486 DE
1246 424 1427 485 SITU
1462 423 1557 481 ET
1597 419 1872 481 NOMIN.
1906 420 2067 482 LOC.
2112 420 2470 484 IIEBRAIC.

3342 441 3449 503 946

181 561 287 614 quo
348 546 407 599 in
456 544 617 600 Ibris
673 541 1059 599 Hebraicarttm
1125 542 1487 608 Quaestionum
1539 536 1754 609 plenius
1787 542 1829 598 Α
1862 538 2021 593 hodie
2055 537 2186 594 Gaia
2227 540 2356 595 urbs
2388 538 2590 593 dicitur
2638 538 2961 608 Palccsunae.
2990 543 3146 617 juxta
3170 548 3449 605 civitatem

181 640 523 705 disputatum
550 638 678 708 est).

248 734 418 805 Fogo.
451 733 643 787 civitas
677 731 826 802 regni
854 731 1047 787 Edom.

249 825 466 887 Farfar,
498 824 695 879 fluvius
731 824 999 878 Damasci.

243 917 511 981 Fathore,
541 917 689 987 regio
746 916 967 987 Egypti
1005 917 1159 986 juxta
1215 917 1554 972 Ezechielem
1587 930 1639 974 ct
1666 918 1759 976 Je-

177 1011 431 1075 remiam,
462 1012 516 1065 tn
549 1023 655 1080 qua
683 1007 900 1080 profugi
938 1008 1259 1064 habitavere
1291 1007 1489 1071 Judaei.

784 1120 871 1177 DE
894 1126 901 1135 '
925 1119 1190 1177 GENESI.

242 1217 426 1281 Geon,
458 1213 677 1278 ﬂuvius,
698 1214 789 1285 qui
832 1215 976 1286 apud
1004 1213 1287 1286 Egyptios
1321 1214 1476 1270 Nilus
1507 1224 1758 1281 vocatur,

176 1311 228 1366 in
266 1309 528 1380 paradiso
550 1309 754 1375 oriens,
797 1318 853 1364 et
906 1305 1217 1364 universam
1254 1308 1590 1377 JEthiopiam
1644 1310 1757 1365 cir-

179 1400 461 1455 rumiens.

240 1492 577 1558 Gomorrha,
629 1507 738 1547 una
796 1491 863 1547 de
917 1492 1158 1564 quinque
1209 1494 1525 1550 civitatibus
1585 1495 1759 1553 Sodo-

179 1601 425 1649 morum,
461 1600 584 1656 qua
604 1600 731 1640 cum
756 1585 979 1655 reliquis
1007 1586 1189 1642 divina
1250 1588 1458 1643 ultione
1491 1588 1753 1643 subversa

178 1690 284 1734 88L

253 1768 490 1834 Gerara,
532 1784 597 1825 ex
631 1770 791 1838 cuius
819 1770 1039 1827 nomine
1057 1787 1202 1827 nunc
1239 1770 1549 1827 Geraritica
1598 1787 1760 1827 voca—

178 1874 267 1917 tur
300 1863 456 1932 regio
489 1872 641 1919 trans
695 1862 953 1928 Daroma,
998 1865 1187 1935 procul
1223 1866 1291 1920 ab
1346 1863 1753 1936 Eleutheropoli
1793 1886 1835 1941 Β

180 1954 428 2008 millibus
456 1955 644 2026 viginti
674 1958 914 2025 quinque
969 1957 1033 2011 ad
1067 1957 1379 2011 meridiem.
1412 1958 1541 2011 Erat
1572 1968 1755 2012 autem

178 2050 310 2104 olim
346 2050 614 2104 terminus
634 2048 1066 2103 Chananteorum
1092 2050 1159 2103 ad
1185 2050 1475 2105 australem
1517 2052 1757 2123 plagam,

177 2155 231 2199 et
263 2143 467 2199 civitas
496 2142 812 2211 metropolis
828 2140 1158 2197 Palasstinaa.
1198 2142 1477 2212 Scriptura
1513 2160 1757 2200 comme-

179 2246 363 2291 morat
397 2236 569 2291 ruisse
604 2250 724 2290 eam
746 2236 889 2288 inter
916 2233 1090 2289 Gades
1129 2245 1184 2289 et
1212 2234 1339 2300 Sur,
1368 2236 1469 2292 hoc
1497 2247 1583 2294 est
1611 2237 1760 2293 inter

175 2332 317 2386 duas
358 2330 687 2385 solitudines
721 2345 737 2383 :
771 2344 1002 2397 qttarum
1057 2343 1162 2383 una
1198 2328 1430 2400 [Egypto
1485 2330 1756 2401 jungitur,

175 2425 239 2477 ad
266 2438 434 2492 quam
463 2421 691 2490 populus
727 2432 874 2475 trans
899 2420 1099 2476 fretum
1144 2422 1314 2476 Rubri
1366 2426 1536 2480 maris
1566 2440 1757 2493 perve-

173 2515 295 2577 nit;
360 2514 535 2567 altera
587 2527 716 2566 vero
765 2511 965 2576 Gades,
1007 2528 1178 2583 usque
1242 2517 1309 2570 ad
1358 2515 1755 2572 Saracenorum

170 2626 424 2664 eremum
457 2609 797 2663 extenditur.

235 2702 471 2765 Galarid,
497 2716 656 2756 mons
684 2702 748 2756 ad
783 2717 944 2771 quem
983 2704 1217 2773 septimo
1276 2703 1364 2760 die
1399 2706 1756 2773 profectionis

172 2809 203 2848 e
227 2794 456 2847 Charris
484 2791 652 2848 Jacob
686 2794 948 2864 profugus
976 2797 1144 2850 venit.
1183 2797 1277 2851 Est
1311 2808 1493 2852 autem
1532 2800 1595 2851 ad
1636 2808 1755 2853 ter-

174 2901 302 2956 gum
334 2885 621 2941 thnices
644 2895 697 2941 et
716 2887 944 2952 Arabiae,
967 2888 1198 2943 collibus
1216 2889 1405 2943 Libani
1439 2893 1748 2962 Copululus,

174 2978 608 3047 extenditurque
650 2993 745 3048 per
779 2981 1054 3034 desertum
1084 2994 1253 3048 usque
1291 2981 1357 3035 ad
1392 2997 1516 3036 eum
1553 2983 1753 3048 locum,

176 3071 269 3123 ubi
308 3067 773 3123 transJordanem
800 3068 1066 3124 habitavit
1123 3073 1400 3141 quondam
1464 3073 1604 3128 Seun
1661 3093 1756 3131 rex

174 3162 640 3215 Amorrbzeorum.
669 3160 873 3215 Cecidit
897 3162 1242 3232 supradictus
1276 3180 1432 3220 mons
1462 3168 1517 3220 in
1553 3178 1752 3224 sortem

1873 632 2111 687 Petram.

1949 724 2177 780 Gelnton
2216 726 2580 791 Deblatbaim,
2621 737 2826 791 castra.
2865 729 2917 783 id
2986 747 3091 799 est,
3135 736 3342 790 mansio
3381 738 3446 790 ii-

1874 815 2074 871 Iiorum
2098 816 2257 872 Israel
2291 822 2343 873 in
2383 821 2629 877 deserto.
3176 880 3179 883 Α

1942 908 2185 979 Gadgad,
2217 926 2372 966 mons
2403 914 2455 965 in
2487 914 2724 982 deserto,
2759 915 2849 971 ubi
2875 918 3263 972 castrametati
3317 930 3445 973 sunt

1872 1001 1971 1057 ﬁlii
2011 1000 2200 1057 Israel.

1948 1094 2116 1162 Gaza,
2149 1096 2344 1151 civitas
2378 1096 2691 1163 Eva'orum,
2721 1101 2777 1154 in
2812 1117 2917 1171 qua
2957 1105 3272 1159 habitavere
3302 1103 3446 1173 Cap-

1873 1190 2135 1260 padoces,
2194 1190 2441 1261 pristinis
2508 1192 2813 1250 cultoribus
2888 1195 3211 1254 interfectis.
3289 1198 3447 1268 Apud

1872 1289 2083 1335 veteres
2102 1289 2219 1337 erat
2250 1285 2517 1339 terminus
2553 1286 2984 1342 Chananteorum
3050 1291 3203 1358 juxta
3270 1293 3438 1364 [Egy-

1878 1386 2058 1447 ptum,
2088 1378 2391 1448 ceciditque
2415 1379 2469 1433 in
2492 1389 2694 1435 sortem
2731 1381 2906 1437 tribus
2937 1378 3151 1437 .lu'dae':
3192 1386 3285 1439 sed
3325 1403 3443 1441 eam

1872 1477 2062 1523 tenere
2100 1484 2211 1523 non
2242 1472 2441 1539 potuit,
2480 1472 2608 1543 quia
2647 1472 2897 1541 Enacim,
2931 1475 2984 1530 id
3041 1486 3124 1530 est
3173 1477 3440 1547 gigantes,

1874 1557 2297 1631 Allophylorum
2329 1561 2637 1627 fortissimi,
2672 1564 3025 1634 restiterunt;
3052 1579 3103 1623 et
3152 1579 3235 1624 est
3274 1586 3448 1641 usque

1872 1648 2028 1703 hodie
2056 1650 2285 1722 insignis
2315 1654 2508 1709 civitas
2535 1655 2859 1712 Palaestinae.
2910 1658 3207 1726 (Quaeritur
3258 1673 3442 1718 autem

1867 1742 2140 1809 quomodo
2170 1743 2221 1795 in
2252 1744 2485 1811 quodam
2544 1749 2812 1817 propheta
2849 1752 2869 1782 ¹
2909 1750 3123 1806 dicatur
3159 1754 3301 1808 Gaza
3354 1758 3443 1811 l‘n-

1869 1840 1989 1885 tura
2052 1833 2105 1886 in
2156 1834 2428 1888 tumulum
2492 1837 2885 1907 sempiternum
2947 1858 2960 1894 :
3012 1841 3157 1912 quod
3216 1844 3443 1897 solvitur

1861 1917 1959 1983 ita,
2003 1922 2246 1991 antiqua:
2311 1924 2550 1978 civitatis
2601 1927 2776 1981 locum
2813 1932 2901 1984 vix
2956 1931 3441 1988 fundamentorum

1866 2014 2114 2081 pra-bere
2170 2018 2435 2083 vusﬁgia,
2496 2018 2637 2073 hanc
2691 2014 2867 2076 autem
2923 2041 3043 2093 qua:
3112 2042 3263 2081 nunc
3327 2043 3446 2081 θυι·-

1864 2101 2019 2156 nitur
2068 2104 2119 2157 in
2173 2106 2283 2160 alio
2340 2107 2483 2173 loco,
2530 2125 2629 2179 pro
2678 2112 2765 2166 illa
2816 2130 2938 2185 qua:
2967 2118 3195 2184 corruit,
3268 2119 3444 2174 a‘diﬁb

1863 2200 2092 2267 catam.)

1938 2288 2188 2358 Gargasi,
2232 2291 2429 2348 civitas
2460 2304 2614 2352 trans
2671 2296 2995 2369 Jurdanem,
3028 2303 3216 2371 juncta
3261 2308 3444 2362 monti

1862 2381 2084 2447 Galaad,
2158 2398 2325 2453 quam
2391 2388 2565 2442 tenuit
2635 2391 2810 2447 tribus
2852 2393 3122 2453 Manasse.
3191 2397 3258 2454 Et
3322 2400 3439 2455 lnrc

1862 2488 1985 2528 esse
2041 2491 2189 2533 nunc
2246 2477 2454 2534 dicitur
2515 2480 2740 2550 Gerasa,
2796 2486 2926 2542 urbs
3007 2488 3240 2557 insignis
3305 2493 3441 2546 Ara-

1861 2567 2027 2622 biae'.
2090 2570 2324 2635 Quidam
2362 2585 2541 2630 autetn
2592 2577 2763 2645 ipsam
2821 2595 2943 2635 esse
2989 2582 3254 2639 Gadaram
3292 2588 3441 2642 aesti-

1862 2671 2031 2717 mant.
2088 2662 2193 2718 Sed
2259 2676 2316 2720 et
2366 2668 2722 2738 Evangelium
2792 2673 3042 2727 meminit
3099 2676 3440 2748 Gergeseno-

1862 2772 2006 2811 I'lII’ll.

1927 2851 2203 2921 Gaggada,
2252 2855 2344 2910 ubi
2382 2870 2935 2924 aquarumtorrentes
2954 2872 3106 2918 sunt.
3134 2862 3229 2918 Est
3250 2876 3434 2923 autem

1860 2944 2011 2997 locus
2043 2943 2095 2996 in
2130 2945 2449 3001 solitudine.

1930 3034 2164 3103 Gaulon,
2202 3039 2317 3094 sive
2363 3039 2576 3106 Golam,
2629 3042 2683 3096 in
2743 3044 2885 3099 tribu
2932 3044 3183 3104 Manasse
3243 3050 3436 3105 civitas

1859 3127 2220 3184 sacerdotalis
2256 3140 2312 3185 et
2344 3129 2716 3197 fugitivorum.
2770 3136 2822 3189 in
2846 3138 3067 3208 regione
3101 3139 3433 3197 Basanitide.

174 3250 416 3304 ﬁliarum
465 3248 656 3303 Ruben
698 3251 769 3312 (el
833 3216 981 3314 cad"
1024 3216 1085 3304 εί
1862 3216 1968 3314 Sed
1995 3230 2050 3275 et
2080 3237 2226 3277 nunc
2275 3223 2485 3279 Gaulon
2521 3238 2747 3282 vocatur
2804 3231 2929 3284 villa
2992 3235 3331 3303 przrgrandis
3380 3238 3433 3290 in

174 3356 342 3396 nasse
378 3356 396 3409 ;
425 3340 522 3395 sed
550 3350 596 3393 et
633 3339 897 3394 Jeremias
925 3346 1078 3409 (xui,
1138 3343 1191 3412 6)
1225 3345 1485 3413 loquitur,
1537 3343 1749 3399 Galaad

176 3445 231 3488 tu
264 3432 618 3486 mihi’initium
656 3432 889 3501 Libani),
948 3449 975 3487 a
1003 3449 1110 3503 quo
1140 3443 1323 3490 monte
1361 3445 1416 3490 et
1462 3436 1652 3493 civitas
1683 3440 1736 3492 in

175 3541 244 3580 eo
269 3523 518 3586 condita,
554 3526 746 3579 sortita
775 3526 1092 3580 vocabulum
1130 3538 1209 3581 est
1244 3544 1257 3582 :
1306 3540 1466 3598 quam
1503 3532 1648 3598 cepit
1684 3532 1752 3586 de

175 3615 627 3667 Amorrbamrum
684 3629 848 3669 manu
891 3614 1092 3671 Galaad
1153 3617 1297 3674 filius
1364 3619 1592 3685 Machis,
1656 3621 1753 3676 filii

172 3705 455 3759 Manasse.

236 3798 446 3864 Gader,
480 3799 673 3864 turris,
698 3800 787 3855 ubi
820 3800 1101 3857 habitante
1124 3801 1315 3867 Iacob,
1349 3804 1542 3859 Ruben
1571 3807 1749 3875 patris

170 3890 402 3944 violavit
431 3901 612 3943 torum
644 3890 788 3960 (qua:
841 3893 1046 3963 absque
1080 3893 1123 3948 G
1152 3894 1352 3962 littera,
1411 3896 1465 3951 in
1522 3896 1749 3953 Hebraeo

170 3984 304 4034 adcr
335 3984 492 4052 (Ἵτῖ)
521 3983 823 4052 scribitur).

236 4070 543 4136 Gettbaim,
569 4087 666 4139 pro
707 4087 813 4139 qua
857 4072 911 4126 in
942 4072 1175 4129 Hebraeo
1214 4077 1449 4145 positum
1477 4078 1644 4149 218
1666 4090 1751 4135 est

167 4165 375 4225 Arna,
404 4163 599 4217 civitas
630 4162 799 4227 Adad,
832 4165 1161 4235 quiquartus
1208 4170 1455 4240 regnavit
1501 4174 1554 4225 in
1603 4181 1749 4228 terra

168 4254 566 4324 ldumzca,quaa
594 4269 743 4309 nunc
772 4254 1045 4312 Gebalene
1074 4259 1295 4315 dicitur.

236 4341 463 4407 Cesem,
500 4342 650 4413 regio
700 4341 943 4416 Egypti,
988 4348 1043 4402 in
1079 4364 1185 4417 qua
1245 4350 1512 4408 habitavit
1580 4354 1747 4411 Iacob

165 4449 295 4489 cum
321 4434 513 4488 liberis
538 4436 674 4489 suis.

386 4549 474 4605 DE
501 4547 811 4605 NUMERIS
841 4549 927 4606 ET
965 4550 1530 4612 DEUTERONOMIO.

225 4663 626 4734 Gasiongaber,
652 4674 829 4719 castra
864 4666 916 4719 in
950 4666 1240 4722 solitudine
1271 4667 1505 4723 filiorum
1556 4670 1744 4741 Israel,

164 4757 316 4810 sicut
362 4756 418 4809 in
469 4753 833 4811 Numerorum
890 4757 1033 4812 libro
1085 4759 1348 4829 scriptum
1409 4772 1515 4817 est.
1578 4759 1746 4821 Porro

161 4851 323 4919 juxta
359 4846 840 4901 Denteronomium
873 4848 1066 4903 civitas
1095 4858 1179 4903 est
1210 4850 1375 4914 Esau,
1404 4866 1567 4919 quam
1599 4868 1745 4909 nunc

169 4942 357 4994 Esiam
394 4940 696 5009 nuncupari
736 4949 951 5011 putant,
997 4942 1152 5009 juxta
1212 4957 1361 4998 mare
1413 4941 1657 4999 Rubrum
1693 4956 1748 5002 et

164 5033 371 5087 Atiam.

237 5122 358 5190 Gai,
388 5122 441 5176 in
462 5122 753 5178 solitudine
778 5133 954 5177 castra
974 5124 1207 5180 ﬁliorum
1242 5125 1410 5184 Israel
1443 5144 1460 5185 ς
1496 5137 1551 5183 et
1572 5143 1745 5198 usque

230 5310 247 5340 ¹
270 5306 483 5362 Sortem
501 5305 664 5358 tribus
680 5303 898 5361 Judww.
921 5305 1073 5360 Unus
1097 5322 1198 5361 ms.
1213 5309 1381 5363 codex
1402 5309 1746 5366 Golhcrtinus

162 5396 267 5449 pro
292 5376 454 5429 Iudae
484 5376 613 5449 legit
640 5373 856 5449 Ioseph.
890 5376 1159 5431 MARTIAN.

253 5450 435 5519 'l’nta
466 5446 815 5519 Sophoniam,
871 5461 1008 5519 cap._
1053 5447 1316 5519 tt._lIinc
1374 5458 1429 5502 ct
1488 5449 1541 5501 in
1597 5450 1742 5519 Apo-

160 5518 484 5586 spasmatiis
537 5516 726 5586 incerti
804 5516 1045 5586 auctoris
1116 5516 1285 5586 Graeci
1354 5527 1501 5572 to:u.o
1550 5516 1744 5585 qu-irto

159 5583 619 5655 Ijengtaphorum
661 5584 929 5639 Mitturutn
975 5583 1133 5639 None
1174 5584 1337 5640 Galen
1392 5598 1478 5642 est
1514 5583 1740 5646 mentio.

159 5660 317 5713 Μετι
351 5659 421 5708 τὰ
463 5654 844 5723 Ῥινοκόρουρα
878 5658 909 5723 ἡ
942 5656 1034 5707 νέα
1052 5656 1200 5717 Γάζα
1220 5660 1394 5710 κεῖται
1426 5659 1575 5721 πόλις
1611 5660 1746 5713 obs:

159 5734 257 5781 ut
296 5730 465 5791 αὐτῇ,
507 5722 633 5776 Post
668 5725 1088 5795 Rhinomrurant
1138 5723 1289 5778 Nova
1323 5726 1491 5789 Gaza,
1531 5744 1648 5795 qua:
1695 5744 1743 5785 et

161 5816 282 5850 mm
310 5809 385 5849 est
415 5797 621 5857 civitas,
651 5797 755 5847 situ
778 5806 876 5849 est.
919 5794 1034 5850 th.
1067 5806 1119 5851 ct
1139 5796 1386 5850 Curtium
1436 5794 1636 5864 lib.itv,
1692 5812 1746 5855 ct

160 5872 464 5925 Awmnunt
497 5866 590 5921 lib.
626 5880 685 5919 Il.

1860 3312 2218 3381 Datames,“
2246 3316 2403 3386 cujus
2436 3320 2655 3374 nomine
2686 3331 2740 3376 et
2779 3325 2926 3394 regio
2960 3329 3152 3380 sortita
3196 3332 3435 3384 vocabu-

1860 3404 1971 3456 lum
2008 3414 2114 3458 est.

1927 3490 2115 3558 Gcbal,
2142 3510 2299 3549 mons
2342 3496 2393 3551 in
2422 3506 2563 3551 terra
2585 3504 3048 3574 repromissionis,
3087 3509 3175 3564 ubi
3200 3510 3266 3565 ad
3316 3512 3425 3567 im-

1857 3585 2070 3653 perium
2116 3585 2280 3641 Mosis
2327 3589 2498 3643 altare
2527 3603 2902 3650 constructum
2939 3598 3103 3669 219
3147 3612 3251 3656 est.
3291 3604 3433 3658 Sunt

1858 3686 2039 3731 autem
2069 3676 2223 3747 juxta
2259 3677 2482 3736 Iericho
2517 3683 2628 3737 duo
2660 3694 2873 3740 montes
2918 3688 3080 3743 vicini
3130 3703 3318 3747 contra
3371 3711 3431 3748 se

1857 3768 2089 3825 invicem
2121 3772 2493 3839 respicientes,
2521 3791 2551 3829 e
2577 3779 2774 3845 quibus
2820 3796 2962 3834 unus
3008 3783 3265 3849 Garizim,
3296 3788 3432 3840 alter

1857 3861 2025 3916 Gebal
2096 3861 2320 3919 dicitur.
2400 3864 2571 3921 Porro
2656 3869 2985 3927 Samaritani
3052 3876 3428 3943 arbitrantur,

1859 3956 1958 4010 hos
2002 3957 2139 4009 duos
2164 3968 2381 4014 montes
2414 3959 2569 4024 juxta
2606 3958 2887 4031 Neapolim
2931 3982 3090 4033 esse;
3126 3972 3220 4024 sed
3272 3974 3431 4026 vehe-

1858 4058 2073 4103 menter
2107 4060 2296 4105 errant
2333 4069 2344 4104 :
2382 4054 2676 4119 plurimum
2715 4055 2864 4109 enim
2894 4056 3039 4111 inter
3094 4075 3151 4114 se
3193 4062 3424 4125 distant,

1858 4156 1959 4195 nec
1992 4153 2223 4207 possunt
2278 4142 2510 4197 invicem
2560 4144 3006 4201 henedicentium
3055 4150 3171 4205 sive
3202 4156 3425 4208 maledi-

1857 4235 2096 4286 centinm
2136 4235 2278 4287 inter
2303 4250 2360 4289 sc
2390 4236 2565 4291 audiri
2591 4253 2753 4293 voces
2779 4240 2948 4307 (quod
2964 4240 3245 4312 Scriptura
3264 4262 3427 4303 com-

1857 4324 2168 4392 memorat).

1926 4412 2173 4480 Garizin,
2202 4431 2359 4469 mons
2392 4432 2558 4488 super
2594 4435 2756 4488 quem
2800 4432 3075 4482 steterunt
3112 4425 3166 4480 bi
3196 4428 3285 4495 qtti
3312 4443 3426 4481 tua-

1858 4503 2055 4559 lcdicta
2111 4510 2463 4575 resonabant,
2514 4510 2667 4579 juxta
2705 4529 2869 4585 supra
2902 4516 3106 4572 dictum
3176 4530 3421 4575 montem

1780 4596 1824 4651 D
1855 4598 2046 4653 Gcbal.

1910 4691 2123 4760 Golgol,
2149 4708 2269 4762 qum
2292 4705 2348 4747 et
2381 4692 2589 4763 Galgal,
2641 4696 2796 4765 juxta
2838 4695 3001 4767 quam
3043 4711 3255 4758 montes
3300 4719 3423 4761 csse

1850 4783 2175 4838 arribuntur
2200 4786 2421 4839 Garizin
2464 4796 2517 4840 et
2547 4786 2737 4843 Gebal.
2796 4792 2984 4859 Galgal
3028 4805 3233 4859 autem,
3270 4799 3423 4853 locus

1848 4881 1934 4924 est
1961 4872 2117 4939 juxta
2172 4873 2414 4928 Iericho.
2468 4876 2690 4944 (Errant
2741 4878 2901 4948 igitur
2941 4880 3291 4949 Samaritani,
3329 4890 3420 4956 qui

1846 4962 2000 5031 juxta
2034 4963 2314 5034 Neapolim
2353 4967 2574 5023 Garizin
2608 4970 2844 5025 etGehaI
2876 4986 3091 5029 montes
3125 4980 3421 5036 ostendere

1854 5055 2063 5119 volunt,
2095 5071 2218 5111 cum
2243 5058 2363 5112 illos
2391 5060 2544 5129 juxta
2569 5059 2753 5130 Galgal
2801 5078 2923 5118 esse
2988 5065 3273 5136 Scriptura
3336 5078 3418 5127 te.

1851 5151 2072 5214 stetur).

1920 5322 1940 5352 ³
1974 5320 2237 5406 Origenes
2268 5339 2417 5388 vero,
2450 5326 2505 5406 i‘n
2542 5326 2873 5406 Matthreum,
2909 5345 3032 5406 pag.
3064 5332 3191 5406 151,
3216 5334 3419 5406 Gerge-

1850 5406 1963 5473 ἕρκη
2014 5392 2315 5447 Palaestina:
2362 5410 2389 5447 a
2430 5396 2646 5473 _Gerasa
2700 5392 2922 5473 Arabia!
2975 5392 3285 5473 distinguit.
3328 5392 3422 5461 Ἐκ

1852 5459 2140 5542 Ptolemmo
2166 5478 2382 5551 quoque
2413 5464 2549 5546 disci
2562 5459 3232 5551 mus.duasncognomities
3253 5459 3415 5532 urbes

1852 5532 2169 5609 exstitisse,
2225 5536 2461 5609 alteram
2526 5538 2578 5590 in
2659 5532 3043 5609 (Itale-Syria,
3124 5543 3281 5608 cujus
3362 5559 3415 5599 et

1856 5600 2171 5683 'S'tcphatLUS
2202 5601 2444 5683 .Byzant.
2504 5609 2776 5683 meminit,
2810 5600 3049 5683 ligatae
3114 5600 3268 5683 «sit;
3315 5615 3417 5683 τῆς

1852 5670 2055 5752 Κοιπεῃς
2080 5670 2283 5752 Συρίξξ
2312 5689 2325 5727 :
2354 5676 2576 5727 alteram
2615 5674 2668 5727 in
2698 5670 3147 5752 ‘ArabiaiPetrma.
3175 5670 3416 5752 Denique

1851 5751 1909 5823 et
1937 5736 2170 5823 I‘Zlaceus
2203 5740 2517 5823 Ce‘t'HSOrlttn
2563 5747 2844 5811 prorinciw
2869 5749 3103 5823 Ara/tia!
3146 5736 3423 5823 episcopus

1852 5809 2283 5867 (Ihalcedoncnsi
2317 5809 2927 5887 concilioSubscripsit..
