4188 7170
756 386 858 450 947

1949 400 2013 464 s.
2048 358 2358 461 Eusssu
2397 404 2841 469 HIERONYMI

3907 417 4016 478 948

826 496 1040 598 calami"
1076 496 1260 598 Μυθδτ
1289 504 1433 598 ξιιιοά
1480 499 1911 598 λίηιθτρτθιεηυτι
1951 508 2108 563 vallis
2149 508 2323 573 Moab.
2362 520 2402 572 Α
2506 516 2894 591 Golathmaim,
2923 523 3074 579 locus
3132 524 3223 594 qui
3285 525 3677 598 interpretatur
3734 531 4014 598 possessio

747 590 900 656 juxta
940 587 1182 661 Phogor,
1211 594 1299 648 ubi
1335 596 1589 664 sepultus
1616 607 1698 651 est
1725 597 1920 654 Moses.

1251 687 1338 742 DE
1397 689 1602 744 LlBRO
1637 691 1823 747 JESU.

820 775 1065 851 Galgala,
1111 781 1224 837 haec
1254 791 1337 837 est
1368 800 1532 855 quam
1575 797 1741 854 supra
1789 787 2073 855 posuimus
2113 788 2324 857 Golgol,

750 872 817 928 ad
855 875 1176 930 orientalem
1205 876 1418 948 plagam
1447 877 1684 947 antiquae
1714 878 1972 934 Jcrichus
2018 881 2098 936 cis
2126 881 2322 938 Jorda-

751 983 901 1030 nem,
938 969 1027 1023 ubi
1059 966 1216 1025 Jesut
1249 971 1490 1025 secundo
1543 970 1800 1040 populum
1852 973 2216 1038 circumcidit,
2273 985 2328 1029 et

754 1062 960 1119 Pascha
1009 1065 1327 1134 celebravit,
1386 1079 1439 1122 et
1469 1066 1760 1122 deﬁciente
1818 1083 2040 1129 manna.
2099 1069 2327 1122 triticeis

748 1157 983 1225 panibus
1003 1174 1132 1213 usus
1155 1167 1237 1214 est
1259 1159 1442 1214 Israel.
1478 1159 1533 1213 In
1561 1159 1680 1230 ipso
1706 1160 1828 1215 loco
1855 1159 2065 1229 lapides
2083 1176 2325 1229 quoque,
2362 1203 2371 1213 .

748 1263 886 1316 quos
917 1249 983 1304 de
1016 1250 1173 1304 alveo
1195 1251 1299 1318 (Al.
1335 1249 1567 1322 alveolo)
1597 1248 1853 1305 Jordanis
1886 1249 2149 1314 tulerant,
2209 1261 2324 1303 sta-

748 1350 973 1397 tnerunt
1023 1343 1162 1395 :uhi
1214 1352 1267 1396 et
1327 1342 1739 1398 tabernaculum
1795 1342 2088 1396 testimonii
2157 1342 2320 1396 ﬁxum

749 1434 924 1487 multo
959 1444 1202 1503 tempore
1235 1432 1356 1488 fuit.
1392 1435 1606 1490 Cecidit
1635 1443 1812 1488 autem
1841 1435 1894 1488 in
1928 1444 2130 1489 sortem
2152 1435 2325 1489 tribus

749 1524 921 1591 Judae,
959 1536 1011 1580 et
1037 1527 1350 1583 05tentlitur
1383 1543 1556 1597 usque
1587 1527 1750 1582 hodie
1783 1527 1936 1584 locus
1965 1529 2217 1583 desertus
2271 1529 2324 1582 in

747 1620 989 1674 secundo
1011 1619 1267 1676 Jerichus
1300 1621 1579 1683 milliario,
1617 1622 1685 1675 ab
1715 1622 1862 1676 illius
1915 1622 2154 1692 regionis
2185 1636 2327 1675 mor-

748 1713 947 1768 talibus
996 1715 1133 1769 miro
1187 1717 1331 1770 cultu
1385 1715 1622 1770 habitus.
1683 1715 1788 1770 Sed
1847 1726 1899 1770 et
1943 1717 2094 1786 juxta
2138 1715 2326 1770 Bethel

746 1804 968 1873 quidam
997 1805 1159 1859 aliam
1192 1803 1471 1872 Galgalam
1501 1806 1874 1874 suspicantur.

2542 615 2623 645 ιιι

2431 623 2712 745 aqllizdda.
2749 687 2803 741 in
2833 689 2977 745 tribu
3013 689 3171 747 Juda.
3201 689 3297 745 Est
3324 701 3508 746 autem
3555 692 3830 764 hodieque
3881 695 4010 749 villa

2429 775 2486 831 in
2515 778 2773 830 extremis
2803 780 3006 835 ﬁnibus
3036 783 3279 839 Dammae
3314 794 3505 839 contra
3558 787 3847 852 orientem,
3911 788 4012 841 iui-.-

2432 868 2502 922 mi
2513 884 2646 926 nens
2677 871 2811 926 mari
2845 872 3079 930 Mortuo.

2501 961 2735 1028 Gadera.
2768 966 2822 1020 in
2857 968 3004 1023 tribu
3047 967 3187 1024 Juda
3217 988 3230 1026 :
3260 987 3408 1028 nunc
3457 972 3764 1042 appellatur
3790 974 3917 1027 villa
3943 974 4008 1028 ad

2430 1056 2708 1126 regionem
2744 1059 2982 1116 civitatis
3021 1062 3281 1120 Alliensis
3319 1066 3618 1136 pertinens,
3648 1067 3872 1120 nomine
3898 1065 4007 1120 Ga-

2429 1147 2581 1214 dora,
2625 1151 2770 1207 circa
2808 1152 3227 1213 Terebintbum.

2500 1240 2775 1310 Gabedur,
2812 1246 2867 1302 in
2905 1249 3049 1304 tribu
3095 1249 3233 1306 Juda
3268 1269 3284 1307 :
3317 1252 3588 1323 hodieque
3620 1262 3852 1308 vocatur
3904 1253 4005 1309 Ge.

2428 1335 2580 1402 drus,
2604 1338 2757 1394 vicus
2787 1343 3126 1411 praegrandis
3155 1343 3210 1400 in
3243 1345 3454 1402 decimo
3482 1345 3744 1404 milliario
3780 1349 4007 1419 Diospo-

2427 1429 2540 1482 leos
2574 1433 2923 1501 pergentibus
2954 1435 3434 1508 Eleutheropolim.

2506 1520 2687 1587 Gabli,
2725 1533 2869 1580 terra
2896 1527 3336 1599 Allophylorum.

2498 1615 2686 1684 Gison,
2728 1619 2780 1672 in
2808 1619 2951 1674 tribu
2984 1618 3149 1677 Juda.

2499 1709 2690 1776 Gelon,
2728 1714 2782 1767 in
2819 1714 2961 1767 tribu
2999 1712 3158 1769 Juda.

2504 1801 2805 1868 Gatleroth,
2842 1805 2897 1860 in
2931 1807 3074 1861 tribu
3106 1804 3265 1861 Juda.

812 1899 932 1965 Gai,
975 1899 1130 1967 juxta
1184 1896 1392 1953 Bethan
1429 1909 1484 1953 ct
1535 1897 1746 1961 Bethel,
1780 1912 1942 1964 quam
1996 1902 2327 1968 expugnavit
2363 1896 2400 1948 Β
2503 1895 2664 1965 223
2708 1895 3085 1965 Getremmon,
3124 1898 3178 1953 in
3212 1899 3354 1953 tribu
3383 1896 3652 1965 Manasse,
3694 1900 3890 1956 civitas
3922 1913 4007 1953 se-

747 1987 932 2055 Jesus,
961 2005 1085 2061 rege
1121 1989 1269 2045 illius
1316 1981 1628 2051 interfecto,
1690 2001 1745 2043 et
1793 1988 2059 2044 habitavit
2116 1991 2169 2044 in
2236 1990 2323 2045 illa

747 2081 1019 2153 quondam
1089 2082 1227 2137 citra
1262 2081 1367 2154 (Al.
1399 2082 1560 2153 circa)
1589 2080 1882 2135 Jordanem
1917 2081 2267 2137 Amorrbaeus
2306 2100 2322 2151 ;

747 2190 893 2228 nunc
919 2173 1165 2228 desertus
1196 2182 1404 2228 tantum
1437 2172 1739 2228 ostenditur
1763 2173 1934 2227 locus.

816 2265 1068 2330 Gabaon,
1099 2266 1247 2321 unde
1279 2265 1596 2322 Gabaonita:
1633 2266 1909 2336 supplices
1948 2276 2223 2322 venerunt
2257 2268 2323 2323 ad

745 2356 931 2415 Jesum
972 2375 986 2411 :
1030 2371 1149 2414 erat
1200 2359 1328 2413 olim
1377 2359 1699 2429 metropolis
1748 2370 1803 2414 et
1868 2360 2067 2430 regalis
2128 2361 2325 2415 civitas

748 2449 1061 2513 Evzeorum,
1093 2451 1396 2520 ceciditque
1421 2452 1474 2504 in
1516 2459 1718 2505 sortem
1784 2450 1955 2506 tribus
2015 2449 2322 2521 Benjamin.

749 2543 815 2597 Et
837 2558 983 2597 nunc
1008 2542 1321 2597 omenditur
1353 2543 1476 2596 villa
1509 2545 1701 2597 eodem
1739 2543 1964 2596 nomine
2022 2543 2076 2597 in
2131 2551 2324 2610 quarto

746 2633 908 2703 222
945 2633 1201 2689 milliario
1241 2632 1504 2699 Bethelis,
1533 2644 1718 2688 contra
1778 2634 2169 2687 occidentalem
2213 2632 2324 2702 pla-

746 2742 888 2797 gam,
910 2727 1066 2796 juxta
1098 2724 1270 2780 Rama
1291 2734 1344 2780 et
1378 2725 1642 2780 Remmon
1674 2727 1798 2780 :nhi
1829 2724 2094 2779 Salomon
2127 2725 2322 2779 hostiis

748 2820 1063 2880 immolatis.
1099 2820 1344 2873 divinum
1373 2819 1572 2872 meruit
1603 2818 1910 2872 oraculum.
1949 2817 2078 2871 Fuit
2138 2825 2320 2871 autem

747 2920 804 2965 ct
830 2909 942 2980 ipsa
967 2919 1215 2980 separata
1242 2909 1466 2964 Levitis.

818 3002 993 3068 Gabe,
1049 3003 1218 3059 sortis
1255 3003 1564 3074 Benjamin,
1597 3013 1650 3057 et
1709 3003 1823 3056 hzec
1892 3002 2097 3056 Levitis
2129 3002 2322 3054 civitas

747 3108 1019 3164 separata.
1741 3149 1744 3153 .

817 3189 1013 3253 Gazer,
1056 3188 1110 3241 in
1161 3196 1307 3242 sone
1342 3187 1511 3241 tribus
1547 3184 1832 3256 Ephraim,
1895 3188 2026 3239 urbs
2068 3193 2318 3254 separata

750 3280 1000 3334 Levitis:
1045 3294 1207 3348 quam
1256 3287 1308 3331 et
1359 3279 1530 3347 ipsam
1577 3277 1905 3348 expugnavit
1958 3275 2139 3339 Jcsus,
2195 3292 2319 3347 rege

747 3374 896 3427 illius
920 3371 1230 3426 interfecto.
1258 3371 1547 3427 Etliﬁcata
1579 3382 1661 3425 est
1692 3381 1872 3425 autem
1901 3379 2086 3439 postea
2120 3384 2152 3422 a
2216 3368 2318 3422 Sac-

747 3467 964 3518 lomonc
998 3479 1009 3514 :
1047 3477 1196 3516 nunc
1228 3462 1436 3518 Gazara
1468 3463 1594 3518 villa
1613 3463 1820 3517 dicitur
1865 3463 1917 3516 in
1953 3471 2147 3529 quarto
2199 3462 2319 3515 mil-

747 3556 908 3609 liario
928 3553 1247 3624 Nicopoleos
1278 3564 1468 3610 contra
1526 3555 1980 3624 septentrionem.
2026 3551 2317 3608 Verumta-

748 3664 875 3703 men
903 3649 1214 3713 scicndum,
1257 3649 1403 3718 quod
1459 3648 1795 3718 alienigenas
1844 3663 1908 3702 ex
1951 3662 2013 3702 ea
2065 3647 2316 3716 prraitn

749 3757 856 3797 non
883 3743 1060 3813 potuit
1084 3743 1379 3813 expellere.

817 3833 1027 3897 Goson,
1067 3844 1122 3886 et
1157 3833 1298 3886 hanc
1315 3836 1644 3900 expugnavit
1672 3832 1855 3888 Jesus.

817 3923 980 3988 Getb,
1010 3924 1062 3978 in
1090 3926 1190 3978 hac
1220 3923 1492 3994 gigantes,
1518 3925 1609 3993 qui
1641 3925 1974 3980 vocabantur
1990 3923 2237 3986 Enacim,
2266 3931 2319 3976 et

749 4017 1165 4072 Philistinorum
1235 4017 1433 4070 accolae
1497 4028 1938 4086 permanserunt.
1999 4017 2319 4070 Ostenditur

750 4114 904 4165 vicus
928 4113 981 4164 in
1005 4112 1198 4180 quinto
1231 4110 1485 4165 milliario
1514 4112 1579 4165 ab
1607 4111 2013 4180 Eleutheropoli
2063 4109 2320 4164 euntibus

751 4205 1061 4274 Diospolim.

820 4300 1041 4364 Gesom,
1069 4301 1263 4354 civitas
1292 4300 1745 4370 alienigenarum,
1769 4312 1887 4366 qua:
1911 4305 1993 4350 est
2022 4296 2073 4350 in
2097 4293 2318 4366 Gargasi

751 4393 804 4446 in
837 4391 1192 4446 Basanitidc:
1243 4393 1308 4446 dc
1371 4407 1478 4462 qua
1516 4391 1612 4445 lilii
1655 4390 1819 4444 Israel
1885 4388 2155 4459 expellere
2213 4404 2320 4440 non

752 4485 1035 4538 valuerunt
1069 4482 1285 4538 Gesuri.

2430 1999 2618 2057 parata
2649 1990 2876 2044 Levitis.

2497 2081 2614 2139 Gai,
2652 2083 2806 2136 vallis
2835 2083 2950 2138 sive
3011 2095 3367 2157 prmruptum.

2500 2178 2847 2243 Gehennom,
2878 2183 3023 2251 quod
3060 2183 3477 2254 interpretatur,
3504 2185 3660 2240 vallis
3692 2184 3933 2244 Ennom,
3956 2193 4006 2236 et

2429 2272 2497 2327 ab
2536 2274 2637 2328 hac
2678 2275 2900 2342 quidam
2944 2287 3139 2346 putant
3170 2280 3497 2347 appellatam
3533 2280 3871 2349 gehennam.
3905 2281 4007 2332 Ce-

2427 2367 2560 2420 cidit
2593 2375 2775 2420 autent
2816 2368 2869 2420 in
2926 2379 3128 2424 sortem
3164 2371 3338 2426 tribus
3371 2372 3656 2443 Benjamin
3701 2373 3861 2441 juxta
3894 2388 4008 2424 mu-

2428 2475 2548 2513 rum
2585 2458 2894 2514 Jerusalem
2932 2471 3121 2516 contra
3147 2462 3429 2520 Orientem
3462 2466 3647 2535 (super
3679 2481 3785 2534 qua
3827 2465 3882 2518 in
3940 2465 4006 2516 li-

2427 2553 2540 2609 bris
2568 2555 2951 2610 chraicarum
2979 2557 3336 2622 Quaestionum
3389 2559 3600 2630 plenius
3628 2559 3842 2613 dictum
3881 2559 4006 2626 est).

2496 2645 2839 2716 Gethepher,
2876 2650 2932 2703 in
2969 2650 3114 2704 tribu
3150 2650 3417 2706 Zabulon.

2499 2740 2776 2804 Gelthael.
2813 2743 2862 2797 id
2898 2754 2982 2798 est
3012 2743 3168 2798 vallis
3199 2744 3436 2808 Efthael,
3471 2745 3525 2800 in
3563 2745 3704 2801 tribu
3730 2745 4003 2801 Zabulon.

2497 2833 2810 2898 Gabathon,
2846 2835 2900 2888 in
2928 2835 3073 2890 tribu
3105 2835 3241 2901 Dan,
3267 2837 3461 2892 civitas
3482 2847 3735 2907 separata
3767 2839 4003 2893 Levitis.

2425 2925 2519 2979 Est
2553 2941 2771 2996 quoque
2796 2927 3082 2996 oppidum,
3112 2928 3258 2998 quod
3281 2941 3510 2985 vocatur
3533 2929 3702 2993 Gabe,
3733 2931 3785 2984 in
3854 2945 4008 2985 sexto

2424 3018 2639 3074 decimo
2673 3020 2932 3076 milliario
2962 3020 3247 3086 Caesareae,
3282 3033 3336 3076 et
3367 3023 3470 3077 alia
3507 3024 3628 3078 villa
3662 3023 3918 3078 Gabatba
3956 3027 4006 3077 iu

2426 3113 2626 3167 ﬁnibus
2695 3113 3052 3168 Diocaesareae
3111 3115 3269 3184 juxta
3321 3115 3582 3184 grandem
3610 3131 3868 3183 campum
3906 3116 4008 3170 Le-

2425 3207 2895 3273 gionisznecnon
2954 3207 3104 3262 Gaba
3153 3216 3207 3262 et
3259 3206 3528 3273 Gabatha,
3584 3208 3748 3262 viculi
3810 3220 4006 3262 contra

2424 3300 2751 3355 orientalem
2785 3302 2995 3370 plagam
3034 3302 3296 3356 Dammae.
3351 3301 3459 3356 Sed
3496 3310 3549 3356 et
3595 3301 3702 3356 alia
3753 3301 4005 3357 Gabatha

2425 3391 2478 3444 in
2509 3393 2651 3447 tribu
2691 3393 3000 3462 Benjamin,
3034 3394 3124 3447 ubi
3170 3394 3270 3448 fuit
3295 3396 3492 3447 domus
3522 3394 3651 3447 Saul
3683 3411 3698 3446 :
3734 3395 4005 3463 alienige-

2423 3500 2620 3538 narum
2658 3501 2876 3554 quoque
2912 3488 2965 3540 in
3001 3486 3313 3557 Regnorum
3351 3486 3504 3541 libris
3540 3487 3790 3554 qumdam
3824 3489 4005 3542 Gaba-

2423 3579 2515 3632 tha
2551 3579 2812 3632 scribitur
2848 3579 2924 3647 (et
2947 3581 3102 3647 juxta
3132 3579 3411 3634 Bethleem
3447 3581 3500 3632 in
3535 3579 3675 3632 tribu
3699 3580 3890 3648 Juda).

2492 3671 2869 3735 Gctremmon,
2900 3672 3004 3726 alia
3068 3672 3265 3727 civitas
3300 3672 3354 3726 in
3381 3673 3527 3726 tribu
3561 3673 3697 3732 Dan.
3741 3685 4000 3742 separata

2423 3752 2649 3820 Levitis.
2681 3764 2775 3820 Est
2811 3775 2993 3819 autem
3030 3781 3176 3819 nunc
3213 3767 3339 3819 villa
3395 3767 3724 3834 praegrandis
3777 3767 3830 3818 in
3864 3768 4002 3819 duo-

2423 3863 2638 3917 decimo
2669 3862 2926 3915 milliario
2960 3861 3279 3932 Diospoleos
3309 3861 3658 3932 pergentibus
3675 3861 3742 3915 ad
3769 3876 3895 3917 eam
3931 3863 4001 3916 de

2424 3954 2828 4024 Eleutheropoli
2869 3956 2910 4008 ³.

2493 4048 2752 4106 Galilotb.
2778 4049 2927 4101 locus
2949 4049 3095 4117 juxta
3117 4045 3406 4101 Jordanem
3431 4048 3484 4101 in
3506 4048 3648 4102 tribu
3668 4047 3951 4118 Benjamin
3982 4069 4000 4110 :

2426 4138 2512 4192 ubi
2549 4139 2718 4192 altare
2754 4136 2985 4192 Domino
3015 4139 3418 4193 constituerunt
3451 4138 3540 4192 ﬁlii
3572 4139 3786 4196 Ruben.

2494 4229 2659 4295 Gaas,
2701 4244 2856 4285 mons
2909 4230 2965 4283 in
3000 4229 3144 4284 tribu
3176 4229 3454 4299 Ephraim,
3489 4231 3541 4284 in
3581 4233 3740 4302 cujus
3773 4246 4003 4302 septen-

2427 4323 2644 4378 trionali
2682 4324 2833 4393 plaga
2897 4323 3142 4392 sepultus
3179 4334 3262 4378 est
3294 4322 3454 4377 Jesus
3507 4324 3649 4378 ﬁlius
3705 4324 3852 4378 Nave
3889 4345 3904 4390 ;
3940 4340 4001 4382 et

2429 4430 2602 4484 usque
2663 4415 2821 4468 hodie
2873 4416 3027 4483 juxta
3080 4417 3260 4469 vicum
3327 4415 3574 4470 Thamna
3605 4417 3625 4447 ³
3677 4418 4004 4483 sepulcrum

2430 4507 2551 4576 ejus
2587 4507 2797 4577 insigne
2828 4516 3188 4561 monstratur.

824 4576 1102 4670 οέά-θτιεῖι
1134 4577 1300 4646 huius
1333 4571 2030 4670 νθξωη-ίτξίετῖεοίίἔθειξε-
2068 4570 2320 4670 [θείῖιιυε
2356 4595 2400 4650 D
2462 4570 2764 4661 'Gabaat'h,
2799 4599 2854 4652 in
2890 4600 3031 4652 tribu
3087 4599 3394 4670 Benjamin,
3449 4603 3579 4654 urbs
3627 4600 3870 4656 Phinees
3907 4604 4008 4659 ﬁlii

752 4667 894 4735 quod
925 4666 1091 4722 Jacob
1121 4678 1269 4721 trans
1291 4667 1483 4721 turrim
1503 4662 1682 4720 G'vder
1703 4664 1882 4717 ﬁxerit
1910 4663 2319 4718 tabernaculum

753 4771 908 4812 suum
946 4754 1095 4826 (Gen.
1122 4771 1282 4819 xxxv,
1310 4754 1395 4821 16,
1435 4756 1576 4824 apud
1600 4751 1795 4816 LXX).

822 4847 979 4901 Goim
1026 4847 1079 4900 in
1138 4846 1365 4917 Gelgel:
1417 4847 1559 4915 quod
1616 4845 1811 4914 Aquila
1859 4855 1914 4899 et
1961 4844 2321 4916 Symmachus

754 4939 1199 5008 interpretantur,
1237 4945 1428 5007 gentes
1468 4939 1522 4991 in
1553 4936 1758 5007 Gelgcl.

823 5024 1032 5094 Gelgcl,
1060 5033 1114 5080 et
1149 5027 1287 5079 hanc
1323 5027 1469 5094 cepit
1499 5025 1661 5080 Jesus
1695 5044 1709 5079 :
1745 5036 1798 5079 et
1831 5041 1976 5080 nunc
2011 5027 2322 5080 ostenditur

755 5115 878 5168 villa
909 5119 1134 5169 nomine
1161 5116 1423 5183 Galgulis,
1455 5116 1521 5170 ab
1548 5116 1890 5184 Antipatride
1921 5119 1973 5169 in
2016 5129 2174 5170 sexto
2207 5117 2322 5169 mil-

753 5207 911 5262 Iiario
944 5219 1128 5261 contra
1162 5207 1608 5276 septentrionem.

831 5342 843 5372 ι
886 5339 990 5393 Pro
1011 5340 1176 5410 hujus
1198 5341 1434 5395 nominis
1459 5341 1934 5409 interpretatione,
1961 5356 2077 5410 qua:
2105 5341 2321 5394 excide~

756 5423 856 5472 rat,
888 5420 1069 5464 notam
1122 5412 1215 5474 Ζτ,
1258 5411 1436 5479 spatio
1469 5412 1780 5471 interstitio,
1815 5412 2042 5465 adnotat
2077 5412 2321 5465 Vaticmi

755 5501 959 5556 codicis
986 5501 1245 5570 scriptor.
1277 5499 1500 5556 Rectius
1524 5517 1685 5570 porro
1705 5486 1926 5563 ειηειηιυ
1944 5501 2322 5568 Colathmaim,

756 5587 874 5640 qua:
902 5587 1006 5624 vox
1056 5569 1223 5625 Josue
1257 5588 1343 5639 xv,
1379 5573 1447 5627 l9
1474 5569 1726 5637 habetur,
1754 5575 2134 5626 resolutionem
2159 5589 2327 5640 aqua-

757 5660 874 5694 rum
908 5651 1060 5695 notat
1091 5661 1107 5722 ς
1133 5656 1195 5697 ac
1226 5641 1366 5696 forte
1389 5642 1752 5713 Hieronymus
1779 5644 2017 5712 profusio
2042 5644 2326 5712 scripserit

777 5727 853 5764 )I'O
880 5727 1156 5765 903888810.

777 5727 853 5764 )I‘O
918 5727 1156 5766 ossemo.

758 5728 774 5853 ξ
800 5783 846 5853 _'
876 5728 1205 5836 Emendandi
1231 5781 1446 5836 codices
1469 5780 1873 5853 Hieronymiani
1907 5791 2034 5836 sunt
2069 5783 2134 5835 ab
2159 5782 2324 5839 Eusc-

759 5851 870 5916 bio,
901 5852 1290 5925 legendumque
1309 5853 1638 5924 pergentibus
1673 5851 1735 5908 ob
1763 5871 1820 5910 ea
1855 5854 2320 5925 Eleutheropolim,

2427 4688 2702 4744 Eleazar:
2761 4689 2852 4745 ubi
2908 4690 3154 4759 sepultus
3205 4699 3289 4745 est
3323 4691 3633 4745 Eleazarus.
3666 4690 3764 4745 Est
3815 4708 4007 4748 autem

2423 4797 2571 4837 nunc
2605 4782 2875 4848 Gabatha,
2906 4783 3032 4837 villa
3084 4785 3135 4838 in
3170 4783 3498 4839 duodecimo
3521 4785 3698 4855 lapide
3737 4786 4006 4843 Eleuthe-

2426 4873 2701 4941 ropoleos,
2745 4872 2836 4926 ubi
2890 4883 2943 4928 et
2995 4874 3307 4944 sepulcrum
3388 4874 3668 4929 Antbacuc
3717 4877 4006 4946 prophetae

2426 4965 2735 5019 ostenditur
2765 4965 2812 5020 ‘.

2498 5055 2663 5125 226
2695 5056 2962 5121 Gabaam,
2990 5074 3163 5128 usque
3196 5061 3260 5114 ad
3295 5063 3432 5114 hanc
3462 5060 3722 5114 bellatum
3752 5070 3834 5114 est
3863 5076 4006 5115 con-

2427 5156 2507 5198 tra
2551 5147 2753 5200 tribum
2809 5147 3108 5217 Benjamin,
3153 5152 3294 5205 sicut
3327 5152 3380 5204 in
3411 5151 3546 5204 libro
3575 5148 3830 5205 Iudicum
3869 5155 4005 5205 scri.

2428 5237 2574 5291 bitur
2613 5235 2765 5305 (Jud.
2802 5242 2914 5304 xx).

2427 5375 2697 5426 ἀπιόντων
2730 5391 2750 5424 ε
2763 5377 2808 5434 ξς
2844 5374 3063 5428 Ἐλευθε
3076 5375 3314 5441 ρόπολιν.

2497 5445 2516 5475 ³
2557 5446 2688 5509 Quae
2708 5445 2914 5514 scilicet
2941 5443 3238 5496 Thamuath
3263 5462 3379 5499 rare
3405 5447 3626 5510 dicitur,
3657 5446 3823 5501 Josue
3850 5466 4004 5514 xxiv,

2427 5515 2514 5576 50.
2549 5529 2656 5567 n0n
2697 5529 2819 5582 qua:
2870 5513 3110 5566 Thamna
3161 5515 3504 5581 simpliciter,
3539 5527 3595 5570 et
3625 5520 3800 5571 ll'lbllS
3848 5520 4006 5574 ludar.

2429 5585 2550 5638 l’uit.
2593 5583 2726 5636 Vide
2763 5585 2857 5636 lib.
2892 5599 2905 5636 ι
2939 5583 3133 5637 Contra
3182 5584 3452 5640 Jovinian.
3486 5603 3640 5639 num.
3679 5587 3766 5641 l5.

2499 5655 2519 5684 ⁸
2561 5653 2627 5706 Ει
2649 5669 2810 5722 supra
2831 5654 2897 5708 ad
2928 5653 3095 5714 Ceila,
3126 5654 3361 5721 itemque
3381 5663 3447 5710 ad
3481 5657 3673 5710 Echela
3704 5658 3844 5710 idem
3875 5661 4006 5713 Am-

2430 5724 2618 5778 bacuci
2655 5724 3300 5795 sepulcrumbtonstrari
3360 5728 3592 5779 traditur
3627 5746 3640 5781 :
3677 5728 3824 5793 quod
3871 5745 4005 5795 pro-

2430 5795 2570 5864 jecta
2603 5795 2904 5864 temeritate
2935 5793 3178 5850 Clericus
3202 5794 3305 5864 hoc
3339 5796 3391 5848 in
3421 5797 3541 5849 loco
3565 5797 3801 5856 deridet.
3835 5793 4006 5851 sec..-

2436 5875 2627 5927 satque
2652 5863 2978 5927 ἀντιλογίας.
3015 5864 3213 5919 Contra
3245 5863 3518 5922 Relaudus
3545 5883 3607 5924 at:
3650 5868 4003 5924 libettlcrdus
