4188 7148
180 421 284 486 949

576 538 665 594 DE
690 535 1076 595 REGNORUM
1108 534 1356 591 LlBBlS.

243 656 508 722 Geththa,
559 655 625 710 ad
657 668 820 726 quem
878 653 1061 709 locum
1118 651 1522 708 transtulerunt
1578 656 1759 706 arcam

176 751 497 808 testamenti
528 749 597 805 de
624 751 800 805 Axoto
833 767 848 805 :
878 763 1027 803 nunc
1058 746 1213 803 vicus
1258 745 1487 816 grandis
1532 754 1765 801 vocatur

171 844 489 910 Giththam,
537 843 683 900 inter
715 842 1112 914 Antipatridem
1150 848 1205 897 et
1231 839 1529 896 Jamniam.
1576 839 1682 895 Sed
1711 849 1761 896 et

179 941 288 996 alia
325 940 459 994 villa
481 938 789 1010 appellatur
818 934 1125 992 Geththim.

242 1031 471 1099 Gallim,
505 1031 651 1087 unde
681 1030 785 1085 fuit
814 1028 1050 1095 Phalthi,
1079 1027 1173 1098 qui
1200 1036 1323 1097 post
1355 1027 1534 1095 fugam
1591 1027 1760 1082 David

175 1127 380 1182 Michol
424 1140 651 1181 uxorem
687 1125 806 1196 ejus
835 1130 1150 1193 acceperat.
1188 1120 1436 1177 Meminit
1468 1122 1629 1191 hujus
1657 1122 1758 1175 loci

173 1230 225 1274 et
257 1219 455 1275 Isaias.
487 1217 699 1273 Dicitur
724 1228 909 1273 autem
937 1232 1061 1272 esse
1083 1216 1305 1288 quidam
1332 1214 1488 1284 juxta
1511 1214 1759 1269 Accaron

174 1314 354 1375 vicus,
408 1312 504 1382 qui
544 1320 769 1367 vocetur
806 1310 1017 1366 Gallaa.

242 1405 569 1471 Gelamsur,
600 1407 750 1478 regio
790 1404 1232 1475 Allophylorum.

250 1498 489 1562 Gelboe,
525 1510 744 1554 montes
770 1497 1227 1568 alienigenarum,
1285 1500 1339 1550 in
1397 1503 1551 1550 sexto
1582 1494 1762 1564 lapide

179 1608 207 1645 a
249 1593 597 1662 Seythopoli,
650 1592 706 1645 in
759 1590 960 1661 quibus
993 1601 1049 1645 et
1089 1589 1240 1644 vicus
1274 1596 1360 1642 est
1390 1588 1635 1657 grandis,
1669 1590 1759 1657 qui

177 1696 411 1738 vocatur
440 1683 666 1739 lehtts.

253 1753 473 1814 Gedud.
496 1757 562 1808 ad
593 1770 753 1823 quam
782 1752 1064 1809 descendit
1094 1752 1259 1806 David
1291 1771 1303 1806 :
1334 1767 1433 1822 pro
1460 1751 1763 1836 quoquui-

177 1849 247 1911 la,
280 1849 376 1899 τὸν
412 1846 671 1910 εὔζωνον,
707 1845 757 1899 id
812 1856 918 1909 est,
946 1845 1261 1915 expeditum
1294 1844 1377 1899 vel
1409 1845 1757 1909 accinctum;

179 1941 569 2011 Symmachus,
637 1938 911 1993 latronum
999 1953 1258 1998 cuneum,
1331 1936 1752 1990 transtulerunt.

243 2034 489 2095 Gazera,
525 2032 616 2087 ubi
648 2032 916 2101 percussit
950 2030 1116 2086 David
1147 2030 1506 2101 alienigenas.
1561 2028 1756 2084 Posui-

178 2144 301 2183 mus
334 2137 391 2181 et
426 2140 595 2195 supra
636 2124 812 2180 Gazer

245 2241 453 2305 Gesur,
483 2240 635 2309 regio
667 2240 1094 2309 alienigenarum
1129 2240 1180 2294 in
1227 2238 1405 2311 Syria.

242 2333 436 2398 Gilon,
469 2334 611 2387 unde
640 2331 740 2385 fuit
773 2332 1119 2400 Achitophel.

241 2422 391 2487 Gob,
429 2421 521 2477 ubi
559 2422 915 2477 commissum
951 2433 1036 2478 est
1068 2422 1319 2494 prxlium
1354 2421 1432 2490 (11
1476 2420 1605 2491 Reg.
1638 2436 1750 2483 ut,

181 2520 289 2588 ts).

239 2612 471 2667 Galilaa
506 2628 522 2663 τ
561 2611 679 2665 dore
717 2620 846 2663 sinit
876 2608 1129 2670 Galilmm,
1160 2623 1189 2662 e
1216 2608 1421 2677 quibus
1454 2623 1559 2662 una
1606 2607 1752 2660 Gali-

176 2706 271 2761 hea
311 2707 561 2776 gentium
599 2714 847 2767 vocatur,
882 2703 1056 2757 vicina
1086 2702 1283 2755 niuibus
1312 2700 1627 2772 Tyriorum,
1662 2702 1751 2755 ubi

175 2810 226 2852 et
256 2798 523 2852 Salomon
563 2796 757 2866 viginti
809 2795 1059 2849 civitates
1104 2793 1327 2847 donavit
1381 2794 1602 2847 Chiram
1640 2794 1752 2861 regi

176 2890 331 2957 Tyri,
361 2890 413 2943 in
455 2901 603 2943 sorte
634 2888 808 2942 tribus
840 2886 1132 2956 Ncphthali
1174 2903 1187 2942 :
1235 2886 1405 2938 altera
1441 2900 1572 2938 vero
1601 2881 1751 2938 Gali-

178 2983 274 3036 Iaa
304 2979 511 3034 dicitur
545 2980 689 3032 circa
718 2975 1085 3048 Tybcriadem
1123 2985 1178 3030 et
1217 2985 1473 3045 stagnum
1506 2974 1752 3029 Geneta-

176 3073 324 3134 reth.
360 3072 416 3125 in
449 3072 591 3124 tribu
620 3068 890 3123 Zabulon.

245 3164 419 3227 Gion,
460 3163 551 3217 ubi
587 3162 844 3215 Salomon
872 3169 955 3214 est
985 3168 1186 3212 unctus
1225 3159 1276 3211 in
1312 3175 1511 3226 regem.

1111 421 1211 481 DE
1253 420 1429 482 SITU
1467 420 1563 480 ET
1596 415 1872 480 ΝΟΜΙ-Ν.
1914 418 2072 480 LOC.
2118 418 2476 480 lIElillAiC.

1779 537 1831 598 Δ

3332 419 3440 479 950

1929 530 2136 599 Cepha,
2168 546 2362 585 noinen
2400 530 2657 600 regionis,
2684 539 2743 584 ut
2777 528 2829 584 in
2866 528 3000 583 Isaia
3036 530 3294 600 scriptum
3336 541 3437 586 est.

1938 627 2195 689 ﬂantem,
2230 626 2346 680 sive
2391 624 2623 688 Gamon,
2656 624 2808 694 regio
2856 623 3241 687 Moabitarutn,
3278 623 3436 692 juxta

1864 720 2082 774 Isaiam.

2356 810 2443 864 DE
2495 808 2935 865 EVANGELIIS.

1934 922 2170 990 Cadara,
2227 924 2356 980 urbs
2406 935 2557 981 trans
2602 921 2929 989 Jordanem,
2970 932 3163 979 contra
3211 922 3441 996 Scytho-

1865 1016 2028 1085 polim
2076 1028 2131 1070 et
2170 1015 2526 1089 Tyberiadem
2564 1018 2630 1071 ad
2668 1014 2994 1072 orientalem
3054 1016 3268 1085 plagam
3326 1016 3435 1072 sita

1864 1108 1918 1163 in
1966 1117 2174 1175 monte,
2202 1110 2269 1163 ad
2303 1110 2458 1181 cujus
2483 1111 2696 1167 radices
2719 1125 2874 1181 aqua:
2902 1107 3091 1164 calida:
3116 1121 3435 1181 erumpunt,

1861 1202 2075 1258 balneis
2114 1203 2352 1271 desuper
2379 1204 2683 1259 aedilitatis.
3262 1252 3263 1255 η

1938 1297 2199 1368 Gergesa,
2236 1296 2327 1351 ubi
2363 1312 2458 1351 eos
2509 1297 2599 1367 qui
2632 1312 2660 1351 a
2700 1294 3043 1351 daemonibus
3078 1294 3437 1360 vexabantur,

1864 1392 2114 1447 Salvator
2174 1390 2419 1445 restituit
2511 1390 2756 1453 sanitati,
2817 1398 2871 1443 et
2943 1389 3218 1459 hodieque
3277 1406 3441 1453 super

1865 1490 2105 1535 montem
2140 1482 2352 1537 viculus
2380 1482 2816 1545 demonstratur,
2848 1480 3004 1549 juxta
3041 1490 3293 1551 stagnum
3332 1479 3441 1547 Ty-

1864 1571 2132 1636 bcriadis,
2168 1572 2221 1626 in
2262 1574 2408 1641 quod
2442 1571 2591 1641 porci
2638 1571 2959 1641 praeeipitati
2994 1583 3141 1626 sunt.
3191 1570 3441 1625 Diximus

1864 1667 1929 1720 de
1967 1665 2070 1718 hoc
2099 1673 2155 1718 et
2185 1680 2373 1735 supra.

1934 1754 2313 1819 Gcthscmaui,
2356 1756 2507 1810 locus
2541 1755 2628 1809 ubi
2666 1754 2917 1811 Salvator
2971 1766 3096 1807 ante
3128 1754 3436 1824 passionem

1866 1848 2063 1902 oravit.
2100 1847 2195 1903 Est
2233 1859 2412 1902 autem
2445 1850 2511 1903 ad
2543 1849 2751 1905 radices
2788 1848 2990 1904 montis
3051 1846 3245 1902 Oliveti
3295 1864 3439 1903 nunc

1860 1943 2090 1997 ecclesia
2142 1943 2375 2011 desuper
2405 1942 2691 1997 mdiﬁcata.

1930 2037 2197 2107 Golgotha
2249 2036 2402 2091 locus
2439 2034 2723 2097 Calvariae,
2759 2034 2812 2088 in
2858 2051 2969 2104 quo
3036 2034 3291 2088 Salvator
3342 2048 3439 2100 pro

1861 2132 2035 2187 Salute
2059 2132 2303 2185 omnium
2328 2130 2625 2185 cruciﬁxus
2651 2136 2755 2192 est,
2782 2138 2839 2182 et
2869 2144 3040 2197 usque
3066 2128 3225 2183 hodie
3253 2137 3437 2182 osten-

1861 2227 2011 2281 ditur
2043 2227 2096 2281 in
2130 2225 2277 2281 Elia
2328 2223 2396 2279 ad
2448 2224 2938 2295 septentrionalem
2974 2224 3183 2295 plagam
3235 2226 3440 2279 montis

1859 2320 2011 2374 Sion.

2443 2431 2531 2486 DE
2569 2431 2842 2487 GENESI.

1930 2548 2125 2615 Jaboc,
2160 2549 2379 2610 ﬂuvius,
2408 2563 2518 2617 quo
2554 2547 2901 2608 transmisso,
2946 2546 3184 2600 luctatus
3217 2558 3299 2600 est
3344 2545 3435 2600 Ja-

1859 2640 1962 2694 cob
1995 2642 2251 2694 adversus
2286 2638 2544 2707 eum,qui
2577 2636 2683 2691 sibi
2709 2646 3062 2705 apparuerant,
3096 2644 3435 2702 vocatusque

1858 2742 1943 2789 est
1976 2734 2160 2788 Israel.
2204 2732 2350 2786 Fluit
2380 2740 2562 2785 autem
2609 2730 2751 2783 inter
2779 2728 3032 2789 Amman.
3068 2728 3117 2781 id
3170 2738 3277 2791 est,
3312 2727 3435 2780 Phi-

1864 2826 2218 2896 ladelphiam,
2253 2831 2308 2878 ct
2351 2823 2596 2877 Gerazan
2627 2822 2702 2890 (in
2734 2830 2931 2888 quarto
2974 2818 3233 2872 milliario
3252 2820 3419 2888 ejus),

1856 2929 1911 2975 et
1940 2920 2078 2973 ultra
2110 2916 2440 2988 procedens,
2471 2914 2695 2969 Jordani
2728 2913 2890 2966 ﬂuvio
2914 2913 3327 2967 commiscetur.

1928 3014 2185 3076 ldntmca,
2222 3012 2371 3081 regio
2403 3011 2542 3065 Esau
2581 3026 2595 3063 :
2626 3025 2745 3078 quae
2782 3024 2845 3063 ex
2873 3024 2938 3063 eo
2968 3008 3111 3078 quod
3144 3008 3234 3063 ille
3264 3007 3431 3062 Edoni

1858 3106 2179 3170 vocabatur,
2210 3120 2410 3159 nomen
2439 3104 2675 3173 accepit.
2708 3100 2803 3155 Est
2830 3109 3014 3155 autem
3068 3100 3210 3154 circa
3245 3101 3434 3154 urbem

1859 3198 2095 3261 Petram,
2127 3213 2246 3266 quae
2278 3212 2423 3251 nunc
2447 3196 2649 3251 dicitur
2682 3193 2989 3249 Gcbalene.

244 3257 379 3320 Ge"
412 3256 566 3309 locus
586 3255 646 3361 Ii"
668 3267 786 3361 .quo
820 3252 1095 3361 ιξθτέυθξίξ
1115 3249 1220 3361 ile“
1251 3266 1344 3305 rex
1376 3252 1537 3306 Isme'
1575 3249 1751 3307 ocl'o'
1782 3260 1825 3317 (ἶ
1859 3249 1880 3253 —
2135 3249 2529 3356 illietb,regioi
2570 3287 2879 3356 principum
2911 3284 3104 3349 Edoni,
3132 3284 3184 3338 in
3216 3283 3435 3349 eadem,

176 3353 316 3406 ziam
354 3364 535 3419 regem
578 3347 799 3411 Iudaea,
826 3345 979 3416 juxta
1015 3344 1275 3400 Jehlaam.

243 3440 766 3510 Gettha-Cbopher,
804 3437 946 3494 unde
971 3437 1140 3493 Jonas
1177 3438 1439 3508 prapheta
1472 3436 1597 3491 fuit.

246 3535 449 3599 Gaddi,
483 3548 646 3603 quam
679 3532 958 3603 percussit
990 3531 1154 3587 Azael
1198 3546 1293 3585 rex
1347 3530 1617 3585 Damasci.
1649 3530 1751 3585 Po-

176 3631 275 3685 sita
311 3639 394 3683 est
427 3638 484 3681 et
510 3642 674 3694 supra
709 3624 919 3679 Gadda.

246 3721 498 3783 Gemala,
536 3720 685 3788 regio
732 3717 1118 3781 ldumzeorum,
1151 3732 1249 3785 pro
1281 3732 1388 3785 qua
1441 3716 1636 3785 Aquila
1700 3726 1755 3770 ct

179 3812 548 3883 Symmachus
583 3810 1045 3879 interpretantur,
1086 3808 1280 3861 vallem
1322 3808 1471 3862 salis.

246 3926 448 3989 Gcbin,
490 3925 742 3979 meminit
778 3926 935 3995 hujus
958 3925 1149 3979 Isaias.
1200 3923 1265 3978 Et
1305 3932 1388 3977 est
1420 3924 1541 3977 villa
1577 3922 1748 3990 Geha,

176 4020 228 4071 in
265 4010 464 4084 quinto
502 4015 763 4068 milliario
793 4029 823 4067 a
856 4013 1107 4083 Gupbnis
1134 4014 1397 4068 euntibus
1444 4012 1746 4081 Neapolim.

242 4109 405 4179 227
432 4109 642 4170 Gozan,
666 4108 719 4160 in
755 4107 972 4177 regione
1002 4105 1196 4161 Einath
1225 4124 1239 4162 :
1272 4116 1327 4162 et
1368 4106 1531 4176 hujus
1556 4105 1752 4160 memi-

179 4208 262 4259 nit
298 4206 490 4259 Isaias.
527 4201 623 4255 Est
653 4208 835 4254 autem
868 4202 922 4254 in
961 4199 1161 4257 ﬁnibus
1196 4198 1473 4256 Damasci.

242 4297 448 4363 Gareb,
482 4294 637 4350 collis
668 4292 823 4363 juxta
868 4291 1194 4359 Jerusalem,
1236 4296 1378 4349 sicut
1424 4292 1617 4347 scribit
1662 4290 1750 4345 Je-

175 4406 401 4447 7801135-

242 4482 494 4538 Gebarth
529 4482 544 4511 ⁸
575 4495 590 4533 :
634 4492 733 4549 pro
776 4491 885 4547 quo
915 4475 1111 4546 Aquila
1145 4476 1555 4545 interpretatur,
1589 4476 1639 4530 in
1667 4492 1750 4531 se-

1857 3380 1925 3434 de
1951 3397 2055 3451 qua
2086 3395 2251 3451 supra
2278 3380 2538 3441 diximus,
2562 3376 2860 3432 Gebalene.

2454 3494 2542 3548 DE
2582 3490 2837 3549 EXODO.

1932 3610 2075 3665 lroth
2112 3614 2153 3674 ²,
2191 3612 2341 3664 locus
2379 3608 2607 3674 deserti,
2639 3611 2702 3663 ad
2731 3623 2894 3678 quem
2927 3616 3199 3661 venerunt
3229 3607 3318 3662 lilii
3351 3606 3430 3662 ls-

1856 3704 1993 3767 rael,
2026 3719 2173 3756 mare
2211 3701 2457 3755 Rubrum
2497 3704 2937 3759 transfretanles.

2037 3815 2122 3870 DE
2186 3815 2491 3870 AUMERIS
2534 3818 2624 3871 ΕΤ
2680 3818 3249 3878 DEUTERONOMIO.

1926 3928 2232 3993 Jetaltatha,
2279 3937 2458 3984 castra
2509 3930 2560 3982 in
2613 3931 2912 3987 solitudine
2950 3934 3182 3987 ﬁliorum
3243 3934 3425 3987 Israel.

1931 4019 2273 4082 Incendium,
2305 4020 2358 4073 id
2391 4030 2473 4073 est
2505 4022 2886 4090 ὲμπυρισμὸς,
2922 4024 3073 4078 locus
3100 4025 3153 4077 in
3190 4026 3425 4088 deserto,

1857 4112 1949 4166 ubi
1982 4111 2274 4177 quamdam
2305 4120 2510 4178 partem
2562 4113 2745 4180 populi
2796 4114 3014 4167 ﬂamma
3066 4120 3425 4187 consumpsit.

1922 4202 2195 4264 lnthaath,
2233 4211 2412 4257 castra
2445 4203 2499 4256 in
2534 4201 2754 4258 deserto
2792 4205 3024 4260 iiliorum
3060 4207 3250 4262 Israel.

1925 4294 2129 4358 Janna,
2168 4309 2289 4361 qua:
2318 4304 2401 4348 est
2433 4296 2484 4347 in
2517 4309 2711 4365 campo
2751 4296 2927 4357 Moab.
2950 4300 3141 4355 subtus
3172 4302 3426 4356 verticem

1856 4388 2086 4458 Phasga,
2136 4387 2187 4439 id
2216 4397 2319 4449 est,
2355 4388 2548 4452 excisi,
2600 4389 2745 4456 quod
2782 4392 3004 4460 respicit
3039 4394 3104 4446 ad
3149 4394 3425 4451 desertum

1850 4480 2003 4549 juxta
2035 4480 2243 4532 Arnon.

173 4579 337 4646 pibus
373 4593 387 4631 2
428 4574 798 4647 Symmachus
830 4584 981 4635 vero,
1019 4572 1071 4624 in
1108 4569 1363 4626 coloniis.
1409 4569 1571 4640 (Lege
1599 4568 1751 4626 Jere-
1780 4608 1825 4664 υ
1921 4568 2097 4635 Jassa,
2132 4570 2222 4623 ubi
2254 4570 2514 4625 adversus
2550 4570 2731 4626 Sehon
2763 4575 3218 4629 Amorrhteorum
3246 4593 3425 4647 regem

175 4670 395 4737 iniam.)

172 4853 307 4905 nihil
339 4852 409 4905 ab
444 4850 684 4904 Eusebio
714 4857 808 4901 aut
849 4846 1181 4918 Hieronymo
1229 4856 1511 4916 peccatum
1562 4855 1750 4901 σειρη-

172 4925 330 4985 dunt,
373 4923 641 4984 valdeque
698 4920 907 4972 erudite
959 4920 1251 4973 observant
1302 4920 1399 4973 tria
1459 4919 1570 4971 lia-c
1607 4919 1743 4980 loca,

173 4992 343 5049 Ceila.
392 4991 586 5044 Echela
629 5002 683 5044 ct
720 4989 967 5044 Cabatlta
1018 4991 1185 5044 fuisse
1232 4990 1284 5043 iu
1320 4989 1405 5041 via
1437 4989 1599 5057 Ilegia
1655 4989 1742 5042 vel

176 5064 401 5115 militari
440 5063 539 5114 sita
574 5063 716 5114 inter
766 5060 1226 5126 Eleutheropolim
1274 5069 1327 5112 et
1369 5058 1746 5126 Chelironetn,

170 5135 314 5197 quod
347 5149 415 5185 ex
448 5134 530 5185 his
562 5147 681 5200 qu.e
730 5132 794 5182 ad
832 5131 1300 5200 tIeilaidieuntur,
1338 5129 1645 5200 manifesto
1686 5130 1749 5182 li-

171 5214 315 5271 quet.
354 5199 626 5255 Nimirum
664 5202 920 5271 euntibus
970 5199 1368 5271 Eleutlteronoli
1406 5200 1749 5271 Chelironem

173 5267 382 5335 versus,
422 5272 486 5323 ad
541 5270 831 5333 septimum
880 5269 1108 5335 lapidem
1164 5267 1357 5321 Ecltela
1394 5270 1744 5329 occurrebat,

170 5343 233 5393 ad
280 5353 539 5394 octavum
600 5337 765 5401 Ceila,
799 5340 864 5391 ad
920 5339 1192 5392 decimum
1250 5337 1493 5391 Gabatha
1526 5353 1543 5390 :
1573 5352 1747 5405 neque

171 5414 306 5465 adeo
341 5414 560 5473 mirum,
593 5412 634 5461 si
677 5410 904 5463 duarum
933 5409 1209 5461 leucarum
1238 5409 1415 5474 Spatio
1450 5408 1588 5460 idem
1623 5423 1746 5460 nio-

174 5492 498 5534 numentum
536 5483 712 5533 tribus
740 5488 832 5532 aut
880 5478 1125 5544 pluribus
1168 5478 1301 5531 locis
1342 5487 1745 5529 monstraretur-

172 5554 234 5603 a-l
289 5556 597 5613 dexteram,
650 5550 730 5603 vel
786 5551 1066 5602 sinistram
1106 5550 1205 5601 viae
1257 5548 1508 5599 militaris
1553 5548 1742 5607 situm,

175 5622 409 5674 maxime
444 5621 485 5671 si
517 5622 766 5687 imposita
811 5619 981 5670 moles
1022 5619 1180 5684 paulo
1212 5620 1370 5670 altior
1404 5616 1522 5675 fuit.
1561 5626 1654 5669 aut
1692 5619 1742 5687 iu

173 5692 391 5743 eolitiori
443 5691 561 5742 levo
602 5686 904 5744 exstructa.
940 5688 1082 5755 quod
1135 5698 1253 5741 erat
1283 5688 1347 5739 ad
1396 5688 1515 5755 ejus
1567 5686 1744 5753 gentis

177 5761 454 5819 iuga-nium
503 5760 661 5825 paulo
694 5759 954 5810 remotius
1000 5773 1029 5809 c
1065 5757 1145 5808 via
1181 5758 1417 5823 publica.
1457 5756 1744 5808 I'Iuinivero

180 5848 284 5881 non
317 5846 367 5881 Ill
396 5832 579 5886 aliquo
618 5830 777 5881 trium
810 5830 1003 5880 horum
1035 5828 1299 5888 locorum,
1333 5826 1532 5883 nedum
1565 5827 1616 5877 in
1648 5827 1745 5878 tri-

179 5901 275 5955 l'us‘
305 5901 439 5961 insis
476 5900 793 5960 t-rutoltctazu
829 5898 994 5952 fuisse
1028 5900 1297 5966 sepultum
1350 5896 1617 5952 Eusebius
1652 5908 1742 5951 aut

1857 4662 2168 4717 ditnicatur.
2205 4661 2451 4717 Meminit
2484 4664 2647 4735 hujus
2678 4663 2846 4721 Isaias
2892 4667 2946 4721 in
2980 4668 3185 4723 visione
3236 4681 3425 4725 contra

1856 4848 2217 4918 Hieronymus
2263 4846 2456 4899 docent
2501 4848 2640 4903 :sed
2692 4857 2898 4901 tantum
2935 4851 3085 4915 juxta
3147 4849 3263 4903 haec
3310 4851 3426 4905 loca

1854 4921 1974 4988 ejus
2032 4934 2441 4972 monumentum
2497 4919 2791 4972 monstrari
2839 4920 3058 4973 solitum
3099 4920 3425 4984 viatoribus.

1852 4991 1941 5059 qui
1980 5006 2129 5053 :eque
2157 4990 2222 5042 ab
2257 4989 2376 5052 hoc,
2414 5005 2574 5057 quam
2612 4990 2680 5043 ab
2710 4989 2799 5059 illo
2846 4991 3167 5058 conspicere
3214 4992 3423 5059 potuis-

1852 5072 2001 5183 lslent.
2036 5060 2334 5112 Adducitur
2356 5063 2405 5112 in
2432 5064 2569 5114 hanc
2606 5076 2716 5114 rem
2744 5058 2954 5129 Virgilii
2987 5058 3428 5130 quoqueversus

1872 5145 2035 5183 'coa.
2076 5146 2128 5183 tx
2166 5146 2181 5183 :

1872 5145 2035 5199 Lcltig.
2076 5146 2128 5183 tx
2166 5146 2181 5185 :

1914 5243 2037 5303 Hinc
2069 5243 2193 5289 adeo
2218 5241 2374 5289 media
2400 5247 2477 5288 est
2510 5240 2651 5289 nobis
2680 5241 2781 5301 via;
2810 5252 3018 5303 namque
3049 5242 3330 5302 sepulcrum

1917 5302 2095 5364 incipit
2116 5317 2356 5364 apparere
2386 5305 2623 5352 Bianoris.

1926 5405 1940 5435 ⁸
1984 5404 2230 5465 Cebartlt.
2270 5414 2377 5458 etc.
2406 5404 2480 5457 lla
2509 5419 2641 5457 mss.
2678 5403 2912 5463 codices,
2946 5401 3077 5455 editi
3130 5419 3258 5457 vero
3297 5406 3420 5461 libri

1850 5476 2033 5539 legunt
2059 5474 2287 5536 Gaballi.
2317 5473 2565 5527 Ieremia:
2590 5474 2777 5541 capita'
2798 5490 2886 5535 xv,
2907 5490 3014 5527 non
3043 5472 3297 5543 Cubarth,
3327 5480 3423 5533 sed

1850 5545 2124 5604 Galerotlt.
2161 5546 2433 5609 signiliCat
2468 5560 2634 5609 senes.
2677 5544 2946 5598 Manum.

1918 5617 1938 5645 ⁸
1984 5616 2057 5667 Ex
2094 5615 2420 5684 composito,
2487 5612 2856 5684 I’hihahirot/z,
2901 5614 3041 5682 quod
3072 5612 3417 5684 Septuaginta

1849 5685 2009 5738 Num.
2046 5683 2234 5746 xxxiii,
2264 5685 2315 5745 5,
2351 5686 2523 5750 στόμα
2556 5683 2745 5752 εερὼο,
2779 5702 2833 5736 os
2869 5684 3012 5738 Irot/i
3044 5683 3416 5750 interpretan.

1850 5768 1957 5817 tur,
1999 5757 2245 5808 avulsum
2277 5758 2377 5807 hoc
2430 5770 2624 5806 nomett
2679 5769 2821 5817 esse,
2878 5766 3023 5807 notat
3079 5752 3415 5821 Bonl'reritts,

1849 5844 1937 5893 qut
1970 5836 2021 5877 et
2060 5826 2121 5947 di:
2154 5842 2250 5878 suo
2288 5834 2406 5894 post
2432 5824 2647 5895 διῄλθον
2689 5825 2929 5890 \t'l'imlll,
2967 5826 3113 5879 addtt
3144 5826 3195 5879 in
3228 5829 3416 5883 Graeco

1849 5900 2031 5947 θειάῡὶ
2129 5898 2311 5947 anxii.

1883 5900 2031 5950 ιιάῡὶ
2096 5898 2311 5966 Ιπραήλ.
