  <div class='ocr_page' id='page_1' title='image "/cluster/home/n/w/nwhite01/storage/ocr_20150623/23/hvd.32044012674545/487.png"; bbox 0 0 4188 7176; ppageno 0'>
   <div class='ocr_carea' id='block_1_1' title="bbox 743 427 842 492">
    <p class='ocr_par' dir='ltr' id='par_1_1' title="bbox 743 427 842 492">
     <span class='ocr_line' id='line_1_1' title="bbox 743 427 842 492; baseline 0.01 -1"><span class='ocrx_word' id='word_1_1' title='bbox 743 427 842 492; x_wconf 75' lang='grc'><strong>951</strong></span> 
     </span>
    </p>
   </div>
   <div class='ocr_carea' id='block_1_2' title="bbox 741 640 1542 698">
    <p class='ocr_par' dir='ltr' id='par_1_2' title="bbox 741 640 1542 698">
     <span class='ocr_line' id='line_1_2' title="bbox 741 640 1542 698; baseline 0.005 -4"><span class='ocrx_word' id='word_1_2' title='bbox 741 641 886 697; x_wconf 92' lang='lat' dir='ltr'><strong>inter</strong></span> <span class='ocrx_word' id='word_1_3' title='bbox 914 640 1176 697; x_wconf 85' lang='lat' dir='ltr'><strong>Medaban</strong></span> <span class='ocrx_word' id='word_1_4' title='bbox 1209 650 1264 696; x_wconf 91' lang='lat' dir='ltr'><strong>et</strong></span> <span class='ocrx_word' id='word_1_5' title='bbox 1299 642 1475 697; x_wconf 90' lang='lat' dir='ltr'><strong>Debus</strong></span> <span class='ocrx_word' id='word_1_6' title='bbox 1507 643 1542 698; x_wconf 88' lang='grc'><strong>¹.</strong></span> 
     </span>
    </p>
   </div>
   <div class='ocr_carea' id='block_1_3' title="bbox 810 734 2318 812">
    <p class='ocr_par' dir='ltr' id='par_1_3' title="bbox 810 734 2318 812">
     <span class='ocr_line' id='line_1_3' title="bbox 810 734 2318 812; baseline 0.006 -23"><span class='ocrx_word' id='word_1_7' title='bbox 810 734 991 799; x_wconf 85' lang='lat' dir='ltr'><strong>Jazer,</strong></span> <span class='ocrx_word' id='word_1_8' title='bbox 1025 736 1217 790; x_wconf 78' lang='lat' dir='ltr'><strong>civitas</strong></span> <span class='ocrx_word' id='word_1_9' title='bbox 1264 738 1733 803; x_wconf 64' lang='lat' dir='ltr'><strong>Amorrhazorum,</strong></span> <span class='ocrx_word' id='word_1_10' title='bbox 1787 741 1840 792; x_wconf 90' lang='lat' dir='ltr'><strong>in</strong></span> <span class='ocrx_word' id='word_1_11' title='bbox 1883 740 2096 795; x_wconf 86' lang='lat' dir='ltr'><strong>decimo</strong></span> <span class='ocrx_word' id='word_1_12' title='bbox 2138 742 2318 812; x_wconf 85' lang='lat' dir='ltr'><strong>lapide</strong></span> 
     </span>
    </p>
   </div>
   <div class='ocr_carea' id='block_1_4' title="bbox 741 827 2315 901">
    <p class='ocr_par' dir='ltr' id='par_1_4' title="bbox 741 827 2315 901">
     <span class='ocr_line' id='line_1_4' title="bbox 741 827 2315 901; baseline 0.004 -18"><span class='ocrx_word' id='word_1_13' title='bbox 741 827 1132 897; x_wconf 73' lang='lat' dir='ltr'><strong>Philadelphia:</strong></span> <span class='ocrx_word' id='word_1_14' title='bbox 1178 831 1244 883; x_wconf 89' lang='lat' dir='ltr'><strong>ad</strong></span> <span class='ocrx_word' id='word_1_15' title='bbox 1291 828 1421 884; x_wconf 90' lang='lat' dir='ltr'><strong>solis</strong></span> <span class='ocrx_word' id='word_1_16' title='bbox 1474 845 1753 894; x_wconf 85' lang='lat' dir='ltr'><strong>occasum,</strong></span> <span class='ocrx_word' id='word_1_17' title='bbox 1793 840 1947 887; x_wconf 89' lang='lat' dir='ltr'><strong>trans</strong></span> <span class='ocrx_word' id='word_1_18' title='bbox 1991 831 2315 901; x_wconf 69' lang='lat' dir='ltr'><strong>Iordanem,</strong></span> 
     </span>
    </p>
   </div>
   <div class='ocr_carea' id='block_1_5' title="bbox 739 921 2315 996">
    <p class='ocr_par' dir='ltr' id='par_1_5' title="bbox 739 921 2315 996">
     <span class='ocr_line' id='line_1_5' title="bbox 739 921 2315 996; baseline 0.005 -20"><span class='ocrx_word' id='word_1_19' title='bbox 739 939 860 993; x_wconf 65' lang='lat' dir='ltr'><strong>quae</strong></span> <span class='ocrx_word' id='word_1_20' title='bbox 888 921 988 976; x_wconf 78' lang='lat' dir='ltr'><strong>fuit</strong></span> <span class='ocrx_word' id='word_1_21' title='bbox 1024 923 1290 977; x_wconf 87' lang='lat' dir='ltr'><strong>terminus</strong></span> <span class='ocrx_word' id='word_1_22' title='bbox 1314 924 1489 979; x_wconf 90' lang='lat' dir='ltr'><strong>tribus</strong></span> <span class='ocrx_word' id='word_1_23' title='bbox 1519 923 1655 989; x_wconf 87' lang='lat' dir='ltr'><strong>Gad,</strong></span> <span class='ocrx_word' id='word_1_24' title='bbox 1679 925 2101 996; x_wconf 74' lang='lat' dir='ltr'><strong>extenditurque</strong></span> <span class='ocrx_word' id='word_1_25' title='bbox 2138 943 2315 996; x_wconf 89' lang='lat' dir='ltr'><strong>usque</strong></span> 
     </span>
    </p>
   </div>
   <div class='ocr_carea' id='block_1_6' title="bbox 738 1015 2316 1086">
    <p class='ocr_par' dir='ltr' id='par_1_6' title="bbox 738 1015 2316 1086">
     <span class='ocr_line' id='line_1_6' title="bbox 738 1015 2316 1086; baseline 0.004 -18"><span class='ocrx_word' id='word_1_26' title='bbox 738 1019 936 1080; x_wconf 84' lang='lat' dir='ltr'><strong>Aroer,</strong></span> <span class='ocrx_word' id='word_1_27' title='bbox 963 1029 1085 1084; x_wconf 74' lang='lat' dir='ltr'><strong>qua:</strong></span> <span class='ocrx_word' id='word_1_28' title='bbox 1116 1029 1171 1070; x_wconf 85' lang='lat' dir='ltr'><strong>et</strong></span> <span class='ocrx_word' id='word_1_29' title='bbox 1206 1017 1319 1086; x_wconf 86' lang='lat' dir='ltr'><strong>ipsa</strong></span> <span class='ocrx_word' id='word_1_30' title='bbox 1356 1015 1583 1085; x_wconf 87' lang='lat' dir='ltr'><strong>respicit</strong></span> <span class='ocrx_word' id='word_1_31' title='bbox 1616 1015 1683 1070; x_wconf 86' lang='lat' dir='ltr'><strong>ad</strong></span> <span class='ocrx_word' id='word_1_32' title='bbox 1719 1016 1931 1072; x_wconf 84' lang='lat' dir='ltr'><strong>Rabba.</strong></span> <span class='ocrx_word' id='word_1_33' title='bbox 1959 1017 2206 1075; x_wconf 75' lang='lat' dir='ltr'><strong>Meminit</strong></span> <span class='ocrx_word' id='word_1_34' title='bbox 2231 1038 2316 1076; x_wconf 89' lang='lat' dir='ltr'><strong>ur-</strong></span> 
     </span>
    </p>
   </div>
   <div class='ocr_carea' id='block_1_7' title="bbox 740 1108 2315 1178">
    <p class='ocr_par' dir='ltr' id='par_1_7' title="bbox 740 1108 2315 1178">
     <span class='ocr_line' id='line_1_7' title="bbox 740 1108 2315 1178; baseline 0.004 -16"><span class='ocrx_word' id='word_1_35' title='bbox 740 1109 823 1164; x_wconf 86' lang='lat' dir='ltr'><strong>bis</strong></span> <span class='ocrx_word' id='word_1_36' title='bbox 851 1108 1009 1165; x_wconf 81' lang='lat' dir='ltr'><strong>Jazer</strong></span> <span class='ocrx_word' id='word_1_37' title='bbox 1041 1119 1095 1165; x_wconf 91' lang='lat' dir='ltr'><strong>et</strong></span> <span class='ocrx_word' id='word_1_38' title='bbox 1129 1109 1291 1166; x_wconf 77' lang='lat' dir='ltr'><strong>lsaias</strong></span> <span class='ocrx_word' id='word_1_39' title='bbox 1329 1111 1380 1164; x_wconf 90' lang='lat' dir='ltr'><strong>in</strong></span> <span class='ocrx_word' id='word_1_40' title='bbox 1416 1109 1625 1165; x_wconf 93' lang='lat' dir='ltr'><strong>visione</strong></span> <span class='ocrx_word' id='word_1_41' title='bbox 1658 1120 1849 1166; x_wconf 91' lang='lat' dir='ltr'><strong>contra</strong></span> <span class='ocrx_word' id='word_1_42' title='bbox 1901 1110 2083 1178; x_wconf 81' lang='lat' dir='ltr'><strong>Moab,</strong></span> <span class='ocrx_word' id='word_1_43' title='bbox 2120 1115 2213 1169; x_wconf 88' lang='lat' dir='ltr'><strong>sed</strong></span> <span class='ocrx_word' id='word_1_44' title='bbox 2261 1125 2315 1169; x_wconf 85' lang='lat' dir='ltr'><strong>et</strong></span> 
     </span>
    </p>
   </div>
   <div class='ocr_carea' id='block_1_8' title="bbox 741 1199 2314 1273">
    <p class='ocr_par' dir='ltr' id='par_1_8' title="bbox 741 1199 2314 1273">
     <span class='ocr_line' id='line_1_8' title="bbox 741 1199 2314 1273; baseline 0.006 -20"><span class='ocrx_word' id='word_1_45' title='bbox 741 1199 1027 1257; x_wconf 83' lang='lat' dir='ltr'><strong>.leremias.</strong></span> <span class='ocrx_word' id='word_1_46' title='bbox 1067 1202 1186 1256; x_wconf 86' lang='lat' dir='ltr'><strong>Fuit</strong></span> <span class='ocrx_word' id='word_1_47' title='bbox 1213 1212 1393 1256; x_wconf 88' lang='lat' dir='ltr'><strong>autem</strong></span> <span class='ocrx_word' id='word_1_48' title='bbox 1423 1213 1671 1273; x_wconf 89' lang='lat' dir='ltr'><strong>separata</strong></span> <span class='ocrx_word' id='word_1_49' title='bbox 1705 1203 1931 1271; x_wconf 91' lang='lat' dir='ltr'><strong>Levitis,</strong></span> <span class='ocrx_word' id='word_1_50' title='bbox 1966 1216 2021 1260; x_wconf 91' lang='lat' dir='ltr'><strong>et</strong></span> <span class='ocrx_word' id='word_1_51' title='bbox 2053 1206 2216 1261; x_wconf 83' lang='lat' dir='ltr'><strong>distat</strong></span> <span class='ocrx_word' id='word_1_52' title='bbox 2246 1209 2314 1262; x_wconf 88' lang='lat' dir='ltr'><strong>ah</strong></span> 
     </span>
    </p>
   </div>
   <div class='ocr_carea' id='block_1_9' title="bbox 737 1293 2311 1369">
    <p class='ocr_par' dir='ltr' id='par_1_9' title="bbox 737 1293 2311 1369">
     <span class='ocr_line' id='line_1_9' title="bbox 737 1293 2311 1369; baseline 0.004 -23"><span class='ocrx_word' id='word_1_53' title='bbox 737 1293 950 1349; x_wconf 85' lang='lat' dir='ltr'><strong>Esebon</strong></span> <span class='ocrx_word' id='word_1_54' title='bbox 989 1294 1233 1350; x_wconf 89' lang='lat' dir='ltr'><strong>millibus</strong></span> <span class='ocrx_word' id='word_1_55' title='bbox 1263 1295 1605 1363; x_wconf 86' lang='lat' dir='ltr'><strong>quindecim,</strong></span> <span class='ocrx_word' id='word_1_56' title='bbox 1631 1312 1660 1352; x_wconf 91' lang='lat' dir='ltr'><strong>e</strong></span> <span class='ocrx_word' id='word_1_57' title='bbox 1691 1312 1796 1366; x_wconf 90' lang='lat' dir='ltr'><strong>qua</strong></span> <span class='ocrx_word' id='word_1_58' title='bbox 1828 1313 2083 1369; x_wconf 77' lang='lat' dir='ltr'><strong>magnum</strong></span> <span class='ocrx_word' id='word_1_59' title='bbox 2113 1299 2311 1353; x_wconf 91' lang='lat' dir='ltr'><strong>llumen</strong></span> 
     </span>
    </p>
   </div>
   <div class='ocr_carea' id='block_1_10' title="bbox 737 1389 1751 1460">
    <p class='ocr_par' dir='ltr' id='par_1_10' title="bbox 737 1389 1751 1460">
     <span class='ocr_line' id='line_1_10' title="bbox 737 1389 1751 1460; baseline 0.004 -21"><span class='ocrx_word' id='word_1_60' title='bbox 737 1403 1058 1458; x_wconf 72' lang='lat' dir='ltr'><strong>erumpens,</strong></span> <span class='ocrx_word' id='word_1_61' title='bbox 1109 1405 1137 1442; x_wconf 92' lang='lat' dir='ltr'><strong>a</strong></span> <span class='ocrx_word' id='word_1_62' title='bbox 1169 1389 1406 1444; x_wconf 88' lang='lat' dir='ltr'><strong>Jordane</strong></span> <span class='ocrx_word' id='word_1_63' title='bbox 1434 1390 1751 1460; x_wconf 85' lang='lat' dir='ltr'><strong>suscipitur.</strong></span> 
     </span>
    </p>
   </div>
   <div class='ocr_carea' id='block_1_11' title="bbox 809 1481 2313 1548">
    <p class='ocr_par' dir='ltr' id='par_1_11' title="bbox 809 1481 2313 1548">
     <span class='ocr_line' id='line_1_11' title="bbox 809 1481 2313 1548; baseline 0.003 -13"><span class='ocrx_word' id='word_1_64' title='bbox 809 1481 1103 1548; x_wconf 84' lang='lat' dir='ltr'><strong>Jordanes,</strong></span> <span class='ocrx_word' id='word_1_65' title='bbox 1144 1483 1342 1539; x_wconf 83' lang='lat' dir='ltr'><strong>ﬂuvius</strong></span> <span class='ocrx_word' id='word_1_66' title='bbox 1372 1485 1624 1539; x_wconf 89' lang='lat' dir='ltr'><strong>dividens</strong></span> <span class='ocrx_word' id='word_1_67' title='bbox 1673 1485 1943 1547; x_wconf 70' lang='lat' dir='ltr'><strong>Juda‘am.</strong></span> <span class='ocrx_word' id='word_1_68' title='bbox 1974 1486 2230 1541; x_wconf 81' lang='lat' dir='ltr'><strong>Arabiam</strong></span> <span class='ocrx_word' id='word_1_69' title='bbox 2259 1498 2313 1541; x_wconf 93' lang='lat' dir='ltr'><strong>et</strong></span> 
     </span>
    </p>
   </div>
   <div class='ocr_carea' id='block_1_12' title="bbox 733 1573 2313 1646">
    <p class='ocr_par' dir='ltr' id='par_1_12' title="bbox 733 1573 2313 1646">
     <span class='ocr_line' id='line_1_12' title="bbox 733 1573 2313 1646; baseline 0.004 -19"><span class='ocrx_word' id='word_1_70' title='bbox 733 1573 1025 1638; x_wconf 76' lang='lat' dir='ltr'><strong>Auloncm,</strong></span> <span class='ocrx_word' id='word_1_71' title='bbox 1057 1576 1123 1630; x_wconf 86' lang='lat' dir='ltr'><strong>de</strong></span> <span class='ocrx_word' id='word_1_72' title='bbox 1159 1590 1268 1644; x_wconf 88' lang='lat' dir='ltr'><strong>quo</strong></span> <span class='ocrx_word' id='word_1_73' title='bbox 1297 1590 1459 1644; x_wconf 82' lang='lat' dir='ltr'><strong>supra</strong></span> <span class='ocrx_word' id='word_1_74' title='bbox 1497 1575 1755 1638; x_wconf 81' lang='lat' dir='ltr'><strong>diximus,</strong></span> <span class='ocrx_word' id='word_1_75' title='bbox 1788 1585 1838 1630; x_wconf 89' lang='lat' dir='ltr'><strong>et</strong></span> <span class='ocrx_word' id='word_1_76' title='bbox 1863 1591 2035 1646; x_wconf 89' lang='lat' dir='ltr'><strong>usque</strong></span> <span class='ocrx_word' id='word_1_77' title='bbox 2066 1577 2133 1631; x_wconf 87' lang='lat' dir='ltr'><strong>ad</strong></span> <span class='ocrx_word' id='word_1_78' title='bbox 2164 1594 2313 1634; x_wconf 90' lang='lat' dir='ltr'><strong>mare</strong></span> 
     </span>
    </p>
   </div>
   <div class='ocr_carea' id='block_1_13' title="bbox 736 1665 2310 1739">
    <p class='ocr_par' dir='ltr' id='par_1_13' title="bbox 736 1665 2310 1739">
     <span class='ocr_line' id='line_1_13' title="bbox 736 1665 2310 1739; baseline 0.003 -19"><span class='ocrx_word' id='word_1_79' title='bbox 736 1667 1004 1721; x_wconf 83' lang='lat' dir='ltr'><strong>Mortnum</strong></span> <span class='ocrx_word' id='word_1_80' title='bbox 1053 1665 1255 1732; x_wconf 82' lang='lat' dir='ltr'><strong>ﬂuens,</strong></span> <span class='ocrx_word' id='word_1_81' title='bbox 1286 1670 1377 1739; x_wconf 87' lang='lat' dir='ltr'><strong>qui</strong></span> <span class='ocrx_word' id='word_1_82' title='bbox 1414 1679 1534 1739; x_wconf 85' lang='lat' dir='ltr'><strong>post</strong></span> <span class='ocrx_word' id='word_1_83' title='bbox 1576 1668 1774 1722; x_wconf 89' lang='lat' dir='ltr'><strong>multos</strong></span> <span class='ocrx_word' id='word_1_84' title='bbox 1804 1668 2128 1724; x_wconf 88' lang='lat' dir='ltr'><strong>circumitus</strong></span> <span class='ocrx_word' id='word_1_85' title='bbox 2161 1670 2310 1737; x_wconf 79' lang='lat' dir='ltr'><strong>juxta</strong></span> 
     </span>
    </p>
   </div>
   <div class='ocr_carea' id='block_1_14' title="bbox 733 1759 2306 1824">
    <p class='ocr_par' dir='ltr' id='par_1_14' title="bbox 733 1759 2306 1824">
     <span class='ocr_line' id='line_1_14' title="bbox 733 1759 2306 1824; baseline 0.001 -10"><span class='ocrx_word' id='word_1_86' title='bbox 733 1761 972 1824; x_wconf 86' lang='lat' dir='ltr'><strong>Jericho,</strong></span> <span class='ocrx_word' id='word_1_87' title='bbox 1001 1759 1213 1816; x_wconf 80' lang='lat' dir='ltr'><strong>Mortuo</strong></span> <span class='ocrx_word' id='word_1_88' title='bbox 1261 1763 1582 1816; x_wconf 86' lang='lat' dir='ltr'><strong>commistus</strong></span> <span class='ocrx_word' id='word_1_89' title='bbox 1623 1763 1779 1824; x_wconf 92' lang='lat' dir='ltr'><strong>mari,</strong></span> <span class='ocrx_word' id='word_1_90' title='bbox 1833 1775 2031 1815; x_wconf 90' lang='lat' dir='ltr'><strong>nomen</strong></span> <span class='ocrx_word' id='word_1_91' title='bbox 2086 1763 2306 1816; x_wconf 87' lang='lat' dir='ltr'><strong>amittit.</strong></span> 
     </span>
    </p>
   </div>
   <div class='ocr_carea' id='block_1_15' title="bbox 801 1851 2306 1924">
    <p class='ocr_par' dir='ltr' id='par_1_15' title="bbox 801 1851 2306 1924">
     <span class='ocr_line' id='line_1_15' title="bbox 801 1851 2306 1924; baseline 0.001 -17"><span class='ocrx_word' id='word_1_92' title='bbox 801 1851 1112 1920; x_wconf 75' lang='lat' dir='ltr'><strong>Jetahatha,</strong></span> <span class='ocrx_word' id='word_1_93' title='bbox 1142 1854 1291 1908; x_wconf 89' lang='lat' dir='ltr'><strong>locus</strong></span> <span class='ocrx_word' id='word_1_94' title='bbox 1336 1854 1389 1907; x_wconf 92' lang='lat' dir='ltr'><strong>in</strong></span> <span class='ocrx_word' id='word_1_95' title='bbox 1423 1853 1658 1916; x_wconf 85' lang='lat' dir='ltr'><strong>deserto,</strong></span> <span class='ocrx_word' id='word_1_96' title='bbox 1696 1854 1784 1907; x_wconf 88' lang='lat' dir='ltr'><strong>ubi</strong></span> <span class='ocrx_word' id='word_1_97' title='bbox 1822 1864 2097 1908; x_wconf 80' lang='lat' dir='ltr'><strong>torrentes</strong></span> <span class='ocrx_word' id='word_1_98' title='bbox 2129 1870 2306 1924; x_wconf 84' lang='lat' dir='ltr'><strong>aqua-</strong></span> 
     </span>
    </p>
   </div>
   <div class='ocr_carea' id='block_1_16' title="bbox 737 1946 1354 2001">
    <p class='ocr_par' dir='ltr' id='par_1_16' title="bbox 737 1946 1354 2001">
     <span class='ocr_line' id='line_1_16' title="bbox 737 1946 1354 2001; baseline 0.002 -2"><span class='ocrx_word' id='word_1_99' title='bbox 737 1961 858 2000; x_wconf 90' lang='lat' dir='ltr'><strong>rum</strong></span> <span class='ocrx_word' id='word_1_100' title='bbox 892 1946 1354 2001; x_wconf 80' lang='lat' dir='ltr'><strong>demonstrantur.</strong></span> 
     </span>
    </p>
   </div>
   <div class='ocr_carea' id='block_1_17' title="bbox 808 2033 2310 2107">
    <p class='ocr_par' dir='ltr' id='par_1_17' title="bbox 808 2033 2310 2107">
     <span class='ocr_line' id='line_1_17' title="bbox 808 2033 2310 2107; baseline 0.002 -16"><span class='ocrx_word' id='word_1_101' title='bbox 808 2036 1049 2102; x_wconf 79' lang='lat' dir='ltr'><strong>Jericho,</strong></span> <span class='ocrx_word' id='word_1_102' title='bbox 1097 2038 1229 2092; x_wconf 86' lang='lat' dir='ltr'><strong>urbs</strong></span> <span class='ocrx_word' id='word_1_103' title='bbox 1275 2053 1461 2107; x_wconf 82' lang='lat' dir='ltr'><strong>quam,</strong></span> <span class='ocrx_word' id='word_1_104' title='bbox 1494 2033 1730 2094; x_wconf 76' lang='lat' dir='ltr'><strong>Jurdane</strong></span> <span class='ocrx_word' id='word_1_105' title='bbox 1778 2049 2142 2107; x_wconf 77' lang='lat' dir='ltr'><strong>transgresso,</strong></span> <span class='ocrx_word' id='word_1_106' title='bbox 2176 2039 2310 2094; x_wconf 85' lang='lat' dir='ltr'><strong>sub-</strong></span> 
     </span>
    </p>
   </div>
   <div class='ocr_carea' id='block_1_18' title="bbox 739 2129 2312 2202">
    <p class='ocr_par' dir='ltr' id='par_1_18' title="bbox 739 2129 2312 2202">
     <span class='ocr_line' id='line_1_18' title="bbox 739 2129 2312 2202; baseline 0.002 -19"><span class='ocrx_word' id='word_1_107' title='bbox 739 2131 903 2184; x_wconf 80' lang='lat' dir='ltr'><strong>vertit</strong></span> <span class='ocrx_word' id='word_1_108' title='bbox 927 2129 1111 2196; x_wconf 86' lang='lat' dir='ltr'><strong>Jesus,</strong></span> <span class='ocrx_word' id='word_1_109' title='bbox 1149 2145 1274 2199; x_wconf 84' lang='lat' dir='ltr'><strong>rege</strong></span> <span class='ocrx_word' id='word_1_110' title='bbox 1325 2131 1471 2184; x_wconf 86' lang='lat' dir='ltr'><strong>illius</strong></span> <span class='ocrx_word' id='word_1_111' title='bbox 1501 2131 1792 2186; x_wconf 80' lang='lat' dir='ltr'><strong>interfecto</strong></span> <span class='ocrx_word' id='word_1_112' title='bbox 1824 2149 1836 2184; x_wconf 87' lang='lat'><strong>:</strong></span> <span class='ocrx_word' id='word_1_113' title='bbox 1877 2149 1975 2202; x_wconf 86' lang='lat' dir='ltr'><strong>pro</strong></span> <span class='ocrx_word' id='word_1_114' title='bbox 2009 2133 2165 2202; x_wconf 77' lang='lat'><strong>231</strong></span> <span class='ocrx_word' id='word_1_115' title='bbox 2203 2147 2312 2202; x_wconf 91' lang='lat' dir='ltr'><strong>quo</strong></span> 
     </span>
    </p>
   </div>
   <div class='ocr_carea' id='block_1_19' title="bbox 737 2221 2310 2294">
    <p class='ocr_par' dir='ltr' id='par_1_19' title="bbox 737 2221 2310 2294">
     <span class='ocr_line' id='line_1_19' title="bbox 737 2221 2310 2294; baseline 0.001 -18"><span class='ocrx_word' id='word_1_116' title='bbox 737 2223 1008 2278; x_wconf 83' lang='lat' dir='ltr'><strong>exstruxit</strong></span> <span class='ocrx_word' id='word_1_117' title='bbox 1032 2223 1191 2277; x_wconf 90' lang='lat' dir='ltr'><strong>aliam</strong></span> <span class='ocrx_word' id='word_1_118' title='bbox 1221 2221 1388 2278; x_wconf 86' lang='lat' dir='ltr'><strong>Ozam</strong></span> <span class='ocrx_word' id='word_1_119' title='bbox 1419 2223 1486 2278; x_wconf 89' lang='lat' dir='ltr'><strong>de</strong></span> <span class='ocrx_word' id='word_1_120' title='bbox 1518 2223 1725 2289; x_wconf 88' lang='lat' dir='ltr'><strong>Bethel,</strong></span> <span class='ocrx_word' id='word_1_121' title='bbox 1765 2241 1826 2278; x_wconf 81' lang='lat' dir='ltr'><strong>ex</strong></span> <span class='ocrx_word' id='word_1_122' title='bbox 1857 2225 1999 2278; x_wconf 88' lang='lat' dir='ltr'><strong>tribu</strong></span> <span class='ocrx_word' id='word_1_123' title='bbox 2029 2225 2310 2294; x_wconf 85' lang='lat' dir='ltr'><strong>Ephraim,</strong></span> 
     </span>
    </p>
   </div>
   <div class='ocr_carea' id='block_1_20' title="bbox 739 2315 2309 2388">
    <p class='ocr_par' dir='ltr' id='par_1_20' title="bbox 739 2315 2309 2388">
     <span class='ocr_line' id='line_1_20' title="bbox 739 2315 2309 2388; baseline 0.003 -20"><span class='ocrx_word' id='word_1_124' title='bbox 739 2333 900 2385; x_wconf 78' lang='lat' dir='ltr'><strong>quam</strong></span> <span class='ocrx_word' id='word_1_125' title='bbox 935 2315 1200 2372; x_wconf 87' lang='lat' dir='ltr'><strong>Dominus</strong></span> <span class='ocrx_word' id='word_1_126' title='bbox 1225 2329 1414 2373; x_wconf 82' lang='lat' dir='ltr'><strong>noster</strong></span> <span class='ocrx_word' id='word_1_127' title='bbox 1434 2325 1596 2386; x_wconf 83' lang='lat' dir='ltr'><strong>atque</strong></span> <span class='ocrx_word' id='word_1_128' title='bbox 1621 2315 1874 2372; x_wconf 88' lang='lat' dir='ltr'><strong>Salvator</strong></span> <span class='ocrx_word' id='word_1_129' title='bbox 1896 2334 1992 2373; x_wconf 87' lang='lat' dir='ltr'><strong>sua</strong></span> <span class='ocrx_word' id='word_1_130' title='bbox 2020 2319 2309 2388; x_wconf 63' lang='lat' dir='ltr'><strong>praesentia</strong></span> 
     </span>
    </p>
   </div>
   <div class='ocr_carea' id='block_1_21' title="bbox 743 2410 2312 2481">
    <p class='ocr_par' dir='ltr' id='par_1_21' title="bbox 743 2410 2312 2481">
     <span class='ocr_line' id='line_1_21' title="bbox 743 2410 2312 2481; baseline 0.002 -19"><span class='ocrx_word' id='word_1_131' title='bbox 743 2411 1016 2465; x_wconf 77' lang='lat' dir='ltr'><strong>illustrare</strong></span> <span class='ocrx_word' id='word_1_132' title='bbox 1040 2411 1294 2480; x_wconf 89' lang='lat' dir='ltr'><strong>dignatus</strong></span> <span class='ocrx_word' id='word_1_133' title='bbox 1319 2421 1426 2465; x_wconf 86' lang='lat' dir='ltr'><strong>est.</strong></span> <span class='ocrx_word' id='word_1_134' title='bbox 1467 2410 1576 2466; x_wconf 86' lang='lat' dir='ltr'><strong>Sed</strong></span> <span class='ocrx_word' id='word_1_135' title='bbox 1596 2420 1650 2465; x_wconf 90' lang='lat' dir='ltr'><strong>et</strong></span> <span class='ocrx_word' id='word_1_136' title='bbox 1682 2411 1798 2466; x_wconf 68' lang='lat' dir='ltr'><strong>hare</strong></span> <span class='ocrx_word' id='word_1_137' title='bbox 1817 2427 1882 2466; x_wconf 86' lang='lat' dir='ltr'><strong>eo</strong></span> <span class='ocrx_word' id='word_1_138' title='bbox 1909 2425 2171 2481; x_wconf 87' lang='lat' dir='ltr'><strong>tempore,</strong></span> <span class='ocrx_word' id='word_1_139' title='bbox 2204 2427 2312 2478; x_wconf 90' lang='lat' dir='ltr'><strong>quo</strong></span> 
     </span>
    </p>
   </div>
   <div class='ocr_carea' id='block_1_22' title="bbox 746 2503 2310 2576">
    <p class='ocr_par' dir='ltr' id='par_1_22' title="bbox 746 2503 2310 2576">
     <span class='ocr_line' id='line_1_22' title="bbox 746 2503 2310 2576; baseline 0.003 -21"><span class='ocrx_word' id='word_1_140' title='bbox 746 2503 1047 2557; x_wconf 78' lang='lat' dir='ltr'><strong>Jerusalem</strong></span> <span class='ocrx_word' id='word_1_141' title='bbox 1085 2505 1508 2574; x_wconf 84' lang='lat' dir='ltr'><strong>Oppugnabatur</strong></span> <span class='ocrx_word' id='word_1_142' title='bbox 1540 2519 1568 2558; x_wconf 87' lang='lat' dir='ltr'><strong>a</strong></span> <span class='ocrx_word' id='word_1_143' title='bbox 1601 2504 1865 2560; x_wconf 80' lang='lat' dir='ltr'><strong>Romanis</strong></span> <span class='ocrx_word' id='word_1_144' title='bbox 1903 2517 2121 2576; x_wconf 90' lang='lat' dir='ltr'><strong>propter</strong></span> <span class='ocrx_word' id='word_1_145' title='bbox 2153 2505 2310 2576; x_wconf 86' lang='lat' dir='ltr'><strong>perli-</strong></span> 
     </span>
    </p>
   </div>
   <div class='ocr_carea' id='block_1_23' title="bbox 740 2597 2311 2667">
    <p class='ocr_par' dir='ltr' id='par_1_23' title="bbox 740 2597 2311 2667">
     <span class='ocr_line' id='line_1_23' title="bbox 740 2597 2311 2667; baseline 0.001 -18"><span class='ocrx_word' id='word_1_146' title='bbox 740 2598 886 2651; x_wconf 85' lang='lat' dir='ltr'><strong>diam</strong></span> <span class='ocrx_word' id='word_1_147' title='bbox 926 2597 1128 2652; x_wconf 85' lang='lat' dir='ltr'><strong>civium</strong></span> <span class='ocrx_word' id='word_1_148' title='bbox 1184 2606 1338 2666; x_wconf 86' lang='lat' dir='ltr'><strong>rapta</strong></span> <span class='ocrx_word' id='word_1_149' title='bbox 1378 2607 1542 2664; x_wconf 67' lang='lat' dir='ltr'><strong>atque</strong></span> <span class='ocrx_word' id='word_1_150' title='bbox 1596 2598 1878 2653; x_wconf 87' lang='lat' dir='ltr'><strong>destructa</strong></span> <span class='ocrx_word' id='word_1_151' title='bbox 1914 2609 2018 2652; x_wconf 89' lang='lat' dir='ltr'><strong>est.</strong></span> <span class='ocrx_word' id='word_1_152' title='bbox 2059 2597 2164 2652; x_wconf 91' lang='lat' dir='ltr'><strong>Pro</strong></span> <span class='ocrx_word' id='word_1_153' title='bbox 2207 2615 2311 2667; x_wconf 86' lang='lat' dir='ltr'><strong>qua</strong></span> 
     </span>
    </p>
   </div>
   <div class='ocr_carea' id='block_1_24' title="bbox 738 2687 2313 2759">
    <p class='ocr_par' dir='ltr' id='par_1_24' title="bbox 738 2687 2313 2759">
     <span class='ocr_line' id='line_1_24' title="bbox 738 2687 2313 2759; baseline 0.001 -17"><span class='ocrx_word' id='word_1_154' title='bbox 738 2687 897 2743; x_wconf 86' lang='lat' dir='ltr'><strong>tertia</strong></span> <span class='ocrx_word' id='word_1_155' title='bbox 948 2687 1209 2742; x_wconf 71' lang='lat' dir='ltr'><strong>aedificata</strong></span> <span class='ocrx_word' id='word_1_156' title='bbox 1245 2699 1327 2742; x_wconf 89' lang='lat' dir='ltr'><strong>est</strong></span> <span class='ocrx_word' id='word_1_157' title='bbox 1362 2689 1578 2754; x_wconf 77' lang='lat' dir='ltr'><strong>civitas,</strong></span> <span class='ocrx_word' id='word_1_158' title='bbox 1616 2705 1738 2758; x_wconf 73' lang='lat' dir='ltr'><strong>qua:</strong></span> <span class='ocrx_word' id='word_1_159' title='bbox 1773 2705 1946 2759; x_wconf 87' lang='lat' dir='ltr'><strong>usque</strong></span> <span class='ocrx_word' id='word_1_160' title='bbox 1995 2691 2159 2745; x_wconf 82' lang='lat' dir='ltr'><strong>hodie</strong></span> <span class='ocrx_word' id='word_1_161' title='bbox 2192 2707 2313 2759; x_wconf 85' lang='lat' dir='ltr'><strong>per—</strong></span> 
     </span>
    </p>
   </div>
   <div class='ocr_carea' id='block_1_25' title="bbox 735 2781 2312 2851">
    <p class='ocr_par' dir='ltr' id='par_1_25' title="bbox 735 2781 2312 2851">
     <span class='ocr_line' id='line_1_25' title="bbox 735 2781 2312 2851; baseline 0.003 -17"><span class='ocrx_word' id='word_1_162' title='bbox 735 2789 944 2846; x_wconf 83' lang='lat' dir='ltr'><strong>manet,</strong></span> <span class='ocrx_word' id='word_1_163' title='bbox 972 2789 1028 2834; x_wconf 91' lang='lat' dir='ltr'><strong>et</strong></span> <span class='ocrx_word' id='word_1_164' title='bbox 1062 2781 1429 2835; x_wconf 82' lang='lat' dir='ltr'><strong>ostenduntur</strong></span> <span class='ocrx_word' id='word_1_165' title='bbox 1465 2783 1749 2851; x_wconf 79' lang='lat' dir='ltr'><strong>utriuSqne</strong></span> <span class='ocrx_word' id='word_1_166' title='bbox 1779 2783 1928 2834; x_wconf 84' lang='lat' dir='ltr'><strong>urbis</strong></span> <span class='ocrx_word' id='word_1_167' title='bbox 1961 2783 2186 2851; x_wconf 81' lang='lat' dir='ltr'><strong>vestigia</strong></span> <span class='ocrx_word' id='word_1_168' title='bbox 2224 2801 2312 2838; x_wconf 84' lang='lat' dir='ltr'><strong>us-</strong></span> 
     </span>
    </p>
   </div>
   <div class='ocr_carea' id='block_1_26' title="bbox 737 2875 1488 2944">
    <p class='ocr_par' dir='ltr' id='par_1_26' title="bbox 737 2875 1488 2944">
     <span class='ocr_line' id='line_1_26' title="bbox 737 2875 1488 2944; baseline -0.001 -16"><span class='ocrx_word' id='word_1_169' title='bbox 737 2889 844 2944; x_wconf 80' lang='lat' dir='ltr'><strong>que</strong></span> <span class='ocrx_word' id='word_1_170' title='bbox 874 2875 926 2928; x_wconf 92' lang='lat' dir='ltr'><strong>in</strong></span> <span class='ocrx_word' id='word_1_171' title='bbox 961 2885 1284 2944; x_wconf 63' lang='lat' dir='ltr'><strong>praesentem</strong></span> <span class='ocrx_word' id='word_1_172' title='bbox 1321 2875 1488 2928; x_wconf 84' lang='lat' dir='ltr'><strong>diem.</strong></span> 
     </span>
    </p>
   </div>
   <div class='ocr_carea' id='block_1_27' title="bbox 1260 3003 1786 3058">
    <p class='ocr_par' dir='ltr' id='par_1_27' title="bbox 1260 3003 1786 3058">
     <span class='ocr_line' id='line_1_27' title="bbox 1260 3003 1786 3058; baseline -0.002 0"><span class='ocrx_word' id='word_1_173' title='bbox 1260 3004 1346 3058; x_wconf 87' lang='lat' dir='ltr'><strong>DE</strong></span> <span class='ocrx_word' id='word_1_174' title='bbox 1380 3003 1545 3058; x_wconf 81' lang='lat' dir='ltr'><strong>JESU</strong></span> <span class='ocrx_word' id='word_1_175' title='bbox 1585 3003 1786 3058; x_wconf 72' lang='lat' dir='ltr'><strong>.\&#39;.\VE.</strong></span> 
     </span>
    </p>
   </div>
   <div class='ocr_carea' id='block_1_28' title="bbox 813 3143 2313 3214">
    <p class='ocr_par' dir='ltr' id='par_1_28' title="bbox 813 3143 2313 3214">
     <span class='ocr_line' id='line_1_28' title="bbox 813 3143 2313 3214; baseline 0 -13"><span class='ocrx_word' id='word_1_176' title='bbox 813 3145 1138 3207; x_wconf 67' lang='lat' dir='ltr'><strong>Jerusalem,</strong></span> <span class='ocrx_word' id='word_1_177' title='bbox 1171 3144 1220 3196; x_wconf 90' lang='lat' dir='ltr'><strong>in</strong></span> <span class='ocrx_word' id='word_1_178' title='bbox 1253 3158 1357 3213; x_wconf 81' lang='lat' dir='ltr'><strong>qua</strong></span> <span class='ocrx_word' id='word_1_179' title='bbox 1381 3143 1629 3214; x_wconf 76' lang='lat' dir='ltr'><strong>regnavit</strong></span> <span class='ocrx_word' id='word_1_180' title='bbox 1655 3143 2024 3207; x_wconf 76' lang='lat' dir='ltr'><strong>Adonibesec,</strong></span> <span class='ocrx_word' id='word_1_181' title='bbox 2049 3152 2102 3199; x_wconf 92' lang='lat' dir='ltr'><strong>et</strong></span> <span class='ocrx_word' id='word_1_182' title='bbox 2126 3155 2313 3214; x_wconf 88' lang='lat' dir='ltr'><strong>postea</strong></span> 
     </span>
    </p>
   </div>
   <div class='ocr_carea' id='block_1_29' title="bbox 1948 435 2841 504">
    <p class='ocr_par' dir='ltr' id='par_1_29' title="bbox 1948 435 2841 504">
     <span class='ocr_line' id='line_1_29' title="bbox 1948 435 2841 504; baseline 0.01 -9"><span class='ocrx_word' id='word_1_183' title='bbox 1948 435 2007 496; x_wconf 91' lang='lat' dir='ltr'><strong>S.</strong></span> <span class='ocrx_word' id='word_1_184' title='bbox 2045 435 2360 500; x_wconf 82' lang='lat' dir='ltr'><strong>EUSEBII</strong></span> <span class='ocrx_word' id='word_1_185' title='bbox 2395 438 2841 504; x_wconf 82' lang='lat' dir='ltr'><strong>HlERONYMI</strong></span> 
     </span>
    </p>
   </div>
   <div class='ocr_carea' id='block_1_30' title="bbox 743 545 2404 621">
    <p class='ocr_par' dir='ltr' id='par_1_30' title="bbox 743 545 2404 621">
     <span class='ocr_line' id='line_1_30' title="bbox 743 545 2404 621; baseline 0.008 -21"><span class='ocrx_word' id='word_1_186' title='bbox 743 546 942 601; x_wconf 79' lang='lat' dir='ltr'><strong>Moab:</strong></span> <span class='ocrx_word' id='word_1_187' title='bbox 978 547 1072 604; x_wconf 88' lang='lat' dir='ltr'><strong>sed</strong></span> <span class='ocrx_word' id='word_1_188' title='bbox 1102 559 1157 604; x_wconf 79' lang='lat' dir='ltr'><strong>et</strong></span> <span class='ocrx_word' id='word_1_189' title='bbox 1192 545 1479 603; x_wconf 80' lang='lat' dir='ltr'><strong>Jeremias.</strong></span> <span class='ocrx_word' id='word_1_190' title='bbox 1513 548 1578 603; x_wconf 89' lang='lat' dir='ltr'><strong>Et</strong></span> <span class='ocrx_word' id='word_1_191' title='bbox 1616 565 1789 621; x_wconf 86' lang='lat' dir='ltr'><strong>usque</strong></span> <span class='ocrx_word' id='word_1_192' title='bbox 1827 551 1990 608; x_wconf 90' lang='lat' dir='ltr'><strong>hodie</strong></span> <span class='ocrx_word' id='word_1_193' title='bbox 2018 556 2330 612; x_wconf 88' lang='lat' dir='ltr'><strong>ostenditur</strong></span> <span class='ocrx_word' id='word_1_194' title='bbox 2357 564 2404 620; x_wconf 76' lang='grc' dir='ltr'>Α</span> 
     </span>
    </p>
   </div>
   <div class='ocr_carea' id='block_1_31' title="bbox 3903 453 4013 518">
    <p class='ocr_par' dir='ltr' id='par_1_31' title="bbox 3903 453 4013 518">
     <span class='ocr_line' id='line_1_31' title="bbox 3903 453 4013 518; baseline 0 -1"><span class='ocrx_word' id='word_1_195' title='bbox 3903 453 4013 518; x_wconf 75' lang='lat'><strong>95:2</strong></span> 
     </span>
    </p>
   </div>
   <div class='ocr_carea' id='block_1_32' title="bbox 2507 561 4023 642">
    <p class='ocr_par' dir='ltr' id='par_1_32' title="bbox 2507 561 4023 642">
     <span class='ocr_line' id='line_1_32' title="bbox 2507 561 4023 642; baseline 0.005 -24"><span class='ocrx_word' id='word_1_196' title='bbox 2507 561 2701 631; x_wconf 86' lang='lat' dir='ltr'><strong>Jedna,</strong></span> <span class='ocrx_word' id='word_1_197' title='bbox 2734 567 2790 621; x_wconf 93' lang='lat' dir='ltr'><strong>in</strong></span> <span class='ocrx_word' id='word_1_198' title='bbox 2818 577 2974 622; x_wconf 86' lang='lat' dir='ltr'><strong>sexto</strong></span> <span class='ocrx_word' id='word_1_199' title='bbox 3005 565 3072 622; x_wconf 87' lang='lat' dir='ltr'><strong>ab</strong></span> <span class='ocrx_word' id='word_1_200' title='bbox 3105 562 3513 639; x_wconf 85' lang='lat' dir='ltr'><strong>Eleutheropoli</strong></span> <span class='ocrx_word' id='word_1_201' title='bbox 3568 565 3749 639; x_wconf 80' lang='lat' dir='ltr'><strong>lapide</strong></span> <span class='ocrx_word' id='word_1_202' title='bbox 3787 586 4023 642; x_wconf 83' lang='lat' dir='ltr'><strong>pergen-</strong></span> 
     </span>
    </p>
   </div>
   <div class='ocr_carea' id='block_1_33' title="bbox 2433 653 2884 713">
    <p class='ocr_par' dir='ltr' id='par_1_33' title="bbox 2433 653 2884 713">
     <span class='ocr_line' id='line_1_33' title="bbox 2433 653 2884 713; baseline 0.013 -6"><span class='ocrx_word' id='word_1_203' title='bbox 2433 653 2576 710; x_wconf 87' lang='lat' dir='ltr'><strong>tibus</strong></span> <span class='ocrx_word' id='word_1_204' title='bbox 2608 657 2884 713; x_wconf 89' lang='lat' dir='ltr'><strong>Chebron.</strong></span> 
     </span>
    </p>
   </div>
   <div class='ocr_carea' id='block_1_34' title="bbox 2491 748 4018 830">
    <p class='ocr_par' dir='ltr' id='par_1_34' title="bbox 2491 748 4018 830">
     <span class='ocr_line' id='line_1_34' title="bbox 2491 748 4018 830; baseline 0.009 -28"><span class='ocrx_word' id='word_1_205' title='bbox 2491 748 2773 816; x_wconf 79' lang='lat' dir='ltr'><strong>Jeconam,</strong></span> <span class='ocrx_word' id='word_1_206' title='bbox 2805 751 2997 807; x_wconf 86' lang='lat' dir='ltr'><strong>civitas</strong></span> <span class='ocrx_word' id='word_1_207' title='bbox 3026 751 3282 820; x_wconf 79' lang='lat' dir='ltr'><strong>Carmeli,</strong></span> <span class='ocrx_word' id='word_1_208' title='bbox 3307 769 3471 825; x_wconf 86' lang='lat' dir='ltr'><strong>quam</strong></span> <span class='ocrx_word' id='word_1_209' title='bbox 3497 758 3641 828; x_wconf 88' lang='lat' dir='ltr'><strong>cepit</strong></span> <span class='ocrx_word' id='word_1_210' title='bbox 3677 755 3864 822; x_wconf 79' lang='lat' dir='ltr'><strong>Jesus,</strong></span> <span class='ocrx_word' id='word_1_211' title='bbox 3887 774 4018 830; x_wconf 78' lang='lat' dir='ltr'><strong>rege</strong></span> 
     </span>
    </p>
   </div>
   <div class='ocr_carea' id='block_1_35' title="bbox 2432 839 2911 899">
    <p class='ocr_par' dir='ltr' id='par_1_35' title="bbox 2432 839 2911 899">
     <span class='ocr_line' id='line_1_35' title="bbox 2432 839 2911 899; baseline 0.013 -6"><span class='ocrx_word' id='word_1_212' title='bbox 2432 839 2575 896; x_wconf 85' lang='lat' dir='ltr'><strong>illius</strong></span> <span class='ocrx_word' id='word_1_213' title='bbox 2600 842 2911 899; x_wconf 77' lang='lat' dir='ltr'><strong>interfecto.</strong></span> 
     </span>
    </p>
   </div>
   <div class='ocr_carea' id='block_1_36' title="bbox 2493 933 3374 999">
    <p class='ocr_par' dir='ltr' id='par_1_36' title="bbox 2493 933 3374 999">
     <span class='ocr_line' id='line_1_36' title="bbox 2493 933 3374 999; baseline 0.01 -13"><span class='ocrx_word' id='word_1_214' title='bbox 2493 933 2629 999; x_wconf 85' lang='lat' dir='ltr'><strong>Jair,</strong></span> <span class='ocrx_word' id='word_1_215' title='bbox 2667 937 2863 992; x_wconf 88' lang='lat' dir='ltr'><strong>civitas</strong></span> <span class='ocrx_word' id='word_1_216' title='bbox 2898 937 3073 994; x_wconf 89' lang='lat' dir='ltr'><strong>tribus</strong></span> <span class='ocrx_word' id='word_1_217' title='bbox 3107 939 3374 995; x_wconf 79' lang='lat' dir='ltr'><strong>Manasse.</strong></span> 
     </span>
    </p>
   </div>
   <div class='ocr_carea' id='block_1_37' title="bbox 2496 1026 4012 1104">
    <p class='ocr_par' dir='ltr' id='par_1_37' title="bbox 2496 1026 4012 1104">
     <span class='ocr_line' id='line_1_37' title="bbox 2496 1026 4012 1104; baseline 0.005 -23"><span class='ocrx_word' id='word_1_218' title='bbox 2496 1026 2732 1095; x_wconf 83' lang='lat' dir='ltr'><strong>.lamnel,</strong></span> <span class='ocrx_word' id='word_1_219' title='bbox 2766 1031 2818 1084; x_wconf 94' lang='lat' dir='ltr'><strong>in</strong></span> <span class='ocrx_word' id='word_1_220' title='bbox 2852 1030 2994 1084; x_wconf 88' lang='lat' dir='ltr'><strong>tribu</strong></span> <span class='ocrx_word' id='word_1_221' title='bbox 3019 1031 3178 1094; x_wconf 85' lang='lat' dir='ltr'><strong>Juda,</strong></span> <span class='ocrx_word' id='word_1_222' title='bbox 3226 1049 3399 1102; x_wconf 88' lang='lat' dir='ltr'><strong>usque</strong></span> <span class='ocrx_word' id='word_1_223' title='bbox 3424 1031 3587 1088; x_wconf 87' lang='lat' dir='ltr'><strong>hodie</strong></span> <span class='ocrx_word' id='word_1_224' title='bbox 3617 1035 3880 1104; x_wconf 85' lang='lat' dir='ltr'><strong>Oppidum</strong></span> <span class='ocrx_word' id='word_1_225' title='bbox 3909 1034 4012 1089; x_wconf 80' lang='lat' dir='ltr'><strong>Pa-</strong></span> 
     </span>
    </p>
   </div>
   <div class='ocr_carea' id='block_1_38' title="bbox 2427 1118 3791 1194">
    <p class='ocr_par' dir='ltr' id='par_1_38' title="bbox 2427 1118 3791 1194">
     <span class='ocr_line' id='line_1_38' title="bbox 2427 1118 3791 1194; baseline 0.007 -21"><span class='ocrx_word' id='word_1_226' title='bbox 2427 1118 2650 1176; x_wconf 65' lang='lat' dir='ltr'><strong>laestinae</strong></span> <span class='ocrx_word' id='word_1_227' title='bbox 2677 1121 2912 1188; x_wconf 83' lang='lat' dir='ltr'><strong>.latnnia,</strong></span> <span class='ocrx_word' id='word_1_228' title='bbox 2944 1123 3089 1178; x_wconf 92' lang='lat' dir='ltr'><strong>inter</strong></span> <span class='ocrx_word' id='word_1_229' title='bbox 3118 1123 3419 1194; x_wconf 89' lang='lat' dir='ltr'><strong>Diospolim</strong></span> <span class='ocrx_word' id='word_1_230' title='bbox 3452 1137 3507 1182; x_wconf 92' lang='lat' dir='ltr'><strong>et</strong></span> <span class='ocrx_word' id='word_1_231' title='bbox 3537 1131 3791 1183; x_wconf 79' lang='lat' dir='ltr'><strong>Azotum.</strong></span> 
     </span>
    </p>
   </div>
   <div class='ocr_carea' id='block_1_39' title="bbox 2495 1211 3681 1278">
    <p class='ocr_par' dir='ltr' id='par_1_39' title="bbox 2495 1211 3681 1278">
     <span class='ocr_line' id='line_1_39' title="bbox 2495 1211 3681 1278; baseline 0.008 -13"><span class='ocrx_word' id='word_1_232' title='bbox 2495 1211 2668 1278; x_wconf 84' lang='lat' dir='ltr'><strong>.labir,</strong></span> <span class='ocrx_word' id='word_1_233' title='bbox 2704 1215 2900 1270; x_wconf 80' lang='lat' dir='ltr'><strong>civitas</strong></span> <span class='ocrx_word' id='word_1_234' title='bbox 2935 1214 3236 1272; x_wconf 89' lang='lat' dir='ltr'><strong>litterarum</strong></span> <span class='ocrx_word' id='word_1_235' title='bbox 3264 1218 3317 1273; x_wconf 93' lang='lat' dir='ltr'><strong>in</strong></span> <span class='ocrx_word' id='word_1_236' title='bbox 3346 1219 3491 1274; x_wconf 90' lang='lat' dir='ltr'><strong>tribu</strong></span> <span class='ocrx_word' id='word_1_237' title='bbox 3523 1218 3681 1276; x_wconf 70' lang='lat' dir='ltr'><strong>Jutla.</strong></span> 
     </span>
    </p>
   </div>
   <div class='ocr_carea' id='block_1_40' title="bbox 2497 1301 3172 1370">
    <p class='ocr_par' dir='ltr' id='par_1_40' title="bbox 2497 1301 3172 1370">
     <span class='ocr_line' id='line_1_40' title="bbox 2497 1301 3172 1370; baseline 0.009 -15"><span class='ocrx_word' id='word_1_238' title='bbox 2497 1301 2711 1370; x_wconf 86' lang='lat' dir='ltr'><strong>Jathnr,</strong></span> <span class='ocrx_word' id='word_1_239' title='bbox 2748 1304 2800 1357; x_wconf 90' lang='lat' dir='ltr'><strong>in</strong></span> <span class='ocrx_word' id='word_1_240' title='bbox 2835 1303 2980 1360; x_wconf 85' lang='lat' dir='ltr'><strong>tribu</strong></span> <span class='ocrx_word' id='word_1_241' title='bbox 3007 1303 3172 1362; x_wconf 79' lang='lat' dir='ltr'><strong>Juda.</strong></span> 
     </span>
    </p>
   </div>
   <div class='ocr_carea' id='block_1_41' title="bbox 2487 1392 4007 1474">
    <p class='ocr_par' dir='ltr' id='par_1_41' title="bbox 2487 1392 4007 1474">
     <span class='ocr_line' id='line_1_41' title="bbox 2487 1392 4007 1474; baseline 0.009 -27"><span class='ocrx_word' id='word_1_242' title='bbox 2487 1392 2724 1462; x_wconf 83' lang='lat' dir='ltr'><strong>Jermus,</strong></span> <span class='ocrx_word' id='word_1_243' title='bbox 2764 1395 2820 1450; x_wconf 90' lang='lat' dir='ltr'><strong>in</strong></span> <span class='ocrx_word' id='word_1_244' title='bbox 2862 1397 3008 1453; x_wconf 90' lang='lat' dir='ltr'><strong>tribu</strong></span> <span class='ocrx_word' id='word_1_245' title='bbox 3062 1399 3223 1458; x_wconf 85' lang='lat' dir='ltr'><strong>Juda.</strong></span> <span class='ocrx_word' id='word_1_246' title='bbox 3274 1399 3366 1457; x_wconf 84' lang='lat' dir='ltr'><strong>Est</strong></span> <span class='ocrx_word' id='word_1_247' title='bbox 3395 1411 3578 1458; x_wconf 91' lang='lat' dir='ltr'><strong>autem</strong></span> <span class='ocrx_word' id='word_1_248' title='bbox 3616 1420 3793 1474; x_wconf 91' lang='lat' dir='ltr'><strong>usque</strong></span> <span class='ocrx_word' id='word_1_249' title='bbox 3842 1405 4007 1461; x_wconf 86' lang='lat' dir='ltr'><strong>hodie</strong></span> 
     </span>
    </p>
   </div>
   <div class='ocr_carea' id='block_1_42' title="bbox 2425 1486 4004 1568">
    <p class='ocr_par' dir='ltr' id='par_1_42' title="bbox 2425 1486 4004 1568">
     <span class='ocr_line' id='line_1_42' title="bbox 2425 1486 4004 1568; baseline 0.009 -31"><span class='ocrx_word' id='word_1_250' title='bbox 2425 1486 2546 1540; x_wconf 90' lang='lat' dir='ltr'><strong>villa</strong></span> <span class='ocrx_word' id='word_1_251' title='bbox 2576 1486 2893 1556; x_wconf 87' lang='lat' dir='ltr'><strong>Jermucha,</strong></span> <span class='ocrx_word' id='word_1_252' title='bbox 2940 1495 2993 1546; x_wconf 88' lang='lat' dir='ltr'><strong>In</strong></span> <span class='ocrx_word' id='word_1_253' title='bbox 3017 1491 3235 1548; x_wconf 92' lang='lat' dir='ltr'><strong>decimo</strong></span> <span class='ocrx_word' id='word_1_254' title='bbox 3265 1494 3332 1548; x_wconf 92' lang='lat' dir='ltr'><strong>ab</strong></span> <span class='ocrx_word' id='word_1_255' title='bbox 3385 1494 3803 1568; x_wconf 86' lang='lat' dir='ltr'><strong>Eleuthernpoli</strong></span> <span class='ocrx_word' id='word_1_256' title='bbox 3827 1498 4004 1568; x_wconf 86' lang='lat' dir='ltr'><strong>lapide</strong></span> 
     </span>
    </p>
   </div>
   <div class='ocr_carea' id='block_1_43' title="bbox 2423 1580 3112 1640">
    <p class='ocr_par' dir='ltr' id='par_1_43' title="bbox 2423 1580 3112 1640">
     <span class='ocr_line' id='line_1_43' title="bbox 2423 1580 3112 1640; baseline 0.009 -6"><span class='ocrx_word' id='word_1_257' title='bbox 2423 1580 2853 1637; x_wconf 88' lang='lat' dir='ltr'><strong>ascendentibus</strong></span> <span class='ocrx_word' id='word_1_258' title='bbox 2888 1583 3112 1640; x_wconf 64' lang='lat' dir='ltr'><strong>Eliam.</strong></span> 
     </span>
    </p>
   </div>
   <div class='ocr_carea' id='block_1_44' title="bbox 2486 1672 3178 1740">
    <p class='ocr_par' dir='ltr' id='par_1_44' title="bbox 2486 1672 3178 1740">
     <span class='ocr_line' id='line_1_44' title="bbox 2486 1672 3178 1740; baseline 0.006 -12"><span class='ocrx_word' id='word_1_259' title='bbox 2486 1672 2718 1740; x_wconf 84' lang='lat' dir='ltr'><strong>Jectael,</strong></span> <span class='ocrx_word' id='word_1_260' title='bbox 2757 1675 2809 1728; x_wconf 92' lang='lat' dir='ltr'><strong>in</strong></span> <span class='ocrx_word' id='word_1_261' title='bbox 2840 1676 2983 1730; x_wconf 85' lang='lat' dir='ltr'><strong>tribu</strong></span> <span class='ocrx_word' id='word_1_262' title='bbox 3017 1677 3178 1732; x_wconf 80' lang='lat' dir='ltr'><strong>Juda.</strong></span> 
     </span>
    </p>
   </div>
   <div class='ocr_carea' id='block_1_45' title="bbox 2495 1766 3358 1838">
    <p class='ocr_par' dir='ltr' id='par_1_45' title="bbox 2495 1766 3358 1838">
     <span class='ocr_line' id='line_1_45' title="bbox 2495 1766 3358 1838; baseline 0.006 -15"><span class='ocrx_word' id='word_1_263' title='bbox 2495 1766 2658 1838; x_wconf 67' lang='grc'><strong>234</strong></span> <span class='ocrx_word' id='word_1_264' title='bbox 2690 1766 2905 1832; x_wconf 82' lang='lat' dir='ltr'><strong>.lectan.</strong></span> <span class='ocrx_word' id='word_1_265' title='bbox 2933 1770 2987 1825; x_wconf 92' lang='lat' dir='ltr'><strong>in</strong></span> <span class='ocrx_word' id='word_1_266' title='bbox 3021 1771 3166 1825; x_wconf 88' lang='lat' dir='ltr'><strong>tribu</strong></span> <span class='ocrx_word' id='word_1_267' title='bbox 3198 1771 3358 1828; x_wconf 81' lang='lat' dir='ltr'><strong>Juda.</strong></span> 
     </span>
    </p>
   </div>
   <div class='ocr_carea' id='block_1_46' title="bbox 2489 1858 4001 1926">
    <p class='ocr_par' dir='ltr' id='par_1_46' title="bbox 2489 1858 4001 1926">
     <span class='ocr_line' id='line_1_46' title="bbox 2489 1858 4001 1926; baseline 0.006 -14"><span class='ocrx_word' id='word_1_268' title='bbox 2489 1858 2697 1923; x_wconf 89' lang='lat' dir='ltr'><strong>Jether,</strong></span> <span class='ocrx_word' id='word_1_269' title='bbox 2751 1861 2804 1914; x_wconf 92' lang='lat' dir='ltr'><strong>in</strong></span> <span class='ocrx_word' id='word_1_270' title='bbox 2859 1862 3003 1917; x_wconf 90' lang='lat' dir='ltr'><strong>tribu</strong></span> <span class='ocrx_word' id='word_1_271' title='bbox 3055 1862 3216 1926; x_wconf 79' lang='lat' dir='ltr'><strong>Juda,</strong></span> <span class='ocrx_word' id='word_1_272' title='bbox 3264 1866 3458 1921; x_wconf 84' lang='lat' dir='ltr'><strong>civitas</strong></span> <span class='ocrx_word' id='word_1_273' title='bbox 3505 1867 3888 1923; x_wconf 78' lang='lat' dir='ltr'><strong>sacerdotalis.</strong></span> <span class='ocrx_word' id='word_1_274' title='bbox 3933 1867 4001 1921; x_wconf 89' lang='lat' dir='ltr'><strong>Et</strong></span> 
     </span>
    </p>
   </div>
   <div class='ocr_carea' id='block_1_47' title="bbox 2346 1939 3998 2024">
    <p class='ocr_par' dir='ltr' id='par_1_47' title="bbox 2346 1939 3998 2024">
     <span class='ocr_line' id='line_1_47' title="bbox 2346 1939 3998 2024; baseline 0.005 -22"><span class='ocrx_word' id='word_1_275' title='bbox 2346 1939 2387 1992; x_wconf 82' lang='grc' dir='ltr'>Β</span> <span class='ocrx_word' id='word_1_276' title='bbox 2419 1967 2563 2005; x_wconf 89' lang='lat' dir='ltr'><strong>nunc</strong></span> <span class='ocrx_word' id='word_1_277' title='bbox 2592 1963 2674 2004; x_wconf 90' lang='lat' dir='ltr'><strong>est</strong></span> <span class='ocrx_word' id='word_1_278' title='bbox 2708 1953 2838 2007; x_wconf 89' lang='lat' dir='ltr'><strong>villa</strong></span> <span class='ocrx_word' id='word_1_279' title='bbox 2877 1956 3214 2024; x_wconf 66' lang='lat' dir='ltr'><strong>praegrandis</strong></span> <span class='ocrx_word' id='word_1_280' title='bbox 3243 1954 3451 2011; x_wconf 80' lang='lat' dir='ltr'><strong>Jethira</strong></span> <span class='ocrx_word' id='word_1_281' title='bbox 3485 1961 3729 2021; x_wconf 87' lang='lat' dir='ltr'><strong>nomine.</strong></span> <span class='ocrx_word' id='word_1_282' title='bbox 3767 1961 3820 2014; x_wconf 90' lang='lat' dir='ltr'><strong>in</strong></span> <span class='ocrx_word' id='word_1_283' title='bbox 3854 1961 3998 2012; x_wconf 53' lang='lat' dir='ltr'><strong>vice-</strong></span> 
     </span>
    </p>
   </div>
   <div class='ocr_carea' id='block_1_48' title="bbox 2414 2044 3994 2120">
    <p class='ocr_par' dir='ltr' id='par_1_48' title="bbox 2414 2044 3994 2120">
     <span class='ocr_line' id='line_1_48' title="bbox 2414 2044 3994 2120; baseline 0.003 -22"><span class='ocrx_word' id='word_1_284' title='bbox 2414 2044 2554 2098; x_wconf 88' lang='lat' dir='ltr'><strong>simo</strong></span> <span class='ocrx_word' id='word_1_285' title='bbox 2584 2044 2843 2100; x_wconf 89' lang='lat' dir='ltr'><strong>milliario</strong></span> <span class='ocrx_word' id='word_1_286' title='bbox 2870 2048 3388 2119; x_wconf 84' lang='lat' dir='ltr'><strong>Eleutheropoleos:</strong></span> <span class='ocrx_word' id='word_1_287' title='bbox 3415 2050 3748 2106; x_wconf 88' lang='lat' dir='ltr'><strong>habitatores</strong></span> <span class='ocrx_word' id='word_1_288' title='bbox 3777 2066 3994 2120; x_wconf 90' lang='lat' dir='ltr'><strong>quoque</strong></span> 
     </span>
    </p>
   </div>
   <div class='ocr_carea' id='block_1_49' title="bbox 2414 2138 3990 2207">
    <p class='ocr_par' dir='ltr' id='par_1_49' title="bbox 2414 2138 3990 2207">
     <span class='ocr_line' id='line_1_49' title="bbox 2414 2138 3990 2207; baseline 0.001 -15"><span class='ocrx_word' id='word_1_289' title='bbox 2414 2138 2534 2207; x_wconf 85' lang='lat' dir='ltr'><strong>ejus</strong></span> <span class='ocrx_word' id='word_1_290' title='bbox 2559 2155 2754 2194; x_wconf 90' lang='lat' dir='ltr'><strong>omnes</strong></span> <span class='ocrx_word' id='word_1_291' title='bbox 2784 2141 3080 2195; x_wconf 88' lang='lat' dir='ltr'><strong>Christiani</strong></span> <span class='ocrx_word' id='word_1_292' title='bbox 3108 2151 3256 2196; x_wconf 91' lang='lat' dir='ltr'><strong>sunt.</strong></span> <span class='ocrx_word' id='word_1_293' title='bbox 3297 2141 3411 2196; x_wconf 87' lang='lat' dir='ltr'><strong>Sita</strong></span> <span class='ocrx_word' id='word_1_294' title='bbox 3434 2153 3519 2197; x_wconf 84' lang='lat' dir='ltr'><strong>est</strong></span> <span class='ocrx_word' id='word_1_295' title='bbox 3539 2155 3720 2196; x_wconf 89' lang='lat' dir='ltr'><strong>autem</strong></span> <span class='ocrx_word' id='word_1_296' title='bbox 3755 2143 3808 2195; x_wconf 91' lang='lat' dir='ltr'><strong>in</strong></span> <span class='ocrx_word' id='word_1_297' title='bbox 3852 2143 3990 2195; x_wconf 85' lang='lat' dir='ltr'><strong>inte-</strong></span> 
     </span>
    </p>
   </div>
   <div class='ocr_carea' id='block_1_50' title="bbox 2414 2233 3993 2302">
    <p class='ocr_par' dir='ltr' id='par_1_50' title="bbox 2414 2233 3993 2302">
     <span class='ocr_line' id='line_1_50' title="bbox 2414 2233 3993 2302; baseline 0 -16"><span class='ocrx_word' id='word_1_298' title='bbox 2414 2233 2547 2289; x_wconf 92' lang='lat' dir='ltr'><strong>riori</strong></span> <span class='ocrx_word' id='word_1_299' title='bbox 2590 2233 2842 2300; x_wconf 87' lang='lat' dir='ltr'><strong>Daroma,</strong></span> <span class='ocrx_word' id='word_1_300' title='bbox 2895 2233 3049 2302; x_wconf 76' lang='lat' dir='ltr'><strong>juxta</strong></span> <span class='ocrx_word' id='word_1_301' title='bbox 3101 2233 3395 2289; x_wconf 78' lang='lat' dir='ltr'><strong>Malathan.</strong></span> <span class='ocrx_word' id='word_1_302' title='bbox 3433 2233 3678 2288; x_wconf 82' lang='lat' dir='ltr'><strong>Diximus</strong></span> <span class='ocrx_word' id='word_1_303' title='bbox 3709 2233 3779 2287; x_wconf 86' lang='lat' dir='ltr'><strong>de</strong></span> <span class='ocrx_word' id='word_1_304' title='bbox 3817 2233 3919 2286; x_wconf 88' lang='lat' dir='ltr'><strong>hac</strong></span> <span class='ocrx_word' id='word_1_305' title='bbox 3943 2243 3993 2286; x_wconf 89' lang='lat' dir='ltr'><strong>et</strong></span> 
     </span>
    </p>
   </div>
   <div class='ocr_carea' id='block_1_51' title="bbox 2415 2341 2601 2396">
    <p class='ocr_par' dir='ltr' id='par_1_51' title="bbox 2415 2341 2601 2396">
     <span class='ocr_line' id='line_1_51' title="bbox 2415 2341 2601 2396; baseline 0 -16"><span class='ocrx_word' id='word_1_306' title='bbox 2415 2341 2601 2396; x_wconf 91' lang='lat' dir='ltr'><strong>supra.</strong></span> 
     </span>
    </p>
   </div>
   <div class='ocr_carea' id='block_1_52' title="bbox 2481 2417 3990 2483">
    <p class='ocr_par' dir='ltr' id='par_1_52' title="bbox 2481 2417 3990 2483">
     <span class='ocr_line' id='line_1_52' title="bbox 2481 2417 3990 2483; baseline -0.002 -10"><span class='ocrx_word' id='word_1_307' title='bbox 2481 2419 2701 2483; x_wconf 86' lang='lat' dir='ltr'><strong>Janum,</strong></span> <span class='ocrx_word' id='word_1_308' title='bbox 2733 2420 2784 2474; x_wconf 93' lang='lat' dir='ltr'><strong>in</strong></span> <span class='ocrx_word' id='word_1_309' title='bbox 2818 2421 2961 2475; x_wconf 89' lang='lat' dir='ltr'><strong>tribu</strong></span> <span class='ocrx_word' id='word_1_310' title='bbox 2985 2418 3124 2476; x_wconf 80' lang='lat' dir='ltr'><strong>Juda</strong></span> <span class='ocrx_word' id='word_1_311' title='bbox 3153 2437 3166 2474; x_wconf 89' lang='lat'>:</span> <span class='ocrx_word' id='word_1_312' title='bbox 3205 2428 3286 2475; x_wconf 84' lang='lat' dir='ltr'><strong>est</strong></span> <span class='ocrx_word' id='word_1_313' title='bbox 3314 2420 3440 2474; x_wconf 90' lang='lat' dir='ltr'><strong>villa</strong></span> <span class='ocrx_word' id='word_1_314' title='bbox 3469 2418 3666 2481; x_wconf 75' lang='lat' dir='ltr'><strong>lanna,</strong></span> <span class='ocrx_word' id='word_1_315' title='bbox 3721 2417 3775 2470; x_wconf 93' lang='lat' dir='ltr'><strong>in</strong></span> <span class='ocrx_word' id='word_1_316' title='bbox 3832 2417 3990 2470; x_wconf 89' lang='lat' dir='ltr'><strong>tertio</strong></span> 
     </span>
    </p>
   </div>
   <div class='ocr_carea' id='block_1_53' title="bbox 2415 2510 3990 2582">
    <p class='ocr_par' dir='ltr' id='par_1_53' title="bbox 2415 2510 3990 2582">
     <span class='ocr_line' id='line_1_53' title="bbox 2415 2510 3990 2582; baseline -0.003 -18"><span class='ocrx_word' id='word_1_317' title='bbox 2415 2513 2672 2567; x_wconf 91' lang='lat' dir='ltr'><strong>milliario</strong></span> <span class='ocrx_word' id='word_1_318' title='bbox 2700 2511 2956 2582; x_wconf 78' lang='lat' dir='ltr'><strong>Legionis</strong></span> <span class='ocrx_word' id='word_1_319' title='bbox 2983 2523 3176 2568; x_wconf 86' lang='lat' dir='ltr'><strong>contra</strong></span> <span class='ocrx_word' id='word_1_320' title='bbox 3220 2512 3529 2567; x_wconf 81' lang='lat' dir='ltr'><strong>meridiem.</strong></span> <span class='ocrx_word' id='word_1_321' title='bbox 3565 2510 3668 2565; x_wconf 89' lang='lat' dir='ltr'><strong>Sed</strong></span> <span class='ocrx_word' id='word_1_322' title='bbox 3698 2524 3805 2562; x_wconf 91' lang='lat' dir='ltr'><strong>nou</strong></span> <span class='ocrx_word' id='word_1_323' title='bbox 3841 2510 3990 2562; x_wconf 72' lang='lat' dir='ltr'><strong>vide-</strong></span> 
     </span>
    </p>
   </div>
   <div class='ocr_carea' id='block_1_54' title="bbox 2415 2605 3259 2674">
    <p class='ocr_par' dir='ltr' id='par_1_54' title="bbox 2415 2605 3259 2674">
     <span class='ocr_line' id='line_1_54' title="bbox 2415 2605 3259 2674; baseline -0.002 -14"><span class='ocrx_word' id='word_1_324' title='bbox 2415 2613 2506 2661; x_wconf 90' lang='lat' dir='ltr'><strong>tur</strong></span> <span class='ocrx_word' id='word_1_325' title='bbox 2533 2605 2646 2674; x_wconf 90' lang='lat' dir='ltr'><strong>ipsa</strong></span> <span class='ocrx_word' id='word_1_326' title='bbox 2673 2620 2797 2659; x_wconf 92' lang='lat' dir='ltr'><strong>esse</strong></span> <span class='ocrx_word' id='word_1_327' title='bbox 2824 2621 2944 2673; x_wconf 75' lang='lat' dir='ltr'><strong>qua:</strong></span> <span class='ocrx_word' id='word_1_328' title='bbox 2977 2605 3259 2660; x_wconf 85' lang='lat' dir='ltr'><strong>scribitur.</strong></span> 
     </span>
    </p>
   </div>
   <div class='ocr_carea' id='block_1_55' title="bbox 2478 2695 3995 2762">
    <p class='ocr_par' dir='ltr' id='par_1_55' title="bbox 2478 2695 3995 2762">
     <span class='ocr_line' id='line_1_55' title="bbox 2478 2695 3995 2762; baseline -0.001 -12"><span class='ocrx_word' id='word_1_329' title='bbox 2478 2697 2656 2760; x_wconf 83' lang='lat' dir='ltr'><strong>Jetan,</strong></span> <span class='ocrx_word' id='word_1_330' title='bbox 2683 2699 2738 2753; x_wconf 92' lang='lat' dir='ltr'><strong>in</strong></span> <span class='ocrx_word' id='word_1_331' title='bbox 2769 2699 2915 2752; x_wconf 86' lang='lat' dir='ltr'><strong>tribu</strong></span> <span class='ocrx_word' id='word_1_332' title='bbox 2949 2698 3108 2762; x_wconf 85' lang='lat' dir='ltr'><strong>Juda,</strong></span> <span class='ocrx_word' id='word_1_333' title='bbox 3143 2698 3336 2753; x_wconf 84' lang='lat' dir='ltr'><strong>civitas</strong></span> <span class='ocrx_word' id='word_1_334' title='bbox 3368 2695 3745 2756; x_wconf 88' lang='lat' dir='ltr'><strong>sacerdotalis,</strong></span> <span class='ocrx_word' id='word_1_335' title='bbox 3780 2705 3868 2749; x_wconf 90' lang='lat' dir='ltr'><strong>est</strong></span> <span class='ocrx_word' id='word_1_336' title='bbox 3901 2695 3995 2748; x_wconf 82' lang='lat' dir='ltr'><strong>ho-</strong></span> 
     </span>
    </p>
   </div>
   <div class='ocr_carea' id='block_1_56' title="bbox 2416 2787 3994 2861">
    <p class='ocr_par' dir='ltr' id='par_1_56' title="bbox 2416 2787 3994 2861">
     <span class='ocr_line' id='line_1_56' title="bbox 2416 2787 3994 2861; baseline -0.004 -16"><span class='ocrx_word' id='word_1_337' title='bbox 2416 2790 2610 2859; x_wconf 85' lang='lat' dir='ltr'><strong>dieque</strong></span> <span class='ocrx_word' id='word_1_338' title='bbox 2638 2791 2792 2845; x_wconf 87' lang='lat' dir='ltr'><strong>vicus</strong></span> <span class='ocrx_word' id='word_1_339' title='bbox 2815 2789 3148 2861; x_wconf 74' lang='lat' dir='ltr'><strong>praegrandis</strong></span> <span class='ocrx_word' id='word_1_340' title='bbox 3175 2789 3486 2844; x_wconf 66' lang='lat' dir='ltr'><strong>Iudaeorum</strong></span> <span class='ocrx_word' id='word_1_341' title='bbox 3524 2789 3578 2842; x_wconf 92' lang='lat' dir='ltr'><strong>in</strong></span> <span class='ocrx_word' id='word_1_342' title='bbox 3610 2787 3829 2842; x_wconf 89' lang='lat' dir='ltr'><strong>decimo</strong></span> <span class='ocrx_word' id='word_1_343' title='bbox 3851 2797 3994 2841; x_wconf 82' lang='lat' dir='ltr'><strong>octa—</strong></span> 
     </span>
    </p>
   </div>
   <div class='ocr_carea' id='block_1_57' title="bbox 2418 2881 3993 2954">
    <p class='ocr_par' dir='ltr' id='par_1_57' title="bbox 2418 2881 3993 2954">
     <span class='ocr_line' id='line_1_57' title="bbox 2418 2881 3993 2954; baseline -0.003 -17"><span class='ocrx_word' id='word_1_344' title='bbox 2418 2899 2484 2938; x_wconf 91' lang='lat' dir='ltr'><strong>vo</strong></span> <span class='ocrx_word' id='word_1_345' title='bbox 2516 2883 2695 2954; x_wconf 87' lang='lat' dir='ltr'><strong>lapide</strong></span> <span class='ocrx_word' id='word_1_346' title='bbox 2728 2885 2796 2938; x_wconf 88' lang='lat' dir='ltr'><strong>ab</strong></span> <span class='ocrx_word' id='word_1_347' title='bbox 2832 2882 3234 2953; x_wconf 75' lang='lat' dir='ltr'><strong>EleutherOpoli</strong></span> <span class='ocrx_word' id='word_1_348' title='bbox 3269 2885 3336 2937; x_wconf 86' lang='lat' dir='ltr'><strong>ad</strong></span> <span class='ocrx_word' id='word_1_349' title='bbox 3363 2882 3656 2938; x_wconf 87' lang='lat' dir='ltr'><strong>australem</strong></span> <span class='ocrx_word' id='word_1_350' title='bbox 3691 2893 3906 2948; x_wconf 89' lang='lat' dir='ltr'><strong>partem</strong></span> <span class='ocrx_word' id='word_1_351' title='bbox 3944 2881 3993 2932; x_wconf 92' lang='lat' dir='ltr'><strong>in</strong></span> 
     </span>
    </p>
   </div>
   <div class='ocr_carea' id='block_1_58' title="bbox 2418 2976 2670 3030">
    <p class='ocr_par' dir='ltr' id='par_1_58' title="bbox 2418 2976 2670 3030">
     <span class='ocr_line' id='line_1_58' title="bbox 2418 2976 2670 3030; baseline 0.004 -1"><span class='ocrx_word' id='word_1_352' title='bbox 2418 2976 2670 3030; x_wconf 89' lang='lat' dir='ltr'><strong>Daroma.</strong></span> 
     </span>
    </p>
   </div>
   <div class='ocr_carea' id='block_1_59' title="bbox 2485 3064 3995 3138">
    <p class='ocr_par' dir='ltr' id='par_1_59' title="bbox 2485 3064 3995 3138">
     <span class='ocr_line' id='line_1_59' title="bbox 2485 3064 3995 3138; baseline -0.003 -14"><span class='ocrx_word' id='word_1_353' title='bbox 2485 3069 2694 3124; x_wconf 84' lang='lat' dir='ltr'><strong>Jcsrael</strong></span> <span class='ocrx_word' id='word_1_354' title='bbox 2728 3067 2768 3132; x_wconf 84' lang='grc'><strong>³,</strong></span> <span class='ocrx_word' id='word_1_355' title='bbox 2811 3067 2863 3120; x_wconf 85' lang='grc' dir='ltr'><strong>ἰη</strong></span> <span class='ocrx_word' id='word_1_356' title='bbox 2898 3065 3038 3120; x_wconf 84' lang='lat' dir='ltr'><strong>tribu</strong></span> <span class='ocrx_word' id='word_1_357' title='bbox 3071 3064 3208 3120; x_wconf 84' lang='lat' dir='ltr'><strong>Juda</strong></span> <span class='ocrx_word' id='word_1_358' title='bbox 3240 3079 3252 3116; x_wconf 92' lang='lat'>:</span> <span class='ocrx_word' id='word_1_359' title='bbox 3306 3064 3400 3120; x_wconf 89' lang='lat' dir='ltr'><strong>sed</strong></span> <span class='ocrx_word' id='word_1_360' title='bbox 3431 3080 3538 3120; x_wconf 94' lang='lat' dir='ltr'><strong>non</strong></span> <span class='ocrx_word' id='word_1_361' title='bbox 3574 3078 3656 3120; x_wconf 91' lang='lat' dir='ltr'><strong>est</strong></span> <span class='ocrx_word' id='word_1_362' title='bbox 3709 3067 3829 3138; x_wconf 85' lang='lat' dir='ltr'><strong>ipsa</strong></span> <span class='ocrx_word' id='word_1_363' title='bbox 3880 3081 3995 3136; x_wconf 68' lang='lat' dir='ltr'><strong>qua</strong></span> 
     </span>
    </p>
   </div>
   <div class='ocr_carea' id='block_1_60' title="bbox 2420 3179 2605 3232">
    <p class='ocr_par' dir='ltr' id='par_1_60' title="bbox 2420 3179 2605 3232">
     <span class='ocr_line' id='line_1_60' title="bbox 2420 3179 2605 3232; baseline -0.005 -15"><span class='ocrx_word' id='word_1_364' title='bbox 2420 3179 2605 3232; x_wconf 89' lang='lat' dir='ltr'><strong>supra.</strong></span> 
     </span>
    </p>
   </div>
   <div class='ocr_carea' id='block_1_61' title="bbox 735 3236 3995 3339">
    <p class='ocr_par' dir='ltr' id='par_1_61' title="bbox 735 3236 3995 3339">
     <span class='ocr_line' id='line_1_61' title="bbox 735 3236 3995 3339; baseline -0.001 -46"><span class='ocrx_word' id='word_1_365' title='bbox 735 3254 855 3294; x_wconf 86' lang='lat' dir='ltr'><strong>eam</strong></span> <span class='ocrx_word' id='word_1_366' title='bbox 885 3249 1112 3294; x_wconf 86' lang='lat' dir='ltr'><strong>tenuere</strong></span> <span class='ocrx_word' id='word_1_367' title='bbox 1144 3236 1396 3298; x_wconf 70' lang='lat' dir='ltr'><strong>.lebusrei,</strong></span> <span class='ocrx_word' id='word_1_368' title='bbox 1429 3251 1459 3288; x_wconf 90' lang='lat' dir='ltr'><strong>e</strong></span> <span class='ocrx_word' id='word_1_369' title='bbox 1530 3236 1730 3304; x_wconf 86' lang='lat' dir='ltr'><strong>quibus</strong></span> <span class='ocrx_word' id='word_1_370' title='bbox 1758 3245 1810 3289; x_wconf 91' lang='lat' dir='ltr'><strong>et</strong></span> <span class='ocrx_word' id='word_1_371' title='bbox 1842 3237 2030 3290; x_wconf 88' lang='lat' dir='ltr'><strong>sortita</strong></span> <span class='ocrx_word' id='word_1_372' title='bbox 2078 3238 2312 3292; x_wconf 88' lang='lat' dir='ltr'><strong>vocabu—</strong></span> <span class='ocrx_word' id='word_1_373' title='bbox 2339 3275 2386 3339; x_wconf 67' lang='grc' dir='ltr'>Ο</span> <span class='ocrx_word' id='word_1_374' title='bbox 2482 3256 2713 3324; x_wconf 59' lang='grc' dir='ltr'><strong>ιρπεθι,</strong></span> <span class='ocrx_word' id='word_1_375' title='bbox 2745 3258 2799 3312; x_wconf 68' lang='lat' dir='ltr'><strong>in</strong></span> <span class='ocrx_word' id='word_1_376' title='bbox 2832 3257 2974 3313; x_wconf 62' lang='lat' dir='ltr'><strong>&quot;um</strong></span> <span class='ocrx_word' id='word_1_377' title='bbox 3022 3256 3308 3312; x_wconf 56' lang='lat' dir='ltr'><strong>manasse:</strong></span> <span class='ocrx_word' id='word_1_378' title='bbox 3352 3255 3622 3324; x_wconf 62' lang='lat' dir='ltr'><strong>hodieque</strong></span> <span class='ocrx_word' id='word_1_379' title='bbox 3651 3251 3995 3322; x_wconf 44' lang='lat' dir='ltr'><strong>praegrandis</strong></span> 
     </span>
    </p>
   </div>
   <div class='ocr_carea' id='block_1_62' title="bbox 738 3328 2312 3401">
    <p class='ocr_par' dir='ltr' id='par_1_62' title="bbox 738 3328 2312 3401">
     <span class='ocr_line' id='line_1_62' title="bbox 738 3328 2312 3401; baseline 0 -17"><span class='ocrx_word' id='word_1_380' title='bbox 738 3334 844 3386; x_wconf 92' lang='lat' dir='ltr'><strong>lum</strong></span> <span class='ocrx_word' id='word_1_381' title='bbox 877 3341 981 3394; x_wconf 88' lang='lat' dir='ltr'><strong>est,</strong></span> <span class='ocrx_word' id='word_1_382' title='bbox 1015 3345 1152 3401; x_wconf 88' lang='lat' dir='ltr'><strong>quos</strong></span> <span class='ocrx_word' id='word_1_383' title='bbox 1187 3331 1357 3384; x_wconf 91' lang='lat' dir='ltr'><strong>multo</strong></span> <span class='ocrx_word' id='word_1_384' title='bbox 1395 3341 1517 3399; x_wconf 92' lang='lat' dir='ltr'><strong>post</strong></span> <span class='ocrx_word' id='word_1_385' title='bbox 1572 3341 1812 3400; x_wconf 87' lang='lat' dir='ltr'><strong>tempore</strong></span> <span class='ocrx_word' id='word_1_386' title='bbox 1845 3328 2012 3384; x_wconf 87' lang='lat' dir='ltr'><strong>David</strong></span> <span class='ocrx_word' id='word_1_387' title='bbox 2049 3333 2312 3385; x_wconf 65' lang='lat' dir='ltr'><strong>extermi.</strong></span> 
     </span>
    </p>
   </div>
   <div class='ocr_carea' id='block_1_63' title="bbox 739 3419 2312 3490">
    <p class='ocr_par' dir='ltr' id='par_1_63' title="bbox 739 3419 2312 3490">
     <span class='ocr_line' id='line_1_63' title="bbox 739 3419 2312 3490; baseline 0.001 -15"><span class='ocrx_word' id='word_1_388' title='bbox 739 3439 899 3486; x_wconf 80' lang='lat' dir='ltr'><strong>naris,</strong></span> <span class='ocrx_word' id='word_1_389' title='bbox 957 3422 1126 3476; x_wconf 89' lang='lat' dir='ltr'><strong>totius</strong></span> <span class='ocrx_word' id='word_1_390' title='bbox 1183 3435 1301 3476; x_wconf 87' lang='lat' dir='ltr'><strong>eam</strong></span> <span class='ocrx_word' id='word_1_391' title='bbox 1356 3419 1554 3474; x_wconf 73' lang='lat' dir='ltr'><strong>Judaerc</strong></span> <span class='ocrx_word' id='word_1_392' title='bbox 1619 3421 1916 3489; x_wconf 72' lang='lat' dir='ltr'><strong>provincia:</strong></span> <span class='ocrx_word' id='word_1_393' title='bbox 1973 3423 2312 3490; x_wconf 88' lang='lat' dir='ltr'><strong>metr0polim</strong></span> 
     </span>
    </p>
   </div>
   <div class='ocr_carea' id='block_1_64' title="bbox 739 3515 2317 3585">
    <p class='ocr_par' dir='ltr' id='par_1_64' title="bbox 739 3515 2317 3585">
     <span class='ocr_line' id='line_1_64' title="bbox 739 3515 2317 3585; baseline 0.001 -17"><span class='ocrx_word' id='word_1_394' title='bbox 739 3515 1037 3569; x_wconf 77' lang='lat' dir='ltr'><strong>fabricatus</strong></span> <span class='ocrx_word' id='word_1_395' title='bbox 1077 3523 1157 3568; x_wconf 91' lang='lat' dir='ltr'><strong>est</strong></span> <span class='ocrx_word' id='word_1_396' title='bbox 1195 3531 1206 3567; x_wconf 94' lang='lat'>:</span> <span class='ocrx_word' id='word_1_397' title='bbox 1247 3529 1312 3567; x_wconf 89' lang='lat' dir='ltr'><strong>eo</strong></span> <span class='ocrx_word' id='word_1_398' title='bbox 1348 3515 1492 3582; x_wconf 89' lang='lat' dir='ltr'><strong>quod</strong></span> <span class='ocrx_word' id='word_1_399' title='bbox 1548 3515 1617 3567; x_wconf 88' lang='lat' dir='ltr'><strong>ibi</strong></span> <span class='ocrx_word' id='word_1_400' title='bbox 1655 3519 1830 3568; x_wconf 88' lang='lat' dir='ltr'><strong>locum</strong></span> <span class='ocrx_word' id='word_1_401' title='bbox 1881 3517 2066 3585; x_wconf 80' lang='lat' dir='ltr'><strong>templi</strong></span> <span class='ocrx_word' id='word_1_402' title='bbox 2122 3519 2317 3571; x_wconf 83' lang='lat' dir='ltr'><strong>emerit</strong></span> 
     </span>
    </p>
   </div>
   <div class='ocr_carea' id='block_1_65' title="bbox 738 3606 2309 3676">
    <p class='ocr_par' dir='ltr' id='par_1_65' title="bbox 738 3606 2309 3676">
     <span class='ocr_line' id='line_1_65' title="bbox 738 3606 2309 3676; baseline -0.003 -12"><span class='ocrx_word' id='word_1_403' title='bbox 738 3615 812 3664; x_wconf 78' lang='lat' dir='ltr'><strong>(et</strong></span> <span class='ocrx_word' id='word_1_404' title='bbox 847 3606 1123 3676; x_wconf 78' lang='lat' dir='ltr'><strong>impensas</strong></span> <span class='ocrx_word' id='word_1_405' title='bbox 1151 3617 1442 3661; x_wconf 72' lang='lat' dir='ltr'><strong>structurae</strong></span> <span class='ocrx_word' id='word_1_406' title='bbox 1469 3606 1746 3661; x_wconf 80' lang='lat' dir='ltr'><strong>Salontoni</strong></span> <span class='ocrx_word' id='word_1_407' title='bbox 1777 3606 1887 3660; x_wconf 83' lang='lat' dir='ltr'><strong>lilio</strong></span> <span class='ocrx_word' id='word_1_408' title='bbox 1911 3607 2264 3676; x_wconf 82' lang='lat' dir='ltr'><strong>dereliqucrit</strong></span> <span class='ocrx_word' id='word_1_409' title='bbox 2297 3628 2309 3661; x_wconf 94' lang='lat'>:</span> 
     </span>
    </p>
   </div>
   <div class='ocr_carea' id='block_1_66' title="bbox 739 3694 2317 3766">
    <p class='ocr_par' dir='ltr' id='par_1_66' title="bbox 739 3694 2317 3766">
     <span class='ocr_line' id='line_1_66' title="bbox 739 3694 2317 3766; baseline 0.001 -16"><span class='ocrx_word' id='word_1_410' title='bbox 739 3698 880 3751; x_wconf 81' lang='lat' dir='ltr'><strong>hanc</strong></span> <span class='ocrx_word' id='word_1_411' title='bbox 911 3711 1032 3752; x_wconf 86' lang='lat' dir='ltr'><strong>esse</strong></span> <span class='ocrx_word' id='word_1_412' title='bbox 1067 3694 1340 3766; x_wconf 67' lang='lat' dir='ltr'><strong>Iosephus</strong></span> <span class='ocrx_word' id='word_1_413' title='bbox 1365 3697 1574 3765; x_wconf 86' lang='lat' dir='ltr'><strong>relert),</strong></span> <span class='ocrx_word' id='word_1_414' title='bbox 1607 3713 1724 3764; x_wconf 65' lang='lat' dir='ltr'><strong>qua:</strong></span> <span class='ocrx_word' id='word_1_415' title='bbox 1754 3697 1804 3751; x_wconf 89' lang='lat' dir='ltr'><strong>in</strong></span> <span class='ocrx_word' id='word_1_416' title='bbox 1830 3697 2027 3752; x_wconf 85' lang='lat' dir='ltr'><strong>Genesi</strong></span> <span class='ocrx_word' id='word_1_417' title='bbox 2058 3699 2317 3752; x_wconf 86' lang='lat' dir='ltr'><strong>scribitur</strong></span> 
     </span>
    </p>
   </div>
   <div class='ocr_carea' id='block_1_67' title="bbox 739 3785 2313 3856">
    <p class='ocr_par' dir='ltr' id='par_1_67' title="bbox 739 3785 2313 3856">
     <span class='ocr_line' id='line_1_67' title="bbox 739 3785 2313 3856; baseline 0.004 -20"><span class='ocrx_word' id='word_1_418' title='bbox 739 3787 941 3850; x_wconf 69' lang='lat' dir='ltr'><strong>Saletn,</strong></span> <span class='ocrx_word' id='word_1_419' title='bbox 977 3785 1079 3841; x_wconf 92' lang='lat' dir='ltr'><strong>sub</strong></span> <span class='ocrx_word' id='word_1_420' title='bbox 1110 3801 1235 3856; x_wconf 83' lang='lat' dir='ltr'><strong>rege</strong></span> <span class='ocrx_word' id='word_1_421' title='bbox 1261 3785 1680 3841; x_wconf 81' lang='lat' dir='ltr'><strong>Melchisedech.</strong></span> <span class='ocrx_word' id='word_1_422' title='bbox 1713 3785 1834 3840; x_wconf 87' lang='lat' dir='ltr'><strong>Fuit</strong></span> <span class='ocrx_word' id='word_1_423' title='bbox 1858 3797 2036 3841; x_wconf 66' lang='lat' dir='ltr'><strong>autem</strong></span> <span class='ocrx_word' id='word_1_424' title='bbox 2070 3788 2124 3841; x_wconf 91' lang='lat' dir='ltr'><strong>in</strong></span> <span class='ocrx_word' id='word_1_425' title='bbox 2170 3790 2313 3844; x_wconf 90' lang='lat' dir='ltr'><strong>tribu</strong></span> 
     </span>
    </p>
   </div>
   <div class='ocr_carea' id='block_1_68' title="bbox 738 3879 1046 3950">
    <p class='ocr_par' dir='ltr' id='par_1_68' title="bbox 738 3879 1046 3950">
     <span class='ocr_line' id='line_1_68' title="bbox 738 3879 1046 3950; baseline 0.003 -19"><span class='ocrx_word' id='word_1_426' title='bbox 738 3879 1046 3950; x_wconf 83' lang='lat' dir='ltr'><strong>Benjamin.</strong></span> 
     </span>
    </p>
   </div>
   <div class='ocr_carea' id='block_1_69' title="bbox 809 3971 1848 4041">
    <p class='ocr_par' dir='ltr' id='par_1_69' title="bbox 809 3971 1848 4041">
     <span class='ocr_line' id='line_1_69' title="bbox 809 3971 1848 4041; baseline -0.001 -14"><span class='ocrx_word' id='word_1_427' title='bbox 809 3972 1000 4037; x_wconf 79' lang='lat' dir='ltr'><strong>Jebus,</strong></span> <span class='ocrx_word' id='word_1_428' title='bbox 1035 3973 1150 4041; x_wconf 87' lang='lat' dir='ltr'><strong>ipsa</strong></span> <span class='ocrx_word' id='word_1_429' title='bbox 1186 3980 1271 4026; x_wconf 89' lang='lat' dir='ltr'><strong>est</strong></span> <span class='ocrx_word' id='word_1_430' title='bbox 1297 3987 1416 4039; x_wconf 60' lang='lat' dir='ltr'><strong>qua}</strong></span> <span class='ocrx_word' id='word_1_431' title='bbox 1444 3981 1497 4026; x_wconf 92' lang='lat' dir='ltr'><strong>et</strong></span> <span class='ocrx_word' id='word_1_432' title='bbox 1523 3971 1848 4027; x_wconf 81' lang='lat' dir='ltr'><strong>Jerusalem.</strong></span> 
     </span>
    </p>
   </div>
   <div class='ocr_carea' id='block_1_70' title="bbox 809 4064 1726 4130">
    <p class='ocr_par' dir='ltr' id='par_1_70' title="bbox 809 4064 1726 4130">
     <span class='ocr_line' id='line_1_70' title="bbox 809 4064 1726 4130; baseline -0.003 -11"><span class='ocrx_word' id='word_1_433' title='bbox 809 4067 1001 4130; x_wconf 87' lang='lat' dir='ltr'><strong>.Iarim,</strong></span> <span class='ocrx_word' id='word_1_434' title='bbox 1033 4065 1229 4120; x_wconf 83' lang='lat' dir='ltr'><strong>civitas</strong></span> <span class='ocrx_word' id='word_1_435' title='bbox 1275 4064 1726 4118; x_wconf 84' lang='lat' dir='ltr'><strong>Gabaonitaruut.</strong></span> 
     </span>
    </p>
   </div>
   <div class='ocr_carea' id='block_1_71' title="bbox 811 4157 2314 4226">
    <p class='ocr_par' dir='ltr' id='par_1_71' title="bbox 811 4157 2314 4226">
     <span class='ocr_line' id='line_1_71' title="bbox 811 4157 2314 4226; baseline 0 -14"><span class='ocrx_word' id='word_1_436' title='bbox 811 4159 1085 4214; x_wconf 77' lang='lat' dir='ltr'><strong>Jarimuth</strong></span> <span class='ocrx_word' id='word_1_437' title='bbox 1112 4158 1366 4221; x_wconf 84' lang='lat' dir='ltr'><strong>‘,civitas</strong></span> <span class='ocrx_word' id='word_1_438' title='bbox 1393 4171 1551 4226; x_wconf 88' lang='lat' dir='ltr'><strong>quam</strong></span> <span class='ocrx_word' id='word_1_439' title='bbox 1589 4157 1855 4212; x_wconf 84' lang='lat' dir='ltr'><strong>subvertit</strong></span> <span class='ocrx_word' id='word_1_440' title='bbox 1880 4157 2058 4224; x_wconf 84' lang='lat' dir='ltr'><strong>.lesus,</strong></span> <span class='ocrx_word' id='word_1_441' title='bbox 2085 4159 2139 4212; x_wconf 92' lang='lat' dir='ltr'><strong>in</strong></span> <span class='ocrx_word' id='word_1_442' title='bbox 2173 4159 2314 4213; x_wconf 86' lang='lat' dir='ltr'><strong>tribu</strong></span> 
     </span>
    </p>
   </div>
   <div class='ocr_carea' id='block_1_72' title="bbox 741 4247 2316 4320">
    <p class='ocr_par' dir='ltr' id='par_1_72' title="bbox 741 4247 2316 4320">
     <span class='ocr_line' id='line_1_72' title="bbox 741 4247 2316 4320; baseline 0 -16"><span class='ocrx_word' id='word_1_443' title='bbox 741 4252 902 4316; x_wconf 84' lang='lat' dir='ltr'><strong>Juda,</strong></span> <span class='ocrx_word' id='word_1_444' title='bbox 928 4259 1126 4320; x_wconf 89' lang='lat' dir='ltr'><strong>quarto</strong></span> <span class='ocrx_word' id='word_1_445' title='bbox 1161 4248 1370 4303; x_wconf 85' lang='lat' dir='ltr'><strong>distans</strong></span> <span class='ocrx_word' id='word_1_446' title='bbox 1419 4249 1485 4302; x_wconf 89' lang='lat' dir='ltr'><strong>ab</strong></span> <span class='ocrx_word' id='word_1_447' title='bbox 1519 4247 1929 4320; x_wconf 82' lang='lat' dir='ltr'><strong>Eleutheropoli</strong></span> <span class='ocrx_word' id='word_1_448' title='bbox 1966 4249 2165 4320; x_wconf 87' lang='lat' dir='ltr'><strong>lapide,</strong></span> <span class='ocrx_word' id='word_1_449' title='bbox 2193 4251 2316 4320; x_wconf 82' lang='lat' dir='ltr'><strong>jux—</strong></span> 
     </span>
    </p>
   </div>
   <div class='ocr_carea' id='block_1_73' title="bbox 743 4345 1284 4401">
    <p class='ocr_par' dir='ltr' id='par_1_73' title="bbox 743 4345 1284 4401">
     <span class='ocr_line' id='line_1_73' title="bbox 743 4345 1284 4401; baseline -0.007 0"><span class='ocrx_word' id='word_1_450' title='bbox 743 4365 794 4401; x_wconf 81' lang='lat' dir='ltr'><strong>ta</strong></span> <span class='ocrx_word' id='word_1_451' title='bbox 826 4346 1004 4400; x_wconf 90' lang='lat' dir='ltr'><strong>villam</strong></span> <span class='ocrx_word' id='word_1_452' title='bbox 1041 4345 1284 4400; x_wconf 77' lang='lat' dir='ltr'><strong>Esthaol.</strong></span> 
     </span>
    </p>
   </div>
   <div class='ocr_carea' id='block_1_74' title="bbox 812 4439 2316 4506">
    <p class='ocr_par' dir='ltr' id='par_1_74' title="bbox 812 4439 2316 4506">
     <span class='ocr_line' id='line_1_74' title="bbox 812 4439 2316 4506; baseline -0.001 -12"><span class='ocrx_word' id='word_1_453' title='bbox 812 4440 1067 4504; x_wconf 80' lang='lat' dir='ltr'><strong>lsimoth,</strong></span> <span class='ocrx_word' id='word_1_454' title='bbox 1114 4439 1203 4493; x_wconf 86' lang='lat' dir='ltr'><strong>ubi</strong></span> <span class='ocrx_word' id='word_1_455' title='bbox 1243 4440 1597 4495; x_wconf 81' lang='lat' dir='ltr'><strong>absconditus</strong></span> <span class='ocrx_word' id='word_1_456' title='bbox 1646 4448 1730 4494; x_wconf 86' lang='lat' dir='ltr'><strong>est</strong></span> <span class='ocrx_word' id='word_1_457' title='bbox 1766 4439 1973 4493; x_wconf 86' lang='lat' dir='ltr'><strong>David:</strong></span> <span class='ocrx_word' id='word_1_458' title='bbox 2014 4440 2080 4496; x_wconf 87' lang='lat' dir='ltr'><strong>de</strong></span> <span class='ocrx_word' id='word_1_459' title='bbox 2112 4455 2214 4506; x_wconf 90' lang='lat' dir='ltr'><strong>qua</strong></span> <span class='ocrx_word' id='word_1_460' title='bbox 2262 4449 2316 4493; x_wconf 90' lang='lat' dir='ltr'><strong>et</strong></span> 
     </span>
    </p>
   </div>
   <div class='ocr_carea' id='block_1_75' title="bbox 741 4530 2315 4602">
    <p class='ocr_par' dir='ltr' id='par_1_75' title="bbox 741 4530 2315 4602">
     <span class='ocr_line' id='line_1_75' title="bbox 741 4530 2315 4602; baseline -0.002 -15"><span class='ocrx_word' id='word_1_461' title='bbox 741 4547 903 4602; x_wconf 83' lang='lat' dir='ltr'><strong>supra</strong></span> <span class='ocrx_word' id='word_1_462' title='bbox 936 4532 1064 4601; x_wconf 93' lang='lat' dir='ltr'><strong>quid</strong></span> <span class='ocrx_word' id='word_1_463' title='bbox 1089 4532 1244 4586; x_wconf 87' lang='lat' dir='ltr'><strong>nobis</strong></span> <span class='ocrx_word' id='word_1_464' title='bbox 1269 4533 1544 4586; x_wconf 85' lang='lat' dir='ltr'><strong>videretur</strong></span> <span class='ocrx_word' id='word_1_465' title='bbox 1577 4530 1834 4595; x_wconf 76' lang='lat' dir='ltr'><strong>diximus,</strong></span> <span class='ocrx_word' id='word_1_466' title='bbox 1860 4544 2122 4600; x_wconf 91' lang='lat' dir='ltr'><strong>ponentes</strong></span> <span class='ocrx_word' id='word_1_467' title='bbox 2151 4531 2315 4585; x_wconf 86' lang='lat' dir='ltr'><strong>Beth-</strong></span> 
     </span>
    </p>
   </div>
   <div class='ocr_carea' id='block_1_76' title="bbox 2417 3345 3995 3420">
    <p class='ocr_par' dir='ltr' id='par_1_76' title="bbox 2417 3345 3995 3420">
     <span class='ocr_line' id='line_1_76' title="bbox 2417 3345 3995 3420; baseline -0.006 -16"><span class='ocrx_word' id='word_1_468' title='bbox 2417 3349 2574 3404; x_wconf 88' lang='lat' dir='ltr'><strong>vicus</strong></span> <span class='ocrx_word' id='word_1_469' title='bbox 2602 3350 2912 3406; x_wconf 91' lang='lat' dir='ltr'><strong>ostenditur</strong></span> <span class='ocrx_word' id='word_1_470' title='bbox 2935 3351 2986 3403; x_wconf 94' lang='lat' dir='ltr'><strong>in</strong></span> <span class='ocrx_word' id='word_1_471' title='bbox 3016 3349 3221 3420; x_wconf 90' lang='lat' dir='ltr'><strong>Campo</strong></span> <span class='ocrx_word' id='word_1_472' title='bbox 3253 3348 3492 3402; x_wconf 81' lang='lat' dir='ltr'><strong>maxime</strong></span> <span class='ocrx_word' id='word_1_473' title='bbox 3516 3348 3657 3402; x_wconf 91' lang='lat' dir='ltr'><strong>inter</strong></span> <span class='ocrx_word' id='word_1_474' title='bbox 3689 3345 3995 3414; x_wconf 76' lang='lat' dir='ltr'><strong>Scythopo-</strong></span> 
     </span>
    </p>
   </div>
   <div class='ocr_carea' id='block_1_77' title="bbox 2417 3436 3992 3514">
    <p class='ocr_par' dir='ltr' id='par_1_77' title="bbox 2417 3436 3992 3514">
     <span class='ocr_line' id='line_1_77' title="bbox 2417 3436 3992 3514; baseline -0.007 -19"><span class='ocrx_word' id='word_1_475' title='bbox 2417 3441 2508 3495; x_wconf 92' lang='lat' dir='ltr'><strong>lim</strong></span> <span class='ocrx_word' id='word_1_476' title='bbox 2545 3453 2597 3496; x_wconf 91' lang='lat' dir='ltr'><strong>et</strong></span> <span class='ocrx_word' id='word_1_477' title='bbox 2634 3440 2952 3514; x_wconf 76' lang='lat' dir='ltr'><strong>Legionem.</strong></span> <span class='ocrx_word' id='word_1_478' title='bbox 3007 3440 3133 3496; x_wconf 82' lang='lat' dir='ltr'><strong>Fuit</strong></span> <span class='ocrx_word' id='word_1_479' title='bbox 3184 3451 3365 3495; x_wconf 91' lang='lat' dir='ltr'><strong>autem</strong></span> <span class='ocrx_word' id='word_1_480' title='bbox 3423 3440 3688 3494; x_wconf 89' lang='lat' dir='ltr'><strong>terminus</strong></span> <span class='ocrx_word' id='word_1_481' title='bbox 3725 3436 3992 3490; x_wconf 82' lang='lat' dir='ltr'><strong>lssacliar.</strong></span> 
     </span>
    </p>
   </div>
   <div class='ocr_carea' id='block_1_78' title="bbox 2419 3528 3993 3605">
    <p class='ocr_par' dir='ltr' id='par_1_78' title="bbox 2419 3528 3993 3605">
     <span class='ocr_line' id='line_1_78' title="bbox 2419 3528 3993 3605; baseline -0.008 -16"><span class='ocrx_word' id='word_1_482' title='bbox 2419 3534 2521 3589; x_wconf 91' lang='lat' dir='ltr'><strong>Sed</strong></span> <span class='ocrx_word' id='word_1_483' title='bbox 2557 3545 2612 3590; x_wconf 90' lang='lat' dir='ltr'><strong>et</strong></span> <span class='ocrx_word' id='word_1_484' title='bbox 2639 3551 2780 3590; x_wconf 91' lang='lat' dir='ltr'><strong>unus</strong></span> <span class='ocrx_word' id='word_1_485' title='bbox 2798 3537 2865 3590; x_wconf 85' lang='lat' dir='ltr'><strong>de</strong></span> <span class='ocrx_word' id='word_1_486' title='bbox 2893 3535 3130 3604; x_wconf 90' lang='lat' dir='ltr'><strong>posteris</strong></span> <span class='ocrx_word' id='word_1_487' title='bbox 3152 3535 3428 3605; x_wconf 69' lang='lat' dir='ltr'><strong>prrataz,</strong></span> <span class='ocrx_word' id='word_1_488' title='bbox 3454 3533 3596 3587; x_wconf 92' lang='lat' dir='ltr'><strong>sicut</strong></span> <span class='ocrx_word' id='word_1_489' title='bbox 3624 3531 3676 3585; x_wconf 91' lang='lat' dir='ltr'><strong>in</strong></span> <span class='ocrx_word' id='word_1_490' title='bbox 3712 3528 3993 3593; x_wconf 77' lang='lat' dir='ltr'><strong>Paralipo-</strong></span> 
     </span>
    </p>
   </div>
   <div class='ocr_carea' id='block_1_79' title="bbox 2416 3622 3993 3696">
    <p class='ocr_par' dir='ltr' id='par_1_79' title="bbox 2416 3622 3993 3696">
     <span class='ocr_line' id='line_1_79' title="bbox 2416 3622 3993 3696; baseline -0.006 -17"><span class='ocrx_word' id='word_1_491' title='bbox 2416 3640 2615 3679; x_wconf 77' lang='lat' dir='ltr'><strong>menon</strong></span> <span class='ocrx_word' id='word_1_492' title='bbox 2649 3627 2701 3693; x_wconf 89' lang='grc' dir='ltr'><strong>(Ι</strong></span> <span class='ocrx_word' id='word_1_493' title='bbox 2724 3625 2909 3680; x_wconf 84' lang='lat' dir='ltr'><strong>Paral.</strong></span> <span class='ocrx_word' id='word_1_494' title='bbox 2938 3641 2991 3691; x_wconf 74' lang='grc' dir='ltr'><strong>ν,</strong></span> <span class='ocrx_word' id='word_1_495' title='bbox 3017 3625 3071 3694; x_wconf 81' lang='lat'><strong>3)</strong></span> <span class='ocrx_word' id='word_1_496' title='bbox 3090 3625 3317 3696; x_wconf 77' lang='lat' dir='ltr'><strong>legimus</strong></span> <span class='ocrx_word' id='word_1_497' title='bbox 3339 3626 3515 3693; x_wconf 81' lang='lat' dir='ltr'><strong>(supp.</strong></span> <span class='ocrx_word' id='word_1_498' title='bbox 3534 3622 3742 3690; x_wconf 88' lang='lat' dir='ltr'><strong>libris),</strong></span> <span class='ocrx_word' id='word_1_499' title='bbox 3767 3629 3993 3673; x_wconf 82' lang='lat' dir='ltr'><strong>vocatus</strong></span> 
     </span>
    </p>
   </div>
   <div class='ocr_carea' id='block_1_80' title="bbox 2417 3715 2767 3772">
    <p class='ocr_par' dir='ltr' id='par_1_80' title="bbox 2417 3715 2767 3772">
     <span class='ocr_line' id='line_1_80' title="bbox 2417 3715 2767 3772; baseline 0.006 -2"><span class='ocrx_word' id='word_1_500' title='bbox 2417 3725 2501 3771; x_wconf 91' lang='lat' dir='ltr'><strong>est</strong></span> <span class='ocrx_word' id='word_1_501' title='bbox 2535 3715 2767 3772; x_wconf 81' lang='lat' dir='ltr'><strong>Jezrael.</strong></span> 
     </span>
    </p>
   </div>
   <div class='ocr_carea' id='block_1_81' title="bbox 2487 3805 3214 3869">
    <p class='ocr_par' dir='ltr' id='par_1_81' title="bbox 2487 3805 3214 3869">
     <span class='ocr_line' id='line_1_81' title="bbox 2487 3805 3214 3869; baseline 0 -7"><span class='ocrx_word' id='word_1_502' title='bbox 2487 3807 2750 3869; x_wconf 80' lang='lat' dir='ltr'><strong>Jccdaan,</strong></span> <span class='ocrx_word' id='word_1_503' title='bbox 2786 3809 2840 3861; x_wconf 91' lang='lat' dir='ltr'><strong>in</strong></span> <span class='ocrx_word' id='word_1_504' title='bbox 2877 3806 3021 3860; x_wconf 89' lang='lat' dir='ltr'><strong>tribu</strong></span> <span class='ocrx_word' id='word_1_505' title='bbox 3052 3805 3214 3862; x_wconf 81' lang='lat' dir='ltr'><strong>Juda.</strong></span> 
     </span>
    </p>
   </div>
   <div class='ocr_carea' id='block_1_82' title="bbox 2485 3899 3298 3969">
    <p class='ocr_par' dir='ltr' id='par_1_82' title="bbox 2485 3899 3298 3969">
     <span class='ocr_line' id='line_1_82' title="bbox 2485 3899 3298 3969; baseline 0 -15"><span class='ocrx_word' id='word_1_506' title='bbox 2485 3899 2786 3969; x_wconf 82' lang='lat' dir='ltr'><strong>Jephlethi,</strong></span> <span class='ocrx_word' id='word_1_507' title='bbox 2819 3900 2872 3952; x_wconf 92' lang='lat' dir='ltr'><strong>in</strong></span> <span class='ocrx_word' id='word_1_508' title='bbox 2902 3899 3048 3952; x_wconf 90' lang='lat' dir='ltr'><strong>tribu</strong></span> <span class='ocrx_word' id='word_1_509' title='bbox 3072 3899 3298 3967; x_wconf 88' lang='lat' dir='ltr'><strong>.loseph.</strong></span> 
     </span>
    </p>
   </div>
   <div class='ocr_carea' id='block_1_83' title="bbox 2488 3988 3994 4061">
    <p class='ocr_par' dir='ltr' id='par_1_83' title="bbox 2488 3988 3994 4061">
     <span class='ocr_line' id='line_1_83' title="bbox 2488 3988 3994 4061; baseline 0.001 -16"><span class='ocrx_word' id='word_1_510' title='bbox 2488 3990 2648 4054; x_wconf 88' lang='lat' dir='ltr'><strong>Jano,</strong></span> <span class='ocrx_word' id='word_1_511' title='bbox 2684 3991 2739 4044; x_wconf 93' lang='lat' dir='ltr'><strong>in</strong></span> <span class='ocrx_word' id='word_1_512' title='bbox 2789 3989 2938 4043; x_wconf 85' lang='lat' dir='ltr'><strong>tribu</strong></span> <span class='ocrx_word' id='word_1_513' title='bbox 2976 3988 3255 4058; x_wconf 87' lang='lat' dir='ltr'><strong>prraim.</strong></span> <span class='ocrx_word' id='word_1_514' title='bbox 3306 3989 3456 4043; x_wconf 88' lang='lat' dir='ltr'><strong>Hanc</strong></span> <span class='ocrx_word' id='word_1_515' title='bbox 3480 4005 3697 4060; x_wconf 87' lang='lat' dir='ltr'><strong>quoque</strong></span> <span class='ocrx_word' id='word_1_516' title='bbox 3725 3992 3868 4061; x_wconf 92' lang='lat' dir='ltr'><strong>cepit</strong></span> <span class='ocrx_word' id='word_1_517' title='bbox 3897 4008 3994 4046; x_wconf 87' lang='lat' dir='ltr'><strong>rex</strong></span> 
     </span>
    </p>
   </div>
   <div class='ocr_carea' id='block_1_84' title="bbox 2418 4080 3993 4152">
    <p class='ocr_par' dir='ltr' id='par_1_84' title="bbox 2418 4080 3993 4152">
     <span class='ocr_line' id='line_1_84' title="bbox 2418 4080 3993 4152; baseline 0 -15"><span class='ocrx_word' id='word_1_518' title='bbox 2418 4083 2791 4152; x_wconf 80' lang='lat' dir='ltr'><strong>Assyriorum:</strong></span> <span class='ocrx_word' id='word_1_519' title='bbox 2831 4093 2884 4137; x_wconf 91' lang='lat' dir='ltr'><strong>et</strong></span> <span class='ocrx_word' id='word_1_520' title='bbox 2916 4082 3188 4151; x_wconf 89' lang='lat' dir='ltr'><strong>hodieque</strong></span> <span class='ocrx_word' id='word_1_521' title='bbox 3222 4080 3374 4136; x_wconf 90' lang='lat' dir='ltr'><strong>vicus</strong></span> <span class='ocrx_word' id='word_1_522' title='bbox 3404 4083 3719 4135; x_wconf 88' lang='lat' dir='ltr'><strong>ostenditur</strong></span> <span class='ocrx_word' id='word_1_523' title='bbox 3750 4081 3902 4147; x_wconf 81' lang='lat' dir='ltr'><strong>Jano,</strong></span> <span class='ocrx_word' id='word_1_524' title='bbox 3937 4086 3993 4137; x_wconf 85' lang='lat' dir='ltr'><strong>in</strong></span> 
     </span>
    </p>
   </div>
   <div class='ocr_carea' id='block_1_85' title="bbox 2419 4171 3995 4245">
    <p class='ocr_par' dir='ltr' id='par_1_85' title="bbox 2419 4171 3995 4245">
     <span class='ocr_line' id='line_1_85' title="bbox 2419 4171 3995 4245; baseline 0.004 -22"><span class='ocrx_word' id='word_1_525' title='bbox 2419 4172 2773 4225; x_wconf 84' lang='lat' dir='ltr'><strong>Aerabittena</strong></span> <span class='ocrx_word' id='word_1_526' title='bbox 2827 4172 3074 4241; x_wconf 88' lang='lat' dir='ltr'><strong>regione,</strong></span> <span class='ocrx_word' id='word_1_527' title='bbox 3111 4172 3165 4224; x_wconf 92' lang='lat' dir='ltr'><strong>in</strong></span> <span class='ocrx_word' id='word_1_528' title='bbox 3199 4171 3526 4227; x_wconf 89' lang='lat' dir='ltr'><strong>duodecimo</strong></span> <span class='ocrx_word' id='word_1_529' title='bbox 3569 4174 3752 4244; x_wconf 81' lang='lat' dir='ltr'><strong>lapide</strong></span> <span class='ocrx_word' id='word_1_530' title='bbox 3786 4175 3995 4245; x_wconf 75' lang='lat' dir='ltr'><strong>Neapo-</strong></span> 
     </span>
    </p>
   </div>
   <div class='ocr_carea' id='block_1_86' title="bbox 2420 4262 3089 4318">
    <p class='ocr_par' dir='ltr' id='par_1_86' title="bbox 2420 4262 3089 4318">
     <span class='ocr_line' id='line_1_86' title="bbox 2420 4262 3089 4318; baseline -0.003 -2"><span class='ocrx_word' id='word_1_531' title='bbox 2420 4264 2532 4318; x_wconf 87' lang='lat' dir='ltr'><strong>leos</strong></span> <span class='ocrx_word' id='word_1_532' title='bbox 2565 4272 2756 4317; x_wconf 92' lang='lat' dir='ltr'><strong>contra</strong></span> <span class='ocrx_word' id='word_1_533' title='bbox 2785 4262 3089 4317; x_wconf 84' lang='lat' dir='ltr'><strong>Orientem.</strong></span> 
     </span>
    </p>
   </div>
   <div class='ocr_carea' id='block_1_87' title="bbox 2493 4353 3997 4424">
    <p class='ocr_par' dir='ltr' id='par_1_87' title="bbox 2493 4353 3997 4424">
     <span class='ocr_line' id='line_1_87' title="bbox 2493 4353 3997 4424; baseline 0.001 -14"><span class='ocrx_word' id='word_1_534' title='bbox 2493 4355 2673 4411; x_wconf 75' lang='lat' dir='ltr'><strong>lamin</strong></span> <span class='ocrx_word' id='word_1_535' title='bbox 2699 4375 2710 4410; x_wconf 93' lang='lat'><strong>:</strong></span> <span class='ocrx_word' id='word_1_536' title='bbox 2741 4370 2841 4424; x_wconf 92' lang='lat' dir='ltr'><strong>pro</strong></span> <span class='ocrx_word' id='word_1_537' title='bbox 2868 4368 2976 4421; x_wconf 91' lang='lat' dir='ltr'><strong>quo</strong></span> <span class='ocrx_word' id='word_1_538' title='bbox 3008 4353 3200 4423; x_wconf 82' lang='lat' dir='ltr'><strong>Aquila</strong></span> <span class='ocrx_word' id='word_1_539' title='bbox 3249 4363 3302 4408; x_wconf 91' lang='lat' dir='ltr'><strong>et</strong></span> <span class='ocrx_word' id='word_1_540' title='bbox 3337 4353 3694 4424; x_wconf 73' lang='lat' dir='ltr'><strong>Symmachus</strong></span> <span class='ocrx_word' id='word_1_541' title='bbox 3727 4361 3997 4424; x_wconf 79' lang='lat' dir='ltr'><strong>interpre-</strong></span> 
     </span>
    </p>
   </div>
   <div class='ocr_carea' id='block_1_88' title="bbox 2421 4448 2960 4513">
    <p class='ocr_par' dir='ltr' id='par_1_88' title="bbox 2421 4448 2960 4513">
     <span class='ocr_line' id='line_1_88' title="bbox 2421 4448 2960 4513; baseline -0.009 -9"><span class='ocrx_word' id='word_1_542' title='bbox 2421 4457 2627 4513; x_wconf 88' lang='lat' dir='ltr'><strong>tantur,</strong></span> <span class='ocrx_word' id='word_1_543' title='bbox 2658 4448 2960 4501; x_wconf 79' lang='lat' dir='ltr'><strong>dexteram.</strong></span> 
     </span>
    </p>
   </div>
   <div class='ocr_carea' id='block_1_89' title="bbox 2491 4535 3997 4607">
    <p class='ocr_par' dir='ltr' id='par_1_89' title="bbox 2491 4535 3997 4607">
     <span class='ocr_line' id='line_1_89' title="bbox 2491 4535 3997 4607; baseline -0.001 -15"><span class='ocrx_word' id='word_1_544' title='bbox 2491 4539 2653 4592; x_wconf 81' lang='lat' dir='ltr'><strong>Jaseb</strong></span> <span class='ocrx_word' id='word_1_545' title='bbox 2681 4537 2702 4568; x_wconf 69' lang='grc'><strong><em>⁵</em></strong></span> <span class='ocrx_word' id='word_1_546' title='bbox 2729 4538 2847 4606; x_wconf 83' lang='lat' dir='ltr'><strong>(Al.</strong></span> <span class='ocrx_word' id='word_1_547' title='bbox 2888 4535 3125 4604; x_wconf 80' lang='lat' dir='ltr'><strong>Jaseu):</strong></span> <span class='ocrx_word' id='word_1_548' title='bbox 3175 4553 3271 4606; x_wconf 89' lang='lat' dir='ltr'><strong>pro</strong></span> <span class='ocrx_word' id='word_1_549' title='bbox 3311 4551 3419 4607; x_wconf 90' lang='lat' dir='ltr'><strong>quo</strong></span> <span class='ocrx_word' id='word_1_550' title='bbox 3450 4535 3686 4602; x_wconf 69' lang='lat' dir='ltr'><strong>Hebraei,</strong></span> <span class='ocrx_word' id='word_1_551' title='bbox 3726 4537 3997 4590; x_wconf 83' lang='lat' dir='ltr'><strong>habitato-</strong></span> 
     </span>
    </p>
   </div>
   <div class='ocr_carea' id='block_1_90' title="bbox 741 4622 2751 4700">
    <p class='ocr_par' dir='ltr' id='par_1_90' title="bbox 741 4622 2751 4700">
     <span class='ocr_line' id='line_1_90' title="bbox 741 4622 2751 4700; baseline -0.001 -20"><span class='ocrx_word' id='word_1_552' title='bbox 741 4627 968 4681; x_wconf 81' lang='lat' dir='ltr'><strong>simuth.</strong></span> <span class='ocrx_word' id='word_1_553' title='bbox 1009 4625 1116 4680; x_wconf 84' lang='lat' dir='ltr'><strong>Sed</strong></span> <span class='ocrx_word' id='word_1_554' title='bbox 1151 4635 1208 4678; x_wconf 83' lang='lat' dir='ltr'><strong>et</strong></span> <span class='ocrx_word' id='word_1_555' title='bbox 1243 4625 1295 4678; x_wconf 94' lang='lat' dir='ltr'><strong>in</strong></span> <span class='ocrx_word' id='word_1_556' title='bbox 1334 4623 1640 4694; x_wconf 77' lang='lat' dir='ltr'><strong>Regnorum</strong></span> <span class='ocrx_word' id='word_1_557' title='bbox 1679 4623 1819 4676; x_wconf 90' lang='lat' dir='ltr'><strong>libro</strong></span> <span class='ocrx_word' id='word_1_558' title='bbox 1849 4623 2044 4690; x_wconf 91' lang='lat' dir='ltr'><strong>primo,</strong></span> <span class='ocrx_word' id='word_1_559' title='bbox 2080 4639 2177 4691; x_wconf 92' lang='lat' dir='ltr'><strong>pro</strong></span> <span class='ocrx_word' id='word_1_560' title='bbox 2211 4624 2312 4678; x_wconf 79' lang='lat' dir='ltr'><strong>lsi-</strong></span> <span class='ocrx_word' id='word_1_561' title='bbox 2341 4622 2395 4684; x_wconf 86' lang='lat' dir='ltr'><strong>D</strong></span> <span class='ocrx_word' id='word_1_562' title='bbox 2424 4646 2513 4685; x_wconf 82' lang='lat' dir='ltr'><strong>res</strong></span> <span class='ocrx_word' id='word_1_563' title='bbox 2542 4631 2751 4700; x_wconf 76' lang='lat' dir='ltr'><strong>legunt.</strong></span> 
     </span>
    </p>
   </div>
   <div class='ocr_carea' id='block_1_91' title="bbox 742 4711 2315 4784">
    <p class='ocr_par' dir='ltr' id='par_1_91' title="bbox 742 4711 2315 4784">
     <span class='ocr_line' id='line_1_91' title="bbox 742 4711 2315 4784; baseline 0.001 -17"><span class='ocrx_word' id='word_1_564' title='bbox 742 4716 921 4776; x_wconf 89' lang='lat' dir='ltr'><strong>muth,</strong></span> <span class='ocrx_word' id='word_1_565' title='bbox 962 4714 1156 4784; x_wconf 79' lang='lat' dir='ltr'><strong>Aquila</strong></span> <span class='ocrx_word' id='word_1_566' title='bbox 1203 4714 1617 4782; x_wconf 85' lang='lat' dir='ltr'><strong>interpretatur,</strong></span> <span class='ocrx_word' id='word_1_567' title='bbox 1672 4711 2036 4779; x_wconf 82' lang='lat' dir='ltr'><strong>dissipatam:</strong></span> <span class='ocrx_word' id='word_1_568' title='bbox 2068 4711 2315 4783; x_wconf 85' lang='lat' dir='ltr'><strong>Symma-</strong></span> 
     </span>
    </p>
   </div>
   <div class='ocr_carea' id='block_1_92' title="bbox 743 4807 1395 4872">
    <p class='ocr_par' dir='ltr' id='par_1_92' title="bbox 743 4807 1395 4872">
     <span class='ocr_line' id='line_1_92' title="bbox 743 4807 1395 4872; baseline 0.002 -15"><span class='ocrx_word' id='word_1_569' title='bbox 743 4807 877 4862; x_wconf 74' lang='lat' dir='ltr'><strong>(&#39;IIIIS</strong></span> <span class='ocrx_word' id='word_1_570' title='bbox 907 4823 1059 4872; x_wconf 91' lang='lat' dir='ltr'><strong>vero,</strong></span> <span class='ocrx_word' id='word_1_571' title='bbox 1097 4807 1395 4862; x_wconf 86' lang='lat' dir='ltr'><strong>desertam.</strong></span> 
     </span>
    </p>
   </div>
   <div class='ocr_carea' id='block_1_93' title="bbox 822 4922 2314 4995">
    <p class='ocr_par' dir='ltr' id='par_1_93' title="bbox 822 4922 2314 4995">
     <span class='ocr_line' id='line_1_93' title="bbox 822 4922 2314 4995; baseline 0.001 -17"><span class='ocrx_word' id='word_1_572' title='bbox 822 4927 836 4956; x_wconf 87' lang='grc'>¹</span> <span class='ocrx_word' id='word_1_573' title='bbox 882 4924 1030 4978; x_wconf 83' lang='lat' dir='ltr'><strong>Inter</strong></span> <span class='ocrx_word' id='word_1_574' title='bbox 1059 4922 1342 4995; x_wconf 77' lang='lat' dir='ltr'><strong>Medebam</strong></span> <span class='ocrx_word' id='word_1_575' title='bbox 1365 4994 1371 4995; x_wconf 13' lang='grc' dir='ltr'>ί</span> <span class='ocrx_word' id='word_1_576' title='bbox 1395 4923 1670 4995; x_wconf 77' lang='lat' dir='ltr'><strong>et_Debus.</strong></span> <span class='ocrx_word' id='word_1_577' title='bbox 1703 4924 1969 4994; x_wconf 82' lang='lat' dir='ltr'><strong>Corrupto</strong></span> <span class='ocrx_word' id='word_1_578' title='bbox 2002 4925 2314 4995; x_wconf 82' lang='lat' dir='ltr'><strong>legebamus</strong></span> 
     </span>
    </p>
   </div>
   <div class='ocr_carea' id='block_1_94' title="bbox 743 4993 2312 5064">
    <p class='ocr_par' dir='ltr' id='par_1_94' title="bbox 743 4993 2312 5064">
     <span class='ocr_line' id='line_1_94' title="bbox 743 4993 2312 5064; baseline 0.001 -16"><span class='ocrx_word' id='word_1_579' title='bbox 743 4999 796 5048; x_wconf 90' lang='lat' dir='ltr'><strong>in</strong></span> <span class='ocrx_word' id='word_1_580' title='bbox 851 5006 1008 5048; x_wconf 77' lang='lat' dir='ltr'><strong>antea</strong></span> <span class='ocrx_word' id='word_1_581' title='bbox 1058 4994 1218 5064; x_wconf 71' lang='lat' dir='ltr'><strong>editis</strong></span> <span class='ocrx_word' id='word_1_582' title='bbox 1253 4994 1406 5064; x_wconf 82' lang='lat' dir='ltr'><strong>libris</strong></span> <span class='ocrx_word' id='word_1_583' title='bbox 1447 4993 1760 5048; x_wconf 79' lang='lat' dir='ltr'><strong>Deblatltam</strong></span> <span class='ocrx_word' id='word_1_584' title='bbox 1801 4993 1897 5064; x_wconf 89' lang='lat' dir='ltr'><strong>pro</strong></span> <span class='ocrx_word' id='word_1_585' title='bbox 1933 4993 2117 5062; x_wconf 71' lang='lat' dir='ltr'><strong>Deliis,</strong></span> <span class='ocrx_word' id='word_1_586' title='bbox 2167 4996 2312 5064; x_wconf 88' lang='lat' dir='ltr'><strong>quod</strong></span> 
     </span>
    </p>
   </div>
   <div class='ocr_carea' id='block_1_95' title="bbox 744 5063 1630 5120">
    <p class='ocr_par' dir='ltr' id='par_1_95' title="bbox 744 5063 1630 5120">
     <span class='ocr_line' id='line_1_95' title="bbox 744 5063 1630 5120; baseline -0.002 -2"><span class='ocrx_word' id='word_1_587' title='bbox 744 5065 1083 5120; x_wconf 81' lang='lat' dir='ltr'><strong>Bonfrcrium</strong></span> <span class='ocrx_word' id='word_1_588' title='bbox 1117 5063 1324 5118; x_wconf 80' lang='lat' dir='ltr'><strong>fefellit.</strong></span> <span class='ocrx_word' id='word_1_589' title='bbox 1362 5063 1630 5116; x_wconf 64' lang='lat' dir='ltr'><strong>Maurus.</strong></span> 
     </span>
    </p>
   </div>
   <div class='ocr_carea' id='block_1_96' title="bbox 814 5132 2312 5204">
    <p class='ocr_par' dir='ltr' id='par_1_96' title="bbox 814 5132 2312 5204">
     <span class='ocr_line' id='line_1_96' title="bbox 814 5132 2312 5204; baseline 0 -16"><span class='ocrx_word' id='word_1_590' title='bbox 814 5139 834 5167; x_wconf 80' lang='grc'>¹</span> <span class='ocrx_word' id='word_1_591' title='bbox 875 5136 1167 5194; x_wconf 82' lang='lat' dir='ltr'><strong>Jarintuth,</strong></span> <span class='ocrx_word' id='word_1_592' title='bbox 1199 5147 1306 5188; x_wconf 81' lang='lat' dir='ltr'><strong>etc.</strong></span> <span class='ocrx_word' id='word_1_593' title='bbox 1345 5132 1499 5186; x_wconf 87' lang='lat' dir='ltr'><strong>llunc</strong></span> <span class='ocrx_word' id='word_1_594' title='bbox 1524 5135 1699 5187; x_wconf 78' lang='lat' dir='ltr'><strong>locum</strong></span> <span class='ocrx_word' id='word_1_595' title='bbox 1739 5137 2162 5202; x_wconf 61' lang='lat' dir='ltr'><strong>praetermittunt</strong></span> <span class='ocrx_word' id='word_1_596' title='bbox 2191 5136 2312 5204; x_wconf 85' lang='lat' dir='ltr'><strong>plu-</strong></span> 
     </span>
    </p>
   </div>
   <div class='ocr_carea' id='block_1_97' title="bbox 747 5204 2315 5265">
    <p class='ocr_par' dir='ltr' id='par_1_97' title="bbox 747 5204 2315 5265">
     <span class='ocr_line' id='line_1_97' title="bbox 747 5204 2315 5265; baseline 0.001 -9"><span class='ocrx_word' id='word_1_597' title='bbox 747 5223 832 5260; x_wconf 88' lang='lat' dir='ltr'><strong>res</strong></span> <span class='ocrx_word' id='word_1_598' title='bbox 859 5222 992 5259; x_wconf 90' lang='lat' dir='ltr'><strong>mss.</strong></span> <span class='ocrx_word' id='word_1_599' title='bbox 1024 5205 1238 5258; x_wconf 70' lang='lat' dir='ltr'><strong>codices</strong></span> <span class='ocrx_word' id='word_1_600' title='bbox 1263 5204 1461 5265; x_wconf 86' lang='lat' dir='ltr'><strong>Latini,</strong></span> <span class='ocrx_word' id='word_1_601' title='bbox 1487 5218 1609 5256; x_wconf 92' lang='lat' dir='ltr'><strong>cum</strong></span> <span class='ocrx_word' id='word_1_602' title='bbox 1641 5214 1822 5257; x_wconf 85' lang='lat' dir='ltr'><strong>tamen</strong></span> <span class='ocrx_word' id='word_1_603' title='bbox 1843 5216 2017 5260; x_wconf 80' lang='lat' dir='ltr'><strong>exstet</strong></span> <span class='ocrx_word' id='word_1_604' title='bbox 2045 5210 2097 5259; x_wconf 89' lang='lat' dir='ltr'><strong>in</strong></span> <span class='ocrx_word' id='word_1_605' title='bbox 2125 5204 2315 5259; x_wconf 66' lang='lat' dir='ltr'><strong>Cra-co</strong></span> 
     </span>
    </p>
   </div>
   <div class='ocr_carea' id='block_1_98' title="bbox 744 5273 1923 5333">
    <p class='ocr_par' dir='ltr' id='par_1_98' title="bbox 744 5273 1923 5333">
     <span class='ocr_line' id='line_1_98' title="bbox 744 5273 1923 5333; baseline -0.001 -3"><span class='ocrx_word' id='word_1_606' title='bbox 744 5275 980 5330; x_wconf 79' lang='lat' dir='ltr'><strong>Eusebio</strong></span> <span class='ocrx_word' id='word_1_607' title='bbox 1014 5277 1358 5329; x_wconf 86' lang='lat' dir='ltr'><strong>subnomine</strong></span> <span class='ocrx_word' id='word_1_608' title='bbox 1401 5273 1613 5333; x_wconf 75' lang='grc' dir='ltr'><strong>Ἰαϐεἶς.</strong></span> <span class='ocrx_word' id='word_1_609' title='bbox 1653 5274 1923 5329; x_wconf 59' lang='lat' dir='ltr'><strong>Maurum.</strong></span> 
     </span>
    </p>
   </div>
   <div class='ocr_carea' id='block_1_99' title="bbox 812 5342 2315 5414">
    <p class='ocr_par' dir='ltr' id='par_1_99' title="bbox 812 5342 2315 5414">
     <span class='ocr_line' id='line_1_99' title="bbox 812 5342 2315 5414; baseline 0.001 -17"><span class='ocrx_word' id='word_1_610' title='bbox 812 5349 830 5379; x_wconf 83' lang='grc'><strong>³</strong></span> <span class='ocrx_word' id='word_1_611' title='bbox 857 5345 1170 5399; x_wconf 72' lang='lat' dir='ltr'><strong>Bonirerius</strong></span> <span class='ocrx_word' id='word_1_612' title='bbox 1200 5349 1343 5396; x_wconf 91' lang='lat' dir='ltr'><strong>hunc</strong></span> <span class='ocrx_word' id='word_1_613' title='bbox 1377 5343 1428 5395; x_wconf 92' lang='lat' dir='ltr'><strong>in</strong></span> <span class='ocrx_word' id='word_1_614' title='bbox 1465 5342 1658 5397; x_wconf 84' lang='lat' dir='ltr'><strong>Latino</strong></span> <span class='ocrx_word' id='word_1_615' title='bbox 1688 5347 1908 5398; x_wconf 87' lang='lat' dir='ltr'><strong>titulum</strong></span> <span class='ocrx_word' id='word_1_616' title='bbox 1944 5347 2187 5414; x_wconf 88' lang='lat' dir='ltr'><strong>proxime</strong></span> <span class='ocrx_word' id='word_1_617' title='bbox 2224 5361 2315 5399; x_wconf 85' lang='lat' dir='ltr'><strong>se-</strong></span> 
     </span>
    </p>
   </div>
   <div class='ocr_carea' id='block_1_100' title="bbox 746 5414 2314 5485">
    <p class='ocr_par' dir='ltr' id='par_1_100' title="bbox 746 5414 2314 5485">
     <span class='ocr_line' id='line_1_100' title="bbox 746 5414 2314 5485; baseline 0.003 -18"><span class='ocrx_word' id='word_1_618' title='bbox 746 5420 930 5485; x_wconf 82' lang='lat' dir='ltr'><strong>quenti</strong></span> <span class='ocrx_word' id='word_1_619' title='bbox 952 5417 1128 5484; x_wconf 83' lang='lat' dir='ltr'><strong>jungit</strong></span> <span class='ocrx_word' id='word_1_620' title='bbox 1161 5430 1262 5466; x_wconf 83' lang='lat' dir='ltr'><strong>una</strong></span> <span class='ocrx_word' id='word_1_621' title='bbox 1296 5414 1458 5474; x_wconf 90' lang='lat' dir='ltr'><strong>serie,</strong></span> <span class='ocrx_word' id='word_1_622' title='bbox 1495 5423 1813 5484; x_wconf 88' lang='lat' dir='ltr'><strong>tantumque</strong></span> <span class='ocrx_word' id='word_1_623' title='bbox 1860 5434 2022 5485; x_wconf 82' lang='lat' dir='ltr'><strong>supra</strong></span> <span class='ocrx_word' id='word_1_624' title='bbox 2055 5418 2314 5471; x_wconf 81' lang='lat' dir='ltr'><strong>adverbio</strong></span> 
     </span>
    </p>
   </div>
   <div class='ocr_carea' id='block_1_101' title="bbox 744 5485 2310 5555">
    <p class='ocr_par' dir='ltr' id='par_1_101' title="bbox 744 5485 2310 5555">
     <span class='ocr_line' id='line_1_101' title="bbox 744 5485 2310 5555; baseline 0 -14"><span class='ocrx_word' id='word_1_625' title='bbox 744 5497 1040 5555; x_wconf 73' lang='lat' dir='ltr'><strong>exponi-to,</strong></span> <span class='ocrx_word' id='word_1_626' title='bbox 1077 5502 1179 5538; x_wconf 85' lang='lat' dir='ltr'><strong>non</strong></span> <span class='ocrx_word' id='word_1_627' title='bbox 1216 5495 1292 5536; x_wconf 84' lang='lat' dir='ltr'><strong>est</strong></span> <span class='ocrx_word' id='word_1_628' title='bbox 1328 5485 1442 5552; x_wconf 80' lang='lat' dir='ltr'><strong>ipsa</strong></span> <span class='ocrx_word' id='word_1_629' title='bbox 1475 5501 1590 5552; x_wconf 76' lang='lat' dir='ltr'><strong>qua:</strong></span> <span class='ocrx_word' id='word_1_630' title='bbox 1625 5487 1857 5551; x_wconf 70' lang='lat' dir='ltr'><strong>Jearael,</strong></span> <span class='ocrx_word' id='word_1_631' title='bbox 1897 5496 2003 5539; x_wconf 81' lang='lat' dir='ltr'><strong>etc.</strong></span> <span class='ocrx_word' id='word_1_632' title='bbox 2033 5485 2212 5540; x_wconf 86' lang='lat' dir='ltr'><strong>Facile</strong></span> <span class='ocrx_word' id='word_1_633' title='bbox 2243 5489 2310 5541; x_wconf 89' lang='lat' dir='ltr'><strong>ad</strong></span> 
     </span>
    </p>
   </div>
   <div class='ocr_carea' id='block_1_102' title="bbox 748 5555 2313 5627">
    <p class='ocr_par' dir='ltr' id='par_1_102' title="bbox 748 5555 2313 5627">
     <span class='ocr_line' id='line_1_102' title="bbox 748 5555 2313 5627; baseline 0 -17"><span class='ocrx_word' id='word_1_634' title='bbox 748 5559 895 5610; x_wconf 88' lang='lat' dir='ltr'><strong>hunc</strong></span> <span class='ocrx_word' id='word_1_635' title='bbox 923 5557 1146 5627; x_wconf 87' lang='lat' dir='ltr'><strong>modum</strong></span> <span class='ocrx_word' id='word_1_636' title='bbox 1181 5555 1462 5627; x_wconf 70' lang='lat' dir='ltr'><strong>scripserit</strong></span> <span class='ocrx_word' id='word_1_637' title='bbox 1482 5555 1758 5627; x_wconf 8' lang='lat' dir='ltr'><strong>Eusebius?</strong></span> <span class='ocrx_word' id='word_1_638' title='bbox 1781 5573 1894 5627; x_wconf 72' lang='lat' dir='ltr'><strong>ipse</strong></span> <span class='ocrx_word' id='word_1_639' title='bbox 1923 5557 2184 5627; x_wconf 82' lang='grc' dir='ltr'>Ίεσραὲλ.</span> <span class='ocrx_word' id='word_1_640' title='bbox 2209 5573 2313 5625; x_wconf 82' lang='grc' dir='ltr'><strong>φυ-</strong></span> 
     </span>
    </p>
   </div>
   <div class='ocr_carea' id='block_1_103' title="bbox 747 5623 2314 5695">
    <p class='ocr_par' dir='ltr' id='par_1_103' title="bbox 747 5623 2314 5695">
     <span class='ocr_line' id='line_1_103' title="bbox 747 5623 2314 5695; baseline 0 -17"><span class='ocrx_word' id='word_1_641' title='bbox 747 5630 843 5695; x_wconf 75' lang='grc' dir='ltr'><strong>λῆς</strong></span> <span class='ocrx_word' id='word_1_642' title='bbox 899 5626 1090 5680; x_wconf 75' lang='grc' dir='ltr'><strong>Ἰοὑδαο</strong></span> <span class='ocrx_word' id='word_1_643' title='bbox 1113 5625 1248 5694; x_wconf 84' lang='grc' dir='ltr'><strong>μηδὲ</strong></span> <span class='ocrx_word' id='word_1_644' title='bbox 1271 5625 1407 5690; x_wconf 80' lang='grc' dir='ltr'>αὓτη</span> <span class='ocrx_word' id='word_1_645' title='bbox 1435 5623 1828 5695; x_wconf 50' lang='grc' dir='ltr'><strong>ὲστὶέιεζραὲῖ,</strong></span> <span class='ocrx_word' id='word_1_646' title='bbox 1849 5639 1978 5691; x_wconf 86' lang='lat' dir='ltr'><strong>etc.;</strong></span> <span class='ocrx_word' id='word_1_647' title='bbox 1999 5623 2160 5694; x_wconf 82' lang='lat' dir='ltr'><strong>atque</strong></span> <span class='ocrx_word' id='word_1_648' title='bbox 2180 5623 2314 5679; x_wconf 71' lang='lat' dir='ltr'><strong>adeo</strong></span> 
     </span>
    </p>
   </div>
   <div class='ocr_carea' id='block_1_104' title="bbox 747 5694 2314 5750">
    <p class='ocr_par' dir='ltr' id='par_1_104' title="bbox 747 5694 2314 5750">
     <span class='ocr_line' id='line_1_104' title="bbox 747 5694 2314 5750; baseline -0.002 0"><span class='ocrx_word' id='word_1_649' title='bbox 747 5694 1008 5750; x_wconf 80' lang='lat' dir='ltr'><strong>oecursus</strong></span> <span class='ocrx_word' id='word_1_650' title='bbox 1035 5696 1326 5748; x_wconf 73' lang='lat' dir='ltr'><strong>simillimae</strong></span> <span class='ocrx_word' id='word_1_651' title='bbox 1365 5695 1516 5748; x_wconf 90' lang='lat' dir='ltr'><strong>vocis</strong></span> <span class='ocrx_word' id='word_1_652' title='bbox 1547 5694 1721 5748; x_wconf 84' lang='lat' dir='ltr'><strong>fraudi</strong></span> <span class='ocrx_word' id='word_1_653' title='bbox 1754 5695 1914 5748; x_wconf 78' lang='lat' dir='ltr'><strong>fuerit</strong></span> <span class='ocrx_word' id='word_1_654' title='bbox 1935 5695 2124 5749; x_wconf 65' lang='lat' dir='ltr'><strong>Graeco</strong></span> <span class='ocrx_word' id='word_1_655' title='bbox 2157 5697 2314 5748; x_wconf 81' lang='lat' dir='ltr'><strong>Anti-</strong></span> 
     </span>
    </p>
   </div>
   <div class='ocr_carea' id='block_1_105' title="bbox 747 5765 2315 5834">
    <p class='ocr_par' dir='ltr' id='par_1_105' title="bbox 747 5765 2315 5834">
     <span class='ocr_line' id='line_1_105' title="bbox 747 5765 2315 5834; baseline 0.003 -18"><span class='ocrx_word' id='word_1_656' title='bbox 747 5769 961 5834; x_wconf 84' lang='lat' dir='ltr'><strong>quario.</strong></span> <span class='ocrx_word' id='word_1_657' title='bbox 989 5766 1256 5834; x_wconf 60' lang='lat' dir='ltr'><strong>Caeterum</strong></span> <span class='ocrx_word' id='word_1_658' title='bbox 1293 5767 1426 5818; x_wconf 89' lang='lat' dir='ltr'><strong>satis</strong></span> <span class='ocrx_word' id='word_1_659' title='bbox 1461 5767 1762 5834; x_wconf 86' lang='lat' dir='ltr'><strong>luculenter</strong></span> <span class='ocrx_word' id='word_1_660' title='bbox 1799 5765 1866 5819; x_wconf 91' lang='lat' dir='ltr'><strong>de</strong></span> <span class='ocrx_word' id='word_1_661' title='bbox 1900 5766 2183 5832; x_wconf 88' lang='lat' dir='ltr'><strong>posteriori</strong></span> <span class='ocrx_word' id='word_1_662' title='bbox 2215 5769 2315 5820; x_wconf 85' lang='lat' dir='ltr'><strong>hac</strong></span> 
     </span>
    </p>
   </div>
   <div class='ocr_carea' id='block_1_106' title="bbox 749 5833 2312 5902">
    <p class='ocr_par' dir='ltr' id='par_1_106' title="bbox 749 5833 2312 5902">
     <span class='ocr_line' id='line_1_106' title="bbox 749 5833 2312 5902; baseline -0.001 -14"><span class='ocrx_word' id='word_1_663' title='bbox 749 5833 883 5890; x_wconf 83' lang='lat' dir='ltr'><strong>urbe</strong></span> <span class='ocrx_word' id='word_1_664' title='bbox 916 5839 1138 5889; x_wconf 79' lang='lat' dir='ltr'><strong>llieron.</strong></span> <span class='ocrx_word' id='word_1_665' title='bbox 1162 5837 1215 5888; x_wconf 92' lang='lat' dir='ltr'><strong>in</strong></span> <span class='ocrx_word' id='word_1_666' title='bbox 1232 5833 1600 5889; x_wconf 69' lang='lat' dir='ltr'><strong>Columentar.</strong></span> <span class='ocrx_word' id='word_1_667' title='bbox 1622 5835 1684 5887; x_wconf 90' lang='lat' dir='ltr'><strong>ad</strong></span> <span class='ocrx_word' id='word_1_668' title='bbox 1704 5833 1843 5888; x_wconf 84' lang='lat' dir='ltr'><strong>Osce</strong></span> <span class='ocrx_word' id='word_1_669' title='bbox 1863 5851 1985 5902; x_wconf 88' lang='lat' dir='ltr'><strong>cap.</strong></span> <span class='ocrx_word' id='word_1_670' title='bbox 2017 5852 2072 5889; x_wconf 77' lang='grc' dir='ltr'><strong>ιε</strong></span> <span class='ocrx_word' id='word_1_671' title='bbox 2110 5854 2126 5886; x_wconf 75' lang='grc' dir='ltr'>ι</span> <span class='ocrx_word' id='word_1_672' title='bbox 2166 5837 2312 5887; x_wconf 72' lang='lat' dir='ltr'><strong>Dixi-</strong></span> 
     </span>
    </p>
   </div>
   <div class='ocr_carea' id='block_1_107' title="bbox 752 5905 2311 5976">
    <p class='ocr_par' dir='ltr' id='par_1_107' title="bbox 752 5905 2311 5976">
     <span class='ocr_line' id='line_1_107' title="bbox 752 5905 2311 5976; baseline -0.001 -15"><span class='ocrx_word' id='word_1_673' title='bbox 752 5922 871 5961; x_wconf 88' lang='lat' dir='ltr'><strong>mus</strong></span> <span class='ocrx_word' id='word_1_674' title='bbox 911 5905 1229 5973; x_wconf 77' lang='lat' dir='ltr'><strong>quaclcm,</strong></span> <span class='ocrx_word' id='word_1_675' title='bbox 1282 5921 1400 5975; x_wconf 78' lang='lat' dir='ltr'><strong>qua:</strong></span> <span class='ocrx_word' id='word_1_676' title='bbox 1452 5921 1595 5959; x_wconf 81' lang='lat' dir='ltr'><strong>nunc</strong></span> <span class='ocrx_word' id='word_1_677' title='bbox 1627 5906 1772 5976; x_wconf 78' lang='lat' dir='ltr'><strong>juxta</strong></span> <span class='ocrx_word' id='word_1_678' title='bbox 1816 5905 2311 5976; x_wconf 81' lang='lat' dir='ltr'><strong>Maximianopolim</strong></span> 
     </span>
    </p>
   </div>
   <div class='ocr_carea' id='block_1_108' title="bbox 2496 4719 3994 4793">
    <p class='ocr_par' dir='ltr' id='par_1_108' title="bbox 2496 4719 3994 4793">
     <span class='ocr_line' id='line_1_108' title="bbox 2496 4719 3994 4793; baseline 0.003 -17"><span class='ocrx_word' id='word_1_679' title='bbox 2496 4723 2748 4778; x_wconf 89' lang='lat' dir='ltr'><strong>lnemec:</strong></span> <span class='ocrx_word' id='word_1_680' title='bbox 2786 4738 2883 4793; x_wconf 92' lang='lat' dir='ltr'><strong>pro</strong></span> <span class='ocrx_word' id='word_1_681' title='bbox 2915 4737 3023 4791; x_wconf 92' lang='lat' dir='ltr'><strong>quo</strong></span> <span class='ocrx_word' id='word_1_682' title='bbox 3059 4721 3253 4791; x_wconf 81' lang='lat' dir='ltr'><strong>Aquila</strong></span> <span class='ocrx_word' id='word_1_683' title='bbox 3300 4731 3356 4774; x_wconf 90' lang='lat' dir='ltr'><strong>et</strong></span> <span class='ocrx_word' id='word_1_684' title='bbox 3399 4719 3766 4791; x_wconf 83' lang='lat' dir='ltr'><strong>Symmachus</strong></span> <span class='ocrx_word' id='word_1_685' title='bbox 3818 4737 3994 4781; x_wconf 84' lang='lat' dir='ltr'><strong>trans-</strong></span> 
     </span>
    </p>
   </div>
   <div class='ocr_carea' id='block_1_109' title="bbox 2421 4816 3013 4881">
    <p class='ocr_par' dir='ltr' id='par_1_109' title="bbox 2421 4816 3013 4881">
     <span class='ocr_line' id='line_1_109' title="bbox 2421 4816 3013 4881; baseline -0.002 -13"><span class='ocrx_word' id='word_1_686' title='bbox 2421 4817 2679 4881; x_wconf 89' lang='lat' dir='ltr'><strong>tulerunt,</strong></span> <span class='ocrx_word' id='word_1_687' title='bbox 2711 4817 2765 4868; x_wconf 89' lang='lat' dir='ltr'><strong>in</strong></span> <span class='ocrx_word' id='word_1_688' title='bbox 2797 4816 3013 4869; x_wconf 86' lang='lat' dir='ltr'><strong>vallem.</strong></span> 
     </span>
    </p>
   </div>
   <div class='ocr_carea' id='block_1_110' title="bbox 2423 4920 3988 5002">
    <p class='ocr_par' dir='ltr' id='par_1_110' title="bbox 2423 4920 3988 5002">
     <span class='ocr_line' id='line_1_110' title="bbox 2423 4920 3988 5002; baseline 0.001 -28"><span class='ocrx_word' id='word_1_689' title='bbox 2423 4920 3302 5002; x_wconf 65' lang='lat' dir='ltr'><strong>est,fuissentetropolimregni</strong></span> <span class='ocrx_word' id='word_1_690' title='bbox 3339 4920 3597 5002; x_wconf 69' lang='lat' dir='ltr'><strong>samariaz</strong></span> <span class='ocrx_word' id='word_1_691' title='bbox 3627 4939 3797 5002; x_wconf 81' lang='lat' dir='ltr'><strong>prope</strong></span> <span class='ocrx_word' id='word_1_692' title='bbox 3831 4940 3988 4993; x_wconf 83' lang='lat' dir='ltr'><strong>quam</strong></span> 
     </span>
    </p>
   </div>
   <div class='ocr_carea' id='block_1_111' title="bbox 2421 4992 3990 5061">
    <p class='ocr_par' dir='ltr' id='par_1_111' title="bbox 2421 4992 3990 5061">
     <span class='ocr_line' id='line_1_111' title="bbox 2421 4992 3990 5061; baseline 0.001 -17"><span class='ocrx_word' id='word_1_693' title='bbox 2421 5001 2548 5044; x_wconf 90' lang='lat' dir='ltr'><strong>sunt</strong></span> <span class='ocrx_word' id='word_1_694' title='bbox 2575 4995 2753 5060; x_wconf 79' lang='lat' dir='ltr'><strong>campi</strong></span> <span class='ocrx_word' id='word_1_695' title='bbox 2785 4992 3060 5051; x_wconf 87' lang='lat' dir='ltr'><strong>latissimi,</strong></span> <span class='ocrx_word' id='word_1_696' title='bbox 3087 4999 3140 5044; x_wconf 81' lang='lat' dir='ltr'><strong>et</strong></span> <span class='ocrx_word' id='word_1_697' title='bbox 3166 4993 3320 5044; x_wconf 89' lang='lat' dir='ltr'><strong>vallis</strong></span> <span class='ocrx_word' id='word_1_698' title='bbox 3351 4993 3533 5044; x_wconf 76' lang='lat' dir='ltr'><strong>nimize</strong></span> <span class='ocrx_word' id='word_1_699' title='bbox 3554 4992 3990 5061; x_wconf 40' lang='lat' dir='ltr'><strong>vastitatis,&#39;qu.1=.</strong></span> 
     </span>
    </p>
   </div>
   <div class='ocr_carea' id='block_1_112' title="bbox 2421 5062 3988 5130">
    <p class='ocr_par' dir='ltr' id='par_1_112' title="bbox 2421 5062 3988 5130">
     <span class='ocr_line' id='line_1_112' title="bbox 2421 5062 3988 5130; baseline 0.001 -17"><span class='ocrx_word' id='word_1_700' title='bbox 2421 5063 2542 5126; x_wconf 91' lang='lat' dir='ltr'><strong>plus</strong></span> <span class='ocrx_word' id='word_1_701' title='bbox 2570 5078 2732 5130; x_wconf 89' lang='lat' dir='ltr'><strong>quam</strong></span> <span class='ocrx_word' id='word_1_702' title='bbox 2749 5064 2936 5116; x_wconf 91' lang='lat' dir='ltr'><strong>decem</strong></span> <span class='ocrx_word' id='word_1_703' title='bbox 2961 5063 3188 5114; x_wconf 89' lang='lat' dir='ltr'><strong>millium</strong></span> <span class='ocrx_word' id='word_1_704' title='bbox 3223 5062 3464 5115; x_wconf 76' lang='lat' dir='ltr'><strong>tenditur</strong></span> <span class='ocrx_word' id='word_1_705' title='bbox 3494 5077 3773 5129; x_wconf 78' lang='lat' dir='ltr'><strong>paSsuum.</strong></span> <span class='ocrx_word' id='word_1_706' title='bbox 3801 5083 3816 5112; x_wconf 76' lang='grc' dir='ltr'><strong><em>ι</em></strong></span> <span class='ocrx_word' id='word_1_707' title='bbox 3856 5067 3917 5116; x_wconf 79' lang='lat' dir='ltr'><strong>Et</strong></span> <span class='ocrx_word' id='word_1_708' title='bbox 3938 5071 3988 5116; x_wconf 89' lang='lat' dir='ltr'><strong>in</strong></span> 
     </span>
    </p>
   </div>
   <div class='ocr_carea' id='block_1_113' title="bbox 2421 5131 3992 5198">
    <p class='ocr_par' dir='ltr' id='par_1_113' title="bbox 2421 5131 3992 5198">
     <span class='ocr_line' id='line_1_113' title="bbox 2421 5131 3992 5198; baseline 0.003 -15"><span class='ocrx_word' id='word_1_709' title='bbox 2421 5131 2713 5186; x_wconf 82' lang='lat' dir='ltr'><strong>Zachar.c.</strong></span> <span class='ocrx_word' id='word_1_710' title='bbox 2743 5147 2853 5185; x_wconf 84' lang='lat' dir='ltr'><strong>xii:</strong></span> <span class='ocrx_word' id='word_1_711' title='bbox 2885 5151 2900 5181; x_wconf 74' lang='grc' dir='ltr'>ι</span> <span class='ocrx_word' id='word_1_712' title='bbox 2928 5133 3352 5189; x_wconf 77' lang='lat' dir='ltr'><strong>Adadretnnton.</strong></span> <span class='ocrx_word' id='word_1_713' title='bbox 3377 5147 3471 5196; x_wconf 91' lang='lat' dir='ltr'><strong>pro</strong></span> <span class='ocrx_word' id='word_1_714' title='bbox 3503 5147 3609 5198; x_wconf 90' lang='lat' dir='ltr'><strong>quo</strong></span> <span class='ocrx_word' id='word_1_715' title='bbox 3641 5135 3781 5186; x_wconf 54' lang='grc' dir='ltr'><strong>[ΛΚ</strong></span> <span class='ocrx_word' id='word_1_716' title='bbox 3814 5145 3992 5187; x_wconf 83' lang='lat' dir='ltr'><strong>trans-</strong></span> 
     </span>
    </p>
   </div>
   <div class='ocr_carea' id='block_1_114' title="bbox 2422 5202 3989 5271">
    <p class='ocr_par' dir='ltr' id='par_1_114' title="bbox 2422 5202 3989 5271">
     <span class='ocr_line' id='line_1_114' title="bbox 2422 5202 3989 5271; baseline 0.002 -18"><span class='ocrx_word' id='word_1_717' title='bbox 2422 5205 2667 5256; x_wconf 86' lang='lat' dir='ltr'><strong>tulerunt</strong></span> <span class='ocrx_word' id='word_1_718' title='bbox 2711 5203 2962 5263; x_wconf 79' lang='grc' dir='ltr'><strong>Ῥοώνος,</strong></span> <span class='ocrx_word' id='word_1_719' title='bbox 3013 5202 3142 5253; x_wconf 91' lang='lat' dir='ltr'><strong>urbs</strong></span> <span class='ocrx_word' id='word_1_720' title='bbox 3185 5211 3269 5254; x_wconf 91' lang='lat' dir='ltr'><strong>est</strong></span> <span class='ocrx_word' id='word_1_721' title='bbox 3309 5202 3461 5269; x_wconf 68' lang='lat' dir='ltr'><strong>juxta</strong></span> <span class='ocrx_word' id='word_1_722' title='bbox 3514 5203 3836 5258; x_wconf 82' lang='lat' dir='ltr'><strong>Jezraelem.</strong></span> <span class='ocrx_word' id='word_1_723' title='bbox 3875 5219 3989 5271; x_wconf 67' lang='lat' dir='ltr'><strong>qua</strong></span> 
     </span>
    </p>
   </div>
   <div class='ocr_carea' id='block_1_115' title="bbox 2422 5273 3990 5338">
    <p class='ocr_par' dir='ltr' id='par_1_115' title="bbox 2422 5273 3990 5338">
     <span class='ocr_line' id='line_1_115' title="bbox 2422 5273 3990 5338; baseline -0.001 -14"><span class='ocrx_word' id='word_1_724' title='bbox 2422 5274 2520 5326; x_wconf 89' lang='lat' dir='ltr'><strong>hoc</strong></span> <span class='ocrx_word' id='word_1_725' title='bbox 2554 5275 2688 5327; x_wconf 88' lang='lat' dir='ltr'><strong>olim</strong></span> <span class='ocrx_word' id='word_1_726' title='bbox 2727 5273 2990 5327; x_wconf 88' lang='lat' dir='ltr'><strong>vocabulo</strong></span> <span class='ocrx_word' id='word_1_727' title='bbox 3022 5282 3335 5338; x_wconf 87' lang='lat' dir='ltr'><strong>nuncupata</strong></span> <span class='ocrx_word' id='word_1_728' title='bbox 3390 5283 3494 5331; x_wconf 84' lang='lat' dir='ltr'><strong>est,</strong></span> <span class='ocrx_word' id='word_1_729' title='bbox 3540 5282 3594 5323; x_wconf 80' lang='lat' dir='ltr'><strong>et</strong></span> <span class='ocrx_word' id='word_1_730' title='bbox 3649 5275 3808 5327; x_wconf 84' lang='lat' dir='ltr'><strong>hodie</strong></span> <span class='ocrx_word' id='word_1_731' title='bbox 3833 5289 3990 5324; x_wconf 80' lang='lat' dir='ltr'><strong>vor-a-</strong></span> 
     </span>
    </p>
   </div>
   <div class='ocr_carea' id='block_1_116' title="bbox 2422 5340 3987 5412">
    <p class='ocr_par' dir='ltr' id='par_1_116' title="bbox 2422 5340 3987 5412">
     <span class='ocr_line' id='line_1_116' title="bbox 2422 5340 3987 5412; baseline 0.003 -19"><span class='ocrx_word' id='word_1_732' title='bbox 2422 5353 2508 5394; x_wconf 91' lang='lat' dir='ltr'><strong>tur</strong></span> <span class='ocrx_word' id='word_1_733' title='bbox 2558 5344 3034 5411; x_wconf 81' lang='lat' dir='ltr'><strong>Maximianopolis</strong></span> <span class='ocrx_word' id='word_1_734' title='bbox 3082 5343 3134 5395; x_wconf 90' lang='lat' dir='ltr'><strong>in</strong></span> <span class='ocrx_word' id='word_1_735' title='bbox 3181 5357 3374 5410; x_wconf 87' lang='lat' dir='ltr'><strong>campo</strong></span> <span class='ocrx_word' id='word_1_736' title='bbox 3423 5340 3744 5412; x_wconf 76' lang='lat' dir='ltr'><strong>Maggedon.</strong></span> <span class='ocrx_word' id='word_1_737' title='bbox 3788 5364 3805 5395; x_wconf 76' lang='grc' dir='ltr'><strong>ι</strong></span> <span class='ocrx_word' id='word_1_738' title='bbox 3871 5342 3987 5397; x_wconf 65' lang='grc' dir='ltr'><strong>για.</strong></span> 
     </span>
    </p>
   </div>
   <div class='ocr_carea' id='block_1_117' title="bbox 2423 5413 2745 5468">
    <p class='ocr_par' dir='ltr' id='par_1_117' title="bbox 2423 5413 2745 5468">
     <span class='ocr_line' id='line_1_117' title="bbox 2423 5413 2745 5468; baseline 0.009 -3"><span class='ocrx_word' id='word_1_739' title='bbox 2423 5413 2745 5468; x_wconf 79' lang='lat' dir='ltr'><strong>llelandum.</strong></span> 
     </span>
    </p>
   </div>
   <div class='ocr_carea' id='block_1_118' title="bbox 2491 5482 3980 5547">
    <p class='ocr_par' dir='ltr' id='par_1_118' title="bbox 2491 5482 3980 5547">
     <span class='ocr_line' id='line_1_118' title="bbox 2491 5482 3980 5547; baseline 0 -9"><span class='ocrx_word' id='word_1_740' title='bbox 2491 5484 2510 5513; x_wconf 68' lang='lat'><strong>‘</strong></span> <span class='ocrx_word' id='word_1_741' title='bbox 2558 5485 2745 5547; x_wconf 81' lang='lat' dir='ltr'><strong>Jasen,</strong></span> <span class='ocrx_word' id='word_1_742' title='bbox 2804 5493 2911 5537; x_wconf 89' lang='lat' dir='ltr'><strong>etc.</strong></span> <span class='ocrx_word' id='word_1_743' title='bbox 2965 5482 3111 5537; x_wconf 89' lang='lat' dir='ltr'><strong>Bene</strong></span> <span class='ocrx_word' id='word_1_744' title='bbox 3163 5484 3378 5535; x_wconf 84' lang='lat' dir='ltr'><strong>monuit</strong></span> <span class='ocrx_word' id='word_1_745' title='bbox 3433 5483 3752 5539; x_wconf 82' lang='lat' dir='ltr'><strong>Bonfrerius</strong></span> <span class='ocrx_word' id='word_1_746' title='bbox 3787 5502 3980 5538; x_wconf 83' lang='lat' dir='ltr'><strong>nomen</strong></span> 
     </span>
    </p>
   </div>
   <div class='ocr_carea' id='block_1_119' title="bbox 2421 5553 3988 5620">
    <p class='ocr_par' dir='ltr' id='par_1_119' title="bbox 2421 5553 3988 5620">
     <span class='ocr_line' id='line_1_119' title="bbox 2421 5553 3988 5620; baseline -0.001 -12"><span class='ocrx_word' id='word_1_747' title='bbox 2421 5555 2564 5608; x_wconf 80' lang='lat' dir='ltr'><strong>istud</strong></span> <span class='ocrx_word' id='word_1_748' title='bbox 2599 5554 2966 5608; x_wconf 89' lang='lat' dir='ltr'><strong>diversimode</strong></span> <span class='ocrx_word' id='word_1_749' title='bbox 2997 5554 3052 5605; x_wconf 89' lang='lat' dir='ltr'><strong>in</strong></span> <span class='ocrx_word' id='word_1_750' title='bbox 3085 5553 3369 5606; x_wconf 90' lang='lat' dir='ltr'><strong>codicibus</strong></span> <span class='ocrx_word' id='word_1_751' title='bbox 3412 5556 3772 5620; x_wconf 80' lang='lat' dir='ltr'><strong>Septuaginta</strong></span> <span class='ocrx_word' id='word_1_752' title='bbox 3818 5560 3988 5609; x_wconf 62' lang='lat' dir='ltr'><strong>Inter-</strong></span> 
     </span>
    </p>
   </div>
   <div class='ocr_carea' id='block_1_120' title="bbox 2422 5573 3987 5695">
    <p class='ocr_par' dir='ltr' id='par_1_120' title="bbox 2422 5573 3987 5695">
     <span class='ocr_line' id='line_1_120' title="bbox 2422 5573 3987 5620; baseline -0.001 -12"><span class='ocrx_word' id='word_1_753' title='bbox 2422 5573 2564 5608; x_wconf 79' lang='lat' dir='ltr'><strong>tstun</strong></span> <span class='ocrx_word' id='word_1_754' title='bbox 2599 5573 2966 5608; x_wconf 84' lang='lat' dir='ltr'><strong>utversnnoue</strong></span> <span class='ocrx_word' id='word_1_755' title='bbox 2997 5573 3052 5605; x_wconf 87' lang='lat' dir='ltr'><strong>Ill</strong></span> <span class='ocrx_word' id='word_1_756' title='bbox 3085 5573 3369 5606; x_wconf 82' lang='lat' dir='ltr'><strong>coutcmus</strong></span> <span class='ocrx_word' id='word_1_757' title='bbox 3412 5573 3614 5620; x_wconf 68' lang='lat' dir='ltr'><strong>Sepiua</strong></span> <span class='ocrx_word' id='word_1_758' title='bbox 3660 5573 3772 5608; x_wconf 81' lang='lat' dir='ltr'><strong>tnta</strong></span> <span class='ocrx_word' id='word_1_759' title='bbox 3818 5573 3987 5609; x_wconf 73' lang='lat' dir='ltr'><strong>Inter-</strong></span> 
     </span>
     <span class='ocr_line' id='line_1_121' title="bbox 2422 5573 3987 5695; baseline -0.001 -18"><span class='ocrx_word' id='word_1_760' title='bbox 2422 5640 2634 5695; x_wconf 83' lang='lat' dir='ltr'><strong>prelum</strong></span> <span class='ocrx_word' id='word_1_761' title='bbox 2671 5625 2770 5694; x_wconf 87' lang='lat' dir='ltr'><strong>legi</strong></span> <span class='ocrx_word' id='word_1_762' title='bbox 2825 5625 3084 5695; x_wconf 87' lang='lat' dir='ltr'><strong>solitum:</strong></span> <span class='ocrx_word' id='word_1_763' title='bbox 3144 5638 3267 5695; x_wconf 89' lang='lat' dir='ltr'><strong>natu</strong></span> <span class='ocrx_word' id='word_1_764' title='bbox 3317 5639 3418 5676; x_wconf 76' lang='lat' dir='ltr'><strong>vox</strong></span> <span class='ocrx_word' id='word_1_765' title='bbox 3476 5625 3562 5676; x_wconf 83' lang='lat' dir='ltr'><strong>illa</strong></span> <span class='ocrx_word' id='word_1_766' title='bbox 3613 5573 3727 5678; x_wconf 44' lang='grc' dir='ltr'><strong>ξος.</strong></span> <span class='ocrx_word' id='word_1_767' title='bbox 3779 5627 3987 5686; x_wconf 63' lang='lat' dir='ltr'><strong>“n.7,</strong></span> 
     </span>
    </p>
   </div>
   <div class='ocr_carea' id='block_1_121' title="bbox 2416 5693 3988 5762">
    <p class='ocr_par' dir='ltr' id='par_1_121' title="bbox 2416 5693 3988 5762">
     <span class='ocr_line' id='line_1_122' title="bbox 2416 5693 3988 5762; baseline -0.003 -13"><span class='ocrx_word' id='word_1_768' title='bbox 2416 5693 2601 5759; x_wconf 76' lang='lat' dir='ltr'><strong>Jaseb,</strong></span> <span class='ocrx_word' id='word_1_769' title='bbox 2634 5693 2841 5758; x_wconf 20' lang='lat' dir='ltr'><strong>Jas’sib,</strong></span> <span class='ocrx_word' id='word_1_770' title='bbox 2869 5703 2921 5746; x_wconf 87' lang='lat' dir='ltr'><strong>et</strong></span> <span class='ocrx_word' id='word_1_771' title='bbox 2947 5693 3124 5746; x_wconf 78' lang='lat' dir='ltr'><strong>Jasem</strong></span> <span class='ocrx_word' id='word_1_772' title='bbox 3156 5694 3373 5760; x_wconf 70' lang='lat' dir='ltr'><strong>legitur,</strong></span> <span class='ocrx_word' id='word_1_773' title='bbox 3404 5710 3500 5762; x_wconf 87' lang='lat' dir='ltr'><strong>pro</strong></span> <span class='ocrx_word' id='word_1_774' title='bbox 3529 5711 3637 5761; x_wconf 84' lang='lat' dir='ltr'><strong>quo</strong></span> <span class='ocrx_word' id='word_1_775' title='bbox 3671 5699 3721 5747; x_wconf 91' lang='lat' dir='ltr'><strong>iu</strong></span> <span class='ocrx_word' id='word_1_776' title='bbox 3761 5695 3988 5749; x_wconf 64' lang='lat' dir='ltr'><strong>llebrxo</strong></span> 
     </span>
    </p>
   </div>
   <div class='ocr_carea' id='block_1_122' title="bbox 2417 5763 3990 5829">
    <p class='ocr_par' dir='ltr' id='par_1_122' title="bbox 2417 5763 3990 5829">
     <span class='ocr_line' id='line_1_123' title="bbox 2417 5763 3990 5829; baseline 0 -11"><span class='ocrx_word' id='word_1_777' title='bbox 2417 5779 2501 5820; x_wconf 90' lang='lat' dir='ltr'><strong>cst</strong></span> <span class='ocrx_word' id='word_1_778' title='bbox 2557 5774 2689 5824; x_wconf 51' lang='lat' dir='ltr'><strong>mw,</strong></span> <span class='ocrx_word' id='word_1_779' title='bbox 2733 5765 2944 5828; x_wconf 84' lang='lat' dir='ltr'><strong>Josebe,</strong></span> <span class='ocrx_word' id='word_1_780' title='bbox 2975 5763 3078 5818; x_wconf 88' lang='lat' dir='ltr'><strong>hoc</strong></span> <span class='ocrx_word' id='word_1_781' title='bbox 3110 5773 3213 5827; x_wconf 87' lang='lat' dir='ltr'><strong>est,</strong></span> <span class='ocrx_word' id='word_1_782' title='bbox 3259 5764 3604 5829; x_wconf 77' lang='lat' dir='ltr'><strong>habitatores,</strong></span> <span class='ocrx_word' id='word_1_783' title='bbox 3648 5769 3792 5820; x_wconf 91' lang='lat' dir='ltr'><strong>sicut</strong></span> <span class='ocrx_word' id='word_1_784' title='bbox 3837 5767 3990 5820; x_wconf 63' lang='lat' dir='ltr'><strong>venit</strong></span> 
     </span>
    </p>
   </div>
   <div class='ocr_carea' id='block_1_123' title="bbox 2420 5837 2805 5907">
    <p class='ocr_par' dir='ltr' id='par_1_123' title="bbox 2420 5837 2805 5907">
     <span class='ocr_line' id='line_1_124' title="bbox 2420 5837 2805 5907; baseline 0 -15"><span class='ocrx_word' id='word_1_785' title='bbox 2420 5837 2805 5907; x_wconf 76' lang='lat' dir='ltr'><strong>Hieronymus.</strong></span> 
     </span>
    </p>
   </div>
  </div>
