4188 7148
185 432 291 492 953

184 653 286 687 non
323 637 494 690 valuit
519 637 814 706 expellere.

249 724 497 795 Ierphel,
533 729 586 781 in
623 729 764 782 tribu
793 728 1094 798 Benjamin.

251 817 468 882 Iecnal,
506 819 562 873 in
598 820 742 875 tribu
793 820 1069 886 Zabulou,
1129 822 1334 879 Levitis
1370 825 1559 882 civitas
1601 844 1754 897 sepa-

186 925 237 961 ra
245 920 317 962 ta.

243 1001 484 1066 Iastbie,
519 1003 574 1057 in
607 1004 750 1058 tribu
786 1004 1048 1062 Zabulon:
1083 1023 1228 1062 nunc
1258 1023 1432 1076 usque
1459 1007 1631 1079 Ioppe
1661 1024 1755 1062 vo-

184 1100 360 1154 catur,
392 1107 657 1149 ascensus
674 1091 872 1164 Iapho.
905 1096 1008 1151 Sed
1040 1097 1369 1168 ctOppidum
1404 1097 1752 1169 Sycaminum

183 1187 452 1250 nomine,
514 1189 582 1242 de
653 1187 899 1244 Cesarea
955 1189 1348 1246 Ptolemaidem
1408 1195 1756 1264 pergentibus

182 1297 350 1350 super
401 1297 599 1348 mare,
669 1292 890 1355 propter
939 1295 1178 1339 montem
1243 1285 1549 1340 Carmelum
1603 1286 1752 1357 Epha

183 1374 408 1426 dicitur.

247 1465 412 1535 235
444 1465 756 1539 Iephthael,
791 1469 842 1522 in
868 1469 1011 1525 tribu
1039 1470 1300 1526 Zabulon.

253 1556 469 1620 Iadela,
500 1560 550 1613 in
585 1562 728 1615 tribu
760 1559 1021 1616 Zabulon.

250 1648 520 1712 Icrmotb.
575 1651 628 1706 in
679 1653 819 1707 tribu
877 1654 1145 1721 lssachar,
1203 1657 1334 1710 urbs
1388 1657 1756 1712 sacerdotibus

185 1752 464 1808 separata.
483 1740 774 1798 Posuimus
798 1755 852 1799 et
879 1761 1040 1815 supra
1063 1747 1357 1815 Jerimuth,
1378 1748 1533 1818 cujus
1551 1747 1756 1803 etOseo

186 1834 451 1905 propheta
488 1838 756 1892 meminit.

250 1925 394 1992 lcoc,
429 1930 598 1983 sortis
614 1929 926 2000 Nepbthali,
955 1935 1007 1989 in
1029 1934 1268 1990 conﬁnio
1297 1934 1461 1988 trium
1490 1933 1749 1988 tribuum:
1782 1922 1827 1977 Β

187 2020 236 2073 id
270 2030 374 2084 est,
429 2022 482 2074 in
520 2024 658 2077 tribu
695 2025 931 2082 Zabulon
969 2029 1034 2084 ad
1082 2030 1374 2083 australem
1410 2029 1648 2098 plagam.
1701 2027 1754 2080 in

188 2113 330 2166 tribu
362 2117 499 2169 Aser
532 2118 597 2171 ad
633 2119 996 2187 occidentem,
1051 2135 1216 2191 porro
1265 2121 1322 2175 in
1351 2121 1493 2174 tribu
1523 2120 1656 2174 Iuda
1689 2120 1754 2173 ad

186 2205 314 2259 solis
348 2217 558 2261 ortum.

251 2296 471 2360 Iabnel,
506 2299 560 2353 in
596 2301 736 2356 tribu
771 2301 1077 2372 Nepbthali.

253 2390 446 2458 Ieron,
485 2394 536 2447 in
571 2394 714 2448 tribu
744 2392 1055 2462 Nephthuli.

255 2483 524 2548 Jethlam,
559 2484 610 2538 in
645 2486 784 2540 tribu
820 2486 933 2541 Dan

249 2576 432 2641 .lelun,
464 2579 516 2631 in
545 2579 684 2633 tribu
714 2579 850 2633 Dan.

253 2669 382 2734 Iud,
425 2672 476 2725 in
513 2673 654 2726 tribu
691 2673 824 2727 Dan.

258 2759 559 2828 Ierachon,
593 2780 763 2836 aquaz,
802 2768 854 2822 in
888 2769 1035 2824 tribu
1067 2769 1203 2824 Dan.

261 2855 492 2908 Inlechi:
521 2872 618 2923 pro
641 2875 746 2926 quo
772 2859 964 2928 Aquila
991 2863 1403 2932 interpretatur,
1433 2865 1488 2918 in
1517 2867 1751 2922 maxilla.

253 2945 408 3000 Jabis
437 2948 662 3015 Galaad,
696 2963 749 3006 et
795 2952 934 3007 hanc
967 2967 1417 3024 Oppugnaverunt
1449 2959 1542 3012 lilii
1572 2958 1753 3014 Israel.

187 3032 342 3088 Nunc
369 3047 553 3090 autem
585 3049 667 3092 est
691 3040 846 3094 vicus
880 3053 1030 3096 trans
1052 3042 1339 3099 Iordanem
1375 3047 1427 3100 in
1452 3057 1609 3103 sexto
1637 3051 1756 3101 mil-

186 3124 341 3179 liario
413 3126 653 3184 civitatis
705 3129 911 3196 Pellae,
972 3148 1134 3203 super
1205 3145 1444 3190 montem
1504 3137 1757 3192 euntibus

187 3214 414 3273 Gerasa.

576 3312 658 3366 DE
693 3313 1080 3375 REGNOHUM
1118 3317 1366 3373 LIBRlS.

257 3403 412 3471 Ioar,
446 3406 638 3470 saltus,
673 3408 728 3461 in
759 3425 868 3478 quo
892 3425 1119 3465 examen
1149 3428 1310 3481 apum
1351 3413 1471 3467 fuit.

256 3495 539 3562 Ierameli,
577 3501 728 3569 regio
759 3501 1193 3572 Allophylorum.

253 3587 470 3653 Ietber,
517 3592 582 3644 ad
607 3607 769 3660 quam
801 3593 946 3647 misit
977 3595 1146 3651 David
1178 3615 1194 3652 :
1229 3614 1378 3655 nunc
1413 3611 1496 3656 est
1526 3603 1650 3657 villa
1703 3603 1756 3657 in

191 3680 444 3742 Daroma.
475 3683 696 3738 nomine
730 3682 980 3753 Ietthira,
1032 3688 1103 3743 de
1151 3707 1255 3759 qua
1286 3709 1449 3763 supra
1497 3696 1754 3751 diximus.

257 3772 562 3838 Iecmaam,
593 3775 788 3831 civitas
819 3779 1126 3849 principum
1160 3781 1490 3839 Salomonis.

256 3866 601 3938 ltabyrium:
656 3885 756 3940 pro
808 3887 918 3940 quo
966 3875 1160 3943 Aquila
1210 3886 1264 3930 et
1313 3877 1672 3946 Symmachus
1703 3880 1755 3932 in

191 3959 328 4012 Osee
380 3963 648 4028 propheta
700 3965 1123 4029 transtulerunt,
1173 3965 1415 4021 Thabor.
1451 3969 1546 4022 Est
1575 3980 1755 4024 autem

191 4064 347 4103 mons
404 4049 626 4105 Thabor
680 4052 734 4105 in
785 4053 993 4123 Campo
1040 4055 1277 4109 maximo
1321 4057 1388 4110 ad
1436 4058 1757 4113 orientalem

193 4141 399 4209 plagam
442 4143 457 4171 ¹
481 4139 755 4210 Legionis.

258 4232 532 4297 Jecthoel,
574 4248 773 4288 nomen
809 4245 974 4304 petra-'2
1008 4236 1062 4290 in
1097 4236 1408 4308 Regnorum
1439 4240 1612 4295 libris.

257 4322 516 4385 Iethaba,
558 4325 686 4378 urbs
711 4328 927 4394 antiqua
955 4328 1176 4384 Iudaeae.

262 4416 492 4470 lnaczeb
519 4433 533 4469 :
569 4432 668 4486 pro
695 4433 802 4487 quo
833 4417 1191 4490 Symmachus
1219 4423 1516 4492 transtulit,
1542 4426 1596 4480 in
1621 4428 1757 4484 valle

194 4507 321 4562 Zeb.

1108 432 1202 493 DE
1246 436 1423 496 SITU
1466 438 1563 496 ET
1605 437 1881 498 NOMIN.
1917 438 2082 499 LOU.
2119 441 2479 501 llEBllAlC.

242 543 513 603 .lelilaam.
566 544 619 598 in
665 544 804 598 tribu
851 541 1121 610 Manasse,
1180 548 1247 602 de
1276 563 1379 616 qua
1413 550 1743 621 alienigenas
1774 559 1815 612 Α

3333 432 3436 492 954

2457 550 2539 603 DE
2570 548 2832 603 (EENESI.

1935 646 2096 707 Lasa.
2152 645 2419 699 terminus
2469 643 2905 696 Chananamrnm
2964 638 3106 692 circa
3156 635 3429 691 Sidonem.

1931 737 2098 795 Luza.
2154 739 2206 790 iu
2269 739 2410 791 tribu
2467 734 2771 799 limijamin,
2817 746 2977 799 quam
3030 739 3213 798 postea
3265 726 3434 782 Iacoh

1860 830 2262 889 cognominavit
2299 827 2514 881 Bethel.
2569 826 2662 880 Est
2691 834 2873 878 autem
2911 838 3082 890 usque
3115 822 3276 876 hodie
3309 821 3428 873 villa

1863 919 1916 972 in
1978 922 2198 974 sinistra
2262 933 2414 991 parte
2485 923 2580 975 via:
2642 919 2711 973 de
2785 913 3010 984 Neapoli
3080 915 3427 984 pergentibus

1861 1013 2086 1067 ﬁliam.

1933 1106 2100 1166 Luza.
2151 1108 2265 1160 haec
2295 1108 2462 1160 altera
2496 1117 2600 1167 cst.
2647 1122 2766 1175 quae
2812 1102 3014 1159 cecidit
3055 1100 3106 1154 in
3143 1107 3339 1153 sortem
3372 1097 3433 1149 li-

1860 1199 2056 1253 liorum
2089 1199 2321 1272 Ioseph,
2353 1202 2504 1270 juxta
2542 1201 2755 1254 Siclicm
2805 1199 2857 1252 in
2894 1196 3054 1251 tertio
3085 1189 3260 1262 lapide
3286 1189 3432 1241 Νεα-

1857 1292 2085 1355 πόλεως.

1931 1386 2124 1447 Lotan.
2162 1391 2288 1442 urbs
2321 1389 2519 1442 ducum
2563 1386 2756 1439 Eiiom.

2080 1505 2164 1558 DE
2198 1504 2508 1559 NUMERIS
2540 1502 2626 1556 ΕΤ
2659 1495 3220 1556 ΟΕΠΤΕΒΟΝΟΜΙΟ.

1929 1621 2148 1676 Lebona
2181 1620 2235 1672 in
2266 1619 2501 1681 deserto,
2535 1625 2714 1669 castra
2753 1613 2988 1667 ﬁliorum
3021 1610 3213 1662 Israel.

1931 1713 2140 1772 Lobou.
2175 1710 2328 1764 locus
2363 1708 2676 1763 solitudinis
2709 1716 2861 1774 trans
2890 1702 3207 1765 Iordanem,
3240 1698 3291 1751 in
3326 1711 3435 1766 quo

1858 1806 2072 1875 Moyses
2101 1800 2590 1858 Deuteronomium
2627 1799 2776 1868 legit.

2370 1915 2455 1968 DE
2485 1910 2690 1966 LIBRO
2719 1910 2905 1965 IESU.

1927 2009 2147 2069 Lochis,
2202 2009 2256 2060 in
2291 2006 2432 2058 tribu
2467 2002 2641 2058 Iuda:
2702 2003 2795 2056 sed
2825 2010 2880 2054 et
2909 2001 3046 2054 hanc
3075 1999 3222 2068 cepit
3254 1997 3434 2058 Iesus.

1862 2112 1992 2167 rege
2043 2098 2216 2166 ipsius
2276 2095 2583 2150 interfecto.
2654 2092 2900 2147 Meminit
2959 2091 3119 2159 hujus
3178 2088 3341 2142 Isaias
3382 2096 3434 2140 et

1857 2191 2120 2247 Ieremias
2146 2209 2159 2244 :
2189 2199 2243 2243 et
2273 2204 2417 2243 nunc
2449 2196 2532 2242 est
2556 2186 2682 2240 villa
2714 2187 2766 2239 in
2813 2184 3048 2253 septimo
3079 2182 3334 2238 milliario
3364 2181 3435 2236 ab

1860 2282 2264 2352 liletitheropnli
2303 2281 2562 2335 euntibus
2594 2281 2904 2333 Daromam.

1926 2374 2134 2436 Lebna,
2171 2374 2223 2426 in
2261 2373 2406 2426 tribu
2439 2369 2600 2433 Iuda,
2638 2369 2830 2421 civitas
2859 2363 3236 2427 sacerdotalis,
3265 2375 3427 2428 quam

1859 2467 2034 2520 tenuit
2059 2465 2239 2530 Iesus,
2275 2479 2400 2533 rege
2430 2463 2575 2516 illius
2631 2460 2965 2514 interfecto:
3013 2472 3161 2509 nunc
3193 2466 3274 2508 est
3307 2454 3429 2506 villa

1859 2559 1912 2612 in
1935 2558 2159 2628 regione
2178 2553 2743 2622 Eleutheroliolitana,
2766 2566 2885 2620 qua:
2904 2548 3205 2618 appellatur
3223 2546 3427 2600 Lobna.

1857 2648 2058 2704 Scribit
2088 2648 2155 2702 de
2186 2650 2286 2702 hac
2311 2656 2365 2700 et
2399 2646 2583 2699 Isaias.

1923 2739 2190 2803 Lasaron,
2238 2747 2293 2793 et
2351 2739 2489 2791 hanc
2528 2736 2675 2806 Cepit
2706 2733 2884 2799 Iesus,
2923 2745 3045 2802 rege
3078 2731 3222 2784 illius
3255 2730 3426 2783 inter-

1859 2834 2022 2888 lecto.

1920 2923 2083 2991 Lapis
2115 2925 2285 2985 Boen,
2316 2920 2548 2974 filiorum
2579 2918 2775 2972 Ruben
2801 2933 2813 2970 :
2840 2927 2924 2971 est
2949 2925 3130 2970 autem
3163 2913 3428 2968 terminus

1858 3019 2030 3073 tribus
2057 3015 2229 3069 Iudat.

1918 3110 2153 3169 Laboth.
2188 3109 2240 3160 in
2275 3107 2418 3161 tribu
2449 3105 2611 3160 Iuda.

1926 3202 2144 3264 Lamas,
2185 3200 2235 3252 in
2263 3199 2403 3251 tribu
2439 3197 2599 3251 Iuda.

1782 3277 1826 3338 C
1937 3291 2101 3362 239
2123 3291 2384 3352 Labaoth,
2416 3290 2468 3342 in
2504 3291 2644 3343 tribu
2682 3288 2986 3360 Symeonis.

1927 3383 2232 3443 Labanath.
2261 3384 2316 3436 in
2349 3383 2493 3436 tribu
2529 3381 2681 3435 Aser.

1928 3474 2153 3540 Lacum,
2183 3473 2448 3527 terminus
2469 3470 2810 3539 Nephthalim

2299 3563 2386 3617 DE
2419 3562 2716 3618 IUDlCU‘l
2755 3563 2980 3620 LIBRO.

1925 3657 2304 3712 Lahoemath:
2352 3671 2449 3726 pro
2479 3673 2588 3726 quo
2639 3657 2833 3726 Aquila
2886 3660 3298 3728 interpretatur,
3333 3657 3432 3712 in-

1860 3765 2082 3821 gressus
2104 3749 2321 3806 Eiuath.

1933 3842 2164 3896 Lesem:
2214 3843 2352 3896 hanc
2379 3842 2471 3895 lilii
2504 3842 2618 3895 Dan
2654 3841 2703 3895 vi
2736 3851 2971 3911 captam,
3007 3841 3430 3912 cognominave-

1859 3943 1986 3988 runt
2020 3932 2153 3986 Dan.

1933 4025 2082 4079 Luza
2133 4026 2329 4090 altera,
2378 4026 2533 4093 juxta
2596 4025 2808 4092 Bethel,
2865 4026 2916 4079 in
2973 4034 3116 4080 terra
3166 4024 3428 4088 Cetthim.

1862 4131 2024 4186 quam
2051 4116 2298 4171 condidit
2328 4118 2417 4172 ille
2444 4133 2536 4187 qui
2559 4118 2769 4171 abierat
2800 4118 2864 4171 de
2899 4117 3105 4182 Bethel,
3139 4119 3279 4172 sicut
3300 4134 3430 4172 nar-

1862 4218 1945 4262 rat
1981 4209 2232 4264 historia.

1931 4303 2132 4357 Lechi:
2169 4319 2268 4373 pro
2315 4321 2422 4374 quo
2476 4306 2671 4375 Aquila
2720 4315 2775 4358 et
2823 4303 3125 4358 Theodotio
3161 4304 3432 4373 interpre-

1859 4404 2066 4462 tantur,
2102 4398 2378 4450 maxillam
2410 4399 2497 4468 (de
2528 4414 2632 4468 qua
2655 4399 2763 4465 jam
2791 4407 2848 4452 et
2879 4412 3038 4467 supra
3066 4397 3346 4466 diximus).

1933 4488 2119 4551 Laisa,
2153 4491 2295 4544 hanc
2327 4490 2421 4542 lilii
2453 4489 2567 4544 Dan
2591 4501 2802 4560 captam
2828 4503 3017 4552 manu,
3043 4489 3427 4557 possederunt,

268 4601 509 4654 lnavhim
533 4641 548 4663 θ
603 4602 719 4657 sive
777 4601 1057 4657 “,bachim
1113 4618 1128 4656 ε
1163 4619 1263 4674 pro
1307 4621 1415 4676 quo
1463 4609 1652 4678 Aquila
1704 4619 1757 4666 et
1790 4628 1833 4681 Β
1859 4595 1983 4635 cum
2015 4590 2160 4635 esset
2189 4583 2432 4651 procula
2463 4582 3112 4647 Sidone,etvocaverunt
3143 4595 3261 4635 eam
3293 4580 3427 4635 Dan.

193 4690 560 4760 Symmachus
595 4695 1006 4758 transtulerunt,
1044 4693 1099 4748 in
1129 4691 1278 4750 ﬂatu.
1319 4698 1566 4755 Meminit
1598 4702 1756 4770 bujus

192 4795 241 4836 et
271 4785 524 4838 Michzeas
557 4786 840 4854 propheta.

264 4877 430 4945 238
467 4875 659 4947 Ioppe,
700 4881 959 4949 oppidum
1005 4883 1306 4941 Palaestinae
1347 4887 1677 4943 maritimum
1704 4889 1757 4944 in

191 4970 333 5023 tribu
369 4969 505 5022 Dan.

260 5061 488 5115 lnaraba
525 5080 540 5120 :
578 5079 676 5132 pro
704 5081 810 5134 quo
852 5067 1046 5136 Aquila
1096 5072 1397 5134 transtulit,
1434 5073 1486 5125 in
1537 5073 1751 5138 humili,

190 5157 272 5208 vel
304 5157 510 5224 plano:
549 5173 710 5225 porro
747 5157 1128 5228 Symmachus,
1162 5165 1216 5217 in
1251 5166 1562 5232 campestri.

273 5249 466 5300 lturaaa
492 5257 546 5301 et
571 5246 916 5304 Trachonitis
952 5254 1120 5321 regio.
1151 5257 1306 5324 cujus
1361 5259 1627 5311 tetrarcha
1661 5259 1759 5314 fuit

191 5339 479 5407 Philippus
507 5354 521 5393 :
552 5340 694 5392 sicut
717 5345 769 5394 in
800 5343 1112 5412 Evangeliis
1137 5346 1382 5417 legimus.
1409 5348 1757 5405 Trachonitis

191 5443 378 5484 autem
408 5433 609 5484 dicitur
635 5441 780 5488 terra
851 5436 1005 5503 juxta
1039 5439 1314 5494 desertum
1345 5442 1579 5506 Arabiae,
1611 5445 1756 5513 quod

193 5524 400 5580 Bostrze
427 5524 700 5595 jungitur.

271 5818 284 5846 ¹
317 5815 398 5868 Ad
430 5815 732 5888 orientalem
765 5818 997 5888 plagam.
1040 5819 1246 5888 Szrpius
1276 5822 1402 5876 editi
1441 5832 1596 5877 antea
1632 5825 1755 5881 libri

195 5895 385 5956 [quin
428 5886 792 5941 cccidcutulwc
827 5886 922 5959 pro
956 5886 1286 5947 orientalem.
1317 5892 1537 5950 Constat
1574 5907 1756 5954 autem

1863 4672 1986 4726 Fuit
2015 4683 2196 4727 autem
2232 4675 2498 4729 terminus
2529 4684 2687 4729 terrae
2721 4673 2940 4738 Iudaeae,
2976 4683 3169 4728 contra
3206 4684 3429 4742 septen-

1865 4765 2125 4828 trionem,
2177 4781 2205 4818 a
2262 4767 2371 4819 Dan
2424 4782 2596 4835 usque
2629 4769 2695 4820 ad
2746 4765 3011 4819 Bersabee
3047 4780 3104 4818 se
3134 4766 3425 4819 tendentis.

1862 4859 2109 4914 Meminit
2157 4861 2319 4930 hujus
2349 4870 2406 4914 et
2453 4861 2642 4914 Isaias.
2677 4860 2788 4913 Sita
2822 4868 2905 4912 est
2928 4867 3106 4912 autem
3137 4859 3291 4927 juxta
3320 4856 3427 4913 Pa-

1861 4953 2112 5019 neadem,
2147 4955 2214 5009 de
2242 4971 2348 5025 qua
2382 4953 2636 5010 Iordanis
2660 4953 2852 5008 ﬂuvius
2886 4953 3142 5021 erumpit.

2254 5071 2339 5124 DE
2372 5067 2759 5124 REGNOBUM
2791 5067 3039 5121 LIBRIS.

1936 5163 2309 5225 Lamatthara,
2338 5163 2402 5217 ad
2437 5178 2597 5231 quem
2634 5166 2809 5216 locum
2843 5159 3113 5214 Ionathan
3139 5159 3316 5227 jacula
3347 5158 3427 5211 di-

1863 5258 2089 5328 rigebat,
2125 5271 2224 5324 pro
2256 5271 2364 5324 quo
2391 5255 2580 5321 Aquila
2619 5254 3030 5322 interpretatur.
3068 5253 3132 5306 ad
3171 5253 3423 5323 signum:

1864 5347 2242 5418 Symmachus,
2280 5348 2343 5399 ad
2377 5345 2715 5399 condictum.

1934 5441 2200 5501 Ladabar,
2227 5440 2316 5492 ubi
2342 5448 2458 5492 erat
2491 5437 2875 5507 Miphiboseth.

1933 5533 2197 5594 Lodabar,
2235 5533 2377 5587 unde
2409 5532 2511 5586 fuit
2543 5532 2766 5585 Machir.

1934 5625 2198 5688 Libauus,
2227 5642 2385 5680 mons
2421 5624 2698 5679 Plitenicis
2728 5623 3040 5677 altissimus.

1865 5845 1922 5884 es
1972 5827 2193 5882 Tabulis
2253 5824 3225 5898 GcographicisA'l‘haborppositunin
3251 5823 3420 5898 fuisse

1865 5900 1929 5954 ad
1967 5899 2286 5956 orientalem
2317 5893 2526 5969 plagam
2558 5896 2829 5968 Legionis.
2853 5893 2983 5949 Vide
3019 5894 3158 5950 infra
3188 5894 3416 5950 Thabor.
