4188 7154
173 404 271 465 957

171 614 349 660 castra
383 615 514 659 sunt
543 608 745 673 posita.
782 608 880 664 Est
939 620 1122 666 autem
1175 628 1321 670 nunc
1343 615 1497 671 vicus
1547 616 1761 672 Merrus

172 700 399 754 nomine
427 700 484 754 in
509 701 836 759 duodecimo
863 705 1121 762 milliaria
1147 709 1300 764 urbis
1336 709 1579 766 Sebastaa
1611 713 1760 781 juxta

170 793 452 852 Dothaim.

236 882 811 955 Massepbothmaim,
861 906 961 961 pro
1006 909 1115 961 quo
1160 896 1378 964 Aquila.
1411 897 1760 968 Massephotb

167 992 325 1045 aqua:
347 996 361 1031 :
384 978 771 1050 Symmachus,
802 982 1151 1054 Hassepboth
1184 986 1379 1053 maris,
1412 986 1759 1057 interpretati

168 1076 319 1121 sunt.

238 1161 539 1230 Machathi,
577 1165 708 1221 urbs
733 1166 1174 1225 Amorrhmorum
1238 1187 1406 1242 super
1455 1171 1752 1230 Iordanem

163 1254 316 1322 juxta
370 1267 615 1310 montem
681 1258 944 1322 Aermon,
982 1261 1050 1317 de
1096 1278 1201 1334 qua
1235 1264 1597 1321 exterminare
1651 1284 1758 1323 non

170 1346 470 1401 valuerunt
503 1350 594 1403 tilii
617 1349 786 1404 lsrael
806 1351 1228 1409 Machathaeum.

239 1436 475 1503 Marem,
511 1452 566 1497 et
595 1442 735 1498 hanc
773 1444 914 1513 cepit
945 1445 1124 1509 Iesus.
1158 1464 1285 1519 rege
1313 1447 1455 1505 illius
1476 1450 1640 1525 246
1677 1452 1763 1507 ἰη-

168 1525 425 1584 terferto.
464 1532 671 1591 (Posita
700 1543 787 1589 est
814 1545 869 1590 et
900 1552 1065 1609 supra
1096 1538 1355 1609 Marrus.)

237 1619 513 1692 Mageddo
577 1627 652 1695 (et
709 1627 851 1685 hanc
890 1630 1035 1698 cepit
1072 1630 1259 1698 Iesus,
1309 1649 1438 1704 rege
1473 1634 1618 1692 illius
1674 1635 1761 1690 in-

170 1714 460 1784 teriecto):
503 1735 625 1789 qua:
680 1736 804 1777 cum
856 1726 1150 1783 cecidisset
1215 1729 1271 1783 in
1324 1738 1527 1785 sortem
1587 1732 1763 1786 tribus

174 1804 447 1870 Manasse.
481 1827 825 1883 nequaquam
852 1819 1097 1887 possedit
1136 1836 1283 1887 eam,
1316 1823 1441 1893 quia
1503 1824 1760 1894 pristinos

171 1901 514 1959 habitatores
546 1910 787 1976 nequivit
815 1913 1110 1981 expellere.

240 1994 412 2051 Misor
441 2014 455 2053 :
486 2015 585 2070 pro
614 2017 721 2071 quo
750 2004 941 2073 Aquila
967 2016 1021 2062 et
1062 2006 1452 2079 Symmachus,
1479 2013 1746 2069 humilem

168 2089 515 2159 interpretati
552 2105 703 2152 sunt.
740 2096 837 2152 Est
864 2110 1045 2155 autem
1081 2102 1279 2158 civitas
1321 2105 1493 2161 tribus
1541 2105 1754 2172 Ruben,

166 2195 418 2253 separata
454 2185 657 2243 Levitis
694 2191 747 2245 in
775 2191 994 2261 regione
1018 2193 1318 2252 Gebalena.

236 2274 487 2339 Medaba,
546 2295 718 2351 usque
771 2281 937 2338 hodie
993 2285 1121 2342 urbs
1175 2288 1405 2355 Arabim,
1467 2289 1752 2361 antiquum

168 2384 367 2425 nomen
406 2372 653 2428 retinens
678 2372 832 2441 juxta
870 2375 1109 2433 Esebon.

238 2463 565 2533 Maphaath,
620 2465 675 2520 in
715 2467 857 2521 tribu
919 2467 1222 2536 Beniamin.
1259 2470 1365 2526 Sed
1422 2482 1478 2528 et
1536 2474 1638 2529 alia
1671 2486 1754 2531 est

169 2565 323 2611 trans
374 2556 707 2621 Jordanem.
752 2560 804 2614 in
852 2575 957 2628 qua
1018 2562 1333 2630 praesidium
1381 2564 1751 2623 Romanorum

167 2652 403 2706 militum
441 2655 593 2707 sedet
624 2662 850 2723 propter
882 2654 1134 2709 viciniam
1167 2657 1505 2712 solitudinis.

234 2742 519 2813 Masapha,
550 2744 602 2797 in
669 2744 813 2798 tribu
870 2743 1007 2807 Gad,
1062 2755 1309 2815 separata
1372 2746 1601 2802 Levitis.
1660 2748 1755 2804 Est

161 2844 345 2893 autem
369 2849 427 2892 et
481 2838 584 2892 alia
622 2853 771 2893 nunc
804 2836 1052 2907 Maspha,
1090 2838 1145 2893 in
1190 2839 1391 2895 ﬁnibus
1424 2840 1751 2897 Eleutheroo

162 2932 356 3003 poleos
411 2940 601 2987 contra
658 2932 1084 3001 septentrionem
1138 2933 1489 3003 pergentibus
1530 2932 1751 3002 Alliam,

163 3027 451 3097 pertinens
490 3025 557 3080 ad
592 3026 792 3079 tribum
823 3023 999 3080 Judaz.

238 3121 511 3174 Mammim
546 3119 601 3174 in
659 3120 805 3175 tribu
836 3117 975 3183 Gad,
1007 3127 1257 3190 separata
1294 3119 1521 3188 Levitis,
1582 3121 1635 3176 in
1666 3137 1752 3177 re-

163 3216 328 3286 gione
356 3212 718 3271 Galaaditide.

232 3306 489 3364 Moladab
523 3307 564 3370 ί,
618 3306 671 3359 in
706 3306 849 3359 tribu
906 3303 1058 3359 Iudae
1111 3303 1225 3359 sive
1286 3304 1593 3375 Symeonis.
1644 3303 1752 3360 Me-

162 3402 441 3463 demena,
494 3400 549 3451 in
611 3397 756 3450 tribu
806 3395 976 3459 Judee,
1038 3396 1198 3464 cujus
1233 3396 1485 3449 meminit
1540 3395 1753 3454 Isaias:

163 3505 215 3549 el
244 3507 394 3548 nunc
444 3500 529 3551 est
582 3488 792 3544 Menois
824 3487 1087 3558 oppidum
1133 3487 1283 3557 juxta
1336 3486 1609 3543 civitatem
1641 3487 1750 3543 Ga-

164 3604 310 3641 lim.

237 3678 510 3749 Magdala,
556 3677 611 3731 in
644 3675 788 3730 tribu
816 3673 977 3731 Juda.

237 3769 471 3833 Μαι-εδδ,
504 3769 556 3822 in
585 3766 730 3821 tribu
760 3765 899 3820 Juda
923 3781 940 3824 ;
967 3764 1125 3835 cujus
1171 3779 1321 3821 nunc
1375 3764 1754 3821 tantummodo

164 3876 293 3919 sunt
329 3862 507 3915 ruinae
533 3861 588 3914 in
618 3859 863 3914 secundo
888 3858 1067 3928 lapide
1098 3855 1606 3923 Eleutheropoleos.

237 3955 419 4017 liaon,
444 3956 499 4007 in
540 3953 685 4007 tribu
713 3950 878 4014 Juda,
905 3960 1096 4006 contra
1118 3948 1251 4004 solis
1277 3956 1457 4002 ortum
1484 3947 1747 4002 Daromaa.

240 4048 476 4107 Maroth.
511 4047 567 4100 in
600 4045 743 4099 tribu
768 4044 931 4099 Juda.

237 4140 439 4201 Maddi.
477 4140 531 4193 in
572 4138 714 4193 tribu
745 4136 904 4192 Juda.

237 4230 429 4293 Μηδία,
462 4233 514 4285 in
541 4230 682 4285 tribu
717 4230 1021 4297 Benjatnin.

237 4325 513 4389 Machoth,
546 4324 601 4377 in
629 4323 773 4377 tribu
806 4322 1073 4378 Manasse.

237 4418 459 4483 Marala,
484 4429 749 4471 ascensus
777 4414 1025 4468 Zabulon
1058 4416 1104 4468 '.

236 4511 444 4573 Hasan,
484 4508 537 4561 in
568 4508 710 4561 tribu
754 4507 911 4572 Aser,
948 4505 1101 4578 juxta
1139 4505 1449 4563 Carmelum
1482 4508 1545 4564 ad
1578 4523 1745 4573 mare,

159 4604 361 4659 civitas
399 4610 651 4670 separata
683 4598 907 4653 Levitis.
1590 4675 1593 4678 ἠ

240 4695 402 4768 257
430 4693 584 4747 Mare.
614 4692 949 4760 Salinarum,
984 4692 1128 4762 quod
1182 4700 1406 4746 vocatur
1451 4691 1748 4760 Mor-tuum,

164 4791 281 4845 sive
308 4802 461 4842 mare
495 4784 770 4856 Asphalti,
807 4784 860 4839 id
899 4793 1005 4850 est,
1030 4783 1340 4853 bituminis,
1369 4785 1509 4841 inter
1530 4784 1750 4843 Jericiio

162 4896 218 4939 et
254 4882 506 4937 Zoaram.

235 5046 253 5077 ¹
279 5042 557 5098 Holadab.
588 5050 696 5095 etc.
730 5040 869 5094 Editi
910 5042 1016 5093 hoc
1072 5053 1269 5092 nomen
1337 5038 1582 5093 scribunt
1631 5051 1751 5107 post

172 5114 434 5175 Marcia;
468 5111 694 5166 Grmcus
724 5120 906 5164 autem
943 5108 1211 5162 Eusebius
1245 5119 1295 5162 et
1314 5108 1493 5163 Latini
1528 5112 1750 5167 codices

165 5202 298 5238 mss.
332 5185 527 5237 eodem
561 5182 775 5243 ordine,
795 5195 904 5248 quo
936 5194 963 5231 a
996 5180 1156 5233 nobis
1194 5180 1495 5248 reponitur.

235 5257 256 5287 ’
290 5253 495 5308 lterum
522 5252 771 5305 dissentit
832 5252 900 5304 ab
932 5248 1192 5320 Eusebio,
1235 5250 1341 5320 qui
1387 5250 1535 5320 ponit
1576 5250 1751 5320 φυλῆς

164 5324 490 5384 “mussi,
512 5320 891 5391 Hieronymus,
916 5321 1012 5391 sed
1034 5319 1207 5373 verius
1230 5319 1457 5391 judicat.
1492 5318 1749 5376 Maralam

166 5397 223 5448 in
262 5393 467 5447 tinibus
499 5389 741 5445 Zabulon
775 5390 1076 5455 exstitisse,
1113 5391 1280 5443 tradit
1308 5389 1582 5460 Josephus
1612 5409 1750 5458 quo-

166 5480 314 5533 que:
352 5473 505 5516 certe
528 5462 689 5533 abiis
746 5476 854 5513 non
906 5461 1063 5529 longe
1108 5469 1247 5521 erat,
1276 5461 1437 5533 cujus
1483 5464 1749 5533 terminus

169 5530 377 5590 dicitur
420 5532 731 5587 ascendisse
770 5547 948 5585 versas
998 5547 1143 5584 mare
1169 5540 1217 5583 et
1266 5530 1495 5584 Marala.
1528 5530 1752 5587 Minime

168 5621 295 5660 vero
320 5604 389 5656 ad
422 5618 573 5656 mare
623 5604 800 5671 ipsum
865 5617 923 5655 se
966 5616 1153 5673 usque
1203 5601 1559 5673 preter-debat
1602 5605 1750 5673 regio

170 5674 420 5728 Zibulon
449 5689 463 5738 ;
494 5670 694 5743 alioqui
746 5672 920 5726 tribus
950 5670 1085 5727 ASer
1118 5680 1173 5743 et
1228 5671 1448 5743 dimidia
1496 5670 1749 5729 Manasse

170 5762 277 5799 nun
309 5760 371 5798 se
420 5742 629 5796 mutuo
654 5743 983 5813 attigissent,
1016 5742 1378 5813 quodHJosue
1434 5743 1750 5797 testimonio

173 5831 301 5870 xvtt.
336 5814 425 5876 10,
464 5811 801 5881 compertum
832 5822 937 5867 est.
970 5814 1136 5876 Igitur
1172 5811 1367 5871 Marala
1404 5813 1554 5865 locus
1583 5814 1746 5866 fuerit

172 5889 238 5940 ad
269 5886 410 5940 ﬁnes
427 5884 792 5940 occidentaies
816 5882 981 5939 sortis
1005 5882 1245 5938 Zabulon
1272 5897 1285 5950 ;
1312 5882 1467 5954 cujus
1495 5886 1744 5939 ascullsui

1126 409 1224 468 DE
1270 410 1450 470 SITU
1495 409 1589 471 ET
1623 413 1901 476 NOMIN.
1954 417 2113 481 LOC.
2147 419 2521 484 HEBRMC.

236 511 520 574 Merrom,
572 526 733 583 aqua!
784 515 851 570 ad
902 532 1065 589 quas,
1126 521 1370 576 exercitu
1422 533 1751 591 prmparato,
1790 540 1833 592 Α

3353 427 3461 492 958

1936 527 2145 585 Meeleh
2179 534 2446 589 terminus
2479 534 2845 603 Nephthalim.

1939 621 2191 693 Magdiel,
2216 626 2271 679 in
2310 627 2452 681 tribu
2480 625 2850 695 Nephthalim,
2876 637 2930 683 et
2966 629 3236 700 hodieque
3257 648 3454 700 parvus

1866 709 2017 765 vicus
2072 717 2379 771 ostenditur
2416 717 2471 770 in
2502 718 2690 787 quinto
2723 720 2978 775 milliario
3014 721 3188 784 Dom,
3223 738 3456 792 pergen-

1868 804 2016 861 tibus
2046 808 2467 867 Ptolemaidem.

1940 899 2095 956 Mons
2124 902 2426 969 Olivarum,
2459 906 2526 962 ad
2558 904 2821 961 orientem
2869 907 3194 973 Jerusalem,
3247 908 3302 962 in
3346 923 3455 979 quo

1865 988 2161 1062 discipulos
2191 998 2473 1053 erudiebat
2502 998 2689 1054 Jesus.

2339 1130 2426 1186 DE
2458 1134 2664 1191 LIBRO
2680 1135 2755 1193 JU
2769 1134 2993 1195 DICUM.

1936 1222 2325 1291 Mosphetaim:
2360 1245 2457 1299 pro
2509 1247 2619 1301 quo
2657 1231 2850 1301 Aquila
2886 1233 3281 1304 interpretatur
3332 1246 3453 1289 sor-

1864 1315 1998 1370 tium
2021 1334 2040 1372 :
2076 1319 2463 1390 Symmachus.
2492 1325 2839 1379 viciniarum.

1940 1410 2107 1473 More.
2145 1430 2344 1469 nomen
2372 1426 2454 1472 est
2479 1419 2636 1473 collis
2666 1419 2754 1491 (de
2785 1434 2893 1490 quo
2936 1423 2988 1474 in
3018 1419 3176 1475 libris
3225 1419 3451 1475 Hebrai-

1865 1517 2049 1556 carum
2083 1506 2447 1570 Quintianum
2485 1512 2699 1578 plenius
2726 1511 3063 1581 disputatum
3114 1510 3244 1578 est).

1939 1596 2204 1661 Mennith.
2246 1601 2334 1653 ubi
2362 1600 2558 1670 Jephtc
2591 1602 2863 1671 praeliatus
2897 1613 3015 1658 est:
3062 1619 3209 1657 nunc
3262 1614 3446 1658 autem

1863 1691 2173 1747 ostenditur
2204 1691 2409 1747 Manith
2442 1694 2565 1749 villa
2597 1695 2651 1748 in
2677 1704 2874 1767 quarto
2913 1696 3090 1765 lapide
3121 1696 3295 1753 Esbus
3325 1712 3449 1767 per-

1865 1785 2119 1857 gentibus
2144 1784 2601 1858 Philadelphiam.

1794 1893 1836 1947 Β
1939 1876 2237 1941 Machmas,
2273 1897 2444 1949 usque
2487 1882 2652 1937 hodie
2696 1884 2851 1937 vicus
2880 1882 3104 1954 grandis
3136 1882 3450 1937 ostenditur

1866 1969 1917 2023 in
1944 1970 2147 2027 finibus
2170 1971 2347 2037 Ailiae,
2378 1975 2665 2044 antiquum
2724 1991 2920 2030 nomen
2954 1976 3218 2039 retinens,
3249 1991 3445 2030 novem

1868 2064 1935 2120 ab
1965 2080 2027 2119 ea
2066 2067 2307 2121 millibus
2330 2067 2542 2123 distans
2572 2068 2727 2137 juxta
2759 2070 2941 2123 villam
2967 2069 3164 2124 Rama.

2253 2180 2339 2235 DE
2380 2182 2763 2238 REGNORUM
2810 2182 3055 2237 LIBRIS.

1929 2291 2164 2361 Messab,
2201 2294 2400 2350 hostile
2431 2297 2689 2366 oppidum
2724 2297 2879 2366 juxta
2911 2295 3084 2351 Caba.

1927 2386 2183 2457 Magdon,
2218 2389 2333 2444 sive
2365 2390 2603 2460 Magron,
2639 2390 2728 2444 ubi
2756 2391 2899 2445 SPdil
2939 2390 3089 2444 Saul.

1932 2479 2244 2550 Massepha,
2279 2482 2331 2535 in
2369 2481 2548 2546 Moab,
2589 2483 2657 2537 ad
2715 2498 2879 2550 qttam
2930 2482 3191 2553 profugus
3250 2482 3444 2549 David,

1859 2586 1983 2628 cum
2019 2572 2198 2629 Saulis
2227 2574 2457 2630 insidias
2490 2576 2815 2642 declinaret,
2849 2576 3023 2629 wnit.

1933 2661 2226 2730 Maseretb,
2285 2667 2337 2720 in
2364 2682 2469 2737 qua
2508 2668 2648 2722 sedit
2675 2666 2863 2729 David,
2892 2683 3040 2722 nunc
3063 2669 3313 2723 deserta:
3342 2680 3441 2736 pro

1857 2768 1967 2823 quo
1992 2757 2186 2824 Aquila
2220 2758 2629 2827 interpretatur,
2660 2758 3020 2814 munitiones:
3055 2758 3439 2830 Symmachus.

1861 2844 2067 2917 refugio
2094 2866 2108 2901 :
2137 2848 2460 2913 Theodotio,
2487 2850 2798 2920 speluncas.

1941 2940 2219 3007 Masbach,
2249 2941 2465 2997 hostilis
2492 2943 2687 2998 civitas
2719 2943 2861 3012 regis
2894 2943 3159 2998 Adrazar.

1933 3035 2163 3099 Mela,id
2183 3044 2288 3100 est,
2327 3034 2589 3093 Gemela:
2631 3051 2792 3105 quam
2842 3036 3036 3105 Aquila
3089 3046 3145 3091 et
3192 3034 3443 3107 Symma-

1857 3130 1993 3184 chus
2021 3129 2380 3190 transl‘erunt,
2434 3128 2630 3185 vallem
2683 3127 2823 3185 Salis
2862 3130 3121 3200 (diximus
3168 3129 3236 3186 de
3263 3131 3367 3187 hac
3388 3140 3444 3186 et

1776 3230 1827 3297 c
1858 3221 2072 3292 supra).

1930 3313 2181 3378 Maacha,
2211 3312 2360 3383 regio
2394 3312 2536 3383 regis
2566 3312 2761 3368 CeSur.

1927 3407 2161 3462 Modeim
2201 3408 2246 3472 ⁸,
2275 3409 2428 3462 vicus
2464 3409 2616 3477 juxta
2653 3407 2972 3479 Diospolim,
3014 3411 3157 3467 unde
3216 3410 3444 3467 fuerunt

1857 3498 2185 3555 Macchabtei
2215 3517 2228 3553 :
2263 3514 2499 3569 quorum
2555 3499 2830 3569 hodieque
2883 3501 3047 3571 25o
3097 3502 3297 3556 ibidem
3344 3516 3437 3556 se—

1857 3593 2044 3662 pulcra
2078 3601 2453 3647 monstrantur
2490 3608 2504 3657 ;
2538 3592 2673 3645 satis
2706 3592 2892 3661 itaque
2947 3592 3136 3658 miror,
3168 3594 3443 3663 quomodo

1855 3686 2166 3742 Antiochiae
2198 3701 2387 3740 eorum
2414 3685 2676 3755 reliquias
2707 3686 3028 3751 ostendunt,
3050 3698 3142 3743 aut
3192 3702 3303 3758 quo
3331 3686 3437 3743 hoc

1855 3787 2007 3833 certo
2031 3790 2255 3832 auctore
2279 3780 2351 3832 sit
2369 3778 2659 3832 creditum.

1923 3867 2140 3922 Mabsar
2180 3866 2305 3937 Tyri
2334 3883 2347 3921 :
2380 3883 2479 3937 pro
2511 3882 2620 3937 quo
2652 3867 2847 3939 Aquila
2875 3877 2931 3923 et
2963 3866 3327 3941 Symmachus
3358 3868 3443 3923 in-

1857 3969 2231 4030 terpretantur
2259 3962 2528 4014 munitam
2560 3960 2786 4031 Tyrum.

1930 4049 2146 4118 Magau,
2178 4049 2310 4103 urbs
2348 4065 2510 4117 quam
2542 4051 2833 4107 aediﬁcavit
2869 4051 3151 4108 Salomon.

1924 4138 2171 4195 Meebvr:
2214 4155 2313 4209 pro
2377 4156 2487 4209 quo
2518 4142 2709 4210 Aquila
2745 4143 3023 4197 transtulit
3072 4143 3183 4196 ἀπὸ
3219 4143 3439 4213 πέρανε

1852 4231 2234 4302 Symmachus,
2261 4230 2590 4297 ἐξεναντίας,
2617 4233 2666 4287 id
2690 4242 2794 4298 est,
2820 4244 2969 4288 trans
3024 4235 3108 4288 vel
3133 4236 3198 4288 de
3223 4244 3436 4290 contra.

1924 4323 2127 4387 Maces,
2165 4325 2298 4378 urbs
2333 4324 2496 4379 unius
2528 4325 2833 4395 principum
2868 4327 3201 4385 Salomonis.

1923 4415 2109 4478 Melle,
2153 4415 2349 4470 civitas
2383 4432 2545 4485 quam
2574 4417 2866 4471 aediﬁcavit
2927 4419 3208 4475 Salomon.
3243 4423 3439 4493 (Porro

1854 4509 2219 4581 Symmachus
2248 4518 2302 4563 et
2334 4508 2661 4575 Theodetio,
2710 4510 3153 4580 adimpletioncm
3195 4524 3437 4571 transtu-

1776 4585 1828 4645 D
1853 4602 2037 4657 lerunt
2058 4601 2100 4656 ⁸.
2136 4601 2197 4653 Et
2227 4603 2294 4655 de
2328 4602 2427 4654 hac
2459 4601 2512 4654 in
2554 4601 2708 4657 libris
2760 4602 3143 4659 Hebraicarum
3177 4606 3438 4671 Quwstio-

1858 4710 1982 4747 num
2013 4692 2227 4763 plenius
2264 4693 2505 4761 dicitur).

1927 4785 2194 4848 Maedam,
2223 4785 2415 4838 civitas
2450 4801 2611 4853 quam
2644 4786 2938 4841 aediﬁcavit
2972 4786 3264 4846 Salomon.

1927 4875 2215 4944 Memphis,
2252 4874 2448 4929 civitas
2491 4873 2739 4946 Egypti,
2777 4877 2938 4947 cujus
2990 4877 3151 4947 Osee,
3192 4893 3247 4935 et
3298 4884 3435 4939 Eze-

1857 5034 2221 5105 Hieronymus
2249 5034 2457 5105 tribuit,
2488 5033 2756 5089 Eusebius
2786 5035 3039 5091 ltlanassi.

1927 5106 1946 5136 ³
1978 5104 2033 5158 ln
2066 5104 2248 5158 inen'e
2298 5104 2457 5159 facile
2489 5106 2738 5158 habuerit
2772 5105 3139 5178 Hieronymus
3166 5110 3438 5168 Mathatiae

1861 5185 2133 5243 posteros.
2164 5190 2394 5241 quorum
2441 5186 2589 5229 certa
2637 5177 2887 5242 sepulcra
2924 5177 3082 5231 erant
3138 5180 3191 5233 in
3223 5182 3429 5239 Modin.

1856 5247 1962 5301 Sed
2025 5259 2257 5313 quorum
2305 5245 2544 5321 reliquiae
2594 5246 2899 5321 Antiochiae
2949 5252 3429 5321 monstrabantur,

1854 5329 2062 5392 septem
2096 5314 2920 5392 erantcelebratissimifratres
2948 5318 3297 5392 hlarecltabaai,
3334 5314 3427 5392 qui

1853 5388 1944 5440 alii
1978 5386 2139 5453 plane
2168 5394 2297 5438 sunt
2323 5400 2354 5438 a
2406 5388 2644 5454 posteris
2673 5387 2966 5442 Mathatiw.
3002 5389 3124 5443 Illos
3159 5408 3289 5446 vero
3316 5386 3431 5448 A'n-

1854 5456 2706 5532 t‘oclti:2__nta_rtyriuttt__subiisse
2740 5459 2916 5532 _(ltce_t
2945 5457 3217 5529 Josephus
3247 5465 3429 5532 Antiq.

1853 5543 1948 5589 xu,
1981 5535 2035 5602 et
2057 5525 2371 5602 _|_ibcllo___de
2426 5525 2807 5602 Macchabajis,
2864 5525 3166 5602 Cedrenus,
3225 5525 3430 5602 aliique

1853 5596 2012 5659 pauci
2038 5596 2221 5650 dicant
2251 5595 2661 5665 Hierosolymis)
2706 5597 3092 5668 Martyt‘ologia
3121 5617 3183 5655 ac
3208 5595 3424 5657 veteres

1853 5669 2055 5736 passim
2089 5676 2347 5739 auctores
2400 5676 2638 5739 tradunt.
2667 5738 2671 5739 ν
2703 5667 2941 5722 Sanetus
2986 5686 3203 5739 quoque
3236 5673 3427 5738 Augu-

1853 5738 2031 5809 stinus
2058 5751 2299 5789 sermon.
2334 5736 2405 5789 l)e
2438 5736 2816 5805 Macchabteis,
2848 5736 3427 5809 templum'Antiochiu

1853 5808 1956 5862 itlis
1985 5808 2296 5862 dedtcatum
2324 5816 2609 5861 memorat.

1926 5878 2284 5949 2'Symtuacht
2350 5879 2873 5949 tutcrpretationem,
2928 5895 3049 5949 quae
3112 5884 3301 5941 eadem
3362 5899 3428 5942 ac
