4188 7158
205 411 296 474 961
1127 412 1225 474 DE
1255 414 1434 474 SI'I‘U
1474 413 1568 473 ET
1604 411 1875 476 NOMIN.
1928 412 2084 478 LOC.
2131 416 2492 479 IIEISRAIC.

1805 526 1853 588 Δ

268 523 502 592 Nepsam
536 523 592 577 in
623 522 766 578 tribu
795 520 954 581 .Iuda.

265 615 556 681 ﬁaarailia,
611 616 662 669 in
702 618 846 671 tribu
904 616 1185 686 prraim,
1215 629 1271 674 et
1299 635 1442 674 nunc
1496 630 1582 675 est
1628 620 1770 675 Νεο-

198 708 312 762 rath
353 708 541 764 villula
605 707 942 772 Judaeorum,
979 712 1031 765 in
1080 712 1277 781 quinto
1343 716 1600 772 milliario
1630 714 1773 770 Jcri-

195 803 349 857 chus.

261 894 542 965 Naplieth,
568 897 620 952 in
654 899 794 954 tribu
833 900 1100 957 Manasse.

265 986 448 1043 Naalol
475 1026 492 1054 ,
553 991 605 1045 in
641 993 787 1048 tribu
839 993 1105 1061 Zabulon,
1158 997 1350 1053 civitas
1383 1008 1635 1068 separata
1671 997 1773 1054 Le-

192 1094 330 1135 vum.

263 1173 474 1242 Neccb,
515 1178 568 1233 in
601 1179 739 1233 tribu
769 1178 1143 1251 Nephtlialim.

656 1294 744 1349 DE
772 1296 978 1354 LIBBO
999 1298 1322 1357 JUDICUM.

258 1407 449 1471 Neela,
475 1410 544 1463 de
585 1410 683 1466 bac
702 1413 1037 1481 alienigenas
1062 1413 1308 1472 Zabulon
1337 1433 1445 1475 non
1478 1422 1641 1475 valuit
1669 1438 1771 1476 ex-

194 1501 422 1567 pellere.
459 1502 554 1556 Est
582 1504 850 1576 hodieque
888 1510 940 1560 in
993 1509 1213 1580 regione
1245 1509 1496 1569 Batanaaa
1559 1516 1771 1573 viculus

193 1594 419 1646 nnnﬁne
456 1592 628 1650 NeHa.

231 1685 446 1754 Nabbe,
483 1689 600 1744 sive
628 1690 838 1751 Nobba.
875 1695 943 1746 ad
1010 1710 1173 1763 quam
1230 1700 1472 1754 ascendit
1525 1700 1769 1766 Gedeon,

197 1769 327 1831 urbs
354 1780 739 1836 sacerdotibus
771 1793 1040 1853 separata,
1065 1802 1226 1856 quam
1286 1797 1476 1860 postea
1541 1792 1771 1863 legimus

196 1870 378 1926 Saulis
412 1871 596 1927 furore
629 1877 965 1934 subversam.

262 1960 489 2028 Nemra,
523 1965 714 2022 civitas
745 1969 914 2026 tribus
963 1972 1152 2029 Ruben
1183 1976 1235 2030 in
1268 1986 1406 2032 terra
1436 1977 1634 2033 Galaad
1671 1996 1687 2036 :
1718 1990 1772 2036 et

587 2247 676 2302 DE
717 2247 1100 2309 REGNORUM
1130 2251 1373 2309 LIBRIS.

268 2352 526 2421 Naviotb,
587 2359 741 2416 locus
794 2362 846 2416 in
881 2362 1072 2432 Rama,
1126 2366 1219 2422 ubi
1274 2369 1416 2424 sedit
1470 2368 1637 2426 David
1694 2370 1772 2439 (et

194 2445 260 2499 de
300 2448 406 2502 hoc
450 2449 503 2503 in
539 2451 694 2507 libris
750 2454 1133 2513 Hebraicarum
1205 2458 1569 2526 Quaestionum
1628 2462 1770 2518 dixi-

195 2539 358 2607 mus).

260 2633 514 2699 Naclion,
545 2652 668 2692 area
705 2637 923 2696 Nachon
965 2660 978 2698 :
1009 2659 1109 2713 pro
1141 2659 1247 2715 quo
1278 2644 1468 2716 Aquila
1501 2647 1774 2715 interpre-

194 2730 362 2788 tatur,
397 2742 520 2781 area
545 2742 870 2798 prteparata.

263 2816 540 2886 Nephatli,
569 2823 760 2878 civitas
791 2825 950 2880 unius
982 2827 1290 2898 principum
1333 2831 1658 2888 Salomonis.

262 2906 523 2979 Nerigei,
600 2925 656 2968 et
731 2916 873 2970 lianc
947 2929 1340 2977 exstruxerunt
1418 2925 1472 2979 in
1549 2925 1768 2994 regione

193 2993 380 3052 Iudaea
426 3000 777 3070 Samaritani,
828 3007 921 3074 qui
977 3009 1044 3064 de
1106 3009 1394 3082 Babylonia
1455 3025 1587 3069 sunt
1620 2993 1770 3084 ipro-

193 3087 340 3144 fecti.

263 3180 469 3245 Nezab,
523 3200 685 3254 quam
739 3189 1103 3248 condiderunt
1160 3195 1302 3251 Evzei
1361 3198 1411 3251 in
1480 3207 1620 3254 terra
1669 3200 1842 3283 ειη-ο

197 3278 332 3332 (Ima.

267 3375 564 3444 Nazareth,
605 3381 809 3437 idolum
841 3383 1208 3455 Assyriorum.

260 3464 424 3534 255
449 3466 744 3535 Nemcrim,
781 3474 938 3542 cujus
969 3476 1214 3530 meminit
1249 3475 1412 3532 Isaias
1455 3478 1508 3531 in
1561 3478 1773 3536 visione

197 3567 388 3610 eontra
419 3557 1002 3624 .\Ioab,etJeremias:
1044 3581 1192 3621 nunc
1249 3579 1428 3622 autem
1484 3578 1567 3625 est
1621 3571 1774 3626 vicus

201 3648 420 3701 nomine
476 3648 856 3708 Bennamarim
885 3655 952 3709 ad
1016 3660 1497 3726 septentrionalem
1559 3661 1771 3734 plagam

197 3735 300 3791 Zoa
309 3755 402 3794 ne.

264 3832 536 3899 Nebeoth,
574 3836 725 3908 regio
759 3839 823 3893 de
850 3854 954 3905 qua
987 3841 1180 3898 scribit
1217 3842 1400 3901 Isaias.

699 3951 786 4006 DE
844 3953 1270 4013 EVANGELIIS.

267 4059 540 4117 Nazareth
575 4080 588 4115 :
631 4065 775 4121 unde
808 4077 865 4122 et
891 4066 1156 4124 Dominus
1179 4081 1363 4126 noster
1387 4081 1550 4143 atque
1584 4075 1773 4131 Salva-

200 4165 282 4210 tor
317 4155 610 4212 Nazarzens
642 4168 866 4214 vocatus
904 4169 1026 4215 est:
1065 4163 1161 4216 sed
1189 4171 1361 4218 etnos
1381 4165 1526 4236 apud
1558 4175 1775 4226 veteres

196 4249 357 4316 quasi
405 4249 698 4317 opprobrio
759 4249 999 4306 Nazareni
1051 4252 1389 4320 dicebamur,
1439 4272 1575 4326 quos
1628 4275 1775 4315 nunc

196 4337 541 4394 Christianos
573 4351 786 4396 vocant.
827 4343 922 4396 Eat
952 4354 1130 4397 autem
1169 4360 1338 4415 usque
1398 4347 1555 4402 hodie
1587 4349 1638 4402 in
1669 4349 1773 4404 Ga-

199 4429 337 4482 lil.ea
373 4431 585 4486 vicnlus
620 4441 806 4486 contra
882 4433 1190 4504 Legionem,
1249 4438 1304 4491 in
1368 4441 1774 4509 quintodecimo

200 4522 320 4587 ejus
349 4523 608 4578 milliario
639 4527 704 4579 ad
737 4527 1057 4581 orientalem
1082 4527 1294 4600 plagam
1344 4531 1500 4600 juxta
1531 4544 1772 4589 montem

199 4611 419 4669 Tliabor
446 4617 691 4683 (nomine
718 4617 970 4691 Nazara).

269 4706 449 4770 Naim,
483 4711 823 4777 oppidulum,
863 4715 915 4767 in
946 4731 1054 4783 quo
1082 4715 1253 4770 ﬁlium
1309 4717 1485 4771 viduze
1542 4732 1572 4771 a
1626 4734 1778 4775 mor-

201 4801 309 4853 tuis
342 4800 607 4854 Dominus
636 4805 1013 4871 suscitavit,et
1045 4824 1215 4876 usque
1266 4808 1505 4864 hodiein
1533 4814 1780 4869 secundo

204 4892 461 4945 milliario
499 4889 717 4946 Tliabor
739 4897 941 4950 montis
972 4899 1303 4968 ostenditur,
1367 4912 1556 4958 contra
1611 4905 1781 4960 meri-

201 4983 344 5037 diem
372 4988 527 5054 juxta
553 4985 780 5043 rEiiilor.

803 5082 888 5136 DE
922 5083 1184 5140 GENESI.

276 5193 477 5262 Orecb,
514 5197 703 5250 civitas
738 5201 884 5268 regni
917 5198 1151 5255 Nemrod
1184 5201 1235 5254 in
1264 5201 1560 5274 Babylone.

273 5288 576 5354 Oolibama,
606 5289 794 5342 civitas
825 5291 1128 5360 principum
1164 5291 1356 5348 Edom.

277 5382 548 5443 Odollani,
577 5383 814 5436 diximus
845 5384 912 5437 de
948 5384 1052 5441 hoc
1074 5397 1127 5441 et
1158 5402 1346 5457 supra,
1374 5385 1531 5457 cujus
1589 5387 1781 5443 memi-

209 5475 360 5530 nitet
399 5474 588 5530 Isaias.

814 5593 901 5647 DE
925 5593 1181 5650 EXODO.

276 5704 514 5767 Ootbon,
555 5704 644 5758 ubi
669 5704 910 5758 secundo
931 5704 1021 5758 ﬁlii
1051 5705 1212 5761 Israel
1242 5707 1609 5762 castrametati
1631 5714 1780 5775 sunt,

210 5797 553 5866 egredientes
585 5795 653 5850 de
681 5796 909 5851 Soccoth
944 5797 1099 5868 juxta
1128 5798 1429 5867 desertum,
1458 5798 1676 5870 quando
1717 5800 1785 5858 de

211 5891 440 5964 [Egypto
476 5889 706 5963 proiecti
734 5899 880 5948 sunt.

1791 5959 1807 5982 δ
1897 5893 2062 5952 Assur

3350 420 3462 482 962

2381 530 2468 586 DE
2514 529 2712 586 LIBRU
2767 529 2955 591 JESU.

1946 641 2150 712 Ophcr,
2213 645 2353 701 banc-
2405 646 2548 716 cepit
2579 647 2756 713 Jesus,
2789 666 2913 722 rege
2945 649 3091 708 illius
3139 649 3452 706 interfecto.

1945 731 2084 799 Ooli,
2117 736 2311 789 civitas
2342 738 2396 790 in
2421 738 2563 792 tribu
2593 738 2749 792 Aser.

1955 822 2163 895 OpIu-a,
2187 831 2270 882 via
2301 830 2508 900 Opbra,
2534 832 2742 886 ducens
2767 831 2832 886 ad
2862 843 3052 887 terrain
3091 833 3238 890 Soal.

1880 917 2164 989 [lucusque
2205 941 2297 993 per
2329 924 2372 980 Ο
2400 928 2599 981 brevem
2633 928 2862 980 litteram
2897 926 3156 995 legimus:
3202 928 3322 983 ea'in
3365 941 3458 996 per

2206 1027 2483 1071 extensum
2519 1021 2757 1087 legamus
2798 1018 3132 1073 elementum.

2236 1130 2401 1202 258
2443 1132 2526 1185 DE
2568 1131 3100 1189 PENTATEUCIIO.

1944 1247 2046 1314 0n,
2083 1249 2210 1302 urbs
2236 1248 2287 1300 in
2312 1247 2563 1317 zEgypIo,
2590 1264 2708 1317 quae
2765 1249 3058 1320 Heliopolis
3089 1247 3274 1304 Grzcce
3327 1251 3456 1305 dici-

1882 1349 1994 1406 tur,
2042 1341 2092 1396 id
2127 1351 2209 1395 est
2242 1342 2433 1395 civitas
2464 1341 2616 1406 solis,
2674 1357 2832 1412 quam
2887 1343 3298 1398 aidiﬁcaverunt
3356 1344 3450 1397 lilii

1871 1433 2061 1497 Israel.
2092 1436 2235 1488 sicut
2283 1436 2634 1505 Septuaginta
2708 1437 3034 1505 interpretes
3090 1439 3449 1493 arbitrantur.

1879 1524 2134 1593 Alioquin
2165 1526 2218 1577 in
2253 1525 2535 1579 Hebraicis
2573 1526 2944 1581 voluminibus
2974 1542 3080 1580 non
3115 1528 3363 1585 habetur.
3388 1527 3455 1582 Et

1877 1629 2064 1672 recte:
2121 1619 2391 1688 siquidem
2464 1630 2756 1687 antequam
2835 1617 3006 1676 Jacob
3075 1619 3454 1691 ingrederetur

1878 1708 2197 1781 Egyptum.
2228 1721 2344 1764 erat
2372 1722 2642 1767 exstructa
2670 1713 2780 1780 jam
2816 1713 3031 1774 civitas,
3056 1729 3174 1782 qua:
3202 1725 3254 1768 et
3271 1727 3453 1768 sacer-

1877 1807 2055 1864 dotem
2078 1804 2270 1861 babuit
2305 1806 2596 1872 PcleIrcm,
2625 1815 2837 1876 patrem
2863 1807 3131 1860 Asenetb.

1804 1879 1848 1936 Β
1948 1899 2043 1969 Or,
2074 1915 2230 1955 mons
2271 1900 2322 1952 in
2364 1915 2470 1969 quo
2494 1911 2738 1954 mortuus
2769 1909 2855 1954 est
2908 1901 3108 1963 Aaron,
3168 1899 3321 1970 juxta
3375 1898 3452 1954 ci-

1877 1995 2099 2050 vitatem
2159 1992 2399 2058 Petram,
2433 1995 2524 2048 ubi
2588 2010 2758 2064 usque
2808 1994 2872 2047 ad
2932 2002 3255 2063 praesentem
3307 1992 3448 2046 diem

1949 2266 2151 2335 Oboth.
2186 2270 2242 2325 in
2280 2270 2501 2325 deserto
2537 2276 2713 2322 castra
2753 2268 2986 2324 filiorum
3013 2267 3200 2323 Israel.

2089 2383 2176 2440 DE
2213 2383 2376 2440 JESU
2416 2383 2502 2438 ET
2538 2381 2922 2439 REGNORUM
2983 2379 3230 2439 LIBRIS.

1945 2495 2074 2562 Osa,
2109 2498 2163 2552 in
2198 2499 2341 2552 tribu
2374 2499 2530 2552 Aser.

1941 2586 2128 2654 Oram,
2157 2589 2212 2642 in
2243 2590 2385 2644 tribu
2403 2589 2771 2658 Nephthalim.

1945 2681 2138 2752 Opbir.
2170 2683 2316 2737 unde
2341 2685 2483 2737 sicut
2514 2684 2571 2736 in
2609 2684 2924 2752 Regnorum
2988 2681 3143 2736 libris
3195 2680 3446 2751 legimus,

1873 2785 2066 2827 aurum
2101 2772 2428 2827 all‘erebatur
2467 2772 2773 2826 Salomoni.
2801 2771 2926 2827 Fuit
2957 2783 3137 2827 autem
3175 2786 3317 2826 unus
3381 2773 3449 2824 de

1873 2865 2108 2934 posteris
2139 2863 2336 2929 Ileber,
2374 2864 2592 2920 nomine
2627 2865 2822 2934 Opbir,
2855 2881 2918 2920 ex
2966 2865 3122 2934 cujus
3157 2865 3325 2934 stirpe
3359 2877 3449 2916 vc-

1874 2956 2094 3012 nientes
2153 2971 2181 3010 a
2240 2953 2404 3011 ﬂuvio
2468 2957 2750 3027 Cophene,
2811 2972 2982 3027 usque
3051 2957 3116 3010 ad
3169 2957 3444 3026 regionem

1877 3047 2062 3112 Indiae,
2097 3063 2215 3118 quae
2248 3058 2473 3104 vocatur
2503 3049 2709 3112 Hieria,
2743 3050 3038 3112 habitasse,
3078 3049 3246 3103 refert
3293 3045 3448 3101 Josea

1896 3141 2044 3207 thus,
2073 3157 2101 3195 a
2130 3157 2240 3212 quo
2268 3151 2402 3210 puto
2457 3151 2510 3197 et
2560 3142 2838 3212 regionem
2899 3142 3218 3197 vocabulum
3259 3156 3450 3197 conse-

1878 3242 2086 3290 cutam.

1949 3326 2055 3394 On,
2077 3328 2270 3382 civitas
2292 3327 2573 3395 Samariae,
2605 3344 2706 3398 pro
2735 3343 2839 3398 qua
2890 3327 2944 3380 in
2997 3326 3265 3382 Hebraico
3316 3325 3450 3381 scri-

1878 3431 2032 3492 ptum
2060 3427 2144 3476 est
2195 3435 2302 3472 aun
2367 3419 2516 3504 (τηις),
2571 3423 2714 3490 quod
2771 3428 2827 3474 et
2882 3418 3075 3489 Aquila
3107 3427 3161 3474 et
3205 3418 3452 3488 Symma-

1879 3512 2016 3568 chus
2043 3510 2502 3580 interpretantur,
2536 3511 2769 3579 inutile;
2802 3509 3164 3579 Tbeodotion,
3196 3509 3453 3580 iniquita-

1879 3613 2010 3664 tem.

1945 3700 2119 3763 cho.
2146 3698 2338 3755 civitas
2369 3696 2741 3754 sacerdotalis.

1951 3791 2237 3857 Oronaim,
2299 3790 2426 3845 urbs
2461 3788 2838 3855 Moabitarum,
2908 3788 3051 3844 sicut
3101 3785 3158 3842 in
3215 3784 3447 3842 Jeremia

1877 3883 2138 3957 scriptum
2160 3889 2262 3940 est.

2452 3975 2542 4032 DE
2611 3973 2882 4031 GENESI.

1953 4091 2158 4152 Puteus
2182 4092 2502 4166 juramenti,
2535 4108 2698 4163 quem
2731 4091 2868 4149 fodit
2919 4089 3213 4155 Abraham,
3249 4090 3302 4144 id
3351 4099 3455 4156 est,

1878 4184 2168 4253 Bersabee,
2204 4187 2259 4242 in
2294 4185 2516 4258 regione
2548 4184 2877 4240 Geraritica.
2921 4185 3166 4242 Diximus
3220 4184 3288 4239 de
3352 4183 3458 4239 hoc

1878 4287 1932 4337 et
1964 4293 2149 4348 supra.

1950 4371 2155 4430 Puteus
2183 4371 2438 4438 visionis,
2471 4370 2528 4425 in
2549 4369 2793 4438 deserto,
2826 4370 2969 4439 apud
3001 4384 3163 4441 quem
3190 4370 3456 4426 habitavit

1879 4467 2047 4523 Isaac.

1801 4577 1857 4640 ι)
1955 4557 2159 4638 Putcus
2226 4556 2438 4627 jndicii,
2518 4570 2690 4625 usque
2771 4556 2825 4610 in
2905 4563 3231 4625 prasentem
3308 4553 3452 4610 diem

1881 4650 1937 4707 in
1963 4650 2185 4720 regione
2217 4649 2541 4704 Geraritica.
2591 4647 2823 4703 Vocatur
2874 4655 3053 4702 autem
3119 4646 3282 4716 259
3331 4648 3454 4702 villa

1878 4742 2102 4800 nomine
2138 4741 2348 4799 Berdan
2389 4740 2558 4810 (quod
2615 4739 2811 4795 Latine
2877 4737 3082 4792 dicitur
3112 4737 3317 4794 Puteus
3366 4738 3457 4808 ju-

1876 4835 2052 4903 dicii).

1950 4923 2156 4982 Puteus
2187 4925 2507 4996 juramenti,
2549 4923 2641 4978 ubi
2676 4923 3004 4992 iuraverunt
3033 4921 3186 4977 Isaac
3218 4930 3272 4977 et
3327 4922 3455 4978 Abi-

1887 5016 2118 5082 melech,
2154 5028 2487 5086 vocaturque
2519 5014 2776 5085 oppidum
2813 5013 2981 5070 Isaac.
3020 5012 3157 5068 Sunt
3192 5024 3369 5069 autem
3401 5026 3458 5071 et

1886 5110 1978 5168 alii
2000 5110 2185 5182 plures
2209 5110 2355 5180 putei
2391 5111 2441 5163 in
2471 5111 2679 5164 sanctis
2704 5107 3022 5176 Scripturis,
3058 5109 3148 5177 qui
3185 5108 3457 5178 hodieque

1885 5203 1944 5260 in
1973 5201 2272 5258 Geraritica
2328 5203 2546 5273 regione
2576 5209 2629 5254 et
2664 5199 2815 5267 juxta
2846 5199 3166 5253 Ascalonem
3225 5201 3456 5258 demon-

1886 5305 2153 5352 urantur.

1960 5382 2143 5449 Petra,
2173 5385 2369 5440 civitas
2414 5383 2627 5438 Arabia:
2655 5383 2708 5437 in
2769 5390 2910 5436 terra
2955 5380 3147 5445 Edom,
3189 5398 3306 5452 quae
3363 5401 3457 5440 co-

1890 5479 2210 5552 gnominata
2239 5491 2318 5532 ρει
2354 5477 2578 5539 Jectael,
2628 5487 2682 5530 et
2720 5490 2747 5528 a
2787 5472 2936 5544 Syris
2983 5472 3179 5528 Recem
3235 5475 3455 5534 dicitur.

2348 5682 2438 5738 DE
2462 5680 2998 5740 PENTATEUCIIO.

1967 5797 2241 5863 Roobotb,
2305 5797 2492 5852 civitas
2545 5800 2910 5867 Assyriorum,
2963 5813 3124 5867 quam
3176 5797 3460 5853 aediﬁcavit

2172 5891 2458 5962 egrediens
2505 5890 2572 5946 de
2628 5901 2770 5947 terra
2838 5891 3081 5948 Senuaar
3142 5889 3216 5961 (et
3264 5889 3331 5948 de
3360 5888 3460 5945 hac
