4188 7180
717 436 823 498 963

1873 425 1936 486 S.
1971 420 2285 484 EUSEBII
2330 415 2773 480 HIERONYMI

3849 410 3960 474 964

698 556 753 608 in
817 549 966 603 libris
1003 544 1387 600 IIem-uicorum
1437 539 1800 607 Qucstiouum
1836 539 1849 569 '
1888 539 2101 610 plenius
2125 537 2261 591 dixi-
2296 540 2339 599 Α
2446 534 2622 599 Roob,
2663 534 2716 587 in
2746 531 2889 587 tribu
2922 531 3079 595 Aser.
3118 529 3311 587 civitas
3337 537 3593 602 separata
3623 531 3850 587 Levitis.

699 660 869 700 IIIIISI.

775 660 819 698 is
855 683 869 698 .

771 643 1042 795 Blolvotll,
1079 730 1205 784 urbs
1241 727 1344 782 alia
1371 727 1522 798 juxta
1555 724 1778 780 ﬂuvium
1841 720 1929 775 ubi
1998 731 2117 775 erat
2178 737 2272 774 res

703 831 977 892 lidom,et
1030 839 1200 892 usque
1235 822 1395 876 hodie
1429 831 1510 874 est
1564 815 1876 890 praesidium
1938 813 1992 867 in
2056 811 2275 881 regione

702 920 973 976 Gabalena
1015 920 1090 983 (et
1115 915 1267 968 vicus
1300 911 1522 984 grandis
1556 911 1645 980 qui
1683 907 1786 962 hoc
1818 905 2086 960 vocabulo
2131 920 2272 956 nun-

705 1019 975 1084 rupntur).

779 1110 1060 1169 Itaniesse,
1091 1107 1222 1160 urbs
1280 1113 1441 1170 quam
1500 1095 1913 1151 tedilicaverunt
1967 1090 2062 1146 lilii
2112 1089 2276 1143 Israel

704 1203 757 1254 in
792 1199 1032 1270 Egypto
1064 1214 1075 1248 :
1114 1197 1240 1250 olim
1262 1205 1442 1246 autem
1477 1199 1531 1244 et
1567 1188 1820 1242 universa
1856 1170 2130 1256 provincia
2197 1182 2276 1235 sic

704 1295 1020 1359 vocabatur,
1046 1292 1100 1345 in
1126 1305 1231 1359 qua
1262 1284 1530 1342 habitavit
1559 1281 1724 1337 Iacob
1783 1296 1886 1334 una
1919 1292 2044 1332 eum
2084 1275 2278 1331 liberis

707 1386 840 1440 suis.

781 1478 954 1540 Roob,
1005 1493 1164 1547 quam
1242 1471 1578 1529 transierunt
1627 1465 2028 1537 exploratores,
2075 1463 2166 1534 qui
2211 1461 2280 1517 ab

705 1570 835 1626 Jesu
872 1570 982 1624 lilio
1005 1567 1150 1621 Nave
1181 1568 1201 1598 ¹
1233 1565 1383 1619 missi
1416 1570 1563 1626 sunt,
1603 1569 1656 1614 et
1694 1575 1868 1628 usque
1908 1557 2076 1612 hodie
2127 1555 2281 1608 vicus

710 1663 969 1717 Roobaiu
995 1668 1189 1730 quarto
1237 1657 1415 1726 lapide
1447 1653 1843 1725 Scythopoleos
1897 1649 1977 1706 sic
2030 1656 2281 1710 vocatur,

707 1756 798 1825 qui
832 1762 884 1808 et
914 1753 1114 1806 Levitis
1144 1760 1426 1820 separatus
1451 1748 1576 1806 fuit.

785 1847 1060 1916 Raphaca,
1098 1845 1150 1897 in
1177 1843 1390 1898 deserto
1417 1842 1506 1897 ubi
1539 1841 1634 1895 ﬁlii
1693 1839 1861 1896 Israel
1907 1837 2280 1894 castrametati

711 1953 862 1994 sunt.

791 2027 1101 2098 llaphidim,
1138 2026 1290 2081 locus
1318 2025 1368 2078 in
1420 1995 1634 2079 deserto
1663 2023 1816 2092 juxta
1859 2029 2096 2075 montem
2144 2020 2286 2075 Cho-

711 2123 828 2184 reb,
865 2122 916 2172 in
943 2136 1051 2188 quo
1070 2119 1305 2187 de'petra
1332 2116 1540 2171 ﬂuxere
1562 2130 1735 2185 aquae,
1759 2113 2288 2182 cognominatusque

708 2225 791 2270 est
821 2213 1074 2269 Tentatio
1110 2229 1123 2265 :
1162 2213 1250 2266 ubi
1281 2221 1334 2266 et
1395 2209 1556 2265 Jesus
1589 2211 1851 2265 adversus
1880 2207 2102 2263 Amalec
2129 2207 2288 2262 dimi-

710 2316 798 2364 Cat
829 2322 996 2376 prope
1031 2305 1264 2359 Pharan.

780 2399 1014 2454 Rathma
1046 2398 1123 2468 (in
1158 2395 1422 2465 deserto),
1458 2403 1637 2450 castra
1669 2392 1902 2447 filiorum
1931 2392 2127 2446 Israel.

783 2490 1053 2546 Remmon
1109 2489 1347 2553 Phares,
1406 2487 1499 2541 ubi
1555 2484 1649 2540 lilii
1695 2484 1858 2539 Israel
1913 2479 2284 2538 castrametati

714 2593 865 2639 sunt.

790 2676 981 2739 Ressa,
1011 2683 1188 2729 castra
1223 2673 1459 2727 ﬁliorum
1497 2668 1690 2723 Israel.

786 2766 1099 2829 Rammoth,
1134 2764 1186 2818 in
1222 2765 1366 2817 tribu
1394 2761 1529 2825 Gad,
1589 2760 1781 2814 civitas
1835 2757 2190 2814 sacerdotalis
2235 2768 2291 2813 et

717 2860 1067 2930 fugitivorum
1103 2859 1158 2912 in
1212 2865 1353 2911 terra
1389 2853 1746 2910 Galaaditide.
1781 2853 1940 2908 Nunc
1969 2862 2152 2907 autem
2207 2862 2290 2907 est

715 2953 868 3005 vicus
893 2953 944 3004 in
964 2953 1158 3020 quinto
1185 2949 1345 3020 262
1375 2948 1589 3003 decimo
1614 2948 1872 3002 milliario
1901 2946 2291 3016 Philadelphia:

716 3055 910 3099 contra
945 3044 1225 3097 Orientem
1249 3044 1290 3095 ³.
1505 3026 1508 3029 ’

785 3135 1006 3201 Recom,
1044 3135 1161 3189 haec
1193 3143 1275 3188 est
1304 3133 1460 3187 Petra
1495 3134 1688 3186 civitas
1717 3131 1952 3195 Arabiae,
1987 3129 2039 3183 in
2073 3143 2178 3198 qua
2205 3142 2292 3182 re-

2448 632 2638 691 Rama.
2673 630 2724 684 in
2757 629 2902 685 tribu
2924 629 3080 695 Aser,
3103 641 3274 697 us'jue
3298 626 3364 682 ad
3389 626 3664 682 civitatem
3689 628 3959 683 munitam

2379 725 2692 794 Tyriorum.

2455 815 2621 869 Rama
2652 813 2704 867 in
2743 811 2886 867 tribu
2914 812 3245 884 Nephtalim.

2385 909 2591 963 Idcirco
2643 907 2828 962 eadem
2894 908 3109 961 nomina
3176 906 3466 961 siculorum
3521 907 3761 962 tribubus
3801 905 3964 960 rariis

2381 1004 2744 1072 assignantur,
2775 1002 2900 1072 quia
2939 1019 3056 1055 cum
3077 1003 3220 1070 apud
3256 1017 3348 1056 nos
3384 1017 3548 1055 unum
3585 1017 3771 1054 nomen
3805 1016 3964 1053 sona-

2382 1113 2436 1150 re
2465 1096 2767 1159 videantur,
2820 1094 2963 1164 apud
3015 1093 3265 1150 Hebreos
3328 1094 3544 1149 diversis
3587 1093 3786 1162 scripta
3840 1100 3967 1145 sunt

2385 1188 2600 1242 litteris.

2446 1279 2708 1346 Reccath,
2743 1279 2798 1334 in
2834 1280 2977 1335 tribu
3019 1277 3367 1350 Nephthalim

2456 1376 2630 1430 Ruina
2653 1389 2772 1446 quae
2808 1384 2861 1430 et
2888 1374 3040 1441 Aria,
3070 1375 3162 1431 ubi
3189 1377 3332 1433 sedit
3367 1373 3705 1438 Abimelecb,
3730 1373 3874 1428 sicut
3907 1370 3966 1426 in

2384 1471 2524 1525 libro
2555 1469 2808 1526 Iudicum
2864 1469 2963 1537 (ιι.
2994 1466 3084 1537 ll)
3110 1470 3371 1539 scriptum
3408 1477 3509 1527 est.
3549 1480 3667 1534 qua:
3695 1479 3844 1518 nunc
3870 1478 3970 1531 ap-

2386 1563 2624 1632 pellatur
2651 1561 2937 1631 Remphis.
2975 1558 3063 1615 Est
3089 1570 3268 1614 autem
3303 1561 3356 1614 in
3399 1558 3600 1614 ﬁnibus
3626 1553 3967 1626 Diospoleos.

2384 1662 2438 1708 et
2461 1670 2487 1706 a
2521 1653 2794 1722 plerisque
2816 1652 3148 1707 Arimathma
3179 1667 3325 1707 nunc
3357 1653 3576 1707 dicitur.

2781 1764 2870 1819 DE
2919 1764 3305 1821 REGNORUM
3338 1763 3581 1821 LIBRIS.

2314 1901 2362 1963 Β
2463 1873 2772 1942 Remmath,
2806 1877 2872 1930 ad
2905 1892 3067 1945 quam
3090 1875 3262 1932 David
3297 1878 3492 1948 praedm
3519 1886 3726 1944 partem
3762 1874 3934 1929 misit.

2461 1967 2686 2035 Rachel,
2721 1979 2771 2024 et
2817 1971 2885 2026 ad
2917 1971 3054 2026 hanc
3085 1969 3250 2026 David
3296 1971 3596 2041 spoliorum
3623 1977 3834 2039 partem
3864 1968 3968 2021 mi-

2460 2152 2752 2207 Remmoth
2795 2151 3018 2216 Galaad,
3072 2151 3202 2205 villa
3255 2162 3405 2207 trans
3462 2151 3761 2209 Iordanem
3820 2155 3974 2225 juxta

2390 2244 2615 2300 ﬂuvium
2653 2243 2843 2298 Jaboc.
2883 2243 3131 2299 Diximus
3156 2245 3224 2300 de
3251 2247 3353 2301 hac
3394 2256 3449 2301 et
3479 2261 3662 2316 supra.

2467 2336 2625 2408 263
2661 2335 2937 2398 Rabbath,
2971 2337 3163 2390 civitas
3197 2337 3346 2407 regni
3383 2339 3635 2402 Ammon,
3664 2353 3815 2396 nunc
3846 2337 3979 2393 Phi-

2395 2431 2689 2501 ladelphia,
2718 2429 2875 2499 cujus
2911 2426 3470 2485 meminitJeremias.

2466 2539 2634 2604 Boos,
2668 2555 2828 2610 quam
2852 2540 3207 2609 pertransivit
3245 2541 3412 2596 David
3457 2559 3471 2599 ;
3504 2558 3602 2612 pro
3629 2559 3741 2614 quo
3781 2543 3976 2614 Aquila

2392 2644 2446 2690 et
2481 2634 2844 2705 Symmachus
2869 2637 3323 2706 interpretantur,
3354 2653 3564 2694 arcem.

2467 2726 2754 2796 Rogellim,
2789 2729 2930 2783 unde
2962 2728 3063 2782 fuit
3096 2728 3359 2785 Berzellai
3400 2729 3710 2786 Galaadites
3745 2730 3981 2800 (amicus

2399 2821 2612 2888 David).

2467 2937 2759 3007 Raphaim,
2788 2939 2944 2994 vallis
2977 2939 3392 3012 Allophylorum
3453 2941 3517 2996 ad
3575 2943 3982 3012 septentriona-

2402 3030 2506 3084 lem
2531 3031 2738 3100 plagam
2773 3031 3100 3087 Jerusalem.

2468 3122 2791 3187 Itemmam,
2854 3123 3049 3179 civitas
3113 3140 3296 3196 regum
3350 3123 3518 3196 Syria:
3571 3125 3722 3194 juxta
3784 3126 3981 3182 Dama-

719 3227 904 3297 gnavit
927 3225 1122 3279 Recem
1160 3225 1199 3286 δ,
1226 3241 1386 3292 quem
1421 3227 1823 3278 interfecerunt
1849 3222 1940 3277 lilii
1969 3221 2158 3277 Israel.
2197 3220 2290 3274 Dio
2319 3242 2363 3303 ο
2397 3230 2572 3270 senm.

720 3322 864 3374 citur
891 3317 1006 3387 ipse
1039 3332 1135 3371 rex
1168 3332 1382 3386 quoque
1414 3314 1654 3369 Madiau.

1223 3453 1311 3507 DE
1361 3451 1564 3507 LIBRO
1615 3449 1804 3508 JESU.

799 3592 1084 3657 Remmon,
1128 3591 1180 3644 in
1215 3590 1358 3643 tribu
1407 3588 1702 3652 Simeonis,
1765 3585 1852 3640 vel
1907 3582 2060 3640 Iuda
2116 3601 2131 3639 :
2199 3583 2299 3638 ho-

724 3689 920 3754 dieque
951 3694 1032 3738 εει
1063 3684 1218 3736 vicus
1289 3679 1513 3734 nomine
1541 3677 1832 3740 Remmon,
1896 3677 2051 3745 juxta
2100 3672 2299 3730 [Eliam

727 3788 919 3832 contra
979 3775 1305 3844 Aquilonem
1363 3775 1416 3827 in
1474 3773 1667 3844 quinto
1724 3769 1938 3824 decimo
2002 3768 2122 3839 ejus
2173 3768 2301 3822 mil-

731 3870 906 3924 Iiario.

801 3963 986 4034 Rogo],
1021 3976 1217 4015 nomen
1247 3959 1412 4014 fontis
1435 3958 1491 4013 in
1527 3958 1668 4014 tribu
1706 3955 2014 4028 Benjamin.

802 4056 988 4115 Ruina,
1026 4055 1076 4105 in
1118 4052 1257 4104 tribu
1286 4051 1566 4120 Benjamin
1593 4051 1787 4103 civitas
1820 4047 2005 4102 Saulis
2059 4045 2112 4099 in
2142 4053 2300 4099 sexto

730 4145 983 4202 niilliario
1016 4145 1082 4199 ab
1123 4142 1264 4198 IElia
1300 4143 1365 4197 ad
1395 4142 1876 4212 septentrionalem
1919 4139 2130 4209 plagam
2165 4151 2301 4191 con-

736 4252 819 4294 tra
866 4239 1074 4292 Bethel.
1113 4237 1358 4291 Meminit
1387 4235 1550 4305 hujus
1573 4244 1628 4289 et
1658 4232 1947 4288 Jeremias.

808 4334 1029 4394 necem,
1068 4330 1120 4383 in
1158 4329 1301 4383 tribu
1331 4327 1642 4395 Benjamin.

807 4424 1092 4485 Itemmon.
1130 4429 1279 4491 petra
1339 4419 1641 4484 Itemmou,
1714 4419 1766 4472 in
1829 4417 1984 4473 tribu,
2023 4416 2306 4489 Symeonis

731 4520 848 4573 sive
873 4515 1137 4570 Zabulon.

805 4607 1075 4667 Rabboth.
1133 4608 1187 4660 iu
1237 4606 1381 4659 tribu
1440 4605 1688 4658 Issachar

733 4703 837 4755 alia
867 4699 991 4754 villa
1021 4697 1212 4751 Bebbo
1243 4695 1295 4748 iu
1322 4693 1517 4748 ﬁnibus
1548 4689 2033 4761 Eleutheropoleos
2076 4687 2140 4742 ad
2172 4685 2303 4740 solis

732 4808 931 4850 ortum.

806 4886 1060 4948 licthom,
1103 4882 1155 4936 in
1191 4879 1331 4935 tribu
1369 4877 1633 4932 lssachar.

827 5042 844 5072 ¹
910 5037 973 5092 In
1050 5037 1198 5090 libris
1273 5032 1661 5087 Hebraicarum
1733 5028 2112 5091 Quintianum.
2169 5024 2305 5081 Vide

736 5117 1137 5177 consequenter
1166 5105 1505 5170 Quwstiones
1557 5100 1850 5154 Hebraicas
1909 5099 1960 5151 in
2020 5097 2301 5152 Genesitu.

740 5184 1015 5235 Maurus.

825 5255 843 5281 ²
869 5251 970 5314 Qui
1003 5247 1064 5299 ab
1090 5244 1211 5298 Jesu
1247 5243 1358 5308 filio
1399 5241 1556 5314 Naue.
1583 5237 2188 5314 Memorimlapsushic
2222 5237 2305 5290 vi-

738 5307 928 5385 detur;
957 5318 1058 5370 nisi
1093 5307 1459 5385 exscr’iptores
1493 5310 1672 5385 Latini
1695 5311 1976 5376 posuerint
2033 5308 2097 5360 ab
2155 5307 2303 5371 Iesu,

740 5409 837 5461 pro
873 5380 937 5442 eo
959 5386 1108 5461 quod
1147 5395 1251 5445 est,
1278 5399 1392 5461 cum
1424 5380 1572 5461 Jesu.
1611 5380 1831 5461 cerium
1868 5393 2101 5461 namque
2131 5387 2307 5461 exstat

748 5448 920 5513 llobob
959 5448 1119 5509 Num.
1153 5469 1272 5514 xm,
1305 5452 1394 5515 22,
1433 5453 1628 5503 aditam
1659 5449 1825 5502 fuisse
1882 5449 1950 5500 ab
1983 5448 2086 5500 illis
2124 5449 2306 5515 explo-

744 5532 1036 5590 ruturihus,
1070 5527 1213 5592 quia
1253 5525 1395 5575 ltlose
1431 5520 1584 5592 missi
1619 5519 1856 5592 fuerant,
1887 5531 2119 5585 qucrum
2144 5525 2307 5572 etiam

741 5601 907 5654 Josue
941 5589 1531 5663 estrtlorntorum,unus
1561 5589 1688 5663 luit._
1717 5590 1985 5663 illustrius.

809 5658 1222 5719 -Ειιηδιιόειιιιιὶ
1250 5680 1309 5716 ex
1341 5661 1572 5714 Eusebio
1591 5659 1751 5712 codd.
1790 5658 2220 5727 Hieronymi-ani,
2253 5668 2310 5710 ut

743 5748 887 5792 rertc
923 5738 1193 5790 Victorius
1225 5742 1278 5787 et
1300 5732 1545 5784 Martian.
1577 5730 1846 5797 judicaut,
1883 5728 2306 5795 legendumque.

744 5812 964 5874 quicum
994 5807 1138 5867 Jesu,
1175 5806 1223 5856 oi
1253 5804 1389 5870 μετὰ
1414 5799 1610 5867 Ἰησοῦ.
1639 5798 1790 5874 __lpse
1838 5797 2001 5874 Jostte
2048 5815 2189 5874 unus
2242 5815 2306 5850 cx

747 5869 1296 5946 illzsesplot'atoribus
1331 5874 1448 5938 luit,
1477 5885 1613 5940 quos
1637 5869 1811 5922 Moses
1845 5869 2119 5929 emiserat,
2151 5869 2306 5922 Nunt.

1746 4618 1759 4654 ε
1806 4611 1889 4656 est
1929 4616 2104 4669 usque
2134 4600 2298 4653 hodie
2333 4603 2376 4658 υ

2473 3310 2634 3377 Roth,
2663 3313 2800 3367 hanc
2831 3311 3108 3382 percussit
3139 3312 3244 3367 Asa
3281 3326 3399 3367 res.

2474 3423 2734 3488 Rothem,
2772 3439 2873 3492 pro
2905 3439 3013 3493 quo
3043 3424 3235 3490 Aquila
3267 3423 3654 3492 interpretatur
3689 3426 3986 3496 ἇρκευθςν,

2405 3511 2456 3565 id
2479 3522 2585 3576 est,
2611 3512 2923 3583 juniperum
2957 3529 2971 3568 :
3007 3511 3386 3583 Symmachus.
3417 3512 3818 3567 umbraculum.

2473 3603 2739 3658 Remmon
2766 3643 2780 3669 ,
2819 3604 2982 3673 hujus
3011 3603 3256 3658 meminit
3286 3603 3450 3656 Isaias
3477 3603 3529 3656 in
3563 3603 3774 3657 visione
3798 3613 3988 3658 contra

2403 3694 2583 3749 Moab.

2474 3809 2711 3876 Raseph.
2743 3808 2934 3862 civitas
2963 3807 3152 3877 Syriae.

2482 3900 2732 3967 Raphet,
2784 3901 2916 3954 urbs
2971 3902 3319 3969 Assyriorum
3365 3901 3417 3954 in
3451 3901 3669 3971 regione
3705 3901 3987 3968 Theman,

2406 3995 2474 4047 de
2505 4008 2612 4059 qua
2642 3994 2693 4045 iu
2721 3991 2852 4045 Isaia
2885 3991 3168 4046 scribitur.

2471 4082 2641 4135 Rebla
2670 4121 2686 4146 ,
2751 4083 2804 4135 in
2846 4089 2992 4135 terra
3045 4083 3238 4136 Emath
3271 4098 3286 4135 :
3318 4084 3465 4137 unde
3518 4082 3740 4151 (victor)
3777 4084 3990 4140 Pharao

2407 4174 2754 4244 (adductum)
2786 4173 2990 4229 Joacha
3031 4175 3309 4228 transtulit
3337 4175 3414 4244 (in
3445 4172 3789 4246 Egyptum).

2479 4287 2727 4348 Remma.
2753 4302 2907 4341 mons
2933 4288 2985 4340 in
3013 4287 3149 4341 Isaia
3181 4305 3196 4341 :
3233 4303 3330 4357 pro
3359 4303 3467 4357 quo
3496 4289 3687 4356 Aquila
3715 4290 3991 4356 interpre-

2410 4389 2574 4444 tatur,
2613 4395 2772 4433 mons
2810 4379 3116 4448 Emmona;
3176 4379 3558 4452 Symmachus,
3615 4383 3670 4436 in
3711 4386 3989 4440 Armenia.

2412 4473 2506 4526 Est
2532 4484 2582 4525 ct
2617 4473 2742 4525 villa
2795 4472 3059 4528 Remmus
3091 4475 3142 4528 in
3176 4474 3427 4529 Daroma.
3479 4474 3649 4530 Porro
3689 4476 3743 4530 in
3781 4477 3991 4548 Regno-

2412 4579 2532 4618 rum
2564 4564 2717 4618 libris
2750 4564 3032 4620 Remmam
3062 4609 3078 4633 ,
3133 4568 3326 4624 domus
3370 4567 3571 4623 dicitur
3611 4568 3744 4623 idoli
3803 4570 3993 4624 Dama-

2408 4669 2579 4708 SCCIII.

2485 4772 2770 4832 ltehlatha.
2827 4771 2976 4838 regio
3024 4771 3442 4843 Babyloniorum
3474 4765 3631 4844 '(sive
3662 4777 3798 4830 urbs
3828 4791 3987 4846 quam

2412 4881 2558 4919 nunc
2589 4866 2938 4920 Antiochiam
2974 4867 3216 4936 vocant).

2410 5040 2534 5085 sm.
2554 5026 2646 5079 22.

2495 5097 2517 5127 ⁸
2546 5096 2892 5169 illartianteus
2922 5097 2985 5169 ad
3009 5096 3490 5169 Hieronymianam
3522 5097 3818 5152 lectionem
3841 5101 3983 5169 exigi

2413 5165 2705 5223 Eusebium
2736 5166 2927 5233 jubet;
2965 5167 3171 5219 fallitur
3198 5165 3350 5228 vero,
3381 5181 3504 5219 nam
3539 5183 3569 5221 e
3597 5171 3878 5222 contrario
3906 5165 3983 5222 le-

2411 5235 2643 5308 gendum
2679 5245 2842 5304 atque
2871 5237 3270 5308 emendandum
3304 5236 3355 5288 in
3389 5235 3724 5308 Hieronymo
3783 5249 3865 5292 est
3918 5241 3982 5293 ad

2410 5303 2776 5376 Eusebianth
2810 5307 3085 5374 exemplar
3105 5312 3172 5358 ad
3201 5305 3550 5370 Occidentem,
3585 5303 3725 5376 ἱερὸς
3751 5307 3984 5374 δυσμάς.

2413 5375 2666 5442 Alioquin
2700 5373 2987 5430 Rammoth
3013 5387 3167 5430 extra
3203 5379 3338 5430 lines
3369 5386 3529 5430 terra
3561 5373 3882 5432 Israelitica:
3900 5396 3990 5433 ex-

2414 5446 2661 5506 stitisset,
2697 5459 2817 5509 qua:
2849 5446 2984 5499 ultra
3022 5445 3450 5515 Philadelphiam
3481 5446 3762 5502 Orientem
3797 5465 3988 5503 versus

2414 5531 2520 5567 non
2545 5516 2892 5569 tendebatur.

2499 5583 2521 5614 ‘
2553 5586 2768 5653 ltegin-e
2804 5601 2908 5638 ius.
2945 5584 3175 5640 Roacam
3205 5601 3225 5638 :
3263 5596 3450 5640 noster
3481 5583 3682 5639 Raram
3735 5589 3986 5655 prrefert.

2412 5655 2868 5721 quemadmodum
2889 5668 2944 5710 et
2980 5659 3231 5724 vulgares
3261 5655 3430 5710 Caeci
3466 5656 3587 5708 libri
3633 5657 3829 5711 'Poxiv
3852 5675 3867 5722 ;
3894 5659 3989 5712 sed

2424 5719 2627 5781 Ῥοκὸμ
2657 5726 2860 5778 habent
2890 5728 3284 5781 eastiaatiores.
3321 5725 3676 5781 Epiphanius.
3713 5729 3781 5781 de
3819 5730 3989 5781 haere-

2566 5747 2627 5792 JjJ
2658 5747 2860 5778 IIZIUCIII.
2890 5747 3284 5792 casugattores.
3321 5747 3676 5792 nplpltantus,
3713 5747 3781 5781 (lC
3820 5747 3990 5781 narre-

2427 5741 2627 5792 ‘roxou
2658 5741 2860 5778 nubent
2890 5741 3284 5797 casngauores.
3321 5741 3676 5794 nptpnamus.
3713 5741 3781 5781 ue
3820 5741 3989 5781 uxre-

2415 5796 2474 5868 sir
2502 5795 3013 5868 illelchisedechian.
3046 5799 3096 5848 οἱ
3131 5797 3229 5868 μὲν
3258 5799 3321 5864 τῇ
3352 5797 3586 5868 Ἀραὸίᾳ
3608 5801 3676 5868 τῇ
3706 5800 3989 5867 "sapa-Iun

2416 5866 2628 5934 Ῥοκόμ
2656 5883 2711 5918 τε
2746 5867 2839 5918 καὶ
2869 5865 3047 5935 Ἐδὼμ
3086 5867 3420 5932 κλλουμένῃ.
