4188 7096
774 504 884 565 975
1125 510 1129 515 ’
1956 502 2015 562 S.
2055 501 2363 562 EUSEBlt
2400 499 2839 561 lllEROXi’Ml
3948 498 4031 562 976

768 612 1096 670 Carmelius.
1148 612 1253 667 Sed
1311 620 1366 666 et
1396 626 1534 666 unus
1564 610 1631 667 de
1675 613 1911 683 posteris
1964 614 2133 669 Caleb
2167 615 2349 668 dictus
2380 621 2424 676 Α
2530 612 2659 675 Zeb,
2698 611 2894 668 civitas
2928 610 3184 675 Atnman,
3229 611 3500 683 hodieque
3543 612 3669 667 villa
3697 612 3793 668 Zia
3854 623 4025 667 osten-

770 719 854 764 est
883 707 1038 777 liph.
1078 707 1218 777 Lege
1246 705 1761 776 Paralipomenon“
1789 706 1978 761 Paret.
2010 724 2069 773 ll,
2114 708 2226 773 4‘2).
2461 704 2614 757 ditur
2646 707 2699 759 in
2725 706 3139 773 quintodecimo
3180 707 3359 775 lapide
3397 708 3816 778 Philadelphi-.e,
3865 719 4031 762 contra

842 801 1076 873 Zogeia,
1114 802 1164 854 in
1197 799 1435 854 Jeremia
1461 802 1653 855 civitas
1686 798 2046 855 Moabitarum
2083 815 2096 852 :
2130 800 2247 855 hzec
2266 810 2348 853 est
2460 796 2829 862 Occidentem,
2863 800 2931 854 de
2967 815 3073 870 qua
3105 800 3294 855 scribit
3326 799 3619 855 Jeretnias.

770 912 892 967 qua:
918 911 1059 950 nunc
1094 904 1319 949 vocatur
1346 895 1541 961 Zoara,
1575 898 1689 951 sive
1716 896 1907 968 Segor,
1943 911 2048 951 una
2082 896 2148 951 de
2191 896 2349 966 quin-
2533 894 2777 958 Zzicleth,
2819 910 3013 949 noinen
3042 897 3260 966 lapidis.
3299 898 3387 949 ubi
3450 898 3693 953 Adonias
3747 896 4031 952 immolavit

773 1005 880 1059 que
906 986 1217 1042 civitatibus
1245 986 1630 1042 Sodomorum.
2463 988 2715 1042 victimas
2739 988 2889 1057 juxta
2925 991 3131 1045 [uatem
3166 990 3336 1060 l‘togel
3376 992 3413 1044 ¹.

844 1173 863 1207 ⁸
894 1173 1237 1246 Snbncctunt
1279 1183 1489 1227 veteres
1523 1171 1766 1246 editores
1796 1171 2008 1246 Erasm.
2060 1187 2122 1227 ac
2169 1172 2343 1226 Victo-
2452 1173 2737 1246 stolarum,
2764 1190 2863 1246 non
2891 1191 2920 1225 (ι
2956 1174 3298 1243 Hieronymo,
3340 1180 3431 1230 sed
3464 1179 3525 1229 ab
3555 1176 3663 1229 alio
3692 1177 3925 1246 quodam
3956 1184 4025 1229 dc-

770 1246 889 1300 rius
916 1246 1156 1300 libellum
1199 1244 1451 1298 Locorum
1481 1260 1545 1298 ea:
1568 1244 1733 1309 Actis,
1772 1260 1935 1317 quem
1983 1245 2037 1297 in
2076 1245 2343 1317 Hieronyf
2450 1248 2669 1314 scripta.
2703 1245 2765 1298 Et
2801 1244 2957 1298 Beda.-
2988 1251 3236 1316 qniitem.
3271 1248 3322 1299 itt
3351 1250 3511 1313 cujus
3541 1244 3764 1317 quoque
3792 1256 4027 1316 copo-rita:-

774 1318 971 1389 tnianis
1019 1332 1240 1389 quoque
1302 1332 1431 1369 mss.
1479 1319 1677 1385 passim
1712 1312 1964 1370 invenire
1993 1326 2077 1368 est
2107 1317 2192 1368 hic
2238 1312 2342 1389 loci
2454 1312 2754 1382 invenitur,
2787 1312 3073 1389 ascribunt
3110 1318 3311 1371 eruditi
3344 1312 3467 1377 viri.
3515 1312 3607 1389 qui
3639 1312 3869 1388 dignum
3907 1323 4025 1372 lectu

773 1387 1570 1457 subiunctum;Hieronymum
1603 1398 1780 1440 tamen
1817 1399 2095 1439 anetorcm
2120 1400 2224 1437 non
2252 1385 2347 1438 ha.
2452 1404 2591 1455 opus
2647 1405 2770 1443 esse
2814 1386 3081 1455 judicant.
3160 1385 3545 1443 Martianieus'
3579 1385 3757 1443 totum
3824 1396 4026 1444 mnuum

774 1456 1295 1532 liere,ciitnpertum
1326 1456 1427 1511 est.
1462 1457 1516 1509 In
1552 1473 1655 1532 ms.
1689 1468 1876 1532 nostro
1900 1458 1977 1532 ita
2001 1456 2343 1532 inscribitur,
2453 1459 2644 1524 rejecit
2672 1477 2684 1512 :
2734 1475 2835 1532 nos
2863 1458 2918 1511 in
2952 1460 3180 1525 hujusce
3230 1459 3386 1515 Tomi
3437 1463 3765 1532 Appendice
3820 1466 3885 1517 ad
3914 1480 4026 1516 ωδε.

778 1527 1013 1582 Nomina
1045 1532 1334 1599 regionum,
1384 1540 1541 1597 atque
1563 1528 1797 1580 locorum
1826 1529 1888 1580 dc
1947 1526 2162 1580 Actibus
2207 1527 2347 1595 Αμοο
2454 1544 2677 1598 quoque
2703 1531 2922 1585 codices
2947 1533 3384 1587 recensebimus.

1265 1742 3987 1763 *m-m_m——_ﬂ

1265 1759 1692 1772 ——-——————I——
1716 1760 2189 1772 -—————————
2212 1764 2333 1774 ..ο-..ια
2351 1764 3987 1774 —————-—————————————_———_—-

1276 1914 1359 1973 IN
1394 1911 2018 1986 CONSEQUENTEM
2058 1907 2672 1970 GEOGRM’HICAM
2710 1905 3080 1969 TABULMI
3124 1909 3589 1972 I’ALIESTIN.£

2024 2081 2778 2175 ADMONITIO.

850 2476 1095 2534 Perlecto
1124 2469 1458 2543 Hieronymi,
1499 2466 1613 2521 sive
1642 2460 1857 2517 Eusebii
1890 2461 1955 2514 de
1985 2456 2289 2515 Palaestina:
2329 2458 2559 2513 urbibus
2594 2468 2649 2513 et
2684 2458 2818 2512 vicis
2850 2458 3012 2524 iibro,
3062 2460 3200 2517 nihil
3234 2462 3443 2527 utilius,
3480 2462 3727 2533 nihilque
3761 2464 3824 2518 ad
3855 2480 4028 2520 comm

778 2575 1016 2622 mentem
1050 2564 1221 2632 probe
1251 2556 1620 2616 retinendam,
1656 2556 2014 2621 tractumque
2047 2565 2108 2603 ex
2146 2550 2211 2602 iis
2236 2549 2481 2603 debitutn
2516 2548 2660 2603 lectu
2689 2548 3515 2617 percipiendum,necessarium
3540 2564 3623 2607 est
3657 2555 3848 2624 magis,
3873 2572 4020 2623 quam

778 2654 1144 2727 geographica
1187 2663 1378 2719 mappa
1412 2645 1580 2700 totius
1614 2652 1795 2703 terrm,
1833 2655 1992 2708 quam
2016 2638 2360 2700 describunt,
2398 2639 2537 2692 situs
2569 2650 2619 2693 et
2659 2638 2773 2692 loca
2806 2638 2871 2692 ad
2905 2654 2962 2692 se
2988 2640 3224 2692 invicem
3264 2656 3371 2694 uno
3405 2654 3705 2711 conspectu
3739 2660 4029 2711 ῐιρΓὲιξξςιιο

778 2726 1081 2811 caraquae
1131 2738 1302 2795 veluti
1334 2732 1728 2790 Cummenlarii
1770 2729 1940 2782 vicem
1988 2729 2256 2796 suppleat,
2308 2729 2414 2779 imo
2445 2726 2599 2791 cujus
2639 2741 2776 2796 ope,
2842 2727 2987 2796 quod
3031 2728 3256 2796 prolixis
3286 2726 3710 2786 Comment-argis
3754 2748 3893 2802 a-gre
3940 2734 4031 2785 ai-

776 2829 997 2885 tnodum
1021 2829 1293 2893 obtinens,
1330 2829 1688 2895 percurrente
1722 2817 1994 2887 picturam
2024 2815 2184 2870 oculo
2213 2815 2595 2886 ceiISequaris.

1833 2954 2053 3009 Segnius
2090 2953 2286 3001 irritant
2317 2951 2508 3000 animos
2535 2952 2745 3002 demissa
2772 2967 2858 3014 per
2882 2967 3049 3010 aures,

1832 3019 2119 3079 tjuamqme
2145 3019 2264 3079 sunt
2297 3014 2455 3061 OCIIlIS
2477 3014 2703 3077 subjecta
2740 3018 2991 3077 ﬁdelibus,
3022 3024 3073 3064 et
3096 3031 3205 3079 qua)

1829 3078 1935 3138 ipse
1958 3075 2050 3123 s;bt
2077 3076 2223 3125 tradit
2254 3084 2523 3138 spectator.

2604 3140 2811 3199 (Hann.
2841 3141 2901 3191 de
2926 3145 3040 3191 Arte
3073 3140 3259 3193 Poetic.
3290 3156 3330 3189 v.
3370 3143 3453 3192 180
3474 3150 3517 3195 ct
3552 3151 3717 3209 seqq.)

779 3315 981 3372 Verum
1007 3311 1050 3366 si
1079 3312 1142 3364 ad
1172 3309 1368 3362 horum
1422 3302 1581 3357 modo
1627 3300 1846 3354 Patrum
1875 3297 2206 3352 documenta
2232 3296 2491 3350 Tahnlam
2537 3299 2863 3354 adumbrare
2894 3308 3166 3369 oporteat,
3199 3299 3438 3368 solisque
3470 3315 3659 3356 eorum
3694 3302 3764 3355 sit
3793 3304 4031 3371 vestigiis

778 3401 1172 3463 insistendum,
1207 3395 1295 3450 vix
1327 3392 1771 3459 uniuscujusque
1797 3388 2037 3458 regionis
2066 3388 2290 3441 seursim
2324 3388 2523 3443 multas
2551 3387 2850 3450 describas,
2873 3405 3033 3442 unam
3058 3404 3179 3457 quae
3207 3389 3368 3443 simul
3404 3392 3713 3445 universam
3739 3393 3794 3444 ἐν
3820 3398 4029 3461 rupi;

775 3491 953 3561 τύπῳ,
992 3500 1051 3544 ιιι
1076 3485 1342 3541 Eusebius
1374 3481 1632 3551 loquitur,
1667 3478 2013 3532 Palaestinam
2036 3475 2310 3536 exhibeat,
2346 3491 2414 3530 ne
2440 3476 2528 3529 vix
2560 3478 2801 3546 quidem.
2846 3477 2975 3531 ham
3010 3478 3153 3545 (ιιιοά
3181 3479 3250 3532 cl.
3282 3477 3521 3532 Relando
3554 3480 3763 3548 pzidem
3787 3484 4034 3536 observa-

777 3596 892 3641 tnm
919 3592 1025 3645 est,
1062 3576 1355 3640 Eusebius,
1379 3574 1606 3641 eiusque
1640 3572 1919 3637 interpres
1949 3565 2333 3637 Hieronymus,
2360 3566 2413 3619 in
2454 3580 2779 3633 unaquaque
2804 3567 3027 3637 regione
3060 3580 3218 3619 terra:
3244 3566 3551 3620 lsraeliticm
3579 3570 3862 3622 intervalla
3888 3572 4029 3623 lucu-

778 3687 898 3725 rutn
932 3668 1000 3723 ab
1033 3667 1165 3721 urbe
1186 3665 1330 3718 illius
1365 3660 1604 3730 regionis
1634 3654 2194 3726 pra’cipuatleiiniunl
2220 3670 2233 3706 :
2258 3655 2432 3723 ipsam
2468 3657 2831 3721 verourhem,
2864 3673 2970 3725 quo
2996 3658 3120 3711 loco
3137 3660 3237 3712 sita
3268 3657 3355 3719 sit,
3386 3659 3569 3712 dicere
3590 3663 4024 3726 praetermittunt.

776 3757 1044 3826 Exemplo
1067 3755 1159 3817 sit,
1186 3751 1330 3822 quod
1361 3749 1426 3803 ah
1457 3746 1874 3814 Eleutheropoli
1907 3745 2211 3797 metiuntur
2241 3744 2362 3811 plus
2384 3758 2546 3810 quam
2572 3744 2757 3811 viginti
2786 3745 3032 3799 locorum
3063 3746 3251 3807 situm,
3281 3746 3395 3815 ipsa
3423 3763 3553 3800 vero
3577 3747 4027 3816 Eleuthempu'is.

781 3856 968 3918 utpote
1000 3859 1118 3912 qua:
1151 3846 1204 3896 in
1241 3837 1539 3908 Scripturis
1575 3850 1680 3889 non
1715 3842 2073 3896 memoratur,
2106 3846 2267 3901 quem
2304 3839 2539 3884 tractum
2578 3836 2828 3900 occepet,
2861 3849 3129 3899 nusquam
3162 3835 3383 3888 docent.
3422 3834 3564 3888 Idem
3586 3838 3652 3889 de
3673 3838 3900 3904 reliquis
3928 3838 4031 3889 irae

778 3938 1010 3992 urbibus
1041 3948 1143 3987 usu
1178 3930 1347 3995 venit,
1391 3942 1529 3997 quas
1560 3926 1612 3978 in
1639 3921 1848 3989 Iudaea,
1882 3938 1909 3975 a
1949 3920 2190 3989 Nicopoli
2229 3918 2613 3982 dimetiuntur,
2643 3925 2723 3972 vel
2757 3922 3033 3990 Diospoli:
3070 3923 3121 3974 in
3149 3922 3492 3985 Samaritide,
3528 3938 3557 3975 a
3593 3921 3817 3992 Neapoli
3846 3938 3897 3978 et
3934 3926 4031 3977 Se-

776 4027 971 4081 liaste:
1023 4023 1078 4076 in
1102 4019 1344 4077 Galil-.ea.
1370 4031 1398 4068 a
1432 4014 1773 4067 Dioc.esarea
1807 4020 1861 4065 et
1897 4010 2134 4077 chione
2163 4026 2175 4060 :
2209 4007 2446 4075 denique
2498 4018 2645 4061 trans
2674 4008 2989 4074 Jordanem,
3033 4025 3063 4062 a
3118 4010 3263 4063 Pella
3299 4022 3353 4063 et
3386 4010 3785 4080 Philadelphia.
3828 4015 3981 4075 Nom:
4008 4034 4031 4064 e

782 4121 1243 4180 supervacaneam
1280 4106 1560 4159 duxerunt
1587 4114 1712 4153 esse
1742 4113 1990 4167 operam,
2023 4097 2317 4168 primarias
2346 4111 2439 4149 eas
2472 4099 2657 4159 urbes,
2680 4097 2903 4166 suisque
2932 4098 3277 4166 temporibus
3301 4100 3458 4168 longe
3491 4101 4031 4167 tto:issitiias.qm:.u;

782 4204 1114 4257 haberentur
1150 4193 1441 4255 distantiis,
1471 4191 1777 4260 designare,
1800 4203 2001 4256 easque
2034 4188 2170 4241 adeo
2202 4186 2285 4240 vel
2314 4184 2540 4239 omnino
2570 4184 2936 4245 dissimulant,
2959 4186 3041 4239 vel
3066 4186 3253 4247 πόλεις
3285 4188 3609 4256 ἐπιοὴμους,
3632 4191 3787 4242 urbes
3818 4194 4031 4246 natiiis.

781 4287 985 4344 dixisse
1012 4283 1256 4340 contenti
1291 4292 1438 4335 sunt.
1465 4278 1617 4332 Nunc
1644 4292 1777 4331 vero
1812 4277 2030 4347 quando
2053 4274 2262 4329 nobiles
2283 4288 2405 4327 esse
2441 4272 2746 4337 desierunt,
2779 4273 2893 4327 suis
2923 4289 3169 4342 quasque
3199 4276 3378 4330 locare
3403 4276 3645 4339 sedibus,
3677 4280 3864 4334 habito
3888 4286 3951 4333 ad
3978 4303 4031 4333 se

781 4377 1016 4431 invicrm
1054 4382 1329 4442 respectu,
1363 4369 1407 4422 si
1435 4381 1624 4421 eorum
1656 4374 1866 4419 tantum
1904 4362 2123 4417 indiciis
2159 4362 2408 4424 nitimur,
2440 4377 2549 4414 non
2581 4374 2667 4416 est
2694 4363 3036 4431 expeditum.

851 4466 1096 4520 Alterum
1130 4460 1344 4514 accedit
1376 4458 1507 4511 huic
1558 4456 1699 4508 malo
1736 4452 2165 4517 incommodum,
2204 4450 2347 4519 quod
2380 4451 2737 4521 ipsarummet
2789 4454 3027 4518 urbium,
3062 4468 3198 4520 quas
3230 4469 3256 4506 a
3296 4458 3569 4524 prtecipua
3598 4460 4033 4529 uniuscujusque

780 4552 1025 4625 regionis
1048 4550 1284 4603 deducto
1317 4543 1610 4599 intervallo
1645 4540 2144 4605 Patrescollocant,
2169 4555 2273 4594 non
2300 4556 2469 4609 usque
2494 4541 2874 4611 adeodiligens
2904 4544 3112 4595 notatio
3137 4544 3205 4596 sit
3231 4553 3481 4611 respectu
3514 4546 3791 4614 plagarum
3824 4551 3991 4601 mund
4020 4592 4032 4608 ,

780 4658 903 4699 cum
937 4649 1174 4710 quatuor
1205 4635 1470 4689 duntaxat,
1506 4631 1823 4700 vulgaribus
1853 4630 1962 4684 illis
1998 4628 2158 4695 Ortu,
2190 4632 2425 4693 Occasu,
2464 4628 2877 4701 Septentrionc,
2908 4640 2957 4683 et
3000 4631 3223 4685 Meridie
3257 4642 3502 4692 utantur.
3537 4635 3774 4702 reliquas
3804 4639 4033 4706 sinimus

782 4734 931 4787 hisce
968 4724 1323 4784 intermedias
1353 4721 1653 4790 negligant.
1695 4719 1916 4772 Minime
1943 4729 2125 4772 autem
2160 4718 2420 4772 credibile
2442 4717 2519 4780 ﬁt,
2551 4734 2743 4772 omnes
2768 4720 2929 4772 urbes
2964 4718 3196 4773 Eusebio
3229 4733 3558 4773 memoratas
3589 4735 3733 4775 recta
3764 4740 3885 4776 eam
3921 4732 4031 4793 pa-

780 4837 901 4892 gum
932 4816 1264 4887 respexisse,
1296 4811 1361 4864 ad
1392 4826 1552 4880 quam
1589 4808 1921 4869 referuntur,
1953 4821 2257 4876 omnesque
2291 4807 2356 4860 ad
2382 4806 2613 4860 cauiden
2639 4808 2806 4860 veluti
2848 4806 3045 4860 lineam
3073 4817 3311 4862 remotas
3340 4807 3507 4861 fuisse
3531 4808 3598 4861 ab
3625 4826 3685 4862 ea
3708 4815 3865 4865 urbe.
3898 4820 4034 4866 unde

781 4910 1034 4965 distantia
1068 4918 1256 4959 earum
1294 4902 1519 4971 petitur.
1542 4896 1684 4951 Nihil
1713 4897 1823 4966 jam
1852 4899 1915 4950 tle
1936 4898 2152 4951 cmteris
2179 4896 2321 4957 dico.
2345 4911 2464 4964 quae
2496 4897 2550 4949 in
2575 4897 2674 4949 hoc
2707 4899 3033 4964 scriptorum
3070 4896 3183 4964 pari
3234 4895 3514 4950 desiderat
3540 4899 3795 4955 laudatus
3833 4902 4030 4954 “clan-

779 4982 901 5058 dus,
934 5011 994 5049 ar.
1024 4992 1213 5047 multis
1240 4995 1555 5058 exaggerat,
1587 4983 1822 5038 fortasse
1851 4984 2013 5037 etiam
2046 4999 2208 5054 supra
2232 4999 2458 5037 verum:
2486 4983 2664 5051 reipsa
2697 4983 2842 5038 enim
2877 4992 2970 5035 aut
2998 4999 3188 5053 parum
3224 4983 3426 5053 negotii
3463 4984 3765 5049 facessunt,
3795 5002 3893 5043 aut
3925 5007 4032 5045 iee-

780 5087 985 5140 tissime
1014 5097 1071 5137 se
1104 5080 1327 5135 habent.
1356 5072 1817 5145 quemadmodum
1848 5074 1900 5125 in
1937 5075 2155 5141 prmtixa
2188 5073 2314 5126 huic
2349 5081 2499 5125 tomo
2529 5072 2857 5126 Praefatione
2878 5073 3245 5128 ostendimus.
3268 5072 3413 5128 Satis
3437 5091 3501 5128 ex
3534 5077 3619 5131 his
3648 5078 3896 5145 duobus,
3918 5099 4033 5149 qur

779 5175 1127 5233 adduximus,
1159 5170 1349 5237 liquet,
1386 5165 1654 5219 universa:
1710 5162 2016 5217 Palmstina-
2070 5163 2358 5233 imaginem
2396 5162 2461 5216 ad
2503 5159 2718 5215 Ειιεώξὶ
2776 5176 2838 5215 ac
2874 5160 3182 5230 Hieronymi
3247 5163 3523 5232 ingenium
3560 5181 3624 5219 ex
3661 5168 3805 5223 hisce
3842 5187 4029 5223 eorum

778 5258 1153 5322 monimentis,
1180 5255 1396 5310 tametsi
1425 5251 1671 5306 unmium
1705 5251 1865 5321 longe
1890 5249 2357 5313 luculentissiinis,
2383 5264 2487 5304 non
2510 5264 2668 5319 posse
2686 5250 2970 5313 delineari;
2998 5250 3092 5305 sed
3112 5250 3358 5319 quaadatn
3385 5267 3613 5308 necesse
3643 5268 3759 5309 esse
3782 5260 3944 5326 prius
3966 5276 4027 5311 ex

777 5352 1007 5406 auorum
1038 5348 1471 5416 geographorum
1513 5341 1749 5395 maxime
1805 5350 2050 5394 veterum
2102 5341 2447 5407 auctoritate
2483 5338 2843 5400 constituere,
2897 5338 3097 5408 quibus
3140 5340 3359 5395 demum
3408 5342 3546 5412 ipsa,
3576 5358 3699 5413 qn:e
3727 5347 3781 5397 in
3813 5346 4031 5402 incerto

776 5438 919 5508 apud
947 5434 1243 5491 Eusebium
1275 5432 1391 5484 sive
1417 5427 1808 5498 Hieronymum
1839 5428 2066 5490 luerent,
2094 5436 2432 5481 asserantur.

847 5549 963 5605 Ποε
981 5563 1140 5616 porro
1161 5557 1262 5605 est.
1288 5542 1433 5613 quod
1459 5541 1513 5595 itt
1546 5544 1645 5595 hac
1672 5541 1997 5595 exstruenda
2026 5540 2216 5610 Mappa
2252 5540 2504 5609 supplere
2533 5538 2720 5601 debui,
2752 5537 3020 5608 siquidem
3052 5541 3106 5593 in
3134 5549 3387 5609 promptu
3409 5550 3527 5594 erat
3556 5556 3620 5595 ex
3653 5542 4027 5602 alienistesti.

776 5638 980 5693 moniis
1004 5636 1130 5688 huic.
1160 5631 1509 5699 descriptioni
1546 5630 1827 5698 suppetias
1861 5629 2038 5695 l'errc;
2071 5644 2171 5683 nec
2206 5630 2332 5688 erit.
2364 5630 2580 5695 opinor,
2617 5629 2708 5697 qui
2733 5629 2911 5683 studio
2936 5644 3058 5683 meo
3086 5629 3248 5684 veluti
3276 5633 3613 5700 propositum
3639 5648 4028 5707 prmtergrt-sso

776 5730 1099 5782 succenseat
1132 5721 1295 5773 homo
1322 5733 1491 5772 sacrae
1517 5715 1859 5786 geographiae
1882 5718 2130 5785 cupidus,
2171 5717 2427 5785 quoniam
2457 5725 2513 5769 ut
2544 5727 2618 5770 tot
2657 5718 2962 5785 singulares
2994 5718 3203 5771 tabulas
3238 5722 3517 5786 regionum
3551 5722 3971 5789 adumbrat-em,
4003 5746 4027 5781 λ

778 5830 862 5869 me
887 5810 1315 5880 ipsoimpetrare
1347 5821 1452 5859 non
1487 5806 1654 5873 potui,
1690 5808 1885 5873 vixque
1917 5806 2075 5857 aliter
2105 5806 2318 5859 fructus
2348 5806 2414 5855 ab
2448 5806 2650 5858 eximio
2682 5806 2781 5858 ho:
2816 5806 2955 5859 libro
2989 5806 3477 5873 poteratobtiueri.
3508 5808 3778 5863 Recetisui
3816 5824 4024 5875 autem,

777 5916 839 5955 ac
863 5900 1100 5968 disposui
1128 5895 1240 5948 suis
1266 5908 1491 5962 qumque
1513 5892 1826 5944 nominibus
1874 5892 2007 5952 loca.
2046 5904 2206 5960 prout
2239 5908 2304 5945 ex
2353 5891 2866 5963 Septuagintavirali
2900 5894 3137 5948 editione
3167 5896 3271 5949 hoc
3318 5896 3453 5950 lihto
3507 5900 3897 5965 enuntizmtnr,
3931 5918 4029 5957 nec

777 5988 943 6041 ferme
965 5986 1066 6040 alia
1098 5983 1616 6053 prmtermisi,qutun
1645 5996 1764 6049 qua:
1784 5982 2145 6049 appellativm,
2169 5993 2226 6034 ιιι
2246 5992 2466 6046 vocant,
2487 5982 2924 6052 signiﬁcationis,
2956 5996 3061 6034 non
3089 5984 3481 6050 prepriasum,
3506 5998 3598 6040 aui
3630 6000 3780 6043 ςρτιρ
3810 5991 4027 6060 ᾗεῃῡξλλ,
