4216 6352
800 380 931 441 10οἹ

1948 376 2009 435 S.
2049 373 2362 437 EUSEBII
2402 371 2841 433 HIERONYMI

3905 354 4027 418 1008

858 488 1036 561 (Vers.
1082 487 1296 559 15,16.)
1329 507 1347 539 ι
1384 488 1449 544 Et
1471 489 1724 546 viderunt
1750 505 1869 546 eam
1902 493 2178 563 principes
2206 492 2345 546 Pha-
2371 492 2421 551 Α
2449 494 2573 542 rat:
2612 485 2706 539 sed
2745 494 2804 537 ut
2832 499 2928 553 per
2960 481 3243 541 Austrum,
3292 476 3386 546 qui
3436 472 3702 543 Aquiioni
3736 474 4025 525 contrarius

781 584 989 646 raonis,
1028 592 1083 639 et
1111 582 1471 639 laudaverunt
1492 599 1613 639 eam
1637 586 1779 656 apud
1800 586 2162 648 Pharaonem,
2187 596 2240 639 et
2265 586 2348 638 iu-

783 676 1140 731 troduxerunt
1167 690 1288 729 eam
1332 676 1385 729 in
1419 676 1639 731 domum
1668 675 1966 730 Pharaonis
2006 689 2022 728 :
2056 684 2109 729 et
2143 674 2343 727 Abram

779 768 1049 825 benefecit
1091 778 1314 837 propter
1357 782 1511 823 eam:
1542 776 1594 823 et
1620 768 1839 823 fuerunt
1878 767 1926 821 ei
1972 782 2122 829 oves,
2170 776 2223 819 et
2260 781 2347 819 ar-

782 869 987 923 menta,
1017 868 1071 914 et
1100 860 1265 926 asini,
1296 870 1351 917 et
1396 860 1562 925 servi,
1602 869 1657 914 et
1692 858 1926 922 ancillre,
1970 858 2100 912 muli
2147 866 2203 911 et
2251 871 2345 911 ca-

783 952 932 1007 meli.
970 970 990 1004 »
1030 951 1183 1006 Licet
1214 968 1413 1021 corpus
1439 962 1753 1006 sanctarum
1789 950 2082 1005 mulierum
2111 964 2217 1003 non
2264 948 2346 1000 vis

782 1046 1037 1111 maculet,
1078 1044 1239 1115 325
1284 1045 1377 1100 sed
1427 1045 1723 1100 voluntas:
1766 1054 1822 1100 et
1872 1043 2123 1098 excusari
2178 1040 2349 1110 possit

784 1138 962 1204 Sarai,
999 1141 1142 1209 quod
1184 1138 1342 1192 famis
1378 1146 1625 1207 tempore
1648 1138 1762 1193 sola
1796 1138 1938 1208 regis
1964 1137 2017 1189 in
2049 1135 2347 1204 peregrinis

781 1233 941 1297 locis,
973 1232 1169 1285 marito
1196 1230 1540 1293 connivente,
1568 1232 1823 1286 resistere
1864 1228 2206 1297 nequiverit;
2251 1237 2346 1279 ta-

780 1340 904 1378 men
929 1331 1103 1393 potest
1128 1330 1184 1378 et
1214 1324 1371 1377 aliter
1395 1321 1535 1377 fmda
1560 1322 1861 1375 necessitas
1885 1320 2133 1374 excusari
2156 1333 2171 1373 :
2203 1318 2347 1386 quod

776 1421 931 1487 juxta
966 1415 1165 1470 librum
1201 1414 1385 1469 Esther
1438 1428 1773 1482 quacunque
1799 1413 2088 1466 mulierum
2118 1412 2351 1480 placuis-

779 1520 863 1564 set
891 1510 1000 1577 regi
1032 1508 1173 1579 apud
1211 1519 1442 1570 veteres,
1476 1522 1566 1561 sex
1594 1510 1881 1560 mensibus
1904 1506 2209 1575 ungebatur
2230 1504 2349 1557 oleo

781 1602 1021 1673 myrtin
1049 1602 1089 1667 ί,
1109 1609 1165 1656 et
1194 1617 1288 1656 sex
1310 1600 1592 1655 mensibus
1616 1601 1669 1653 in
1691 1598 1986 1669 pigmentis
2016 1597 2184 1651 variis
2207 1604 2345 1658 erat,

782 1704 838 1748 et
868 1694 1250 1749 curationibus
1278 1692 1629 1757 feminarum,
1670 1702 1724 1745 et
1757 1700 1885 1744 tunc
1917 1691 2135 1743 demum
2167 1690 2345 1757 ingre-

780 1787 1031 1841 diebatur
1075 1786 1139 1837 ad
1172 1799 1348 1854 regem
1403 1780 1635 1853 (Esther,
1670 1798 1725 1849 ιι,
1764 1782 1850 1846 I2,
1896 1782 2009 1850 l3).
2065 1782 2243 1849 Atque
2271 1778 2343 1832 ita

782 1888 960 1949 potest
986 1876 1124 1938 fieri,
1153 1876 1384 1930 utSarai
1417 1884 1704 1944 postquam
1739 1875 2021 1941 placuerat
2056 1872 2190 1940 regi,
2211 1870 2340 1923 dum

784 1987 881 2043 per
913 1985 1114 2024 annum
1142 1969 1257 2035 ejus
1290 1968 1357 2022 ad
1395 1983 1574 2037 regem
1616 1972 2027 2035 pra'pararetur
2071 1962 2351 2024 introitus,

782 2076 835 2120 et
869 2064 1098 2116 Abrahm
1126 2060 1346 2114 Pharao
1364 2060 1530 2112 multa
1558 2058 1935 2122 donaverit,'et
1958 2055 2173 2109 Pharao
2204 2064 2353 2122 post-

783 2171 843 2208 ea
882 2155 953 2208 sit
1005 2166 1297 2222 percussus
1327 2166 1357 2205 a
1384 2150 1637 2213 Domino,
1690 2148 1777 2201 illa
1827 2149 2007 2201 adhuc
2051 2146 2253 2200 intacta
2286 2144 2354 2196 ab

782 2248 903 2318 ejus
931 2246 1223 2305 concubitu
1248 2257 1619 2314 permanente.

860 2340 1016 2411 (Cap.
1046 2336 1184 2391 XIII.
1219 2336 1464 2389 -—-Vers.
1492 2334 1631 2403 ιρι.)
1662 2353 1679 2385 t
1728 2334 1795 2388 Et
1855 2332 2105 2389 ascendit
2152 2330 2349 2385 Abram

784 2450 851 2487 ex
894 2432 1132 2501 Egypto
1185 2430 1301 2498 ipse
1329 2438 1383 2481 et
1403 2442 1538 2479 uxor
1559 2428 1701 2495 ejus,
1730 2436 1783 2479 et
1810 2428 1992 2478 omnia
2040 2440 2160 2493 qua:
2211 2423 2353 2476 illius

784 2536 938 2579 erant
959 2540 972 2576 :
991 2532 1045 2576 et
1073 2520 1308 2575 Lotcum
1336 2533 1401 2572 eo
1419 2519 1471 2571 in
1497 2519 1789 2571 desertum.
1813 2517 1938 2568 Erat
1958 2524 2136 2567 autem
2156 2514 2352 2566 Abram

783 2616 935 2670 dives
972 2612 1127 2666 valde
1154 2612 1207 2664 in
1234 2624 1448 2679 pecore,
1481 2620 1531 2661 et
1563 2618 1808 2676 argento,
1842 2620 1894 2661 et
1934 2621 2068 2659 auro
2097 2622 2109 2657 :
2137 2613 2189 2656 et
2222 2602 2355 2656 abiit

785 2708 931 2761 unde
962 2707 1106 2759 venit
1140 2705 1195 2758 in
1232 2680 1507 2758 desertum
1534 2716 1703 2771 usque
1736 2699 1942 2755 Bethel.
1977 2718 1994 2750 ι
2036 2698 2263 2751 Pulchre
2285 2696 2353 2748 de

784 2797 1019 2867 Atizypto
1050 2796 1311 2848 liberatus
1351 2790 1663 2846 ascendisse
1702 2791 1927 2844 dicitur.
1958 2787 2063 2841 Sed
2106 2785 2352 2841 occurrit

786 2889 915 2943 huic
942 2887 1126 2942 sensui
1147 2883 1309 2949 illud,
1341 2883 1487 2952 quod
1536 2885 1780 2952 sequitur
1807 2900 1819 2935 :
1855 2880 2129 2949 quomodo
2161 2888 2354 2946 potue-

786 2978 1060 3033 ritexiens
1089 2977 1155 3030 de
1195 2974 1427 3045 Egypto
1452 2972 1617 3029 fuisse
1644 2973 1795 3027 dives
1825 2970 2015 3026 valde?
2054 2969 2209 3035 Quod
2247 2968 2355 3023 sol-

788 3071 936 3123 vitur
989 3068 1079 3122 illa
1136 3064 1401 3120 Hebraica
1452 3065 1721 3129 veritate,
1782 3066 1837 3116 in
1890 3080 1996 3131 qua
2058 3062 2350 3117 scribitur:

792 3180 814 3212 ι
840 3162 1035 3214 Abram
1054 3160 1233 3230 gravis
1247 3160 1608 3219 vehementer,
1639 3175 1657 3207 ι
1685 3158 1784 3210 hoc
1808 3155 2086 3223 est,3zpb;
2115 3153 2349 3223 σφόδριε
2381 3184 2424 3241 C

790 3253 1011 3322 A‘ngptl
1052 3252 1195 3306 enim
1230 3250 1467 3321 pondere
1503 3251 1849 3318 gravabatur.
1887 3248 1950 3302 Et
1979 3248 2099 3301 licet
2129 3246 2347 3299 videan-

789 3357 882 3401 tur
932 3362 1053 3401 esse
1100 3346 1299 3400 divitiae
1355 3346 1593 3415 pecoris,
1642 3345 1783 3406 auri,
1810 3353 1864 3397 ct
1892 3344 2124 3409 argenti,
2170 3353 2353 3397 tamen

791 3441 836 3495 si
872 3437 1134 3509 Egyptian
1158 3444 1304 3501 sunt,
1337 3438 1448 3490 viro
1480 3445 1666 3490 sancto
1684 3452 1873 3505 graves
1908 3448 2056 3489 sunt.
2089 3435 2352 3503 Denique,

791 3548 900 3586 non
937 3541 996 3583 ut
1022 3532 1077 3583 in
1108 3530 1461 3599 Septuaginta
1499 3528 1749 3597 legimus,
1785 3546 1802 3577 ι
1833 3529 1978 3581 Abiit
2017 3529 2161 3581 unde
2192 3545 2358 3583 vene-

794 3636 878 3679 rat
898 3624 950 3677 in
969 3624 1239 3678 desertum
1261 3636 1431 3687 usque
1455 3621 1676 3685 Betltcl;
1712 3638 1729 3671 ι
1764 3622 1856 3675 sed
1881 3621 2017 3675 sicut
2049 3621 2101 3674 in
2127 3619 2354 3674 llebrteo

792 3716 1055 3783 scriptum
1082 3722 1161 3766 est
1182 3728 1193 3763 :
1220 3728 1239 3762 ι
1265 3710 1415 3763 Abiit
1440 3711 1633 3764 itinere
1654 3725 1751 3763 suo
1775 3726 1867 3777 per
1885 3712 2148 3772 Austrum
2178 3725 2353 3777 usque

793 3804 1000 3859 Bethel.
1043 3822 1061 3855 ι
1098 3803 1306 3857 Idcirco
1348 3800 1625 3871 profectus
1656 3801 1725 3855 de
1746 3801 1979 3870 Egypto
2013 3810 2116 3865 est,
2154 3811 2212 3853 ut
2244 3816 2350 3853 non

794 3898 1067 3951 desertum
1101 3894 1493 3965 ingrederetur,
1524 3893 1668 3961 quod
1698 3908 1821 3946 cum
1853 3891 2087 3964 Egypto
2114 3892 2355 3961 relique-

866 4032 883 4063 ί
918 4028 1257 4083 Recolendus
1290 4026 1349 4080 S.
1385 4026 1742 4095 Augustinus,
1773 4035 1968 4092 quiest.
1993 4027 2085 4087 26,
2121 4030 2174 4081 in
2209 4028 2353 4082 hunc

792 4101 988 4155 Cenes.
1024 4098 1204 4151 locum
1235 4113 1249 4148 :
1288 4115 1307 4146 ι
1341 4096 1625 4163 Quomodo
1654 4097 1979 4164 accipiatur,
2010 4098 2150 4164 quod
2175 4098 2350 4150 Abra-

793 4171 916 4223 ham
937 4167 1159 4221 ven'tmts
1184 4167 1235 4217 in
1259 4165 1545 4233 Egyputm
1566 4168 1745 4220 celare
1760 4167 1927 4219 voluit
1946 4183 2168 4219 uxorem
2195 4182 2347 4221 suam

791 4254 912 4292 esse
934 4237 1148 4300 Saram,
1177 4240 1473 4289 secundum
1494 4238 1695 4297 omnia,
1720 4250 1840 4301 quae
1861 4238 1922 4286 de
1950 4237 2047 4288 hac
2075 4251 2129 4289 re
2148 4238 2346 4304 scripta

793 4317 941 4368 sunt,
983 4316 1163 4358 utrum
1222 4305 1326 4358 hoc
1378 4306 1694 4358 convenerit
1728 4315 1832 4357 tam
1877 4313 2068 4357 sancto
2106 4308 2243 4364 viro.
2278 4322 2344 4359 an

794 4374 1131 4431 subdcfectio
1184 4374 1302 4428 fidei
1357 4372 1476 4441 ejus
1528 4374 1881 4442 intelligatur,
1925 4375 2065 4442 sicut
2098 4377 2345 4428 nonnulli

792 4444 1039 4499 arbitrati
1071 4452 1200 4498 sunt
1224 4460 1240 4499 ;
1266 4444 1374 4511 jam
1408 4442 1624 4511 quidem
1656 4441 1923 4495 etcontra
1956 4441 2212 4497 Faustum
2245 4445 2344 4497 hac

2454 590 2557 643 est,
2587 577 2793 630 veniret
2824 576 2889 628 ad
2944 574 3164 629 domum
3195 571 3314 636 Dei,
3353 571 3443 624 ubi
3483 570 3669 622 fuerat
3706 566 4022 618 tabernacuo

2454 674 2563 725 lutn
2589 669 2749 739 326
2781 668 2900 732 ejus
2935 672 2989 720 in
3016 665 3194 719 medio
3227 662 3416 716 Bethel
3444 671 3497 716 et
3524 661 3587 714 Ai
3637 657 3747 730 [ΑΙ.
3785 655 3927 727 Gai].

2524 761 2703 833 (Vers.
2735 760 2895 829 13.):
2927 759 2991 812 Et
3018 758 3120 811 viri
3186 756 3551 810 Sodomorum
3590 753 3720 806 mali
3763 760 3816 802 et
3856 765 4023 816 pecca-

2452 864 2598 909 tort-s
2652 857 2705 908 in
2742 861 3043 922 conSpectu
3103 852 3197 905 Dei
3257 850 3629 903 vehementer.
3664 864 3682 895 ι
3755 842 4023 911 Superﬂue

2452 948 2540 1001 hic
2579 948 2633 1001 in
2677 945 3037 1017 Septuaginta
3102 942 3493 1013 interpretibus
3539 939 3793 991 additum
3848 945 3948 999 est,
3977 937 4021 986 in

2450 1050 2730 1106 conspectu
2768 1037 2863 1091 Dei
2898 1039 2939 1100 ’,
2976 1034 3247 1104 siquidem
3282 1034 3653 1087 Sodomorum
3688 1031 3869 1083 coloni
3902 1026 4023 1096 apud

2452 1128 2702 1181 homines
2753 1126 2862 1196 [ΑΙ.
2915 1123 3153 1195 omnes].
3206 1126 3337 1177 mali
3386 1132 3442 1179 et
3493 1131 3821 1192 peccatores
3860 1130 4025 1173 erant-

2450 1220 2543 1275 llle
2583 1231 2767 1273 autem
2801 1219 3003 1273 dicitur
3032 1220 3087 1272 itt
3131 1226 3428 1285 eonsprctu
3470 1217 3562 1270 Dei
3608 1227 3891 1285 peccator,
3942 1213 4022 1280 qui

2453 1320 2629 1382 potest
2671 1310 2811 1381 apud
2864 1312 3112 1365 homines
3167 1311 3346 1377 justus
3389 1309 3589 1373 videri,
3648 1304 3926 1374 quomodo
3967 1304 4023 1357 de

2451 1403 2713 1457 Zacharia
2753 1413 2808 1457 et
2851 1401 3133 1458 Elizabeth
3174 1404 3225 1456 iu
3264 1401 3544 1471 prteconio
3601 1401 3847 1468 ponitur,
3890 1397 4020 1464 quod

2450 1494 2657 1550 fuerint
2684 1496 2813 1564 justi
2850 1499 3011 1550 ambo
3053 1498 3105 1549 in
3139 1505 3435 1566 conspectu
3471 1496 3559 1547 D-i
3597 1494 3753 1562 (Luc.
3797 1510 3834 1553 i,
3866 1492 3937 1547 6!.
3967 1492 4021 1545 Et

2450 1587 2504 1640 in
2539 1586 2809 1642 Psalterio
2841 1588 3046 1643 dicitur
3074 1604 3089 1644 :
3123 1587 3246 1641 Non
3274 1587 3666 1657 justiﬁcabitur
3693 1587 3745 1637 in
3769 1593 4021 1649 conspectu

2451 1688 2539 1731 tuo
2577 1680 2745 1733 omnis
2777 1682 2949 1734 vivens
2988 1678 3159 1750 (Psal.
3197 1696 3364 1739 cun.
3401 1680 3481 1745 9.).

2523 1767 2702 1838 (Vers.
2739 1772 2805 1825 14
2850 1782 2905 1826 et
2934 1771 3047 1831 15.)
3084 1790 3101 1821 ι
3134 1769 3273 1825 Leva
3300 1775 3491 1827 oculos
3522 1782 3669 1832 tuos,
3691 1782 3743 1823 ct
3764 1770 3882 1822 vitle
3909 1784 3932 1819 a
3958 1771 4025 1819 lo-

2377 1851 2418 1911 Β
2450 1877 2513 1917 co
2568 1863 2622 1916 in
2660 1880 2767 1932 quo
2800 1876 2853 1917 tu
2889 1880 3029 1918 nunc
3047 1880 3106 1918 es
3130 1866 3195 1918 ad
3214 1867 3553 1933 aquilonem,
3579 1875 3633 1919 et
3664 1866 3730 1917 ad
3771 1878 4022 1922 ausu-mu,

2456 1964 2509 2009 ct
2539 1956 2604 2008 ad
2638 1957 2928 2019 orientem,
2960 1967 3013 2009 et
3054 1960 3116 2011 ad
3155 1973 3301 2011 mare
3332 1976 3344 2011 :
3383 1958 3512 2027 quia
3545 1973 3769 2011 omnem
3816 1969 4022 2015 terram,

2457 2064 2615 2115 quam
2652 2062 2703 2099 ill
2745 2049 2927 2111 vides,
2962 2049 3059 2103 tibi
3087 2051 3228 2103 dabo
3258 2066 3376 2103 eam
3411 2059 3466 2104 et
3484 2053 3683 2103 semini
3706 2061 3821 2102 tuo.
3858 2069 3874 2099 ι
3899 2051 4025 2114 Qua-

2457 2150 2579 2193 tuor
2601 2141 2819 2194 climata
2855 2142 3040 2195 mundi
3072 2144 3271 2210 posuit,
3307 2143 3572 2196 orientem
3595 2152 3647 2194 et
3671 2144 4020 2205 OI‘Cith'lIlt‘lll,

2456 2235 2881 2299 septentrionem
2911 2243 2965 2285 et
3004 2234 3384 2287 meridianum.
3423 2235 3579 2299 Quod
3616 2244 3802 2286 autem
3841 2235 3891 2286 iu
3917 2250 4021 2286 om-

2455 2323 2617 2376 nibus
2647 2324 2946 2391 Scripturis
2975 2325 3193 2391 legitur,
3224 2327 3306 2379 hic
3344 2327 3513 2379 semel
3546 2326 3755 2379 dixisse
3786 2328 4022 2383 Stlllicial.

2458 2434 2608 2472 mare
2636 2434 2853 2488 semper
2887 2436 2982 2490 pro
3023 2424 3309 2476 occidente
3348 2424 3474 2490 poni
3516 2442 3529 2479 :
3573 2425 3643 2477 ab
3671 2442 3738 2478 eo
3762 2425 3904 2492 quod
3935 2423 4022 2476 Pa-

2458 2513 2677 2567 Ιιρθιὶιιω
2711 2516 2860 2583 regio
2910 2514 2983 2567 ita
3034 2515 3138 2568 sita
3186 2516 3278 2578 sit,
3326 2527 3383 2570 ut
3433 2533 3588 2572 mare
3642 2519 3698 2572 in
3733 2520 4025 2572 occidenzis

2459 2606 2613 2673 plaga
2649 2606 2863 2659 habent.

2529 2699 2680 2767 (Cap.
2716 2699 3091 2755 XlV.—Vers.
3119 2702 3173 2761 2.
3210 2704 3285 2770 5.)
3325 2722 3342 2753 ι
3379 2704 3443 2759 Ει
3478 2720 3568 2758 rev
3605 2704 3758 2769 Baio,
3813 2706 3923 2758 lia-c
3952 2718 4027 2758 est

2457 2790 2649 2859 Segor.
2696 2790 2895 2847 Omnes
2932 2795 2983 2846 hi
3016 2807 3419 2849 consenserunt
3453 2797 3471 2826 ³
3503 2797 3650 2864 apud
3694 2799 3891 2851 vallem
3921 2798 4029 2852 Sal-

2458 2897 2593 2943 sam,
2632 2884 2730 2938 hoc
2781 2897 2884 2947 est,
2928 2903 3077 2940 mare
3130 2888 3292 2941 Salis.
3328 2908 3346 2940 ι
3395 2889 3517 2943 Bale
3559 2893 3747 2957 lingua
3784 2892 4022 2955 llebra-a,

2458 2974 2781 3039 κατάπισις,
2821 2978 2871 3031 id
2901 2989 3001 3042 est,
3025 2981 3293 3034 dct'oratio
3324 2982 3545 3035 dit-itur.
3583 2984 3836 3038 Tradunt
3879 2988 4025 3053 igitur

2461 3064 2692 3129 llelircei,
2744 3067 2881 3121 hanc
2919 3072 3163 3123 eamdem
3222 3073 3273 3125 in
3308 3074 3415 3125 alio
3464 3074 3884 3141 Scripturat-uni
3917 3079 4023 3132 loco

2459 3153 2638 3208 Saiisa
2669 3158 2938 3211 nominari
2974 3158 3027 3227 (1
3073 3160 3195 3229 Reg.
3253 3179 3327 3227 ts,
3361 3164 3415 3227 4)
3440 3162 3459 3192 ³
3491 3183 3503 3219 :
3535 3166 3756 3235 dicique
3791 3186 4021 3230 rursum,

2463 3246 2663 3313 μόσχον
2694 3248 3091 3315 τριετίζουσαν,
3110 3250 3161 3303 id
3182 3258 3282 3312 est,
3311 3252 3529 3305 vitulam
3567 3267 3959 3310 εοηιενιιαιιίειιι
3986 3260 4022 3319 ³,

2458 3338 2599 3405 quod
2628 3339 2831 3394 scilicet
2851 3348 3011 3395 teitio
3032 3350 3179 3394 motu
3202 3351 3359 3397 terra:
3386 3345 3643 3415 absorpta
3675 3351 3743 3403 sit
3772 3348 3905 3417 (Ita.
3940 3366 4018 3415 sv,

2460 3430 2537 3497 5.)
2580 3432 2644 3483 Et
2696 3446 2758 3484 ex
2804 3446 2869 3483 eo
2900 3442 3176 3502 tempore,
3220 3450 3326 3504 quo
3358 3436 3594 3491 Sodoma
3628 3441 4018 3504 etGomortha,

2458 3524 2661 3574 Atlanta
2696 3532 2747 3575 et
2785 3522 2998 3577 Seboim
3042 3526 3224 3580 divino
3273 3529 3399 3596 igne
3430 3531 3713 3585 subversre
3747 3545 3902 3600 sunt,
3934 3536 4015 3588 illa

2454 3620 2673 3686 parvula
2709 3630 3076 3687 nuncnpetur.
3103 3622 3385 3692 Siquidem
3412 3625 3579 3693 Segor
3605 3629 3942 3682 transfertur
3969 3632 4015 3683 in

2457 3726 2691 3777 parram,
2722 3713 3041 3782 qumliugua
3070 3715 3200 3784 Syra
3235 3717 3409 3770 Zoara
3436 3720 3635 3773 dicitur
3667 3721 3708 3775 ⁸,
3742 3723 3910 3778 Vallis
3934 3740 4020 3776 au-

2459 3814 2563 3856 tem
2592 3802 2927 3864 Saliuarum,
2962 3805 3107 3859 sicut
3137 3808 3189 3861 in
3225 3808 3325 3861 hoc
3350 3810 3538 3863 eodem
3567 3812 3711 3865 libro
3743 3816 4014 3880 scribitur,

2458 3895 2509 3946 in
2541 3909 2647 3963 qua
2667 3894 2885 3947 fuerunt
2925 3905 3053 3949 ante
3084 3900 3227 3966 putei
3264 3901 3567 3967 bituminis,
3596 3918 3723 3973 post
3756 3906 3847 3962 Dei
3872 3911 4019 3977 iram,

2454 4028 2556 4101 de;
2604 4044 2707 4083 ms.
2755 4030 2903 4101 legit,
2952 4032 3034 4082 hic
3053 4035 3396 4086 consederunt
3446 4038 3589 4101 apud
3636 4039 3852 4101 rallam,
3898 4052 4014 4096 me:

2457 4098 2902 4175 sed__necessario
2948 4102 3289 4175 retinendum
3324 4106 3401 4156 'Iii
3451 4098 3872 4174 consesertmt;
3902 4117 4015 4175 quia

2454 4170 2507 4218 ιιι
2545 4168 2765 4249 llelirmo
2791 4180 2869 4222 est
2899 4178 3039 4227 tam
3058 4160 3167 4231 35>:
3186 4160 3354 4249 ίῃιςηι
3377 4175 3479 4227 elle
3512 4160 3823 4243 hhahberu,
3848 4160 4014 4239 idest:

2452 4252 2631 4290 omnes
2662 4240 2753 4289 isti
2785 4255 3156 4294 convenerunt.
3193 4244 3460 4296 Maurus.

2523 4305 2548 4381 ξ
2579 4305 2761 4381 8ᾳ1ἱεα
2796 4314 3081 4381 nominari.
3110 4311 3269 4363 Libro
3303 4316 3476 4378 primo
3502 4314 3773 4369 Samuelis
3807 4334 3924 4381 Cap.
3948 4335 4014 4373 ιι.

2449 4375 2506 4456 ξ,
2535 4376 2763 4456 legimus
2795 4383 2891 4431 hoc
2924 4380 3122 4456 modo:
3154 4381 3219 4456 ξε
3241 4375 3447 4434 transiit
3472 4398 3565 4456 per
3591 4394 3786 4456 terram
3821 4375 4017 4456 ππ,

2452 4442 2647 4522 _S_aliso.
2680 4446 2821 4500 fdem
2855 4461 3051 4501 nomen
3073 4448 3251 4504 Salisa
3279 4442 3518 4505 oecurr'it
3543 4454 3595 4505 iu
3624 4454 3779 4508 libris
3798 4442 4014 4522 lie—stitit:

792 4516 861 4569 de
898 4527 955 4567 re
983 4504 1297 4580 disputavi';
1332 4519 1388 4565 et
1416 4504 1730 4579 diligentius
1755 4526 1784 4563 a
1812 4511 2126 4579 presbytero
2156 4513 2345 4566 lliero-
2372 4504 2426 4565 Ι)
2452 4512 2718 4567 Maurus.

792 4597 957 4652 nymo
985 4582 1294 4652 expositum
1323 4588 1429 4643 est,
1460 4594 1625 4652 quare
1654 4580 1871 4652 non_sit
1900 4594 2263 4652 consequens,
2286 4593 2343 4637 ut

791 4647 915 4705 cum
947 4647 1155 4716 aliquot
1187 4650 1307 4703 dies
1351 4648 1491 4715 apud
1527 4663 1703 4716 regem
1743 4647 1959 4717 Ευριὶ
1992 4650 2125 4702 Sara
2162 4652 2341 4715 fuerit,

790 4722 953 4774 etiam
990 4720 1108 4786 ejus
1138 4718 1429 4791 concubitu
1474 4717 1730 4791 credatur
1775 4732 1898 4791 esse
1929 4719 2128 4791 polluta
2156 4736 2170 4785 ;
2202 4737 2341 4791 quo.

790 4791 933 4843 niam
966 4802 1082 4842 mos
1111 4797 1232 4842 erat
1258 4788 1440 4855 regius
1478 4786 1686 4840 vicibus
1732 4788 1797 4840 ad
1822 4803 1880 4841 se
1910 4789 2197 4842 admittere
2219 4786 2345 4843 iuu-

788 4860 952 4913 lieres
988 4872 1132 4922 suas,
1166 4867 1220 4912 et
1254 4857 1360 4911 nisi
1396 4858 1653 4928 lomentis
1675 4865 1728 4928 et
1756 4860 2048 4928 unguentis
2078 4858 2168 4911 diu
2190 4861 2342 4928 prius

789 4934 1042 4981 accurato
1084 4941 1335 4997 corpore,
1374 4926 1521 4978 nulla
1559 4926 1806 4997 intrabat
1840 4926 1904 4978 ad
1964 4942 2165 4996 regem.
2191 4926 2343 4994 ’Qua:

788 4998 915 5050 dum
947 4997 1155 5057 flerent,
1184 4993 1421 5050 afﬂictus
1448 5004 1529 5049 est
1558 4993 1766 5048 Pharao
1800 5009 1963 5048 manu
2002 4993 2115 5057 Hei,
2150 5010 2208 5050 ut
2229 4993 2343 5052 viro

788 5066 1098 5144 redhiberet
1129 5067 1409 5129 intactam,
1455 5078 1617 5133 quam
1657 5064 1759 5133 ipsi
1805 5063 1915 5119 Deo
1944 5068 2170 5121 maritus
2198 5084 2345 5121 coni-

789 5145 1029 5194 nnscrat,
1064 5153 1081 5186 ι
1114 5145 1217 5189 CIC.

860 5187 1228 5258 ἱΕειέιιιιιιιιι
1278 5203 1338 5258 in
1385 5202 1676 5266 Hebraico,
1707 5187 2151 5269 m5.lad0nai,
2208 5206 2337 5269 υεον

788 5272 930 5394 Ἑιοά
969 5274 1320 5341 Septuaginta
1359 5273 1599 5324 ἐναντίον
1628 5272 1722 5323 τοῦ
1755 5272 1915 5334 Θεοῦ,
1967 5276 2019 5325 in
2061 5286 2341 5342 conspectu

839 5343 884 5394 ei
920 5342 1345 5394 interpretamur
1372 5358 1387 5394 :
1416 5342 1709 5394 superﬂue.
1761 5353 1818 5394 ut
1864 5342 2225 5394 liieronvutus
2261 5346 2341 5394 iu-

839 5343 884 5394 εἰ
920 5342 1345 5414 interpretantur
1372 5358 1387 5396 :
1416 5342 1709 5408 superflue,
1761 5353 1818 5394 nt
1864 5342 2225 5414 Hieronymus
2253 5346 2343 5414 ju-

787 5413 952 5464 dicat.
985 5412 1081 5465 Est
1109 5415 1252 5466 enim
1284 5415 1391 5475 ille,
1426 5414 1879 5479 quemadmodum
1912 5412 2223 5466 Martiauzo
2250 5412 2344 5466 uo-

788 5489 956 5533 tatutn
986 5491 1088 5541 est,
1123 5480 1400 5536 Hebraicae
1429 5482 1627 5547 lingua:
1658 5481 1992 5543 idiotismus,
2037 5484 2128 5549 qui
2156 5484 2340 5536 locum

788 5558 937 5604 tenet
965 5552 1302 5618 superlativi,
1330 5562 1386 5604 ut
1408 5559 1701 5617 peccatores
1730 5552 1833 5601 Deo
1864 5551 2004 5601 idem
2043 5554 2115 5604 sit
2147 5568 2207 5605 ac
2230 5570 2346 5612 pec.

786 5634 987 5673 catores
1017 5620 1337 5688 nequissimi.
1380 5622 1498 5673 Vid.
1523 5620 1777 5672 eumdem
1808 5618 2058 5673 Martiali.
2100 5623 2157 5673 iu
2194 5622 2343 5675 Natis

786 5689 1172 5759 prolixioribus
1214 5691 1267 5743 iu
1304 5695 1444 5743 hunc
1478 5690 1677 5741 locum.

858 5759 877 5788 ⁸
919 5758 1108 5814 Omnes
1143 5761 1194 5814 hi
1224 5768 1613 5822 consenserunt,
1648 5768 1756 5812 etc.
1792 5757 1943 5813 Unus
1973 5760 2223 5815 autalter
2254 5776 2343 5815 co-

2528 4585 2549 4614 ⁸
2580 4583 2695 4635 Duo
2720 4584 2937 4650 [legime
2967 4603 3122 4646 mss.,
3156 4601 3577 4642 consternantetit
3607 4608 3625 4643 :
3652 4593 3868 4647 vitiose.
3902 4596 4016 4648 Bale

2451 4664 2640 4732 anteiri
2664 4667 2692 4732 a_
2712 4665 2822 4716 ηπ.
2853 4656 3159 4732 deducitur,
3178 4662 3333 4732 quod,
3353 4661 3761 4732 estut-sorbere;
3795 4664 4015 4732 hincqtn

2451 4733 2567 4774 orta
2603 4720 2949 4776 Hebraeorum
2988 4726 3173 4780 istlnec
3196 4720 3440 4800 iraditio,
3467 4745 3587 4800 quia
3610 4743 3662 4783 et
3689 4720 3795 4784 sibi
3831 4720 4010 4800 parum

2450 4800 2659 4869 constat
2693 4808 2915 4869 ;_neque
2964 4810 3117 4869 enini
3159 4798 3271 4849 sola
3302 4799 3495 4851 civitas
3531 4798 3706 4853 Zuara
3743 4802 3798 4853 in
3833 4798 3843 4800 ἡ
3877 4804 4014 4857 Scri-

2450 4863 2628 4938 pturis
2662 4863 2863 4931 μόσχος
2897 4865 3256 4938 ξριετίζρυσα
3287 4869 3605 4934 appellatur.
3655 4869 4011 4924 Theodoritus

2452 4932 2626 4996 ipsum
2661 4946 2857 4984 nomen
2894 4930 3063 4997 Segor
3094 4930 3477 4988 devorati'o'nem
3528 4940 3843 4999 significare
3872 4943 4011 4993 arbi-

2453 5008 2627 5074 tratus
2654 5010 2735 5074 est
2772 5003 3029 5074 quiestiu
3065 5002 3205 5074 Gen.
3258 5008 3517 5074 interrog.
3571 5007 3661 5065 70.
3716 5013 4012 5062 κατάποσιν

2451 5068 2632 5136 γὰρή
2690 5068 2889 5147 Σηγὼρ
2942 5073 3330 5147 ἑρμηνειξεται.
3380 5068 3915 5147 lpséAHieronytttus
3961 5084 4008 5132 in

2450 5152 2573 5211 cap.
2631 5154 2699 5192 sv
2756 5143 2908 5211 lsa.7:
2950 5158 2967 5189 ι
3003 5145 3339 5211 Appellalttr,
3378 5144 3575 5210 inquit,
3608 5143 3774 5211 Bala;
3813 5149 3865 5201 id
3916 5160 4008 5205 est.

2451 5208 2730 5276 absorpta,
2769 5210 3110 5264 tradentibus
3154 5210 3412 5274 Hebr.eis,
3446 5208 3590 5279 quod
3641 5208 3805 5269 tertio
3865 5229 4010 5270 terra:

2454 5286 2605 5327 motu
2649 5289 2938 5357 prostrata.
2958 5284 3045 5332 sit.
3084 5280 3226 5357 Ipsa.
3250 5291 3334 5336 est
3384 5297 3503 5357 quae
3537 5286 3696 5337 hodie
3740 5286 3879 5357 Syro
3904 5304 4008 5341 ser-

2453 5358 2612 5465 inque
2645 5359 2869 5401 vocatur
2903 5346 3360 5413 Zoora,tlebrzeo
3392 5350 3583 5421 Segor,
3630 5346 3868 5423 utroijue
3895 5373 4008 5425 ptr-

2453 5430 2516 5465 vu
2543 5429 2592 5465 a.
2630 5436 2647 5465 ι

2451 5429 2592 5467 Villa.
2630 5436 2647 5467 ι

2523 5484 2542 5512 ⁵
2579 5484 2833 5562 Concinit
2883 5487 3149 5562 Diodorus
3183 5490 3234 5562 in
3269 5490 3492 5545 Catenis
3526 5493 3711 5562 Regiis
3745 5513 3879 5549 mss.
3931 5511 4009 5562 pc-

2452 5568 2548 5634 nes
2580 5555 3045 5634 Monfattcottium,
3096 5560 3413 5634 fathqvioé
3468 5555 3702 5629 ἁλὶαῇοὖ
3739 5568 3771 5634 ἡ
3835 5555 4007 5634 γράφη

2452 5624 2676 5699 Eutrop:
2725 5629 2899 5699 ξαλεῖ,
2947 5629 3053 5679 ὁδὶ
3096 5622 3272 5699 236,005-
3316 5633 3487 5699 Ζααρὶ
3532 5622 4008 5689 κλῖΒιὶῖἁίΠαιιέ

2454 5693 2653 5813 αιιιῦιὺιε
2714 5695 2997 5763 Scriptura
3037 5693 3185 5749 uocat
3213 5693 3446 5768 Zogoru,
3476 5701 3641 5770 Syrus
3675 5721 3793 5758 rero
3829 5704 4004 5763 Zaart.

2454 5773 2500 5813 et
2586 5780 2615 5813 a
2642 5779 2694 5813 τι.

2453 5773 2500 5814 et
2541 5773 2694 5816 nam.
