  <div class='ocr_page' id='page_1' title='image "/cluster/home/n/w/nwhite01/storage/ocr_20150623/23/hvd.32044012674545/516.png"; bbox 0 0 4216 6352; ppageno 0'>
   <div class='ocr_carea' id='block_1_1' title="bbox 166 391 293 457">
    <p class='ocr_par' dir='ltr' id='par_1_1' title="bbox 166 391 293 457">
     <span class='ocr_line' id='line_1_1' title="bbox 166 391 293 457; baseline -0.039 0"><span class='ocrx_word' id='word_1_1' title='bbox 166 391 293 457; x_wconf 79' lang='grc' dir='ltr'><strong>1εο9</strong></span> 
     </span>
    </p>
   </div>
   <div class='ocr_carea' id='block_1_2' title="bbox 160 494 1818 574">
    <p class='ocr_par' dir='ltr' id='par_1_2' title="bbox 160 494 1818 574">
     <span class='ocr_line' id='line_1_2' title="bbox 160 494 1818 574; baseline -0.01 -13"><span class='ocrx_word' id='word_1_2' title='bbox 160 516 211 561; x_wconf 90' lang='lat' dir='ltr'><strong>ct</strong></span> <span class='ocrx_word' id='word_1_3' title='bbox 241 502 526 574; x_wconf 81' lang='lat' dir='ltr'><strong>sulphuris</strong></span> <span class='ocrx_word' id='word_1_4' title='bbox 552 502 825 574; x_wconf 79' lang='lat' dir='ltr'><strong>pluviam,</strong></span> <span class='ocrx_word' id='word_1_5' title='bbox 856 504 909 557; x_wconf 92' lang='lat' dir='ltr'><strong>iu</strong></span> <span class='ocrx_word' id='word_1_6' title='bbox 945 515 1093 557; x_wconf 88' lang='lat' dir='ltr'><strong>mare</strong></span> <span class='ocrx_word' id='word_1_7' title='bbox 1120 496 1395 553; x_wconf 78' lang='lat' dir='ltr'><strong>Mortuutn</strong></span> <span class='ocrx_word' id='word_1_8' title='bbox 1433 512 1591 552; x_wconf 89' lang='lat' dir='ltr'><strong>versa</strong></span> <span class='ocrx_word' id='word_1_9' title='bbox 1614 502 1739 549; x_wconf 76' lang='lat' dir='ltr'><strong>est‘:</strong></span> <span class='ocrx_word' id='word_1_10' title='bbox 1772 494 1818 546; x_wconf 79' lang='grc' dir='ltr'>Α</span> 
     </span>
    </p>
   </div>
   <div class='ocr_carea' id='block_1_3' title="bbox 158 590 1743 667">
    <p class='ocr_par' dir='ltr' id='par_1_3' title="bbox 158 590 1743 667">
     <span class='ocr_line' id='line_1_3' title="bbox 158 590 1743 667; baseline -0.008 -16"><span class='ocrx_word' id='word_1_11' title='bbox 158 597 294 667; x_wconf 89' lang='lat' dir='ltr'><strong>quod</strong></span> <span class='ocrx_word' id='word_1_12' title='bbox 325 611 355 649; x_wconf 91' lang='lat' dir='ltr'><strong>a</strong></span> <span class='ocrx_word' id='word_1_13' title='bbox 387 595 605 651; x_wconf 73' lang='lat' dir='ltr'><strong>Graecis</strong></span> <span class='ocrx_word' id='word_1_14' title='bbox 636 595 797 666; x_wconf 71' lang='lat'><strong>327</strong></span> <span class='ocrx_word' id='word_1_15' title='bbox 828 592 1384 665; x_wconf 68' lang='grc' dir='ltr'><strong>λίμνηἎσφιλτῖτις,</strong></span> <span class='ocrx_word' id='word_1_16' title='bbox 1409 590 1460 645; x_wconf 92' lang='lat' dir='ltr'><strong>id</strong></span> <span class='ocrx_word' id='word_1_17' title='bbox 1492 597 1595 651; x_wconf 90' lang='lat' dir='ltr'><strong>est,</strong></span> <span class='ocrx_word' id='word_1_18' title='bbox 1624 596 1743 641; x_wconf 76' lang='lat' dir='ltr'><strong>sta-</strong></span> 
     </span>
    </p>
   </div>
   <div class='ocr_carea' id='block_1_4' title="bbox 158 684 993 758">
    <p class='ocr_par' dir='ltr' id='par_1_4' title="bbox 158 684 993 758">
     <span class='ocr_line' id='line_1_4' title="bbox 158 684 993 758; baseline -0.006 -17"><span class='ocrx_word' id='word_1_19' title='bbox 158 705 309 758; x_wconf 76' lang='lat' dir='ltr'><strong>gnum</strong></span> <span class='ocrx_word' id='word_1_20' title='bbox 341 685 639 739; x_wconf 81' lang='lat' dir='ltr'><strong>bituminis</strong></span> <span class='ocrx_word' id='word_1_21' title='bbox 669 684 993 755; x_wconf 75' lang='lat' dir='ltr'><strong>appellatur.</strong></span> 
     </span>
    </p>
   </div>
   <div class='ocr_carea' id='block_1_5' title="bbox 224 772 1745 845">
    <p class='ocr_par' dir='ltr' id='par_1_5' title="bbox 224 772 1745 845">
     <span class='ocr_line' id='line_1_5' title="bbox 224 772 1745 845; baseline -0.003 -16"><span class='ocrx_word' id='word_1_22' title='bbox 224 776 405 845; x_wconf 81' lang='lat' dir='ltr'><strong>(Vers.</strong></span> <span class='ocrx_word' id='word_1_23' title='bbox 443 774 528 843; x_wconf 83' lang='lat'><strong>5.)</strong></span> <span class='ocrx_word' id='word_1_24' title='bbox 567 794 585 826; x_wconf 76' lang='grc' dir='ltr'><strong>ι</strong></span> <span class='ocrx_word' id='word_1_25' title='bbox 626 773 692 827; x_wconf 83' lang='lat' dir='ltr'><strong>Et</strong></span> <span class='ocrx_word' id='word_1_26' title='bbox 732 776 1093 831; x_wconf 88' lang='lat' dir='ltr'><strong>condiderunt</strong></span> <span class='ocrx_word' id='word_1_27' title='bbox 1122 773 1369 843; x_wconf 75' lang='lat' dir='ltr'><strong>gigantes</strong></span> <span class='ocrx_word' id='word_1_28' title='bbox 1399 773 1453 827; x_wconf 92' lang='lat' dir='ltr'><strong>in</strong></span> <span class='ocrx_word' id='word_1_29' title='bbox 1489 772 1745 825; x_wconf 85' lang='lat' dir='ltr'><strong>Astaroth</strong></span> 
     </span>
    </p>
   </div>
   <div class='ocr_carea' id='block_1_6' title="bbox 157 863 1746 940">
    <p class='ocr_par' dir='ltr' id='par_1_6' title="bbox 157 863 1746 940">
     <span class='ocr_line' id='line_1_6' title="bbox 157 863 1746 940; baseline -0.007 -13"><span class='ocrx_word' id='word_1_30' title='bbox 157 870 435 932; x_wconf 85' lang='lat' dir='ltr'><strong>Caruaim,</strong></span> <span class='ocrx_word' id='word_1_31' title='bbox 472 879 529 923; x_wconf 93' lang='lat' dir='ltr'><strong>et</strong></span> <span class='ocrx_word' id='word_1_32' title='bbox 562 876 757 940; x_wconf 79' lang='lat' dir='ltr'><strong>gentes</strong></span> <span class='ocrx_word' id='word_1_33' title='bbox 794 868 963 923; x_wconf 87' lang='lat' dir='ltr'><strong>fortes</strong></span> <span class='ocrx_word' id='word_1_34' title='bbox 993 868 1156 921; x_wconf 86' lang='lat' dir='ltr'><strong>simul</strong></span> <span class='ocrx_word' id='word_1_35' title='bbox 1186 882 1309 921; x_wconf 87' lang='lat' dir='ltr'><strong>cum</strong></span> <span class='ocrx_word' id='word_1_36' title='bbox 1344 867 1462 921; x_wconf 89' lang='lat' dir='ltr'><strong>eis:</strong></span> <span class='ocrx_word' id='word_1_37' title='bbox 1508 876 1563 919; x_wconf 91' lang='lat' dir='ltr'><strong>et</strong></span> <span class='ocrx_word' id='word_1_38' title='bbox 1591 863 1746 919; x_wconf 88' lang='lat' dir='ltr'><strong>Omi-</strong></span> 
     </span>
    </p>
   </div>
   <div class='ocr_carea' id='block_1_7' title="bbox 160 955 1746 1028">
    <p class='ocr_par' dir='ltr' id='par_1_7' title="bbox 160 955 1746 1028">
     <span class='ocr_line' id='line_1_7' title="bbox 160 955 1746 1028; baseline 0.001 -17"><span class='ocrx_word' id='word_1_39' title='bbox 160 973 300 1013; x_wconf 67' lang='lat' dir='ltr'><strong>nmus</strong></span> <span class='ocrx_word' id='word_1_40' title='bbox 333 958 389 1011; x_wconf 91' lang='lat' dir='ltr'><strong>in</strong></span> <span class='ocrx_word' id='word_1_41' title='bbox 444 955 600 1013; x_wconf 88' lang='lat' dir='ltr'><strong>Save</strong></span> <span class='ocrx_word' id='word_1_42' title='bbox 631 960 871 1020; x_wconf 86' lang='lat' dir='ltr'><strong>civitate,</strong></span> <span class='ocrx_word' id='word_1_43' title='bbox 904 970 1190 1028; x_wconf 85' lang='lat' dir='ltr'><strong>antequam</strong></span> <span class='ocrx_word' id='word_1_44' title='bbox 1232 958 1524 1012; x_wconf 89' lang='lat' dir='ltr'><strong>Sodomam</strong></span> <span class='ocrx_word' id='word_1_45' title='bbox 1556 972 1746 1025; x_wconf 86' lang='lat' dir='ltr'><strong>pervc-</strong></span> 
     </span>
    </p>
   </div>
   <div class='ocr_carea' id='block_1_8' title="bbox 159 1047 1799 1120">
    <p class='ocr_par' dir='ltr' id='par_1_8' title="bbox 159 1047 1799 1120">
     <span class='ocr_line' id='line_1_8' title="bbox 159 1047 1799 1120; baseline 0.002 -19"><span class='ocrx_word' id='word_1_46' title='bbox 159 1050 333 1103; x_wconf 82' lang='lat' dir='ltr'><strong>nireut</strong></span> <span class='ocrx_word' id='word_1_47' title='bbox 372 1049 412 1102; x_wconf 80' lang='grc'><strong>⁸.</strong></span> <span class='ocrx_word' id='word_1_48' title='bbox 457 1067 477 1100; x_wconf 77' lang='grc' dir='ltr'><strong>ι</strong></span> <span class='ocrx_word' id='word_1_49' title='bbox 521 1047 775 1115; x_wconf 87' lang='lat' dir='ltr'><strong>Quatuor</strong></span> <span class='ocrx_word' id='word_1_50' title='bbox 796 1064 948 1119; x_wconf 73' lang='lat' dir='ltr'><strong>rcges</strong></span> <span class='ocrx_word' id='word_1_51' title='bbox 982 1050 1212 1119; x_wconf 76' lang='lat' dir='ltr'><strong>profecti</strong></span> <span class='ocrx_word' id='word_1_52' title='bbox 1240 1049 1309 1103; x_wconf 94' lang='lat' dir='ltr'><strong>de</strong></span> <span class='ocrx_word' id='word_1_53' title='bbox 1336 1048 1631 1120; x_wconf 81' lang='lat' dir='ltr'><strong>Babylone,</strong></span> <span class='ocrx_word' id='word_1_54' title='bbox 1666 1050 1748 1104; x_wconf 94' lang='lat' dir='ltr'><strong>iu-</strong></span> <span class='ocrx_word' id='word_1_55' title='bbox 1794 1070 1799 1073; x_wconf 95' lang='grc'>·</span> 
     </span>
    </p>
   </div>
   <div class='ocr_carea' id='block_1_9' title="bbox 155 1138 1750 1213">
    <p class='ocr_par' dir='ltr' id='par_1_9' title="bbox 155 1138 1750 1213">
     <span class='ocr_line' id='line_1_9' title="bbox 155 1138 1750 1213; baseline 0.002 -21"><span class='ocrx_word' id='word_1_56' title='bbox 155 1138 495 1195; x_wconf 84' lang='lat' dir='ltr'><strong>terfecerunt</strong></span> <span class='ocrx_word' id='word_1_57' title='bbox 542 1145 818 1213; x_wconf 72' lang='lat' dir='ltr'><strong>gigantes,</strong></span> <span class='ocrx_word' id='word_1_58' title='bbox 852 1142 954 1194; x_wconf 87' lang='lat' dir='ltr'><strong>hoc</strong></span> <span class='ocrx_word' id='word_1_59' title='bbox 989 1150 1073 1197; x_wconf 87' lang='lat' dir='ltr'><strong>est</strong></span> <span class='ocrx_word' id='word_1_60' title='bbox 1108 1155 1336 1195; x_wconf 71' lang='lat' dir='ltr'><strong>RAPHUI</strong></span> <span class='ocrx_word' id='word_1_61' title='bbox 1363 1139 1616 1210; x_wconf 57' lang='lat'><strong>(@891),</strong></span> <span class='ocrx_word' id='word_1_62' title='bbox 1662 1155 1750 1195; x_wconf 81' lang='lat' dir='ltr'><strong>ro-</strong></span> 
     </span>
    </p>
   </div>
   <div class='ocr_carea' id='block_1_10' title="bbox 159 1229 1748 1304">
    <p class='ocr_par' dir='ltr' id='par_1_10' title="bbox 159 1229 1748 1304">
     <span class='ocr_line' id='line_1_10' title="bbox 159 1229 1748 1304; baseline 0.002 -23"><span class='ocrx_word' id='word_1_63' title='bbox 159 1230 347 1284; x_wconf 80' lang='lat' dir='ltr'><strong>bnstos</strong></span> <span class='ocrx_word' id='word_1_64' title='bbox 379 1245 645 1299; x_wconf 88' lang='lat' dir='ltr'><strong>quosque</strong></span> <span class='ocrx_word' id='word_1_65' title='bbox 674 1230 784 1304; x_wconf 79' lang='grc' dir='ltr'><strong>[ΑΙ.</strong></span> <span class='ocrx_word' id='word_1_66' title='bbox 818 1231 1070 1302; x_wconf 84' lang='lat' dir='ltr'><strong>quoquel</strong></span> <span class='ocrx_word' id='word_1_67' title='bbox 1108 1230 1340 1293; x_wconf 69' lang='lat' dir='ltr'><strong>Arabiae,</strong></span> <span class='ocrx_word' id='word_1_68' title='bbox 1376 1242 1429 1285; x_wconf 87' lang='lat' dir='ltr'><strong>et</strong></span> <span class='ocrx_word' id='word_1_69' title='bbox 1459 1229 1665 1294; x_wconf 85' lang='lat' dir='ltr'><strong>Zozim,</strong></span> <span class='ocrx_word' id='word_1_70' title='bbox 1693 1231 1748 1284; x_wconf 94' lang='lat' dir='ltr'><strong>in</strong></span> 
     </span>
    </p>
   </div>
   <div class='ocr_carea' id='block_1_11' title="bbox 158 1322 1751 1393">
    <p class='ocr_par' dir='ltr' id='par_1_11' title="bbox 158 1322 1751 1393">
     <span class='ocr_line' id='line_1_11' title="bbox 158 1322 1751 1393; baseline 0.003 -21"><span class='ocrx_word' id='word_1_71' title='bbox 158 1323 317 1383; x_wconf 77' lang='lat' dir='ltr'><strong>Hom,</strong></span> <span class='ocrx_word' id='word_1_72' title='bbox 357 1331 416 1376; x_wconf 90' lang='lat' dir='ltr'><strong>et</strong></span> <span class='ocrx_word' id='word_1_73' title='bbox 448 1322 635 1376; x_wconf 78' lang='lat' dir='ltr'><strong>Emim</strong></span> <span class='ocrx_word' id='word_1_74' title='bbox 684 1322 739 1376; x_wconf 92' lang='lat' dir='ltr'><strong>iu</strong></span> <span class='ocrx_word' id='word_1_75' title='bbox 766 1324 988 1378; x_wconf 88' lang='lat' dir='ltr'><strong>civitate</strong></span> <span class='ocrx_word' id='word_1_76' title='bbox 1025 1322 1187 1388; x_wconf 77' lang='lat' dir='ltr'><strong>Save,</strong></span> <span class='ocrx_word' id='word_1_77' title='bbox 1223 1338 1345 1392; x_wconf 70' lang='lat' dir='ltr'><strong>quae</strong></span> <span class='ocrx_word' id='word_1_78' title='bbox 1380 1339 1554 1393; x_wconf 80' lang='lat' dir='ltr'><strong>usque</strong></span> <span class='ocrx_word' id='word_1_79' title='bbox 1589 1325 1751 1377; x_wconf 81' lang='lat' dir='ltr'><strong>hmlie</strong></span> 
     </span>
    </p>
   </div>
   <div class='ocr_carea' id='block_1_12' title="bbox 158 1415 1747 1485">
    <p class='ocr_par' dir='ltr' id='par_1_12' title="bbox 158 1415 1747 1485">
     <span class='ocr_line' id='line_1_12' title="bbox 158 1415 1747 1485; baseline 0.003 -16"><span class='ocrx_word' id='word_1_80' title='bbox 158 1415 233 1469; x_wconf 87' lang='lat' dir='ltr'><strong>sic</strong></span> <span class='ocrx_word' id='word_1_81' title='bbox 275 1425 537 1471; x_wconf 89' lang='lat' dir='ltr'><strong>vocatur.</strong></span> <span class='ocrx_word' id='word_1_82' title='bbox 571 1416 743 1471; x_wconf 80' lang='lat' dir='ltr'><strong>Zoztu</strong></span> <span class='ocrx_word' id='word_1_83' title='bbox 792 1415 977 1482; x_wconf 64' lang='lat' dir='ltr'><strong>(3th?)</strong></span> <span class='ocrx_word' id='word_1_84' title='bbox 1032 1426 1212 1469; x_wconf 87' lang='lat' dir='ltr'><strong>autem</strong></span> <span class='ocrx_word' id='word_1_85' title='bbox 1241 1424 1296 1470; x_wconf 88' lang='lat' dir='ltr'><strong>et</strong></span> <span class='ocrx_word' id='word_1_86' title='bbox 1328 1432 1460 1470; x_wconf 70' lang='grc' dir='ltr'>ειινιι</span> <span class='ocrx_word' id='word_1_87' title='bbox 1496 1416 1747 1485; x_wconf 64' lang='lat' dir='ltr'><strong>(minus).</strong></span> 
     </span>
    </p>
   </div>
   <div class='ocr_carea' id='block_1_13' title="bbox 161 1507 1748 1576">
    <p class='ocr_par' dir='ltr' id='par_1_13' title="bbox 161 1507 1748 1576">
     <span class='ocr_line' id='line_1_13' title="bbox 161 1507 1748 1576; baseline 0 -16"><span class='ocrx_word' id='word_1_88' title='bbox 161 1511 429 1562; x_wconf 83' lang='lat' dir='ltr'><strong>terribiles</strong></span> <span class='ocrx_word' id='word_1_89' title='bbox 464 1517 524 1564; x_wconf 88' lang='lat' dir='ltr'><strong>et</strong></span> <span class='ocrx_word' id='word_1_90' title='bbox 554 1509 813 1563; x_wconf 87' lang='lat' dir='ltr'><strong>horrendi</strong></span> <span class='ocrx_word' id='word_1_91' title='bbox 853 1508 1320 1575; x_wconf 81' lang='lat' dir='ltr'><strong>interpretantur:</strong></span> <span class='ocrx_word' id='word_1_92' title='bbox 1351 1523 1449 1576; x_wconf 88' lang='lat' dir='ltr'><strong>pro</strong></span> <span class='ocrx_word' id='word_1_93' title='bbox 1470 1523 1581 1576; x_wconf 90' lang='lat' dir='ltr'><strong>quo</strong></span> <span class='ocrx_word' id='word_1_94' title='bbox 1614 1507 1748 1575; x_wconf 60' lang='lat' dir='ltr'><strong>Sep-</strong></span> 
     </span>
    </p>
   </div>
   <div class='ocr_carea' id='block_1_14' title="bbox 162 1599 1750 1669">
    <p class='ocr_par' dir='ltr' id='par_1_14' title="bbox 162 1599 1750 1669">
     <span class='ocr_line' id='line_1_14' title="bbox 162 1599 1750 1669; baseline -0.001 -16"><span class='ocrx_word' id='word_1_95' title='bbox 162 1600 431 1669; x_wconf 74' lang='lat' dir='ltr'><strong>tuagiula,</strong></span> <span class='ocrx_word' id='word_1_96' title='bbox 485 1616 717 1655; x_wconf 85' lang='lat' dir='ltr'><strong>sensum</strong></span> <span class='ocrx_word' id='word_1_97' title='bbox 771 1599 944 1668; x_wconf 73' lang='lat' dir='ltr'><strong>magis</strong></span> <span class='ocrx_word' id='word_1_98' title='bbox 985 1614 1146 1668; x_wconf 87' lang='lat' dir='ltr'><strong>quam</strong></span> <span class='ocrx_word' id='word_1_99' title='bbox 1204 1601 1426 1652; x_wconf 83' lang='lat' dir='ltr'><strong>verbum</strong></span> <span class='ocrx_word' id='word_1_100' title='bbox 1482 1614 1541 1652; x_wconf 82' lang='lat' dir='ltr'><strong>ex</strong></span> <span class='ocrx_word' id='word_1_101' title='bbox 1584 1600 1750 1652; x_wconf 89' lang='lat' dir='ltr'><strong>verbo</strong></span> 
     </span>
    </p>
   </div>
   <div class='ocr_carea' id='block_1_15' title="bbox 160 1688 1752 1760">
    <p class='ocr_par' dir='ltr' id='par_1_15' title="bbox 160 1688 1752 1760">
     <span class='ocr_line' id='line_1_15' title="bbox 160 1688 1752 1760; baseline 0 -17"><span class='ocrx_word' id='word_1_102' title='bbox 160 1691 591 1753; x_wconf 83' lang='lat' dir='ltr'><strong>transferentes,</strong></span> <span class='ocrx_word' id='word_1_103' title='bbox 639 1700 817 1760; x_wconf 82' lang='lat' dir='ltr'><strong>gentes</strong></span> <span class='ocrx_word' id='word_1_104' title='bbox 864 1689 1181 1759; x_wconf 81' lang='lat' dir='ltr'><strong>[artissimas</strong></span> <span class='ocrx_word' id='word_1_105' title='bbox 1229 1699 1548 1758; x_wconf 78' lang='lat' dir='ltr'><strong>posuerunt.</strong></span> <span class='ocrx_word' id='word_1_106' title='bbox 1581 1688 1752 1743; x_wconf 82' lang='lat' dir='ltr'><strong>Porro</strong></span> 
     </span>
    </p>
   </div>
   <div class='ocr_carea' id='block_1_16' title="bbox 160 1780 1750 1852">
    <p class='ocr_par' dir='ltr' id='par_1_16' title="bbox 160 1780 1750 1852">
     <span class='ocr_line' id='line_1_16' title="bbox 160 1780 1750 1852; baseline -0.004 -15"><span class='ocrx_word' id='word_1_107' title='bbox 160 1798 316 1848; x_wconf 68' lang='grc' dir='ltr'>ιλιι,</span> <span class='ocrx_word' id='word_1_108' title='bbox 356 1798 464 1852; x_wconf 91' lang='lat' dir='ltr'><strong>pro</strong></span> <span class='ocrx_word' id='word_1_109' title='bbox 502 1797 619 1850; x_wconf 88' lang='lat' dir='ltr'><strong>quo</strong></span> <span class='ocrx_word' id='word_1_110' title='bbox 659 1780 939 1846; x_wconf 87' lang='lat' dir='ltr'><strong>dixerunt,</strong></span> <span class='ocrx_word' id='word_1_111' title='bbox 973 1781 1091 1849; x_wconf 67' lang='grc' dir='ltr'><strong>ἅμα</strong></span> <span class='ocrx_word' id='word_1_112' title='bbox 1135 1782 1339 1840; x_wconf 74' lang='grc' dir='ltr'><strong>αὐτοῖς,</strong></span> <span class='ocrx_word' id='word_1_113' title='bbox 1393 1781 1497 1835; x_wconf 90' lang='lat' dir='ltr'><strong>hoc</strong></span> <span class='ocrx_word' id='word_1_114' title='bbox 1523 1791 1608 1835; x_wconf 92' lang='lat' dir='ltr'><strong>est</strong></span> <span class='ocrx_word' id='word_1_115' title='bbox 1634 1797 1750 1832; x_wconf 79' lang='lat' dir='ltr'><strong>runt</strong></span> 
     </span>
    </p>
   </div>
   <div class='ocr_carea' id='block_1_17' title="bbox 162 1852 1834 1943">
    <p class='ocr_par' dir='ltr' id='par_1_17' title="bbox 162 1852 1834 1943">
     <span class='ocr_line' id='line_1_17' title="bbox 162 1852 1834 1943; baseline -0.002 -14"><span class='ocrx_word' id='word_1_116' title='bbox 162 1879 255 1939; x_wconf 85' lang='lat' dir='ltr'><strong>eis,</strong></span> <span class='ocrx_word' id='word_1_117' title='bbox 310 1883 664 1943; x_wconf 88' lang='lat' dir='ltr'><strong>putaverunt</strong></span> <span class='ocrx_word' id='word_1_118' title='bbox 717 1872 882 1927; x_wconf 90' lang='lat' dir='ltr'><strong>scribi</strong></span> <span class='ocrx_word' id='word_1_119' title='bbox 922 1889 1015 1942; x_wconf 92' lang='lat' dir='ltr'><strong>per</strong></span> <span class='ocrx_word' id='word_1_120' title='bbox 1043 1888 1110 1925; x_wconf 72' lang='lat' dir='ltr'><strong>ne</strong></span> <span class='ocrx_word' id='word_1_121' title='bbox 1170 1875 1273 1940; x_wconf 75' lang='grc' dir='ltr'><strong>(τι),</strong></span> <span class='ocrx_word' id='word_1_122' title='bbox 1314 1873 1466 1927; x_wconf 87' lang='lat' dir='ltr'><strong>dueti</strong></span> <span class='ocrx_word' id='word_1_123' title='bbox 1506 1873 1758 1927; x_wconf 80' lang='lat' dir='ltr'><strong>elementi</strong></span> <span class='ocrx_word' id='word_1_124' title='bbox 1790 1852 1834 1909; x_wconf 73' lang='grc' dir='ltr'>Β</span> 
     </span>
    </p>
   </div>
   <div class='ocr_carea' id='block_1_18' title="bbox 165 1964 1759 2034">
    <p class='ocr_par' dir='ltr' id='par_1_18' title="bbox 165 1964 1759 2034">
     <span class='ocr_line' id='line_1_18' title="bbox 165 1964 1759 2034; baseline -0.002 -12"><span class='ocrx_word' id='word_1_125' title='bbox 165 1966 561 2031; x_wconf 84' lang='lat' dir='ltr'><strong>similitudine,</strong></span> <span class='ocrx_word' id='word_1_126' title='bbox 616 1981 739 2020; x_wconf 92' lang='lat' dir='ltr'><strong>cum</strong></span> <span class='ocrx_word' id='word_1_127' title='bbox 790 1981 883 2034; x_wconf 82' lang='lat' dir='ltr'><strong>per</strong></span> <span class='ocrx_word' id='word_1_128' title='bbox 940 1979 1082 2018; x_wconf 69' lang='lat' dir='ltr'><strong>nuru</strong></span> <span class='ocrx_word' id='word_1_129' title='bbox 1120 1967 1385 2033; x_wconf 86' lang='lat' dir='ltr'><strong>scriptum</strong></span> <span class='ocrx_word' id='word_1_130' title='bbox 1432 1965 1502 2018; x_wconf 85' lang='lat' dir='ltr'><strong>sit</strong></span> <span class='ocrx_word' id='word_1_131' title='bbox 1535 1968 1575 2019; x_wconf 75' lang='grc'><strong>³.</strong></span> <span class='ocrx_word' id='word_1_132' title='bbox 1613 1964 1759 2019; x_wconf 64' lang='lat' dir='ltr'><strong>anu</strong></span> 
     </span>
    </p>
   </div>
   <div class='ocr_carea' id='block_1_19' title="bbox 171 2057 1763 2129">
    <p class='ocr_par' dir='ltr' id='par_1_19' title="bbox 171 2057 1763 2129">
     <span class='ocr_line' id='line_1_19' title="bbox 171 2057 1763 2129; baseline -0.001 -15"><span class='ocrx_word' id='word_1_133' title='bbox 171 2060 338 2129; x_wconf 73' lang='lat' dir='ltr'><strong>(iam)</strong></span> <span class='ocrx_word' id='word_1_134' title='bbox 387 2061 547 2115; x_wconf 89' lang='lat' dir='ltr'><strong>enim</strong></span> <span class='ocrx_word' id='word_1_135' title='bbox 573 2066 701 2113; x_wconf 89' lang='lat' dir='ltr'><strong>cum</strong></span> <span class='ocrx_word' id='word_1_136' title='bbox 736 2073 828 2122; x_wconf 88' lang='lat' dir='ltr'><strong>per</strong></span> <span class='ocrx_word' id='word_1_137' title='bbox 863 2067 973 2111; x_wconf 88' lang='lat' dir='ltr'><strong>tres</strong></span> <span class='ocrx_word' id='word_1_138' title='bbox 1003 2058 1215 2111; x_wconf 87' lang='lat' dir='ltr'><strong>litteras</strong></span> <span class='ocrx_word' id='word_1_139' title='bbox 1239 2058 1545 2114; x_wconf 83' lang='lat' dir='ltr'><strong>scribitur:</strong></span> <span class='ocrx_word' id='word_1_140' title='bbox 1580 2057 1627 2112; x_wconf 92' lang='lat' dir='ltr'><strong>si</strong></span> <span class='ocrx_word' id='word_1_141' title='bbox 1652 2074 1763 2112; x_wconf 91' lang='lat' dir='ltr'><strong>me-</strong></span> 
     </span>
    </p>
   </div>
   <div class='ocr_carea' id='block_1_20' title="bbox 168 2149 1762 2217">
    <p class='ocr_par' dir='ltr' id='par_1_20' title="bbox 168 2149 1762 2217">
     <span class='ocr_line' id='line_1_20' title="bbox 168 2149 1762 2217; baseline -0.001 -13"><span class='ocrx_word' id='word_1_142' title='bbox 168 2154 309 2206; x_wconf 85' lang='lat' dir='ltr'><strong>diam</strong></span> <span class='ocrx_word' id='word_1_143' title='bbox 363 2167 437 2205; x_wconf 76' lang='lat' dir='ltr'><strong>ut;</strong></span> <span class='ocrx_word' id='word_1_144' title='bbox 488 2151 682 2214; x_wconf 82' lang='lat' dir='ltr'><strong>habet,</strong></span> <span class='ocrx_word' id='word_1_145' title='bbox 735 2149 1124 2217; x_wconf 77' lang='lat' dir='ltr'><strong>interpretatur</strong></span> <span class='ocrx_word' id='word_1_146' title='bbox 1169 2150 1225 2202; x_wconf 89' lang='lat' dir='ltr'><strong>in</strong></span> <span class='ocrx_word' id='word_1_147' title='bbox 1269 2150 1342 2202; x_wconf 84' lang='lat' dir='ltr'><strong>eis</strong></span> <span class='ocrx_word' id='word_1_148' title='bbox 1407 2149 1427 2178; x_wconf 89' lang='grc'>⁸</span> <span class='ocrx_word' id='word_1_149' title='bbox 1455 2165 1469 2202; x_wconf 90' lang='lat'><strong>:</strong></span> <span class='ocrx_word' id='word_1_150' title='bbox 1498 2150 1544 2204; x_wconf 91' lang='lat' dir='ltr'><strong>si</strong></span> <span class='ocrx_word' id='word_1_151' title='bbox 1578 2160 1762 2204; x_wconf 89' lang='lat' dir='ltr'><strong>autem</strong></span> 
     </span>
    </p>
   </div>
   <div class='ocr_carea' id='block_1_21' title="bbox 169 2240 1765 2311">
    <p class='ocr_par' dir='ltr' id='par_1_21' title="bbox 169 2240 1765 2311">
     <span class='ocr_line' id='line_1_21' title="bbox 169 2240 1765 2311; baseline 0.001 -15"><span class='ocrx_word' id='word_1_152' title='bbox 169 2259 331 2306; x_wconf 75' lang='grc' dir='ltr'>ιιετιι,</span> <span class='ocrx_word' id='word_1_153' title='bbox 384 2254 451 2296; x_wconf 90' lang='lat' dir='ltr'><strong>ut</strong></span> <span class='ocrx_word' id='word_1_154' title='bbox 502 2242 558 2295; x_wconf 89' lang='lat' dir='ltr'><strong>in</strong></span> <span class='ocrx_word' id='word_1_155' title='bbox 593 2240 869 2311; x_wconf 70' lang='lat' dir='ltr'><strong>praesenti,</strong></span> <span class='ocrx_word' id='word_1_156' title='bbox 913 2240 1091 2295; x_wconf 82' lang='lat' dir='ltr'><strong>locum</strong></span> <span class='ocrx_word' id='word_1_157' title='bbox 1127 2240 1417 2309; x_wconf 77' lang='lat' dir='ltr'><strong>signiﬁcat,</strong></span> <span class='ocrx_word' id='word_1_158' title='bbox 1468 2243 1525 2297; x_wconf 90' lang='lat' dir='ltr'><strong>id</strong></span> <span class='ocrx_word' id='word_1_159' title='bbox 1554 2256 1655 2309; x_wconf 84' lang='lat' dir='ltr'><strong>est,</strong></span> <span class='ocrx_word' id='word_1_160' title='bbox 1712 2259 1765 2297; x_wconf 76' lang='lat' dir='ltr'><strong>IN</strong></span> 
     </span>
    </p>
   </div>
   <div class='ocr_carea' id='block_1_22' title="bbox 171 2333 539 2403">
    <p class='ocr_par' dir='ltr' id='par_1_22' title="bbox 171 2333 539 2403">
     <span class='ocr_line' id='line_1_22' title="bbox 171 2333 539 2403; baseline -0.005 -15"><span class='ocrx_word' id='word_1_161' title='bbox 171 2351 279 2389; x_wconf 72' lang='lat' dir='ltr'><strong>non</strong></span> <span class='ocrx_word' id='word_1_162' title='bbox 336 2333 539 2403; x_wconf 64' lang='grc' dir='ltr'><strong>(ει-ιι).</strong></span> 
     </span>
    </p>
   </div>
   <div class='ocr_carea' id='block_1_23' title="bbox 245 2423 1759 2494">
    <p class='ocr_par' dir='ltr' id='par_1_23' title="bbox 245 2423 1759 2494">
     <span class='ocr_line' id='line_1_23' title="bbox 245 2423 1759 2494; baseline -0.001 -15"><span class='ocrx_word' id='word_1_163' title='bbox 245 2426 430 2491; x_wconf 84' lang='lat' dir='ltr'><strong>(Vers.</strong></span> <span class='ocrx_word' id='word_1_164' title='bbox 482 2424 560 2494; x_wconf 85' lang='lat'><strong>7.)</strong></span> <span class='ocrx_word' id='word_1_165' title='bbox 600 2442 618 2475; x_wconf 74' lang='grc' dir='ltr'><strong>ι</strong></span> <span class='ocrx_word' id='word_1_166' title='bbox 662 2423 725 2478; x_wconf 85' lang='lat' dir='ltr'><strong>Et</strong></span> <span class='ocrx_word' id='word_1_167' title='bbox 760 2434 1093 2478; x_wconf 82' lang='lat' dir='ltr'><strong>revertentes</strong></span> <span class='ocrx_word' id='word_1_168' title='bbox 1141 2435 1412 2479; x_wconf 85' lang='lat' dir='ltr'><strong>venerunt</strong></span> <span class='ocrx_word' id='word_1_169' title='bbox 1443 2427 1510 2480; x_wconf 89' lang='lat' dir='ltr'><strong>ad</strong></span> <span class='ocrx_word' id='word_1_170' title='bbox 1551 2428 1759 2480; x_wconf 77' lang='lat' dir='ltr'><strong>fontem</strong></span> 
     </span>
    </p>
   </div>
   <div class='ocr_carea' id='block_1_24' title="bbox 172 2513 1757 2585">
    <p class='ocr_par' dir='ltr' id='par_1_24' title="bbox 172 2513 1757 2585">
     <span class='ocr_line' id='line_1_24' title="bbox 172 2513 1757 2585; baseline 0.001 -17"><span class='ocrx_word' id='word_1_171' title='bbox 172 2514 389 2584; x_wconf 76' lang='lat' dir='ltr'><strong>iudicii,</strong></span> <span class='ocrx_word' id='word_1_172' title='bbox 417 2517 539 2569; x_wconf 66' lang='lat' dir='ltr'><strong>hmc</strong></span> <span class='ocrx_word' id='word_1_173' title='bbox 564 2524 648 2569; x_wconf 91' lang='lat' dir='ltr'><strong>est</strong></span> <span class='ocrx_word' id='word_1_174' title='bbox 666 2514 861 2568; x_wconf 72' lang='lat' dir='ltr'><strong>Cades.</strong></span> <span class='ocrx_word' id='word_1_175' title='bbox 896 2535 911 2567; x_wconf 82' lang='grc' dir='ltr'><strong>ι</strong></span> <span class='ocrx_word' id='word_1_176' title='bbox 946 2513 1047 2569; x_wconf 88' lang='lat' dir='ltr'><strong>Per</strong></span> <span class='ocrx_word' id='word_1_177' title='bbox 1069 2517 1512 2585; x_wconf 78' lang='lat' dir='ltr'><strong>anticipationem</strong></span> <span class='ocrx_word' id='word_1_178' title='bbox 1532 2518 1757 2583; x_wconf 79' lang='lat' dir='ltr'><strong>dicitur,</strong></span> 
     </span>
    </p>
   </div>
   <div class='ocr_carea' id='block_1_25' title="bbox 179 2609 1766 2681">
    <p class='ocr_par' dir='ltr' id='par_1_25' title="bbox 179 2609 1766 2681">
     <span class='ocr_line' id='line_1_25' title="bbox 179 2609 1766 2681; baseline 0.006 -23"><span class='ocrx_word' id='word_1_179' title='bbox 179 2610 320 2677; x_wconf 80' lang='lat' dir='ltr'><strong>quod</strong></span> <span class='ocrx_word' id='word_1_180' title='bbox 355 2618 557 2678; x_wconf 70' lang='lat' dir='ltr'><strong>postea</strong></span> <span class='ocrx_word' id='word_1_181' title='bbox 592 2610 671 2663; x_wconf 91' lang='lat' dir='ltr'><strong>sic</strong></span> <span class='ocrx_word' id='word_1_182' title='bbox 700 2618 949 2663; x_wconf 81' lang='lat' dir='ltr'><strong>vocatum</strong></span> <span class='ocrx_word' id='word_1_183' title='bbox 978 2619 1081 2664; x_wconf 86' lang='lat' dir='ltr'><strong>est.</strong></span> <span class='ocrx_word' id='word_1_184' title='bbox 1120 2609 1407 2681; x_wconf 77' lang='lat' dir='ltr'><strong>Signiﬁcat</strong></span> <span class='ocrx_word' id='word_1_185' title='bbox 1452 2622 1633 2667; x_wconf 85' lang='lat' dir='ltr'><strong>autem</strong></span> <span class='ocrx_word' id='word_1_186' title='bbox 1687 2614 1766 2667; x_wconf 83' lang='lat' dir='ltr'><strong>lo-</strong></span> 
     </span>
    </p>
   </div>
   <div class='ocr_carea' id='block_1_26' title="bbox 178 2700 1765 2772">
    <p class='ocr_par' dir='ltr' id='par_1_26' title="bbox 178 2700 1765 2772">
     <span class='ocr_line' id='line_1_26' title="bbox 178 2700 1765 2772; baseline 0.002 -16"><span class='ocrx_word' id='word_1_187' title='bbox 178 2718 300 2757; x_wconf 86' lang='lat' dir='ltr'><strong>cum</strong></span> <span class='ocrx_word' id='word_1_188' title='bbox 337 2702 489 2771; x_wconf 89' lang='lat' dir='ltr'><strong>apud</strong></span> <span class='ocrx_word' id='word_1_189' title='bbox 566 2700 805 2766; x_wconf 78' lang='lat' dir='ltr'><strong>Petram,</strong></span> <span class='ocrx_word' id='word_1_190' title='bbox 859 2703 946 2767; x_wconf 83' lang='lat' dir='ltr'><strong>qui</strong></span> <span class='ocrx_word' id='word_1_191' title='bbox 1005 2702 1123 2757; x_wconf 88' lang='lat' dir='ltr'><strong>fons</strong></span> <span class='ocrx_word' id='word_1_192' title='bbox 1151 2704 1343 2772; x_wconf 84' lang='lat' dir='ltr'><strong>judicii</strong></span> <span class='ocrx_word' id='word_1_193' title='bbox 1398 2706 1765 2759; x_wconf 83' lang='lat' dir='ltr'><strong>nominatur:</strong></span> 
     </span>
    </p>
   </div>
   <div class='ocr_carea' id='block_1_27' title="bbox 182 2793 1765 2866">
    <p class='ocr_par' dir='ltr' id='par_1_27' title="bbox 182 2793 1765 2866">
     <span class='ocr_line' id='line_1_27' title="bbox 182 2793 1765 2866; baseline 0.003 -19"><span class='ocrx_word' id='word_1_194' title='bbox 182 2794 307 2863; x_wconf 86' lang='lat' dir='ltr'><strong>quia</strong></span> <span class='ocrx_word' id='word_1_195' title='bbox 343 2794 421 2848; x_wconf 87' lang='lat' dir='ltr'><strong>ibi</strong></span> <span class='ocrx_word' id='word_1_196' title='bbox 461 2793 611 2847; x_wconf 89' lang='lat' dir='ltr'><strong>Deus</strong></span> <span class='ocrx_word' id='word_1_197' title='bbox 671 2793 931 2861; x_wconf 86' lang='lat' dir='ltr'><strong>populum</strong></span> <span class='ocrx_word' id='word_1_198' title='bbox 989 2793 1279 2862; x_wconf 81' lang='lat' dir='ltr'><strong>judicavit.</strong></span> <span class='ocrx_word' id='word_1_199' title='bbox 1326 2816 1343 2848; x_wconf 78' lang='grc' dir='ltr'><strong>ι</strong></span> <span class='ocrx_word' id='word_1_200' title='bbox 1376 2796 1441 2850; x_wconf 86' lang='grc' dir='ltr'>Ει</span> <span class='ocrx_word' id='word_1_201' title='bbox 1472 2810 1765 2866; x_wconf 85' lang='lat' dir='ltr'><strong>percusse-</strong></span> 
     </span>
    </p>
   </div>
   <div class='ocr_carea' id='block_1_28' title="bbox 182 2885 1766 2953">
    <p class='ocr_par' dir='ltr' id='par_1_28' title="bbox 182 2885 1766 2953">
     <span class='ocr_line' id='line_1_28' title="bbox 182 2885 1766 2953; baseline 0.004 -16"><span class='ocrx_word' id='word_1_202' title='bbox 182 2895 309 2940; x_wconf 89' lang='lat' dir='ltr'><strong>ruut</strong></span> <span class='ocrx_word' id='word_1_203' title='bbox 337 2900 567 2939; x_wconf 87' lang='lat' dir='ltr'><strong>omnem</strong></span> <span class='ocrx_word' id='word_1_204' title='bbox 593 2885 869 2953; x_wconf 80' lang='lat' dir='ltr'><strong>regionem</strong></span> <span class='ocrx_word' id='word_1_205' title='bbox 897 2885 1320 2941; x_wconf 75' lang='lat' dir='ltr'><strong>Amalecitarutn</strong></span> <span class='ocrx_word' id='word_1_206' title='bbox 1342 2897 1399 2943; x_wconf 91' lang='lat' dir='ltr'><strong>et</strong></span> <span class='ocrx_word' id='word_1_207' title='bbox 1421 2888 1766 2943; x_wconf 75' lang='lat' dir='ltr'><strong>Amor-rham-</strong></span> 
     </span>
    </p>
   </div>
   <div class='ocr_carea' id='block_1_29' title="bbox 182 2977 1764 3052">
    <p class='ocr_par' dir='ltr' id='par_1_29' title="bbox 182 2977 1764 3052">
     <span class='ocr_line' id='line_1_29' title="bbox 182 2977 1764 3052; baseline 0.003 -19"><span class='ocrx_word' id='word_1_208' title='bbox 182 2995 302 3033; x_wconf 86' lang='lat' dir='ltr'><strong>rum</strong></span> <span class='ocrx_word' id='word_1_209' title='bbox 353 2978 641 3034; x_wconf 85' lang='lat' dir='ltr'><strong>sedentem</strong></span> <span class='ocrx_word' id='word_1_210' title='bbox 695 2977 747 3031; x_wconf 90' lang='lat' dir='ltr'><strong>iu</strong></span> <span class='ocrx_word' id='word_1_211' title='bbox 800 2980 1254 3034; x_wconf 75' lang='lat' dir='ltr'><strong>Asasonthamar.</strong></span> <span class='ocrx_word' id='word_1_212' title='bbox 1291 2999 1308 3032; x_wconf 78' lang='grc' dir='ltr'><strong>ι</strong></span> <span class='ocrx_word' id='word_1_213' title='bbox 1355 2983 1469 3037; x_wconf 80' lang='lat' dir='ltr'><strong>Hoc</strong></span> <span class='ocrx_word' id='word_1_214' title='bbox 1503 2984 1764 3052; x_wconf 82' lang='lat' dir='ltr'><strong>oppidum</strong></span> 
     </span>
    </p>
   </div>
   <div class='ocr_carea' id='block_1_30' title="bbox 180 3072 1767 3146">
    <p class='ocr_par' dir='ltr' id='par_1_30' title="bbox 180 3072 1767 3146">
     <span class='ocr_line' id='line_1_30' title="bbox 180 3072 1767 3146; baseline 0.004 -21"><span class='ocrx_word' id='word_1_215' title='bbox 180 3080 288 3134; x_wconf 91' lang='lat' dir='ltr'><strong>est,</strong></span> <span class='ocrx_word' id='word_1_216' title='bbox 320 3072 476 3139; x_wconf 90' lang='lat' dir='ltr'><strong>quod</strong></span> <span class='ocrx_word' id='word_1_217' title='bbox 521 3085 669 3123; x_wconf 90' lang='lat' dir='ltr'><strong>nunc</strong></span> <span class='ocrx_word' id='word_1_218' title='bbox 722 3079 948 3125; x_wconf 77' lang='lat' dir='ltr'><strong>vocatur</strong></span> <span class='ocrx_word' id='word_1_219' title='bbox 987 3072 1251 3142; x_wconf 81' lang='lat' dir='ltr'><strong>Eugaddi,</strong></span> <span class='ocrx_word' id='word_1_220' title='bbox 1294 3074 1528 3130; x_wconf 87' lang='lat' dir='ltr'><strong>balsami</strong></span> <span class='ocrx_word' id='word_1_221' title='bbox 1559 3088 1611 3131; x_wconf 93' lang='lat' dir='ltr'><strong>et</strong></span> <span class='ocrx_word' id='word_1_222' title='bbox 1647 3079 1767 3146; x_wconf 58' lang='lat' dir='ltr'><strong>pal.</strong></span> 
     </span>
    </p>
   </div>
   <div class='ocr_carea' id='block_1_31' title="bbox 1160 368 2450 444">
    <p class='ocr_par' dir='ltr' id='par_1_31' title="bbox 1160 368 2450 444">
     <span class='ocr_line' id='line_1_31' title="bbox 1160 368 2450 444; baseline -0.009 -2"><span class='ocrx_word' id='word_1_223' title='bbox 1160 384 1402 443; x_wconf 75' lang='lat' dir='ltr'><strong>LIBER</strong></span> <span class='ocrx_word' id='word_1_224' title='bbox 1433 378 1666 441; x_wconf 73' lang='lat' dir='ltr'><strong>HEBR.</strong></span> <span class='ocrx_word' id='word_1_225' title='bbox 1711 374 2019 444; x_wconf 66' lang='lat' dir='ltr'><strong>QUA&#39;IS&#39;I‘.‘</strong></span> <span class='ocrx_word' id='word_1_226' title='bbox 2046 372 2128 433; x_wconf 85' lang='grc' dir='ltr'>ΙΝ</span> <span class='ocrx_word' id='word_1_227' title='bbox 2168 368 2450 435; x_wconf 82' lang='lat' dir='ltr'><strong>GENES.</strong></span> 
     </span>
    </p>
   </div>
   <div class='ocr_carea' id='block_1_32' title="bbox 3290 364 3430 432">
    <p class='ocr_par' dir='ltr' id='par_1_32' title="bbox 3290 364 3430 432">
     <span class='ocr_line' id='line_1_32' title="bbox 3290 364 3430 432; baseline -0.007 -2"><span class='ocrx_word' id='word_1_228' title='bbox 3290 364 3430 432; x_wconf 75' lang='lat'><strong>1010</strong></span> 
     </span>
    </p>
   </div>
   <div class='ocr_carea' id='block_1_33' title="bbox 1916 484 3430 560">
    <p class='ocr_par' dir='ltr' id='par_1_33' title="bbox 1916 484 3430 560">
     <span class='ocr_line' id='line_1_33' title="bbox 1916 484 3430 560; baseline -0.003 -16"><span class='ocrx_word' id='word_1_229' title='bbox 1916 489 2099 560; x_wconf 83' lang='lat' dir='ltr'><strong>(Vers.</strong></span> <span class='ocrx_word' id='word_1_230' title='bbox 2142 490 2255 558; x_wconf 82' lang='lat' dir='ltr'><strong>ll.)</strong></span> <span class='ocrx_word' id='word_1_231' title='bbox 2291 509 2309 541; x_wconf 85' lang='grc'><strong><em>‹</em></strong></span> <span class='ocrx_word' id='word_1_232' title='bbox 2350 491 2416 543; x_wconf 84' lang='lat' dir='ltr'><strong>Et</strong></span> <span class='ocrx_word' id='word_1_233' title='bbox 2458 487 2694 542; x_wconf 87' lang='lat' dir='ltr'><strong>tulerunt</strong></span> <span class='ocrx_word' id='word_1_234' title='bbox 2728 502 2946 541; x_wconf 81' lang='lat' dir='ltr'><strong>onmem</strong></span> <span class='ocrx_word' id='word_1_235' title='bbox 2989 486 3293 555; x_wconf 82' lang='lat' dir='ltr'><strong>equitatuut</strong></span> <span class='ocrx_word' id='word_1_236' title='bbox 3322 484 3430 539; x_wconf 89' lang='lat' dir='ltr'><strong>So-</strong></span> 
     </span>
    </p>
   </div>
   <div class='ocr_carea' id='block_1_34' title="bbox 1853 577 3430 654">
    <p class='ocr_par' dir='ltr' id='par_1_34' title="bbox 1853 577 3430 654">
     <span class='ocr_line' id='line_1_34' title="bbox 1853 577 3430 654; baseline -0.004 -17"><span class='ocrx_word' id='word_1_237' title='bbox 1853 584 2136 639; x_wconf 87' lang='lat' dir='ltr'><strong>domorum</strong></span> <span class='ocrx_word' id='word_1_238' title='bbox 2169 585 2334 654; x_wconf 72' lang='lat'><strong>328</strong></span> <span class='ocrx_word' id='word_1_239' title='bbox 2376 590 2431 638; x_wconf 87' lang='lat' dir='ltr'><strong>et</strong></span> <span class='ocrx_word' id='word_1_240' title='bbox 2482 578 2825 634; x_wconf 80' lang='lat' dir='ltr'><strong>Gomorrhzn.</strong></span> <span class='ocrx_word' id='word_1_241' title='bbox 2858 598 2877 631; x_wconf 74' lang='grc' dir='ltr'><strong>ι</strong></span> <span class='ocrx_word' id='word_1_242' title='bbox 2918 580 3018 633; x_wconf 81' lang='lat' dir='ltr'><strong>Pro</strong></span> <span class='ocrx_word' id='word_1_243' title='bbox 3067 579 3316 649; x_wconf 86' lang='lat' dir='ltr'><strong>equitatu</strong></span> <span class='ocrx_word' id='word_1_244' title='bbox 3376 577 3430 631; x_wconf 91' lang='lat' dir='ltr'><strong>in</strong></span> 
     </span>
    </p>
   </div>
   <div class='ocr_carea' id='block_1_35' title="bbox 1854 670 3361 742">
    <p class='ocr_par' dir='ltr' id='par_1_35' title="bbox 1854 670 3361 742">
     <span class='ocr_line' id='line_1_35' title="bbox 1854 670 3361 742; baseline -0.003 -14"><span class='ocrx_word' id='word_1_245' title='bbox 1854 675 2081 729; x_wconf 68' lang='lat' dir='ltr'><strong>Hebraeo</strong></span> <span class='ocrx_word' id='word_1_246' title='bbox 2111 677 2272 729; x_wconf 84' lang='lat' dir='ltr'><strong>habet</strong></span> <span class='ocrx_word' id='word_1_247' title='bbox 2294 689 2499 729; x_wconf 76' lang='lat' dir='ltr'><strong>manus</strong></span> <span class='ocrx_word' id='word_1_248' title='bbox 2525 674 2671 742; x_wconf 64' lang='grc' dir='ltr'><strong>(ιω-π</strong></span> <span class='ocrx_word' id='word_1_249' title='bbox 2697 672 2738 735; x_wconf 84' lang='grc'><strong>),</strong></span> <span class='ocrx_word' id='word_1_250' title='bbox 2773 670 2825 725; x_wconf 90' lang='lat' dir='ltr'><strong>id</strong></span> <span class='ocrx_word' id='word_1_251' title='bbox 2862 682 2946 725; x_wconf 89' lang='lat' dir='ltr'><strong>est</strong></span> <span class='ocrx_word' id='word_1_252' title='bbox 2977 672 3361 724; x_wconf 78' lang='lat' dir='ltr'><strong>substantiam.</strong></span> 
     </span>
    </p>
   </div>
   <div class='ocr_carea' id='block_1_36' title="bbox 1926 763 3432 837">
    <p class='ocr_par' dir='ltr' id='par_1_36' title="bbox 1926 763 3432 837">
     <span class='ocr_line' id='line_1_36' title="bbox 1926 763 3432 837; baseline 0.001 -21"><span class='ocrx_word' id='word_1_253' title='bbox 1926 764 2107 835; x_wconf 82' lang='lat' dir='ltr'><strong>(Vers.</strong></span> <span class='ocrx_word' id='word_1_254' title='bbox 2148 767 2257 834; x_wconf 78' lang='lat' dir='ltr'><strong>l3.)</strong></span> <span class='ocrx_word' id='word_1_255' title='bbox 2298 786 2315 819; x_wconf 85' lang='grc'><strong>‹</strong></span> <span class='ocrx_word' id='word_1_256' title='bbox 2363 767 2427 820; x_wconf 88' lang='lat' dir='ltr'><strong>Et</strong></span> <span class='ocrx_word' id='word_1_257' title='bbox 2479 767 2570 837; x_wconf 92' lang='lat' dir='ltr'><strong>qui</strong></span> <span class='ocrx_word' id='word_1_258' title='bbox 2614 766 2847 833; x_wconf 77' lang='lat' dir='ltr'><strong>fugerat,</strong></span> <span class='ocrx_word' id='word_1_259' title='bbox 2901 763 3173 818; x_wconf 88' lang='lat' dir='ltr'><strong>nuntiavit</strong></span> <span class='ocrx_word' id='word_1_260' title='bbox 3225 764 3432 818; x_wconf 82' lang='lat' dir='ltr'><strong>Abram</strong></span> 
     </span>
    </p>
   </div>
   <div class='ocr_carea' id='block_1_37' title="bbox 1854 855 3438 929">
    <p class='ocr_par' dir='ltr' id='par_1_37' title="bbox 1854 855 3438 929">
     <span class='ocr_line' id='line_1_37' title="bbox 1854 855 3438 929; baseline -0.002 -15"><span class='ocrx_word' id='word_1_261' title='bbox 1854 860 2160 916; x_wconf 87' lang='lat' dir='ltr'><strong>trausitori.</strong></span> <span class='ocrx_word' id='word_1_262' title='bbox 2195 860 2316 929; x_wconf 88' lang='lat' dir='ltr'><strong>Ipse</strong></span> <span class='ocrx_word' id='word_1_263' title='bbox 2344 875 2475 914; x_wconf 89' lang='lat' dir='ltr'><strong>vero</strong></span> <span class='ocrx_word' id='word_1_264' title='bbox 2515 859 2742 915; x_wconf 80' lang='lat' dir='ltr'><strong>sedebat</strong></span> <span class='ocrx_word' id='word_1_265' title='bbox 2772 858 2840 912; x_wconf 86' lang='lat' dir='ltr'><strong>ad</strong></span> <span class='ocrx_word' id='word_1_266' title='bbox 2877 871 3141 927; x_wconf 85' lang='lat' dir='ltr'><strong>quercum</strong></span> <span class='ocrx_word' id='word_1_267' title='bbox 3194 855 3438 911; x_wconf 81' lang='lat' dir='ltr'><strong>Mambre</strong></span> 
     </span>
    </p>
   </div>
   <div class='ocr_carea' id='block_1_38' title="bbox 1854 950 3439 1017">
    <p class='ocr_par' dir='ltr' id='par_1_38' title="bbox 1854 950 3439 1017">
     <span class='ocr_line' id='line_1_38' title="bbox 1854 950 3439 1017; baseline -0.001 -11"><span class='ocrx_word' id='word_1_268' title='bbox 1854 953 2161 1006; x_wconf 68' lang='lat' dir='ltr'><strong>Amorrhaei</strong></span> <span class='ocrx_word' id='word_1_269' title='bbox 2193 954 2213 985; x_wconf 81' lang='grc'><strong><em>⁵</em></strong></span> <span class='ocrx_word' id='word_1_270' title='bbox 2253 951 2443 1007; x_wconf 78' lang='lat' dir='ltr'><strong>fratris</strong></span> <span class='ocrx_word' id='word_1_271' title='bbox 2477 951 2696 1017; x_wconf 78' lang='lat' dir='ltr'><strong>Esehol,</strong></span> <span class='ocrx_word' id='word_1_272' title='bbox 2743 962 2797 1006; x_wconf 89' lang='lat' dir='ltr'><strong>et</strong></span> <span class='ocrx_word' id='word_1_273' title='bbox 2844 951 3035 1006; x_wconf 88' lang='lat' dir='ltr'><strong>l&#39;ratris</strong></span> <span class='ocrx_word' id='word_1_274' title='bbox 3074 950 3313 1014; x_wconf 74' lang='lat' dir='ltr'><strong>Annam,</strong></span> <span class='ocrx_word' id='word_1_275' title='bbox 3346 952 3439 1017; x_wconf 88' lang='lat' dir='ltr'><strong>qui</strong></span> 
     </span>
    </p>
   </div>
   <div class='ocr_carea' id='block_1_39' title="bbox 1855 1042 3443 1115">
    <p class='ocr_par' dir='ltr' id='par_1_39' title="bbox 1855 1042 3443 1115">
     <span class='ocr_line' id='line_1_39' title="bbox 1855 1042 3443 1115; baseline -0.003 -16"><span class='ocrx_word' id='word_1_276' title='bbox 1855 1057 2012 1100; x_wconf 87' lang='lat' dir='ltr'><strong>erant</strong></span> <span class='ocrx_word' id='word_1_277' title='bbox 2041 1045 2315 1115; x_wconf 86' lang='lat' dir='ltr'><strong>conjurati</strong></span> <span class='ocrx_word' id='word_1_278' title='bbox 2346 1045 2600 1099; x_wconf 69' lang='lat' dir='ltr'><strong>Abrahm.</strong></span> <span class='ocrx_word' id='word_1_279' title='bbox 2641 1064 2658 1095; x_wconf 74' lang='grc' dir='ltr'><strong>ι</strong></span> <span class='ocrx_word' id='word_1_280' title='bbox 2700 1042 2803 1097; x_wconf 80' lang='lat' dir='ltr'><strong>Pro</strong></span> <span class='ocrx_word' id='word_1_281' title='bbox 2824 1058 2909 1110; x_wconf 87' lang='lat' dir='ltr'><strong>eo,</strong></span> <span class='ocrx_word' id='word_1_282' title='bbox 2945 1044 3088 1113; x_wconf 89' lang='lat' dir='ltr'><strong>quod</strong></span> <span class='ocrx_word' id='word_1_283' title='bbox 3127 1056 3227 1097; x_wconf 91' lang='lat' dir='ltr'><strong>nos</strong></span> <span class='ocrx_word' id='word_1_284' title='bbox 3254 1042 3443 1111; x_wconf 85' lang='lat' dir='ltr'><strong>posui-</strong></span> 
     </span>
    </p>
   </div>
   <div class='ocr_carea' id='block_1_40' title="bbox 1859 1135 3444 1206">
    <p class='ocr_par' dir='ltr' id='par_1_40' title="bbox 1859 1135 3444 1206">
     <span class='ocr_line' id='line_1_40' title="bbox 1859 1135 3444 1206; baseline 0.002 -14"><span class='ocrx_word' id='word_1_285' title='bbox 1859 1153 1998 1201; x_wconf 85' lang='lat' dir='ltr'><strong>mus,</strong></span> <span class='ocrx_word' id='word_1_286' title='bbox 2032 1141 2325 1205; x_wconf 83' lang='lat' dir='ltr'><strong>transitori,</strong></span> <span class='ocrx_word' id='word_1_287' title='bbox 2353 1141 2408 1193; x_wconf 92' lang='lat' dir='ltr'><strong>in</strong></span> <span class='ocrx_word' id='word_1_288' title='bbox 2441 1137 2669 1193; x_wconf 66' lang='lat' dir='ltr'><strong>Hebraeo</strong></span> <span class='ocrx_word' id='word_1_289' title='bbox 2695 1137 2968 1205; x_wconf 86' lang='lat' dir='ltr'><strong>scriptum</strong></span> <span class='ocrx_word' id='word_1_290' title='bbox 2992 1148 3073 1191; x_wconf 90' lang='lat' dir='ltr'><strong>est</strong></span> <span class='ocrx_word' id='word_1_291' title='bbox 3096 1152 3201 1191; x_wconf 79' lang='lat' dir='ltr'><strong>teut</strong></span> <span class='ocrx_word' id='word_1_292' title='bbox 3228 1135 3444 1206; x_wconf 63' lang='lat' dir='ltr'><strong>(mar),</strong></span> 
     </span>
    </p>
   </div>
   <div class='ocr_carea' id='block_1_41' title="bbox 1861 1230 3441 1302">
    <p class='ocr_par' dir='ltr' id='par_1_41' title="bbox 1861 1230 3441 1302">
     <span class='ocr_line' id='line_1_41' title="bbox 1861 1230 3441 1302; baseline 0.002 -19"><span class='ocrx_word' id='word_1_293' title='bbox 1861 1231 1963 1284; x_wconf 90' lang='lat' dir='ltr'><strong>hoc</strong></span> <span class='ocrx_word' id='word_1_294' title='bbox 1994 1234 2139 1285; x_wconf 91' lang='lat' dir='ltr'><strong>enim</strong></span> <span class='ocrx_word' id='word_1_295' title='bbox 2193 1235 2453 1287; x_wconf 86' lang='lat' dir='ltr'><strong>transitor</strong></span> <span class='ocrx_word' id='word_1_296' title='bbox 2484 1233 2839 1302; x_wconf 80' lang='lat' dir='ltr'><strong>exprimitur.</strong></span> <span class='ocrx_word' id='word_1_297' title='bbox 2876 1230 3031 1297; x_wconf 84' lang='lat' dir='ltr'><strong>Quod</strong></span> <span class='ocrx_word' id='word_1_298' title='bbox 3084 1240 3268 1286; x_wconf 89' lang='lat' dir='ltr'><strong>autem</strong></span> <span class='ocrx_word' id='word_1_299' title='bbox 3324 1233 3441 1286; x_wconf 89' lang='lat' dir='ltr'><strong>ait:</strong></span> 
     </span>
    </p>
   </div>
   <div class='ocr_carea' id='block_1_42' title="bbox 1858 1324 3447 1395">
    <p class='ocr_par' dir='ltr' id='par_1_42' title="bbox 1858 1324 3447 1395">
     <span class='ocr_line' id='line_1_42' title="bbox 1858 1324 3447 1395; baseline -0.001 -18"><span class='ocrx_word' id='word_1_300' title='bbox 1858 1326 2013 1391; x_wconf 82' lang='lat' dir='ltr'><strong>Apud</strong></span> <span class='ocrx_word' id='word_1_301' title='bbox 2043 1342 2294 1395; x_wconf 80' lang='lat' dir='ltr'><strong>quercum</strong></span> <span class='ocrx_word' id='word_1_302' title='bbox 2344 1326 2586 1380; x_wconf 81' lang='lat' dir='ltr'><strong>Mambre</strong></span> <span class='ocrx_word' id='word_1_303' title='bbox 2639 1325 2957 1385; x_wconf 77' lang='lat' dir='ltr'><strong>Autorrluei,</strong></span> <span class='ocrx_word' id='word_1_304' title='bbox 2998 1324 3192 1379; x_wconf 90' lang='lat' dir='ltr'><strong>melius</strong></span> <span class='ocrx_word' id='word_1_305' title='bbox 3245 1325 3298 1377; x_wconf 90' lang='lat' dir='ltr'><strong>in</strong></span> <span class='ocrx_word' id='word_1_306' title='bbox 3336 1324 3447 1377; x_wconf 83' lang='lat' dir='ltr'><strong>lle-</strong></span> 
     </span>
    </p>
   </div>
   <div class='ocr_carea' id='block_1_43' title="bbox 1861 1417 3447 1488">
    <p class='ocr_par' dir='ltr' id='par_1_43' title="bbox 1861 1417 3447 1488">
     <span class='ocr_line' id='line_1_43' title="bbox 1861 1417 3447 1488; baseline -0.001 -19"><span class='ocrx_word' id='word_1_307' title='bbox 1861 1420 2005 1471; x_wconf 68' lang='lat' dir='ltr'><strong>Iiraao</strong></span> <span class='ocrx_word' id='word_1_308' title='bbox 2048 1419 2297 1483; x_wconf 62' lang='lat' dir='ltr'><strong>legimus,</strong></span> <span class='ocrx_word' id='word_1_309' title='bbox 2335 1419 2476 1482; x_wconf 81' lang='lat' dir='ltr'><strong>apud</strong></span> <span class='ocrx_word' id='word_1_310' title='bbox 2522 1434 2775 1488; x_wconf 85' lang='lat' dir='ltr'><strong>quercum</strong></span> <span class='ocrx_word' id='word_1_311' title='bbox 2830 1418 3075 1471; x_wconf 66' lang='lat' dir='ltr'><strong>Mambw</strong></span> <span class='ocrx_word' id='word_1_312' title='bbox 3120 1417 3447 1479; x_wconf 74' lang='lat' dir='ltr'><strong>Antorrltwi,</strong></span> 
     </span>
    </p>
   </div>
   <div class='ocr_carea' id='block_1_44' title="bbox 1859 1507 3446 1579">
    <p class='ocr_par' dir='ltr' id='par_1_44' title="bbox 1859 1507 3446 1579">
     <span class='ocr_line' id='line_1_44' title="bbox 1859 1507 3446 1579; baseline -0.002 -15"><span class='ocrx_word' id='word_1_313' title='bbox 1859 1512 2046 1579; x_wconf 81' lang='lat' dir='ltr'><strong>fratris</strong></span> <span class='ocrx_word' id='word_1_314' title='bbox 2099 1512 2294 1566; x_wconf 77' lang='lat' dir='ltr'><strong>Escot:</strong></span> <span class='ocrx_word' id='word_1_315' title='bbox 2325 1520 2374 1565; x_wconf 84' lang='lat' dir='ltr'><strong>et</strong></span> <span class='ocrx_word' id='word_1_316' title='bbox 2422 1512 2630 1579; x_wconf 76' lang='lat' dir='ltr'><strong>fratris,</strong></span> <span class='ocrx_word' id='word_1_317' title='bbox 2687 1524 2793 1564; x_wconf 90' lang='lat' dir='ltr'><strong>nou</strong></span> <span class='ocrx_word' id='word_1_318' title='bbox 2845 1511 3077 1571; x_wconf 84' lang='lat' dir='ltr'><strong>Aunam,</strong></span> <span class='ocrx_word' id='word_1_319' title='bbox 3112 1517 3175 1562; x_wconf 91' lang='lat' dir='ltr'><strong>ut</strong></span> <span class='ocrx_word' id='word_1_320' title='bbox 3211 1507 3446 1574; x_wconf 86' lang='lat' dir='ltr'><strong>Septua-</strong></span> 
     </span>
    </p>
   </div>
   <div class='ocr_carea' id='block_1_45' title="bbox 1859 1601 3446 1674">
    <p class='ocr_par' dir='ltr' id='par_1_45' title="bbox 1859 1601 3446 1674">
     <span class='ocr_line' id='line_1_45' title="bbox 1859 1601 3446 1674; baseline 0 -19"><span class='ocrx_word' id='word_1_321' title='bbox 1859 1606 2009 1674; x_wconf 78' lang='lat' dir='ltr'><strong>ginta</strong></span> <span class='ocrx_word' id='word_1_322' title='bbox 2036 1604 2453 1670; x_wconf 87' lang='lat' dir='ltr'><strong>transtulerunt,</strong></span> <span class='ocrx_word' id='word_1_323' title='bbox 2486 1604 2578 1658; x_wconf 88' lang='lat' dir='ltr'><strong>sed</strong></span> <span class='ocrx_word' id='word_1_324' title='bbox 2615 1604 2797 1657; x_wconf 79' lang='lat' dir='ltr'><strong>Aner:</strong></span> <span class='ocrx_word' id='word_1_325' title='bbox 2836 1609 2895 1655; x_wconf 91' lang='lat' dir='ltr'><strong>ut</strong></span> <span class='ocrx_word' id='word_1_326' title='bbox 2919 1602 3234 1655; x_wconf 86' lang='lat' dir='ltr'><strong>ostenderet</strong></span> <span class='ocrx_word' id='word_1_327' title='bbox 3268 1601 3446 1655; x_wconf 78' lang='lat' dir='ltr'><strong>Mam-</strong></span> 
     </span>
    </p>
   </div>
   <div class='ocr_carea' id='block_1_46' title="bbox 1863 1696 3444 1763">
    <p class='ocr_par' dir='ltr' id='par_1_46' title="bbox 1863 1696 3444 1763">
     <span class='ocr_line' id='line_1_46' title="bbox 1863 1696 3444 1763; baseline -0.001 -14"><span class='ocrx_word' id='word_1_328' title='bbox 1863 1699 1959 1749; x_wconf 75' lang='lat' dir='ltr'><strong>ltre</strong></span> <span class='ocrx_word' id='word_1_329' title='bbox 1994 1705 2047 1749; x_wconf 89' lang='lat' dir='ltr'><strong>et</strong></span> <span class='ocrx_word' id='word_1_330' title='bbox 2075 1696 2254 1759; x_wconf 83' lang='lat' dir='ltr'><strong>Eseul,</strong></span> <span class='ocrx_word' id='word_1_331' title='bbox 2286 1706 2340 1750; x_wconf 89' lang='lat' dir='ltr'><strong>et</strong></span> <span class='ocrx_word' id='word_1_332' title='bbox 2364 1696 2507 1751; x_wconf 81' lang='lat' dir='ltr'><strong>Auer</strong></span> <span class='ocrx_word' id='word_1_333' title='bbox 2540 1697 2895 1749; x_wconf 65' lang='lat' dir='ltr'><strong>Amorrhmos</strong></span> <span class='ocrx_word' id='word_1_334' title='bbox 2926 1704 3092 1763; x_wconf 86' lang='lat' dir='ltr'><strong>atque</strong></span> <span class='ocrx_word' id='word_1_335' title='bbox 3126 1710 3444 1762; x_wconf 78' lang='lat' dir='ltr'><strong>germanos,</strong></span> 
     </span>
    </p>
   </div>
   <div class='ocr_carea' id='block_1_47' title="bbox 1861 1787 2519 1841">
    <p class='ocr_par' dir='ltr' id='par_1_47' title="bbox 1861 1787 2519 1841">
     <span class='ocr_line' id='line_1_47' title="bbox 1861 1787 2519 1841; baseline 0 -2"><span class='ocrx_word' id='word_1_336' title='bbox 1861 1788 2041 1841; x_wconf 87' lang='lat' dir='ltr'><strong>socios</strong></span> <span class='ocrx_word' id='word_1_337' title='bbox 2071 1787 2239 1841; x_wconf 89' lang='lat' dir='ltr'><strong>fuisse</strong></span> <span class='ocrx_word' id='word_1_338' title='bbox 2267 1788 2519 1841; x_wconf 69' lang='lat' dir='ltr'><strong>Abrahae.</strong></span> 
     </span>
    </p>
   </div>
   <div class='ocr_carea' id='block_1_48' title="bbox 1938 1876 3440 1947">
    <p class='ocr_par' dir='ltr' id='par_1_48' title="bbox 1938 1876 3440 1947">
     <span class='ocr_line' id='line_1_48' title="bbox 1938 1876 3440 1947; baseline -0.001 -17"><span class='ocrx_word' id='word_1_339' title='bbox 1938 1876 2116 1939; x_wconf 80' lang='lat' dir='ltr'><strong>(Vcrs.</strong></span> <span class='ocrx_word' id='word_1_340' title='bbox 2157 1878 2268 1938; x_wconf 77' lang='grc'><strong>15.)</strong></span> <span class='ocrx_word' id='word_1_341' title='bbox 2308 1898 2325 1930; x_wconf 76' lang='grc' dir='ltr'><strong>ι</strong></span> <span class='ocrx_word' id='word_1_342' title='bbox 2363 1877 2429 1930; x_wconf 87' lang='lat' dir='ltr'><strong>Et</strong></span> <span class='ocrx_word' id='word_1_343' title='bbox 2464 1888 2788 1946; x_wconf 86' lang='lat' dir='ltr'><strong>persecutus</strong></span> <span class='ocrx_word' id='word_1_344' title='bbox 2816 1886 2899 1931; x_wconf 86' lang='lat' dir='ltr'><strong>est</strong></span> <span class='ocrx_word' id='word_1_345' title='bbox 2929 1894 3023 1931; x_wconf 80' lang='lat' dir='ltr'><strong>eos</strong></span> <span class='ocrx_word' id='word_1_346' title='bbox 3051 1892 3226 1947; x_wconf 86' lang='lat' dir='ltr'><strong>usque</strong></span> <span class='ocrx_word' id='word_1_347' title='bbox 3248 1876 3387 1931; x_wconf 88' lang='lat' dir='ltr'><strong>Dan.</strong></span> <span class='ocrx_word' id='word_1_348' title='bbox 3422 1897 3440 1928; x_wconf 71' lang='lat' dir='ltr'><strong>s</strong></span> 
     </span>
    </p>
   </div>
   <div class='ocr_carea' id='block_1_49' title="bbox 1866 1965 3444 2037">
    <p class='ocr_par' dir='ltr' id='par_1_49' title="bbox 1866 1965 3444 2037">
     <span class='ocr_line' id='line_1_49' title="bbox 1866 1965 3444 2037; baseline 0 -16"><span class='ocrx_word' id='word_1_349' title='bbox 1866 1969 1944 2021; x_wconf 77' lang='lat' dir='ltr'><strong>Ad</strong></span> <span class='ocrx_word' id='word_1_350' title='bbox 1983 1969 2258 2023; x_wconf 72' lang='lat' dir='ltr'><strong>Plimnicis</strong></span> <span class='ocrx_word' id='word_1_351' title='bbox 2291 1969 2575 2037; x_wconf 86' lang='lat' dir='ltr'><strong>oppidum.</strong></span> <span class='ocrx_word' id='word_1_352' title='bbox 2608 1967 2755 2035; x_wconf 83' lang='lat' dir='ltr'><strong>quod</strong></span> <span class='ocrx_word' id='word_1_353' title='bbox 2807 1981 2953 2019; x_wconf 86' lang='lat' dir='ltr'><strong>nunc</strong></span> <span class='ocrx_word' id='word_1_354' title='bbox 2983 1965 3189 2020; x_wconf 82' lang='lat' dir='ltr'><strong>l&#39;aneas</strong></span> <span class='ocrx_word' id='word_1_355' title='bbox 3223 1967 3444 2021; x_wconf 87' lang='lat' dir='ltr'><strong>dicitur.</strong></span> 
     </span>
    </p>
   </div>
   <div class='ocr_carea' id='block_1_50' title="bbox 1870 2060 3447 2117">
    <p class='ocr_par' dir='ltr' id='par_1_50' title="bbox 1870 2060 3447 2117">
     <span class='ocr_line' id='line_1_50' title="bbox 1870 2060 3447 2117; baseline 0.001 -5"><span class='ocrx_word' id='word_1_356' title='bbox 1870 2060 1987 2113; x_wconf 88' lang='lat' dir='ltr'><strong>Dan</strong></span> <span class='ocrx_word' id='word_1_357' title='bbox 2018 2071 2198 2115; x_wconf 86' lang='lat' dir='ltr'><strong>autem</strong></span> <span class='ocrx_word' id='word_1_358' title='bbox 2238 2078 2382 2115; x_wconf 86' lang='lat' dir='ltr'><strong>unus</strong></span> <span class='ocrx_word' id='word_1_359' title='bbox 2427 2076 2455 2115; x_wconf 91' lang='lat' dir='ltr'><strong>e</strong></span> <span class='ocrx_word' id='word_1_360' title='bbox 2485 2061 2732 2116; x_wconf 85' lang='lat' dir='ltr'><strong>fontibus</strong></span> <span class='ocrx_word' id='word_1_361' title='bbox 2787 2072 2871 2117; x_wconf 89' lang='lat' dir='ltr'><strong>est</strong></span> <span class='ocrx_word' id='word_1_362' title='bbox 2920 2060 3201 2116; x_wconf 82' lang='lat' dir='ltr'><strong>Jordanis.</strong></span> <span class='ocrx_word' id='word_1_363' title='bbox 3233 2060 3364 2114; x_wconf 76' lang='lat' dir='ltr'><strong>Nam</strong></span> <span class='ocrx_word' id='word_1_364' title='bbox 3394 2071 3447 2115; x_wconf 91' lang='lat' dir='ltr'><strong>et</strong></span> 
     </span>
    </p>
   </div>
   <div class='ocr_carea' id='block_1_51' title="bbox 1867 2152 3448 2224">
    <p class='ocr_par' dir='ltr' id='par_1_51' title="bbox 1867 2152 3448 2224">
     <span class='ocr_line' id='line_1_51' title="bbox 1867 2152 3448 2224; baseline 0.001 -17"><span class='ocrx_word' id='word_1_365' title='bbox 1867 2154 2005 2207; x_wconf 80' lang='lat' dir='ltr'><strong>alter</strong></span> <span class='ocrx_word' id='word_1_366' title='bbox 2038 2163 2260 2208; x_wconf 82' lang='lat' dir='ltr'><strong>vocatur</strong></span> <span class='ocrx_word' id='word_1_367' title='bbox 2295 2152 2395 2207; x_wconf 80' lang='lat' dir='ltr'><strong>lor</strong></span> <span class='ocrx_word' id='word_1_368' title='bbox 2424 2154 2464 2220; x_wconf 79' lang='lat'><strong>°,</strong></span> <span class='ocrx_word' id='word_1_369' title='bbox 2497 2153 2640 2222; x_wconf 89' lang='lat' dir='ltr'><strong>quod</strong></span> <span class='ocrx_word' id='word_1_370' title='bbox 2674 2154 3068 2223; x_wconf 86' lang='lat' dir='ltr'><strong>interpretatur</strong></span> <span class='ocrx_word' id='word_1_371' title='bbox 3104 2153 3341 2224; x_wconf 78' lang='grc' dir='ltr'><strong>ῥεῖθρον,</strong></span> <span class='ocrx_word' id='word_1_372' title='bbox 3396 2155 3448 2208; x_wconf 83' lang='lat' dir='ltr'><strong>id</strong></span> 
     </span>
    </p>
   </div>
   <div class='ocr_carea' id='block_1_52' title="bbox 1867 2244 3444 2315">
    <p class='ocr_par' dir='ltr' id='par_1_52' title="bbox 1867 2244 3444 2315">
     <span class='ocr_line' id='line_1_52' title="bbox 1867 2244 3444 2315; baseline -0.001 -16"><span class='ocrx_word' id='word_1_373' title='bbox 1867 2252 1950 2299; x_wconf 90' lang='lat' dir='ltr'><strong>est</strong></span> <span class='ocrx_word' id='word_1_374' title='bbox 1990 2247 2155 2299; x_wconf 83' lang='lat' dir='ltr'><strong>rivus.</strong></span> <span class='ocrx_word' id='word_1_375' title='bbox 2212 2245 2436 2300; x_wconf 83' lang='lat' dir='ltr'><strong>Duobus</strong></span> <span class='ocrx_word' id='word_1_376' title='bbox 2471 2260 2603 2314; x_wconf 82' lang='lat' dir='ltr'><strong>ergo</strong></span> <span class='ocrx_word' id='word_1_377' title='bbox 2651 2244 2917 2308; x_wconf 85' lang='lat' dir='ltr'><strong>fontibus,</strong></span> <span class='ocrx_word' id='word_1_378' title='bbox 2947 2246 3040 2315; x_wconf 92' lang='lat' dir='ltr'><strong>qui</strong></span> <span class='ocrx_word' id='word_1_379' title='bbox 3073 2245 3215 2299; x_wconf 86' lang='lat' dir='ltr'><strong>haud</strong></span> <span class='ocrx_word' id='word_1_380' title='bbox 3249 2246 3444 2313; x_wconf 90' lang='lat' dir='ltr'><strong>procul</strong></span> 
     </span>
    </p>
   </div>
   <div class='ocr_carea' id='block_1_53' title="bbox 1870 2336 3443 2404">
    <p class='ocr_par' dir='ltr' id='par_1_53' title="bbox 1870 2336 3443 2404">
     <span class='ocr_line' id='line_1_53' title="bbox 1870 2336 3443 2404; baseline 0.001 -16"><span class='ocrx_word' id='word_1_381' title='bbox 1870 2353 1897 2388; x_wconf 87' lang='lat' dir='ltr'><strong>a</strong></span> <span class='ocrx_word' id='word_1_382' title='bbox 1934 2353 1992 2393; x_wconf 87' lang='lat' dir='ltr'><strong>se</strong></span> <span class='ocrx_word' id='word_1_383' title='bbox 2024 2338 2250 2402; x_wconf 87' lang='lat' dir='ltr'><strong>distant,</strong></span> <span class='ocrx_word' id='word_1_384' title='bbox 2289 2337 2343 2390; x_wconf 92' lang='lat' dir='ltr'><strong>iu</strong></span> <span class='ocrx_word' id='word_1_385' title='bbox 2372 2352 2539 2390; x_wconf 89' lang='lat' dir='ltr'><strong>unum</strong></span> <span class='ocrx_word' id='word_1_386' title='bbox 2582 2338 2818 2391; x_wconf 88' lang='lat' dir='ltr'><strong>rivulum</strong></span> <span class='ocrx_word' id='word_1_387' title='bbox 2848 2336 3147 2404; x_wconf 63' lang='lat' dir='ltr'><strong>foederatis,</strong></span> <span class='ocrx_word' id='word_1_388' title='bbox 3191 2336 3443 2389; x_wconf 76' lang='lat' dir='ltr'><strong>Iordanis</strong></span> 
     </span>
    </p>
   </div>
   <div class='ocr_carea' id='block_1_54' title="bbox 1868 2427 2483 2498">
    <p class='ocr_par' dir='ltr' id='par_1_54' title="bbox 1868 2427 2483 2498">
     <span class='ocr_line' id='line_1_54' title="bbox 1868 2427 2483 2498; baseline -0.002 -17"><span class='ocrx_word' id='word_1_389' title='bbox 1868 2429 2128 2498; x_wconf 85' lang='lat' dir='ltr'><strong>deinceps</strong></span> <span class='ocrx_word' id='word_1_390' title='bbox 2156 2427 2483 2496; x_wconf 83' lang='lat' dir='ltr'><strong>appellatur.</strong></span> 
     </span>
    </p>
   </div>
   <div class='ocr_carea' id='block_1_55' title="bbox 1941 2520 3446 2591">
    <p class='ocr_par' dir='ltr' id='par_1_55' title="bbox 1941 2520 3446 2591">
     <span class='ocr_line' id='line_1_55' title="bbox 1941 2520 3446 2591; baseline 0.001 -17"><span class='ocrx_word' id='word_1_391' title='bbox 1941 2522 2122 2585; x_wconf 75' lang='lat' dir='ltr'><strong>(Vers.</strong></span> <span class='ocrx_word' id='word_1_392' title='bbox 2165 2522 2275 2587; x_wconf 72' lang='lat'><strong>18.)</strong></span> <span class='ocrx_word' id='word_1_393' title='bbox 2313 2539 2330 2571; x_wconf 75' lang='grc' dir='ltr'><strong>ι</strong></span> <span class='ocrx_word' id='word_1_394' title='bbox 2366 2521 2431 2575; x_wconf 83' lang='lat' dir='ltr'><strong>Et</strong></span> <span class='ocrx_word' id='word_1_395' title='bbox 2462 2520 2855 2576; x_wconf 81' lang='lat' dir='ltr'><strong>Melchisedech</strong></span> <span class='ocrx_word' id='word_1_396' title='bbox 2882 2536 2975 2576; x_wconf 88' lang='lat' dir='ltr'><strong>rex</strong></span> <span class='ocrx_word' id='word_1_397' title='bbox 3012 2521 3191 2576; x_wconf 87' lang='lat' dir='ltr'><strong>Salem</strong></span> <span class='ocrx_word' id='word_1_398' title='bbox 3220 2521 3446 2591; x_wconf 90' lang='lat' dir='ltr'><strong>protulit</strong></span> 
     </span>
    </p>
   </div>
   <div class='ocr_carea' id='block_1_56' title="bbox 1870 2614 3445 2685">
    <p class='ocr_par' dir='ltr' id='par_1_56' title="bbox 1870 2614 3445 2685">
     <span class='ocr_line' id='line_1_56' title="bbox 1870 2614 3445 2685; baseline 0 -16"><span class='ocrx_word' id='word_1_399' title='bbox 1870 2628 2067 2685; x_wconf 90' lang='lat' dir='ltr'><strong>panem</strong></span> <span class='ocrx_word' id='word_1_400' title='bbox 2102 2625 2160 2669; x_wconf 90' lang='lat' dir='ltr'><strong>et</strong></span> <span class='ocrx_word' id='word_1_401' title='bbox 2188 2615 2395 2681; x_wconf 79' lang='lat' dir='ltr'><strong>viuum,</strong></span> <span class='ocrx_word' id='word_1_402' title='bbox 2441 2625 2495 2668; x_wconf 88' lang='lat' dir='ltr'><strong>et</strong></span> <span class='ocrx_word' id='word_1_403' title='bbox 2538 2615 2654 2684; x_wconf 89' lang='lat' dir='ltr'><strong>ipse</strong></span> <span class='ocrx_word' id='word_1_404' title='bbox 2684 2614 2951 2671; x_wconf 88' lang='lat' dir='ltr'><strong>Sacerdos</strong></span> <span class='ocrx_word' id='word_1_405' title='bbox 2986 2614 3080 2668; x_wconf 88' lang='lat' dir='ltr'><strong>Dei</strong></span> <span class='ocrx_word' id='word_1_406' title='bbox 3122 2617 3353 2677; x_wconf 85' lang='lat' dir='ltr'><strong>excelsi,</strong></span> <span class='ocrx_word' id='word_1_407' title='bbox 3393 2625 3445 2669; x_wconf 78' lang='lat' dir='ltr'><strong>et</strong></span> 
     </span>
    </p>
   </div>
   <div class='ocr_carea' id='block_1_57' title="bbox 1876 2707 3448 2777">
    <p class='ocr_par' dir='ltr' id='par_1_57' title="bbox 1876 2707 3448 2777">
     <span class='ocr_line' id='line_1_57' title="bbox 1876 2707 3448 2777; baseline 0.001 -18"><span class='ocrx_word' id='word_1_408' title='bbox 1876 2707 2156 2760; x_wconf 77' lang='lat' dir='ltr'><strong>benedixit</strong></span> <span class='ocrx_word' id='word_1_409' title='bbox 2190 2707 2262 2761; x_wconf 78' lang='lat' dir='ltr'><strong>ei.</strong></span> <span class='ocrx_word' id='word_1_410' title='bbox 2308 2726 2327 2759; x_wconf 75' lang='grc' dir='ltr'><strong>ι</strong></span> <span class='ocrx_word' id='word_1_411' title='bbox 2379 2707 2518 2771; x_wconf 76' lang='lat' dir='ltr'><strong>Quia</strong></span> <span class='ocrx_word' id='word_1_412' title='bbox 2570 2707 2740 2760; x_wconf 86' lang='lat' dir='ltr'><strong>semel</strong></span> <span class='ocrx_word' id='word_1_413' title='bbox 2794 2707 3120 2777; x_wconf 90' lang='lat' dir='ltr'><strong>opusculum</strong></span> <span class='ocrx_word' id='word_1_414' title='bbox 3176 2716 3448 2770; x_wconf 83' lang='lat' dir='ltr'><strong>nostrum,</strong></span> 
     </span>
    </p>
   </div>
   <div class='ocr_carea' id='block_1_58' title="bbox 1873 2799 3446 2865">
    <p class='ocr_par' dir='ltr' id='par_1_58' title="bbox 1873 2799 3446 2865">
     <span class='ocr_line' id='line_1_58' title="bbox 1873 2799 3446 2865; baseline 0.003 -12"><span class='ocrx_word' id='word_1_415' title='bbox 1873 2802 1957 2854; x_wconf 82' lang='lat' dir='ltr'><strong>vel</strong></span> <span class='ocrx_word' id='word_1_416' title='bbox 1989 2799 2349 2865; x_wconf 70' lang='lat' dir='ltr'><strong>Quarstiouum</strong></span> <span class='ocrx_word' id='word_1_417' title='bbox 2372 2800 2775 2863; x_wconf 65' lang='lat' dir='ltr'><strong>Hebraicai’um,</strong></span> <span class='ocrx_word' id='word_1_418' title='bbox 2801 2801 2884 2855; x_wconf 86' lang='lat' dir='ltr'><strong>vel</strong></span> <span class='ocrx_word' id='word_1_419' title='bbox 2907 2800 3289 2855; x_wconf 81' lang='lat' dir='ltr'><strong>Traditionum</strong></span> <span class='ocrx_word' id='word_1_420' title='bbox 3317 2818 3446 2858; x_wconf 88' lang='lat' dir='ltr'><strong>eon-</strong></span> 
     </span>
    </p>
   </div>
   <div class='ocr_carea' id='block_1_59' title="bbox 1872 2890 3449 2962">
    <p class='ocr_par' dir='ltr' id='par_1_59' title="bbox 1872 2890 3449 2962">
     <span class='ocr_line' id='line_1_59' title="bbox 1872 2890 3449 2962; baseline 0.005 -21"><span class='ocrx_word' id='word_1_421' title='bbox 1872 2892 2113 2962; x_wconf 74' lang='lat' dir='ltr'><strong>gregatio</strong></span> <span class='ocrx_word' id='word_1_422' title='bbox 2136 2900 2240 2952; x_wconf 85' lang='lat' dir='ltr'><strong>est,</strong></span> <span class='ocrx_word' id='word_1_423' title='bbox 2267 2900 2552 2959; x_wconf 86' lang='lat' dir='ltr'><strong>propterea</strong></span> <span class='ocrx_word' id='word_1_424' title='bbox 2575 2890 2702 2961; x_wconf 89' lang='lat' dir='ltr'><strong>quid</strong></span> <span class='ocrx_word' id='word_1_425' title='bbox 2729 2890 2939 2947; x_wconf 69' lang='grc' dir='ltr'><strong>εἰει)ιωί</strong></span> <span class='ocrx_word' id='word_1_426' title='bbox 2967 2893 3032 2947; x_wconf 88' lang='lat' dir='ltr'><strong>de</strong></span> <span class='ocrx_word' id='word_1_427' title='bbox 3058 2894 3160 2947; x_wconf 88' lang='lat' dir='ltr'><strong>hoc</strong></span> <span class='ocrx_word' id='word_1_428' title='bbox 3184 2897 3449 2958; x_wconf 87' lang='lat' dir='ltr'><strong>sentiant,</strong></span> 
     </span>
    </p>
   </div>
   <div class='ocr_carea' id='block_1_60' title="bbox 1875 2982 3446 3043">
    <p class='ocr_par' dir='ltr' id='par_1_60' title="bbox 1875 2982 3446 3043">
     <span class='ocr_line' id='line_1_60' title="bbox 1875 2982 3446 3043; baseline 0.005 -8"><span class='ocrx_word' id='word_1_429' title='bbox 1875 2982 2194 3036; x_wconf 82' lang='lat' dir='ltr'><strong>inferamus.</strong></span> <span class='ocrx_word' id='word_1_430' title='bbox 2221 2982 2389 3036; x_wconf 82' lang='lat' dir='ltr'><strong>Aiunt</strong></span> <span class='ocrx_word' id='word_1_431' title='bbox 2423 2985 2568 3037; x_wconf 88' lang='lat' dir='ltr'><strong>hunc</strong></span> <span class='ocrx_word' id='word_1_432' title='bbox 2606 2999 2729 3039; x_wconf 89' lang='lat' dir='ltr'><strong>esse</strong></span> <span class='ocrx_word' id='word_1_433' title='bbox 2772 2984 2900 3039; x_wconf 84' lang='lat' dir='ltr'><strong>Sem</strong></span> <span class='ocrx_word' id='word_1_434' title='bbox 2932 2985 2951 3015; x_wconf 84' lang='grc'><strong>⁷</strong></span> <span class='ocrx_word' id='word_1_435' title='bbox 3000 2986 3166 3040; x_wconf 86' lang='lat' dir='ltr'><strong>lilium</strong></span> <span class='ocrx_word' id='word_1_436' title='bbox 3200 2986 3315 3043; x_wconf 83' lang='lat' dir='ltr'><strong>Noe</strong></span> <span class='ocrx_word' id='word_1_437' title='bbox 3348 3008 3362 3043; x_wconf 88' lang='lat'><strong>:</strong></span> <span class='ocrx_word' id='word_1_438' title='bbox 3397 3001 3446 3043; x_wconf 89' lang='lat' dir='ltr'><strong>et</strong></span> 
     </span>
    </p>
   </div>
   <div class='ocr_carea' id='block_1_61' title="bbox 1876 3074 3447 3143">
    <p class='ocr_par' dir='ltr' id='par_1_61' title="bbox 1876 3074 3447 3143">
     <span class='ocr_line' id='line_1_61' title="bbox 1876 3074 3447 3143; baseline 0.006 -18"><span class='ocrx_word' id='word_1_439' title='bbox 1876 3082 2235 3142; x_wconf 80' lang='lat' dir='ltr'><strong>supputautes</strong></span> <span class='ocrx_word' id='word_1_440' title='bbox 2277 3089 2451 3128; x_wconf 90' lang='lat' dir='ltr'><strong>annos</strong></span> <span class='ocrx_word' id='word_1_441' title='bbox 2486 3074 2608 3128; x_wconf 68' lang='lat' dir='ltr'><strong>vitae</strong></span> <span class='ocrx_word' id='word_1_442' title='bbox 2642 3075 2834 3143; x_wconf 91' lang='lat' dir='ltr'><strong>ipsius,</strong></span> <span class='ocrx_word' id='word_1_443' title='bbox 2868 3078 3171 3133; x_wconf 82' lang='lat' dir='ltr'><strong>ostendunt</strong></span> <span class='ocrx_word' id='word_1_444' title='bbox 3216 3095 3339 3133; x_wconf 89' lang='lat' dir='ltr'><strong>eum</strong></span> <span class='ocrx_word' id='word_1_445' title='bbox 3378 3082 3447 3135; x_wconf 90' lang='lat' dir='ltr'><strong>ad</strong></span> 
     </span>
    </p>
   </div>
   <div class='ocr_carea' id='block_1_62' title="bbox 185 3161 3447 3252">
    <p class='ocr_par' dir='ltr' id='par_1_62' title="bbox 185 3161 3447 3252">
     <span class='ocr_line' id='line_1_62' title="bbox 185 3161 3447 3252; baseline 0.003 -37"><span class='ocrx_word' id='word_1_446' title='bbox 185 3177 399 3216; x_wconf 88' lang='lat' dir='ltr'><strong>marum</strong></span> <span class='ocrx_word' id='word_1_447' title='bbox 461 3162 663 3216; x_wconf 79' lang='lat' dir='ltr'><strong>fertile.</strong></span> <span class='ocrx_word' id='word_1_448' title='bbox 735 3161 907 3215; x_wconf 77' lang='lat' dir='ltr'><strong>Porro</strong></span> <span class='ocrx_word' id='word_1_449' title='bbox 956 3165 1423 3229; x_wconf 84' lang='lat' dir='ltr'><strong>Asasoutliamar,</strong></span> <span class='ocrx_word' id='word_1_450' title='bbox 1486 3168 1538 3221; x_wconf 93' lang='lat' dir='ltr'><strong>in</strong></span> <span class='ocrx_word' id='word_1_451' title='bbox 1591 3170 1769 3237; x_wconf 74' lang='lat' dir='ltr'><strong>lingua</strong></span> <span class='ocrx_word' id='word_1_452' title='bbox 1801 3196 1844 3252; x_wconf 65' lang='grc' dir='ltr'>ο</span> <span class='ocrx_word' id='word_1_453' title='bbox 1879 3163 2029 3220; x_wconf 87' lang='lat' dir='ltr'><strong>Isaac</strong></span> <span class='ocrx_word' id='word_1_454' title='bbox 2076 3181 2247 3234; x_wconf 92' lang='lat' dir='ltr'><strong>usque</strong></span> <span class='ocrx_word' id='word_1_455' title='bbox 2293 3167 2521 3230; x_wconf 83' lang='lat' dir='ltr'><strong>vixisse,</strong></span> <span class='ocrx_word' id='word_1_456' title='bbox 2558 3181 2861 3236; x_wconf 89' lang='lat' dir='ltr'><strong>omnesque</strong></span> <span class='ocrx_word' id='word_1_457' title='bbox 2900 3168 3296 3239; x_wconf 80' lang='lat' dir='ltr'><strong>primogenitos</strong></span> <span class='ocrx_word' id='word_1_458' title='bbox 3328 3172 3447 3225; x_wconf 87' lang='lat' dir='ltr'><strong>Noe</strong></span> 
     </span>
    </p>
   </div>
   <div class='ocr_carea' id='block_1_63' title="bbox 186 3251 1767 3326">
    <p class='ocr_par' dir='ltr' id='par_1_63' title="bbox 186 3251 1767 3326">
     <span class='ocr_line' id='line_1_63' title="bbox 186 3251 1767 3326; baseline 0.004 -21"><span class='ocrx_word' id='word_1_459' title='bbox 186 3262 376 3308; x_wconf 85' lang='lat' dir='ltr'><strong>nostra</strong></span> <span class='ocrx_word' id='word_1_460' title='bbox 423 3264 673 3312; x_wconf 88' lang='lat' dir='ltr'><strong>resonat.</strong></span> <span class='ocrx_word' id='word_1_461' title='bbox 706 3251 830 3305; x_wconf 86' lang='lat' dir='ltr'><strong>urbs</strong></span> <span class='ocrx_word' id='word_1_462' title='bbox 863 3251 1174 3306; x_wconf 84' lang='lat' dir='ltr'><strong>Palutarum</strong></span> <span class='ocrx_word' id='word_1_463' title='bbox 1210 3273 1223 3309; x_wconf 89' lang='lat'><strong>:</strong></span> <span class='ocrx_word' id='word_1_464' title='bbox 1270 3252 1509 3311; x_wconf 84' lang='lat' dir='ltr'><strong>Thamar</strong></span> <span class='ocrx_word' id='word_1_465' title='bbox 1568 3258 1767 3326; x_wconf 88' lang='lat' dir='ltr'><strong>quippe</strong></span> 
     </span>
    </p>
   </div>
   <div class='ocr_carea' id='block_1_64' title="bbox 187 3343 1765 3418">
    <p class='ocr_par' dir='ltr' id='par_1_64' title="bbox 187 3343 1765 3418">
     <span class='ocr_line' id='line_1_64' title="bbox 187 3343 1765 3418; baseline 0.004 -22"><span class='ocrx_word' id='word_1_466' title='bbox 187 3344 364 3411; x_wconf 83' lang='lat' dir='ltr'><strong>palma</strong></span> <span class='ocrx_word' id='word_1_467' title='bbox 399 3345 631 3399; x_wconf 85' lang='lat' dir='ltr'><strong>dicitur.</strong></span> <span class='ocrx_word' id='word_1_468' title='bbox 660 3343 955 3397; x_wconf 86' lang='lat' dir='ltr'><strong>Sciendum</strong></span> <span class='ocrx_word' id='word_1_469' title='bbox 989 3355 1168 3401; x_wconf 90' lang='lat' dir='ltr'><strong>autem</strong></span> <span class='ocrx_word' id='word_1_470' title='bbox 1202 3362 1303 3417; x_wconf 91' lang='lat' dir='ltr'><strong>pro</strong></span> <span class='ocrx_word' id='word_1_471' title='bbox 1337 3364 1423 3413; x_wconf 89' lang='lat' dir='ltr'><strong>eo,</strong></span> <span class='ocrx_word' id='word_1_472' title='bbox 1464 3350 1607 3418; x_wconf 86' lang='lat' dir='ltr'><strong>quod</strong></span> <span class='ocrx_word' id='word_1_473' title='bbox 1642 3358 1765 3418; x_wconf 86' lang='lat' dir='ltr'><strong>post</strong></span> 
     </span>
    </p>
   </div>
   <div class='ocr_carea' id='block_1_65' title="bbox 190 3435 785 3504">
    <p class='ocr_par' dir='ltr' id='par_1_65' title="bbox 190 3435 785 3504">
     <span class='ocr_line' id='line_1_65' title="bbox 190 3435 785 3504; baseline -0.003 -16"><span class='ocrx_word' id='word_1_474' title='bbox 190 3436 476 3504; x_wconf 82' lang='lat' dir='ltr'><strong>paululum</strong></span> <span class='ocrx_word' id='word_1_475' title='bbox 514 3435 785 3503; x_wconf 85' lang='lat' dir='ltr'><strong>sequitur:</strong></span> 
     </span>
    </p>
   </div>
   <div class='ocr_carea' id='block_1_66' title="bbox 260 3545 1768 3615">
    <p class='ocr_par' dir='ltr' id='par_1_66' title="bbox 260 3545 1768 3615">
     <span class='ocr_line' id='line_1_66' title="bbox 260 3545 1768 3615; baseline 0.001 -16"><span class='ocrx_word' id='word_1_476' title='bbox 260 3546 446 3615; x_wconf 75' lang='lat' dir='ltr'><strong>(Vers.</strong></span> <span class='ocrx_word' id='word_1_477' title='bbox 476 3547 555 3615; x_wconf 89' lang='lat'><strong>8.)</strong></span> <span class='ocrx_word' id='word_1_478' title='bbox 590 3564 609 3597; x_wconf 88' lang='grc'><strong>‹</strong></span> <span class='ocrx_word' id='word_1_479' title='bbox 641 3546 707 3598; x_wconf 83' lang='lat' dir='ltr'><strong>Et</strong></span> <span class='ocrx_word' id='word_1_480' title='bbox 746 3545 1059 3597; x_wconf 82' lang='lat' dir='ltr'><strong>direxerant</strong></span> <span class='ocrx_word' id='word_1_481' title='bbox 1104 3554 1295 3598; x_wconf 87' lang='lat' dir='ltr'><strong>contra</strong></span> <span class='ocrx_word' id='word_1_482' title='bbox 1340 3560 1434 3599; x_wconf 86' lang='lat' dir='ltr'><strong>eos</strong></span> <span class='ocrx_word' id='word_1_483' title='bbox 1486 3549 1661 3601; x_wconf 87' lang='lat' dir='ltr'><strong>aciem</strong></span> <span class='ocrx_word' id='word_1_484' title='bbox 1700 3549 1768 3601; x_wconf 86' lang='lat' dir='ltr'><strong>ad</strong></span> 
     </span>
    </p>
   </div>
   <div class='ocr_carea' id='block_1_67' title="bbox 191 3634 1766 3699">
    <p class='ocr_par' dir='ltr' id='par_1_67' title="bbox 191 3634 1766 3699">
     <span class='ocr_line' id='line_1_67' title="bbox 191 3634 1766 3699; baseline 0.002 -10"><span class='ocrx_word' id='word_1_485' title='bbox 191 3637 389 3689; x_wconf 86' lang='lat' dir='ltr'><strong>bellum</strong></span> <span class='ocrx_word' id='word_1_486' title='bbox 426 3637 481 3687; x_wconf 90' lang='lat' dir='ltr'><strong>in</strong></span> <span class='ocrx_word' id='word_1_487' title='bbox 518 3634 659 3687; x_wconf 87' lang='lat' dir='ltr'><strong>valle</strong></span> <span class='ocrx_word' id='word_1_488' title='bbox 692 3634 1033 3696; x_wconf 74' lang='lat' dir='ltr'><strong>Salium-uin,</strong></span> <span class='ocrx_word' id='word_1_489' title='bbox 1059 3653 1077 3685; x_wconf 75' lang='grc' dir='ltr'><strong>ι</strong></span> <span class='ocrx_word' id='word_1_490' title='bbox 1119 3635 1174 3688; x_wconf 94' lang='lat' dir='ltr'><strong>iu</strong></span> <span class='ocrx_word' id='word_1_491' title='bbox 1210 3634 1436 3689; x_wconf 68' lang='lat' dir='ltr'><strong>Hebraeo</strong></span> <span class='ocrx_word' id='word_1_492' title='bbox 1471 3637 1683 3699; x_wconf 85' lang='lat' dir='ltr'><strong>haberi,</strong></span> <span class='ocrx_word' id='word_1_493' title='bbox 1714 3640 1766 3692; x_wconf 91' lang='lat' dir='ltr'><strong>in</strong></span> 
     </span>
    </p>
   </div>
   <div class='ocr_carea' id='block_1_68' title="bbox 191 3725 1771 3795">
    <p class='ocr_par' dir='ltr' id='par_1_68' title="bbox 191 3725 1771 3795">
     <span class='ocr_line' id='line_1_68' title="bbox 191 3725 1771 3795; baseline 0.001 -16"><span class='ocrx_word' id='word_1_494' title='bbox 191 3730 324 3782; x_wconf 81' lang='lat' dir='ltr'><strong>valle</strong></span> <span class='ocrx_word' id='word_1_495' title='bbox 350 3742 547 3783; x_wconf 74' lang='lat' dir='ltr'><strong>senum</strong></span> <span class='ocrx_word' id='word_1_496' title='bbox 581 3725 773 3795; x_wconf 61' lang='lat' dir='ltr'><strong>(iam)</strong></span> <span class='ocrx_word' id='word_1_497' title='bbox 807 3740 822 3777; x_wconf 85' lang='lat'><strong>:</strong></span> <span class='ocrx_word' id='word_1_498' title='bbox 858 3730 1000 3794; x_wconf 84' lang='lat' dir='ltr'><strong>quod</strong></span> <span class='ocrx_word' id='word_1_499' title='bbox 1024 3726 1215 3795; x_wconf 85' lang='lat' dir='ltr'><strong>Aquila</strong></span> <span class='ocrx_word' id='word_1_500' title='bbox 1251 3729 1640 3795; x_wconf 89' lang='lat' dir='ltr'><strong>interpretatur</strong></span> <span class='ocrx_word' id='word_1_501' title='bbox 1666 3730 1771 3781; x_wconf 78' lang='grc' dir='ltr'><strong>τῶν</strong></span> 
     </span>
    </p>
   </div>
   <div class='ocr_carea' id='block_1_69' title="bbox 192 3815 1769 3887">
    <p class='ocr_par' dir='ltr' id='par_1_69' title="bbox 192 3815 1769 3887">
     <span class='ocr_line' id='line_1_69' title="bbox 192 3815 1769 3887; baseline 0.001 -17"><span class='ocrx_word' id='word_1_502' title='bbox 192 3815 614 3887; x_wconf 71' lang='grc' dir='ltr'><strong>περιπεδίνωνδ,</strong></span> <span class='ocrx_word' id='word_1_503' title='bbox 630 3816 953 3876; x_wconf 84' lang='lat' dir='ltr'><strong>Theodotio.</strong></span> <span class='ocrx_word' id='word_1_504' title='bbox 976 3818 1082 3870; x_wconf 79' lang='grc' dir='ltr'><strong>τῶν</strong></span> <span class='ocrx_word' id='word_1_505' title='bbox 1098 3817 1298 3882; x_wconf 75' lang='grc' dir='ltr'><strong>ἀλσῶν,</strong></span> <span class='ocrx_word' id='word_1_506' title='bbox 1322 3832 1534 3872; x_wconf 65' lang='lat' dir='ltr'><strong>amoena</strong></span> <span class='ocrx_word' id='word_1_507' title='bbox 1547 3835 1769 3874; x_wconf 87' lang='lat' dir='ltr'><strong>nemora</strong></span> 
     </span>
    </p>
   </div>
   <div class='ocr_carea' id='block_1_70' title="bbox 194 3910 594 3981">
    <p class='ocr_par' dir='ltr' id='par_1_70' title="bbox 194 3910 594 3981">
     <span class='ocr_line' id='line_1_70' title="bbox 194 3910 594 3981; baseline -0.008 -15"><span class='ocrx_word' id='word_1_508' title='bbox 194 3910 594 3981; x_wconf 75' lang='lat' dir='ltr'><strong>signiﬁcantes.</strong></span> 
     </span>
    </p>
   </div>
   <div class='ocr_carea' id='block_1_71' title="bbox 266 4083 1775 4157">
    <p class='ocr_par' dir='ltr' id='par_1_71' title="bbox 266 4083 1775 4157">
     <span class='ocr_line' id='line_1_71' title="bbox 266 4083 1775 4157; baseline 0.001 -16"><span class='ocrx_word' id='word_1_509' title='bbox 266 4092 279 4120; x_wconf 85' lang='grc'>¹</span> <span class='ocrx_word' id='word_1_510' title='bbox 320 4092 617 4157; x_wconf 68' lang='lat' dir='ltr'><strong>Antequam</strong></span> <span class='ocrx_word' id='word_1_511' title='bbox 671 4083 953 4137; x_wconf 79' lang='lat' dir='ltr'><strong>Sodontam</strong></span> <span class='ocrx_word' id='word_1_512' title='bbox 1003 4084 1604 4157; x_wconf 48' lang='lat' dir='ltr'><strong>pervertireut:_A_l_tsutit</strong></span> <span class='ocrx_word' id='word_1_513' title='bbox 1663 4088 1775 4143; x_wconf 61' lang='lat' dir='ltr'><strong>hinc</strong></span> 
     </span>
    </p>
   </div>
   <div class='ocr_carea' id='block_1_72' title="bbox 198 4152 1705 4221">
    <p class='ocr_par' dir='ltr' id='par_1_72' title="bbox 198 4152 1705 4221">
     <span class='ocr_line' id='line_1_72' title="bbox 198 4152 1705 4221; baseline 0 -13"><span class='ocrx_word' id='word_1_514' title='bbox 198 4160 357 4212; x_wconf 85' lang='lat' dir='ltr'><strong>verba</strong></span> <span class='ocrx_word' id='word_1_515' title='bbox 391 4160 446 4212; x_wconf 91' lang='lat' dir='ltr'><strong>iu</strong></span> <span class='ocrx_word' id='word_1_516' title='bbox 470 4152 745 4211; x_wconf 47' lang='lat' dir='ltr'><strong>&#39;cmitextu</strong></span> <span class='ocrx_word' id='word_1_517' title='bbox 782 4167 939 4208; x_wconf 87' lang='lat' dir='ltr'><strong>sacro</strong></span> <span class='ocrx_word' id='word_1_518' title='bbox 970 4162 1023 4205; x_wconf 84' lang='lat' dir='ltr'><strong>et</strong></span> <span class='ocrx_word' id='word_1_519' title='bbox 1052 4154 1192 4221; x_wconf 86' lang='lat' dir='ltr'><strong>apud</strong></span> <span class='ocrx_word' id='word_1_520' title='bbox 1226 4152 1388 4206; x_wconf 79' lang='lat' dir='ltr'><strong>LXX.</strong></span> <span class='ocrx_word' id='word_1_521' title='bbox 1422 4153 1705 4209; x_wconf 63' lang='lat' dir='ltr'><strong>Maurus.</strong></span> 
     </span>
    </p>
   </div>
   <div class='ocr_carea' id='block_1_73' title="bbox 265 4222 1773 4291">
    <p class='ocr_par' dir='ltr' id='par_1_73' title="bbox 265 4222 1773 4291">
     <span class='ocr_line' id='line_1_73' title="bbox 265 4222 1773 4291; baseline -0.003 -9"><span class='ocrx_word' id='word_1_522' title='bbox 265 4230 284 4259; x_wconf 85' lang='grc'>¹</span> <span class='ocrx_word' id='word_1_523' title='bbox 321 4228 597 4282; x_wconf 83' lang='lat' dir='ltr'><strong>Hodierna</strong></span> <span class='ocrx_word' id='word_1_524' title='bbox 665 4238 793 4277; x_wconf 87' lang='lat' dir='ltr'><strong>vero</strong></span> <span class='ocrx_word' id='word_1_525' title='bbox 852 4222 1177 4291; x_wconf 61' lang='lat' dir='ltr'><strong>exemplaria</strong></span> <span class='ocrx_word' id='word_1_526' title='bbox 1224 4237 1347 4275; x_wconf 91' lang='lat' dir='ltr'><strong>cum</strong></span> <span class='ocrx_word' id='word_1_527' title='bbox 1378 4234 1418 4282; x_wconf 82' lang='grc' dir='ltr'>Π</span> <span class='ocrx_word' id='word_1_528' title='bbox 1458 4225 1773 4291; x_wconf 67' lang='lat' dir='ltr'><strong>praeferunt,</strong></span> 
     </span>
    </p>
   </div>
   <div class='ocr_carea' id='block_1_74' title="bbox 197 4290 1779 4364">
    <p class='ocr_par' dir='ltr' id='par_1_74' title="bbox 197 4290 1779 4364">
     <span class='ocr_line' id='line_1_74' title="bbox 197 4290 1779 4364; baseline -0.002 -13"><span class='ocrx_word' id='word_1_529' title='bbox 197 4310 338 4359; x_wconf 69' lang='lat'><strong>1:112,</strong></span> <span class='ocrx_word' id='word_1_530' title='bbox 402 4308 570 4364; x_wconf 64' lang='lat' dir='ltr'><strong>atque</strong></span> <span class='ocrx_word' id='word_1_531' title='bbox 607 4295 678 4347; x_wconf 84' lang='lat' dir='ltr'><strong>ita</strong></span> <span class='ocrx_word' id='word_1_532' title='bbox 724 4308 831 4345; x_wconf 94' lang='lat' dir='ltr'><strong>uou</strong></span> <span class='ocrx_word' id='word_1_533' title='bbox 864 4290 1259 4364; x_wconf 76' lang='lat' dir='ltr'><strong>LXX_solum,_</strong></span> <span class='ocrx_word' id='word_1_534' title='bbox 1286 4296 1376 4345; x_wconf 86' lang='lat' dir='ltr'><strong>sed</strong></span> <span class='ocrx_word' id='word_1_535' title='bbox 1416 4290 1479 4364; x_wconf 65' lang='lat' dir='ltr'><strong>et</strong></span> <span class='ocrx_word' id='word_1_536' title='bbox 1528 4293 1696 4361; x_wconf 78' lang='lat' dir='ltr'><strong>Syrus</strong></span> <span class='ocrx_word' id='word_1_537' title='bbox 1726 4308 1779 4348; x_wconf 79' lang='lat' dir='ltr'><strong>rt</strong></span> 
     </span>
    </p>
   </div>
   <div class='ocr_carea' id='block_1_75' title="bbox 200 4360 1776 4431">
    <p class='ocr_par' dir='ltr' id='par_1_75' title="bbox 200 4360 1776 4431">
     <span class='ocr_line' id='line_1_75' title="bbox 200 4360 1776 4431; baseline -0.002 -10"><span class='ocrx_word' id='word_1_538' title='bbox 200 4360 585 4421; x_wconf 71' lang='lat' dir='ltr'><strong>Samaritanus</strong></span> <span class='ocrx_word' id='word_1_539' title='bbox 621 4365 826 4431; x_wconf 80' lang='lat' dir='ltr'><strong>legunt,</strong></span> <span class='ocrx_word' id='word_1_540' title='bbox 864 4361 995 4427; x_wconf 87' lang='lat' dir='ltr'><strong>quin</strong></span> <span class='ocrx_word' id='word_1_541' title='bbox 1026 4360 1138 4428; x_wconf 87' lang='lat' dir='ltr'><strong>ipse</strong></span> <span class='ocrx_word' id='word_1_542' title='bbox 1188 4361 1352 4414; x_wconf 87' lang='lat' dir='ltr'><strong>etiam</strong></span> <span class='ocrx_word' id='word_1_543' title='bbox 1412 4360 1776 4431; x_wconf 73' lang='lat' dir='ltr'><strong>Hieronymus</strong></span> 
     </span>
    </p>
   </div>
   <div class='ocr_carea' id='block_1_76' title="bbox 201 4431 1774 4500">
    <p class='ocr_par' dir='ltr' id='par_1_76' title="bbox 201 4431 1774 4500">
     <span class='ocr_line' id='line_1_76' title="bbox 201 4431 1774 4500; baseline -0.001 -11"><span class='ocrx_word' id='word_1_544' title='bbox 201 4438 251 4489; x_wconf 86' lang='lat' dir='ltr'><strong>iu</strong></span> <span class='ocrx_word' id='word_1_545' title='bbox 284 4454 381 4491; x_wconf 77' lang='lat' dir='ltr'><strong>sua</strong></span> <span class='ocrx_word' id='word_1_546' title='bbox 412 4452 480 4491; x_wconf 84' lang='lat' dir='ltr'><strong>ex</strong></span> <span class='ocrx_word' id='word_1_547' title='bbox 516 4434 743 4487; x_wconf 66' lang='lat' dir='ltr'><strong>Hebraeo</strong></span> <span class='ocrx_word' id='word_1_548' title='bbox 770 4431 1036 4491; x_wconf 87' lang='lat' dir='ltr'><strong>versione.</strong></span> <span class='ocrx_word' id='word_1_549' title='bbox 1069 4434 1157 4484; x_wconf 91' lang='lat' dir='ltr'><strong>ubi</strong></span> <span class='ocrx_word' id='word_1_550' title='bbox 1192 4447 1311 4482; x_wconf 86' lang='lat' dir='ltr'><strong>cum</strong></span> <span class='ocrx_word' id='word_1_551' title='bbox 1341 4432 1415 4484; x_wconf 80' lang='lat' dir='ltr'><strong>eis</strong></span> <span class='ocrx_word' id='word_1_552' title='bbox 1442 4432 1572 4485; x_wconf 78' lang='lat' dir='ltr'><strong>inte.</strong></span> <span class='ocrx_word' id='word_1_553' title='bbox 1592 4446 1774 4500; x_wconf 79' lang='lat' dir='ltr'><strong>preta-</strong></span> 
     </span>
    </p>
   </div>
   <div class='ocr_carea' id='block_1_77' title="bbox 199 4502 1773 4572">
    <p class='ocr_par' dir='ltr' id='par_1_77' title="bbox 199 4502 1773 4572">
     <span class='ocr_line' id='line_1_77' title="bbox 199 4502 1773 4572; baseline 0 -15"><span class='ocrx_word' id='word_1_554' title='bbox 199 4518 305 4571; x_wconf 84' lang='lat' dir='ltr'><strong>tur,</strong></span> <span class='ocrx_word' id='word_1_555' title='bbox 339 4507 715 4572; x_wconf 84' lang='lat' dir='ltr'><strong>ue,opiuor,a</strong></span> <span class='ocrx_word' id='word_1_556' title='bbox 745 4503 902 4567; x_wconf 78' lang='lat' dir='ltr'><strong>vulgo</strong></span> <span class='ocrx_word' id='word_1_557' title='bbox 937 4508 1150 4572; x_wconf 86' lang='lat' dir='ltr'><strong>recepta</strong></span> <span class='ocrx_word' id='word_1_558' title='bbox 1188 4502 1419 4555; x_wconf 85' lang='lat' dir='ltr'><strong>lectione</strong></span> <span class='ocrx_word' id='word_1_559' title='bbox 1451 4503 1773 4557; x_wconf 68' lang='lat' dir='ltr'><strong>discederet.</strong></span> 
     </span>
    </p>
   </div>
   <div class='ocr_carea' id='block_1_78' title="bbox 200 4571 1764 4645">
    <p class='ocr_par' dir='ltr' id='par_1_78' title="bbox 200 4571 1764 4645">
     <span class='ocr_line' id='line_1_78' title="bbox 200 4571 1764 4645; baseline -0.001 -17"><span class='ocrx_word' id='word_1_560' title='bbox 200 4576 327 4629; x_wconf 71' lang='lat' dir='ltr'><strong>Nam</strong></span> <span class='ocrx_word' id='word_1_561' title='bbox 356 4571 505 4645; x_wconf 84' lang='lat' dir='ltr'><strong>quod</strong></span> <span class='ocrx_word' id='word_1_562' title='bbox 536 4584 809 4645; x_wconf 73' lang='lat' dir='ltr'><strong>:n1_ciiui</strong></span> <span class='ocrx_word' id='word_1_563' title='bbox 847 4571 1021 4645; x_wconf 62' lang='lat' dir='ltr'><strong>media</strong></span> <span class='ocrx_word' id='word_1_564' title='bbox 1046 4580 1082 4625; x_wconf 76' lang='grc' dir='ltr'><strong><em>Π</em></strong></span> <span class='ocrx_word' id='word_1_565' title='bbox 1105 4571 1279 4645; x_wconf 81' lang='lat' dir='ltr'><strong>littera</strong></span> <span class='ocrx_word' id='word_1_566' title='bbox 1300 4572 1764 4645; x_wconf 68' lang='lat' dir='ltr'><strong>lectutu_sua_teta-</strong></span> 
     </span>
    </p>
   </div>
   <div class='ocr_carea' id='block_1_79' title="bbox 201 4639 1761 4711">
    <p class='ocr_par' dir='ltr' id='par_1_79' title="bbox 201 4639 1761 4711">
     <span class='ocr_line' id='line_1_79' title="bbox 201 4639 1761 4711; baseline -0.002 -13"><span class='ocrx_word' id='word_1_567' title='bbox 201 4657 249 4698; x_wconf 89' lang='lat' dir='ltr'><strong>te</strong></span> <span class='ocrx_word' id='word_1_568' title='bbox 292 4639 571 4706; x_wconf 75' lang='lat' dir='ltr'><strong>observat,</strong></span> <span class='ocrx_word' id='word_1_569' title='bbox 610 4642 676 4695; x_wconf 86' lang='lat' dir='ltr'><strong>ad</strong></span> <span class='ocrx_word' id='word_1_570' title='bbox 706 4641 953 4711; x_wconf 75' lang='lat' dir='ltr'><strong>legentis</strong></span> <span class='ocrx_word' id='word_1_571' title='bbox 983 4639 1346 4711; x_wconf 80' lang='lat' dir='ltr'><strong>eruditionem</strong></span> <span class='ocrx_word' id='word_1_572' title='bbox 1404 4639 1556 4693; x_wconf 75' lang='lat' dir='ltr'><strong>facit.</strong></span> <span class='ocrx_word' id='word_1_573' title='bbox 1596 4643 1761 4695; x_wconf 70' lang='lat' dir='ltr'><strong>Chal-</strong></span> 
     </span>
    </p>
   </div>
   <div class='ocr_carea' id='block_1_80' title="bbox 202 4710 1760 4779">
    <p class='ocr_par' dir='ltr' id='par_1_80' title="bbox 202 4710 1760 4779">
     <span class='ocr_line' id='line_1_80' title="bbox 202 4710 1760 4779; baseline 0.001 -14"><span class='ocrx_word' id='word_1_574' title='bbox 202 4718 343 4769; x_wconf 73' lang='lat' dir='ltr'><strong>ilzeus</strong></span> <span class='ocrx_word' id='word_1_575' title='bbox 394 4727 579 4767; x_wconf 82' lang='lat' dir='ltr'><strong>tamen</strong></span> <span class='ocrx_word' id='word_1_576' title='bbox 612 4723 664 4764; x_wconf 89' lang='lat' dir='ltr'><strong>et</strong></span> <span class='ocrx_word' id='word_1_577' title='bbox 702 4710 1048 4779; x_wconf 61' lang='lat' dir='ltr'><strong>MaSSutretlta:</strong></span> <span class='ocrx_word' id='word_1_578' title='bbox 1082 4710 1429 4779; x_wconf 74' lang='lat' dir='ltr'><strong>confirmant,</strong></span> <span class='ocrx_word' id='word_1_579' title='bbox 1462 4712 1553 4777; x_wconf 83' lang='lat' dir='ltr'><strong>qui</strong></span> <span class='ocrx_word' id='word_1_580' title='bbox 1598 4713 1760 4779; x_wconf 88' lang='lat' dir='ltr'><strong>quasi</strong></span> 
     </span>
    </p>
   </div>
   <div class='ocr_carea' id='block_1_81' title="bbox 200 4777 1707 4853">
    <p class='ocr_par' dir='ltr' id='par_1_81' title="bbox 200 4777 1707 4853">
     <span class='ocr_line' id='line_1_81' title="bbox 200 4777 1707 4853; baseline -0.001 -17"><span class='ocrx_word' id='word_1_581' title='bbox 200 4788 481 4853; x_wconf 80' lang='lat' dir='ltr'><strong>prpprium</strong></span> <span class='ocrx_word' id='word_1_582' title='bbox 516 4795 713 4835; x_wconf 86' lang='lat' dir='ltr'><strong>nomen</strong></span> <span class='ocrx_word' id='word_1_583' title='bbox 752 4782 803 4853; x_wconf 83' lang='lat' dir='ltr'><strong>in</strong></span> <span class='ocrx_word' id='word_1_584' title='bbox 844 4778 1037 4853; x_wconf 82' lang='lat' dir='ltr'><strong>CI_tam_,_</strong></span> <span class='ocrx_word' id='word_1_585' title='bbox 1064 4782 1187 4853; x_wconf 78' lang='lat' dir='ltr'><strong>sive</strong></span> <span class='ocrx_word' id='word_1_586' title='bbox 1211 4781 1260 4853; x_wconf 84' lang='lat' dir='ltr'><strong>i_u</strong></span> <span class='ocrx_word' id='word_1_587' title='bbox 1298 4777 1707 4853; x_wconf 36' lang='lat' dir='ltr'><strong>Hornhvertu—ut.</strong></span> 
     </span>
    </p>
   </div>
   <div class='ocr_carea' id='block_1_82' title="bbox 269 4846 1768 4921">
    <p class='ocr_par' dir='ltr' id='par_1_82' title="bbox 269 4846 1768 4921">
     <span class='ocr_line' id='line_1_82' title="bbox 269 4846 1768 4921; baseline -0.001 -15"><span class='ocrx_word' id='word_1_588' title='bbox 269 4846 752 4921; x_wconf 64' lang='lat' dir='ltr'><strong>&quot;Interpretatur,</strong></span> <span class='ocrx_word' id='word_1_589' title='bbox 785 4850 837 4900; x_wconf 86' lang='lat' dir='ltr'><strong>in</strong></span> <span class='ocrx_word' id='word_1_590' title='bbox 864 4850 960 4901; x_wconf 83' lang='lat' dir='ltr'><strong>eis.</strong></span> <span class='ocrx_word' id='word_1_591' title='bbox 993 4848 1110 4921; x_wconf 82' lang='lat' dir='ltr'><strong>Non</strong></span> <span class='ocrx_word' id='word_1_592' title='bbox 1140 4849 1359 4921; x_wconf 76' lang='lat' dir='ltr'><strong>videtur</strong></span> <span class='ocrx_word' id='word_1_593' title='bbox 1401 4846 1768 4921; x_wconf 77' lang='lat' dir='ltr'><strong>Hieronymus</strong></span> 
     </span>
    </p>
   </div>
   <div class='ocr_carea' id='block_1_83' title="bbox 203 4917 1767 4986">
    <p class='ocr_par' dir='ltr' id='par_1_83' title="bbox 203 4917 1767 4986">
     <span class='ocr_line' id='line_1_83' title="bbox 203 4917 1767 4986; baseline -0.001 -10"><span class='ocrx_word' id='word_1_594' title='bbox 203 4923 289 4977; x_wconf 90' lang='lat' dir='ltr'><strong>hic</strong></span> <span class='ocrx_word' id='word_1_595' title='bbox 315 4926 424 4978; x_wconf 87' lang='lat' dir='ltr'><strong>sibi</strong></span> <span class='ocrx_word' id='word_1_596' title='bbox 458 4917 594 4975; x_wconf 80' lang='lat' dir='ltr'><strong>satis</strong></span> <span class='ocrx_word' id='word_1_597' title='bbox 619 4930 892 4981; x_wconf 83' lang='lat' dir='ltr'><strong>constare,</strong></span> <span class='ocrx_word' id='word_1_598' title='bbox 922 4920 1045 4986; x_wconf 88' lang='lat' dir='ltr'><strong>quia</strong></span> <span class='ocrx_word' id='word_1_599' title='bbox 1080 4917 1309 4986; x_wconf 89' lang='lat' dir='ltr'><strong>ipsemet</strong></span> <span class='ocrx_word' id='word_1_600' title='bbox 1350 4918 1401 4971; x_wconf 89' lang='lat' dir='ltr'><strong>in</strong></span> <span class='ocrx_word' id='word_1_601' title='bbox 1442 4934 1537 4973; x_wconf 82' lang='lat' dir='ltr'><strong>sua</strong></span> <span class='ocrx_word' id='word_1_602' title='bbox 1574 4917 1767 4975; x_wconf 72' lang='lat' dir='ltr'><strong>Latina</strong></span> 
     </span>
    </p>
   </div>
   <div class='ocr_carea' id='block_1_84' title="bbox 205 4988 1767 5057">
    <p class='ocr_par' dir='ltr' id='par_1_84' title="bbox 205 4988 1767 5057">
     <span class='ocr_line' id='line_1_84' title="bbox 205 4988 1767 5057; baseline -0.002 -12"><span class='ocrx_word' id='word_1_603' title='bbox 205 4994 560 5048; x_wconf 82' lang='lat' dir='ltr'><strong>translatione</strong></span> <span class='ocrx_word' id='word_1_604' title='bbox 620 4988 914 5041; x_wconf 68' lang='lat' dir='ltr'><strong>Biltliorum</strong></span> <span class='ocrx_word' id='word_1_605' title='bbox 975 4990 1330 5057; x_wconf 69' lang='lat' dir='ltr'><strong>legebatDm</strong></span> <span class='ocrx_word' id='word_1_606' title='bbox 1355 4988 1525 5057; x_wconf 83' lang='lat' dir='ltr'><strong>baem,</strong></span> <span class='ocrx_word' id='word_1_607' title='bbox 1571 4991 1623 5042; x_wconf 82' lang='lat' dir='ltr'><strong>in</strong></span> <span class='ocrx_word' id='word_1_608' title='bbox 1672 4992 1767 5052; x_wconf 83' lang='lat' dir='ltr'><strong>eis,</strong></span> 
     </span>
    </p>
   </div>
   <div class='ocr_carea' id='block_1_85' title="bbox 204 5055 1765 5125">
    <p class='ocr_par' dir='ltr' id='par_1_85' title="bbox 204 5055 1765 5125">
     <span class='ocr_line' id='line_1_85' title="bbox 204 5055 1765 5125; baseline -0.001 -11"><span class='ocrx_word' id='word_1_609' title='bbox 204 5066 281 5116; x_wconf 89' lang='lat' dir='ltr'><strong>vel</strong></span> <span class='ocrx_word' id='word_1_610' title='bbox 316 5080 438 5116; x_wconf 85' lang='lat' dir='ltr'><strong>cum</strong></span> <span class='ocrx_word' id='word_1_611' title='bbox 471 5062 567 5113; x_wconf 78' lang='lat' dir='ltr'><strong>eis.</strong></span> <span class='ocrx_word' id='word_1_612' title='bbox 600 5061 668 5111; x_wconf 80' lang='lat' dir='ltr'><strong>At</strong></span> <span class='ocrx_word' id='word_1_613' title='bbox 698 5059 765 5112; x_wconf 83' lang='lat' dir='ltr'><strong>de</strong></span> <span class='ocrx_word' id='word_1_614' title='bbox 794 5059 874 5110; x_wconf 86' lang='lat' dir='ltr'><strong>bis</strong></span> <span class='ocrx_word' id='word_1_615' title='bbox 903 5055 1043 5109; x_wconf 85' lang='lat' dir='ltr'><strong>infra</strong></span> <span class='ocrx_word' id='word_1_616' title='bbox 1082 5058 1133 5109; x_wconf 89' lang='lat' dir='ltr'><strong>in</strong></span> <span class='ocrx_word' id='word_1_617' title='bbox 1170 5057 1320 5111; x_wconf 70' lang='lat' dir='ltr'><strong>Notis</strong></span> <span class='ocrx_word' id='word_1_618' title='bbox 1356 5055 1765 5125; x_wconf 65' lang='lat' dir='ltr'><strong>prolixioribus.</strong></span> 
     </span>
    </p>
   </div>
   <div class='ocr_carea' id='block_1_86' title="bbox 204 5132 477 5187">
    <p class='ocr_par' dir='ltr' id='par_1_86' title="bbox 204 5132 477 5187">
     <span class='ocr_line' id='line_1_86' title="bbox 204 5132 477 5187; baseline 0 -3"><span class='ocrx_word' id='word_1_619' title='bbox 204 5132 477 5187; x_wconf 58' lang='lat' dir='ltr'><strong>Maurus.</strong></span> 
     </span>
    </p>
   </div>
   <div class='ocr_carea' id='block_1_87' title="bbox 270 5195 1768 5269">
    <p class='ocr_par' dir='ltr' id='par_1_87' title="bbox 270 5195 1768 5269">
     <span class='ocr_line' id='line_1_87' title="bbox 270 5195 1768 5269; baseline -0.003 -13"><span class='ocrx_word' id='word_1_620' title='bbox 270 5209 289 5233; x_wconf 71' lang='grc'>⁸</span> <span class='ocrx_word' id='word_1_621' title='bbox 321 5206 588 5269; x_wconf 76' lang='lat' dir='ltr'><strong>Suspecta</strong></span> <span class='ocrx_word' id='word_1_622' title='bbox 623 5197 757 5250; x_wconf 91' lang='lat' dir='ltr'><strong>mihi</strong></span> <span class='ocrx_word' id='word_1_623' title='bbox 817 5213 931 5269; x_wconf 82' lang='lat' dir='ltr'><strong>non</strong></span> <span class='ocrx_word' id='word_1_624' title='bbox 972 5210 1075 5248; x_wconf 86' lang='lat' dir='ltr'><strong>una</strong></span> <span class='ocrx_word' id='word_1_625' title='bbox 1105 5195 1183 5269; x_wconf 58' lang='lat' dir='ltr'><strong>de</strong></span> <span class='ocrx_word' id='word_1_626' title='bbox 1205 5210 1367 5269; x_wconf 72' lang='lat' dir='ltr'><strong>causa</strong></span> <span class='ocrx_word' id='word_1_627' title='bbox 1400 5196 1511 5249; x_wconf 62' lang='lat' dir='ltr'><strong>haec</strong></span> <span class='ocrx_word' id='word_1_628' title='bbox 1541 5205 1622 5251; x_wconf 84' lang='lat' dir='ltr'><strong>cst</strong></span> <span class='ocrx_word' id='word_1_629' title='bbox 1657 5198 1768 5253; x_wconf 87' lang='lat' dir='ltr'><strong>lec-</strong></span> 
     </span>
    </p>
   </div>
   <div class='ocr_carea' id='block_1_88' title="bbox 206 5266 1769 5340">
    <p class='ocr_par' dir='ltr' id='par_1_88' title="bbox 206 5266 1769 5340">
     <span class='ocr_line' id='line_1_88' title="bbox 206 5266 1769 5340; baseline 0.006 -19"><span class='ocrx_word' id='word_1_630' title='bbox 206 5273 316 5340; x_wconf 78' lang='lat' dir='ltr'><strong>tio;</strong></span> <span class='ocrx_word' id='word_1_631' title='bbox 350 5266 542 5340; x_wconf 77' lang='lat' dir='ltr'><strong>reponi</strong></span> <span class='ocrx_word' id='word_1_632' title='bbox 592 5278 772 5321; x_wconf 90' lang='lat' dir='ltr'><strong>autem</strong></span> <span class='ocrx_word' id='word_1_633' title='bbox 812 5268 994 5340; x_wconf 82' lang='lat' dir='ltr'><strong>malim</strong></span> <span class='ocrx_word' id='word_1_634' title='bbox 1045 5281 1130 5340; x_wconf 4' lang='lat' dir='ltr'><strong>ex,</strong></span> <span class='ocrx_word' id='word_1_635' title='bbox 1152 5266 1390 5340; x_wconf 52' lang='lat' dir='ltr'><strong>Reginis</strong></span> <span class='ocrx_word' id='word_1_636' title='bbox 1414 5281 1515 5320; x_wconf 80' lang='lat' dir='ltr'><strong>ms.</strong></span> <span class='ocrx_word' id='word_1_637' title='bbox 1545 5277 1597 5321; x_wconf 68' lang='lat' dir='ltr'><strong>tl</strong></span> <span class='ocrx_word' id='word_1_638' title='bbox 1630 5283 1769 5340; x_wconf 75' lang='lat' dir='ltr'><strong>meo.</strong></span> 
     </span>
    </p>
   </div>
   <div class='ocr_carea' id='block_1_89' title="bbox 204 5335 1772 5407">
    <p class='ocr_par' dir='ltr' id='par_1_89' title="bbox 204 5335 1772 5407">
     <span class='ocr_line' id='line_1_89' title="bbox 204 5335 1772 5407; baseline 0 -16"><span class='ocrx_word' id='word_1_639' title='bbox 204 5335 677 5407; x_wconf 70' lang='grc' dir='ltr'><strong>τώγ’πείνήωνων,</strong></span> <span class='ocrx_word' id='word_1_640' title='bbox 720 5337 931 5389; x_wconf 82' lang='lat' dir='ltr'><strong>tametsi</strong></span> <span class='ocrx_word' id='word_1_641' title='bbox 973 5336 1229 5407; x_wconf 63' lang='lat' dir='ltr'><strong>ttiendo&#39;se</strong></span> <span class='ocrx_word' id='word_1_642' title='bbox 1284 5335 1554 5407; x_wconf 84' lang='lat' dir='ltr'><strong>scriptum</strong></span> <span class='ocrx_word' id='word_1_643' title='bbox 1595 5338 1772 5391; x_wconf 67' lang='lat' dir='ltr'><strong>videa-</strong></span> 
     </span>
    </p>
   </div>
   <div class='ocr_carea' id='block_1_90' title="bbox 208 5405 1772 5482">
    <p class='ocr_par' dir='ltr' id='par_1_90' title="bbox 208 5405 1772 5482">
     <span class='ocr_line' id='line_1_90' title="bbox 208 5405 1772 5482; baseline -0.001 -21"><span class='ocrx_word' id='word_1_644' title='bbox 208 5421 289 5464; x_wconf 92' lang='lat' dir='ltr'><strong>tur</strong></span> <span class='ocrx_word' id='word_1_645' title='bbox 336 5429 457 5482; x_wconf 84' lang='lat' dir='ltr'><strong>pro_</strong></span> <span class='ocrx_word' id='word_1_646' title='bbox 487 5405 603 5461; x_wconf 57' lang='grc' dir='ltr'><strong>ἐῶν</strong></span> <span class='ocrx_word' id='word_1_647' title='bbox 655 5406 965 5471; x_wconf 52' lang='lat' dir='ltr'><strong>«amato-1,</strong></span> <span class='ocrx_word' id='word_1_648' title='bbox 1009 5405 1088 5482; x_wconf 74' lang='lat' dir='ltr'><strong>vel</strong></span> <span class='ocrx_word' id='word_1_649' title='bbox 1127 5405 1235 5482; x_wconf 58' lang='grc' dir='ltr'><strong>ῖῷν</strong></span> <span class='ocrx_word' id='word_1_650' title='bbox 1281 5406 1497 5471; x_wconf 79' lang='grc' dir='ltr'><strong>πεὶνων,</strong></span> <span class='ocrx_word' id='word_1_651' title='bbox 1568 5407 1772 5482; x_wconf 56' lang='lat' dir='ltr'><strong>ilicunt,</strong></span> 
     </span>
    </p>
   </div>
   <div class='ocr_carea' id='block_1_91' title="bbox 208 5475 1775 5549">
    <p class='ocr_par' dir='ltr' id='par_1_91' title="bbox 208 5475 1775 5549">
     <span class='ocr_line' id='line_1_91' title="bbox 208 5475 1775 5549; baseline -0.001 -17"><span class='ocrx_word' id='word_1_652' title='bbox 208 5475 399 5549; x_wconf 78' lang='lat' dir='ltr'><strong>quibus</strong></span> <span class='ocrx_word' id='word_1_653' title='bbox 434 5479 789 5549; x_wconf 82' lang='lat' dir='ltr'><strong>fere_consita</strong></span> <span class='ocrx_word' id='word_1_654' title='bbox 810 5484 947 5549; x_wconf 85' lang='lat' dir='ltr'><strong>sunt</strong></span> <span class='ocrx_word' id='word_1_655' title='bbox 974 5475 1262 5549; x_wconf 79' lang='lat' dir='ltr'><strong>arboribus</strong></span> <span class='ocrx_word' id='word_1_656' title='bbox 1288 5490 1531 5549; x_wconf 45' lang='lat' dir='ltr'><strong>nemora:</strong></span> <span class='ocrx_word' id='word_1_657' title='bbox 1566 5475 1654 5531; x_wconf 89' lang='lat' dir='ltr'><strong>Sic</strong></span> <span class='ocrx_word' id='word_1_658' title='bbox 1679 5492 1775 5546; x_wconf 89' lang='lat' dir='ltr'><strong>pro</strong></span> 
     </span>
    </p>
   </div>
   <div class='ocr_carea' id='block_1_92' title="bbox 205 5544 1775 5605">
    <p class='ocr_par' dir='ltr' id='par_1_92' title="bbox 205 5544 1775 5605">
     <span class='ocr_line' id='line_1_92' title="bbox 205 5544 1775 5605; baseline -0.001 -6"><span class='ocrx_word' id='word_1_659' title='bbox 205 5544 308 5602; x_wconf 77' lang='grc' dir='ltr'>τ’ὡν</span> <span class='ocrx_word' id='word_1_660' title='bbox 335 5552 518 5605; x_wconf 73' lang='grc' dir='ltr'><strong>ἀλσῶν</strong></span> <span class='ocrx_word' id='word_1_661' title='bbox 555 5546 946 5599; x_wconf 84' lang='lat' dir='ltr'><strong>Theodotiouis</strong></span> <span class='ocrx_word' id='word_1_662' title='bbox 974 5560 1039 5597; x_wconf 84' lang='lat' dir='ltr'><strong>ex</strong></span> <span class='ocrx_word' id='word_1_663' title='bbox 1078 5544 1269 5598; x_wconf 86' lang='lat' dir='ltr'><strong>iisdem</strong></span> <span class='ocrx_word' id='word_1_664' title='bbox 1299 5560 1430 5599; x_wconf 85' lang='lat' dir='ltr'><strong>mss.</strong></span> <span class='ocrx_word' id='word_1_665' title='bbox 1459 5548 1566 5599; x_wconf 82' lang='grc' dir='ltr'><strong>τῶν</strong></span> <span class='ocrx_word' id='word_1_666' title='bbox 1594 5544 1775 5600; x_wconf 66' lang='grc' dir='ltr'><strong>ἀκξὼν</strong></span> 
     </span>
    </p>
   </div>
   <div class='ocr_carea' id='block_1_93' title="bbox 210 5615 1775 5683">
    <p class='ocr_par' dir='ltr' id='par_1_93' title="bbox 210 5615 1775 5683">
     <span class='ocr_line' id='line_1_93' title="bbox 210 5615 1775 5683; baseline 0.001 -13"><span class='ocrx_word' id='word_1_667' title='bbox 210 5620 358 5674; x_wconf 56' lang='lat' dir='ltr'><strong>liveat</strong></span> <span class='ocrx_word' id='word_1_668' title='bbox 386 5618 712 5675; x_wconf 73' lang='lat' dir='ltr'><strong>rearrihere,</strong></span> <span class='ocrx_word' id='word_1_669' title='bbox 746 5615 1183 5683; x_wconf 78' lang='lat' dir='ltr'><strong>quandoquidem</strong></span> <span class='ocrx_word' id='word_1_670' title='bbox 1216 5630 1418 5667; x_wconf 70' lang='lat' dir='ltr'><strong>amoena</strong></span> <span class='ocrx_word' id='word_1_671' title='bbox 1452 5615 1570 5670; x_wconf 82' lang='lat' dir='ltr'><strong>loca</strong></span> <span class='ocrx_word' id='word_1_672' title='bbox 1600 5619 1775 5671; x_wconf 84' lang='lat' dir='ltr'><strong>(leuo-</strong></span> 
     </span>
    </p>
   </div>
   <div class='ocr_carea' id='block_1_94' title="bbox 212 5683 1777 5755">
    <p class='ocr_par' dir='ltr' id='par_1_94' title="bbox 212 5683 1777 5755">
     <span class='ocr_line' id='line_1_94' title="bbox 212 5683 1777 5755; baseline -0.001 -16"><span class='ocrx_word' id='word_1_673' title='bbox 212 5693 303 5743; x_wconf 83' lang='lat' dir='ltr'><strong>tati</strong></span> <span class='ocrx_word' id='word_1_674' title='bbox 341 5698 579 5745; x_wconf 79' lang='lat' dir='ltr'><strong>testatur</strong></span> <span class='ocrx_word' id='word_1_675' title='bbox 599 5686 977 5755; x_wconf 80' lang='lat' dir='ltr'><strong>Hieronymus.</strong></span> <span class='ocrx_word' id='word_1_676' title='bbox 1000 5683 1194 5737; x_wconf 79' lang='lat' dir='ltr'><strong>Recole</strong></span> <span class='ocrx_word' id='word_1_677' title='bbox 1212 5698 1330 5752; x_wconf 64' lang='lat' dir='ltr'><strong>quia</strong></span> <span class='ocrx_word' id='word_1_678' title='bbox 1352 5687 1417 5755; x_wconf 82' lang='lat' dir='ltr'><strong>de</strong></span> <span class='ocrx_word' id='word_1_679' title='bbox 1440 5686 1777 5753; x_wconf 80' lang='lat' dir='ltr'><strong>Symmachi.</strong></span> 
     </span>
    </p>
   </div>
   <div class='ocr_carea' id='block_1_95' title="bbox 211 5754 1773 5824">
    <p class='ocr_par' dir='ltr' id='par_1_95' title="bbox 211 5754 1773 5824">
     <span class='ocr_line' id='line_1_95' title="bbox 211 5754 1773 5824; baseline 0.001 -14"><span class='ocrx_word' id='word_1_680' title='bbox 211 5760 426 5817; x_wconf 82' lang='lat' dir='ltr'><strong>lccuonc</strong></span> <span class='ocrx_word' id='word_1_681' title='bbox 457 5757 625 5814; x_wconf 82' lang='lat' dir='ltr'><strong>situili</strong></span> <span class='ocrx_word' id='word_1_682' title='bbox 654 5754 815 5824; x_wconf 83' lang='lat' dir='ltr'><strong>supra</strong></span> <span class='ocrx_word' id='word_1_683' title='bbox 836 5756 1219 5809; x_wconf 65' lang='lat' dir='ltr'><strong>aduonvimus</strong></span> <span class='ocrx_word' id='word_1_684' title='bbox 1254 5755 1303 5807; x_wconf 89' lang='lat' dir='ltr'><strong>in</strong></span> <span class='ocrx_word' id='word_1_685' title='bbox 1340 5754 1536 5809; x_wconf 66' lang='lat' dir='ltr'><strong>Cenes.</strong></span> <span class='ocrx_word' id='word_1_686' title='bbox 1588 5772 1648 5818; x_wconf 89' lang='lat' dir='ltr'><strong>lt,</strong></span> <span class='ocrx_word' id='word_1_687' title='bbox 1688 5758 1773 5811; x_wconf 74' lang='lat' dir='ltr'><strong>l5.</strong></span> 
     </span>
    </p>
   </div>
   <div class='ocr_carea' id='block_1_96' title="bbox 1876 3257 3448 3333">
    <p class='ocr_par' dir='ltr' id='par_1_96' title="bbox 1876 3257 3448 3333">
     <span class='ocr_line' id='line_1_96' title="bbox 1876 3257 3448 3333; baseline 0.004 -21"><span class='ocrx_word' id='word_1_688' title='bbox 1876 3257 2052 3312; x_wconf 87' lang='lat' dir='ltr'><strong>donec</strong></span> <span class='ocrx_word' id='word_1_689' title='bbox 2088 3258 2396 3312; x_wconf 86' lang='lat' dir='ltr'><strong>sacerdotio</strong></span> <span class='ocrx_word' id='word_1_690' title='bbox 2445 3258 2770 3328; x_wconf 79' lang='lat' dir='ltr'><strong>fungeretur</strong></span> <span class='ocrx_word' id='word_1_691' title='bbox 2820 3262 3023 3328; x_wconf 86' lang='lat' dir='ltr'><strong>Aaron,</strong></span> <span class='ocrx_word' id='word_1_692' title='bbox 3064 3260 3233 3317; x_wconf 87' lang='lat' dir='ltr'><strong>fuisse</strong></span> <span class='ocrx_word' id='word_1_693' title='bbox 3265 3265 3448 3333; x_wconf 90' lang='lat' dir='ltr'><strong>ponti-</strong></span> 
     </span>
    </p>
   </div>
   <div class='ocr_carea' id='block_1_97' title="bbox 1872 3348 3448 3424">
    <p class='ocr_par' dir='ltr' id='par_1_97' title="bbox 1872 3348 3448 3424">
     <span class='ocr_line' id='line_1_97' title="bbox 1872 3348 3448 3424; baseline 0.005 -21"><span class='ocrx_word' id='word_1_694' title='bbox 1872 3352 2019 3405; x_wconf 88' lang='lat' dir='ltr'><strong>liecs.</strong></span> <span class='ocrx_word' id='word_1_695' title='bbox 2046 3350 2213 3403; x_wconf 89' lang='lat' dir='ltr'><strong>Porro</strong></span> <span class='ocrx_word' id='word_1_696' title='bbox 2235 3348 2436 3413; x_wconf 80' lang='lat' dir='ltr'><strong>Salein,</strong></span> <span class='ocrx_word' id='word_1_697' title='bbox 2462 3365 2554 3403; x_wconf 87' lang='lat' dir='ltr'><strong>rex</strong></span> <span class='ocrx_word' id='word_1_698' title='bbox 2579 3348 2885 3405; x_wconf 80' lang='lat' dir='ltr'><strong>Jerusalem</strong></span> <span class='ocrx_word' id='word_1_699' title='bbox 2906 3353 3127 3417; x_wconf 89' lang='lat' dir='ltr'><strong>dicitur,</strong></span> <span class='ocrx_word' id='word_1_700' title='bbox 3153 3370 3275 3424; x_wconf 66' lang='lat' dir='ltr'><strong>qua:</strong></span> <span class='ocrx_word' id='word_1_701' title='bbox 3298 3356 3448 3423; x_wconf 89' lang='lat' dir='ltr'><strong>prius</strong></span> 
     </span>
    </p>
   </div>
   <div class='ocr_carea' id='block_1_98' title="bbox 1872 3438 3449 3515">
    <p class='ocr_par' dir='ltr' id='par_1_98' title="bbox 1872 3438 3449 3515">
     <span class='ocr_line' id='line_1_98' title="bbox 1872 3438 3449 3515; baseline 0.003 -21"><span class='ocrx_word' id='word_1_702' title='bbox 1872 3440 2051 3494; x_wconf 87' lang='lat' dir='ltr'><strong>Salem</strong></span> <span class='ocrx_word' id='word_1_703' title='bbox 2066 3440 2438 3509; x_wconf 82' lang='lat' dir='ltr'><strong>appellabatur</strong></span> <span class='ocrx_word' id='word_1_704' title='bbox 2454 3438 2896 3496; x_wconf 85' lang='lat' dir='ltr'><strong>&#39;.Melehisedech</strong></span> <span class='ocrx_word' id='word_1_705' title='bbox 2919 3453 3096 3497; x_wconf 89' lang='lat' dir='ltr'><strong>autem</strong></span> <span class='ocrx_word' id='word_1_706' title='bbox 3120 3443 3449 3515; x_wconf 86' lang='lat' dir='ltr'><strong>beatusApo-</strong></span> 
     </span>
    </p>
   </div>
   <div class='ocr_carea' id='block_1_99' title="bbox 1872 3531 3448 3604">
    <p class='ocr_par' dir='ltr' id='par_1_99' title="bbox 1872 3531 3448 3604">
     <span class='ocr_line' id='line_1_99' title="bbox 1872 3531 3448 3604; baseline 0.005 -20"><span class='ocrx_word' id='word_1_707' title='bbox 1872 3533 2049 3585; x_wconf 89' lang='lat' dir='ltr'><strong>stolus</strong></span> <span class='ocrx_word' id='word_1_708' title='bbox 2069 3534 2135 3586; x_wconf 84' lang='lat' dir='ltr'><strong>ad</strong></span> <span class='ocrx_word' id='word_1_709' title='bbox 2158 3531 2412 3586; x_wconf 61' lang='lat' dir='ltr'><strong>Hebraeos</strong></span> <span class='ocrx_word' id='word_1_710' title='bbox 2435 3534 2555 3601; x_wconf 76' lang='grc' dir='ltr'><strong>(νει,</strong></span> <span class='ocrx_word' id='word_1_711' title='bbox 2580 3533 2659 3601; x_wconf 81' lang='grc'><strong>5),</strong></span> <span class='ocrx_word' id='word_1_712' title='bbox 2678 3533 2797 3587; x_wconf 89' lang='lat' dir='ltr'><strong>sine</strong></span> <span class='ocrx_word' id='word_1_713' title='bbox 2818 3545 2969 3604; x_wconf 89' lang='lat' dir='ltr'><strong>patre</strong></span> <span class='ocrx_word' id='word_1_714' title='bbox 2987 3546 3040 3589; x_wconf 92' lang='lat' dir='ltr'><strong>et</strong></span> <span class='ocrx_word' id='word_1_715' title='bbox 3076 3546 3249 3591; x_wconf 86' lang='lat' dir='ltr'><strong>matre</strong></span> <span class='ocrx_word' id='word_1_716' title='bbox 3294 3553 3448 3591; x_wconf 91' lang='lat' dir='ltr'><strong>com-</strong></span> 
     </span>
    </p>
   </div>
   <div class='ocr_carea' id='block_1_100' title="bbox 1875 3624 3448 3694">
    <p class='ocr_par' dir='ltr' id='par_1_100' title="bbox 1875 3624 3448 3694">
     <span class='ocr_line' id='line_1_100' title="bbox 1875 3624 3448 3694; baseline 0.003 -17"><span class='ocrx_word' id='word_1_717' title='bbox 1875 3624 2504 3689; x_wconf 84' lang='lat' dir='ltr'><strong>memorans,Christum</strong></span> <span class='ocrx_word' id='word_1_718' title='bbox 2562 3624 2749 3691; x_wconf 88' lang='lat' dir='ltr'><strong>refert,</strong></span> <span class='ocrx_word' id='word_1_719' title='bbox 2799 3636 2854 3680; x_wconf 88' lang='lat' dir='ltr'><strong>et</strong></span> <span class='ocrx_word' id='word_1_720' title='bbox 2911 3642 3005 3694; x_wconf 90' lang='lat' dir='ltr'><strong>per</strong></span> <span class='ocrx_word' id='word_1_721' title='bbox 3063 3628 3344 3683; x_wconf 86' lang='lat' dir='ltr'><strong>Christum</strong></span> <span class='ocrx_word' id='word_1_722' title='bbox 3380 3630 3448 3681; x_wconf 88' lang='lat' dir='ltr'><strong>ad</strong></span> 
     </span>
    </p>
   </div>
   <div class='ocr_carea' id='block_1_101' title="bbox 1875 3713 3450 3788">
    <p class='ocr_par' dir='ltr' id='par_1_101' title="bbox 1875 3713 3450 3788">
     <span class='ocr_line' id='line_1_101' title="bbox 1875 3713 3450 3788; baseline 0.005 -21"><span class='ocrx_word' id='word_1_723' title='bbox 1875 3715 2115 3783; x_wconf 78' lang='lat' dir='ltr'><strong>gentium</strong></span> <span class='ocrx_word' id='word_1_724' title='bbox 2138 3714 2455 3770; x_wconf 77' lang='lat' dir='ltr'><strong>Ecclesium.</strong></span> <span class='ocrx_word' id='word_1_725' title='bbox 2475 3713 2667 3770; x_wconf 91' lang='lat' dir='ltr'><strong>Omnis</strong></span> <span class='ocrx_word' id='word_1_726' title='bbox 2682 3716 2847 3787; x_wconf 78' lang='lat'><strong>329</strong></span> <span class='ocrx_word' id='word_1_727' title='bbox 2866 3720 3008 3785; x_wconf 70' lang='grc' dir='ltr'>ειψιι</span> <span class='ocrx_word' id='word_1_728' title='bbox 3034 3720 3225 3788; x_wconf 89' lang='lat' dir='ltr'><strong>capitis</strong></span> <span class='ocrx_word' id='word_1_729' title='bbox 3237 3722 3407 3788; x_wconf 85' lang='lat' dir='ltr'><strong>gloria</strong></span> <span class='ocrx_word' id='word_1_730' title='bbox 3428 3724 3450 3756; x_wconf 82' lang='grc'><strong><em>⁸</em></strong></span> 
     </span>
    </p>
   </div>
   <div class='ocr_carea' id='block_1_102' title="bbox 1876 3806 3447 3880">
    <p class='ocr_par' dir='ltr' id='par_1_102' title="bbox 1876 3806 3447 3880">
     <span class='ocr_line' id='line_1_102' title="bbox 1876 3806 3447 3880; baseline 0.006 -22"><span class='ocrx_word' id='word_1_731' title='bbox 1876 3806 2111 3859; x_wconf 87' lang='lat' dir='ltr'><strong>refertur</strong></span> <span class='ocrx_word' id='word_1_732' title='bbox 2132 3808 2197 3859; x_wconf 91' lang='lat' dir='ltr'><strong>ad</strong></span> <span class='ocrx_word' id='word_1_733' title='bbox 2249 3808 2513 3874; x_wconf 87' lang='lat' dir='ltr'><strong>membra,</strong></span> <span class='ocrx_word' id='word_1_734' title='bbox 2564 3823 2631 3863; x_wconf 84' lang='lat' dir='ltr'><strong>eo</strong></span> <span class='ocrx_word' id='word_1_735' title='bbox 2654 3811 2799 3878; x_wconf 88' lang='lat' dir='ltr'><strong>quod</strong></span> <span class='ocrx_word' id='word_1_736' title='bbox 2846 3812 3178 3880; x_wconf 71' lang='lat' dir='ltr'><strong>praeputium</strong></span> <span class='ocrx_word' id='word_1_737' title='bbox 3217 3813 3447 3878; x_wconf 88' lang='lat' dir='ltr'><strong>habens,</strong></span> 
     </span>
    </p>
   </div>
   <div class='ocr_carea' id='block_1_103' title="bbox 1876 3896 3446 3969">
    <p class='ocr_par' dir='ltr' id='par_1_103' title="bbox 1876 3896 3446 3969">
     <span class='ocr_line' id='line_1_103' title="bbox 1876 3896 3446 3969; baseline 0.006 -19"><span class='ocrx_word' id='word_1_738' title='bbox 1876 3896 2106 3950; x_wconf 69' lang='lat' dir='ltr'><strong>Ahralre</strong></span> <span class='ocrx_word' id='word_1_739' title='bbox 2160 3898 2500 3953; x_wconf 85' lang='lat' dir='ltr'><strong>benedixerit</strong></span> <span class='ocrx_word' id='word_1_740' title='bbox 2553 3901 2904 3969; x_wconf 80' lang='lat' dir='ltr'><strong>circumciso,</strong></span> <span class='ocrx_word' id='word_1_741' title='bbox 2959 3910 3013 3956; x_wconf 87' lang='lat' dir='ltr'><strong>et</strong></span> <span class='ocrx_word' id='word_1_742' title='bbox 3070 3903 3126 3956; x_wconf 91' lang='lat' dir='ltr'><strong>in</strong></span> <span class='ocrx_word' id='word_1_743' title='bbox 3172 3903 3446 3959; x_wconf 80' lang='lat' dir='ltr'><strong>Abraham</strong></span> 
     </span>
    </p>
   </div>
   <div class='ocr_carea' id='block_1_104' title="bbox 1956 4078 3449 4153">
    <p class='ocr_par' dir='ltr' id='par_1_104' title="bbox 1956 4078 3449 4153">
     <span class='ocr_line' id='line_1_104' title="bbox 1956 4078 3449 4153; baseline 0.005 -20"><span class='ocrx_word' id='word_1_744' title='bbox 1956 4079 1976 4107; x_wconf 74' lang='grc'><strong>⁵</strong></span> <span class='ocrx_word' id='word_1_745' title='bbox 2014 4078 2166 4153; x_wconf 83' lang='lat' dir='ltr'><strong>Unus</strong></span> <span class='ocrx_word' id='word_1_746' title='bbox 2217 4080 2436 4153; x_wconf 61' lang='lat' dir='ltr'><strong>linguae</strong></span> <span class='ocrx_word' id='word_1_747' title='bbox 2502 4095 2605 4153; x_wconf 72' lang='lat' dir='ltr'><strong>ms.</strong></span> <span class='ocrx_word' id='word_1_748' title='bbox 2660 4081 2933 4148; x_wconf 82' lang='lat' dir='ltr'><strong>Amorris,</strong></span> <span class='ocrx_word' id='word_1_749' title='bbox 2984 4086 3449 4153; x_wconf 86' lang='lat' dir='ltr'><strong>quemadmodum</strong></span> 
     </span>
    </p>
   </div>
   <div class='ocr_carea' id='block_1_105' title="bbox 1880 4147 3455 4224">
    <p class='ocr_par' dir='ltr' id='par_1_105' title="bbox 1880 4147 3455 4224">
     <span class='ocr_line' id='line_1_105' title="bbox 1880 4147 3455 4224; baseline 0.008 -27"><span class='ocrx_word' id='word_1_750' title='bbox 1880 4147 2083 4224; x_wconf 77' lang='lat' dir='ltr'><strong>_Gr:ree_</strong></span> <span class='ocrx_word' id='word_1_751' title='bbox 2111 4151 2163 4224; x_wconf 81' lang='lat' dir='ltr'><strong>i_n</strong></span> <span class='ocrx_word' id='word_1_752' title='bbox 2217 4149 2413 4224; x_wconf 74' lang='lat' dir='ltr'><strong>Aldine</strong></span> <span class='ocrx_word' id='word_1_753' title='bbox 2447 4162 2499 4224; x_wconf 65' lang='lat' dir='ltr'><strong>et</strong></span> <span class='ocrx_word' id='word_1_754' title='bbox 2547 4150 2851 4224; x_wconf 84' lang='lat' dir='ltr'><strong>Cotoniauo</strong></span> <span class='ocrx_word' id='word_1_755' title='bbox 2884 4147 3322 4224; x_wconf 42' lang='lat' dir='ltr'><strong>nisfexcmplari</strong></span> <span class='ocrx_word' id='word_1_756' title='bbox 3357 4158 3455 4209; x_wconf 60' lang='lat' dir='ltr'><strong>huc</strong></span> 
     </span>
    </p>
   </div>
   <div class='ocr_carea' id='block_1_106' title="bbox 1882 4217 3453 4335">
    <p class='ocr_par' dir='ltr' id='par_1_106' title="bbox 1882 4217 3453 4335">
     <span class='ocr_line' id='line_1_106' title="bbox 1882 4217 3453 4335; baseline 0.007 -69"><span class='ocrx_word' id='word_1_757' title='bbox 1882 4219 2038 4335; x_wconf 60' lang='lat' dir='ltr'><strong>h’etur</strong></span> <span class='ocrx_word' id='word_1_758' title='bbox 2064 4218 2091 4267; x_wconf 88' lang='grc' dir='ltr'>ὁ</span> <span class='ocrx_word' id='word_1_759' title='bbox 2120 4217 2403 4289; x_wconf 75' lang='grc' dir='ltr'><strong>’Λμοῤῥίς.</strong></span> <span class='ocrx_word' id='word_1_760' title='bbox 2446 4219 2537 4272; x_wconf 88' lang='lat' dir='ltr'><strong>Sic</strong></span> <span class='ocrx_word' id='word_1_761' title='bbox 2572 4231 2627 4272; x_wconf 89' lang='lat' dir='ltr'><strong>et</strong></span> <span class='ocrx_word' id='word_1_762' title='bbox 2667 4222 2860 4275; x_wconf 88' lang='lat' dir='ltr'><strong>deinde</strong></span> <span class='ocrx_word' id='word_1_763' title='bbox 2894 4223 3080 4276; x_wconf 80' lang='lat' dir='ltr'><strong>Autari</strong></span> <span class='ocrx_word' id='word_1_764' title='bbox 3111 4217 3213 4295; x_wconf 77' lang='lat' dir='ltr'><strong>pro</strong></span> <span class='ocrx_word' id='word_1_765' title='bbox 3258 4228 3453 4278; x_wconf 76' lang='lat' dir='ltr'><strong>Amor—</strong></span> 
     </span>
     <span class='ocr_line' id='line_1_107' title="bbox 1883 4303 2032 4335; baseline 0 0"><span class='ocrx_word' id='word_1_766' title='bbox 1883 4303 2032 4335; x_wconf 63' lang='grc' dir='ltr'><strong>ΥΠΙῚ.</strong></span> 
     </span>
    </p>
   </div>
   <div class='ocr_carea' id='block_1_107' title="bbox 1883 4303 2032 4338">
    <p class='ocr_par' dir='ltr' id='par_1_107' title="bbox 1883 4303 2032 4338">
     <span class='ocr_line' id='line_1_108' title="bbox 1883 4303 2032 4338; baseline -0.007 0"><span class='ocrx_word' id='word_1_767' title='bbox 1883 4303 2032 4338; x_wconf 72' lang='grc' dir='ltr'><strong>ΠΗΙῚ.</strong></span> 
     </span>
    </p>
   </div>
   <div class='ocr_carea' id='block_1_108' title="bbox 1924 4352 3450 4435">
    <p class='ocr_par' dir='ltr' id='par_1_108' title="bbox 1924 4352 3450 4435">
     <span class='ocr_line' id='line_1_109' title="bbox 1924 4352 3450 4435; baseline 0.01 -28"><span class='ocrx_word' id='word_1_768' title='bbox 1924 4352 1978 4435; x_wconf 76' lang='lat'><strong>__°</strong></span> <span class='ocrx_word' id='word_1_769' title='bbox 1998 4356 2124 4409; x_wconf 78' lang='lat' dir='ltr'><strong>Vide</strong></span> <span class='ocrx_word' id='word_1_770' title='bbox 2158 4374 2278 4435; x_wconf 59' lang='lat' dir='ltr'><strong>qua}</strong></span> <span class='ocrx_word' id='word_1_771' title='bbox 2317 4361 2788 4435; x_wconf 81' lang='lat' dir='ltr'><strong>antt_ota\&#39;imus_ad</strong></span> <span class='ocrx_word' id='word_1_772' title='bbox 2826 4362 2993 4435; x_wconf 75' lang='lat' dir='ltr'><strong>epist.</strong></span> <span class='ocrx_word' id='word_1_773' title='bbox 3021 4362 3087 4418; x_wconf 91' lang='lat'><strong>78</strong></span> <span class='ocrx_word' id='word_1_774' title='bbox 3114 4364 3183 4418; x_wconf 86' lang='lat' dir='ltr'><strong>de</strong></span> <span class='ocrx_word' id='word_1_775' title='bbox 3212 4364 3450 4424; x_wconf 81' lang='lat' dir='ltr'><strong>Mansio-</strong></span> 
     </span>
    </p>
   </div>
   <div class='ocr_carea' id='block_1_109' title="bbox 1883 4428 3452 4502">
    <p class='ocr_par' dir='ltr' id='par_1_109' title="bbox 1883 4428 3452 4502">
     <span class='ocr_line' id='line_1_110' title="bbox 1883 4428 3452 4502; baseline 0.01 -24"><span class='ocrx_word' id='word_1_776' title='bbox 1883 4428 2060 4502; x_wconf 64' lang='lat' dir='ltr'><strong>uibus,</strong></span> <span class='ocrx_word' id='word_1_777' title='bbox 2100 4431 2368 4502; x_wconf 66' lang='lat' dir='ltr'><strong>mansion.</strong></span> <span class='ocrx_word' id='word_1_778' title='bbox 2405 4431 2465 4502; x_wconf 62' lang='grc' dir='ltr'><strong>ιι</strong></span> <span class='ocrx_word' id='word_1_779' title='bbox 2504 4443 2557 4483; x_wconf 90' lang='lat' dir='ltr'><strong>et</strong></span> <span class='ocrx_word' id='word_1_780' title='bbox 2593 4432 2648 4485; x_wconf 91' lang='lat' dir='ltr'><strong>in</strong></span> <span class='ocrx_word' id='word_1_781' title='bbox 2681 4428 2955 4496; x_wconf 78' lang='lat' dir='ltr'><strong>Ezechiel,</strong></span> <span class='ocrx_word' id='word_1_782' title='bbox 2988 4448 3106 4500; x_wconf 88' lang='lat' dir='ltr'><strong>cap.</strong></span> <span class='ocrx_word' id='word_1_783' title='bbox 3148 4451 3312 4502; x_wconf 83' lang='lat' dir='ltr'><strong>xxvu,</strong></span> <span class='ocrx_word' id='word_1_784' title='bbox 3343 4450 3452 4493; x_wconf 89' lang='lat' dir='ltr'><strong>etc.</strong></span> 
     </span>
    </p>
   </div>
   <div class='ocr_carea' id='block_1_110' title="bbox 1958 4495 3454 4573">
    <p class='ocr_par' dir='ltr' id='par_1_110' title="bbox 1958 4495 3454 4573">
     <span class='ocr_line' id='line_1_111' title="bbox 1958 4495 3454 4573; baseline 0.012 -26"><span class='ocrx_word' id='word_1_785' title='bbox 1958 4495 2204 4573; x_wconf 34' lang='lat' dir='ltr'><strong>{Recole</strong></span> <span class='ocrx_word' id='word_1_786' title='bbox 2230 4501 2512 4567; x_wconf 84' lang='lat' dir='ltr'><strong>epistolam</strong></span> <span class='ocrx_word' id='word_1_787' title='bbox 2542 4502 2609 4555; x_wconf 79' lang='grc'><strong>’75</strong></span> <span class='ocrx_word' id='word_1_788' title='bbox 2634 4504 2698 4573; x_wconf 81' lang='lat' dir='ltr'><strong>ad</strong></span> <span class='ocrx_word' id='word_1_789' title='bbox 2725 4495 3145 4573; x_wconf 46' lang='lat' dir='ltr'><strong>Evangelum&#39;de</strong></span> <span class='ocrx_word' id='word_1_790' title='bbox 3166 4495 3454 4564; x_wconf 78' lang='lat' dir='ltr'><strong>Melchise-</strong></span> 
     </span>
    </p>
   </div>
   <div class='ocr_carea' id='block_1_111' title="bbox 1882 4567 2692 4636">
    <p class='ocr_par' dir='ltr' id='par_1_111' title="bbox 1882 4567 2692 4636">
     <span class='ocr_line' id='line_1_112' title="bbox 1882 4567 2692 4636; baseline 0.004 -16"><span class='ocrx_word' id='word_1_791' title='bbox 1882 4567 2041 4625; x_wconf 70' lang='lat' dir='ltr'><strong>deci&#39;,</strong></span> <span class='ocrx_word' id='word_1_792' title='bbox 2074 4583 2303 4619; x_wconf 76' lang='lat' dir='ltr'><strong>numero</strong></span> <span class='ocrx_word' id='word_1_793' title='bbox 2335 4574 2606 4636; x_wconf 65' lang='lat' dir='ltr'><strong>praecipue</strong></span> <span class='ocrx_word' id='word_1_794' title='bbox 2638 4572 2692 4625; x_wconf 84' lang='lat'><strong>5.</strong></span> 
     </span>
    </p>
   </div>
   <div class='ocr_carea' id='block_1_112' title="bbox 1949 4636 3451 4717">
    <p class='ocr_par' dir='ltr' id='par_1_112' title="bbox 1949 4636 3451 4717">
     <span class='ocr_line' id='line_1_113' title="bbox 1949 4636 3451 4717; baseline 0.014 -32"><span class='ocrx_word' id='word_1_795' title='bbox 1949 4636 2230 4717; x_wconf 41' lang='lat' dir='ltr'><strong>“geriem.</strong></span> <span class='ocrx_word' id='word_1_796' title='bbox 2282 4650 2452 4717; x_wconf 53' lang='lat' dir='ltr'><strong>uthcx</strong></span> <span class='ocrx_word' id='word_1_797' title='bbox 2488 4640 2703 4717; x_wconf 80' lang='lat' dir='ltr'><strong>laudata</strong></span> <span class='ocrx_word' id='word_1_798' title='bbox 2731 4640 2907 4717; x_wconf 82' lang='lat' dir='ltr'><strong>_epist._</strong></span> <span class='ocrx_word' id='word_1_799' title='bbox 2956 4657 3107 4717; x_wconf 76' lang='lat' dir='ltr'><strong>num.</strong></span> <span class='ocrx_word' id='word_1_800' title='bbox 3144 4644 3179 4697; x_wconf 76' lang='lat'><strong>2</strong></span> <span class='ocrx_word' id='word_1_801' title='bbox 3216 4661 3451 4717; x_wconf 85' lang='lat' dir='ltr'><strong>constat,</strong></span> 
     </span>
    </p>
   </div>
   <div class='ocr_carea' id='block_1_113' title="bbox 1870 4705 3448 4785">
    <p class='ocr_par' dir='ltr' id='par_1_113' title="bbox 1870 4705 3448 4785">
     <span class='ocr_line' id='line_1_114' title="bbox 1870 4705 3448 4785; baseline 0.011 -26"><span class='ocrx_word' id='word_1_802' title='bbox 1870 4705 2325 4785; x_wconf 36' lang='lat' dir='ltr'><strong>crat-Graecorum</strong></span> <span class='ocrx_word' id='word_1_803' title='bbox 2346 4707 2570 4785; x_wconf 53' lang='lat' dir='ltr'><strong>Patrum</strong></span> <span class='ocrx_word' id='word_1_804' title='bbox 2593 4705 2866 4785; x_wconf 59' lang='lat' dir='ltr'><strong>opinio&#39;de</strong></span> <span class='ocrx_word' id='word_1_805' title='bbox 2883 4710 3183 4785; x_wconf 47' lang='lat' dir='ltr'><strong>Jerusalem</strong></span> <span class='ocrx_word' id='word_1_806' title='bbox 3210 4705 3448 4785; x_wconf 56' lang='lat' dir='ltr'><strong>nomine;</strong></span> 
     </span>
    </p>
   </div>
   <div class='ocr_carea' id='block_1_114' title="bbox 1869 4776 3450 4852">
    <p class='ocr_par' dir='ltr' id='par_1_114' title="bbox 1869 4776 3450 4852">
     <span class='ocr_line' id='line_1_115' title="bbox 1869 4776 3450 4852; baseline 0.011 -25"><span class='ocrx_word' id='word_1_807' title='bbox 1869 4787 1925 4827; x_wconf 82' lang='lat' dir='ltr'><strong>ut</strong></span> <span class='ocrx_word' id='word_1_808' title='bbox 1959 4776 2576 4852; x_wconf 52' lang='lat' dir='ltr'><strong>dicereutMelchisedech</strong></span> <span class='ocrx_word' id='word_1_809' title='bbox 2597 4776 2855 4833; x_wconf 81' lang='lat' dir='ltr'><strong>hominem</strong></span> <span class='ocrx_word' id='word_1_810' title='bbox 2877 4780 3037 4845; x_wconf 79' lang='lat' dir='ltr'><strong>fuisse</strong></span> <span class='ocrx_word' id='word_1_811' title='bbox 3068 4776 3450 4852; x_wconf 61' lang='lat' dir='ltr'><strong>Chanana&#39;ttm,</strong></span> 
     </span>
    </p>
   </div>
   <div class='ocr_carea' id='block_1_115' title="bbox 1869 4846 3449 4921">
    <p class='ocr_par' dir='ltr' id='par_1_115' title="bbox 1869 4846 3449 4921">
     <span class='ocr_line' id='line_1_116' title="bbox 1869 4846 3449 4921; baseline 0.011 -24"><span class='ocrx_word' id='word_1_812' title='bbox 1869 4862 2046 4914; x_wconf 66' lang='lat' dir='ltr'><strong>regem</strong></span> <span class='ocrx_word' id='word_1_813' title='bbox 2102 4848 2254 4921; x_wconf 59' lang='lat' dir='ltr'><strong>urbis</strong></span> <span class='ocrx_word' id='word_1_814' title='bbox 2322 4846 2720 4921; x_wconf 74' lang='lat' dir='ltr'><strong>Hierosotymw,</strong></span> <span class='ocrx_word' id='word_1_815' title='bbox 2771 4866 2890 4921; x_wconf 75' lang='lat' dir='ltr'><strong>qua:</strong></span> <span class='ocrx_word' id='word_1_816' title='bbox 2959 4854 3189 4919; x_wconf 75' lang='lat' dir='ltr'><strong>primum</strong></span> <span class='ocrx_word' id='word_1_817' title='bbox 3249 4846 3449 4921; x_wconf 65' lang='lat' dir='ltr'><strong>Solem,</strong></span> 
     </span>
    </p>
   </div>
   <div class='ocr_carea' id='block_1_116' title="bbox 1870 4914 3447 4992">
    <p class='ocr_par' dir='ltr' id='par_1_116' title="bbox 1870 4914 3447 4992">
     <span class='ocr_line' id='line_1_117' title="bbox 1870 4914 3447 4992; baseline 0.011 -25"><span class='ocrx_word' id='word_1_818' title='bbox 1870 4926 2049 4992; x_wconf 54' lang='lat' dir='ltr'><strong>postea</strong></span> <span class='ocrx_word' id='word_1_819' title='bbox 2086 4914 2273 4992; x_wconf 72' lang='lat' dir='ltr'><strong>Iebus,</strong></span> <span class='ocrx_word' id='word_1_820' title='bbox 2319 4919 2389 4970; x_wconf 88' lang='lat' dir='ltr'><strong>ad</strong></span> <span class='ocrx_word' id='word_1_821' title='bbox 2422 4914 2729 4992; x_wconf 63' lang='lat' dir='ltr'><strong>extremum</strong></span> <span class='ocrx_word' id='word_1_822' title='bbox 2750 4914 3039 4974; x_wconf 73' lang='lat' dir='ltr'><strong>Jerusalem</strong></span> <span class='ocrx_word' id='word_1_823' title='bbox 3066 4928 3333 4992; x_wconf 81' lang='lat' dir='ltr'><strong>appellata</strong></span> <span class='ocrx_word' id='word_1_824' title='bbox 3359 4914 3447 4984; x_wconf 50' lang='lat' dir='ltr'><strong>sit:</strong></span> 
     </span>
    </p>
   </div>
   <div class='ocr_carea' id='block_1_117' title="bbox 1872 4985 3457 5062">
    <p class='ocr_par' dir='ltr' id='par_1_117' title="bbox 1872 4985 3457 5062">
     <span class='ocr_line' id='line_1_118' title="bbox 1872 4985 3457 5062; baseline 0.011 -25"><span class='ocrx_word' id='word_1_825' title='bbox 1872 4985 2045 5062; x_wconf 71' lang='lat' dir='ltr'><strong>Quam</strong></span> <span class='ocrx_word' id='word_1_826' title='bbox 2068 4987 2402 5062; x_wconf 57' lang='lat' dir='ltr'><strong>quidemet</strong></span> <span class='ocrx_word' id='word_1_827' title='bbox 2430 4988 2672 5062; x_wconf 83' lang='lat' dir='ltr'><strong>Joseplto</strong></span> <span class='ocrx_word' id='word_1_828' title='bbox 2699 4990 2790 5062; x_wconf 82' lang='lat' dir='ltr'><strong>lib.</strong></span> <span class='ocrx_word' id='word_1_829' title='bbox 2830 5007 2846 5046; x_wconf 91' lang='lat' dir='ltr'><strong>t</strong></span> <span class='ocrx_word' id='word_1_830' title='bbox 2881 4985 3217 5061; x_wconf 72' lang='lat' dir='ltr'><strong>Antiquit.c.</strong></span> <span class='ocrx_word' id='word_1_831' title='bbox 3269 5002 3357 5062; x_wconf 78' lang='grc'><strong>10.</strong></span> <span class='ocrx_word' id='word_1_832' title='bbox 3403 5014 3457 5057; x_wconf 84' lang='lat' dir='ltr'><strong>et</strong></span> 
     </span>
    </p>
   </div>
   <div class='ocr_carea' id='block_1_118' title="bbox 1872 5054 3455 5136">
    <p class='ocr_par' dir='ltr' id='par_1_118' title="bbox 1872 5054 3455 5136">
     <span class='ocr_line' id='line_1_119' title="bbox 1872 5054 3455 5136; baseline 0.011 -28"><span class='ocrx_word' id='word_1_833' title='bbox 1872 5054 2177 5136; x_wconf 75' lang='lat' dir='ltr'><strong>Theopltilo</strong></span> <span class='ocrx_word' id='word_1_834' title='bbox 2212 5058 2276 5136; x_wconf 78' lang='lat' dir='ltr'><strong>ad</strong></span> <span class='ocrx_word' id='word_1_835' title='bbox 2305 5054 2644 5136; x_wconf 61' lang='lat' dir='ltr'><strong>Autolycuiu,</strong></span> <span class='ocrx_word' id='word_1_836' title='bbox 2676 5059 2902 5136; x_wconf 71' lang='lat' dir='ltr'><strong>aliisque</strong></span> <span class='ocrx_word' id='word_1_837' title='bbox 2931 5076 2997 5117; x_wconf 82' lang='lat' dir='ltr'><strong>ex</strong></span> <span class='ocrx_word' id='word_1_838' title='bbox 3019 5054 3224 5121; x_wconf 70' lang='lat' dir='ltr'><strong>nostris</strong></span> <span class='ocrx_word' id='word_1_839' title='bbox 3260 5054 3455 5136; x_wconf 47' lang='lat' dir='ltr'><strong>proba?</strong></span> 
     </span>
    </p>
   </div>
   <div class='ocr_carea' id='block_1_119' title="bbox 1882 5128 3453 5196">
    <p class='ocr_par' dir='ltr' id='par_1_119' title="bbox 1882 5128 3453 5196">
     <span class='ocr_line' id='line_1_120' title="bbox 1882 5128 3453 5196; baseline 0.01 -18"><span class='ocrx_word' id='word_1_840' title='bbox 1882 5134 2016 5191; x_wconf 89' lang='lat' dir='ltr'><strong>tam,</strong></span> <span class='ocrx_word' id='word_1_841' title='bbox 2048 5128 2320 5195; x_wconf 85' lang='lat' dir='ltr'><strong>improbat</strong></span> <span class='ocrx_word' id='word_1_842' title='bbox 2354 5128 2514 5195; x_wconf 89' lang='lat' dir='ltr'><strong>paulo</strong></span> <span class='ocrx_word' id='word_1_843' title='bbox 2541 5140 2661 5196; x_wconf 85' lang='lat' dir='ltr'><strong>post</strong></span> <span class='ocrx_word' id='word_1_844' title='bbox 2688 5129 2802 5196; x_wconf 90' lang='lat' dir='ltr'><strong>ipse</strong></span> <span class='ocrx_word' id='word_1_845' title='bbox 2818 5128 3053 5186; x_wconf 81' lang='lat' dir='ltr'><strong>Hieron.</strong></span> <span class='ocrx_word' id='word_1_846' title='bbox 3084 5136 3216 5191; x_wconf 90' lang='lat' dir='ltr'><strong>satis</strong></span> <span class='ocrx_word' id='word_1_847' title='bbox 3242 5128 3453 5194; x_wconf 79' lang='lat' dir='ltr'><strong>erudite</strong></span> 
     </span>
    </p>
   </div>
   <div class='ocr_carea' id='block_1_120' title="bbox 1873 5196 3452 5272">
    <p class='ocr_par' dir='ltr' id='par_1_120' title="bbox 1873 5196 3452 5272">
     <span class='ocr_line' id='line_1_121' title="bbox 1873 5196 3452 5272; baseline 0.009 -23"><span class='ocrx_word' id='word_1_848' title='bbox 1873 5209 2029 5249; x_wconf 85' lang='lat' dir='ltr'><strong>nutu.</strong></span> <span class='ocrx_word' id='word_1_849' title='bbox 2121 5213 2138 5272; x_wconf 60' lang='grc' dir='ltr'>ξ</span> <span class='ocrx_word' id='word_1_850' title='bbox 2180 5214 2197 5243; x_wconf 89' lang='grc'><strong><em>‹</em></strong></span> <span class='ocrx_word' id='word_1_851' title='bbox 2239 5196 2442 5262; x_wconf 80' lang='lat' dir='ltr'><strong>Salcm,</strong></span> <span class='ocrx_word' id='word_1_852' title='bbox 2491 5215 2599 5272; x_wconf 74' lang='lat' dir='ltr'><strong>non</strong></span> <span class='ocrx_word' id='word_1_853' title='bbox 2639 5207 2696 5251; x_wconf 91' lang='lat' dir='ltr'><strong>ut</strong></span> <span class='ocrx_word' id='word_1_854' title='bbox 2723 5197 2998 5272; x_wconf 81' lang='lat' dir='ltr'><strong>Josephus</strong></span> <span class='ocrx_word' id='word_1_855' title='bbox 3032 5214 3089 5257; x_wconf 89' lang='lat' dir='ltr'><strong>et</strong></span> <span class='ocrx_word' id='word_1_856' title='bbox 3116 5209 3288 5261; x_wconf 85' lang='lat' dir='ltr'><strong>nostri</strong></span> <span class='ocrx_word' id='word_1_857' title='bbox 3329 5224 3452 5263; x_wconf 86' lang='lat' dir='ltr'><strong>om-</strong></span> 
     </span>
    </p>
   </div>
   <div class='ocr_carea' id='block_1_121' title="bbox 1875 5266 3454 5335">
    <p class='ocr_par' dir='ltr' id='par_1_121' title="bbox 1875 5266 3454 5335">
     <span class='ocr_line' id='line_1_122' title="bbox 1875 5266 3454 5335; baseline 0.01 -19"><span class='ocrx_word' id='word_1_858' title='bbox 1875 5278 1974 5335; x_wconf 68' lang='lat' dir='ltr'><strong>nes</strong></span> <span class='ocrx_word' id='word_1_859' title='bbox 2015 5266 2377 5327; x_wconf 88' lang='lat' dir='ltr'><strong>arbitrantur,</strong></span> <span class='ocrx_word' id='word_1_860' title='bbox 2429 5277 2513 5321; x_wconf 87' lang='lat' dir='ltr'><strong>est</strong></span> <span class='ocrx_word' id='word_1_861' title='bbox 2557 5266 2883 5335; x_wconf 48' lang='lat' dir='ltr'><strong>Jerusalem,</strong></span> <span class='ocrx_word' id='word_1_862' title='bbox 2924 5288 3127 5328; x_wconf 89' lang='lat' dir='ltr'><strong>nomen</strong></span> <span class='ocrx_word' id='word_1_863' title='bbox 3162 5292 3227 5329; x_wconf 86' lang='lat' dir='ltr'><strong>ex</strong></span> <span class='ocrx_word' id='word_1_864' title='bbox 3262 5277 3454 5334; x_wconf 66' lang='lat' dir='ltr'><strong>Grmco</strong></span> 
     </span>
    </p>
   </div>
   <div class='ocr_carea' id='block_1_122' title="bbox 1878 5333 3453 5416">
    <p class='ocr_par' dir='ltr' id='par_1_122' title="bbox 1878 5333 3453 5416">
     <span class='ocr_line' id='line_1_123' title="bbox 1878 5333 3453 5416; baseline 0.012 -31"><span class='ocrx_word' id='word_1_865' title='bbox 1878 5333 2252 5416; x_wconf 74' lang='lat' dir='ltr'><strong>llebraieoquc</strong></span> <span class='ocrx_word' id='word_1_866' title='bbox 2283 5339 2599 5416; x_wconf 79' lang='lat' dir='ltr'><strong>collectum,</strong></span> <span class='ocrx_word' id='word_1_867' title='bbox 2633 5344 2778 5407; x_wconf 88' lang='lat' dir='ltr'><strong>quod</strong></span> <span class='ocrx_word' id='word_1_868' title='bbox 2802 5333 3099 5397; x_wconf 86' lang='lat' dir='ltr'><strong>absurdum</strong></span> <span class='ocrx_word' id='word_1_869' title='bbox 3131 5362 3259 5400; x_wconf 88' lang='lat' dir='ltr'><strong>esse</strong></span> <span class='ocrx_word' id='word_1_870' title='bbox 3298 5333 3453 5416; x_wconf 78' lang='lat' dir='ltr'><strong>pere—</strong></span> 
     </span>
    </p>
   </div>
   <div class='ocr_carea' id='block_1_123' title="bbox 1877 5404 3451 5486">
    <p class='ocr_par' dir='ltr' id='par_1_123' title="bbox 1877 5404 3451 5486">
     <span class='ocr_line' id='line_1_124' title="bbox 1877 5404 3451 5486; baseline 0.011 -32"><span class='ocrx_word' id='word_1_871' title='bbox 1877 5406 2044 5486; x_wconf 61' lang='lat' dir='ltr'><strong>grinae</strong></span> <span class='ocrx_word' id='word_1_872' title='bbox 2079 5404 2293 5486; x_wconf 45' lang='lat' dir='ltr'><strong>(lingua:</strong></span> <span class='ocrx_word' id='word_1_873' title='bbox 2346 5404 2591 5486; x_wconf 34' lang='lat' dir='ltr'><strong>ruistura&#39;</strong></span> <span class='ocrx_word' id='word_1_874' title='bbox 2635 5404 3007 5486; x_wconf 65' lang='lat' dir='ltr'><strong>demonstrat;</strong></span> <span class='ocrx_word' id='word_1_875' title='bbox 3037 5416 3150 5486; x_wconf 25' lang='lat' dir='ltr'><strong>‘sed</strong></span> <span class='ocrx_word' id='word_1_876' title='bbox 3193 5404 3451 5486; x_wconf 74' lang='lat' dir='ltr'><strong>oppidum</strong></span> 
     </span>
    </p>
   </div>
   <div class='ocr_carea' id='block_1_124' title="bbox 1874 5474 3452 5599">
    <p class='ocr_par' dir='ltr' id='par_1_124' title="bbox 1874 5474 3452 5599">
     <span class='ocr_line' id='line_1_125' title="bbox 1874 5474 3452 5599; baseline 0.013 -75"><span class='ocrx_word' id='word_1_877' title='bbox 1874 5474 2472 5599; x_wconf 41' lang='lat' dir='ltr'><strong>gustamseythoiiolint,</strong></span> <span class='ocrx_word' id='word_1_878' title='bbox 2518 5481 2661 5547; x_wconf 85' lang='lat' dir='ltr'><strong>quod</strong></span> <span class='ocrx_word' id='word_1_879' title='bbox 2717 5494 2890 5550; x_wconf 84' lang='lat' dir='ltr'><strong>usque</strong></span> <span class='ocrx_word' id='word_1_880' title='bbox 2943 5474 3107 5539; x_wconf 75' lang='lat' dir='ltr'><strong>hodie</strong></span> <span class='ocrx_word' id='word_1_881' title='bbox 3141 5474 3452 5557; x_wconf 69' lang='lat' dir='ltr'><strong>appellatur</strong></span> 
     </span>
    </p>
   </div>
   <div class='ocr_carea' id='block_1_125' title="bbox 1952 5607 3450 5695">
    <p class='ocr_par' dir='ltr' id='par_1_125' title="bbox 1952 5607 3450 5695">
     <span class='ocr_line' id='line_1_126' title="bbox 1952 5607 3450 5695; baseline 0.011 -28"><span class='ocrx_word' id='word_1_882' title='bbox 1952 5614 1973 5645; x_wconf 90' lang='lat'><strong>’</strong></span> <span class='ocrx_word' id='word_1_883' title='bbox 2005 5607 2140 5695; x_wconf 76' lang='lat' dir='ltr'><strong>Tres</strong></span> <span class='ocrx_word' id='word_1_884' title='bbox 2179 5631 2310 5672; x_wconf 85' lang='lat' dir='ltr'><strong>mss.</strong></span> <span class='ocrx_word' id='word_1_885' title='bbox 2346 5637 2359 5672; x_wconf 88' lang='lat'>:</span> <span class='ocrx_word' id='word_1_886' title='bbox 2394 5618 2575 5673; x_wconf 74' lang='lat' dir='ltr'><strong>Omnis</strong></span> <span class='ocrx_word' id='word_1_887' title='bbox 2610 5623 2749 5674; x_wconf 80' lang='lat' dir='ltr'><strong>enim</strong></span> <span class='ocrx_word' id='word_1_888' title='bbox 2780 5624 3019 5692; x_wconf 81' lang='lat' dir='ltr'><strong>corporis</strong></span> <span class='ocrx_word' id='word_1_889' title='bbox 3053 5626 3245 5695; x_wconf 81' lang='lat' dir='ltr'><strong>gloria.</strong></span> <span class='ocrx_word' id='word_1_890' title='bbox 3287 5629 3450 5692; x_wconf 71' lang='lat' dir='ltr'><strong>Quie—</strong></span> 
     </span>
    </p>
   </div>
   <div class='ocr_carea' id='block_1_126' title="bbox 1881 5684 3451 5765">
    <p class='ocr_par' dir='ltr' id='par_1_126' title="bbox 1881 5684 3451 5765">
     <span class='ocr_line' id='line_1_127' title="bbox 1881 5684 3451 5765; baseline 0.01 -27"><span class='ocrx_word' id='word_1_891' title='bbox 1881 5684 2013 5764; x_wconf 33' lang='lat' dir='ltr'><strong>dam&#39;</strong></span> <span class='ocrx_word' id='word_1_892' title='bbox 2056 5687 2194 5764; x_wconf 71' lang='lat' dir='ltr'><strong>infra</strong></span> <span class='ocrx_word' id='word_1_893' title='bbox 2238 5696 2720 5759; x_wconf 72' lang='lat' dir='ltr'><strong>typographorum,</strong></span> <span class='ocrx_word' id='word_1_894' title='bbox 2758 5703 2817 5747; x_wconf 88' lang='lat' dir='ltr'><strong>ut</strong></span> <span class='ocrx_word' id='word_1_895' title='bbox 2855 5684 3199 5765; x_wconf 66' lang='lat' dir='ltr'><strong>videbantur,</strong></span> <span class='ocrx_word' id='word_1_896' title='bbox 3252 5684 3451 5754; x_wconf 64' lang='lat' dir='ltr'><strong>tueiida</strong></span> 
     </span>
    </p>
   </div>
   <div class='ocr_carea' id='block_1_127' title="bbox 1884 5765 2287 5824">
    <p class='ocr_par' dir='ltr' id='par_1_127' title="bbox 1884 5765 2287 5824">
     <span class='ocr_line' id='line_1_128' title="bbox 1884 5765 2287 5824; baseline 0.005 -16"><span class='ocrx_word' id='word_1_897' title='bbox 1884 5765 2287 5824; x_wconf 73' lang='lat' dir='ltr'><strong>castlguvnnus.</strong></span> 
     </span>
    </p>
   </div>
  </div>
