4216 6352
214 362 344 425 1017

1202 367 1434 427 LIBER
1468 364 1702 425 llEBll.
1741 364 2028 433 QII/EST.
2074 363 2155 423 ΙΝ
2191 362 2462 422 GENES.

3322 357 3461 424 1018

213 481 423 536 meavit
462 499 667 536 Ilmncu
704 485 824 554 ejus
855 483 1024 539 Moab.
1064 484 1167 540 Iste
1215 494 1296 539 est
1340 495 1494 553 pater
1527 483 1789 537 Moabita-
1824 490 1859 539 Α
1898 483 2077 538 vulns.
2138 483 2245 537 Nec
2290 483 2550 537 miremur
2597 480 2883 537 barbaram
2956 481 3197 551 linguam
3260 481 3461 535 habere

210 587 326 623 rum
363 588 546 641 usque
581 574 633 627 in
657 575 799 630 hanc
825 575 985 630 diem.
1023 577 1079 629 Et
1111 578 1307 639 minor,
1347 587 1396 629 ct
1435 580 1544 646 ipsa
1578 574 1786 643 peperit

208 662 395 729 lilium,
430 675 487 719 et
518 668 736 722 vocavit
763 683 954 721 nomen
978 670 1095 735 njus
1129 668 1381 728 Ammon,
1413 668 1463 721 id
1502 677 1603 732 est,
1644 666 1785 717 filius

208 757 393 825 populi
462 760 595 813 mei.
650 759 767 830 Ipse
826 769 911 815 est
961 774 1110 829 pater
1177 759 1407 812 filiorum
1468 765 1723 813 Ammon.
1763 774 1779 806 ι

208 847 365 901 Moab
401 850 825 917 interpretatur,
852 868 915 903 ea:
936 863 1122 919 patre:
1153 859 1205 903 et
1238 858 1409 904 totum
1444 866 1637 903 nomen
1673 861 1786 919 ety-

208 940 507 1008 mologiam
543 941 729 994 habet.
777 942 1004 995 Ammon
1061 957 1211 1003 vero,
1244 942 1403 1007 cujus
1436 943 1592 1009 quasi
1623 956 1785 995 causa

207 1034 452 1086 nominis
482 1034 758 1097 redditur,
786 1033 928 1103 ﬁlius
962 1036 1164 1102 generis
1196 1035 1316 1098 mei,
1358 1036 1471 1089 sive
1509 1042 1567 1088 ut
1591 1034 1785 1087 melius

202 1126 373 1179 estin
418 1125 652 1181 Hebraeo
702 1127 894 1196 (ναΐ),
937 1128 1078 1193 ﬁlius
1121 1127 1299 1195 populi
1333 1129 1466 1190 mei,
1527 1128 1608 1183 sic
1637 1127 1786 1179 deri-

207 1230 388 1283 vatur,
424 1226 485 1273 ut
529 1233 595 1274 ex
631 1229 788 1289 parte
826 1231 1020 1275 sensus
1068 1220 1327 1285 nominis,
1354 1235 1420 1274 ex
1472 1227 1625 1289 parte
1673 1219 1786 1287 ipse

202 1313 269 1366 sit
293 1327 524 1369 sermo:
553 1328 683 1368 Αιιειι
716 1314 731 1345 ¹
759 1312 925 1375 enim,
954 1328 982 1366 a
1022 1328 1131 1382 quo
1180 1312 1309 1368 dicti
1337 1324 1464 1369 sunt
1509 1313 1788 1367 Ammoni-

206 1414 292 1464 ιε.
358 1414 593 1458 vocatur
620 1403 840 1473 populus
875 1419 1037 1456 meus.

276 1495 441 1565 (Cap.
491 1495 611 1550 XX.
641 1526 712 1536 —
768 1494 1077 1564 \‘ers.12.)
1121 1513 1140 1546 ‹
1189 1495 1397 1548 Etenim
1456 1510 1581 1551 vere
1633 1510 1787 1549 soror

204 1603 323 1641 mea
358 1600 451 1644 est
500 1589 571 1643 de
613 1595 789 1658 patre,
831 1588 924 1643 sed
982 1602 1089 1641 non
1144 1602 1211 1641 ex
1269 1596 1464 1641 matre.
1495 1605 1515 1638 ι
1566 1586 1625 1641 ld
1679 1595 1783 1647 est,

206 1680 405 1734 fratris
432 1682 558 1750 ejus
606 1689 691 1734 est
733 1681 877 1732 Aran
919 1679 1048 1744 lilia,
1102 1692 1207 1731 non
1230 1680 1453 1731 sororis.
1508 1676 1611 1730 Sed
1661 1675 1783 1744 quia

203 1772 259 1825 in
295 1770 536 1827 llclaraeo
560 1771 757 1825 habet:
793 1787 815 1822 ι
854 1769 987 1825 Vere
1015 1783 1172 1824 soror
1204 1785 1320 1823 mea
1348 1777 1451 1833 cst,
1484 1768 1589 1821 lilia
1619 1767 1783 1835 patris

203 1864 334 1927 nve‘,
373 1872 431 1916 et
472 1876 582 1916 non
624 1860 729 1913 lilia
761 1860 951 1914 matris
989 1874 1158 1925 mea};
1194 1877 1211 1910 ι
1270 1872 1324 1914 et
1382 1858 1552 1927 magis
1602 1868 1780 1919 sonat,

201 1956 351 2023 quod
422 1968 587 2010 soror
642 1955 872 2007 Abraha:
923 1950 1106 2016 fuerit,
1138 1951 1189 2005 in
1226 1952 1630 2005 excusationem
1664 1951 1781 2019 ejus

203 2051 453 2105 dicimus
486 2053 529 2114 ',
570 2050 801 2104 necdum
833 2047 925 2102 illo
953 2057 1195 2117 tempore
1234 2046 1371 2101 tales
1424 2045 1640 2114 nuptias
1663 2046 1782 2113 lege

205 2144 550 2214 proltibitas.
738 2142 741 2145 ’

277 2238 449 2307 (Cap.
484 2236 623 2291 XXI.
656 2262 726 2277 —-
751 2233 908 2290 Vers.
940 2234 1021 2300 9.)
1059 2255 1077 2286 ι
1118 2233 1182 2288 Et
1230 2234 1365 2287 vidit
1421 2233 1553 2289 Sara
1608 2231 1778 2286 lilium

206 2333 352 2395 Agar
383 2330 677 2402 Egyptian,
709 2345 868 2399 quem
889 2330 1097 2398 peperit
1119 2326 1224 2399 [AL
1258 2326 1564 2397 pepererat]
1592 2328 1780 2379 Abram

207 2426 493 2479 ludentem
521 2441 535 2484 ;
561 2442 579 2475 ι
613 2422 756 2492 quod
784 2424 1053 2492 sequitur,
1079 2440 1097 2471 ι
1124 2420 1253 2475 Cum
1283 2420 1433 2476 Isaae
1468 2420 1578 2473 lilio
1604 2433 1724 2478 suo,
1756 2438 1774 2469 ι

208 2533 318 2571 ηοη
363 2517 603 2570 habetur
637 2516 691 2569 in
725 2513 970 2570 llebrzeo.
1008 2513 1308 2581 Dupliciter
1352 2514 1537 2582 itaque
1579 2515 1681 2565 hoc.
1711 2512 1779 2564 ab

209 2608 460 2663 Hebraeis
497 2606 825 2677 exponitur:
860 2606 975 2659 sive
1013 2604 1154 2673 quod
1184 2603 1323 2659 idola
1363 2604 1491 2657 ludo
1520 2601 1706 2657 fecerit
1736 2603 1776 2665 ³,

210 2712 361 2765 puta
408 2700 538 2755 illud
571 2700 717 2769 quod
747 2698 876 2753 alibi
901 2698 1162 2766 scriptum
1193 2706 1313 2751 est:
1360 2696 1505 2751 Sedit
1557 2697 1777 2765 populus

211 2794 486 2847 comedere
526 2801 575 2844 et
616 2791 811 2855 bibere,
866 2799 918 2844 et
963 2798 1305 2842 surrexerunt
1354 2789 1535 2842 ludere
1579 2788 1776 2855 (Exod.

212 2902 389 2947 xxxii,
428 2884 482 2953 6)
508 2902 523 2939 :
551 2884 668 2939 sive
716 2881 857 2953 quod
890 2882 1177 2936 adversum
1235 2881 1422 2946 Isaac,
1473 2880 1625 2949 quasi
1667 2895 1781 2932 ma-

213 2978 351 3044 ioris
381 2976 581 3038 aetatis,
615 2974 740 3043 joco
783 2972 885 3027 sibi
941 2982 994 3027 et
1024 2972 1151 3025 ludo
1180 2971 1540 3040 primogenita
1596 2969 1780 3025 vendi-

212 3079 386 3124 caret.
416 3068 572 3135 Quod
593 3066 814 3137 quidem
838 3065 968 3122 Sara
1003 3067 1229 3121 audiens
1258 3082 1365 3119 non
1407 3066 1565 3120 tulit:
1604 3066 1780 3119 ethoc

1892 578 2247 645 proprietates
2282 591 2589 631 suaszcum
2632 575 2898 642 hodieque
2946 574 3130 629 Roma:
3161 585 3349 627 omnes
3369 573 3459 627 lilii

1890 679 2155 722 vocentur
2185 670 2443 723 infantes.
2473 667 2661 722 Posuit
2689 682 2817 737 ergo
2875 666 3150 721 Abraham
3204 679 3372 733 panes
3406 674 3463 717 et

1888 774 2065 817 utrem
2093 780 2253 832 super
2286 766 2572 817 humerum
2616 762 2802 830 Agar:
2857 770 2911 813 et
2969 760 3071 814 hoc
3119 758 3265 811 facto
3310 757 3461 811 dedit

1893 871 2121 927 puerum
2146 858 2326 922 matri,
2365 857 2467 911 hnc
2496 864 2622 916 est,
2674 852 2727 906 in
2783 867 2979 906 manus
3038 852 3159 920 ejus
3212 851 3462 911 tradidit,

1887 949 2312 1012 commendavit,
2345 958 2397 1001 et
2427 949 2498 1002 ita
2540 945 2721 1002 emisit
2768 961 2797 999 e
2824 944 3009 997 domo.
3054 943 3206 1008 Quod
3275 954 3460 999 autem

1887 1044 2166 1110 sequitur:

1959 1137 2138 1200 (Vcrs.
2168 1137 2253 1196 l5,
2292 1134 2406 1204 l6.)
2443 1155 2460 1186 ι
2496 1135 2559 1187 Et
2585 1136 2809 1202 proiecit
2846 1150 3076 1204 puerum
3102 1133 3290 1189 subter
3312 1132 3466 1187 abie-

1890 1237 2022 1291 tem,
2059 1239 2112 1282 et
2147 1230 2339 1282 abiens
2375 1228 2515 1281 sedit
2543 1229 2610 1280 de
2649 1237 2839 1281 contra
2897 1229 3081 1298 longe,
3109 1229 3266 1296 quasi
3315 1228 3463 1297 jaetu

1889 1325 2120 1391 sagittze.
2156 1323 2299 1376 Dixit
2332 1323 2515 1376 enim:
2563 1320 2684 1374 Non
2720 1320 2911 1375 videbo
2964 1334 3198 1375 mortem
3254 1320 3464 1389 parvuli

1890 1419 2017 1469 mei.
2046 1415 2112 1468 Et
2137 1416 2287 1469 sedit
2339 1424 2523 1467 contra
2587 1429 2738 1467 eum.
2779 1432 2797 1466 ι
2836 1412 2902 1466 Et
2962 1414 3144 1467 statim
3168 1412 3463 1483 jungitur:

1898 1526 1915 1557 ο
1946 1507 2287 1561 Exclamavit
2317 1523 2476 1575 puer;
2505 1518 2557 1559 ct
2584 1506 2756 1567 llevil,
2778 1516 2831 1560 et
2863 1505 3070 1559 audivit
3103 1508 3246 1562 Deus
3274 1521 3463 1559 vocem

1888 1599 2045 1666 pueri
2077 1599 2144 1652 de
2204 1599 2325 1652 loco
2361 1596 2451 1649 ubi
2508 1607 2646 1650 erat.
2699 1596 2763 1649 Et
2822 1596 2960 1650 dixit
3008 1599 3232 1668 angelus
3271 1598 3369 1651 Dei
3397 1600 3464 1650 ad

1888 1690 2033 1761 Agar
2066 1694 2131 1744 de
2165 1692 2325 1752 cmlo,
2360 1708 2379 1741 ›
2410 1699 2464 1744 et
2497 1689 2728 1759 reliqua,
2763 1690 2968 1743 nullntn
3006 1701 3240 1745 moveat.
3280 1690 3332 1744 lu
3362 1691 3466 1743 lle-

1889 1784 2038 1837 braeo
2061 1783 2206 1836 enim
2270 1789 2393 1851 post
2453 1781 2579 1846 hoc,
2629 1780 2776 1850 quod
2825 1782 3083 1849 scriptum
3136 1790 3254 1846 est,
3295 1782 3459 1835 «Non

1888 1876 2085 1930 videbo
2129 1885 2357 1929 mortem
2414 1877 2626 1943 parvuli
2663 1875 2789 1937 mei,
2830 1894 2848 1925 ι
2895 1875 2970 1927 ita
3021 1874 3239 1939 legitur,
3314 1875 3460 1941 quod

1888 1969 2002 2035 ipsa
2037 1968 2180 2038 Agar
2217 1967 2419 2021 sederit
2448 1977 2637 2020 contra
2692 1982 2940 2037 puerum,
2994 1975 3047 2020 et
3079 1966 3333 2020 levaverit
3369 1983 3462 2018 vel.

1886 2078 2000 2117 cem
2036 2076 2216 2124 suam,
2242 2072 2297 2115 et
2358 2058 2589 2125 ﬂeverit,
2632 2069 2684 2113 et
2724 2060 3035 2114 cxaudierit
3086 2058 3226 2113 Deus
3270 2075 3459 2114 νοω-ιη

1885 2152 2125 2222 parvuli.
2148 2151 2334 2205 Flente
2362 2150 2508 2205 enim
2541 2161 2735 2217 matre,
2769 2160 2823 2205 et
2870 2161 3097 2205 mortem
3134 2151 3227 2205 lilii
3288 2153 3459 2206 mise-

1883 2243 2477 2311 rabilerprmstolante,
2536 2243 2678 2297 Deus
2734 2242 3018 2296 exaudivit
3088 2258 3317 2311 puerum
3351 2244 3460 2311 ;de

1881 2350 1991 2402 quo
2020 2333 2295 2402 pollicitus
2321 2332 2494 2387 fuerat
2524 2333 2775 2398 Abrabm,
2819 2334 3041 2388 dicens:
3074 2333 3178 2387 Sed
3208 2344 3256 2387 et
3287 2336 3457 2403 ﬁlium

1881 2425 2091 2479 ancilla:
2117 2435 2221 2477 tua:
2270 2424 2324 2476 in
2360 2436 2561 2493 gentem
2617 2441 2863 2494 magnam
2922 2426 3117 2493 faciam
3146 2426 3286 2494 (cap.
3319 2442 3453 2491 xvu,

1881 2533 2012 2571 vers.
2042 2516 2158 2583 20).
2188 2515 2441 2584 Alioquin
2488 2526 2540 2568 et
2600 2515 2715 2585 ipsa
2754 2530 2924 2569 mater
2956 2530 3063 2569 non
3118 2532 3272 2570 suam
3311 2532 3456 2569 mor-

1882 2609 2131 2670 tem,sed
2168 2609 2261 2662 lilii
2311 2607 2646 2675 deplorabat.
2706 2606 2952 2677 Pepercit
2988 2607 3151 2677 igitur
3180 2608 3227 2664 ei
3285 2607 3451 2672 Deus,

1882 2718 1980 2771 pro
2017 2716 2126 2770 quo
2162 2700 2342 2754 fuerat
2385 2712 2441 2755 et
2488 2699 2672 2754 ﬂetus.
2701 2699 2941 2769 Denique
2995 2700 3049 2753 in
3101 2717 3453 2770 consequen-

1882 2794 2026 2848 tibus
2050 2792 2423 2860 dicitnr(oers.
2463 2790 2552 2859 18)
2584 2810 2599 2843 :
2636 2809 2655 2842 ι
2709 2791 2883 2860 Surge
2934 2801 2988 2845 et
3027 2791 3155 2844 tolle
3198 2806 3450 2861 puerum,

1879 2892 1935 2935 et
1963 2890 2086 2934 tene
2117 2895 2337 2933 manum
2373 2878 2553 2948 ejusa
2594 2876 2667 2931 Ex
2695 2895 2806 2948 quo
2831 2878 3177 2933 manifestum
3206 2888 3453 2943 cst,cum

1882 2972 1976 3043 qui
2013 2983 2252 3039 tenetur,
2291 2988 2396 3026 non
2423 2973 2574 3026 oneri
2625 2972 2779 3025 matri
2818 2972 3007 3033 fuisse.
3041 2973 3137 3026 sed
3174 2974 3450 3029 comitem.

1882 3067 2040 3134 Quod
2092 3077 2273 3119 autem
2336 3079 2502 3117 manu
2570 3065 2814 3133 parentis
2880 3072 3117 3131 tenetur,
3180 3063 3451 3119 sollicitus

212 3177 279 3215 ex
311 3161 484 3231 ipsius
511 3159 846 3229 approbatur
902 3173 1155 3213 sermone
1190 3159 1423 3214 dicentis
1457 3158 1611 3225 (vers.
1668 3156 1756 3224 10)
1804 3176 1848 3234 c
1882 3167 2219 3213 monstratur
2254 3154 2501 3211 allectus.

219 3271 238 3303 σ
268 3253 425 3321 Ejice
476 3251 732 3305 ancillam
791 3250 927 3304 hanc
975 3266 1097 3306 cum
1145 3251 1254 3305 lilio
1293 3267 1413 3305 sun.
1460 3250 1574 3303 Non
1632 3249 1776 3302 enim

215 3347 394 3398 ha'res
427 3343 534 3397 erit
572 3342 718 3395 filius
749 3342 957 3395 ancilia:
984 3358 1107 3396 cum
1138 3342 1249 3397 lilio
1276 3358 1395 3396 meo
1427 3341 1595 3395 Isaac.
1630 3358 1648 3390 ι

286 3434 471 3505 (Vcrs.
511 3435 625 3501 Μ.)
663 3451 679 3482 t
712 3432 774 3486 Et
809 3436 1037 3503 sumpsit
1090 3450 1258 3503 panes
1303 3446 1356 3487 et
1394 3442 1569 3487 utrem
1605 3446 1779 3499 aqum,

217 3540 269 3585 et
303 3528 454 3585 dedit
492 3534 657 3598 Agar,
722 3542 930 3596 ponens
992 3542 1155 3596 super
1208 3534 1494 3581 humerum
1528 3527 1671 3593 ejus,
1729 3533 1782 3578 ct

218 3621 528 3689 parvulum,
556 3629 614 3673 et
657 3616 867 3672 dimisit
919 3633 1059 3672 eam.
1095 3636 1112 3668 ι
1152 3618 1377 3684 Quando
1432 3618 1582 3672 Isaac
1625 3626 1785 3671 natus

218 3725 326 3776 est,
351 3713 611 3767 tredecim
656 3726 921 3765 annorum
947 3719 1065 3766 erat
1108 3710 1322 3765 lsmael.
1356 3710 1421 3763 Et
1449 3716 1569 3779 post
1608 3708 1786 3763 ablac-

219 3808 481 3860 tationem
524 3804 664 3870 ejus,
717 3801 820 3857 iste
849 3817 976 3857 cum
1037 3814 1206 3857 matre
1262 3803 1547 3871 expellitur
1594 3802 1780 3855 domo.

220 3899 364 3953 lutcr
396 3898 657 3950 Hebraeos
689 3903 867 3948 autem
904 3894 1051 3947 varia
1080 3894 1261 3961 opinio
1287 3901 1388 3956 est,
1418 3891 1783 3947 asserentibus

225 3990 348 4043 aliis
374 3989 567 4057 quinto
605 3998 750 4039 anno
805 3983 1182 4038 ablactatiouis
1237 3994 1447 4050 tempus
1492 3992 1781 4047 statutum,

224 4082 348 4137 aliis
377 4077 760 4134 duodecimum
817 4089 1019 4129 annum
1056 4076 1495 4130 vcndicantibus.
1544 4074 1655 4129 Nos
1685 4073 1783 4142 igi—

224 4184 311 4228 tur
336 4181 396 4227 ut
420 4169 722 4225 breviorem
753 4168 1019 4235 eligamus
1048 4176 1260 4221 :etatem
1295 4207 1310 4231 ,
1343 4179 1464 4234 post
1514 4168 1699 4222 decem
1731 4174 1785 4220 et

224 4273 352 4321 octo
404 4275 581 4317 annos
631 4259 829 4315 lsmael
876 4258 1286 4327 supputavimus
1330 4258 1492 4327 336
1549 4258 1780 4326 ejectum

221 4370 341 4411 esse
372 4366 494 4406 cum
538 4357 732 4409 matre,
762 4354 816 4399 et
844 4361 953 4400 non
985 4346 1274 4400 convenire
1302 4346 1410 4413 jam
1454 4345 1783 4398 adolescenti

223 4442 413 4499 matris
455 4439 667 4495 sedisse
702 4436 1029 4491 cervicibus.
1091 4435 1281 4488 \‘erum
1331 4446 1414 4489 est
1466 4435 1779 4504 igiturillud

1953 3246 2131 3317 (Vers.
2182 3247 2301 3318 22.)
2364 3265 2383 3295 ε
2424 3247 2486 3301 Et
2515 3247 2655 3303 dixit
2699 3247 3018 3304 Abimelecb
3064 3256 3120 3303 et
3172 3247 3447 3302 Ochozath

1883 3342 2166 3408 pronuhns
2197 3340 2335 3405 ejus,
2362 3350 2414 3393 et
2439 3339 2625 3394 Phicol
2656 3341 2911 3410 princeps
2941 3340 3215 3395 exercitus
3254 3340 3397 3409 ejus.
3426 3361 3443 3391 ν

1886 3432 2129 3500 Excepto
2176 3430 2490 3485 Abimelech
2541 3440 2595 3485 et
2648 3430 2852 3499 Phicol,
2892 3432 3111 3485 tertium
3173 3446 3371 3485 nomen
3404 3433 3446 3497 ⁸,

1884 3523 2029 3593 quod
2059 3522 2146 3575 hic
2194 3522 2410 3591 legitur,
2476 3522 2529 3575 in
2577 3522 2804 3578 Hebraeo
2866 3524 3136 3578 volumine
3194 3540 3301 3578 non
3357 3525 3453 3578 ha-

1885 3616 2064 3670 betur.

1959 3705 2139 3776 (Vers.
2169 3706 2282 3776 30.)
2332 3726 2350 3758 ‹
2379 3709 2445 3763 Et
2474 3707 2643 3762 dixit:
2680 3708 2898 3778 Septem
2928 3722 3057 3764 oves
3090 3710 3187 3763 has
3214 3710 3451 3776 accipies

1885 3812 1914 3851 a
1951 3812 2056 3859 tne,
2091 3806 2147 3849 ut
2180 3797 2287 3850 siut
2317 3798 2369 3851 in
2399 3798 2773 3852 testimonium
2805 3800 2961 3865 mihi,
3009 3800 3135 3868 quia
3163 3800 3323 3871 337
3353 3817 3451 3869 ego

1886 3888 1995 3942 fodi
2020 3896 2239 3956 puteum
2273 3888 2459 3942 istum.
2498 3908 2517 3939 ι
2552 3889 2677 3943 ldeo
2698 3890 3104 3958 cognominavit
3131 3908 3322 3946 nmnen
3346 3892 3449 3946 loci

1888 3978 2035 4031 illius
2061 3994 2243 4045 puteus
2275 3978 2593 4047 juramcnli,
2637 3981 2763 4050 quia
2798 3982 2873 4035 ibi
2908 3982 3231 4050 juraverunl
3266 3985 3449 4037 ambo.

1888 4070 1990 4127 Ubi
2024 4071 2113 4125 hic
2136 4072 2353 4139 legitur,
2384 4082 2567 4139 puteus
2594 4072 2914 4136 juramenli,
2951 4073 3003 4126 in
3034 4072 3263 4128 llebt‘mo
3289 4075 3454 4127 halic-

1889 4171 1976 4214 tur
2005 4176 2269 4215 acassam;
2327 4162 2674 4225 (adma).
2719 4160 2925 4231 Duplex
2965 4172 3146 4216 autem
3170 4175 3255 4219 est
3288 4180 3454 4218 causa

1888 4264 1985 4303 cur
2014 4250 2087 4303 ita
2122 4250 2424 4318 appellatus
2446 4252 2514 4305 sit
2543 4266 2557 4302 :
2588 4252 2704 4305 sive
2735 4254 2863 4321 quia
2887 4263 3092 4322 septem
3128 4269 3297 4320 agnas
3326 4254 3455 4308 Abi-

1888 4340 2095 4395 mclech
2130 4341 2196 4395 de
2229 4356 2393 4394 manu
2446 4342 2679 4397 Abrahae
2729 4346 3034 4411 acceperit:
3071 4345 3277 4411 Septem
3306 4347 3449 4400 enim

1890 4435 2145 4488 dicuntur
2177 4449 2375 4488 suae:
2432 4435 2549 4489 sive
2575 4436 2717 4504 quod
2764 4436 2834 4490 ibi
2854 4436 3199 4503 juraverint;
3234 4439 3361 4507 quia
3399 4452 3452 4493 et

223 4536 577 4590 llehrmorum
629 4529 828 4601 lingua;
878 4528 1075 4581 idioma
1103 4567 1118 4590 ,
1150 4526 1291 4595 quod
1328 4527 1507 4580 omnis
1537 4526 1691 4595 [filius
1715 4526 1779 4578 ad
1815 4506 2242 4592 Djuramenlum
2268 4539 2431 4578 sum:
2457 4523 2705 4579 similiter
2734 4528 3056 4594 appellate:
3084 4526 3235 4591 Quod
3256 4506 3306 4581 lsi
3326 4536 3452 4582 aute

224 4623 689 4694 comparationem
725 4616 1239 4687 parcutum,infuns
1288 4626 1510 4668 vocetur
1559 4625 1609 4669 et
1658 4630 1778 4683 par-

296 4805 308 4831 ι
350 4798 417 4852 ει
448 4813 510 4851 ως
536 4805 683 4864 parte
710 4807 890 4845 sensus
918 4791 1160 4842 nominis.
1221 4790 1461 4864 Antinou,
1497 4791 1610 4864 sive
1667 4810 1783 4844 um-

225 4888 339 4923 man
373 4862 549 4922 dictus
579 4871 662 4917 est
703 4877 732 4914 a
771 4871 939 4914 matre
996 4868 1104 4922 ἐν
1139 4868 1222 4923 7:,
1276 4862 1368 4911 ben
1398 4862 1595 4912 ammi:
1644 4864 1786 4916 unde

225 4946 454 4995 Ammon
478 4938 557 4990 sic
588 4933 863 4985 derivatur
890 4933 956 4982 ab
978 4933 1160 4991 animi;
1211 4939 1268 4980 ut
1290 4946 1351 4981 ex
1384 4942 1559 4998 parte,
1595 4948 1788 4985 sensus

225 5010 468 5064 nomin's
523 5008 615 5058 sit.
661 5018 767 5054 non
828 5000 1177 5069 etymologia,
1236 5007 1313 5069 cli
1351 5014 1414 5051 ex
1467 5012 1616 5067 parte
1678 5002 1789 5068 ipse

228 5092 409 5133 sermo
442 5077 537 5129 sit.
577 5077 686 5125 Ben
718 5070 858 5122 enim
890 5068 1036 5137 quod
1078 5068 1244 5135 ﬁlium
1272 5068 1542 5137 significat
1582 5087 1685 5123 non
1712 5074 1789 5121 in-

227 5147 470 5204 cluditur
509 5146 562 5197 in
608 5155 741 5194 voce
770 5139 1009 5198 Ammon,
1048 5138 1149 5191 uisi
1184 5138 1332 5208 juxta
1395 5154 1613 5192 sensum
1676 5150 1792 5208 ety-

227 5216 558 5284 tnologicum
590 5226 632 5284 ;_
676 5223 797 5263 cum
892 5216 1039 5284 93?,
1073 5208 1245 5284 Apri-iri
1309 5207 1486 5274 ipsum
1543 5207 1793 5276 praefer“

228 5276 559 5343 sermonem,
586 5281 635 5331 id
676 5287 779 5335 est,
808 5280 985 5343 populi
1029 5279 1148 5329 mei.
1183 5276 1454 5330 Maurum.

292 5385 360 5397 __
400 5353 623 5428 Clarius
642 5348 777 5401 adeo
798 5356 879 5425 est
902 5348 954 5428 ip
982 5345 1204 5425 llcbrazo
1241 5354 1442 5428 972T]:
1464 5356 1587 5405 Ἴτε-ιγ
1616 5358 1797 5428 mpm

229 5439 269 5481 ει
301 5424 500 5478 rocavil
543 5435 728 5470 inmte"
766 5417 878 5482 ejus
910 5415 1207 5476 Benammi,
1244 5415 1798 5488 quod’tuteiprettitur

226 5500 363 5561 (lius
409 5490 591 5559 pepuli
629 5489 747 5541 inci.

300 5578 314 5598 δ
348 5569 422 5617 ita
472 5562 693 5629 quidem
753 5560 888 5614 bene
941 5559 1412 5631 nuiltiCriiriinani
1472 5566 1798 5631 interpretes

222 5635 527 5704 explicant,
555 5640 611 5682 nt
640 5631 816 5693 neptis
873 5632 1097 5704 proinde
1145 5630 1440 5704 Abraham,
1480 5650 1597 5704 non
1644 5651 1800 5687 soror

225 5700 397 5763 ρδέρι,
429 5710 621 5753 contra
646 5714 808 5765 quant
835 5704 947 5767 ipse
994 5700 1269 5751 Abraham
1347 5702 1799 5764 luculentissima,

222 5777 494 5841 multique
530 5780 733 5824 ieiunia
768 5772 1011 5838 :zttlbugc,
1046 5778 1310 5823 testatur:
1359 5769 1481 5823 l'cic
1510 5789 1662 5825 soror
1690 5792 1801 5827 mea

1887 4617 2030 4670 hanc
2056 4631 2279 4671 causam
2331 4632 2495 4686 supra
2527 4633 2722 4672 nomen
2782 4619 2886 4673 hoc
2919 4618 3172 4689 legimus,
3208 4620 3451 4676 sciamus

1887 4805 1984 4850 csl.
2027 4796 2249 4849 Scilicet
2301 4796 2454 4849 nefas
2485 4798 2726 4851 arbitrati
2785 4807 2945 4855 sunt:
3000 4816 3241 4854 sororem
3284 4815 3346 4853 ex
3376 4804 3454 4855 al-

1891 4880 2003 4919 lt't'n
2036 4878 2257 4933 parente
2279 4867 2529 4929 iducere,
2572 4868 2714 4934 quod
2775 4868 2997 4924 Levilic.
3030 4878 3151 4933 cap.
3208 4886 3361 4935 xvm,
3394 4876 3449 4935 9,

1892 4937 2226 5006 prohibetur.
2264 4935 2325 4989 Et
2367 4954 2387 4988 ς
2442 4937 2601 5001 quale
2635 4948 2738 4995 est.
2781 4957 2799 4989 ι
2840 4940 3017 5006 inquit
3067 4941 3288 4993 Ilieron.
3322 4958 3453 4994 eun-

1893 5016 1971 5060 tra
1998 5005 2211 5062 Heivid.
2237 5023 2386 5061 num.
2421 5008 2507 5064 l5,
2540 5025 2558 5057 ι
2593 5016 2652 5060 ut
2683 5005 2952 5061 Abraham
3010 5012 3092 5063 \ir
3137 5010 3315 5075 justus
3360 5028 3451 5076 pa-

1894 5081 1993 5147 tris
2018 5076 2099 5127 sni
2136 5076 2298 5128 liliam
2334 5077 2613 5143 conjugem
2642 5080 2975 5142 sumpserit?
3012 5098 3029 5130 ι
3088 5079 3303 5132 Vidcsis
3330 5097 3449 5147 qua:

1894 5146 1946 5197 in
1978 5161 2098 5197 eum
2138 5149 2315 5196 locum
2348 5158 2701 5198 annotamns.
2738 5147 2891 5200 Nunc
2914 5148 3131 5203 demum
3166 5146 3447 5205 verissime

1893 5230 1956 5268 ex
1996 5214 2222 5267 llebraro
2263 5213 2321 5267 S.
2354 5217 2547 5267 doctor
2595 5216 2894 5277 constituit,
2954 5216 3141 5271 Suram
3193 5220 3443 5272 eumdem

1896 5301 2015 5337 cum
2057 5284 2601 5355 Ahrabauiopatrem
2637 5286 2891 5339 habuisse
2942 5286 3141 5355 Thare,
3174 5289 3443 5343 diversam

1898 5364 2089 5427 matre,
2118 5370 2284 5427 quain
2323 5352 2587 5427 Tlieuitain
2615 5356 2706 5427 Ade
2740 5357 2956 5427 nomine
2990 5352 3304 5427 appellatam
3337 5368 3446 5409 tra-

1898 5424 1975 5476 dit
2007 5422 2195 5497 Sgiidas
2229 5422 2533 5497 lialricides
2564 5425 2962 5497 Alexandrinus
2992 5422 3316 5496 patriarcha,
3350 5432 3442 5497 qri

1900 5491 2097 5545 su-culo
2137 5493 2350 5543 decimo
2381 5494 2627 5546 ﬂoruisse
2661 5494 2993 5559 perhibetur.

1972 5560 1991 5589 ³
2019 5561 2293 5633 Yetusliur
2328 5563 2540 5629 lit-gina:
2566 5579 2693 5616 mss.
2728 5564 2868 5616 idola
2898 5566 3005 5618 luto
3041 5568 3235 5633 fecerit.

1970 5633 1991 5661 ³⁸
2023 5632 2273 5703 Additum
2308 5633 2567 5685 Ochozath
2599 5648 2626 5683 a
2671 5632 2830 5695 LXX,
2858 5650 2919 5687 ex
2957 5632 3073 5703 cap.
3128 5652 3275 5698 xxvu,
3300 5655 3441 5692 vers.

1902 5702 2377 5764 26,nbijunrtinn
2432 5703 2701 5754 invenitur
2766 5702 3078 5759 numinibus
3129 5708 3442 5764 Ahintelech

1905 5785 1955 5825 ω
1989 5770 2193 5825 Ριιίςιιι.
2250 5771 2303 5824 lu
2339 5788 2444 5825 uno
2476 5772 2688 5842 llcgiuu:
2732 5789 2831 5829 tus.
2888 5775 3122 5829 (Icos/mc
3166 5777 3436 5837 scribitur,
