4216 6352
765 341 895 407 1031

1946 352 2002 412 S.
2036 353 2343 416 EUSEBll
2380 360 2822 425 llllﬂllONYllI

3884 379 4009 441 103?.

755 460 1188 530 solverisjugum
1226 461 1289 515 tle
1324 462 1465 518 collo
1500 472 1646 530 tuo.)
1684 462 1897 519 videtur
1928 471 2162 537 pendere
2206 490 2333 527 sen-
2360 480 2404 536 Α
2433 478 2790 544 sitexaudita,
2813 481 3231 536 Simeonnomen
3256 488 3537 556 imposuit.
3568 490 3987 556 5135031132":

756 552 944 615 tentia,
982 568 1079 607 nec
1105 567 1226 607 esse
1257 558 1556 624 completa.

824 646 979 715 (Cap.
1013 643 1248 700 XXVIII.
1287 675 1351 688 -—
1386 646 1546 705 Vers.
1583 652 1694 723 i9.)
1735 672 1753 705 ι
1789 656 1851 709 Et
1888 657 2101 710 vocavit
2158 656 2327 711 Jacub

753 751 951 791 nomen
1014 737 1120 791 loci
1154 736 1298 793 illius
1347 737 1554 807 Bethel,
1606 753 1658 796 et
1714 744 2031 799 Ulammaus
2061 756 2179 799 erat
2228 764 2327 802 no-

752 842 875 881 men
916 825 934 858 ¹
1010 828 1248 884 civitatis
1284 832 1456 900 prius.
1493 852 1512 885 ι
1568 835 1649 887 Ab
1679 850 1745 889 eo
1778 836 1921 903 quod
1972 852 2138 904 supra
2166 839 2325 891 dixe-

756 928 840 972 rat
872 938 886 974 :
922 920 1089 991 349
1132 922 1333 989 sQuatn
1363 924 1622 978 terribilis
1652 934 1737 979 est
1765 926 1917 979 locus
1953 929 2050 980 iste
2072 946 2086 981 :
2111 944 2215 983 non
2244 939 2326 981 est

758 1012 850 1067 hic
876 1014 981 1067 nisi
1015 1018 1210 1069 domus
1232 1015 1346 1069 Dei.
1383 1025 1438 1070 et
1459 1015 1574 1071 haec
1607 1027 1760 1086 porta
1798 1020 1923 1074 cteli
1950 1038 2002 1084 ;›
2035 1037 2179 1075 nunc
2208 1022 2324 1075 loco

750 1122 946 1161 nomen
976 1108 1222 1176 imponit,
1262 1117 1316 1163 et
1345 1119 1502 1165 vocat
1532 1110 1682 1166 illum
1715 1129 1925 1167 BETEBL
1962 1099 2055 1181 (ΗΝ
2082 1116 2230 1184 ΝΞ).
2270 1116 2321 1169 id

747 1212 832 1255 est
872 1202 1085 1253 domum
1139 1198 1238 1256 Dei
1272 1221 1291 1259 :
1331 1204 1426 1273 qui
1460 1203 1614 1260 locus
1645 1206 1947 1260 vocabatur
2002 1218 2125 1259 ante
2183 1223 2319 1261 una

748 1277 900 1363 (ηδ),
940 1296 1087 1364 quod
1148 1296 1542 1364 interpretatur
1596 1314 1726 1361 nux,
1788 1299 1906 1351 sive
1968 1300 2316 1368 antygtlalon.

744 1385 905 1442 Unde
963 1388 1194 1443 ridiCnIe
1248 1389 1467 1456 quidam
1500 1389 1722 1443 verbum
1785 1388 2116 1445 Hebraicum
2180 1409 2319 1447 cui:

746 1462 953 1549 (05m),
987 1496 1185 1533 nomen
1236 1494 1358 1535 esse
1393 1481 1545 1536 urbis
1580 1490 1778 1552 putant
1828 1501 1842 1536 :
1882 1499 2005 1537 cum
2040 1501 2180 1538 usu
2234 1487 2319 1539 in-

742 1581 1070 1641 terpretetur
1101 1574 1270 1641 prius.
1319 1572 1470 1628 Ordo
1526 1578 1711 1645 itaque
1762 1585 1844 1631 est
1866 1576 2163 1633 lectionis:
2205 1598 2224 1629 ι
2256 1580 2319 1632 Et

740 1666 958 1718 vocavit
1007 1681 1206 1719 nomen
1264 1665 1367 1719 loci
1420 1666 1566 1721 illius
1622 1667 1831 1730 Bethel,
1861 1676 1915 1720 et
1974 1668 2127 1736 prius
2170 1669 2314 1722 Luza

738 1756 1066 1811 vocabulum
1090 1763 1207 1808 erat
1230 1755 1487 1809 civitatis.
1524 1755 1803 1823 «Antiqua:
1826 1771 2015 1811 omnes
2034 1758 2316 1825 scripturae

738 1847 927 1905 verbo.
987 1846 1158 1905 utam.
1222 1844 1345 1917 sive.
1392 1860 1529 1899 suis
1576 1845 1749 1915 plenae
1806 1855 1958 1911 sunt,
1991 1849 2133 1914 quod
2170 1848 2305 1900 nihil
2348 1832 2385 1885 Β

740 1937 884 1990 aliud
940 1938 1139 2003 signat,
1181 1936 1283 1991 nisi
1322 1947 1465 2003 ante,
1501 1944 1596 1992 aut
1639 1939 1814 2005 prius,
1852 1940 1937 1994 vel
1969 1939 2307 2006 vestibulum,

740 2029 854 2081 sive
886 2028 1323 2095 superliminare,
1352 2028 1432 2081 vel
1458 2038 1653 2096 postes.

810 2118 963 2187 (Cap.
998 2116 1187 2172 XXIX.
1225 2148 1290 2159 —
1317 2110 1473 2175 Vera.
1495 2120 1613 2186 27.)
1647 2120 1901 2188 «Comple
1940 2136 2070 2191 ergo
2096 2121 2307 2175 hebdo-

740 2211 954 2264 madam
1017 2210 1301 2265 istius:et
1336 2210 1474 2266 dabo
1521 2213 1684 2267 etiam
1742 2211 1885 2265 hanc
1917 2212 2035 2269 tibi.
2075 2231 2094 2263 ι
2149 2212 2311 2266 Post-

737 2318 902 2373 quam
950 2302 1102 2356 Liam
1164 2302 1331 2357 Jacob
1394 2300 1583 2356 fraude
1638 2301 1899 2371 deceptus
1948 2318 2048 2372 pro
2100 2302 2306 2359 Rachel

738 2410 963 2449 uxorem
1018 2404 1325 2464 acceperat,
1386 2394 1587 2449 dicitur
1630 2394 1680 2449 ei
1712 2410 1740 2449 a
1792 2409 1986 2450 socero
2032 2394 2216 2451 Laban
2250 2406 2309 2450 ut

739 2500 943 2557 septem
977 2488 1092 2542 dies
1122 2495 1246 2556 post
1272 2488 1487 2557 nuptias
1508 2488 1717 2544 sororis
1750 2488 1951 2556 prioris
1983 2490 2221 2558 expleat,
2254 2500 2308 2546 et

738 2581 817 2634 sic
847 2580 1081 2648 accipiat
1116 2579 1344 2645 Rachel,
1378 2595 1477 2649 pro
1522 2596 1626 2651 qua
1661 2582 1857 2635 iterum
1890 2591 2097 2649 septem
2140 2585 2303 2637 annis

735 2671 856 2727 aliis
887 2672 1193 2727 serviturus
1232 2672 1324 2726 sit.
1367 2669 1502 2726 'Non
1548 2672 1734 2741 igitur,
1772 2681 1830 2727 ut
1881 2676 2099 2741 quidam
2165 2677 2306 2731 male

734 2766 1007 2819 azstimant
1033 2766 1080 2830 ⁸,
1112 2774 1232 2834 post
1256 2775 1459 2834 septem
1492 2780 1665 2819 annos
1695 2765 1832 2819 alios
1862 2765 2064 2820 Rachel
2092 2768 2305 2836 accepit

737 2871 981 2919 uxorem,
1025 2857 1118 2917 sed
1154 2867 1281 2926 post
1328 2866 1531 2926 septem
1574 2857 1691 2912 dies
1739 2859 2053 2925 nuptiarum
2119 2863 2305 2917 uxoris

736 2948 943 3013 primae.
997 2944 1133 3000 Nam
1193 2948 1445 3017 sequitur
1473 2948 1627 3016 (vers.
1653 2947 1834 3015 δίης(
1892 2947 1957 3001 Et
2022 2949 2305 3020 ingressus

735 3047 820 3091 est
842 3040 905 3092 ad
936 3038 1159 3106 Rachel,
1187 3049 1241 3094 et
1270 3041 1461 3095 dilexit
1489 3040 1694 3095 Rachel
1724 3044 1897 3111 magis
1930 3057 2092 3110 quam
2123 3044 2300 3114 Liam,

732 3141 788 3187 et
815 3132 1039 3186 servivit
1067 3132 1115 3185 ei
1147 3142 1356 3200 septem
1393 3133 1551 3186 annis
1584 3133 1729 3189 aliis.
1766 3155 1785 3187 ο

805 3225 980 3294 (Vers.
1036 3224 1149 3293 52.)
1184 3242 1203 3276 t
1245 3222 1310 3277 Et
1342 3228 1617 3297 concepit,
1672 3237 1725 3283 et
1772 3235 1978 3301 peperit
2024 3236 2214 3303 lilitnn,
2251 3247 2307 3291 et

734 3318 949 3372 vocavit
987 3332 1184 3372 nomen
1230 3318 1351 3386 ejus
1387 3317 1599 3375 Ruben.
1630 3340 1649 3371 ι
1682 3319 1938 3379 Omnium
1971 3330 2305 3396 patriarcha-

731 3424 852 3463 rum
909 3418 1128 3477 propter
1181 3410 1561 3476 compendium
1624 3414 1897 3479 lectionis,
1937 3423 2303 3489 etymologias

733 3497 1018 3553 nominum
1051 3499 1172 3553 volo
1212 3499 1415 3568 pariter
1442 3501 1625 3558 dicere
1650 3504 1689 3558 ³.

810 3609 829 3641 ς
869 3590 933 3643 Ει
956 3592 1191 3654 vocavit,
1221 3591 1422 3660 inquit,
1463 3586 1654 3649 Ruben
1689 3612 1885 3655 nomen
1914 3604 2050 3673 ejus,
2076 3607 2300 3661 dicens:

732 3683 871 3749 Quia
918 3682 1053 3736 vidit
1087 3681 1351 3737 Dominus
1408 3686 1772 3743 humilitatem
1813 3707 2008 3749 meam.
2058 3714 2076 3748 ι
2113 3698 2298 3753 Rosea

734 3774 938 3858 (μήκη)
968 3774 1169 3842 quippe
1194 3773 1581 3843 interpretatur
1608 3779 1825 3833 visionis
1857 3783 2018 3850 ﬁlius.

805 3863 986 3935 (Vers.
1022 3862 1140 3933 '53.)
1170 3884 1189 3917 ί
1234 3865 1299 3917 Et
1325 3866 1601 3934 concepit,
1644 3870 1839 3938 inquit,
1876 3874 2105 3930 alterum
2135 3878 2301 3933 lilium

730 3967 787 4012 et
820 3956 997 4012 dixit:
1038 3957 1306 4022 Quoniam
1335 3958 1613 4011 exaudivit
1645 3975 1730 4014 me
1751 3962 2036 4030 Dominus,
2068 3983 2135 4022 eo
2156 3970 2303 4038 quod

733 4043 860 4098 odio
900 4057 987 4096 me
1037 4043 1260 4097 haberet
1313 4042 1399 4096 vir
1437 4059 1614 4109 meus,
1658 4056 1713 4101 et
1763 4050 1920 4106 dedit
1966 4056 2099 4109 mihi
2142 4058 2305 4111 etiam

734 4136 879 4189 hunc
902 4152 916 4189 :
943 4145 996 4189 et
1012 4126 1235 4189 vocavit
1254 4150 1450 4191 nomen
1481 4136 1603 4206 ejus
1624 4134 1873 4196 Simeon.
1904 4158 1926 4194 ι
1956 4144 2048 4218 ΑΙ),
2068 4162 2133 4200 eo
2158 4148 2302 4216 quod

812 4252 827 4282 ⁸
891 4251 959 4305 Et
1014 4250 1330 4306 Ulnmmaus
1379 4263 1493 4306 erat
1541 4269 1753 4318 nomen,
1784 4268 1890 4313 etc.
1923 4258 2106 4315 Grmca
2139 4264 2304 4320 editio

736 4322 977 4375 Romana
1018 4321 1160 4395 LXX
1211 4320 1571 4395 Interpretnm
1604 4323 1731 4391 legit
1754 4327 2095 4395 uetante-3c.
2123 4332 2305 4386 Utam-

736 4395 862 4444 lus:
892 4392 1035 4459 quod
1076 4392 1335 4445 Erasmus
1370 4392 1423 4446 in
1467 4394 1573 4447 hoc
1618 4395 1756 4449 libro
1811 4398 2022 4453 retinet.
2055 4392 2170 4456 vMs.
2206 4419 2303 4457 au-

736 4474 842 4515 tem
872 4461 1690 4533 AlexandrinuscntnLLatinis
1735 4471 2139 4533 exemplaribus
2171 4473 2299 4527 Hie-

736 4533 969 4599 ronymi,
1002 4528 1359 4598 Οὐλαμμαῢς,
1399 4528 1732 4585 Ulammaus.
1769 4528 2035 4591 Murrum.

804 4601 973 4652 —lta
1004 4610 1056 4653 et
1081 4615 1212 4653 mss.
1264 4602 1432 4653 nostri
1488 4616 1611 4654 cum
1662 4601 1974 4657 Martianaso
2041 4610 2291 4668 retinent.

736 4670 959 4747 Fetere?
982 4670 1255 4747 editiones
1279 4670 1345 4722 ad
1367 4667 1680 4747 Romanum
1716 4673 1824 4724 τῶν
1850 4674 1990 4728 LXX
2016 4667 2296 4747 exemplar

738 4740 889 4794 Ulam
920 4738 1051 4818 Lua,
1075 4740 1505 4818 minus_quidem
1525 4752 1809 4818 corrupte,
1828 4756 1895 4818 at
1930 4762 2112 4801 nescio
2134 4738 2293 4818 quam

732 4827 908 4881 vere;
938 4811 1131 4881 reliqui
1186 4810 1330 4865 enim
1367 4826 1499 4864 mss.
1529 4810 1707 4865 Graeci
1740 4815 1977 4881 eodiCes,
2040 4810 2298 4874 int-titlose

733 4890 792 4934 ut
826 4873 976 4957 liliét,
1006 4873 1209 4957 diserte
1262 4890 1445 4957 tamen
1483 4882 1566 4957 vel
1605 4873 2063 4957 oblatppakdvel
2090 4873 2298 4957 οὐλαμξ

736 4952 928 5021 μαοὶος,
958 4949 1346 5021 νειλᾳμμαοὺς
1378 4949 1695 5021 praeferunt.
1729 4949 1847 5006 Dixi
1878 4955 1944 5008 de
1976 4956 2077 5011 hac
2111 4949 2297 5012 lectio~

735 5018 836 5087 ite;
858 5022 1033 5089 deque
1065 5018 1643 5085 Hieronymisubnesa
1667 5021 2123 5089 interpretatione
2147 5030 2296 5083 vocis

730 5091 873 5144 ulam
906 5091 956 5143 in
987 5091 1154 5157 prius,
1197 5093 1366 5142 multa
1417 5092 1483 5144 ad
1522 5093 1663 5144 hanc
1692 5108 1880 5146 vocem
1934 5096 1987 5148 in
2039 5098 2297 5151 Locorum

733 5162 904 5227 libro;
946 5175 1175 5238 eamque
1237 5160 1579 5238 verissimam
1636 5161 1902 5228 ostendi,
1965 5169 2297 5238 dignamque

730 5246 939 5284 snnnna
978 5229 1289 5298 Hieronymi
1323 5230 1652 5303 eruditione,
1686 5244 1875 5285 coiitra
1932 5229 2089 5303 quin:
2118 5229 2293 5293 Cleri-

733 5316 831 5356 cus
867 5301 1069 5364 aliique
1108 5308 1231 5365 post
1261 5314 1384 5352 eum
1420 5300 1652 5353 ridicule
1683 5300 2031 5368 cavillantur,
2070 5309 2111 5360 si
2147 5312 2293 5362 uiam

734 5387 832 5440 pro
861 5372 1007 5435 prius
1073 5378 1386 5437 usurpetur,
1458 5370 1641 5440 bisin
1700 5374 1892 5426 eodem
1925 5386 2069 5428 testu
2105 5393 2293 5432 vocem

732 5439 875 5505 prius
905 5440 1103 5492 lrustra
1123 5453 1437 5494 occurrere.
1464 5439 1618 5493 Addo
1648 5455 1790 5493 nttnc
1809 5442 2082 5498 Thr-odori
2110 5458 2292 5502 notam

732 5522 1155 5587 es-tnss..penes
1184 5507 1699 5587 hiantiancOninmh:
1741 5512 1935 5587 ‘lsréov
1953 5516 2034 5567 ὃτι
2083 5519 2296 5587 assidu

731 5578 828 5632 τοῦ
878 5578 1139 5655 apo-5530‘:
1172 5575 1323 5629 εἷπον
1364 5581 1412 5631 ol
1441 5582 1604 5655 3359).
1648 5580 1901 5655 ’ᾼκύλᾳξῃ
1935 5587 2030 5637 καὶ
2094 5588 2190 5655 οὐχ
2219 5575 2294 5650 (bl;

737 5650 899 5723 μέρος
924 5645 1341 5723 τοῦ-ὸξόξατος.
1360 5645 1615 5723 Λοῦζᾳζᾷὲ
1640 5649 1741 5719 τὴν
1774 5652 1927 5705 πόλιν
1952 5656 2131 5722 ῥητῶς
2158 5645 2296 5723 μιτά

732 5715 903 5793 eas-.9
954 5715 1122 5769 καλεῖ.
1153 5716 1456 5793 Sciendum,
1516 5717 1665 5772 Ulam
1692 5715 1831 5787 apud
1862 5715 2295 5793 Aquilamvprius

736 5788 994 5841 redditum
1021 5803 1151 5851 esse,
1182 5792 1272 5840 sed
1302 5807 1404 5843 non
1453 5800 1700 5859 umquam
1724 5788 1930 5858 partem
1958 5788 2183 5847 nominis
2218 5799 2292 5848 ri-

2778 534 2789 544 ,
2826 534 2837 535 γ
3202 534 3229 536 ﬁ
3257 534 3492 556 -.-την
3525 534 3537 543 .
3568 534 3699 543 νη...
3850 534 3999 559 ..-η

2437 571 2634 637 quippe
2692 573 3085 642 interpretatur
3135 578 3364 632 auditio.
3432 580 3503 633 De
3538 583 3706 635 tertio
3762 534 3890 635 vc'ro
3930 598 3999 635 se-

2433 662 2622 728 quitur
2655 681 2667 715 :

2504 780 2680 841 (ναῖς.
2718 784 2832 853 Si.)
2860 786 3061 857 350i
3087 786 3152 841 Et
3185 787 3439 858 concepit
3474 786 3681 851 adhuc,
3711 799 3767 841 ct
3798 789 4001 858 peperit

2432 874 2624 939 lilium,
2657 888 2707 930 ct
2741 878 2881 934 dixit
2916 896 2930 933 :
2961 880 3115 937 Nunc
3165 899 3379 937 mecum
3406 883 3509 937 erit
3547 883 3632 935 vir
3669 898 3849 948 meus,
3886 884 3998 951 qu‘a

2429 968 2610 1035 peperi
2660 969 2708 1021 ei
2756 978 2870 1024 tres
2920 972 3106 1029 filios:
3145 974 3265 1029 ideo
3336 976 3552 1030 vocavit
3617 989 3825 1028 nomen
3894 977 3997 1045 eju-

2427 1057 2654 1127 Levl._i
2692 1061 2791 1117 Ulsi
2848 1079 2948 1118 nos
2997 1066 3266 1137 legimus,
3333 1087 3352 1120 ε
3394 1067 3551 1138 Apud
3616 1084 3705 1124 me
3766 1069 3873 1123 erit
3929 1070 3999 1123 sit

2426 1165 2599 1219 meus,
2634 1172 2651 1205 ι
2698 1154 2891 1225 Aquila
2950 1157 3338 1229 interpretatus
3398 1172 3506 1225 est,
3572 1182 3590 1214 ι
3629 1162 4002 1232 Applit'abitur

2426 1242 2556 1296 tnilti
2599 1246 2680 1299 vir
2734 1263 2912 1311 meus,
2942 1265 2964 1301 ι
2992 1251 3140 1320 quod
3199 1251 3464 1307 llebraice
3498 1253 3708 1307 dicitur
3745 1236 3905 1323 (3‘3")
3933 1271 4002 1308 ιι-

2425 1336 2592 1388 sts‘
2618 1378 2632 1400 ,
2657 1350 2710 1391 et
2745 1355 2774 1393 a
2814 1342 3130 1397 doctoribus
3160 1342 3515 1400 llebraaorum
3548 1347 3708 1400 aliter
3739 1348 3997 1402 transfer-

2424 1439 2534 1493 tur,
2570 1441 2627 1484 ut
2678 1434 2898 1499 dicant,
2957 1454 2975 1487 ι
3018 1436 3393 1507 l’rosequetur
3424 1455 3510 1493 me
3553 1440 3640 1493 vir
3680 1455 3859 1503 mens,
3901 1459 3918 1491 ι
3952 1441 3997 1493 id

2421 1532 2525 1586 est,
2560 1538 2664 1577 non
2694 1526 2911 1596 ambigo
2930 1528 2997 1583 de
3019 1543 3205 1584 amore
3230 1531 3281 1583 in
3317 1548 3404 1586 me
3427 1533 3529 1587 viri
3559 1533 3664 1587 mei
3690 1549 3704 1584 :
3740 1533 3846 1585 erit
3874 1534 3996 1587 mihi

2423 1613 2477 1667 in
2510 1616 2611 1668 hac
2635 1616 2743 1669 vita
2794 1632 3011 1683 comes,
3042 1631 3097 1674 et
3137 1622 3254 1690 ejus
3278 1622 3504 1679 dilectio
3548 1640 3635 1678 me
3672 1623 3740 1677 ad
3778 1633 3995 1678 mortem

2423 1719 2593 1774 usque
2644 1706 2879 1762 deducet
2904 1747 2918 1771 ,
2954 1719 3009 1764 et
3045 1722 3407 1783 prosequetur
3438 1732 3456 1768 :
3497 1726 3607 1771 tres
3658 1716 3808 1769 enim
3867 1716 3998 1772 (ilics

2419 1810 2467 1847 et
2500 1810 2686 1865 genur.

2490 1906 2807 1982 (Vers.35.)
2846 1931 2864 1964 ι
2920 1914 2986 1969 Et
3024 1919 3295 1989 concepit,
3330 1930 3386 1975 et
3442 1922 3652 1989 peperit
3700 1923 3891 1986 tilium,
3949 1935 3993 1977 et

2418 1998 2596 2055 dixit:
2631 2000 2785 2057 Nunc
2836 2020 3001 2075 super
3060 2007 3162 2064 hoc
3218 2013 3526 2068 conﬁtebor
3558 2014 3817 2079 Domino,
3875 2026 3928 2071 et
3948 2017 3993 2069 id

2420 2093 2631 2145 vocavit
2660 2109 2859 2149 nomen
2902 2096 3021 2165 ejus
3048 2098 3206 2155 Juda.
3259 2121 3277 2154 ι
3312 2102 3449 2157 Juos
3485 2106 3686 2174 (mw)
3746 2107 3996 2174 confessio

2424 2182 2653 2237 dicitur.
2710 2186 2753 2241 A
2805 2191 3154 2247 confessione
3193 2193 3377 2264 itaque
3412 2196 3755 2261 confessoris
3801 2216 3990 2256 nomen

2415 2281 2499 2328 est
2526 2276 2755 2332 dictum.
2793 2279 3178 2338 Verumtamen
3215 2286 3302 2339 hic
3353 2289 3621 2355 confessio
3661 2305 3763 2359 pro
3797 2296 3995 2359 gratia-

2416 2382 2537 2420 rum
2572 2370 2788 2425 actione
2828 2373 2873 2438 ',
2903 2386 2999 2428 aut
3026 2390 3124 2444 pro
3150 2376 3614 2449 laudeaccipitur,
3652 2392 3712 2436 ut
3739 2384 3992 2452 frequen-

2416 2468 2499 2513 ter
2521 2459 2573 2512 in
2604 2459 2856 2527 Psalmis,
2887 2474 2940 2519 et
2964 2465 3017 2519 in
3061 2465 3350 2539 Evangelio
3383 2469 3559 2541 (Psal.
3591 2488 3681 2538 cs,
3718 2474 3772 2538 ις
3804 2475 3991 2529 Matth.

2416 2565 2492 2613 Il,
2522 2550 2611 2621 ‘25)
2636 2570 2647 2604 :
2678 2552 2975 2622 Con/itabat-
3001 2559 3111 2623 tibi,
3139 2558 3382 2622 Domine,
3411 2574 3563 2630 pater
3598 2565 3718 2618 atrii
3747 2580 3797 2619 et
3822 2579 3990 2631 terra,

2417 2639 2466 2690 id
2495 2651 2598 2701 est,
2628 2644 2832 2709 gratias
2869 2660 2969 2715 ago
2994 2646 3111 2708 tibi.
3144 2649 3259 2703 sive
3287 2649 3535 2718 gloritico
3569 2661 3643 2706 te.

2491 2732 2646 2802 (Cap.
2676 2734 2847 2790 XXX.
2891 2738 3120 2794 —Vers.
3151 2740 3183 2794 5
3207 2750 3259 2796 et
3289 2742 3366 2810 ὓ.)
3408 2764 3426 2795 ι
3457 2743 3521 2796 Et
3556 2750 3814 2816 concepit
3849 2750 3989 2813 Bala,

2414 2831 2468 2876 et
2496 2825 2707 2892 peperit
2742 2827 2912 2889 Jaqob
2940 2826 3110 2882 lilium
3144 2848 3157 2884 :
3191 2838 3244 2885 et
3270 2830 3413 2886 dixit
3446 2833 3648 2890 Rachel
3681 2838 3988 2895 :Jndicavit

2416 2928 2501 2968 me
2548 2915 2831 2982 Dominus,
2865 2928 2918 2971 et
2948 2921 3226 2975 exaudivit
3261 2937 3449 2978 vocem
3491 2942 3690 2989 meam,
3730 2938 3785 2984 et
3841 2933 3987 2988 dedit

2416 3004 2547 3058 mihi
2576 3005 2740 3060 lilium
2774 3025 2787 3061 :
2831 3020 3118 3079 propterea
3156 3014 3374 3067 voravit
3408 3030 3607 3070 nomen
3635 3021 3757 3087 ejus
3785 3022 3921 3078 Itan.
3966 3046 3982 3075 ι

2414 3092 2651 3148 Causam
2682 3097 2917 3152 nominis
2952 3102 3222 3167 expressit
3243 3142 3256 3165 ,
3284 3113 3344 3156 ut
3386 3105 3539 3159 abeo
3566 3111 3710 3175 quod
3744 3110 3987 3178 judicas-

2332 3183 2490 3243 Cset
2543 3204 2600 3243 se
2666 3188 2970 3253 Dominus,
3030 3191 3139 3244 tilio
3209 3194 3423 3248 ancilla:
3458 3236 3471 3257 ,
3524 3197 3720 3265 judicii
3792 3216 3986 3256 nomen

2410 3278 2713 3347 imponeret
2770 3298 2785 3334 :

2407 3374 2569 3425 cium.

2846 3279 2951 3335 Dm
2990 3283 3088 3367 (rt)
3135 3284 3337 3353 quippe
3394 3285 3792 3357 interpretatur
3842 3292 3983 3360 judi-

2480 3504 2637 3559 V’ers.
2672 3506 2702 3557 7
2744 3517 2797 3559 et
2829 3505 2906 3568 8.)
2937 3526 2960 3560 ι
3016 3505 3081 3562 Et
3112 3511 3363 3581 concepit
3425 3513 3607 3570 adhuc
3640 3558 3654 3581 ,
3683 3527 3740 3571 et
3771 3523 3976 3587 peperit

2408 3598 2531 3652 Bala
2562 3598 2756 3651 ancilla
2809 3599 3013 3655 Rachel
3068 3602 3237 3657 lilium
3296 3606 3601 3661 secundum
3656 3605 3880 3675 Iacob;
3929 3621 3979 3665 et

2406 3693 2546 3745 dixit
2578 3692 2784 3746 Rachel
2827 3709 2840 3746 :
2872 3694 3130 3749 Habitare
3164 3695 3291 3750 fecit
3339 3713 3427 3752 me
3470 3697 3615 3754 Deus
3651 3701 3983 3757 habitatione

2408 3798 2530 3837 cum
2567 3799 2758 3839 sorore
2817 3799 2962 3851 mea,
2991 3794 3047 3840 et
3110 3787 3313 3841 invalui
3353 3807 3368 3843 :
3404 3799 3458 3845 et
3509 3794 3731 3846 vocavit
3788 3810 3979 3849 nomen

2406 3874 2525 3942 ejus
2574 3873 2941 3943 Nephthalim.
3005 3892 3025 3927 ι
3089 3875 3269 3931 Causa
3331 3881 3567 3935 nominis
3621 3881 3978 3949 Nephtltalim,

2407 3966 2511 4018 alia
2547 3965 2635 4021 hic
2666 3966 2836 4021 multo
2868 3968 3197 4036 exponitur.
3230 3985 3394 4038 quam
3426 3973 3492 4025 in
3545 3975 3685 4029 libro
3734 3977 3980 4033 Hebreu-

2410 4072 2530 4109 rum
2593 4056 2884 4111 Nominum
2941 4061 3146 4128 scripta
3208 4073 3314 4117 est.
3344 4062 3498 4119 Unde
3524 4076 3579 4120 et
3623 4069 3823 4137 Aquila
3884 4074 3975 4133 ait,

2408 4147 2846 4216 συνανέστρεψέν
2901 4166 2969 4217 με
3003 4150 3030 4200 ὁ
3072 4150 3205 4212 Θεὸς
3237 4192 3251 4213 ,
3307 4154 3403 4206 καὶ
3454 4162 3907 4233 συνανεστρὰφην
3936 4163 3975 4227 ‘,

2407 4264 2609 4337 vitn:_is,
2644 4262 2739 4337 illa
2769 4264 2909 4337 enim
2937 4262 3083 4315 Luza
3111 4281 3233 4337 mox
3260 4268 3451 4322 diserte
3480 4272 3735 4337 appellat.

2484 4337 2503 4363 ¹
2538 4333 2692 4406 ln_ea
2720 4333 3109 4406 fuitnpinioue
3158 4336 3436 4402 Jnsephus
3470 4333 3765 4406 .littiquitt.
3821 4345 3911 4398 lih.
3938 4365 3973 4405 ι.

2407 4402 3010 4482 cap.“i9‘:Av.eiti)ouan;
3033 4404 3193 4474 alia]:
3232 4408 3547 4471 ἑπταετίας,
3576 4402 3675 4482 τήν
3717 4402 3977 4482 Ῥαχήλαν)

2409 4472 2755 4539 πλρέὶαόεντ
2792 4473 2970 4523 Altero
3013 4472 3224 4535 peracto
3282 4484 3574 4546 septennia,
3628 4472 3900 4539 Racltel'ent
3926 4489 3975 4539 in

2408 4545 2802 4595 matrimonium
2844 4546 3065 4608 accepit.

2476 4613 2495 4641 ³
2536 4612 2589 4664 ln
2638 4629 2747 4664 uno
2796 4614 3025 4690 Reginae
3051 4628 3150 4665 ms.
3184 4614 3295 4690 lia-c
3322 4622 3615 4685 apponitur
3649 4622 3973 4690 epigraplte:

2408 4679 2635 4734 Nomina
2666 4683 3092 4748 patriarcharum
3126 4699 3239 4756 cum
3274 4679 3798 4752 interpretationibus
3831 4679 3970 4756 jahn.

2474 4754 2492 4781 ⁸
2524 4753 2713 4828 idem“
2753 4766 2854 4804 ms.
2937 4766 3062 4805 cum
3110 4754 3232 4807 aliis
3287 4770 3523 4825 quatuor
3560 4775 3723 4828 penes
3760 4753 3973 4818 Martia-

2400 4837 2600 4881 meum,
2628 4821 2830 4875 Ellare.

2469 4922 2539 4933 —
2567 4890 2615 4945 Η
2625 4894 2831 4945 ebraice
2870 4892 3097 4959 dicitur,
3129 4895 3303 4949 illane.
3328 4895 3574 4963 Quatuor
3601 4915 3738 4956 mss.
3765 4905 3972 4959 codices

2398 4960 2562 5015 ellare
2590 4976 2921 5038 posuerunt;
2958 4966 3050 5017 sed
3086 4960 3440 5038 iirequetiter
3491 4969 3545 5021 in
3576 4986 3603 5022 e
3652 4976 3795 5038 apud
3833 4987 3970 5029 vetc-

2400 5048 2492 5084 res
2531 5032 2902 5100 exseriplores
2933 5044 3200 5087 mutatum
3229 5032 3512 5091 novimus.
3561 5032 3837 5095 Msa-riu.

2474 5103 2494 5132 ⁸
2519 5105 2695 5178 Atque
2714 5108 2849 5155 adeo
2868 5102 3142 5178 dosepltus
3167 5107 3285 5178 loco
3304 5121 3464 5174 supra
3487 5109 3729 5175 laudato,
3756 5113 3968 5178 Ἰούδας,

2402 5172 2756 5251 εὐχαριστίαν
2797 5172 2956 5224 τοῦτο
2980 5173 3147 5241 δηλοῖ.
3178 5173 3345 5241 Juda,
3370 5172 3508 5244 quod
3539 5172 3730 5233 nomen
3778 5172 3971 5251 gratia;

2401 5257 2461 5294 ru
2471 5258 2517 5293 in
2550 5244 2754 5294 actione
2767 5259 2813 5293 nt
2846 5253 3019 5294 sonat.

2479 5312 2499 5342 ⁸
2530 5314 2845 5379 Cupulativa
2874 5313 2965 5363 καὶ
2993 5314 3259 5380 particula
3288 5331 3462 5377 neque
3501 5319 3556 5372 in
3615 5322 3729 5374 ullo
3778 5339 3806 5376 e
3844 5340 3965 5379 mss.

2400 5387 2607 5459 nostris
2635 5383 3101 5459 habetur,_t_teque
3132 5400 3188 5437 re
3218 5386 3330 5452 ipsa
3358 5385 3633 5443 Hebraico
3660 5395 3963 5459 respondet.

2402 5452 2459 5527 In
2487 5451 2687 5527 iisdem
2747 5468 2876 5504 mss.
2903 5450 3167 5507 llebraica
3200 5450 3319 5523 qua:
3359 5450 3780 5527 subsequnntur
3808 5468 3958 5519 verba

2402 5522 2607 5575 (ἐκθεὶς
2656 5523 2853 5575 litteris
2906 5522 3228 5578 exarantur.
3261 5527 3401 5600 Mox
3470 5522 3614 5581 unus
3648 5528 3843 5600 Regio.
3869 5549 3959 5587 tus.

2402 5596 2848 5672 conversationem
2892 5608 2991 5672 pro
3037 5599 3367 5672 conrersione
3399 5601 3627 5665 prml'ert
3652 5596 3880 5672 utroque
3914 5606 3959 5657 in

2406 5664 2543 5743 loco,
2567 5663 3029 5742 quemadmodum
3054 5677 3109 5719 et
3143 5663 3411 5721 Erasmus
3429 5663 3957 5743 etposueratfqumn

2408 5728 2679 5786 Victorius
2707 5732 2975 5801 castigat.l
