4216 6352
216 358 361 419 1033

1210 373 1443 433 LIBER
1486 363 1718 437 HEBII.
1770 376 2036 445 ΟΗᾹίΞΤ
2105 377 2187 437 IN
2225 375 2496 438 GENES.

3377 380 3521 450 1054

202 477 374 531 fuerit
397 475 605 536 JaCnb.
649 485 805 538 IIaric
842 501 978 552 rem,
1010 501 1079 541 ne
1110 489 1193 543 cui
1232 488 1485 543 videnlur
1513 490 1813 545 adversum
1851 498 1892 549 Α
1926 495 2033 561 ptri
2057 492 2281 564 Josepli,
2306 494 2450 563 quod
2480 493 2728 548 videlicet
2754 495 3036 549 honoratis
3057 494 3248 557 filium,
3274 508 3517 565 potesta-

200 569 520 639 Scripiurie
554 577 950 632 auctoritatem
1001 578 1172 648 loqui,
1223 581 1389 635 etiam
1451 582 1812 650 Septuaginta

202 662 556 733 Iiiterpretes
578 668 636 722 in
664 668 1182 739 Deuteronomio(x,
1212 674 1304 743 22)
1332 675 1739 731 transtulerunt
1764 678 1806 741 ¹,

200 760 354 823 quod
400 760 460 813 in
496 764 850 833 septuaginta
884 766 1175 822 animabus
1228 768 1511 837 ingressus
1542 770 1615 823 sit
1639 768 1812 825 Jacob

201 851 317 925 [ΑΙ.
373 855 587 929 Israel]
640 858 698 912 in
749 858 1067 930 Egyptum.
1109 861 1165 914 Si
1222 861 1348 929 quis
1390 860 1554 929 igitur
1608 870 1810 917 nostris

199 949 512 1003 sententia:
550 941 889 1019 refragatur,
920 951 1258 1022 Scripturain
1293 953 1437 1008 inter
1482 967 1542 1009 se
1585 964 1807 1009 contra-

199 1044 350 1097 riam
388 1044 593 1100 faciet.
621 1045 732 1117 Ipsi
768 1046 913 1101 enim
946 1046 1299 1117 Septuaginta
1337 1048 1687 1116 Interpretes,
1718 1048 1809 1116 qui

203 1136 301 1191 hic
325 1139 696 1209 septuaginta
725 1141 967 1210 quinque
991 1141 1203 1193 animas
1234 1155 1331 1210 per
1357 1141 1656 1212 πρόληψιν,
1684 1158 1809 1197 cum

199 1228 450 1301 Jnsepb,
497 1242 556 1287 et
590 1234 830 1307 posteris
879 1233 996 1289 suis
1030 1232 1323 1305 Egyptuni
1362 1234 1638 1303 ingressas
1690 1252 1814 1292 esse

200 1324 510 1393 dixerunt,
548 1326 605 1380 in
640 1325 1070 1380 Deuteronomio
1105 1324 1449 1396 septuaginta
1486 1334 1698 1380 tantum
1731 1328 1815 1379 iii-

204 1426 400 1473 trasse
427 1430 815 1474 memorarunt
842 1418 949 1491 [ΑΙ.
972 1420 1230 1475 introisse
1254 1418 1609 1491 memorant].
1659 1420 1812 1486 Quod

208 1511 256 1563 si
291 1527 324 1565 e
351 1512 651 1566 conti-ario
669 1513 831 1567 nobis
857 1513 987 1567 illud
1024 1512 1337 1581 opponitur,
1360 1515 1633 1581 quomodo
1648 1513 1808 1583 371

210 1603 266 1657 in
312 1605 562 1659 Actibus
595 1604 969 1674 apostolorum
997 1606 1143 1674 (vn).
1177 1623 1231 1660 in
1252 1607 1515 1660 concione
1549 1606 1809 1676 Stephani

211 1696 450 1751 dicatur
477 1700 548 1752 ad
580 1700 865 1768 populum,
904 1701 1245 1767 septuaginta
1279 1700 1521 1769 quinque
1552 1706 1572 1735 ⁸
1599 1701 1812 1757 animas

212 1790 522 1859 ingressas
549 1808 675 1847 esse
698 1791 988 1863 Egyptum
1020 1809 1034 1858 ;
1057 1792 1230 1846 facilis
1254 1796 1538 1848 excusatio
1561 1802 1665 1850 est.
1695 1794 1808 1847 Non

1925 594 2033 639 tem
2068 588 2186 654 ejus
2234 588 2568 651 adoraverit,
2605 604 2730 642 cum
2766 589 2818 642 in
2877 590 3108 666 Hebraeo
3146 591 3321 643 multo
3354 594 3518 648 aliter

1924 681 2136 745 legatur
2172 699 2186 736 :
2223 701 2240 733 ι
2272 682 2340 737 Et
2366 681 2638 745 adoravit,
2690 681 2890 749 inquit.
2924 682 3086 737 Israel
3117 682 3183 736 ad
3231 693 3397 752 caput
3438 686 3518 740 le-

1923 774 2059 831 ctuli
2097 793 2109 841 ;
2150 792 2169 826 ι
2204 780 2347 843 quod
2380 775 2610 842 scilicet,
2634 784 2925 844 postquam
2964 776 3010 829 ei
3046 778 3327 841 iuraverat
3367 777 3513 831 filius

1922 884 2151 924 securus
2192 870 2257 923 de
2287 871 2570 936 petitione,
2623 885 2787 939 quam
2825 882 3134 938 rogaverat,
3190 872 3512 935 adoraverit

1928 963 2095 1015 Deum
2126 973 2320 1016 contra
2351 971 2516 1030 caput
2550 963 2734 1017 lectuli
2773 963 2880 1017 sui.
2919 960 3167 1018 Sanctus
3229 966 3431 1034 quippe
3461 981 3517 1021 et

1927 1052 2036 1107 Deo
2067 1055 2286 1108 deditus
2316 1056 2401 1108 vir
2430 1055 2475 1119 ⁵,
2512 1069 2811 1122 oppressus
2836 1065 3144 1116 senectute,
3166 1057 3245 1111 sic
3278 1060 3514 1119 habebat,

1926 1144 2183 1199 lectulum
2231 1148 2492 1214 positum.
2541 1148 2706 1219 372
2740 1159 2797 1202 ut
2837 1150 2950 1220 ipse
2998 1152 3236 1219 jacentis
3289 1155 3513 1215 habitus

1923 1240 2133 1307 absque
2169 1240 2279 1293 ulla
2338 1240 2657 1296 dillicultate
2687 1244 2756 1296 ad
2786 1244 3095 1300 orationem
3146 1255 3297 1303 esset
3349 1265 3509 1318 para-

1924 1337 2035 1383 tus.

1995 1423 2150 1491 (Cap.
2190 1423 2429 1479 XLVIII.
2466 1427 2715 1484 —Vers.
2756 1430 2860 1500 1.)
2911 1430 3010 1485 «Et
3065 1435 3372 1489 nuntiatum
3423 1446 3510 1491 est

1922 1514 2145 1586 Josepb,
2186 1519 2329 1574 Ecce
2364 1528 2519 1588 pater
2553 1531 2682 1575 tuus
2713 1533 2939 1591 aagrotat
2980 1545 2993 1580 :
3030 1535 3084 1581 et
3116 1527 3239 1579 tulit
3271 1530 3409 1594 duos
3444 1531 3509 1583 li-

1923 1610 2025 1666 lios
2057 1626 2265 1676 secum,
2299 1613 2595 1669 Manassen
2639 1625 2694 1669 et
2732 1616 3010 1684 liphraim.
3053 1637 3072 1671 ι
3113 1620 3175 1673 Et
3206 1636 3269 1674 ex
3302 1622 3403 1676 hoc
3440 1623 3503 1674 il-

1919 1702 2010 1756 lud
2044 1706 2187 1769 quod
2215 1721 2380 1775 supra
2403 1708 2667 1770 diximus,
2690 1708 3119 1777 demonstratur,
3142 1713 3270 1782 quia
3297 1713 3500 1781 Joseph

1921 1793 1987 1847 ad
2046 1793 2096 1846 id
2161 1795 2406 1849 locorqu
2461 1797 2481 1827 °
2545 1798 2685 1856 duos
2752 1809 2960 1854 tantum
3022 1801 3161 1857 filios
3221 1805 3499 1869 habuerit,

211 1887 371 1939 enim
412 1887 610 1941 debuit
664 1862 890 1943 sanctus
940 1887 1140 1952 Lucas,
1194 1887 1287 1955 qui
1346 1888 1517 1956 ipsius
1569 1888 1811 1943 historiae
1846 1862 1887 1919 Β
1918 1884 2175 1955 Ephraim
2212 1898 2265 1941 et
2297 1887 2603 1943 Manassen.
2632 1892 2689 1945 Si
2730 1893 2874 1946 eniin
2912 1902 3035 1962 post
3067 1894 3268 1949 multos
3298 1912 3499 1959 annos,

212 1979 478 2046 scriptor
515 1988 624 2043 est,
649 1980 705 2033 in
744 1969 935 2049 gentes
963 1978 1201 2033 Aetnnm
1251 1980 1621 2045 apostolorum
1654 1981 1809 2033 volu-

211 2086 347 2124 men
380 2074 675 2132 eminens.
709 2074 1049 2128 contrarium
1085 2072 1291 2139 aliquid
1337 2073 1579 2126 scribere
1620 2072 1812 2127 adver-

211 2181 314 2220 sus
344 2180 478 2218 eam
513 2165 885 2235 Scripturam,
918 2180 1040 2233 quae
1076 2165 1186 2233 jam
1222 2164 1400 2218 fuerat
1429 2166 1686 2232 gentibus
1728 2167 1811 2220 di-

206 2260 475 2328 vulgata.
519 2259 584 2311 Et
634 2259 822 2327 utique
858 2258 1082 2327 majoris
1110 2258 1387 2326 opinionis
1417 2260 1508 2313 illn
1549 2259 1812 2313 duntaxat
1846 2305 1851 2309 .

214 2359 481 2420 tempore
503 2351 541 2407 S
582 2353 867 2422 pt'uaginia
894 2351 1259 2422 Interpretnm
1288 2355 1590 2407 habebatur
1617 2362 1810 2407 aucto-

215 2446 390 2508 ritas,
435 2460 601 2513 qiiam
662 2446 845 2508 Lucae,
883 2444 974 2513 qui
1013 2444 1253 2514 ignotus.
1300 2456 1353 2498 et
1403 2446 1549 2506 vilis,
1594 2455 1648 2499 et
1699 2461 1806 2499 non

220 2554 448 2608 magnae
486 2538 609 2592 ﬁdei
649 2539 699 2591 in
736 2537 1054 2593 nationibus
1096 2537 1210 2609 [AL
1252 2537 1533 2610 gentibus]
1565 2539 1808 2594 duceba-

221 2640 339 2685 tur.
402 2632 515 2686 lloc
568 2641 752 2686 autem
802 2633 1135 2703 generaliter
1187 2632 1612 2696 observandum,
1664 2632 1810 2702 quod

219 2723 551 2795 ubicunque
597 2727 771 2781 sancti
815 2727 1073 2796 apostoli,
1122 2734 1217 2780 aut
1250 2728 1533 2793 apostolici
1592 2728 1692 2781 viri
1734 2727 1812 2779 lo-

216 2824 476 2883 quuntur
527 2816 600 2871 ad.
643 2818 898 2886 populos,
947 2818 1034 2872 his
1093 2817 1419 2887 plerumque
1473 2818 1809 2873 testimoniis

218 2910 559 2971 abutuntur,
584 2925 704 2978 quae
730 2912 835 2981 iam
871 2910 1085 2965 fuerant
1114 2912 1166 2964 in
1200 2912 1456 2981 gentibus
1481 2912 1753 2980 divulgata
1792 2929 1807 2969 :

221 3004 356 3059 licet
392 3005 640 3073 plerique
666 3005 885 3059 tradant
914 3004 1116 3060 Lucam
1146 3006 1561 3074 evangelistam,
1595 3015 1655 3060 ut
1687 3022 1810 3075 pro-

219 3098 492 3168 selytum,
523 3095 781 3151 Hehrzeas
833 3097 1049 3151 litteras
1082 3095 1102 3127 ³
1148 3096 1450 3165 ignorasse.

1917 1979 2186 2034 moriente
2217 1978 2387 2035 Jacob
2422 1991 2578 2049 patre
2607 1997 2733 2044 suo,
2771 1984 2911 2038 duos
2943 1988 3327 2040 tantummodo
3358 1988 3501 2042 ﬁlios

1914 2071 2076 2125 duxit
2109 2072 2175 2127 ad
2213 2075 2679 2139 benedictionem,
2712 2077 2901 2143 utique
2938 2078 3034 2131 illo
3080 2088 3344 2148 tempore,
3373 2096 3499 2135 cum

1917 2164 2010 2219 lilii
2044 2165 2162 2235 ejus
2217 2182 2480 2237 generare
2523 2183 2627 2223 non
2660 2171 2954 2237 quiverant
2993 2171 3036 2236 ⁷,
3073 2174 3280 2239 parvuli
3330 2182 3497 2243 atque

1913 2250 2199 2321 lactentes,
2244 2260 2298 2313 in
2330 2260 2578 2331 ingressu
2617 2263 2789 2329 patris
2852 2271 2907 2317 et
2940 2263 3168 2319 fratrum
3202 2265 3241 2329 ⁸,
3272 2278 3498 2334 nepotes

1914 2367 1978 2405 ex
2022 2353 2103 2406 eis
2135 2354 2339 2410 habere
2382 2372 2490 2408 non
2542 2358 2743 2425 potuit.

1987 2443 2164 2514 (Vers.
2202 2448 2260 2502 Ξ.
2293 2449 2311 2517 )
2348 2466 2367 2499 ‹
2403 2450 2466 2504 Ει
2500 2453 2846 2507 confortatus
2900 2453 3093 2519 Israel,
3149 2455 3291 2510 sedit
3326 2471 3493 2525 super

1915 2540 2199 2594 lectulum.
2244 2561 2261 2593 ι
2314 2542 2515 2605 Causa,
2571 2561 2673 2600 cur
2733 2546 3090 2617 Septuaginta
3156 2551 3492 2616 Inlerpretcs

1916 2630 2061 2685 idem
2106 2633 2334 2687 verbum
2367 2636 2528 2689 aliter
2556 2649 2721 2704 atque
2752 2640 2915 2694 aliter
2940 2640 3232 2707 ediderint,
3269 2644 3491 2703 nescio;
3553 2652 3556 2654 ‘

1914 2722 2016 2778 hoc
2047 2738 2215 2777 unum
2249 2726 2512 2781 audacter
2534 2728 2677 2791 ilico,
2699 2732 2843 2799 quod
2877 2732 3053 2800 ipsum
3083 2732 3309 2786 verbum
3336 2733 3490 2789 Merit

1908 2827 2066 2879 7.1373.
2126 2820 2271 2886 quod
2319 2822 2408 2874 hic
2443 2823 2495 2875 in
2554 2824 2804 2877 lectulum
2846 2826 3280 2889 transtulerunt,
3320 2844 3487 2895 supra

1911 2908 2002 2961 ubi
2034 2909 2301 2973 diximus.
2340 2913 2603 2969 adorasse
2627 2914 2819 2980 Jaeoli,
2860 2918 3060 2986 virgam
3087 2918 3290 2985 potius,
3315 2936 3482 2989 quam

1913 2997 2165 3051 lectulum
2198 3002 2640 3059 nominaverunt.

1991 3088 2176 3155 (Vers.
2207 3092 2261 3147 5.
2294 3092 2311 3161 )
2353 3112 2370 3142 i
2403 3092 2466 3145 Et
2503 3110 2651 3147 nunc
2683 3109 2809 3148 ecce
2841 3095 2949 3149 duo
2992 3096 3085 3151 lilii
3121 3100 3221 3160 tui,
3253 3100 3345 3166 qui
3378 3101 3488 3156 nati

298 3188 489 3258 (γεγε.
532 3188 651 3252 28.)
697 3206 717 3240 ί
752 3186 950 3241 Judam
992 3203 1119 3242 vero
1156 3188 1305 3242 misit
1347 3199 1472 3243 ante
1516 3205 1573 3245 se
1608 3193 1674 3243 ad
1713 3188 1807 3243 Jo-
1837 3209 1879 3266 ο
1915 3194 2046 3239 sunt
2075 3184 2171 3237 tibi
2201 3184 2257 3237 in
2294 3192 2439 3237 terra
2476 3184 2715 3255 Egypti,
2748 3200 3039 3256 antequam
3064 3191 3306 3244 venirem
3338 3195 3403 3244 ad
3436 3200 3488 3247 te

224 3286 387 3351 seph.
422 3289 484 3337 ut
507 3290 834 3338 occurreret
859 3282 907 3335 ei
933 3282 997 3335 ad
1026 3282 1212 3336 urbem
1247 3282 1481 3337 IIeroum
1516 3284 1569 3337 in
1606 3293 1807 3337 terram

224 3376 518 3431 Ramesse.
574 3394 595 3427 ι
630 3374 685 3428 In
721 3374 949 3428 chmo
980 3390 1079 3430 nec
1116 3376 1304 3430 urbem
1337 3375 1500 3430 habet
1546 3375 1805 3441 IIeroum,

227 3487 333 3527 nec
363 3483 565 3526 terram
596 3471 877 3531 Ramesse,
907 3468 998 3520 sed
1027 3470 1412 3523 tantummodo
1436 3468 1635 3523 Gesen.
1662 3468 1808 3521 Non-

228 3565 365 3619 nulli
397 3563 708 3618 Iudaeorum
743 3562 1072 3621 asserunt‘.
1097 3562 1274 3618 Gesen
1301 3578 1446 3616 nunc
1470 3560 1801 3614 Thebaidem

227 3658 438 3712 vocari.
479 3656 540 3710 Et
574 3655 624 3709 id
676 3654 823 3724 quod
866 3662 1052 3724 postea
1103 3655 1348 3724 sequitur
1387 3670 1399 3707 :
1439 3673 1456 3705 ι
1512 3652 1670 3707 Dedit
1700 3653 1802 3716 eis,

229 3762 293 3804 ut
340 3748 532 3821 poss‘d
572 3760 692 3803 rent
728 3747 947 3818 Egypti
984 3747 1095 3820 [ΑΙ.
1130 3748 1180 3800 in
1230 3746 1488 3821 IEgypto]
1540 3746 1801 3815 Optimam

228 3857 433 3898 terram
465 3844 520 3896 in
551 3844 834 3905 Ramesse,
877 3860 894 3892 i
948 3858 1143 3911 pagum
1177 3841 1523 3896 Arsenoitem
1560 3840 1639 3893 sic
1672 3838 1799 3891 olim

228 3947 485 3991 VO'atnm
511 3943 823 3987 autumant.

300 4032 455 4097 (Cap.
490 4026 793 4081 XLVII.—
824 4025 976 4081 Vet's.
1031 4027 1118 4080 5i.
1157 4025 1176 4095 )
1228 4046 1247 4077 ‹
1284 4025 1350 4079 Et
1387 4025 1524 4078 dixit
1558 4025 1631 4090 ei,
1670 4022 1802 4079 Jura

232 4123 389 4177 mihi.
428 4124 494 4177 Et
521 4122 726 4190 juravit
751 4120 797 4172 ei
834 4131 928 4174 :et
960 4121 1208 4175 adoravit
1244 4120 1409 4174 Israel
1435 4130 1624 4174 contra
1650 4136 1802 4173 sum-

229 4216 477 4267 mitatem
539 4214 703 4280 virgae
753 4212 892 4281 ejus.
934 4229 950 4260 i
990 4212 1057 4264 Et
1115 4212 1168 4264 in
1234 4211 1338 4265 hoc
1398 4213 1518 4265 loco
1578 4213 1796 4278 quidam

232 4310 435 4362 frustra
463 4305 724 4359 simulant
745 4303 1002 4357 adorasse
1052 4300 1222 4357 Jacob
1258 4303 1630 4357 summitatem
1676 4318 1797 4357 sce-

298 4446 311 4477 ¹
353 4442 511 4495 Nunc
544 4442 597 4491 in
638 4453 745 4491 uno
780 4437 1024 4488 Romano
1060 4435 1356 4500 cvemplari
1422 4435 1495 4486 ita
1552 4437 1799 4491 invenire

226 4526 329 4577 est,
366 4510 827 4576 quemadmodum
874 4510 924 4559 in
958 4521 1058 4560 suo
1096 4505 1459 4576 IlierOnymus
1505 4506 1654 4576 legit,
1717 4524 1800 4560 se-

227 4587 509 4653 ptuaginta
533 4583 746 4633 animo).

296 4660 315 4688 θ
360 4646 441 4707 Eo
476 4654 643 4709 igitur
667 4664 830 4702 sensu
865 4648 916 4697 in
951 4646 1098 4698 Actis
1131 4646 1797 4715 refnrunturseptuaginta

227 4730 473 4796 quinque.
505 4739 614 4789 quo
645 4734 809 4786 penes
841 4718 989 4796 ipsos
1014 4715 1147 4796 LX:\'
1181 4717 1230 4796 id
1260 4725 1361 4795 est.
1391 4731 1482 4778 per
1504 4718 1794 4784 πρόληψιν.

302 4799 322 4828 ³
364 4788 601 4848 Tantum
634 4804 762 4841 vero
804 4790 978 4849 abest,
1015 4796 1071 4838 ut
1108 4788 1161 4837 in
1202 4788 1299 4837 hac
1340 4789 1452 4853 ipse
1489 4798 1798 4840 versaretur

229 4867 500 4934 opinione
539 4864 927 4934 llieronymus,
964 4867 1019 4908 ut
1060 4871 1089 4909 c
1134 4861 1423 4934 contrario
1450 4868 1570 4925 post
1603 4874 1792 4934 vernn.

234 4925 418 4990 culum
460 4932 746 4985 Hebraeum
774 4942 1105 4990 sermonem,
1124 4942 1283 4991 queui
1322 4927 1373 4979 in
1404 4925 1548 4979 Luca
1576 4928 1641 4980 ab
1665 4928 1797 4989 ipsis

236 5004 569 5060 ineiinabilis
625 4998 906 5066 snppuuit.
960 4997 1051 5048 lib.
1108 4998 1170 5048 de
1220 4994 1574 5062 Scriptoribns
1595 4999 1795 5052 Eccles.

235 5092 354 5145 cap.
392 5090 487 5134 vii,
522 5087 643 5125 cum
680 5065 845 5127 dii-at,
876 5065 1047 5145 Caeci
1096 5070 1369 5145 sermonis,
1403 5082 1565 5145 quem
1602 5083 1796 5145 nempe

235 5134 418 5199 mimo
454 5140 814 5204 comparavit,
844 5153 945 5188 non
976 5136 1242 5201 ignarum.
1278 5134 1384 5188 Nec
1412 5134 1793 5197 dubitandum,

235 5215 484 5269 Juilirum
523 5212 633 5279 jam
683 5210 833 5279 illum
892 5206 1191 5279 exstitisse,
1231 5216 1523 5279 antequam
1575 5206 1796 5279 Chi-isto

239 5301 436 5338 nomen
470 5274 647 5343 claret,
696 5278 929 5329 maxime
958 5277 1002 5327 si
1040 5274 1196 5326 tiili-in
1247 5275 1507 5328 adhibeas
1554 5276 1795 5343 antiquis

238 5354 579 5410 auctoribus.
631 5349 847 5416 Origeni
900 5347 1039 5416 sive;
1071 5345 1394 5397 A-Iamantio
1472 5347 1689 5398 cuidam
1741 5347 1795 5399 in

241 5425 480 5490 Dialogis
504 5414 761 5473 adversus
788 5414 1152 5490 Marciauitas,
1174 5426 1227 5490 et
1262 5416 1563 5490 Epiphanio
1590 5416 1792 5490 Haeres.

236 5512 307 5558 L‘,
329 5499 347 5547 1
369 5484 418 5556 I,
436 5496 528 5561 qui
554 5505 678 5546 eum
697 5503 725 5541 e
748 5501 977 5561 numero
998 5484 1139 5561 LXX
1162 5486 1551 5561 discipulorum
1574 5488 1797 5561 tradunt

238 5554 534 5619 ex'stitisle.
569 5561 835 5613 Praetereo
886 5554 1234 5608 Heliraiszuos
1277 5554 1329 5607 in
1388 5556 1505 5623 ejus
1557 5559 1792 5623 scriptis,

240 5654 345 5687 non
376 5629 789 5688 contemnenda:
835 5625 1161 5679 eruditionis
1186 5626 1499 5679 hominibus
1533 5627 1794 5680 observa-

238 5714 321 5759 l08
330 5745 341 5757 .

314 5779 333 5806 ⁸
378 5773 633 5833 lusisset,
668 5769 933 5822 somniant
967 5781 985 5819 :
1034 5763 1285 5818 homines
1318 5766 1658 5833 geographia:
1691 5766 1791 5817 iiii-

242 5846 580 5913 peiitissiuii.
646 5839 811 5908 [legio
835 5836 1038 5891 Ccsscn
1067 5839 1249 5889 eadem
1278 5848 1363 5889 est
1388 5853 1449 5892 ac
1504 5847 1643 5891 terra
1683 5838 1788 5887 Ita.

1912 3280 1964 3332 in
1999 3277 2253 3349 Egypto,
2297 3279 2398 3332 niei
2428 3290 2576 3341 sunt,
2609 3279 2869 3348 Ephraiin
2898 3336 2902 3343 ,
2935 3293 2987 3335 et
3022 3281 3273 3339 Manasse
3323 3286 3483 3354 quasi

1912 3371 2099 3426 Ruben
2154 3382 2208 3427 et
2242 3373 2398 3439 quasi
2437 3371 2656 3427 Simeon
2689 3384 2853 3429 erunt
2898 3378 3055 3432 mihi.
3108 3379 3255 3444 Quos
3302 3390 3483 3433 autem

1910 3464 2261 3533 generaveris
2310 3473 2433 3532 post
2466 3464 2603 3527 lia‘c,
2639 3466 2716 3518 tui
2773 3477 2957 3520 erunt.
2994 3468 3051 3521 In
3100 3470 3321 3523 nomine
3374 3469 3486 3527 fra-

1909 3564 2049 3609 trum
2080 3557 2099 3587 ⁹
2139 3572 2362 3611 suorum
2417 3558 2783 3612 vocabuntur.
2842 3578 2860 3610 ι
2901 3558 2957 3613 Si
2994 3560 3117 3629 quis
3151 3562 3481 3631 ambigebat,

1908 3649 2050 3719 quod
2107 3650 2443 3719 septuaginta
2514 3652 2710 3706 animae
2784 3653 3106 3707 introissent
3158 3653 3477 3725 Egyptum,

1908 3739 2142 3794 filiorum
2197 3740 2387 3803 Israel,
2422 3742 2652 3809 etquod
2702 3739 2905 3807 Ioseph
2957 3758 3022 3796 eo
3068 3751 3335 3812 tempore,
3370 3760 3480 3813 quo

1907 3834 2191 3903 ingressus
2222 3844 2306 3888 est
2342 3832 2535 3895 Iacob,
2571 3849 2679 3888 non
2712 3850 2930 3902 novem,
2961 3837 3053 3891 sed
3094 3836 3233 3891 duos
3264 3846 3476 3891 tantum

1907 3931 2048 3984 filios
2084 3929 2356 3987 habuerit.
2385 3930 2635 3997 praesenti
2683 3929 2923 3997 capitqu
2970 3930 3353 3984 conlirniatur.
3393 3929 3479 3983 Si-

1905 4023 2123 4091 quidem
2179 4020 2293 4089 ipse
2344 4019 2513 4074 Jacob
2560 4020 2825 4089 loquitur,
2866 4022 3006 4075 duos
3038 4037 3162 4076 eum
3214 4023 3354 4075 lllios
3384 4022 3477 4076 ha-

1906 4114 2116 4173 buisse.
2172 4130 2275 4167 non
2319 4127 2537 4165 novem.
2576 4112 2726 4176 Quod
2756 4122 2932 4166 autem
2960 4113 3114 4177 dicit,
3150 4113 3403 4181 Eplirai'm
3429 4124 3478 4167 et

1908 4206 2163 4259 illanasse
2248 4206 2385 4257 sicut
2428 4203 2610 4256 Ruben
2639 4215 2687 4257 et
2724 4203 2937 4258 Simeon
2971 4214 3121 4259 erunt
3149 4206 3298 4268 milii,
3343 4206 3475 4259 illud

1903 4300 2193 4369 significat,
2224 4299 2364 4351 sicut
2395 4297 2585 4350 Ruben
2616 4305 2669 4351 et
2691 4296 2912 4351 Simeon
2945 4298 3063 4351 duae
3093 4298 3267 4353 tribus
3293 4308 3472 4362 erunt,

1906 4448 2136 4496 messes,
2174 4447 2238 4484 ex
2297 4446 2403 4495 qua
2454 4429 2676 4501 civitate
2710 4445 2813 4482 non
2840 4445 2906 4482 en
2939 4431 3146 4484 obtinet
3180 4450 3193 4485 :
3228 4432 3372 4501 quod
3408 4447 3473 4485 ex

1910 4502 2262 4568 subsequenti
2297 4516 2440 4564 i-ap.,
2464 4514 2611 4551 vers.
2650 4500 2736 4561 ll,
2775 4502 3122 4566 perspicuum
3156 4513 3258 4555 est.
3311 4503 3474 4557 Recte

1836 4549 1878 4605 ο
1909 4549 2440 4627 ἑὲίἓέἕήξιῖὶὶτίιῴὧίί
2480 4549 2615 4621 LXX
2654 4549 3259 4636 ὶιένὸξῖέιὶξῆιῖτὲὶιέδς,
3293 4549 3474 4625 Ριοῖεῖ

1911 4659 2047 4695 mare
2079 4642 2384 4705 Heropolis,
2408 4648 2523 4692 erat
2550 4640 2614 4691 ad
2639 4651 2940 4694 extremam
2965 4657 3114 4693 oram
3153 4642 3308 4694 sinus
3339 4642 3477 4695 Ara-

1902 4712 2033 4769 bici.
2067 4713 2155 4779 qui
2190 4725 2239 4763 et
2270 4712 2419 4762 sinus
2450 4709 2733 4779 Il_eropolis
2780 4711 3086 4763 dicebatur.

1977 4785 1997 4814 ⁸
2042 4776 2259 4851 Regium
2294 4795 2427 4832 iiiss.
2464 4776 2531 4851 Et
2570 4779 2675 4831 Deo
2716 4781 2940 4851 dilectus
2976 4782 3103 4834 vir:
3147 4790 3259 4833 tum
3306 4783 3470 4848 paulo

1906 4848 2158 4916 inferius,
2194 4856 2388 4919 absque
2440 4848 2549 4901 ullo
2611 4849 2979 4914 impedimento
3032 4851 3099 4902 ad
3154 4855 3467 4908 orationem.

1903 4936 2009 4983 etc.
2063 4924 2263 4977 Confer
2310 4923 2367 4975 ὃ.
2412 4920 2801 4990 AuguStiuum,
2832 4929 3020 4989 qua’st.
3056 4920 3181 4984 162,
3235 4923 3287 4975 iii
3327 4925 3472 4976 hunc

1904 4994 2037 5047 Gen.
2078 4997 2276 5047 IOititm.

1974 5066 1993 5095 ⁸
2034 5064 2212 5117 Malim
2248 5080 2311 5117 (ιχ
2348 5065 2643 5115 vetustiore
2680 5061 2899 5127 Reginae
2932 5077 3030 5116 ms.
3063 5062 3284 5131 corrigi,
3315 5064 3383 5114 ad
3414 5065 3467 5115 id

1902 5138 2167 5200 teinporis,
2206 5150 2301 5201 pro
2344 5134 2597 5186 locorum.
2637 5131 2708 5183 Ea
2766 5132 2909 5184 enim
2948 5130 3258 5201 lliei'onynii
3317 5150 3468 5187 meus

1899 5220 1999 5260 ρει.
2034 5215 2089 5256 ut
2126 5222 2186 5256 ex
2227 5214 2340 5257 toto
2379 5205 2623 5255 interiori
2674 5212 2936 5254 contexui
2976 5203 3172 5270 liquet.

1973 5276 1990 5305 ⁷
2030 5276 2373 5326 Martianxus
2398 5275 2746 5340 quiercrnnt:
2778 5270 3032 5342 fortassis
3060 5273 3462 5342 typothelarum

1901 5345 2052 5407 vitio,
2116 5344 2419 5409 cujusmodi
2493 5342 2754 5396 nonnulla
2813 5341 2920 5393 alia
2998 5341 3258 5411 superius
3314 5344 3463 5396 taciti

1897 5418 2273 5468 emendaturis.

1968 5486 1987 5517 ⁸
2027 5488 2171 5537 Ideni
2225 5484 2591 5546 Martianmus,
2633 5482 2696 5536 In
2731 5500 2943 5553 egressu
2987 5485 3178 5554 patris,
3215 5492 3345 5554 etc.,
3378 5498 3463 5536 re-

1898 5557 2195 5609 nuentibus
2233 5570 2365 5608 mss.
2416 5564 2577 5621 atque
2608 5554 2772 5607 editis
2804 5553 3250 5625 castigatinribus
3282 5553 3457 5618 libris,

1900 5627 2127 5694 ipsoque
2163 5624 2581 5692 Iliernnyiniano
2627 5636 2911 5680 contextu.
2956 5624 2965 5625 ί
3422 5636 3425 5639 ’

1969 5699 1987 5728 θ
2032 5696 2156 5747 Mss.
2192 5697 2298 5747 duo
2327 5710 2449 5747 cuin
2488 5694 2729 5765 Vulgata,
2756 5696 2818 5750 Et
2851 5697 3054 5750 nomine
3085 5694 3457 5763 fratrtim,etc.

1898 5768 2016 5823 Mox
2050 5767 2318 5830 λιθώδη,
2358 5766 2613 5832 ambigat.
