4216 6352
707 345 837 412 1071

1897 346 1959 409 S.
1989 346 2297 408 EUSEllll
2338 347 2775 411 lllEllONYMI

3825 351 3943 417 ΜΞ

702 464 1055 523 terrestribus
1081 462 1317 534 ingredi,
1351 469 1404 517 et
1439 457 1791 528 serpentibus
1817 460 1947 525 labi,
1989 461 2094 513 lico
2142 464 2244 514 arti
2310 473 2347 525 Α
2386 468 2540 527 ίειιιιι,
2578 466 2630 517 in
2664 464 2939 534 prioribus
2970 464 3185 520 saieu‘is
3220 480 3341 520 esse
3371 466 3485 535 jam
3547 466 3685 521 fac-ta
3722 488 3734 527 ;
3767 481 3817 524 et
3876 474 3945 528 lo-

704 564 802 617 ﬁce
835 574 1159 616 concessum
1198 565 1303 614 est.
1359 553 1494 609 fluic
1519 551 1651 624 quid
1685 554 1864 609 simile
1898 556 2183 608 sententiic
2222 566 2275 606 et

701 655 957 711 Comicus
987 656 1061 708 ait
1097 671 1109 708 :

765 768 895 819 Nihil
921 774 998 817 est
1019 766 1200 815 dictum
1222 778 1257 825 ι,
1283 765 1411 827 quod
1437 778 1530 813 non
1557 764 1619 813 sit
1641 765 1823 813 dictum
1861 767 2008 825 prius.

1403 828 1635 891 (Tenen.
1663 829 1710 875 in
1736 828 1935 891 Proiog.
1957 829 2215 887 Eunuchi.)

775 936 929 992 Unde
958 945 1255 1004 prarceptor
1290 946 1443 987 meus
1482 929 1746 998 Donatus,
1800 946 1922 984 cuin
1960 931 2126 985 istum
2165 949 2285 987 vcr-

706 1033 942 1087 siculutu
995 1038 1334 1100 eXponeret:
1383 1047 1401 1081 ι
1461 1027 1718 1092 Peream,
1780 1030 1976 1097 inquit,
2026 1030 2284 1098 quiante

708 1140 809 1180 nos
862 1134 1044 1180 nostra
1072 1124 1375 1179 dixerunt'.
1419 1142 1438 1175 ι
1501 1122 1658 1188 Quod
1710 1123 1755 1177 si
1820 1124 1873 1175 in
1934 1124 2285 1178 sermonibus

709 1220 847 1274 nihil
892 1234 1091 1273 novum
1132 1218 1237 1273 dici
1267 1225 1463 1288 potest,
1510 1224 1717 1284 quanto
1780 1218 1952 1283 magis
2009 1217 2061 1269 in
2109 1218 2284 1271 admi—

711 1315 1037 1370 nistratione
1071 1314 1277 1374 mundi,
1303 1325 1423 1381 qua:
1456 1310 1524 1365 ab
1559 1309 1711 1364 initio
1737 1310 1817 1363 sic
1846 1309 2004 1379 391
2048 1310 2285 1378 perfecta

708 1416 812 1468 est.
847 1416 903 1460 ut
935 1406 1301 1475 requiesceret
1362 1404 1508 1459 Deus
1549 1402 1618 1456 ab
1674 1404 1933 1472 operibus
1974 1404 2089 1457 suis
2117 1407 2169 1457 in
2201 1404 2291 1457 die

709 1500 970 1569 septima!
1020 1498 1146 1568 Legi
1183 1498 1239 1552 in
1292 1498 1528 1568 quodam
1581 1496 1726 1550 libro
1749 1496 1769 1526 ³
1798 1513 1810 1549 :
1839 1495 1895 1549 Si
1930 1511 2113 1560 omne,
2147 1494 2291 1565 quod

708 1596 812 1650 sub
844 1596 959 1649 sole
992 1594 1194 1649 factum
1230 1601 1313 1647 est
1343 1591 1446 1646 fuit
1487 1592 1538 1645 in
1568 1591 1857 1661 praeteritis
1880 1590 2099 1644 saeculis
2136 1599 2292 1643 ante—

706 1704 873 1757 quam
911 1689 1084 1749 ﬁeret.
1116 1697 1171 1743 et
1203 1688 1366 1741 homo
1402 1686 1512 1753 iam
1551 1687 1669 1740 sole
1704 1683 1924 1738 condito
1957 1682 2137 1739 factus
2167 1696 2250 1739 est
2278 1701 2290 1737 :

708 1778 814 1833 fuit
855 1793 986 1849 ergo
1019 1778 1201 1839 homo,
1262 1784 1552 1845 antequam
1610 1776 1714 1829 sub
1765 1774 1881 1829 sole
1913 1776 2068 1830 lieret
2092 1774 2135 1830 δε
2181 1775 2289 1829 Sed

710 1848 1022 1929 excluditur
1048 1871 1091 1937 '.
1120 1870 1267 1939 quod
1299 1870 1400 1924 hac
1442 1870 1670 1936 ratione,
1708 1876 1763 1923 et
1786 1868 2056 1937 jumenta,
2107 1876 2161 1922 et
2189 1884 2288 1922 cu-
2324 1848 2361 1901 Β

713 1966 870 2029 lices.
907 1974 961 2020 ct
992 1964 1201 2019 minuta
1232 1979 1479 2032 qumque,
1506 1973 1560 2017 et
1600 1978 1791 2033 magna
1853 1962 2112 2016 animalia
2168 1970 2292 2015 ante

712 2059 1031 2113 dicerentur
1088 2055 1297 2118 fuisse,-
1336 2070 1499 2124 quam
1534 2054 1756 2109 malum.
1809 2052 1925 2108 Nisi
1967 2053 2105 2108 forte
2160 2054 2292 2107 illud

712 2150 1064 2220 respondeat,
1097 2163 1165 2203 ex
1193 2147 1660 2217 consequentibus
1684 2146 1922 2210 ostendi,
1951 2159 2059 2199 non
2088 2146 2154 2198 de
2188 2160 2296 2201 cat-

716 2244 850 2298 tcris
884 2242 1240 2304 animalibus,
1293 2240 1388 2295 sed
1422 2240 1487 2294 de
1520 2240 1743 2293 homine
1776 2238 2129 2293 ECClCSiaSliB
2169 2255 2296 2295 esse

718 2351 1053 2393 sermonem.
1085 2334 1172 2388 Ait
1195 2333 1341 2387 enim
1376 2349 1391 2386 :
1427 2350 1445 2383 ι
1480 2330 1597 2385 Non
1631 2344 1714 2386 est
1768 2347 1931 2385 omne
1970 2333 2169 2386 recens
2193 2332 2295 2387 sub

722 2430 861 2493 sole,
920 2427 1064 2496 quod
1105 2426 1381 2495 loquatur,
1436 2434 1491 2489 et
1521 2425 1669 2478 dicat
1708 2425 1893 2479 :Ecce
1952 2424 2055 2478 hoc
2096 2440 2295 2479 novum

717 2530 824 2576 est.
862 2538 880 2570 ι
914 2518 1179 2573 Animalia
1216 2528 1396 2572 autem
1443 2532 1552 2570 non
1591 2517 1761 2585 loqui,
1804 2516 1899 2571 sed
1951 2526 2159 2571 tantum
2191 2518 2301 2571 lio-

716 2615 920 2669 mincm
957 2631 970 2668 :
1001 2613 1146 2684 quod
1179 2614 1228 2666 si
1259 2612 1557 2681 loquantur
1596 2610 1856 2664 animalia
1911 2626 2110 2665 novum
2147 2626 2323 2674 esse.

716 2716 771 2763 et
803 2708 940 2762 solvi
998 2704 1351 2765 sententiam,
1383 2702 1519 2757 nihil
1573 2718 1776 2756 novum
1832 2717 1953 2756 esse
1993 2705 2094 2757 sub
2157 2704 2295 2758 sole.

796 2820 815 2853 ι
852 2800 1022 2855 Estne
1053 2798 1279 2853 verbum
1311 2796 1378 2851 de
1404 2812 1513 2866 quo
1548 2796 1780 2858 dicatur,
1814 2794 1933 2848 vide
1960 2796 2063 2849 hoc
2098 2810 2294 2849 novum

720 2903 804 2948 est
834 2910 847 2947 :
875 2894 985 2961 jam
1022 2889 1123 2943 fuit
1158 2889 1211 2942 iu
1246 2888 1482 2953 sacculis,
1523 2901 1644 2957 qua:
1672 2884 1894 2940 fuerunt
1925 2896 2049 2942 ante
2100 2902 2221 2941 nos.
2274 2904 2292 2938 ι

718 2984 978 3054 Apertius
1039 2982 1144 3035 hoc
1199 2979 1565 3049 Symmachus
1625 2979 1901 3031 transtulit
1940 2995 1954 3032 :
1994 2998 2012 3030 ‹
2063 2978 2299 3033 Putasne

719 3086 803 3133 est
826 3077 869 3138 ⁵,
900 3076 990 3145 qui
1026 3073 1200 3144 possit
1252 3072 1477 3127 dicere:
1511 3071 1665 3127 Vide.
1722 3072 1826 3124 hoc
1881 3086 2081 3125 novum
2116 3082 2222 3137 est,
2250 3081 2301 3126 et

2385 570 2507 608 cum
2538 558 2784 614 invenire
2817 559 3137 629 Epicurum;
3163 562 3260 631 qui
3294 563 3493 616 assciit
3524 579 3621 632 per
3656 564 3950 620 innumera-

2386 650 2518 704 lsiles
2552 651 2805 720 periodos
2857 652 3067 715 eadem,
3099 661 3151 707 et
3195 654 3408 708 eisdem
3460 655 3515 708 in
3571 656 3728 719 locis,
3784 668 3831 711 ιι
3865 676 3950 727 per

2384 743 2603 798 eosdem
2639 745 2776 800 tieri.
2808 746 3067 817 Alioquin
3098 755 3149 800 et
3186 744 3360 802 Judas
3394 748 3589 803 crebro
3625 752 3874 817 prodidit,
3905 766 3949 807 et

2384 836 2639 892 Christus
2675 852 2878 907 passus
2912 850 2993 895 est
3023 854 3165 909 stepe
3195 854 3295 908 pro
3330 843 3510 903 nobis.
3542 850 3596 897 et
3627 855 3816 897 (ξπ-ιρις)
3850 862 3951 915 qua:

2386 929 2529 981 facta
2564 939 2711 995 sunt,
2745 940 2798 985 et
2828 930 3033 992 futura.
3068 934 3122 986 in
3156 932 3376 987 easdem
3417 935 3679 989 similiter
3722 938 3954 1004 piriedos

2389 1023 2757 1078 revolventur.
2798 1024 2902 1080 Sed
2960 1026 3278 1094 dicendum,
3330 1028 3477 1096 quod
3509 1045 3577 1083 ex
3632 1032 3954 1098 prrescieidia

2388 1124 2440 1169 et
2470 1117 2949 1184 praeilestinatione
3003 1118 3095 1173 Dei
3123 1119 3239 1188 jam
3275 1137 3340 1175 ea
3387 1120 3532 1177 facta
3560 1123 3696 1186 sint,
3750 1123 3957 1193 qii.!:fu-

2395 1221 2514 1263 tura
2551 1218 2700 1264 sunt.
2761 1209 2862 1276 Qui
2912 1213 3058 1267 enim
3098 1212 3258 1267 electi
3295 1226 3421 1267 sunt
3480 1217 3533 1269 in
3570 1216 3793 1269 Christo
3849 1230 3959 1271 ante

2392 1304 2843 1360 conSIitntiouem
2908 1305 3122 1372 mundi,
3176 1304 3232 1360 in
3292 1309 3571 1375 prioribus
3618 1311 3955 1380 StL‘CUiiSjulll

2393 1394 2634 1453 fuerunt.

2471 1507 2490 1539 ι
2522 1489 2639 1545 Non
2681 1501 2764 1547 est
2818 1493 3083 1547 memoria
3135 1492 3351 1563 primis,
3387 1504 3441 1549 et
3488 1495 3712 1564 quidem
3740 1497 3959 1551 novissi-

2397 1580 2502 1635 mis
2534 1598 2653 1651 qua:
2686 1583 2869 1639 futura
2918 1594 3067 1650 sunt,
3096 1600 3201 1640 non
3263 1587 3368 1643 erit
3394 1586 3473 1642 eis
3505 1591 3774 1643 memoria
3832 1592 3959 1659 apud

2397 1691 2491 1731 eos
2524 1676 2617 1744 qui
2649 1674 2819 1731 futuri
2851 1688 2980 1732 sunt
3012 1679 3065 1732 in
3094 1679 3453 1737 novissimo.»
3490 1680 3614 1746 Quo
3656 1683 3816 1736 modo
3842 1700 3961 1753 pne-

2400 1768 2559 1823 terita
2600 1770 2739 1838 apud
2795 1786 2895 1827 nos
2924 1772 3085 1842 392
3121 1773 3410 1829 abscondit
3466 1775 3692 1838 oblivio,
3728 1814 3739 1821 .
3782 1776 3855 1831 sic
3907 1793 3961 1831 ea

2394 1878 2513 1932 quae
2560 1864 2639 1917 vel
2677 1879 2823 1917 nunc
2857 1866 3012 1929 llunt,
3064 1865 3147 1919 vel
3184 1882 3305 1935 quin
3338 1867 3525 1921 futura
3581 1879 3733 1929 sunt,
3773 1868 3822 1920 bi
3877 1871 3960 1936 qui

2396 1956 2549 2008 nasci
2579 1956 2801 2021 habent,
2845 1956 2987 2011 scire
3020 1972 3126 2011 non
3158 1968 3434 2025 poterunt,
3468 1970 3522 2014 et
3580 1972 3781 2016 cuncta
3813 1962 3964 2015 silen-

2399 2048 2475 2102 tio
2497 2050 2879 2118 praeteribunt,
2923 2058 2977 2104 et
3031 2053 3189 2121 quasi
3253 2066 3360 2106 non
3391 2050 3597 2106 fuerint
3631 2055 3966 2108 absconden-

2398 2150 2487 2194 tur
2526 2157 2541 2203 ;
2582 2151 2636 2196 et
2674 2142 3041 2211 complebitur
3073 2142 3164 2198 illa
3199 2146 3477 2199 sententia
3510 2162 3524 2199 :
3556 2164 3573 2197 ι
3615 2146 3836 2201 \‘auitas
3886 2164 3968 2202 ra-

2400 2233 2630 2288 nitatum
2688 2245 2742 2290 et
2808 2239 2991 2290 omnia
3051 2238 3289 2295 vanitas.
3338 2258 3356 2291 ι
3398 2238 3532 2293 Nam
3592 2251 3646 2294 et
3692 2239 3963 2309 Seraphin)

2399 2337 2681 2397 propterea
2718 2330 2931 2384 faciem’
2964 2344 3118 2385 suam
3153 2339 3208 2385 et
3240 2330 3402 2401 pedes
3436 2332 3781 2399 relant,quia
3810 2334 3968 2403 prima

2401 2428 2454 2473 et
2481 2430 2725 2474 extrema
2779 2433 3037 2491 cooperta
3098 2434 3244 2478 sunt.
3317 2424 3480 2478 Juxta
3523 2436 3706 2478 autem
3758 2427 3969 2495 Septua-

2402 2515 2549 2584 ginta
2601 2515 2956 2584 luterpretes,
2985 2516 3077 2585 qui
3129 2516 3385 2571 dixerunt
3416 2536 3429 2568 :
3458 2514 3583 2569 Non
3615 2528 3690 2569 est
3733 2522 3969 2573 memoria

2402 2609 2586 2676 primis
2618 2610 2659 2671 ’,
2694 2620 2740 2661 et
2776 2611 2990 2678 quidem
3040 2612 3335 2665 novissimis
3365 2612 3453 2680 qui
3483 2611 3654 2679 futuri
3678 2623 3823 2675 sunt,
3881 2629 3970 2665 non

2403 2701 2505 2755 erit
2538 2702 2610 2754 eis
2656 2704 2911 2755 memoria
2941 2720 3059 2756 cum
3112 2704 3195 2756 his
3243 2705 3332 2774 qui
3359 2704 3528 2772 futuri
3568 2715 3693 2759 sunt
3728 2706 3783 2757 in
3812 2707 3973 2759 noris-

2404 2793 2536 2847 sima
2590 2794 2811 2864 (Matth.
2852 2796 3108 2866 31,16):
3171 2797 3261 2851 ille
3310 2797 3376 2851 de
3441 2797 3739 2868 Evangelio
3793 2814 3973 2855 sensus

2406 2902 2509 2957 est,
2544 2894 2690 2962 quod
2728 2895 2821 2963 qui
2862 2893 2915 2947 in
2954 2894 3056 2947 isto
3090 2894 3289 2949 sa'culo
3319 2895 3477 2964 primi
3513 2908 3665 2959 sunt,
3727 2897 3834 2951 sint
3872 2913 3976 2950 om-

2408 2984 2557 3037 nium
2590 2985 2899 3039 ιιονίεεὶιιιί.
2936 2983 2999 3036 Et
3026 2985 3154 3054 quia
3191 2986 3354 3046 Deus.
3382 2996 3439 3039 ut
3470 2986 3746 3054 benignus
3800 2998 3853 3042 et
3880 2989 3976 3043 cle-

2410 3090 2585 3139 mens,
2632 3074 2985 3127 minimorum
3039 3090 3279 3143 quoque,
3334 3085 3390 3129 et
3437 3077 3685 3130 omnium
3729 3078 3977 3132 recorda-

654 3220 657 3223 γ
716 3172 830 3243 jam
865 3168 1071 3224 factum
1130 3176 1214 3221 est
1242 3166 1297 3220 in
1348 3164 1571 3229 saeculo,
1623 3165 1768 3233 quod
1803 3166 1903 3217 fuit
1938 3176 2064 3218 ante
2111 3180 2235 3219 nos.
2272 3184 2290 3216 ι
2326 3190 2370 3245 ε
2409 3176 2514 3231 tur,
2549 3167 2634 3221 his
2669 3168 2762 3236 qui
2814 3175 3037 3235 propter
3064 3167 3253 3220 vitium
3317 3183 3476 3221 suum
3512 3171 3805 3224 novissimi
3868 3188 3978 3226 esse

721 3262 859 3317 Cum
898 3258 1277 3330 superioribus
1318 3265 1501 3311 autem
1533 3257 1807 3325 congruit,
1840 3258 1985 3325 quod
2022 3255 2158 3310 nihil
2196 3270 2298 3311 no-

721 3370 849 3409 vum
875 3355 929 3408 in
968 3352 1171 3407 mundo
1225 3351 1319 3404 (lat
1349 3368 1361 3403 :
1395 3363 1495 3404 nec
1527 3350 1601 3404 sit
1658 3348 1918 3417 aliquis",
1979 3351 2073 3418 qui
2129 3349 2303 3417 possit

724 3447 1016 3511 exsistere,
1045 3453 1099 3499 et
1126 3444 1332 3505 dicere,
1356 3456 1485 3496 ecce
1510 3442 1612 3495 hoc
1646 3456 1844 3495 novum
1868 3450 1951 3494 est
1982 3458 1996 3494 :
2026 3441 2297 3507 siquidem

726 3555 889 3596 omne
919 3537 1072 3608 quod
1107 3551 1167 3592 se
1196 3534 1467 3604 putaverit
1492 3548 1691 3587 novum
1727 3532 2040 3598 ostendere,
2100 3532 2210 3602 jam
2245 3535 2301 3586 ln

726 3628 1008 3700 prioribus
1058 3626 1276 3682 saeculis
1336 3623 1458 3677 fuit.
1486 3622 1600 3677 Nec
1634 3632 1889 3692 putemus
1923 3623 2102 3692 signa,
2136 3635 2303 3693 atque

730 3719 1072 3791 prodigia,ct
1098 3716 1288 3780 multa,
1320 3730 1441 3784 qua:
1471 3715 1700 3769 arbitrio
1730 3712 1822 3769 Dei
1860 3728 1999 3768 nova
2030 3714 2307 3770 inmundo

736 3953 754 4008 ι
806 3882 824 3913 ⁸
860 3879 1007 4004 ιγίιιῦι
1027 3889 1104 3934 est
1130 3879 1348 3932 dictum.
1375 3876 1658 3932 Terentius
1693 3879 1749 3932 in
1781 3879 2012 3947 Proloqo
2064 3875 2308 3935 Eunuchi

757 3967 855 4006 tau:
888 3967 951 4004 ita
995 3962 1049 4005 ct
1082 3969 1097 4006 ε

757 3967 855 4006 ιωυ
888 3962 1049 4005 ἰιῧυοὶ
1082 3969 1097 4006 2

855 4069 1057 4119 Nullum
1084 4071 1163 4115 est
1187 4065 1283 4123 jam
1311 4061 1517 4121 dictum,
1541 4062 1670 4122 quod
1703 4074 1799 4109 non
1822 4062 2007 4125 dictum
2037 4066 2101 4111 sit
2142 4066 2309 4125 prius;

855 4134 1019 4188 Quare
1045 4138 1250 4188 aequum
1265 4130 1344 4172 est
1367 4138 1452 4173 vos
1475 4136 1771 4188 cognoscere
1793 4130 1938 4184 atque
1964 4124 2246 4188 ignoscere,

856 4184 1204 4253 Qumveteres
1230 4185 1531 4244 factitarunt,
1558 4186 1598 4232 si
1629 4184 1809 4233 faciunt
1830 4188 1963 4234 novi.

805 4330 875 4342 .-
894 4302 1059 4355 Porro
1082 4299 1137 4351 iu
1156 4292 1580 4351 Commentariis
1595 4291 1788 4344 Donati
1810 4291 2026 4345 excusis
2039 4310 2145 4346 non
2165 4294 2313 4350 inve-

738 4375 886 4427 iitur
916 4384 1130 4423 comma
1152 4365 1297 4436 quod
1326 4363 1689 4436 Hieronymus
1719 4362 1966 4436 replicat.
1996 4362 2147 4417 Unde
2179 4380 2311 4419 eo“-

732 4446 863 4510 jicio
926 4431 1454 4510 [lc-itatutt'rdigisse,
1487 4431 1721 4510 Peream.
1737 4432 1825 4497 qui
1854 4442 1996 4510 ante,
2029 4443 2162 4510 etc,
2186 4449 2313 4510 curn

735 4498 858 4567 "viva
884 4526 1020 4567 voce
1050 4509 1105 4562 in
1132 4508 1258 4561 ludo
1282 4500 1678 4593 grammatices
1710 4498 1874 4555 istum
1900 4503 2107 4557 Comici
2142 4507 2312 4558 versi.
2344 4536 2391 4593 ι)

737 4587 915 4638 culum
946 4586 1263 4648 exponeret.
1293 4573 1552 4648 Maurus.

807 4654 828 4685 ⁸
857 4641 1028 4709 Putat
1049 4649 1393 4703 Martianaens
1426 4644 1525 4694 hoc
1556 4643 1622 4695 de
1660 4654 1753 4695 ore
1783 4641 1984 4696 dictum
2018 4658 2044 4694 a
2080 4641 2308 4708 Donato,

738 4741 861 4779 eum
901 4726 952 4776 in
982 4724 1097 4785 eius
1128 4712 1554 4771 Commentariis
1585 4713 1717 4765 nihil
1748 4712 1925 4785 simile
1957 4713 2197 4785 invenire
2220 4721 2309 4771 sit.

738 4782 1023 4850 Fortasse'
1048 4800 1229 4842 autent
1261 4786 1444 4839 verius
1480 4798 1677 4833 norum
1728 4797 1790 4833 ex
1835 4782 1938 4837 lioe
1999 4784 2116 4836 loco
2149 4800 2313 4852 argu-

743 4876 985 4918 mentum
1026 4866 1302 4929 pctcretur
1348 4852 1415 4929 ad
1459 4853 1821 4929 probandum,
1872 4852 2312 4910 Commentarios

741 4935 864 4989 illos
908 4936 960 4987 in
995 4921 1226 4999 vulgatis
1264 4925 1592 4978 hodiernum
1648 4921 1800 4976 libris
1847 4938 2070 4978 mancos
2099 4940 2219 4978 esse
2260 4935 2313 4980 ct

802 5005 982 5056 ultlus.

740 5018 988 5142 "uiuit;
1040 5070 1095 5121 in
1151 5064 1380 5142 quodam
1423 5063 1574 5117 libro.
1610 5062 1890 5142 Drigenis
1914 5065 2111 5142 dogma
2160 5068 2312 5142 apud

739 5135 1027 5214 Origeu'ent
1071 5135 1264 5208 legisse
1300 5137 1392 5188 lib.
1426 5150 1458 5214 t_t
1499 5136 1632 5214 περὶ
1669 5136 1878 5204 Ἀρχιῦν
1920 5151 2024 5214 non
2053 5135 2309 5214 _dub_i‘um

740 5198 866 5283 eo:
894 5230 1014 5266 nam
1038 5198 1358 5283 invi-pistola
1385 5205 1451 5283 ad
1486 5198 1703 5283 Avitum
1730 5198 2153 5283 testaturﬂidem
2187 5206 2306 5258 llie-

742 5271 1001 5355 rou'ymus
1028 5271 1322 5355 Origenem
1355 5277 1585 5327 abusum
1620 5276 1790 5355 luisse
1822 5276 1925 5355 hoc
1962 5271 2311 5355 Ecclesiaste:

742 5344 1077 5414 testittiottiii,
1115 5344 1171 5400 tit
1200 5348 1453 5415 probaret
1487 5348 1630 5414 qttod
1684 5356 1807 5398 ante
1858 5344 2119 5396 fabricam
2156 5349 2311 5399 istius

744 5427 951 5485 inuiidi,
1017 5421 1108 5473 alii
1162 5417 1349 5471 mundi
1406 5416 1457 5467 iu
1503 5415 1789 5485 praeteritis
1820 5416 2034 5467 sreculis
2087 5415 2307 5469 fuerint.

743 5495 980 5549 Cousole
1017 5491 1329 5557 epistolam,
1365 5500 1486 5553 qua:
1536 5484 1727 5554 incipit
1763 5502 1776 5537 ;
1833 5494 1954 5537 ante
2004 5499 2166 5536 annos
2200 5487 2307 5536 cir-

743 5570 875 5619 citer
908 5566 1107 5619 decem,
1148 5573 1255 5613 etc.
1280 5559 1549 5609 Maurus.

813 5640 1233 5701 —-Qnauquaiu
1300 5628 1357 5679 in
1416 5635 1671 5701 promptu
1726 5625 1797 5677 sit
1857 5624 2082 5701 opinari.
2109 5622 2304 5701 librum

746 5694 964 5761 tertium
1003 5694 1253 5770 Origetiis
1287 5694 1429 5770 stipi
1462 5697 1679 5770 ξΑρχὼν
1704 5711 1827 5764 cap.
1874 5696 1907 5748 5
1936 5694 2121 5770 inuiti,
2152 5697 2308 5761 cujus

747 5782 923 5831 locum
971 5775 1024 5827 in
1083 5764 1242 5841 ἔριδι.
1276 5764 1381 5821 1⁸24
1408 5768 1473 5820 ad
1507 5764 1747 5841 Avitum,
1782 5781 1929 5817 num.
1961 5767 2014 5825 9,
2060 5764 2122 5814 ad
2150 5772 2303 5827 lui-it,

747 5860 796 5901 et
833 5835 1133 5902 luculenter
1185 5843 1467 5910 impugnet
1504 5835 1559 5890 S.
1596 5840 1825 5900 doctor;
1880 5852 1931 5887 in
1963 5850 2080 5889 eam
2126 5848 2301 5887 tamen

2404 3270 2747 3325 meruerunt,
2806 3276 2912 3315 non
2954 3269 3163 3313 tantam
3212 3260 3366 3316 dabit
3422 3262 3676 3332 gloriam.
3729 3276 3978 3331 quantam

2405 3352 2492 3407 his
2548 3352 2639 3422 qui
2695 3368 2753 3407 se
2792 3352 3144 3408 liumiliantes
3179 3354 3465 3409 novissimi
3506 3356 3561 3409 in
3619 3361 3827 3412 mundo
3870 3374 3980 3413 esse

2406 3444 2719 3498 voluerunt.
2780 3444 2993 3498 Dicitur
3033 3446 3217 3514 itaque
3270 3454 3326 3499 et
3374 3447 3429 3499 in
3466 3450 3975 3517 consequentibus:

2408 3533 2529 3588 Non
2555 3543 2631 3588 est
2668 3536 2920 3589 memoria
2947 3538 3195 3605 sapientis
3225 3538 3269 3569 ¹⁰
3290 3553 3407 3590 cum
3436 3538 3603 3592 stulto
3624 3541 3680 3593 in
3707 3550 3977 3595 internum.

2490 3643 2508 3677 ι
2548 3624 2659 3696 Ego
2686 3626 3041 3683 Ecclesiastes
3068 3626 3145 3682 fui
3170 3644 3264 3684 rex
3289 3643 3454 3698 super
3493 3629 3662 3686 Israel
3688 3632 3743 3686 in
3765 3631 3981 3688 Jerusa-

2411 3715 2536 3772 lem.
2576 3736 2595 3770 ι
2632 3716 2925 3789 Hucusque
2972 3721 3215 3789 praefatio
3251 3722 3583 3791 generaliter
3629 3724 3698 3778 de
3736 3729 3982 3782 omnibus

2412 3879 2737 3933 sententiam
2795 3879 3001 3941 iamdiu
3067 3880 3195 3933 olim
3229 3891 3619 3935 concesserant
3664 3894 3718 3936 et
3776 3884 3977 3939 "Clll'fl‘l

2413 3949 2659 4014 quidam,
2717 3952 2854 4015 quos
2923 3948 2988 4001 Β.
3057 3949 3233 4005 Moses
3300 3950 3665 4006 MaimOnides
3724 3966 3981 4011 memorat

2415 4017 2506 4071 lib.
2544 4034 2579 4070 ll
2622 4018 2770 4072 More
2802 4018 3093 4074 Navae/tiu.

2489 4088 2789 4159 fVatican.
2846 4101 3130 4157 antequam
3175 4088 3256 4142 sol
3280 4088 3446 4154 ﬁeret,
3478 4106 3644 4159 quam
3693 4093 3979 4150 lectionem

2416 4169 2471 4217 et
2499 4158 2780 4227 Palatinis
2810 4160 2947 4211 alter
2978 4160 3216 4221 reduxit.
3250 4162 3428 4227 priore
3458 4158 3755 4227 exp-mera.

2488 4231 2508 4261 ⁵
2540 4226 2641 4281 Sed
2672 4228 2990 4292 excluditur,
3047 4239 3151 4284 etc.
3205 4226 3261 4281 In
3317 4226 3591 4284 vvteribus
3656 4234 3983 4289 editionibns

2417 4300 2523 4354 alio
2557 4301 2714 4350 modo
2767 4300 3003 4367 legitur;
3039 4315 3255 4367 nempe,
3288 4296 3409 4367 iScd
3439 4300 3537 4351 liac
3568 4306 3876 4356 excluditur
3902 4322 3981 4358 ra-

2420 4372 2581 4438 tione,
2617 4370 2753 4433 quod
2783 4366 2837 4421 ei
2855 4371 3117 4438 jumeuta,
3144 4380 3248 4423 etc.
3285 4366 3551 4423 Maurus.

2470 4439 2512 4505 _‘
2539 4437 2677 4491 Hinc
2703 4437 2926 4506 colligas
2955 4456 3133 4505 priora
3163 4438 3327 4504 hujus
3358 4441 3613 4493 versiculi
3656 4442 3844 4497 (ἕτεραι
3870 4460 3982 4497 νει-ο

2419 4510 2510 4569 ba.
2568 4524 2688 4576 qum
2740 4516 2997 4573 tanquam
3052 4508 3360 4563 Svmmaclii
3425 4510 3476 4560 in
3518 4512 3653 4565 edit.
3693 4510 3849 4566 Ro-u.
3884 4516 3982 4566 τῶν

2426 4578 2565 4633 LXX
2614 4579 2960 4631 adducuntur
2994 4596 3009 4631 :
3046 4576 3194 4645 Ἀρι
3248 4578 3364 4631 ἱετὶ
3406 4595 3453 4629 τι
3490 4579 3516 4629 ὃ
3544 4582 3661 4644 ἐρεῖ
3688 4599 3794 4642 τις.
3836 4582 3982 4635 Estne

2422 4650 2649 4719 aliquid,
2682 4650 2820 4716 quod
2854 4650 2991 4701 dicet
3017 4654 3155 4714 quis,
3182 4658 3285 4700 etc.
3324 4648 3549 4700 alterius
3599 4665 3626 4702 ει
3666 4651 3887 4719 5)·ιιειιιςε
3924 4662 3981 4705 ho

2421 4721 2735 4784 interpretis
2772 4736 2917 4778 esse.
2944 4730 2994 4771 et
3024 4720 3273 4771 fortassis
3298 4719 3526 4784 Aquino.

2496 4792 2514 4821 "
2554 4790 2669 4843 Duo
2700 4789 2956 4853 Palatini,
2996 4787 3106 4842 Nec
3136 4791 3200 4841 sit
3228 4789 3447 4857 aliquid,
3507 4792 3646 4858 quod
3677 4795 3981 4860 pinsitam-

2420 4870 2575 4924 stere,
2614 4871 2719 4915 etc.

2492 4932 2513 4963 ⁸
2542 4932 2704 4983 Iidem
2742 4940 2794 4985 et
2829 4930 3028 4991 V.ilic.,
3061 4929 3244 4997 faciem
3273 4928 3366 4983 Dei
3394 4947 3412 4983 :
3442 4930 3725 4987 merdnse.

2491 5009 2511 5039 ο
2543 5001 2662 5053 Non
2717 5011 2793 5055 est
2854 5003 3103 5053 memoria
3156 5002 3365 5075 primis.
3420 5000 3658 5075 Nollth
3710 5006 3982 5075 vestigium

2421 5071 2736 5125 Gril'Corutn
2790 5075 3103 5127 verborum.
3140 5087 3257 5135 qua:
3310 5071 3393 5122 hic
3446 5070 3907 5133 apud'Etasmnin
3943 5087 3985 5127 et

2423 5142 2723 5195 Marianum
2762 5142 3035 5209 leguntur,
3069 5141 3313 5192 invenire
3336 5150 3485 5206 politi
3523 5141 3581 5209 in
3615 5159 3750 5196 mss.
3793 5147 3985 5197 (‘mlii-i-

2424 5213 2543 5270 bus.
2574 5215 2663 5278 qui
2709 5222 2886 5262 tamen
2921 5221 3235 5263 constanter
3268 5211 3503 5262 retinent
3556 5208 3781 5267 Gl‘.L'C.'tS
3813 5216 3983 5268 lectio.

2422 5299 2518 5335 lies
2558 5285 2785 5335 aliorum
2837 5284 3079 5331 locorum
3132 5292 3185 5331 et
3235 5287 3657 5345 praecedentium
3724 5296 3777 5336 et
3809 5300 3985 5338 conse-

2421 5354 2724 5420 qtirntium.
2791 5347 2941 5403 Unde
3022 5350 3469 5403 manifestissime
3540 5365 3767 5417 apparet
3841 5358 3980 5407 Stiiii?

2423 5422 2728 5474 [Ciltt‘l'ilale
2787 5424 3071 5486 scriptoris
3139 5422 3369 5489 alicujus
3428 5426 3754 5474 rereiitieris
3820 5429 3983 5477 add]:

2421 5494 2589 5545 luisse
2643 5492 2828 5544 Graeca
2881 5493 3040 5542 verba
3104 5492 3155 5541 in
3189 5488 3497 5542 Comment.
3556 5492 3983 5561 Neroni-miunt,

2421 5572 2584 5629 atque
2617 5576 2646 5613 e
2683 5563 2959 5627 corruptis
2988 5563 3392 5627 exemplaribus
3450 5562 3672 5615 tinxisse
3717 5566 3767 5615 in
3816 5566 3914 5616 eun
3942 5586 3987 5607 «ιη

2422 5648 2539 5683 ueni
2600 5631 2999 5687 Erasininuani.
3056 5631 3211 5697 cuius
3272 5644 3491 5683 errores
3536 5634 3927 5693 llliiizlllll'S‘J’p;
3966 5647 3989 5686 s

2420 5702 2694 5755 Marianos
2728 5702 3003 5755 V'.etoiins
3035 5698 3245 5752 Erasini
3276 5704 3599 5768 castigator.
3635 5703 3896 5757 Nantuat-

2491 5772 2529 5800 ¹⁰
2559 5770 2689 5827 Tres
2751 5788 2907 5835 tusis...
2975 5772 3217 5837 supfi’nti.
3279 5770 3411 5823 Vide
3480 5776 3620 5825 inim
3660 5778 3712 5826 in
3765 5792 3882 5842 cap.
3940 5788 3985 5833 il,

2422 5843 2590 5897 v.16.
