4216 6352
177 398 309 468 1ὒῖ3

176 518 506 587 disputantis
542 514 656 587 [ΑΙ.
698 511 1020 585 disputans]

174 612 329 675 redit,
355 620 403 663 et
427 610 556 679 quis
586 609 773 670 fuerit,
801 606 1072 676 quomodo
1097 604 1470 672 experimento
1495 601 1750 655 universa

178 702 515 772 cognoverit,
554 702 736 756 docet.
769 700 934 753 Aiunt
960 697 1165 751 Hebraei
1198 697 1339 749 hunc
1372 694 1570 747 librum
1600 693 1755 747 Solo-

177 796 348 850 monis
380 808 527 856 esse,
559 792 939 865 paenitentiam
963 789 1174 860 agentis
1206 788 1242 846 ³,
1277 785 1423 855 quod
1452 786 1503 838 in
1538 786 1756 853 sapien—

180 889 248 943 tia
301 887 631 958 divitiisque
681 884 939 948 conlisus,
991 899 1084 953 per
1142 878 1404 934 mulieres
1466 877 1758 932 oll'enderit

179 983 346 1037 Deum
357 1021 370 1034 .

252 1094 271 1127 ι
315 1074 378 1130 Et
411 1073 541 1129 dedi
578 1087 678 1127 eor
724 1085 902 1126 meum
952 1072 1017 1124 ad
1065 1064 1460 1137 inquirendum
1493 1070 1548 1117 et
1576 1062 1759 1117 consi-

181 1170 483 1225 derandum
536 1169 592 1221 in
628 1166 895 1236 sapientia
929 1163 996 1217 de
1035 1162 1290 1217 omnibus
1333 1174 1455 1230 ψη
1487 1156 1626 1213 ﬁunt
1660 1158 1761 1214 sub

184 1264 313 1319 sole.
348 1263 507 1317 llanc
555 1259 971 1329 occupationem
1019 1257 1212 1310 malam
1250 1254 1400 1311 dedit
1434 1252 1579 1307 Deus
1639 1252 1763 1310 [iliis

183 1357 495 1421 hominum,
534 1361 599 1409 ut
632 1359 1039 1421 occuparentur
1074 1349 1125 1403 in
1157 1364 1243 1403 ea.
1284 1366 1302 1399 ›
1345 1346 1576 1400 Verbum
1608 1360 1764 1399 mm

187 1451 334 1535 (ἶνεῖ)
368 1446 593 1516 Aquila,
628 1444 979 1511 Septuaginta
1012 1450 1066 1497 et
1126 1438 1429 1495 Tlieodotio
1489 1455 1765 1507 περισπα-

195 1547 331 1617 σμὸν
366 1543 633 1598 similiter
683 1538 1102 1602 transtulerunt,
1136 1534 1281 1604 quod
1311 1534 1364 1587 in
1397 1535 1767 1587 distentionem

189 1637 418 1691 Latinus
445 1637 719 1703 interpres
741 1633 1037 1699 expressit,
1070 1642 1135 1681 eo
1158 1627 1303 1696 quod
1334 1627 1387 1680 in
1420 1626 1598 1680 varias
1625 1625 1771 1678 solli-

190 1731 466 1786 citudines
502 1742 661 1782 mens
686 1723 920 1778 hominis
950 1722 1187 1775 distenta
1225 1722 1485 1773 lanietur.
1521 1720 1769 1790 Symma-

188 1824 325 1878 chus
359 1835 493 1874 vero
520 1815 803 1887 ἀσχολίαν,
838 1814 892 1868 id
920 1821 1024 1875 est,
1059 1812 1451 1879 occupationem
1472 1810 1767 1864 transtulit.

1102 390 1714 451 COMMENTARIUS
1756 388 1829 448 IN
1876 392 2183 451 ECCLESl
2200 392 2462 451 ASTEN.

1066 529 1081 566 :
1119 526 1264 564 nunc
1297 511 1362 563 ad
1399 510 1753 577 semetipsum
1785 512 1828 569 Α
1863 510 2059 562 dantur
2090 510 2143 563 in
2178 525 2266 573 ta,
2299 511 2425 578 quia
2461 510 2609 577 prius
2652 518 2844 578 sponte
2879 521 2974 561 sua
3007 515 3059 560 et
3082 506 3302 576 propria
3330 523 3434 563 vo-

3289 387 3429 453 1074

1854 600 2065 656 luutate
2095 603 2207 656 haec
2251 603 2331 654 vel
2362 602 2447 655 illa
2477 601 2747 657 fecerunt.

1932 716 1947 747 ι
1995 694 2113 749 Vidi
2154 696 2409 750 universa
2443 694 2564 767 [ΑΙ.
2614 695 2835 767 omnia]
2880 710 3065 763 opera.
3120 709 3240 763 quae
3285 691 3433 747 facta

1857 802 1985 845 sunt
2008 791 2110 844 sub
2140 793 2273 852 sole.
2303 800 2353 845 et
2374 805 2503 845 ecce
2530 790 2711 843 omnia
2737 792 2969 854 vanitas,
2997 799 3050 845 et
3075 786 3434 859 praesumptio

1858 883 2104 952 spiritus.
2152 903 2167 934 ι
2224 882 2557 939 Necessitate
2608 882 3005 947 compellimur,
3060 893 3154 936 ut.
3190 879 3444 933 crebrius

1859 989 2022 1043 quam
2079 974 2330 1028 volumus
2377 973 2441 1027 de
2492 973 2674 1028 verbis
2729 972 3014 1027 Hebraicis
3071 972 3442 1025 disseramus.

1859 1066 1971 1123 Nec
2011 1066 2152 1121 enim
2190 1082 2483 1136 possumus
2542 1066 2685 1122 scire
2734 1080 2978 1128 sensum,
3031 1066 3138 1121 nisi
3173 1080 3297 1119 eum
3345 1078 3443 1133 per

1864 1161 2027 1215 verba
2065 1158 2359 1213 discamus.
2397 1160 2589 1214 lloorn
2640 1158 2831 1229 (111171)
2866 1158 3077 1229 Aquila
3124 1158 3142 1189 ³
3188 1165 3238 1212 ct
3274 1156 3452 1210 Theo-

1864 1252 2014 1307 dotio
2046 1253 2239 1322 νομὴν,
2293 1252 2658 1323 Symmachus
2704 1252 2966 1323 pioxqotv
3020 1252 3446 1304 transtulerunt.

1868 1346 2223 1416 Septuaginta
2272 1357 2455 1401 autem
2494 1348 2818 1415 interpretes
2857 1360 2963 1400 non
3000 1344 3287 1397 llebr:eum
3331 1360 3449 1396 scr-

1870 1455 2085 1493 monem
2128 1455 2473 1509 expressere,
2512 1440 2606 1495 sed
2658 1439 2875 1509 Syrum,
2929 1441 3176 1496 dicentes
3208 1438 3227 1469 "
3258 1439 3451 1508 προαί-

1872 1548 2044 1600 ρεσεν.
2085 1530 2211 1586 Sive
2245 1547 2373 1600 ergo
2422 1530 2578 1604 νομὴ,
2641 1534 2757 1586 sive
2816 1532 3078 1602 βόσκησις
3129 1551 3157 1588 a
3202 1535 3452 1603 pastione

1872 1623 2194 1678 vocabulum
2227 1634 2311 1677 est
2350 1642 2361 1676 :
2414 1625 2742 1696 npaalpeotc
2775 1625 2977 1683 {autem
3019 1629 3212 1683 melius
3262 1627 3452 1681 volun-

1874 1723 2057 1777 tatem,
2093 1729 2255 1781 quam
2290 1720 2752 1784 praesumptionem
2787 1728 2965 1770 sonat.
3002 1715 3209 1769 Dicitur
3242 1728 3446 1778 autem,

1873 1806 2015 1873 quod
2046 1815 2169 1870 agat
2205 1807 2584 1876 unusquisque
2634 1808 2779 1875 quod
2816 1808 2970 1873 velit,
3013 1817 3068 1861 et
3102 1808 3203 1863 sibi
3239 1817 3450 1862 rectum

191 1912 325 1977 Quia
386 1909 557 1979 igitur
606 1905 803 1975 saepius
842 1904 895 1957 in
948 1903 1051 1956 hoc
1102 1902 1378 1956 volumine
1432 1901 1763 1963 nominatur,
1802 1880 1843 1933 Β
1878 1912 2007 1951 esse
2060 1899 2332 1963 videatur,
2382 1908 2549 1969 atque
2596 1899 2648 1953 in
2701 1901 2912 1954 diversa
2966 1902 3139 1955 libero
3197 1901 3452 1955 homines

192 2004 305 2058 sive
361 1997 788 2067 occupationem,
840 1996 955 2050 sive
1016 1995 1415 2055 distentionem,
1470 1993 1584 2047 sive
1640 1993 1772 2061 quid

193 2094 339 2149 aliud
393 2092 727 2151 dixerimus,
789 2090 855 2141 ad
907 2087 1243 2155 superiorem
1299 2100 1519 2140 sensum
1576 2094 1772 2140 cuncta

194 2187 533 2243 referantur.
579 2181 732 2235 Dedit
762 2195 891 2247 ergo
920 2178 1276 2233 Ecclesiastes
1308 2178 1486 2247 primo
1523 2178 1769 2231 omnium

198 2286 438 2330 mentem
493 2286 650 2325 suam
699 2270 858 2340 393
892 2271 957 2324 ad
989 2269 1316 2337 sapientiam
1368 2268 1772 2337 requirendam,

197 2380 250 2425 et
283 2369 429 2421 ultra
461 2367 673 2421 licitum
704 2380 761 2418 se
786 2364 1106 2429 extendens,
1142 2363 1315 2417 voluit
1375 2378 1572 2417 causas
1608 2362 1774 2416 ratio-

200 2475 413 2529 nesque
448 2470 785 2528 cognoscere
822 2476 834 2510 :
865 2470 1033 2523 quare
1056 2457 1266 2525 parvuli
1302 2456 1712 2525 corriperentur
1742 2472 1773 2512 a

199 2552 478 2613 daemone,
502 2564 603 2601 cur
637 2545 920 2614 naufragia
955 2554 1009 2598 et
1035 2544 1217 2612 justos
1261 2552 1313 2599 et
1344 2546 1543 2613 impios
1575 2548 1775 2613 pariter

200 2645 608 2705 absorberent;
645 2648 822 2691 utrum
861 2639 975 2691 haec
1044 2646 1099 2688 et
1140 2636 1226 2689 his
1258 2636 1456 2690 similia
1495 2651 1622 2690 casu
1654 2653 1778 2692 eve-

201 2738 409 2798 nirent,
446 2749 514 2787 an
544 2731 754 2801 judicio
789 2728 900 2782 Dei.
934 2726 1060 2782 Etsi
1089 2743 1239 2793 casu,
1273 2728 1363 2783 ubi
1394 2728 1777 2797 providentia?

201 2832 245 2884 si
292 2826 530 2897 judicio,
586 2822 677 2877 ubi
710 2819 920 2890 justitia
974 2818 1111 2871 Dei?
1152 2819 1300 2884 Haec,
1356 2821 1551 2889 inquit,
1614 2838 1777 2877 nosse

204 2920 559 2977 desiderans,
593 2912 833 2968 intellexi
866 2909 1195 2979 superﬂuam
1235 2927 1426 2967 curam
1480 2922 1533 2967 et
1572 2915 1778 2968 sollici-

205 3013 459 3064 tudinem
494 3022 587 3076 per
615 3007 827 3059 diversa
867 3005 1208 3059 cruciantem
1241 3020 1269 3058 a
1312 3005 1422 3060 Deo
1457 3007 1777 3063 hominibus

203 3103 413 3163 datam,
466 3108 527 3152 ut
575 3099 717 3152 scire
755 3095 999 3165 cupiant,
1051 3096 1199 3166 quod
1238 3098 1381 3151 scire
1425 3114 1531 3152 non
1572 3101 1777 3153 licitum

1880 1991 2129 2046 ferantur
2175 1993 2429 2058 arbitrio,
2478 2001 2533 2048 et
2575 2008 2711 2047 vana
2744 1994 2853 2047 sint
2888 1995 3149 2048 universa
3181 1994 3284 2048 sub
3310 1995 3448 2055 sole.

1880 2083 2009 2138 dum
2046 2086 2277 2139 invicem
2321 2085 2480 2140 nobis
2522 2088 2573 2139 in
2622 2086 2886 2140 honorum
2927 2094 2980 2141 et
3030 2086 3293 2141 malorum
3333 2086 3454 2138 lini-

1881 2179 1982 2232 hus
2011 2179 2383 2247 displicemus.
2410 2180 2635 2234 Dicebat
2665 2181 2794 2233 mihi
2827 2179 3116 2243 Hebraeus,
3151 2195 3259 2246 Quo
3289 2179 3454 2252 394

1880 2270 2196 2339 Scripturas
2237 2282 2459 2327 sanctas
2486 2272 2807 2326 instituente
2849 2272 3075 2342 perlegi,
3104 2273 3250 2341 quod
3284 2288 3451 2340 supra

1882 2365 2142 2431 scriptum
2178 2381 2355 2419 auore
2405 2365 2658 2428 verbum,
2697 2366 2868 2435 magis
2900 2366 2955 2418 in
3010 2365 3115 2419 hoc
3158 2365 3276 2418 loco
3318 2364 3451 2417 allii-

1883 2457 2117 2511 ctioneui
2165 2464 2219 2510 et
2267 2456 2553 2520 malitiam,
2601 2473 2765 2526 quam
2806 2460 3110 2525 pastionem
3167 2467 3218 2510 et
3259 2456 3455 2510 volun-

1885 2561 2047 2605 tatem
2096 2550 2431 2619 signiticaret
2468 2567 2481 2602 :
2520 2539 2625 2603 non
2666 2565 2693 2603 a
2737 2550 2899 2612 malo,
2947 2550 3091 2619 quod
3124 2557 3209 2604 est
3237 2556 3457 2601 contra-

1885 2643 2024 2695 rium
2052 2641 2214 2709 bono,
2245 2641 2339 2695 sed
2372 2641 2438 2695 ab
2461 2655 2549 2703 eo,
2575 2640 2717 2710 quod
2753 2641 2803 2693 in
2830 2636 3123 2707 Evangelio
3145 2638 3405 2693 scribitur
3440 2654 3455 2691 :

1883 2731 2083 2803 Sit/ficit
2114 2732 2220 2785 diei
2251 2732 2463 2784 malitia
2490 2747 2587 2784 sua
2616 2732 2912 2798 (Matthxi,
2944 2732 3054 2801 5i).
3083 2730 3254 2796 Quam
3281 2731 3456 2785 ϐττιξοί

1884 2825 2287 2896 signiﬁcantius
2318 2823 2619 2893 κακουχίαν
2655 2832 2854 2877 vocant
2888 2824 2929 2885 ⁸,
2954 2833 3007 2877 el
3034 2837 3155 2877 esse
3186 2838 3405 2878 sensum
3438 2841 3452 2877 :

1884 2916 2238 2973 Consideravi
2278 2918 2556 2982 universa,
2593 2932 2714 2986 quae
2750 2917 2802 2969 in
2838 2917 3038 2969 mundo
3090 2916 3246 2979 liunt,
3282 2924 3335 2968 et
3367 2915 3454 2969 ni-

1889 3009 1963 3063 hil
1991 3008 2139 3062 aliud
2167 3007 2520 3077 dt-preltendi,
2545 3021 2710 3075 quam
2753 3008 3047 3060 vanitatem
3104 3017 3158 3061 et
3191 3006 3455 3071 malitias,

1890 3101 1942 3155 id
1984 3111 2068 3155 est
2121 3101 2374 3156 miserias
2424 3100 2682 3169 spiritus,
2740 3100 2939 3171 quibus
2993 3101 3174 3154 anima
3228 3101 3457 3155 diversis

205 3203 309 3246 est.
375 3188 611 3243 Pulchre
643 3196 822 3240 autem
877 3202 1041 3241 causa
1097 3187 1399 3257 praemissa,
1433 3203 1463 3241 a
1504 3188 1611 3243 Deo
1658 3191 1780 3244 data
1811 3221 1858 3283 ο
1890 3190 2313 3259 cogitationibus
2343 3189 2656 3244 afﬂictatur.

207 3285 478 3339 distentio
512 3291 618 3335 est.
640 3278 923 3344 Quomodo
947 3279 1091 3333 enim
1120 3281 1173 3333 in
1206 3278 1446 3345 Epistola
1469 3280 1534 3335 ad
1579 3280 1779 3334 Roma-

210 3393 311 3430 nos
348 3374 653 3429 scribitur:
690 3370 913 3437 PrOpter
952 3372 1091 3440 quod
1132 3373 1356 3425 tradidit
1409 3388 1494 3426 eos
1548 3372 1688 3426 Deus
1729 3374 1783 3427 in

208 3468 485 3535 passiones
516 3464 814 3533 ignominiae
842 3463 1017 3532 (Rom.
1046 3479 1085 3528 ι,
1109 3461 1189 3530 6}?
1214 3462 1278 3515 Et
1301 3462 1497 3517 iterum
1526 3478 1539 3518 :
1567 3463 1787 3532 Propter

212 3561 355 3628 quod
394 3558 620 3610 tradidit
660 3572 745 3609 eos
775 3554 911 3609 Deus
949 3557 1002 3607 in
1038 3557 1318 3625 reprobum
1350 3571 1577 3617 sensum.
1613 3566 1669 3609 ut
1703 3560 1785 3627 [a-

213 3656 332 3707 riau
345 3662 362 3703 t
376 3668 493 3721 quia
513 3667 616 3703 non
642 3658 842 3716 oportet
864 3649 911 3713 (Ι
920 3650 1007 3702 bid
1016 3691 1027 3700 .
1042 3650 1156 3718 28).
1169 3649 1247 3705 Ac
1259 3650 1483 3721 deinde}:
1505 3650 1787 3718 Propterea

215 3750 445 3802 tradidit
477 3764 569 3800 eos
609 3744 747 3798 Deus
783 3745 836 3797 in
868 3745 1127 3799 desideria
1161 3746 1334 3801 cordis
1367 3748 1448 3801 sui
1477 3747 1528 3799 in
1565 3748 1789 3799 immun-

219 3841 356 3892 ditia
369 3855 419 3889 m
440 3836 611 3905 (Ibid.
629 3837 743 3905 21).
760 3835 823 3889 Et
841 3837 904 3888 ad
925 3836 1445 3891 Thessalonicenses
1474 3852 1486 3886 :
1510 3836 1787 3902 Propterea

217 3933 390 3982 mittet
454 3930 529 3980 eis
590 3926 729 3979 Deus
786 3929 1142 3991 operationem
1194 3928 1389 3980 erroris
1438 3928 1458 3996 (
1490 3926 1549 3980 II
1606 3928 1784 3980 Thess.

221 4039 281 4085 ιι,
321 4019 499 4087 l0).Et
540 4018 693 4085 prius
743 4031 919 4070 causa:
973 4018 1338 4071 ostenduntur
1380 4019 1421 4082 ’,
1483 4033 1655 4085 quare
1711 4019 1791 4071 vel

220 4108 577 4180 passionibus
631 4105 962 4175 ignominiaa,
1022 4106 1103 4159 vel
1157 4108 1344 4161 sensui
1398 4110 1648 4174 reprobo,
1706 4109 1791 4163 vel

220 4203 403 4258 cordis
439 4202 527 4257 sui
575 4198 869 4254 desideriis
899 4198 1269 4254 concedantur
1321 4197 1449 4270 [Αι.
1495 4199 1791 4253 concidan-

222 4294 369 4366 tur],
426 4303 523 4346 aut
572 4290 702 4361 quid
758 4290 1008 4352 fecerint,
1061 4299 1121 4343 ut
1170 4292 1538 4358 operationem
1587 4291 1793 4345 erroris

220 4387 519 4454 accipiant.
578 4381 654 4434 Ita
709 4389 759 4435 et
816 4381 870 4433 in
923 4382 1335 4458 prtesentiurum
1396 4381 1600 4435 idcirco
1655 4380 1795 4437 Deus

222 4479 624 4538 distentionem
665 4477 857 4529 malam
909 4474 1059 4530 dedit
1110 4472 1450 4535 hominibus,
1488 4479 1546 4524 ut
1588 4472 1791 4527 disten-

294 4639 309 4669 ¹
342 4637 528 4701 Atque
584 4632 697 4685 lucc
761 4630 979 4698 quidem
1030 4630 1385 4701 interpretum
1434 4626 1791 4701 plurimorum

224 4696 498 4762 Sententia
536 4710 655 4765 est;
689 4696 981 4753 cuitamen
1013 4697 1257 4750 nonnulli
1293 4696 1381 4747 alii
1411 4696 1795 4761 adversantur,

225 4788 276 4830 ct
306 4786 433 4828 ante
486 4772 761 4824 liberioris
816 4770 937 4822 Vitae
986 4767 1213 4819 crimina
1271 4766 1532 4831 scriptum
1567 4781 1596 4817 a
1635 4766 1795 4819 Salo-

230 4860 388 4898 mone
423 4856 586 4910 opus,
625 4854 690 4892 ex
724 4852 788 4890 eo
822 4836 1181 4910 contendunt,
1211 4836 1375 4910 nupti
1436 4836 1557 4899 ejus
1605 4836 1799 4910 resipi-

230 4903 621 4968 scentise'nulla
653 4916 824 4961 exstet
849 4908 987 4975 apud
1021 4904 1272 4958 Ecclesia:
1301 4903 1485 4975 Patres
1517 4903 1797 4971 memoria,

230 4987 320 5054 qui
355 4985 420 5054 tie
450 4994 575 5054 ejus
603 4986 804 5054 aeterna
836 4982 1009 5054 salute
1052 4977 1320 5054 continu'p
1348 4974 1620 5054 dubitant.

302 5056 320 5084 ³
355 5043 627 5102 Victorius
652 5048 885 5113 supplet,
911 5046 1220 5113 jnngitque,
1256 5043 1324 5095 Et
1348 5046 1479 5093 sicut
1501 5046 1645 5109 prius
1676 5061 1799 5097 cau-

232 5138 325 5175 sw.
354 5161 368 5175 .
397 5160 410 5173 .
440 5158 453 5171 .
483 5158 496 5171 .
529 5156 541 5169 .
574 5155 587 5167 .
615 5116 874 5180 accipiant
912 5134 923 5166 :
961 5118 1033 5164 ita
1070 5125 1116 5165 et
1150 5114 1201 5164 in
1238 5114 1663 5179 pra'sentiarum,
1692 5128 1796 5168 etc.

304 5193 323 5221 ³
355 5190 411 5241 1η
453 5188 664 5254 aliquot
714 5200 881 5245 mss.,
924 5183 1115 5235 Ruoth.
1168 5182 1418 5235 Martiali.
1469 5183 1559 5235 hic
1606 5182 1797 5250 Routh,

233 5261 544 5331 paulo,_post
573 5254 742 5331 Rooth
768 5256 1017 5331 _l_egit_,_ct
1048 5254 1218 5331 χὸμῃν
1245 5267 1342 5331 pro
1363 5254 1693 5331 κίρνη-(ξιῆ

310 5360 374 5374 .-
413 5322 604 5382 ilooxa
642 5325 852 5391 Aquila.
908 5323 1006 5374 Ms.
1052 5322 1389 5375 Sorbouicus
1425 5322 1629 5385 liootit;
1664 5324 1800 5376 Cor-

234 5399 473 5453 beiensis
515 5404 764 5460 uterque,
808 5391 999 5445 Routlt.
1032 5392 1137 5445 Sed
1169 5394 1361 5444 sclieva
1398 5391 1715 5445 hodiernum
1750 5405 1801 5446 ct

232 5468 685 5522 Massoretliicutn
739 5472 948 5517 veteres
987 5462 1159 5530 legere
1194 5464 1369 5513 Solent
1404 5462 1555 5527 juxta
1608 5478 1799 5515 sonum

234 5537 443 5591 vocalis
478 5533 775 5599 sequentis
832 5548 844 5584 :
891 5528 1292 5599 aiTD'Sodom,
1336 5545 1433 5597 pro
1472 5531 1701 5596 Sedom;
1749 5544 1802 5587 ct

235 5609 322 5662 hic
354 5615 500 5668 nm
534 5598 719 5653 Hootlt.
761 5618 859 5669 pro
892 5602 1079 5661 licttt/t,
1110 5600 1220 5653 sive
1252 5598 1432 5651 Ii‘eott't.
1471 5598 1732 5655 Mantus.

305 5677 327 5706 ⁸
360 5675 465 5728 Sed
503 5672 721 5742 Syrum,
760 5674 1015 5723 dicentes.
1056 5669 1202 5721 Stite
1240 5672 1492 5742 observat
1540 5671 1800 5742 Hierony-

235 5762 379 5803 mus.
418 5759 526 5796 non
549 5737 835 5793 ll.-brt£utn
869 5754 1201 5794 sermonem.
1231 5737 1323 5788 51d
1352 5739 1548 5804 Syrum
1580 5737 1801 5804 expreg-

236 5819 373 5871 sisse
409 5810 550 5866 LXX
593 5809 959 5878 interpretes;
1006 5809 1130 5877 quia
1164 5818 1277 5869 nr,
1310 5822 1396 5860 rea
1432 5808 1699 5862 Chaldaeis
1748 5825 1798 5866 tt

1824 4572 1873 4628 1)

1968 3302 1987 3336 ι
2026 3281 2324 3338 Perversus
2360 3298 2465 3337 non
2502 3283 2704 3352 poterit
2749 3282 3001 3336 adornari
3037 3281 3078 3347 ⁸,
3112 3291 3166 3336 et
3199 3282 3459 3336 imminu-

1892 3373 1968 3427 tio
2003 3388 2111 3427 non
2166 3372 2367 3441 poterit
2412 3371 2712 3426 numerari.
2773 3392 2790 3422 ι
2840 3372 2942 3437 Qui
3001 3387 3292 3440 perversus
3345 3381 3454 3434 est,

1896 3465 2001 3520 nisi
2051 3474 2177 3519 ante
2221 3466 2548 3532 corrigatur,
2585 3479 2691 3517 non
2724 3464 2925 3533 poterit
2982 3465 3258 3519 adornari.
3291 3463 3457 3520 Recta

1896 3570 2146 3614 ornatum
2185 3558 2484 3627 recipiunt,
2516 3572 2682 3611 curva
2709 3559 3133 3612 correctionem.
3165 3557 3461 3614 Perversus

1897 3667 2004 3706 non
2041 3651 2264 3713 dicitur,
2304 3652 2410 3705 nisi
2452 3650 2544 3720 qui
2588 3650 2915 3719 depravatus
2947 3665 2977 3703 a
3012 3663 3160 3705 recto
3202 3660 3307 3706 est.
3346 3652 3459 3706 Hoc

1897 3756 2084 3801 contra
2137 3745 2448 3808 haereticos,
2486 3744 2579 3812 qui
2634 3744 2893 3812 quasdam
2932 3752 3158 3798 naturas
3209 3744 3457 3799 introdu-

1897 3845 2048 3898 cunt,
2083 3850 2200 3903 qua:
2247 3851 2358 3888 non
2392 3834 2666 3901 recipiunt
2712 3834 3020 3888 sanitatem.
3069 3833 3132 3888 Et
3172 3835 3300 3905 quia
3350 3843 3457 3890 im-

1900 3928 2153 3991 minutio,
2181 3926 2287 3979 hoc
2310 3935 2412 3989 est,
2438 3925 2581 3993 quod
2608 3924 2783 3983 deest.
2807 3939 2917 3977 non
2943 3934 3120 3993 potest
3146 3927 3419 3979 numerari
3444 3944 3460 3993 ;

1902 4027 2186 4087 pr0pterea
2251 4023 2459 4070 tantum
2520 4014 2883 4082 primogenita
2945 4015 3115 4069 Israel
3177 4027 3460 4070 numerata

1900 4117 2048 4163 sunt.
2082 4105 2318 4159 Feminae
2354 4118 2501 4167 vero,
2544 4112 2596 4157 et
2625 4103 2792 4169 servi,
2828 4113 2880 4158 ct
2918 4106 3153 4173 parvuli,
3184 4112 3238 4159 et
3275 4102 3464 4175 vulgus

1898 4214 1964 4253 ex
1994 4196 2248 4267 Egypto,
2296 4188 2645 4264 nequaquam
2694 4195 2997 4264 plenitudo,
3030 4198 3122 4251 sed
3156 4197 3464 4251 imminutio

1901 4293 2194 4349 exercitus.
2219 4287 2428 4355 absque
2459 4302 2687 4341 numero
2719 4288 3068 4355 prmtcrmissi
3102 4299 3255 4343 sunt.
3284 4289 3467 4344 Potest

1901 4391 1953 4435 et
1993 4380 2079 4433 hic
2105 4394 2224 4432 esse
2259 4393 2455 4431 sensus
2488 4393 2501 4431 :
2532 4375 2706 4429 Tanta
2757 4378 2965 4431 malitia
2997 4378 3053 4432 in
3086 4380 3269 4433 mundi
3299 4380 3462 4448 hujus

1903 4471 2204 4539 capacitate
2257 4477 2527 4531 versatur,
2562 4475 2623 4520 ut
2657 4467 2725 4521 ad
2766 4467 3044 4538 integrum
3088 4469 3214 4523 boni
3260 4476 3462 4523 statum

1903 4628 2243 4699 Syristvelle
2268 4636 2350 4699 est
2372 4635 2430 4699 et
2458 4628 2703 4696 cegitare.
2740 4627 3009 4681 Maurus.

1970 4727 2040 4738 ——
2082 4697 2207 4750 Sive
2250 4698 2623 4758 Chaldaicum,
2664 4713 2773 4765 quo
2808 4712 3061 4751 sermone
3100 4712 3202 4752 vox
3253 4698 3463 4760 istltzec,

1896 4778 2038 4831 my-i
2081 4767 2401 4819 voluntatem
2434 4774 2631 4832 sonat;
2664 4769 3015 4833 Occurritque
3049 4768 3172 4820 Ezr.
3209 4784 3258 4831 v,
3292 4770 3376 4831 17,
3413 4780 3468 4824 et

1901 4855 1996 4895 vti.
2032 4838 2117 4890 48.
2151 4836 2491 4890 tionscnsere
2518 4846 2696 4889 autem
2722 4840 2830 4899 τοῖς
2874 4836 3013 4889 LXX
3052 4838 3271 4905 quidam
3303 4840 3465 4892 etiam

1900 4926 1929 4963 e
1962 4907 2260 4988 Dabbinis,
2292 4909 2383 4973 qui
2440 4921 2538 4988 pro
2758 4906 3103 4988 beneptacito,
3143 4918 3461 4988 .exponiunt.

1975 4980 1994 5009 ⁸
2020 4979 2332 5045 Κακουχίαν
2355 4976 2728 5029 vocant.'l‘1diti
2747 4985 2903 5029 antea
2927 4976 3047 5029 libri
3073 4978 3470 5030 liabentxo’txw-

1905 5064 2023 5105 om;
2084 5046 2176 5100 sed
2212 5046 2393 5098 omnia
2433 5048 2761 5114 exemplaria
2799 5062 2930 5098 mss.
2966 5047 3149 5113 legunt
3191 5046 3333 5113 quod
3371 5063 3468 5101 nos

1903 5119 2191 5171 edidimus.
2228 5116 2319 5167 Est
2349 5126 2529 5169 autem
2563 5114 2860 5182 κακουχίαν,
2895 5116 3034 5166 mala
3062 5117 3264 5168 vexatio
3285 5155 3300 5180 ,
3328 5120 3467 5169 sicut

1903 5187 2181 5251 naxoipat
2210 5187 2482 5253 signiticet
2512 5186 2649 5237 male
2676 5200 2851 5248 vexor,
2882 5200 3116 5237 animum
3149 5187 3462 5253 despondeo.

1903 5258 2168 5310 Matt‘l'IAN.
2831 5316 2834 5319 λ

1974 5354 2042 5362 -—
2073 5326 2148 5376 lta
2188 5333 2239 5375 et
2273 5339 2404 5377 mss.
2438 5326 2613 5379 nostri
2646 5326 2867 5388 habent,
2902 5332 3065 5392 atque
3097 5325 3211 5394 ipse
3236 5324 3463 5379 Hieron.

1906 5396 1958 5447 in
1990 5394 2360 5446 Commentar.
2399 5396 2450 5445 iu
2496 5400 2639 5449 hunc
2674 5396 2906 5448 Mattltmi
2942 5395 3141 5458 locum,
3181 5396 3465 5461 malitiam,

1905 5467 2101 5529 inquit,
2142 5480 2242 5515 non
2284 5468 2606 5517 contrariam
2643 5465 2826 5516 rirtuti
2862 5466 3057 5529 posuit,
3090 5468 3176 5517 sed
3213 5465 3466 5531 laborem,

1905 5544 1950 5586 et
1981 5534 2336 5600 uﬁlirtionem,
2374 5545 2419 5585 ct
2455 5536 2727 5601 angustias
2772 5533 2974 5586 sa’cuti.

1979 5606 1996 5633 θ
2038 5608 2312 5655 l’ert'ersus
2359 5620 2459 5655 non
2492 5616 2679 5671 poterit
2712 5605 2987 5655 adornari.
3033 5603 3130 5657 llic
3160 5620 3376 5672 quoque
3413 5608 3467 5658 in

1908 5673 2067 5725 editis
2098 5674 2246 5725 libris
2274 5677 2535 5741 Sttl'lpltttlt
2563 5684 2643 5727 est
2666 5689 2961 5741 perversum
2994 5690 3095 5724 non
3127 5678 3336 5734 poterit,
3358 5686 3467 5729 etc.

1909 5745 1967 5793 At
2001 5746 2062 5791 de
2090 5752 2189 5793 hoc
2218 5759 2265 5795 κ(
2285 5748 2379 5795 rho
2412 5743 2550 5795 intra
2579 5747 2627 5795 iu
2654 5746 2808 5797 Notis
2833 5745 3034 5797 nostris
3059 5744 3466 5812 proltxiot'ibUS.

1911 5815 2182 5867 Marnas.
