4216 6352
716 332 852 399 1079

1907 346 1965 403 S.
2002 342 2314 404 EUSEBII
2351 341 2793 403 ΠΙΕΠΟΝΥΜΙ

3835 334 3963 398 id”)

707 453 763 505 in
824 452 1004 507 medio
1044 456 1058 485 ⁸
1114 455 1206 509 ilia
1278 455 1582 524 plantetur,
1628 455 1772 528 ligna
1837 467 2035 513 caetera
2105 459 2285 512 sicca-
2318 463 2362 517 Α
2392 474 2587 512 aurum
2620 472 2839 527 semper
2870 455 3151 527 Scriptura
3176 455 3364 510 divina
3397 469 3565 524 super
3592 466 3848 508 sermone
3879 468 3964 521 pn-

707 548 937 598 buntur.

784 636 953 691 «Feci
1016 640 1149 693 mihi
1209 642 1448 710 piStinas
1493 659 1757 715 aquarum
1821 643 1887 697 ad
1945 642 2283 714 irrigandum

706 729 873 802 399
905 745 968 787 ex
1002 732 1081 785 eis
1115 732 1308 787 saltum
1344 737 1739 803 germinantem
1761 734 2000 801 lignum.
2036 752 2053 784 ι
2117 731 2285 796 Ligna

707 830 945 882 saltuum
977 830 1020 893 ',
1051 826 1196 897 ligna
1232 828 1519 891 silvarum,
1550 843 1670 897 quae
1702 842 1806 880 non
1842 836 1971 883 sunt
2000 824 2286 893 frugifera,

706 934 829 989 qua:
852 933 1013 988 poma
1048 933 1154 972 non
1186 918 1438 984 aﬂ‘eruut,
1470 934 1574 971 non
1605 918 1831 971 aluntur
1864 916 2035 969 imbre
2056 913 2289 976 caelesti,

705 1027 816 1067 non
856 1013 1109 1082 supernis
1135 1013 1291 1083 aquis
1357 1011 1454 1067 sed
1495 1011 1581 1065 his
1629 1026 1753 1079 qua:
1812 1010 1866 1065 in
1929 1007 2169 1077 piscinas
2222 1008 2290 1059 de

706 1106 904 1161 rivulis
937 1106 1296 1175 colliguntur.
1330 1105 1466 1161 Nam
1514 1105 1784 1178 [Egyptus
1845 1101 2069 1158 humilis
2105 1108 2159 1154 et
2206 1098 2292 1164 ja-

711 1216 867 1264 cens,
900 1202 1061 1271 quasi
1089 1200 1289 1257 hortus
1316 1201 1552 1264 olerum,
1590 1197 1826 1254 terrenis
1849 1196 1988 1251 etde
2010 1192 2291 1261 .‘EthiOpia

706 1293 1056 1349 Venieutibus
1082 1294 1263 1364 aquis,
1295 1293 1587 1362 irrigatur.
1631 1291 1800 1346 Terra
1836 1304 1963 1344 vero
2003 1286 2296 1357 repromis-

719 1386 917 1451 sionis,
968 1403 1089 1456 qua
1140 1395 1429 1440 montuosa
1485 1396 1572 1440 est
1638 1396 1691 1439 et
1758 1391 1967 1446 erecta,
2028 1392 2296 1449 tempora-

710 1494 874 1534 neam
903 1487 958 1532 et
988 1478 1291 1533 serotinam
1329 1478 1569 1548 pluviam
1602 1486 1892 1546 exspectat
1922 1491 1951 1529 e
1987 1474 2151 1529 cmlo.

790 1587 810 1620 ε
842 1569 1115 1627 Mercatus
1142 1586 1264 1626 sum
1294 1586 1509 1633 servos,
1544 1580 1598 1625 et
1625 1570 1881 1631 athilins,
1919 1577 1973 1621 et
2020 1566 2297 1619 vernaculi

713 1659 935 1716 fuerunt
964 1662 1123 1725 mihi,
1146 1662 1435 1731 etquidem
1462 1660 1735 1728 possessio
1766 1657 1997 1712 armenti
2032 1666 2084 1709 et
2114 1655 2298 1708 ovium

716 1756 887 1809 multa
914 1754 1016 1809 fuit
1054 1755 1183 1808 mihi
1216 1756 1260 1810 ³.
1295 1774 1313 1805 ι
1366 1754 1422 1807 Si
1480 1755 1736 1807 volumus
1793 1749 2184 1809 Ecclesiasten.
2241 1756 2299 1799 ut

720 1864 885 1916 supra
917 1849 1179 1911 diximus,
1209 1847 1372 1902 etiam
1416 1863 1559 1901 nunc
1598 1848 1663 1899 ad
1698 1844 1900 1898 Christi
1932 1841 2139 1895 referre
2175 1855 2299 1908 per-

721 1958 939 2007 sonam,
967 1958 1265 2011 possumus
1292 1958 1481 1997 servos
1510 1926 1628 2013 ejus
1661 1942 1866 2001 dicere,
1926 1937 2016 2002 qui
2062 1936 2302 1989 habeant

722 2036 971 2102 spiritum
1007 2034 1223 2089 timoris
1256 2034 1313 2092 in
1335 2036 1620 2099 servitute,
1650 2040 1706 2087 ct
1754 2029 2065 2101 spiritualia
2129 2026 2303 2095 magis

722 2128 1059 2193 desiderant,
1097 2144 1258 2198 quam
1296 2137 1517 2181 teneant
1547 2143 1561 2181 :
1588 2126 1823 2179 ancillas
1868 2137 1997 2175 vero
2042 2135 2136 2171 cas
2184 2117 2303 2170 ani-

723 2237 845 2276 mas
874 2222 1173 2292 appellare,
1215 2236 1341 2291 qua:
1366 2220 1544 2274 adimo
1596 2216 1811 2285 corpori
1858 2225 2126 2278 terraeque
2178 2217 2307 2263 sunt

725 2316 942 2369 deditae.
976 2313 1317 2370 Vernaculos
1341 2325 1563 2382 quoque
1592 2308 1715 2363 illos
1749 2307 1841 2374 qui
1893 2312 2024 2359 sunt
2080 2301 2305 2371 quidem

727 2412 794 2465 de
820 2411 1085 2473 Ecclesia,
1122 2420 1175 2464 et
1209 2422 1432 2468 servos,
1462 2415 1515 2460 et
1551 2404 1805 2459 ancillas.
1838 2402 1904 2453 de
1930 2398 2132 2469 quibus
2167 2394 2309 2449 diti-

728 2521 879 2568 mus,
904 2504 1233 2558 antecedunl
1266 2518 1280 2555 :
1312 2501 1545 2554 necdum
1576 2507 1758 2550 tamen
1811 2494 2062 2547 libertate
2117 2489 2306 2543 donati

730 2610 883 2661 sunt,
911 2611 1009 2650 nec
1036 2595 1318 2649 nobilitate
1346 2608 1373 2645 a
1402 2591 1651 2646 Domino.
1698 2588 1837 2642 Sunt
1862 2595 2043 2639 autem
2105 2593 2153 2637 ιιι
2216 2581 2309 2633 alii

730 2692 787 2745 in
822 2688 1022 2743 familia
1046 2687 1391 2743 Ecclesiaste
1414 2687 1585 2738 instar
1608 2682 1767 2737 boum
1803 2687 1857 2732 et
1894 2678 2106 2737 ovium,
2180 2688 2311 2744 pro-

731 2791 859 2851 pter
881 2795 1043 2848 opera
1073 2789 1128 2833 et
1155 2778 1566 2847 simplicitatem
1606 2792 1620 2828 :
1665 2775 1761 2842 qui
1796 2774 2004 2837 absque
2030 2768 2241 2823 ratione
2261 2776 2315 2819 et

733 2872 970 2926 scientia
1034 2867 1448 2938 Scripturarum
1506 2864 1761 2918 laborant
1816 2862 2036 2930 quidem
2096 2860 2147 2911 in
2212 2856 2315 2909 Ee-

737 2967 928 3027 ciesia,
970 2963 1064 3019 sed
1100 2962 1337 3017 necdum
1378 2959 1442 3011 ad
1476 2958 1526 3012 id
1558 2949 1884 3025 pervenere,
1939 2964 1997 3007 ut
2059 2951 2315 3005 homines

736 3076 861 3115 esse
894 3066 1233 3116 mereantur,
1269 3063 1323 3107 et
1353 3054 1577 3106 redeant
1610 3054 1674 3104 ad
1718 3051 2008 3119 imaginem
2062 3043 2318 3099 condito-

2332 1794 2376 1850 Β

2393 551 2473 603 nit
2503 557 2555 601 ct
2598 561 2788 601 sensu.
2825 544 2981 601 Unde
3015 554 3069 601 et
3100 546 3152 600 in
3180 546 3533 615 sexagesimo
3559 544 3797 613 septimo
3826 544 3962 611 psal-

2393 656 2483 693 mo
2507 639 2761 693 columha
2789 653 2912 707 qua
2934 638 3333 708 interpretatur
3369 640 3422 692 in
3452 639 3676 707 spiritu,
3732 635 3964 688 manife-

2392 732 2591 787 stiores
2610 740 2662 785 et
2697 729 2837 785 visui
2868 732 3146 800 expositas
3173 735 3288 786 alas
3318 733 3704 801 deargentatas
3761 728 3962 783 habet”.

2392 825 2752 879 occultiorem
2791 837 2923 877 vero
2952 824 3290 878 intrinsecus
3320 838 3546 877 sensum
3576 823 3630 874 in
3658 821 3779 874 auri
3812 819 3967 887 palin-

2393 929 2451 965 τε
2477 914 2680 981 operit.
2703 914 2912 983 Regum
2942 926 3124 971 autem
3160 916 3525 977 substantias,
3565 922 3621 969 et
3657 914 3956 981 provincia-

2394 1021 2542 1061 rum.
2596 1008 2716 1062 sive
2774 1008 3083 1077 regionum,
3136 1011 3189 1064 in
3226 1008 3573 1063 credentium
3626 1005 3966 1073 congregavit

2396 1096 2737 1163 Ecclesiam;
2787 1099 3008 1153 illorum
3051 1114 3236 1167 regum
3266 1140 3283 1164 ,
3326 1099 3394 1154 de
3438 1101 3643 1167 quibus
3691 1098 3967 1152 Psalmista

2397 1190 2546 1244 cauit
2581 1209 2594 1243 :
2641 1192 2942 1246 Astiterunt
2982 1209 3123 1262 reges
3165 1202 3325 1248 terra:
3352 1232 3367 1256 ,
3408 1204 3457 1246 et
3496 1195 3765 1259 principes
3802 1206 3972 1243 cont-e-

2400 1294 2587 1337 nxrunt
2631 1285 2683 1337 in
2728 1300 2893 1337 unum
2940 1283 3118 1354 (Paul.
3164 1302 3238 1350 tt,
3284 1287 3343 1354 2)
3381 1303 3396 1339 :
3432 1286 3768 1352 illarumque
3812 1286 3971 1352 regio-

2401 1391 2530 1427 num
2569 1375 2589 1405 ⁶
2622 1376 2674 1428 in
2711 1391 2850 1446 quas
2889 1378 3083 1433 oculos
3135 1378 3306 1432 levari
3362 1378 3617 1432 Salvator
3667 1377 3918 1446 praecepit
3958 1394 3969 1427 :

2400 1467 2527 1533 quia
2563 1468 2675 1536 jam
2718 1470 2996 1523 candeant
3037 1471 3104 1522 ad
3155 1471 3470 1526 metendum
3505 1471 3695 1531 (Joan.
3729 1470 3825 1537 Iv).
3859 1469 3978 1523 Pus-

2404 1569 2531 1610 sunt
2566 1573 2756 1628 regqu
2792 1562 3120 1617 substantia:
3155 1574 3206 1616 et
3245 1563 3704 1633 philosophorum
3750 1563 3857 1616 dici
3887 1562 3977 1615 do-

2404 1654 2591 1711 gmata
2620 1683 2635 1707 ,
2670 1655 2724 1697 ct
2764 1647 3011 1703 scientite
3040 1651 3355 1713 smeulares,
3389 1667 3527 1720 quas
3574 1652 3983 1706 Ecclesiasticus

2406 1737 2489 1789 vir
2519 1736 2814 1807 diligenter
2838 1738 3186 1809 intelligens,
3219 1743 3588 1811 apprehendit
3624 1746 3899 1812 sapientes
3932 1745 3979 1795 in

2405 1831 2604 1884 astutia
2638 1846 2851 1897 eorum,
2882 1842 2937 1885 et
2969 1836 3144 1901 perdit
3180 1836 3504 1903 sapientiam
3546 1837 3902 1904 sapientium,
3933 1846 3982 1888 ιιι

2406 1922 2753 1989 prudentiam
2786 1924 3138 1992 prudentium
3173 1928 3431 1998 reprobat
3464 1932 3479 1997 (
3509 1930 3533 1984 Ι
3572 1930 3705 1985 Cor.
3740 1946 3754 1982 I
3782 1932 3821 1997 ).
3850 1932 3984 1984 Can-

2409 2022 2555 2067 tores
2583 2030 2803 2083 quoque
2837 2026 2891 2070 et
2920 2019 3265 2084 cantatrices,
3322 2023 3397 2075 illi
3460 2023 3543 2076 vel
3581 2023 3688 2076 illa:
3716 2032 3868 2083 sunt,
3899 2020 3982 2090 qui

2407 2106 2649 2173 psallunt
2678 2108 2873 2176 spiritu
2902 2152 2915 2172 ,
2951 2111 3190 2178 psallunt
3222 2124 3274 2167 et
3308 2123 3510 2168 mente.
3546 2114 3813 2167 Cantator
3843 2114 3984 2183 qua-i

2410 2200 2494 2253 vir
2536 2210 2593 2253 et
2640 2203 2903 2257 robustus
2949 2212 3003 2257 et
3054 2205 3363 2273 spiritualis
3403 2207 3471 2262 de
3497 2208 3789 2262 altioribus
3830 2207 3985 2262 canit.

2408 2293 2699 2347 Cantatrix
2752 2309 2883 2349 vero
2932 2296 3115 2351 adhuc
3158 2297 3308 2353 circa
3365 2300 3659 2354 materiam
3702 2299 3987 2357 volutatur.

2410 2402 2575 2457 quam
2604 2385 2779 2441 Graeci
2813 2387 2949 2458 ὓλην
2983 2399 3218 2455 vocant;
3261 2406 3365 2446 nec
3400 2402 3581 2460 potest
3621 2407 3813 2447 vocem
3846 2408 3989 2447 suam

2413 2479 2469 2533 in
2516 2478 2754 2533 sublime
2785 2480 3001 2534 tollere.
3054 2480 3384 2550 Ubicunque
3430 2498 3562 2553 ergo
3608 2486 3662 2537 in
3700 2482 3992 2553 Scripturis

2415 2570 2618 2626 femina
2651 2572 2853 2641 legitur
2881 2581 2937 2626 et
2966 2588 3133 2629 sexus
3167 2573 3433 2644 fragilior,
3466 2577 3533 2628 ad
3566 2577 3815 2631 materiae
3849 2577 3996 2630 intel-

2417 2662 2697 2733 ligentiam
2742 2664 3164 2719 transferamus.
3210 2662 3365 2719 Unde
3405 2676 3458 2721 et
3496 2666 3715 2720 Pharao
3754 2682 3859 2721 non
3894 2668 3996 2720 vult

2418 2754 2701 2809 masculos
2730 2756 3022 2821 viviticari,
3053 2760 3148 2809 sed
3187 2765 3401 2808 tantum
3442 2756 3701 2819 feminas,
3733 2773 3854 2826 qua
3894 2774 3999 2810 ma.

2420 2847 2569 2901 toria:
2598 2858 2725 2901 sunt
2759 2850 2951 2903 vicina
2986 2848 3183 2917 (Exod.
3219 2857 3278 2915 tl.
3328 2849 3394 2902 Et
3433 2866 3463 2903 e
3505 2850 3789 2904 contrario
3830 2851 3997 2903 nullus

2422 2940 2773 3005 Sanctorum,
2801 2942 2907 2995 nisi
2933 2957 3158 3011 perraro
3188 2942 3421 2997 feminas
3444 2944 3701 3012 genuisse
3729 2951 3991 2997 narratur.

2425 3034 2703 3100 Solusque
2752 3033 3075 3103 Salpbaath,
3110 3036 3200 3103 qui
3245 3037 3297 3086 in
3347 3035 3587 3103 peccatis
3619 3045 3873 3088 mortuus
3900 3044 3994 3097 est,

739 3155 842 3206 ris.
879 3148 1203 3217 Diligentius
1234 3144 1533 3212 notaquod
1574 3145 1627 3196 iu
1667 3143 1862 3203 servis,
1892 3148 1945 3193 et
1977 3136 2218 3197 ancillis,
2267 3144 2319 3187 ct
2344 3130 2390 3193 (ζ
2422 3140 2614 3179 Otones
2662 3124 2800 3178 filias
2842 3126 3024 3195 genuit
3054 3124 3247 3190 (Nion.
3288 3127 3446 3196 xxv).
3483 3126 3658 3198 Jacob
3699 3126 3844 3180 inter
3875 3128 3998 3179 duo-

741 3239 1062 3296 vernaculis
1096 3235 1390 3291 multitudo
1416 3249 1523 3288 non
1576 3234 1821 3295 additur,
1879 3231 1931 3283 iu
1968 3229 2143 3283 bobus
2193 3240 2322 3279 vero

743 3344 799 3390 et
832 3335 1028 3386 ovibus
1052 3331 1276 3393 dicitur,
1320 3330 1581 3396 possessio
1608 3326 1833 3378 armenti
1868 3332 1915 3377 et
1949 3323 2123 3375 ovium
2171 3317 2324 3369 multi

746 3426 849 3496 fuit
911 3425 1047 3476 mihi
1083 3427 1129 3476 δ.
1164 3421 1325 3475 Plura
1387 3419 1589 3489 quippe
1649 3420 1702 3471 in
1756 3415 1996 3469 Ecclesia
2059 3420 2325 3470 armenta,

747 3533 913 3589 quam
946 3514 1197 3570 homines
1226 3530 1241 3578 ;
1276 3515 1462 3583 plures
1491 3525 1642 3572 oves,
1677 3524 1840 3578 quam
1902 3505 2068 3563 servi,
2116 3501 2325 3555 ancilla:

751 3624 917 3681 atque
942 3608 1253 3663 vernaculi.
1287 3606 1426 3660 illud
1481 3619 1635 3668 vero,
1692 3602 1839 3671 quod
1904 3600 1956 3654 in
2023 3598 2132 3651 lite
2197 3593 2329 3648 dici-

752 3715 843 3757 tur
868 3719 884 3757 ε

831 3814 853 3848 σ
899 3795 1075 3863 Super
1115 3808 1334 3856 omnes,
1376 3793 1470 3861 qui
1533 3792 1755 3846 fuerunt
1781 3801 1909 3846 ante
1941 3806 2025 3845 me
2066 3791 2117 3844 in
2169 3789 2331 3844 Jeruc

757 3894 955 3954 sa’em,
1014 3888 1171 3957 aznon
1202 3886 1268 3939 ad
1291 3885 1555 3954 grandem
1596 3884 1826 3953 gloriam
1884 3886 2121 3951 pertinet
2178 3884 2335 3937 Salo-

760 3980 963 4040 monis,
997 3992 1108 4031 uno
1140 3989 1296 4046 patre
1327 3990 1425 4028 suo
1454 3990 1579 4041 rege
1612 3990 1670 4028 se
1697 3973 1951 4027 ditiorem
1978 3973 2168 4034 fuisse,
2203 3972 2333 4041 quia

760 4072 867 4127 sub
907 4069 1070 4124 Saule
1102 4070 1333 4122 necdum
1365 4066 1695 4132 regnabatur
1732 4064 1784 4117 in
1814 4064 2149 4126 Jerusalem,
2203 4074 2254 4117 et
2306 4078 2335 4116 a

764 4165 1032 4221 Jcbusazis
1054 4164 1146 4231 qui
1176 4160 1277 4231 ipsi
1308 4160 1427 4214 urbi
1457 4158 1797 4221 insederant,
1820 4157 2128 4213 tenebatur.
2163 4157 2339 4211 Altius

766 4263 959 4328 itaque
993 4255 1369 4318 tractandum,
1402 4268 1523 4322 qua:
1561 4252 1635 4307 sit
1694 4248 2037 4305 Jerusalem:
2100 4258 2154 4303 et
2204 4260 2342 4315 quo-

766 4354 933 4409 modo
965 4348 1343 4408 Ecclesiastes,
1395 4354 1521 4397 ante
1573 4357 1790 4405 omnes,
1822 4342 1911 4410 qui
1952 4355 2011 4393 se
2046 4354 2344 4409 praecesse-

770 4455 898 4501 runt
924 4457 1078 4510 rcges
1109 4441 1162 4494 in
1188 4437 1519 4500 Jerusalem,
1549 4437 1715 4489 ditior
1742 4434 1925 4489 fuerit.

848 4559 865 4589 ι
906 4533 1241 4606 Congregavi
1273 4531 1402 4585 mihi
1436 4539 1741 4599 argentum,
1771 4535 1825 4581 et
1849 4540 2067 4589 aurum,
2135 4533 2187 4579 et
2218 4525 2351 4578 sub-

774 4632 1008 4689 stantias
1056 4642 1241 4695 regum
1277 4634 1330 4677 et
1364 4622 1788 4690 provinciarum.
1823 4615 1949 4670 Feci
1994 4616 2126 4669 mihi
2156 4624 2352 4669 cauto-

777 4737 864 4776 res
896 4729 949 4774 et
977 4716 1327 4774 cantatrices,
1362 4722 1416 4764 et
1440 4710 1662 4764 :lelicias
1688 4706 1855 4778 5.00
1888 4706 2122 4759 fliiorum
2168 4704 2351 4758 homi-

779 4828 939 4877 num,
973 4810 1255 4864 ministros
1281 4805 1393 4858 vini
1424 4812 1479 4857 et
1525 4801 1830 4857 ministras.
1873 4818 1891 4849 ι
1954 4801 2257 4867 Argentum
2285 4806 2338 4850 et

857 4948 872 4977 ³
909 4944 1021 4999 Nisi
1056 4945 1195 4997 enim
1236 4944 1288 4994 iu
1327 4939 1493 4991 medio
1523 4977 1538 5002 ,
1591 4947 1696 4989 etc.
1745 4932 2107 4987 Corbeienses
2158 4945 2354 4982 manu-

786 5018 973 5082 srripti
1013 5014 1200 5067 eodem
1234 5026 1397 5064 sensu
1435 5010 1720 5082 siclt'gunt
1748 5045 1763 5068 ,
1794 5005 1893 5055 nisi
1922 5004 2059 5054 enim
2093 5002 2146 5053 in
2183 5003 2353 5052 medio

786 5078 1001 5141 illarum
1034 5084 1323 5153 plantetur,
1358 5093 1463 5153 me.
1499 5078 1771 5153 nisurum.
1842 5146 1845 5147 ν

859 5159 877 5186 ³
927 5139 1077 5208 llucis
1137 5139 1334 5211 Vatini,
1416 5147 1625 5200 Saf'um
1680 5142 2114 5215 germnmntium.
2182 5139 2347 5209 Ligna

789 5227 1045 5285 saltuum,
1082 5239 1186 5277 et-r.

863 5298 883 5327 ³
912 5280 1044 5349 Mss;
1079 5294 1248 5345 nostri
1286 5290 1527 5349 addunt,
1563 5286 1733 5352 Super
1767 5296 1948 5336 omnes
1972 5318 1987 5341 ,
2018 5283 2105 5348 qui
2148 5280 2363 5347 {uerunt

792 5376 911 5419 ante
943 5382 1020 5417 me
1050 5368 1103 5417 in
1132 5363 1454 5416 Jerusalem.

867 5439 885 5465 ³
919 5434 1081 5488 ltdcm
1120 5454 1273 5495 ιιιδδη
1312 5431 1376 5483 [Ct
1412 5431 1583 5481 arium
1618 5426 1909 5495 multitudo
1935 5421 2034 5485 fuit
2071 5420 2219 5473 mihi.

864 5507 885 5540 ³
920 5506 984 5558 In
1034 5507 1225 5568 spiritu
1256 5488 1686 5565 innitifcstim'cs,
1737 5506 1844 5568 etc.
1901 5494 2234 5568 Depravat‘us
2280 5488 2365 5542 hic

797 5582 949 5631 locus
992 5562 1075 5627 est
1112 5579 1162 5625 in
1208 5562 1485 5625 Vt‘lt'l'ilills
1516 5567 1851 5622 editiontbus
1878 5602 1892 5622 .
1936 5563 2028 5615 ubi
2078 5562 2307 5629 legimus
2350 5574 2363 5612 :

799 5648 1014 5712 I‘rOpter
1053 5644 1411 5711 manifestiora
1461 5649 1508 5691 et
1563 5641 1695 5691 visui
1740 5635 2025 5701 expositas,
2061 5635 2173 5683 alus
2204 5631 2363 5681 dear-

798 5730 1039 5787 gcntutns
1070 5717 1240 5767 Imbcl.
1275 5714 1534 5787 Maurus.

873 5788 889 5814 "
927 5785 1132 5839 litartm
1157 5802 1251 5847 qui:
1289 5786 1579 5846 rraionmn,
1616 5789 1718 5830 ειν.
1758 5777 1922 5829 ιιιὴιιι
1954 5789 1977 5823 e
2002 5772 2078 5822 isti
2114 5786 2267 5824 antu
2301 5773 2333 5824 li

2427 3219 2600 3271 decim
2643 3218 2986 3289 patriarchas
3058 3218 3224 3272 unius
3295 3217 3429 3271 lilia:
3482 3228 3634 3287 pater
3680 3230 3810 3279 est,
3852 3231 3901 3271 et
3943 3217 4001 3269 ob

2429 3313 2602 3382 ipsam
2639 3310 2975 3379 periclitatur
3006 3311 3161 3377 (Gen.
3192 3311 3344 3373 xxx).
3383 3308 3601 3365 Βετίἰςίειξ
3634 3313 3852 3380 q‘uoque
3884 3311 4003 3364 illio-

2432 3420 2553 3458 rutu
2598 3403 2881 3456 hominum
2929 3419 3094 3471 super
3135 3401 3403 3468 sapientia
3449 3403 3854 3472 intellgendm,
3897 3416 4003 3471 qua

2432 3497 2497 3551 ad
2544 3497 2717 3550 instar
2762 3494 2999 3564 paradisi
3044 3496 3207 3547 habet
3241 3495 3488 3562 pomaria
3532 3496 3682 3547 varia
3728 3496 3770 3555 ⁷,
3803 3507 3853 3549 et
3883 3495 4004 3547 It'tli-

2435 3590 2645 3660 tiplica
2690 3589 3019 3657 voluptates.
3098 3586 3159 3638 Et
3201 3586 3268 3641 de
3314 3587 3433 3656 ipsa
3479 3587 3799 3656 prteripiIur
3830 3603 3844 3640 :
3880 3586 4007 3637 Deie-

2437 3693 2584 3735 cture
2628 3682 2681 3733 in
2720 3679 2943 3733 Domino
2967 3721 2981 3736 .
3008 3690 3057 3732 rt
3090 3679 3239 3732 dabit
3270 3680 3366 3731 tibi
3415 3681 3690 3745 petitiones
3738 3678 3905 3732 cordis
3942 3677 4006 3726 mi

2440 3772 2617 3842 (Paul.
2653 3788 2854 3834 xxxvi,
2888 3772 2964 3835 ι).
3004 3769 3069 3822 Ει
3103 3773 3156 3823 in
3189 3770 3296 3823 alio
3347 3772 3467 3824 leto
3512 3790 3524 3823 :
3577 3768 3831 3822 Turrrute
3884 3768 4010 3821 relu-

2440 3871 2600 3935 ptatis
2640 3878 2741 3919 tuo:
2776 3866 2981 3933 [lumbis
3028 3882 3113 3916 eos
3156 3863 3333 3931 (Prol.
3366 3880 3571 3917 xxxviii
3597 3907 3609 3924 ,
3654 3866 3735 3929 2).
3793 3863 3920 3915 Nam
3954 3863 4009 3914 de

2442 3963 2554 4015 vini
2589 3960 2907 4021 fusorihus,
2954 3968 3007 4009 et
3050 3957 3160 4008 vini
3212 3956 3556 4010 fusitricihus
3589 3958 3679 4023 (ad
3720 3956 4009 4010 distinctio-

2444 4070 2566 4107 ne.n
2597 4054 2800 4120 quippe
2828 4064 2974 4102 nunc
3004 4048 3317 4109 masculini,
3351 4048 3617 4101 feminino
3646 4064 3850 4116 genere
3884 4046 4009 4098 volui

2445 4145 2748 4205 declinare,
2782 4141 2928 4209 quod
2970 4139 3197 4192 Latinus
3240 4153 3419 4191 sermo
3465 4152 3573 4190 non
3622 4138 3841 4205 recipit)
3884 4135 4011 4191 aliud

2448 4238 2643 4299 tnultn,
2676 4248 2841 4304 quam
2876 4234 2929 4286 in
2962 4242 3220 4300 promptu
3256 4239 3364 4293 est,
3392 4229 3586 4298 Aquila
3622 4231 4011 4297 interpretatur.

2448 4332 2566 4387 Non
2608 4332 2753 4385 enim
2795 4328 3075 4387 homines,
3123 4326 3269 4379 viros
3317 4324 3607 4386 videlicet,
3653 4335 3709 4376 et
3754 4322 3909 4393 ἀοι
3955 4322 4015 4373 fc-

2453 4425 2655 4481 minas.
2702 4420 2796 4474 sed
2849 4420 3197 4473 vasculorum
3238 4418 3448 4486 species
3480 4416 3500 4446 ⁸
3531 4417 3855 4478 nominavit,
3888 4413 4017 4466 κυλξ·

2456 4531 2577 4566 κιον
2630 4524 2683 4565 et
2735 4512 2960 4562 κυλίκια
3017 4526 3220 4561 vocans
3251 4550 3265 4572 ,
3324 4508 3468 4576 quod
3520 4505 3788 4562 llehraice
3839 4507 4017 4560 dicitur

2457 4621 2633 4663 sanna
2670 4604 2834 4671 {rt-rw)
2872 4612 2925 4656 et
2968 4618 3213 4656 sacaoru
3250 4601 3460 4667 tn'ri‘c).
3501 4601 3750 4669 Denique
3788 4599 4019 4664 svium:-

2460 4703 2646 4764 chus,
2703 4700 2830 4751 licet
2882 4697 3113 4750 verbum
3170 4712 3279 4748 nou
3333 4694 3571 4755 potuerit
3619 4693 3922 4761 exprimere
3964 4688 4018 4740 de

2458 4795 2663 4855 verbo,
2710 4791 2779 4843 ab
2825 4791 2928 4842 hac
2966 4787 3227 4856 opinione
3274 4803 3381 4840 non
3427 4788 3587 4855 longe
3625 4793 3751 4845 est,
3795 4783 4016 4837 dicens:

2462 4933 2582 4992 hri,
2630 4928 2854 4984 Iilurum
2891 4942 3093 4992 quoque
3132 4923 3427 4993 regionum,
3464 4923 3510 4972 in
3545 4937 3675 4989 quas
3714 4925 3893 4973 oculos
3933 4920 4020 4969 ele-

2463 5020 2607 5062 rrn'e,
2640 5010 2749 5056 etc.
2790 4998 3055 5050 Maurus:

2538 5075 2555 5102 τ
2585 5072 2822 5123 Rursum
2859 5068 3023 5120 iidem
3066 5081 3221 5125 mss.,
3256 5063 3424 5116 liabet
3453 5077 3608 5129 poma
3642 5063 3812 5113 rario.
3886 5114 3891 5119 ,

2536 5142 2558 5171 ⁸
2592 5141 2706 5194 Duo
2738 5138 2969 5190 Palatini
3006 5148 3059 5189 et
3097 5137 3370 5193 Vatmauu
3398 5132 3500 5186 Sed
3535 5132 3897 5183 "testularum
3926 5146 4017 5193 spr-

2468 5216 2592 5266 cies.
2633 5210 2895 5263 κυλίκιον
2928 5221 3054 5261 vero
3088 5221 3281 5269 parvus
3316 5213 3398 5256 est
3430 5203 3605 5271 calix.
3647 5210 3743 5253 aut
3790 5203 4015 5271 sryplun.

2536 5313 2605 5323 —
2645 5278 2905 5332 κυλίκιον
2943 5285 2998 5328 et.
3040 5276 3261 5327 κυλίκεα
3319 5288 3527 5326 rorans.
3570 5269 3666 5324 llic
3697 5285 3828 5324 vero
3856 5269 4015 5323 Graeca

2469 5355 2549 5406 sic.
2594 5356 2993 5412 corrumpunt.
3056 5345 3358 5399 nominavit
3396 5342 3655 5394 κυλικὶαν
3689 5342 3783 5389 καὶ
3826 5342 4017 5393 κύλικι.

2473 5422 2675 5475 Deinde
2711 5418 2916 5472 addunt
2955 5416 3221 5468 llebraica
3258 5416 3423 5466 verba
3472 5414 3523 5463 in
3555 5419 3818 5463 contextu
3852 5422 4015 5463 secun-

2470 5497 2594 5545 dum
2616 5486 2953 5543 Massoretha
2964 5501 3078 5538 rum
3097 5495 3292 5554 puneta
3324 5482 3547 5543 vocalia,
3566 5480 3791 5554 schidda
3808 5479 4016 5554 erae/tito

2471 5564 2621 5625 dum,
2672 5575 2796 5609 cum
2838 5548 3201 5624 Hieronymus
3248 5554 3438 5621 legerit
3473 5552 3644 5604 sadda
3681 5560 3750 5625 et
3784 5548 4015 5625 soddoth,

2473 5636 2585 5684 sive
2610 5616 2789 5683 'sadda
2823 5638 2875 5681 et
2907 5616 3133 5679 saddoth
3158 5663 3176 5690 ,
3212 5633 3270 5679 nt
3302 5616 3475 5677 habet
3525 5637 3627 5677 ms.
3678 5616 4013 5675 Sorbenicus.

2478 5704 2752 5755 .‘zitmux.
