  <div class='ocr_page' id='page_1' title='image "/cluster/home/n/w/nwhite01/storage/ocr_20150623/23/hvd.32044012674545/553.png"; bbox 0 0 4216 6352; ppageno 0'>
   <div class='ocr_carea' id='block_1_1' title="bbox 762 366 899 433">
    <p class='ocr_par' dir='ltr' id='par_1_1' title="bbox 762 366 899 433">
     <span class='ocr_line' id='line_1_1' title="bbox 762 366 899 433; baseline 0.007 -1"><span class='ocrx_word' id='word_1_1' title='bbox 762 366 899 433; x_wconf 72' lang='grc'><strong>1883</strong></span> 
     </span>
    </p>
   </div>
   <div class='ocr_carea' id='block_1_2' title="bbox 1946 371 2824 433">
    <p class='ocr_par' dir='ltr' id='par_1_2' title="bbox 1946 371 2824 433">
     <span class='ocr_line' id='line_1_2' title="bbox 1946 371 2824 433; baseline 0.001 -4"><span class='ocrx_word' id='word_1_2' title='bbox 1946 373 2004 431; x_wconf 83' lang='lat' dir='ltr'><strong>S.</strong></span> <span class='ocrx_word' id='word_1_3' title='bbox 2036 371 2343 432; x_wconf 65' lang='grc' dir='ltr'><strong>Ευδὲἰῖιί</strong></span> <span class='ocrx_word' id='word_1_4' title='bbox 2384 374 2429 431; x_wconf 88' lang='lat' dir='ltr'><strong>Il</strong></span> <span class='ocrx_word' id='word_1_5' title='bbox 2450 372 2824 433; x_wconf 69' lang='lat' dir='ltr'><strong>[EilONYMi</strong></span> 
     </span>
    </p>
   </div>
   <div class='ocr_carea' id='block_1_3' title="bbox 3887 373 4008 440">
    <p class='ocr_par' dir='ltr' id='par_1_3' title="bbox 3887 373 4008 440">
     <span class='ocr_line' id='line_1_3' title="bbox 3887 373 4008 440; baseline 0.025 -5"><span class='ocrx_word' id='word_1_6' title='bbox 3887 373 4008 440; x_wconf 61' lang='lat'><strong>108$</strong></span> 
     </span>
    </p>
   </div>
   <div class='ocr_carea' id='block_1_4' title="bbox 832 486 4007 559">
    <p class='ocr_par' dir='ltr' id='par_1_4' title="bbox 832 486 4007 559">
     <span class='ocr_line' id='line_1_4' title="bbox 832 486 4007 559; baseline 0.001 -21"><span class='ocrx_word' id='word_1_7' title='bbox 832 506 849 538; x_wconf 72' lang='grc' dir='ltr'>ε</span> <span class='ocrx_word' id='word_1_8' title='bbox 890 486 947 539; x_wconf 60' lang='lat' dir='ltr'><strong>[ﬁt</strong></span> <span class='ocrx_word' id='word_1_9' title='bbox 972 486 1079 538; x_wconf 85' lang='lat' dir='ltr'><strong>vidi</strong></span> <span class='ocrx_word' id='word_1_10' title='bbox 1101 500 1221 553; x_wconf 75' lang='lat' dir='ltr'><strong>ego,</strong></span> <span class='ocrx_word' id='word_1_11' title='bbox 1242 486 1368 553; x_wconf 77' lang='lat' dir='ltr'><strong>qnia</strong></span> <span class='ocrx_word' id='word_1_12' title='bbox 1393 494 1476 539; x_wconf 87' lang='lat' dir='ltr'><strong>est</strong></span> <span class='ocrx_word' id='word_1_13' title='bbox 1502 486 1837 539; x_wconf 73' lang='lat' dir='ltr'><strong>abundantia</strong></span> <span class='ocrx_word' id='word_1_14' title='bbox 1863 488 2144 555; x_wconf 70' lang='lat' dir='ltr'><strong>sapientis:</strong></span> <span class='ocrx_word' id='word_1_15' title='bbox 2168 504 2329 555; x_wconf 82' lang='lat' dir='ltr'><strong>super</strong></span> <span class='ocrx_word' id='word_1_16' title='bbox 2360 488 2401 545; x_wconf 81' lang='grc' dir='ltr'><strong>Α</strong></span> <span class='ocrx_word' id='word_1_17' title='bbox 2432 501 2480 542; x_wconf 85' lang='lat' dir='ltr'><strong>et</strong></span> <span class='ocrx_word' id='word_1_18' title='bbox 2516 491 2568 542; x_wconf 92' lang='lat' dir='ltr'><strong>in</strong></span> <span class='ocrx_word' id='word_1_19' title='bbox 2598 492 2961 543; x_wconf 52' lang='lat' dir='ltr'><strong>tiberuaeulo</strong></span> <span class='ocrx_word' id='word_1_20' title='bbox 2994 490 3099 544; x_wconf 79' lang='lat' dir='ltr'><strong>isto</strong></span> <span class='ocrx_word' id='word_1_21' title='bbox 3132 489 3431 557; x_wconf 74' lang='lat' dir='ltr'><strong>Apostolus</strong></span> <span class='ocrx_word' id='word_1_22' title='bbox 3456 488 3777 559; x_wconf 82' lang='lat' dir='ltr'><strong>ingemiscit</strong></span> <span class='ocrx_word' id='word_1_23' title='bbox 3799 489 4007 545; x_wconf 62' lang='lat' dir='ltr'><strong>iiiteus:</strong></span> 
     </span>
    </p>
   </div>
   <div class='ocr_carea' id='block_1_5' title="bbox 755 578 2323 645">
    <p class='ocr_par' dir='ltr' id='par_1_5' title="bbox 755 578 2323 645">
     <span class='ocr_line' id='line_1_5' title="bbox 755 578 2323 645; baseline -0.002 -13"><span class='ocrx_word' id='word_1_24' title='bbox 755 578 1067 641; x_wconf 70' lang='lat' dir='ltr'><strong>stultitiam,</strong></span> <span class='ocrx_word' id='word_1_25' title='bbox 1103 578 1243 632; x_wconf 85' lang='lat' dir='ltr'><strong>sicut</strong></span> <span class='ocrx_word' id='word_1_26' title='bbox 1266 578 1601 631; x_wconf 85' lang='lat' dir='ltr'><strong>abundantia</strong></span> <span class='ocrx_word' id='word_1_27' title='bbox 1638 579 1773 632; x_wconf 73' lang='lat' dir='ltr'><strong>luc?s</strong></span> <span class='ocrx_word' id='word_1_28' title='bbox 1807 594 1972 645; x_wconf 86' lang='lat' dir='ltr'><strong>super</strong></span> <span class='ocrx_word' id='word_1_29' title='bbox 2002 579 2273 633; x_wconf 67' lang='lat' dir='ltr'><strong>tenebras.</strong></span> <span class='ocrx_word' id='word_1_30' title='bbox 2306 596 2323 627; x_wconf 73' lang='grc' dir='ltr'><strong>ι</strong></span> 
     </span>
    </p>
   </div>
   <div class='ocr_carea' id='block_1_6' title="bbox 754 667 2326 738">
    <p class='ocr_par' dir='ltr' id='par_1_6' title="bbox 754 667 2326 738">
     <span class='ocr_line' id='line_1_6' title="bbox 754 667 2326 738; baseline -0.003 -14"><span class='ocrx_word' id='word_1_31' title='bbox 754 667 929 731; x_wconf 84' lang='lat' dir='ltr'><strong>Licet,</strong></span> <span class='ocrx_word' id='word_1_32' title='bbox 970 671 1169 738; x_wconf 74' lang='lat' dir='ltr'><strong>inquit,</strong></span> <span class='ocrx_word' id='word_1_33' title='bbox 1204 671 1376 738; x_wconf 80' lang='lat' dir='ltr'><strong>ipsum</strong></span> <span class='ocrx_word' id='word_1_34' title='bbox 1429 671 1709 724; x_wconf 78' lang='lat' dir='ltr'><strong>hominum</strong></span> <span class='ocrx_word' id='word_1_35' title='bbox 1748 672 2072 738; x_wconf 76' lang='lat' dir='ltr'><strong>sapientiam</strong></span> <span class='ocrx_word' id='word_1_36' title='bbox 2110 672 2326 722; x_wconf 83' lang='lat' dir='ltr'><strong>mistaut</strong></span> 
     </span>
    </p>
   </div>
   <div class='ocr_carea' id='block_1_7' title="bbox 752 764 2331 832">
    <p class='ocr_par' dir='ltr' id='par_1_7' title="bbox 752 764 2331 832">
     <span class='ocr_line' id='line_1_7' title="bbox 752 764 2331 832; baseline -0.002 -14"><span class='ocrx_word' id='word_1_37' title='bbox 752 780 945 819; x_wconf 68' lang='lat' dir='ltr'><strong>errore</strong></span> <span class='ocrx_word' id='word_1_38' title='bbox 982 764 1333 831; x_wconf 74' lang='lat' dir='ltr'><strong>perriderim,</strong></span> <span class='ocrx_word' id='word_1_39' title='bbox 1361 780 1457 817; x_wconf 75' lang='lat' dir='ltr'><strong>nec</strong></span> <span class='ocrx_word' id='word_1_40' title='bbox 1488 774 1598 816; x_wconf 82' lang='lat' dir='ltr'><strong>tam</strong></span> <span class='ocrx_word' id='word_1_41' title='bbox 1636 780 1768 832; x_wconf 85' lang='lat' dir='ltr'><strong>pure</strong></span> <span class='ocrx_word' id='word_1_42' title='bbox 1800 764 1852 816; x_wconf 86' lang='lat' dir='ltr'><strong>in</strong></span> <span class='ocrx_word' id='word_1_43' title='bbox 1882 772 2093 815; x_wconf 76' lang='lat' dir='ltr'><strong>nostros</strong></span> <span class='ocrx_word' id='word_1_44' title='bbox 2122 764 2331 815; x_wconf 86' lang='lat' dir='ltr'><strong>animos</strong></span> 
     </span>
    </p>
   </div>
   <div class='ocr_carea' id='block_1_8' title="bbox 757 857 2330 927">
    <p class='ocr_par' dir='ltr' id='par_1_8' title="bbox 757 857 2330 927">
     <span class='ocr_line' id='line_1_8' title="bbox 757 857 2330 927; baseline -0.004 -15"><span class='ocrx_word' id='word_1_45' title='bbox 757 860 905 912; x_wconf 87' lang='lat' dir='ltr'><strong>illabi</strong></span> <span class='ocrx_word' id='word_1_46' title='bbox 942 874 1118 927; x_wconf 78' lang='lat' dir='ltr'><strong>posse,</strong></span> <span class='ocrx_word' id='word_1_47' title='bbox 1159 875 1321 925; x_wconf 78' lang='lat' dir='ltr'><strong>quam</strong></span> <span class='ocrx_word' id='word_1_48' title='bbox 1359 870 1437 911; x_wconf 75' lang='lat' dir='ltr'><strong>est</strong></span> <span class='ocrx_word' id='word_1_49' title='bbox 1476 861 1524 909; x_wconf 93' lang='lat' dir='ltr'><strong>in</strong></span> <span class='ocrx_word' id='word_1_50' title='bbox 1561 875 1681 924; x_wconf 66' lang='lat' dir='ltr'><strong>rege</strong></span> <span class='ocrx_word' id='word_1_51' title='bbox 1705 868 1757 908; x_wconf 85' lang='lat' dir='ltr'><strong>et</strong></span> <span class='ocrx_word' id='word_1_52' title='bbox 1788 857 2071 909; x_wconf 78' lang='lat' dir='ltr'><strong>conditore</strong></span> <span class='ocrx_word' id='word_1_53' title='bbox 2096 867 2280 909; x_wconf 68' lang='grc' dir='ltr'><strong>ηιμ-ιι.»</strong></span> <span class='ocrx_word' id='word_1_54' title='bbox 2314 872 2330 922; x_wconf 84' lang='grc'>;</span> 
     </span>
    </p>
   </div>
   <div class='ocr_carea' id='block_1_9' title="bbox 759 949 2327 1019">
    <p class='ocr_par' dir='ltr' id='par_1_9' title="bbox 759 949 2327 1019">
     <span class='ocr_line' id='line_1_9' title="bbox 759 949 2327 1019; baseline -0.003 -17"><span class='ocrx_word' id='word_1_55' title='bbox 759 964 939 1006; x_wconf 87' lang='lat' dir='ltr'><strong>tamen</strong></span> <span class='ocrx_word' id='word_1_56' title='bbox 975 969 1225 1015; x_wconf 55' lang='lat' dir='ltr'><strong>magnam</strong></span> <span class='ocrx_word' id='word_1_57' title='bbox 1265 955 1428 1006; x_wconf 82' lang='lat' dir='ltr'><strong>etiam</strong></span> <span class='ocrx_word' id='word_1_58' title='bbox 1466 953 1517 1003; x_wconf 92' lang='lat' dir='ltr'><strong>iu</strong></span> <span class='ocrx_word' id='word_1_59' title='bbox 1556 967 1619 1004; x_wconf 91' lang='lat' dir='ltr'><strong>co</strong></span> <span class='ocrx_word' id='word_1_60' title='bbox 1652 953 1792 1019; x_wconf 79' lang='lat' dir='ltr'><strong>quol</strong></span> <span class='ocrx_word' id='word_1_61' title='bbox 1825 962 1930 1011; x_wconf 73' lang='lat' dir='ltr'><strong>est,</strong></span> <span class='ocrx_word' id='word_1_62' title='bbox 1967 949 2327 1003; x_wconf 50' lang='lat' dir='ltr'><strong>diit‘vrcntiani</strong></span> 
     </span>
    </p>
   </div>
   <div class='ocr_carea' id='block_1_10' title="bbox 758 1043 2331 1113">
    <p class='ocr_par' dir='ltr' id='par_1_10' title="bbox 758 1043 2331 1113">
     <span class='ocr_line' id='line_1_10' title="bbox 758 1043 2331 1113; baseline -0.001 -17"><span class='ocrx_word' id='word_1_63' title='bbox 758 1043 901 1096; x_wconf 76' lang='lat' dir='ltr'><strong>inter</strong></span> <span class='ocrx_word' id='word_1_64' title='bbox 934 1045 1076 1096; x_wconf 77' lang='lat' dir='ltr'><strong>il&#39;ain</strong></span> <span class='ocrx_word' id='word_1_65' title='bbox 1116 1054 1165 1097; x_wconf 83' lang='lat' dir='ltr'><strong>et</strong></span> <span class='ocrx_word' id='word_1_66' title='bbox 1194 1046 1481 1097; x_wconf 67' lang='lat' dir='ltr'><strong>stultitiam</strong></span> <span class='ocrx_word' id='word_1_67' title='bbox 1510 1060 1627 1097; x_wconf 72' lang='lat' dir='ltr'><strong>essu</strong></span> <span class='ocrx_word' id='word_1_68' title='bbox 1659 1044 1907 1113; x_wconf 75' lang='lat' dir='ltr'><strong>cognovi,</strong></span> <span class='ocrx_word' id='word_1_69' title='bbox 1939 1053 2199 1111; x_wconf 87' lang='lat' dir='ltr'><strong>quantum</strong></span> <span class='ocrx_word' id='word_1_70' title='bbox 2238 1058 2331 1109; x_wconf 81' lang='lat' dir='ltr'><strong>po—</strong></span> 
     </span>
    </p>
   </div>
   <div class='ocr_carea' id='block_1_11' title="bbox 760 1135 2085 1200">
    <p class='ocr_par' dir='ltr' id='par_1_11' title="bbox 760 1135 2085 1200">
     <span class='ocr_line' id='line_1_11' title="bbox 760 1135 2085 1200; baseline -0.001 -12"><span class='ocrx_word' id='word_1_71' title='bbox 760 1149 861 1188; x_wconf 68' lang='lat' dir='ltr'><strong>test.</strong></span> <span class='ocrx_word' id='word_1_72' title='bbox 889 1137 1095 1190; x_wconf 76' lang='lat' dir='ltr'><strong>distare</strong></span> <span class='ocrx_word' id='word_1_73' title='bbox 1125 1138 1241 1191; x_wconf 82' lang='lat' dir='ltr'><strong>dies</strong></span> <span class='ocrx_word' id='word_1_74' title='bbox 1271 1154 1297 1188; x_wconf 68' lang='grc' dir='ltr'>τι</span> <span class='ocrx_word' id='word_1_75' title='bbox 1334 1149 1511 1200; x_wconf 73' lang='lat' dir='ltr'><strong>noete,</strong></span> <span class='ocrx_word' id='word_1_76' title='bbox 1542 1138 1725 1191; x_wconf 85' lang='lat' dir='ltr'><strong>lumen</strong></span> <span class='ocrx_word' id='word_1_77' title='bbox 1766 1154 1791 1189; x_wconf 87' lang='lat' dir='ltr'><strong>a</strong></span> <span class='ocrx_word' id='word_1_78' title='bbox 1822 1135 2085 1189; x_wconf 74' lang='lat' dir='ltr'><strong>tenebris.</strong></span> 
     </span>
    </p>
   </div>
   <div class='ocr_carea' id='block_1_12' title="bbox 832 1230 2331 1299">
    <p class='ocr_par' dir='ltr' id='par_1_12' title="bbox 832 1230 2331 1299">
     <span class='ocr_line' id='line_1_12' title="bbox 832 1230 2331 1299; baseline 0.002 -19"><span class='ocrx_word' id='word_1_79' title='bbox 832 1248 849 1280; x_wconf 78' lang='grc' dir='ltr'><strong>ι</strong></span> <span class='ocrx_word' id='word_1_80' title='bbox 893 1230 1165 1298; x_wconf 57' lang='grc' dir='ltr'>ειμι-μιῆς</span> <span class='ocrx_word' id='word_1_81' title='bbox 1193 1232 1338 1284; x_wconf 78' lang='lat' dir='ltr'><strong>nrttli</strong></span> <span class='ocrx_word' id='word_1_82' title='bbox 1380 1234 1431 1282; x_wconf 72' lang='lat' dir='ltr'><strong>in</strong></span> <span class='ocrx_word' id='word_1_83' title='bbox 1466 1233 1641 1299; x_wconf 70' lang='lat' dir='ltr'><strong>capite</strong></span> <span class='ocrx_word' id='word_1_84' title='bbox 1680 1232 1815 1295; x_wconf 66' lang='lat' dir='ltr'><strong>eius,</strong></span> <span class='ocrx_word' id='word_1_85' title='bbox 1851 1239 1902 1281; x_wconf 88' lang='lat' dir='ltr'><strong>et</strong></span> <span class='ocrx_word' id='word_1_86' title='bbox 1934 1230 2134 1283; x_wconf 83' lang='lat' dir='ltr'><strong>stultus</strong></span> <span class='ocrx_word' id='word_1_87' title='bbox 2166 1230 2217 1282; x_wconf 86' lang='lat' dir='ltr'><strong>in</strong></span> <span class='ocrx_word' id='word_1_88' title='bbox 2252 1238 2331 1283; x_wconf 86' lang='lat' dir='ltr'><strong>te-</strong></span> 
     </span>
    </p>
   </div>
   <div class='ocr_carea' id='block_1_13' title="bbox 758 1325 2331 1391">
    <p class='ocr_par' dir='ltr' id='par_1_13' title="bbox 758 1325 2331 1391">
     <span class='ocr_line' id='line_1_13' title="bbox 758 1325 2331 1391; baseline 0.001 -16"><span class='ocrx_word' id='word_1_89' title='bbox 758 1325 945 1376; x_wconf 68' lang='lat' dir='ltr'><strong>nebris</strong></span> <span class='ocrx_word' id='word_1_90' title='bbox 978 1327 1241 1379; x_wconf 75' lang='lat' dir='ltr'><strong>ambulat.</strong></span> <span class='ocrx_word' id='word_1_91' title='bbox 1274 1327 1333 1377; x_wconf 78' lang='lat' dir='ltr'><strong>Et</strong></span> <span class='ocrx_word' id='word_1_92' title='bbox 1359 1327 1586 1389; x_wconf 67' lang='lat' dir='ltr'><strong>cognovi</strong></span> <span class='ocrx_word' id='word_1_93' title='bbox 1620 1339 1737 1385; x_wconf 69' lang='lat' dir='ltr'><strong>ego,</strong></span> <span class='ocrx_word' id='word_1_94' title='bbox 1775 1325 1899 1391; x_wconf 81' lang='lat' dir='ltr'><strong>quia</strong></span> <span class='ocrx_word' id='word_1_95' title='bbox 1933 1332 2160 1377; x_wconf 71' lang='lat' dir='ltr'><strong>eventus</strong></span> <span class='ocrx_word' id='word_1_96' title='bbox 2189 1339 2331 1377; x_wconf 79' lang='lat' dir='ltr'><strong>unus</strong></span> 
     </span>
    </p>
   </div>
   <div class='ocr_carea' id='block_1_14' title="bbox 758 1416 2329 1483">
    <p class='ocr_par' dir='ltr' id='par_1_14' title="bbox 758 1416 2329 1483">
     <span class='ocr_line' id='line_1_14' title="bbox 758 1416 2329 1483; baseline -0.001 -14"><span class='ocrx_word' id='word_1_97' title='bbox 758 1420 971 1471; x_wconf 60' lang='grc' dir='ltr'><strong>(λινεἰίοι</strong></span> <span class='ocrx_word' id='word_1_98' title='bbox 1021 1417 1400 1469; x_wconf 65' lang='grc' dir='ltr'>οιτιιιὺιιδιιίς.</span> <span class='ocrx_word' id='word_1_99' title='bbox 1448 1435 1465 1466; x_wconf 79' lang='grc' dir='ltr'><strong>ι</strong></span> <span class='ocrx_word' id='word_1_100' title='bbox 1527 1416 1627 1481; x_wconf 80' lang='lat' dir='ltr'><strong>Qui</strong></span> <span class='ocrx_word' id='word_1_101' title='bbox 1688 1418 1739 1467; x_wconf 78' lang='lat' dir='ltr'><strong>in</strong></span> <span class='ocrx_word' id='word_1_102' title='bbox 1799 1416 2097 1483; x_wconf 74' lang='lat' dir='ltr'><strong>perfertnm</strong></span> <span class='ocrx_word' id='word_1_103' title='bbox 2153 1416 2329 1467; x_wconf 82' lang='lat' dir='ltr'><strong>virum</strong></span> 
     </span>
    </p>
   </div>
   <div class='ocr_carea' id='block_1_15' title="bbox 760 1508 2333 1579">
    <p class='ocr_par' dir='ltr' id='par_1_15' title="bbox 760 1508 2333 1579">
     <span class='ocr_line' id='line_1_15' title="bbox 760 1508 2333 1579; baseline 0 -18"><span class='ocrx_word' id='word_1_104' title='bbox 760 1509 1096 1579; x_wconf 59' lang='lat' dir='ltr'><strong>pervenerit,</strong></span> <span class='ocrx_word' id='word_1_105' title='bbox 1143 1518 1197 1561; x_wconf 84' lang='lat' dir='ltr'><strong>et</strong></span> <span class='ocrx_word' id='word_1_106' title='bbox 1250 1510 1511 1561; x_wconf 87' lang='lat' dir='ltr'><strong>meruerit</strong></span> <span class='ocrx_word' id='word_1_107' title='bbox 1566 1518 1623 1559; x_wconf 91' lang='lat' dir='ltr'><strong>ut</strong></span> <span class='ocrx_word' id='word_1_108' title='bbox 1663 1518 1819 1575; x_wconf 83' lang='lat' dir='ltr'><strong>caput</strong></span> <span class='ocrx_word' id='word_1_109' title='bbox 1878 1509 2051 1573; x_wconf 93' lang='lat' dir='ltr'><strong>ipsius</strong></span> <span class='ocrx_word' id='word_1_110' title='bbox 2077 1508 2333 1561; x_wconf 78' lang='lat' dir='ltr'><strong>Christus</strong></span> 
     </span>
    </p>
   </div>
   <div class='ocr_carea' id='block_1_16' title="bbox 760 1600 2331 1668">
    <p class='ocr_par' dir='ltr' id='par_1_16' title="bbox 760 1600 2331 1668">
     <span class='ocr_line' id='line_1_16' title="bbox 760 1600 2331 1668; baseline -0.001 -14"><span class='ocrx_word' id='word_1_111' title='bbox 760 1602 853 1667; x_wconf 90' lang='lat' dir='ltr'><strong>sit,</strong></span> <span class='ocrx_word' id='word_1_112' title='bbox 876 1602 1070 1654; x_wconf 82' lang='lat' dir='ltr'><strong>oculus</strong></span> <span class='ocrx_word' id='word_1_113' title='bbox 1094 1616 1223 1653; x_wconf 80' lang='lat' dir='ltr'><strong>suos</strong></span> <span class='ocrx_word' id='word_1_114' title='bbox 1250 1618 1466 1668; x_wconf 61' lang='lat' dir='ltr'><strong>Semper</strong></span> <span class='ocrx_word' id='word_1_115' title='bbox 1497 1602 1717 1653; x_wconf 78' lang='lat' dir='ltr'><strong>habebit</strong></span> <span class='ocrx_word' id='word_1_116' title='bbox 1748 1602 1811 1653; x_wconf 87' lang='lat' dir='ltr'><strong>ad</strong></span> <span class='ocrx_word' id='word_1_117' title='bbox 1838 1600 2139 1663; x_wconf 78' lang='lat' dir='ltr'><strong>Cill‘lSllllll,</strong></span> <span class='ocrx_word' id='word_1_118' title='bbox 2167 1610 2331 1654; x_wconf 81' lang='lat' dir='ltr'><strong>eteos</strong></span> 
     </span>
    </p>
   </div>
   <div class='ocr_carea' id='block_1_17' title="bbox 760 1693 2333 1762">
    <p class='ocr_par' dir='ltr' id='par_1_17' title="bbox 760 1693 2333 1762">
     <span class='ocr_line' id='line_1_17' title="bbox 760 1693 2333 1762; baseline -0.002 -14"><span class='ocrx_word' id='word_1_119' title='bbox 760 1696 815 1748; x_wconf 92' lang='lat' dir='ltr'><strong>in</strong></span> <span class='ocrx_word' id='word_1_120' title='bbox 842 1694 1075 1748; x_wconf 79' lang='lat' dir='ltr'><strong>sublime</strong></span> <span class='ocrx_word' id='word_1_121' title='bbox 1104 1693 1345 1750; x_wconf 77' lang='lat' dir='ltr'><strong>elevans.</strong></span> <span class='ocrx_word' id='word_1_122' title='bbox 1374 1708 1653 1761; x_wconf 76' lang='grc' dir='ltr'>ιιιιηιιιιειιιι</span> <span class='ocrx_word' id='word_1_123' title='bbox 1688 1694 1752 1745; x_wconf 83' lang='lat' dir='ltr'><strong>de</strong></span> <span class='ocrx_word' id='word_1_124' title='bbox 1799 1694 2151 1746; x_wconf 77' lang='lat' dir='ltr'><strong>inferioribus</strong></span> <span class='ocrx_word' id='word_1_125' title='bbox 2184 1694 2333 1762; x_wconf 71' lang='lat' dir='ltr'><strong>mgi-</strong></span> 
     </span>
    </p>
   </div>
   <div class='ocr_carea' id='block_1_18' title="bbox 2442 582 4006 649">
    <p class='ocr_par' dir='ltr' id='par_1_18' title="bbox 2442 582 4006 649">
     <span class='ocr_line' id='line_1_18' title="bbox 2442 582 4006 649; baseline 0 -14"><span class='ocrx_word' id='word_1_126' title='bbox 2442 582 2599 635; x_wconf 68' lang='lat' dir='ltr'><strong>Jiiscr</strong></span> <span class='ocrx_word' id='word_1_127' title='bbox 2628 584 3045 649; x_wconf 71' lang='lat' dir='ltr'><strong>cgnhomo,quis</strong></span> <span class='ocrx_word' id='word_1_128' title='bbox 3081 600 3160 637; x_wconf 80' lang='lat' dir='ltr'><strong>me</strong></span> <span class='ocrx_word' id='word_1_129' title='bbox 3197 583 3449 635; x_wconf 77' lang='lat' dir='ltr'><strong>liberabit</strong></span> <span class='ocrx_word' id='word_1_130' title='bbox 3479 585 3542 636; x_wconf 75' lang='lat' dir='ltr'><strong>de</strong></span> <span class='ocrx_word' id='word_1_131' title='bbox 3578 598 3803 649; x_wconf 81' lang='lat' dir='ltr'><strong>corpore</strong></span> <span class='ocrx_word' id='word_1_132' title='bbox 3840 586 4006 635; x_wconf 72' lang='lat' dir='ltr'><strong>mortis</strong></span> 
     </span>
    </p>
   </div>
   <div class='ocr_carea' id='block_1_19' title="bbox 2434 676 4004 741">
    <p class='ocr_par' dir='ltr' id='par_1_19' title="bbox 2434 676 4004 741">
     <span class='ocr_line' id='line_1_19' title="bbox 2434 676 4004 741; baseline -0.001 -13"><span class='ocrx_word' id='word_1_133' title='bbox 2434 679 2587 741; x_wconf 73' lang='lat' dir='ltr'><strong>hujus</strong></span> <span class='ocrx_word' id='word_1_134' title='bbox 2619 676 2794 729; x_wconf 70' lang='lat' dir='ltr'><strong>(ﬂaui.</strong></span> <span class='ocrx_word' id='word_1_135' title='bbox 2827 692 2926 735; x_wconf 79' lang='lat' dir='ltr'><strong>vit,</strong></span> <span class='ocrx_word' id='word_1_136' title='bbox 2950 676 3085 739; x_wconf 56' lang='lat' dir='ltr'><strong>2d)?</strong></span> <span class='ocrx_word' id='word_1_137' title='bbox 3117 686 3261 729; x_wconf 87' lang='lat' dir='ltr'><strong>recte</strong></span> <span class='ocrx_word' id='word_1_138' title='bbox 3292 676 3420 729; x_wconf 85' lang='lat' dir='ltr'><strong>odio</strong></span> <span class='ocrx_word' id='word_1_139' title='bbox 3460 676 3626 728; x_wconf 89' lang='lat' dir='ltr'><strong>habet</strong></span> <span class='ocrx_word' id='word_1_140' title='bbox 3673 689 3841 727; x_wconf 88' lang='lat' dir='ltr'><strong>omne</strong></span> <span class='ocrx_word' id='word_1_141' title='bbox 3878 676 4004 740; x_wconf 80' lang='lat' dir='ltr'><strong>quoii</strong></span> 
     </span>
    </p>
   </div>
   <div class='ocr_carea' id='block_1_20' title="bbox 2435 768 4004 836">
    <p class='ocr_par' dir='ltr' id='par_1_20' title="bbox 2435 768 4004 836">
     <span class='ocr_line' id='line_1_20' title="bbox 2435 768 4004 836; baseline 0.001 -18"><span class='ocrx_word' id='word_1_142' title='bbox 2435 768 2534 819; x_wconf 79' lang='lat' dir='ltr'><strong>sub</strong></span> <span class='ocrx_word' id='word_1_143' title='bbox 2564 769 2677 818; x_wconf 72' lang='lat' dir='ltr'><strong>sole</strong></span> <span class='ocrx_word' id='word_1_144' title='bbox 2708 769 2910 821; x_wconf 79' lang='lat' dir='ltr'><strong>factum</strong></span> <span class='ocrx_word' id='word_1_145' title='bbox 2946 777 3050 822; x_wconf 88' lang='lat' dir='ltr'><strong>est.</strong></span> <span class='ocrx_word' id='word_1_146' title='bbox 3086 769 3164 821; x_wconf 72' lang='lat' dir='ltr'><strong>Ad</strong></span> <span class='ocrx_word' id='word_1_147' title='bbox 3198 768 3673 833; x_wconf 83' lang='lat' dir='ltr'><strong>comparationem</strong></span> <span class='ocrx_word' id='word_1_148' title='bbox 3699 768 3900 836; x_wconf 85' lang='lat' dir='ltr'><strong>quippe</strong></span> <span class='ocrx_word' id='word_1_149' title='bbox 3929 783 4004 835; x_wconf 84' lang='lat' dir='ltr'><strong>pa-</strong></span> 
     </span>
    </p>
   </div>
   <div class='ocr_carea' id='block_1_21' title="bbox 2436 862 4005 930">
    <p class='ocr_par' dir='ltr' id='par_1_21' title="bbox 2436 862 4005 930">
     <span class='ocr_line' id='line_1_21' title="bbox 2436 862 4005 930; baseline 0.003 -20"><span class='ocrx_word' id='word_1_150' title='bbox 2436 863 2603 912; x_wconf 53' lang='grc' dir='ltr'>περιιςί</span> <span class='ocrx_word' id='word_1_151' title='bbox 2642 874 2691 913; x_wconf 79' lang='lat' dir='ltr'><strong>et</strong></span> <span class='ocrx_word' id='word_1_152' title='bbox 2730 862 2876 915; x_wconf 90' lang='lat' dir='ltr'><strong>illius</strong></span> <span class='ocrx_word' id='word_1_153' title='bbox 2910 864 3031 915; x_wconf 70' lang='lat' dir='ltr'><strong>vitm.</strong></span> <span class='ocrx_word' id='word_1_154' title='bbox 3066 863 3484 925; x_wconf 66' lang='lat' dir='ltr'><strong>beatitudinem,</strong></span> <span class='ocrx_word' id='word_1_155' title='bbox 3525 863 3577 915; x_wconf 88' lang='lat' dir='ltr'><strong>in</strong></span> <span class='ocrx_word' id='word_1_156' title='bbox 3617 878 3725 928; x_wconf 85' lang='lat' dir='ltr'><strong>qua</strong></span> <span class='ocrx_word' id='word_1_157' title='bbox 3767 862 4005 930; x_wconf 75' lang='lat' dir='ltr'><strong>spititua-</strong></span> 
     </span>
    </p>
   </div>
   <div class='ocr_carea' id='block_1_22' title="bbox 2434 938 4003 1023">
    <p class='ocr_par' dir='ltr' id='par_1_22' title="bbox 2434 938 4003 1023">
     <span class='ocr_line' id='line_1_22' title="bbox 2434 938 4003 1023; baseline 0.003 -19"><span class='ocrx_word' id='word_1_158' title='bbox 2434 953 2578 1006; x_wconf 79' lang='lat' dir='ltr'><strong>libus</strong></span> <span class='ocrx_word' id='word_1_159' title='bbox 2633 956 2811 1023; x_wconf 76' lang='lat' dir='ltr'><strong>pomis</strong></span> <span class='ocrx_word' id='word_1_160' title='bbox 2844 967 2895 1009; x_wconf 90' lang='lat' dir='ltr'><strong>et</strong></span> <span class='ocrx_word' id='word_1_161' title='bbox 2938 957 3200 1008; x_wconf 80' lang='lat' dir='ltr'><strong>virtutum</strong></span> <span class='ocrx_word' id='word_1_162' title='bbox 3236 957 3454 1010; x_wconf 85' lang='lat' dir='ltr'><strong>deliciis</strong></span> <span class='ocrx_word' id='word_1_163' title='bbox 3484 938 3847 1009; x_wconf 63' lang='lat' dir='ltr'><strong>(utebamur:</strong></span> <span class='ocrx_word' id='word_1_164' title='bbox 3880 972 4003 1007; x_wconf 88' lang='lat' dir='ltr'><strong>nunc</strong></span> 
     </span>
    </p>
   </div>
   <div class='ocr_carea' id='block_1_23' title="bbox 2432 1046 4004 1115">
    <p class='ocr_par' dir='ltr' id='par_1_23' title="bbox 2432 1046 4004 1115">
     <span class='ocr_line' id='line_1_23' title="bbox 2432 1046 4004 1115; baseline 0.002 -22"><span class='ocrx_word' id='word_1_165' title='bbox 2432 1046 2589 1111; x_wconf 86' lang='lat' dir='ltr'><strong>quasi</strong></span> <span class='ocrx_word' id='word_1_166' title='bbox 2621 1048 2672 1099; x_wconf 91' lang='lat' dir='ltr'><strong>in</strong></span> <span class='ocrx_word' id='word_1_167' title='bbox 2700 1047 2979 1115; x_wconf 76' lang='lat' dir='ltr'><strong>ergastulo</strong></span> <span class='ocrx_word' id='word_1_168' title='bbox 3006 1057 3058 1101; x_wconf 90' lang='lat' dir='ltr'><strong>et</strong></span> <span class='ocrx_word' id='word_1_169' title='bbox 3083 1064 3308 1102; x_wconf 82' lang='lat' dir='ltr'><strong>carcere</strong></span> <span class='ocrx_word' id='word_1_170' title='bbox 3358 1064 3551 1103; x_wconf 81' lang='lat' dir='ltr'><strong>smnus</strong></span> <span class='ocrx_word' id='word_1_171' title='bbox 3587 1056 3639 1101; x_wconf 85' lang='lat' dir='ltr'><strong>et</strong></span> <span class='ocrx_word' id='word_1_172' title='bbox 3683 1047 3823 1099; x_wconf 82' lang='lat' dir='ltr'><strong>valle</strong></span> <span class='ocrx_word' id='word_1_173' title='bbox 3854 1047 4004 1115; x_wconf 71' lang='lat' dir='ltr'><strong>laery-</strong></span> 
     </span>
    </p>
   </div>
   <div class='ocr_carea' id='block_1_24' title="bbox 2436 1138 4002 1204">
    <p class='ocr_par' dir='ltr' id='par_1_24' title="bbox 2436 1138 4002 1204">
     <span class='ocr_line' id='line_1_24' title="bbox 2436 1138 4002 1204; baseline 0.001 -15"><span class='ocrx_word' id='word_1_174' title='bbox 2436 1152 2673 1202; x_wconf 88' lang='lat' dir='ltr'><strong>marum,</strong></span> <span class='ocrx_word' id='word_1_175' title='bbox 2700 1138 2754 1191; x_wconf 90' lang='lat' dir='ltr'><strong>in</strong></span> <span class='ocrx_word' id='word_1_176' title='bbox 2794 1140 2995 1194; x_wconf 78' lang='lat' dir='ltr'><strong>Sudore</strong></span> <span class='ocrx_word' id='word_1_177' title='bbox 3017 1142 3201 1195; x_wconf 73' lang='lat' dir='ltr'><strong>Vultus</strong></span> <span class='ocrx_word' id='word_1_178' title='bbox 3223 1140 3400 1197; x_wconf 80' lang='lat' dir='ltr'><strong>nostri</strong></span> <span class='ocrx_word' id='word_1_179' title='bbox 3428 1141 3787 1194; x_wconf 61' lang='lat' dir='ltr'><strong>comedentcs</strong></span> <span class='ocrx_word' id='word_1_180' title='bbox 3808 1155 4002 1204; x_wconf 60' lang='lat' dir='ltr'><strong>panem.</strong></span> 
     </span>
    </p>
   </div>
   <div class='ocr_carea' id='block_1_25' title="bbox 2513 1230 4003 1300">
    <p class='ocr_par' dir='ltr' id='par_1_25' title="bbox 2513 1230 4003 1300">
     <span class='ocr_line' id='line_1_25' title="bbox 2513 1230 4003 1300; baseline 0.003 -19"><span class='ocrx_word' id='word_1_181' title='bbox 2513 1250 2530 1281; x_wconf 81' lang='grc' dir='ltr'><strong>ι</strong></span> <span class='ocrx_word' id='word_1_182' title='bbox 2578 1230 2638 1284; x_wconf 71' lang='grc' dir='ltr'>ΕΙ</span> <span class='ocrx_word' id='word_1_183' title='bbox 2664 1232 2809 1285; x_wconf 86' lang='lat' dir='ltr'><strong>odivi</strong></span> <span class='ocrx_word' id='word_1_184' title='bbox 2835 1247 2935 1295; x_wconf 69' lang='lat' dir='ltr'><strong>ego</strong></span> <span class='ocrx_word' id='word_1_185' title='bbox 2964 1249 3184 1288; x_wconf 87' lang='lat' dir='ltr'><strong>omnem</strong></span> <span class='ocrx_word' id='word_1_186' title='bbox 3219 1235 3463 1287; x_wconf 75' lang='lat' dir='ltr'><strong>laborem</strong></span> <span class='ocrx_word' id='word_1_187' title='bbox 3493 1250 3700 1295; x_wconf 86' lang='lat' dir='ltr'><strong>meum,</strong></span> <span class='ocrx_word' id='word_1_188' title='bbox 3739 1249 3896 1300; x_wconf 91' lang='lat' dir='ltr'><strong>quem</strong></span> <span class='ocrx_word' id='word_1_189' title='bbox 3920 1246 4003 1291; x_wconf 65' lang='grc' dir='ltr'><strong>νει)</strong></span> 
     </span>
    </p>
   </div>
   <div class='ocr_carea' id='block_1_26' title="bbox 2445 1323 4005 1396">
    <p class='ocr_par' dir='ltr' id='par_1_26' title="bbox 2445 1323 4005 1396">
     <span class='ocr_line' id='line_1_26' title="bbox 2445 1323 4005 1396; baseline -0.001 -18"><span class='ocrx_word' id='word_1_190' title='bbox 2445 1326 2632 1379; x_wconf 74' lang='lat' dir='ltr'><strong>inituro</strong></span> <span class='ocrx_word' id='word_1_191' title='bbox 2660 1327 2764 1379; x_wconf 78' lang='lat' dir='ltr'><strong>sub</strong></span> <span class='ocrx_word' id='word_1_192' title='bbox 2790 1327 2927 1389; x_wconf 81' lang='lat' dir='ltr'><strong>sole,</strong></span> <span class='ocrx_word' id='word_1_193' title='bbox 2964 1328 3090 1396; x_wconf 84' lang='lat' dir='ltr'><strong>quia</strong></span> <span class='ocrx_word' id='word_1_194' title='bbox 3117 1328 3335 1381; x_wconf 77' lang='lat' dir='ltr'><strong>dimitto</strong></span> <span class='ocrx_word' id='word_1_195' title='bbox 3359 1328 3510 1381; x_wconf 79' lang='grc' dir='ltr'>ἱΙΙιιιιι</span> <span class='ocrx_word' id='word_1_196' title='bbox 3549 1326 3785 1387; x_wconf 84' lang='lat' dir='ltr'><strong>homini,</strong></span> <span class='ocrx_word' id='word_1_197' title='bbox 3819 1325 3907 1393; x_wconf 88' lang='lat' dir='ltr'><strong>qui</strong></span> <span class='ocrx_word' id='word_1_198' title='bbox 3936 1323 4005 1376; x_wconf 80' lang='lat' dir='ltr'><strong>iu-</strong></span> 
     </span>
    </p>
   </div>
   <div class='ocr_carea' id='block_1_27' title="bbox 2436 1418 4003 1488">
    <p class='ocr_par' dir='ltr' id='par_1_27' title="bbox 2436 1418 4003 1488">
     <span class='ocr_line' id='line_1_27' title="bbox 2436 1418 4003 1488; baseline -0.002 -16"><span class='ocrx_word' id='word_1_199' title='bbox 2436 1428 2595 1472; x_wconf 90' lang='lat' dir='ltr'><strong>turus</strong></span> <span class='ocrx_word' id='word_1_200' title='bbox 2617 1428 2705 1472; x_wconf 76' lang='lat' dir='ltr'><strong>est</strong></span> <span class='ocrx_word' id='word_1_201' title='bbox 2736 1430 2860 1486; x_wconf 84' lang='lat' dir='ltr'><strong>post</strong></span> <span class='ocrx_word' id='word_1_202' title='bbox 2908 1436 3015 1473; x_wconf 89' lang='lat' dir='ltr'><strong>me.</strong></span> <span class='ocrx_word' id='word_1_203' title='bbox 3071 1419 3135 1472; x_wconf 75' lang='grc' dir='ltr'>ῐῖι</span> <span class='ocrx_word' id='word_1_204' title='bbox 3167 1421 3292 1487; x_wconf 88' lang='lat' dir='ltr'><strong>quis</strong></span> <span class='ocrx_word' id='word_1_205' title='bbox 3322 1421 3425 1473; x_wconf 75' lang='lat' dir='ltr'><strong>scit</strong></span> <span class='ocrx_word' id='word_1_206' title='bbox 3457 1432 3644 1473; x_wconf 90' lang='lat' dir='ltr'><strong>utrum</strong></span> <span class='ocrx_word' id='word_1_207' title='bbox 3681 1420 3897 1488; x_wconf 84' lang='lat' dir='ltr'><strong>sapiens</strong></span> <span class='ocrx_word' id='word_1_208' title='bbox 3923 1418 4003 1481; x_wconf 90' lang='lat' dir='ltr'><strong>sit,</strong></span> 
     </span>
    </p>
   </div>
   <div class='ocr_carea' id='block_1_28' title="bbox 2436 1510 4004 1571">
    <p class='ocr_par' dir='ltr' id='par_1_28' title="bbox 2436 1510 4004 1571">
     <span class='ocr_line' id='line_1_28' title="bbox 2436 1510 4004 1571; baseline -0.003 -6"><span class='ocrx_word' id='word_1_209' title='bbox 2436 1525 2503 1565; x_wconf 88' lang='lat' dir='ltr'><strong>an</strong></span> <span class='ocrx_word' id='word_1_210' title='bbox 2536 1510 2785 1564; x_wconf 74' lang='lat' dir='ltr'><strong>stultus?</strong></span> <span class='ocrx_word' id='word_1_211' title='bbox 2836 1519 2891 1565; x_wconf 86' lang='lat' dir='ltr'><strong>et</strong></span> <span class='ocrx_word' id='word_1_212' title='bbox 2921 1512 3298 1566; x_wconf 74' lang='lat' dir='ltr'><strong>dominabitur</strong></span> <span class='ocrx_word' id='word_1_213' title='bbox 3348 1512 3402 1565; x_wconf 89' lang='lat' dir='ltr'><strong>in</strong></span> <span class='ocrx_word' id='word_1_214' title='bbox 3456 1512 3609 1565; x_wconf 89' lang='lat' dir='ltr'><strong>omni</strong></span> <span class='ocrx_word' id='word_1_215' title='bbox 3662 1512 3852 1565; x_wconf 84' lang='lat' dir='ltr'><strong>labore</strong></span> <span class='ocrx_word' id='word_1_216' title='bbox 3878 1525 4004 1571; x_wconf 85' lang='lat' dir='ltr'><strong>meo,</strong></span> 
     </span>
    </p>
   </div>
   <div class='ocr_carea' id='block_1_29' title="bbox 2438 1600 4004 1672">
    <p class='ocr_par' dir='ltr' id='par_1_29' title="bbox 2438 1600 4004 1672">
     <span class='ocr_line' id='line_1_29' title="bbox 2438 1600 4004 1672; baseline 0.002 -22"><span class='ocrx_word' id='word_1_217' title='bbox 2438 1616 2547 1667; x_wconf 89' lang='lat' dir='ltr'><strong>quo</strong></span> <span class='ocrx_word' id='word_1_218' title='bbox 2580 1600 2847 1663; x_wconf 77' lang='lat' dir='ltr'><strong>laboravi,</strong></span> <span class='ocrx_word' id='word_1_219' title='bbox 2868 1611 2921 1655; x_wconf 90' lang='lat' dir='ltr'><strong>et</strong></span> <span class='ocrx_word' id='word_1_220' title='bbox 2948 1603 2998 1654; x_wconf 89' lang='lat' dir='ltr'><strong>in</strong></span> <span class='ocrx_word' id='word_1_221' title='bbox 3022 1618 3129 1670; x_wconf 91' lang='lat' dir='ltr'><strong>quo</strong></span> <span class='ocrx_word' id='word_1_222' title='bbox 3160 1603 3381 1672; x_wconf 69' lang='lat' dir='ltr'><strong>sapiens</strong></span> <span class='ocrx_word' id='word_1_223' title='bbox 3414 1602 3592 1656; x_wconf 80' lang='lat' dir='ltr'><strong>factus</strong></span> <span class='ocrx_word' id='word_1_224' title='bbox 3610 1619 3733 1657; x_wconf 90' lang='lat' dir='ltr'><strong>sum</strong></span> <span class='ocrx_word' id='word_1_225' title='bbox 3759 1602 3859 1655; x_wconf 85' lang='lat' dir='ltr'><strong>sub</strong></span> <span class='ocrx_word' id='word_1_226' title='bbox 3877 1602 4004 1654; x_wconf 63' lang='lat' dir='ltr'><strong>sole:</strong></span> 
     </span>
    </p>
   </div>
   <div class='ocr_carea' id='block_1_30' title="bbox 2438 1693 4009 1763">
    <p class='ocr_par' dir='ltr' id='par_1_30' title="bbox 2438 1693 4009 1763">
     <span class='ocr_line' id='line_1_30' title="bbox 2438 1693 4009 1763; baseline 0 -18"><span class='ocrx_word' id='word_1_227' title='bbox 2438 1693 2530 1746; x_wconf 80' lang='lat' dir='ltr'><strong>sed</strong></span> <span class='ocrx_word' id='word_1_228' title='bbox 2569 1704 2620 1746; x_wconf 88' lang='lat' dir='ltr'><strong>et</strong></span> <span class='ocrx_word' id='word_1_229' title='bbox 2670 1694 2773 1748; x_wconf 89' lang='lat' dir='ltr'><strong>hoc</strong></span> <span class='ocrx_word' id='word_1_230' title='bbox 2818 1696 3052 1748; x_wconf 80' lang='lat' dir='ltr'><strong>vanitas.</strong></span> <span class='ocrx_word' id='word_1_231' title='bbox 3091 1714 3109 1748; x_wconf 76' lang='grc' dir='ltr'><strong>ι</strong></span> <span class='ocrx_word' id='word_1_232' title='bbox 3176 1695 3401 1751; x_wconf 73' lang='lat' dir='ltr'><strong>Videtur</strong></span> <span class='ocrx_word' id='word_1_233' title='bbox 3437 1697 3659 1763; x_wconf 82' lang='lat' dir='ltr'><strong>quidem</strong></span> <span class='ocrx_word' id='word_1_234' title='bbox 3700 1695 3769 1748; x_wconf 86' lang='lat' dir='ltr'><strong>de</strong></span> <span class='ocrx_word' id='word_1_235' title='bbox 3819 1694 4009 1747; x_wconf 81' lang='lat' dir='ltr'><strong>divitiis</strong></span> 
     </span>
    </p>
   </div>
   <div class='ocr_carea' id='block_1_31' title="bbox 763 1784 4007 1882">
    <p class='ocr_par' dir='ltr' id='par_1_31' title="bbox 763 1784 4007 1882">
     <span class='ocr_line' id='line_1_31' title="bbox 763 1784 4007 1882; baseline -0.001 -41"><span class='ocrx_word' id='word_1_236' title='bbox 763 1788 915 1841; x_wconf 86' lang='lat' dir='ltr'><strong>tabit.</strong></span> <span class='ocrx_word' id='word_1_237' title='bbox 947 1785 1079 1838; x_wconf 83' lang='lat' dir='ltr'><strong>Cum</strong></span> <span class='ocrx_word' id='word_1_238' title='bbox 1109 1786 1225 1839; x_wconf 74' lang='lat' dir='ltr'><strong>haec</strong></span> <span class='ocrx_word' id='word_1_239' title='bbox 1255 1802 1311 1838; x_wconf 84' lang='lat' dir='ltr'><strong>se</strong></span> <span class='ocrx_word' id='word_1_240' title='bbox 1338 1786 1409 1838; x_wconf 88' lang='lat' dir='ltr'><strong>ita</strong></span> <span class='ocrx_word' id='word_1_241' title='bbox 1460 1786 1714 1849; x_wconf 78' lang='lat' dir='ltr'><strong>habeant,</strong></span> <span class='ocrx_word' id='word_1_242' title='bbox 1760 1792 1813 1835; x_wconf 84' lang='lat' dir='ltr'><strong>et</strong></span> <span class='ocrx_word' id='word_1_243' title='bbox 1864 1785 2004 1837; x_wconf 86' lang='lat' dir='ltr'><strong>inter</strong></span> <span class='ocrx_word' id='word_1_244' title='bbox 2029 1784 2329 1849; x_wconf 73' lang='lat' dir='ltr'><strong>sapientem</strong></span> <span class='ocrx_word' id='word_1_245' title='bbox 2368 1826 2411 1882; x_wconf 75' lang='grc' dir='ltr'><strong>Β</strong></span> <span class='ocrx_word' id='word_1_246' title='bbox 2442 1793 2497 1839; x_wconf 89' lang='lat' dir='ltr'><strong>et</strong></span> <span class='ocrx_word' id='word_1_247' title='bbox 2524 1784 2722 1852; x_wconf 83' lang='lat' dir='ltr'><strong>opibus</strong></span> <span class='ocrx_word' id='word_1_248' title='bbox 2772 1795 3089 1850; x_wconf 81' lang='lat' dir='ltr'><strong>retractare,</strong></span> <span class='ocrx_word' id='word_1_249' title='bbox 3135 1789 3282 1855; x_wconf 86' lang='lat' dir='ltr'><strong>quod</strong></span> <span class='ocrx_word' id='word_1_250' title='bbox 3321 1789 3627 1842; x_wconf 76' lang='lat' dir='ltr'><strong>secundum</strong></span> <span class='ocrx_word' id='word_1_251' title='bbox 3666 1786 4007 1849; x_wconf 65' lang='lat' dir='ltr'><strong>Evangelium</strong></span> 
     </span>
    </p>
   </div>
   <div class='ocr_carea' id='block_1_32' title="bbox 759 1874 2334 1945">
    <p class='ocr_par' dir='ltr' id='par_1_32' title="bbox 759 1874 2334 1945">
     <span class='ocr_line' id='line_1_32' title="bbox 759 1874 2334 1945; baseline -0.006 -6"><span class='ocrx_word' id='word_1_252' title='bbox 759 1894 815 1938; x_wconf 85' lang='lat' dir='ltr'><strong>et</strong></span> <span class='ocrx_word' id='word_1_253' title='bbox 846 1884 1076 1937; x_wconf 88' lang='lat' dir='ltr'><strong>stultum</strong></span> <span class='ocrx_word' id='word_1_254' title='bbox 1112 1891 1259 1935; x_wconf 76' lang='lat' dir='ltr'><strong>tanta</strong></span> <span class='ocrx_word' id='word_1_255' title='bbox 1286 1874 1540 1933; x_wconf 74' lang='lat' dir='ltr'><strong>distantia</strong></span> <span class='ocrx_word' id='word_1_256' title='bbox 1562 1879 1668 1933; x_wconf 67' lang='lat' dir='ltr'><strong>«sit.</strong></span> <span class='ocrx_word' id='word_1_257' title='bbox 1703 1877 1846 1945; x_wconf 88' lang='lat' dir='ltr'><strong>quod</strong></span> <span class='ocrx_word' id='word_1_258' title='bbox 1878 1876 2015 1928; x_wconf 89' lang='lat' dir='ltr'><strong>alter</strong></span> <span class='ocrx_word' id='word_1_259' title='bbox 2044 1877 2175 1936; x_wconf 79' lang='lat' dir='ltr'><strong>diei.</strong></span> <span class='ocrx_word' id='word_1_260' title='bbox 2197 1877 2334 1929; x_wconf 82' lang='lat' dir='ltr'><strong>alter</strong></span> 
     </span>
    </p>
   </div>
   <div class='ocr_carea' id='block_1_33' title="bbox 763 1966 2332 2039">
    <p class='ocr_par' dir='ltr' id='par_1_33' title="bbox 763 1966 2332 2039">
     <span class='ocr_line' id='line_1_33' title="bbox 763 1966 2332 2039; baseline -0.003 -16"><span class='ocrx_word' id='word_1_261' title='bbox 763 1974 1006 2027; x_wconf 67' lang='lat' dir='ltr'><strong>tenebris</strong></span> <span class='ocrx_word' id='word_1_262' title='bbox 1037 1979 1387 2039; x_wconf 73' lang='lat' dir='ltr'><strong>comparetur</strong></span> <span class='ocrx_word' id='word_1_263' title='bbox 1413 2011 1425 2034; x_wconf 97' lang='lat'><strong>,</strong></span> <span class='ocrx_word' id='word_1_264' title='bbox 1484 1970 1572 2022; x_wconf 79' lang='lat' dir='ltr'><strong>ille</strong></span> <span class='ocrx_word' id='word_1_265' title='bbox 1603 1968 1789 2021; x_wconf 80' lang='lat' dir='ltr'><strong>oculos</strong></span> <span class='ocrx_word' id='word_1_266' title='bbox 1820 1967 1885 2019; x_wconf 86' lang='lat' dir='ltr'><strong>ad</strong></span> <span class='ocrx_word' id='word_1_267' title='bbox 1938 1966 2133 2019; x_wconf 69' lang='lat' dir='ltr'><strong>cordum</strong></span> <span class='ocrx_word' id='word_1_268' title='bbox 2172 1966 2332 2029; x_wconf 89' lang='lat' dir='ltr'><strong>levet,</strong></span> 
     </span>
    </p>
   </div>
   <div class='ocr_carea' id='block_1_34' title="bbox 764 2054 2335 2128">
    <p class='ocr_par' dir='ltr' id='par_1_34' title="bbox 764 2054 2335 2128">
     <span class='ocr_line' id='line_1_34' title="bbox 764 2054 2335 2128; baseline -0.008 -9"><span class='ocrx_word' id='word_1_269' title='bbox 764 2067 864 2119; x_wconf 85' lang='lat' dir='ltr'><strong>iste</strong></span> <span class='ocrx_word' id='word_1_270' title='bbox 912 2066 963 2117; x_wconf 93' lang='lat' dir='ltr'><strong>in</strong></span> <span class='ocrx_word' id='word_1_271' title='bbox 1016 2074 1217 2116; x_wconf 88' lang='lat' dir='ltr'><strong>terram</strong></span> <span class='ocrx_word' id='word_1_272' title='bbox 1272 2058 1579 2128; x_wconf 73' lang='lat' dir='ltr'><strong>deprimat:</strong></span> <span class='ocrx_word' id='word_1_273' title='bbox 1627 2068 1850 2124; x_wconf 83' lang='lat' dir='ltr'><strong>repente</strong></span> <span class='ocrx_word' id='word_1_274' title='bbox 1908 2055 2042 2109; x_wconf 83' lang='lat' dir='ltr'><strong>mihi</strong></span> <span class='ocrx_word' id='word_1_275' title='bbox 2071 2054 2335 2124; x_wconf 72' lang='lat' dir='ltr'><strong>cogitatio</strong></span> 
     </span>
    </p>
   </div>
   <div class='ocr_carea' id='block_1_35' title="bbox 764 2148 2334 2222">
    <p class='ocr_par' dir='ltr' id='par_1_35' title="bbox 764 2148 2334 2222">
     <span class='ocr_line' id='line_1_35' title="bbox 764 2148 2334 2222; baseline -0.006 -13"><span class='ocrx_word' id='word_1_276' title='bbox 764 2161 864 2211; x_wconf 75' lang='lat' dir='ltr'><strong>ista</strong></span> <span class='ocrx_word' id='word_1_277' title='bbox 919 2154 1190 2222; x_wconf 75' lang='lat' dir='ltr'><strong>subrepsit</strong></span> <span class='ocrx_word' id='word_1_278' title='bbox 1220 2194 1232 2217; x_wconf 97' lang='lat'><strong>,</strong></span> <span class='ocrx_word' id='word_1_279' title='bbox 1266 2169 1436 2220; x_wconf 79' lang='lat' dir='ltr'><strong>quare</strong></span> <span class='ocrx_word' id='word_1_280' title='bbox 1488 2152 1708 2219; x_wconf 66' lang='lat' dir='ltr'><strong>sapiens</strong></span> <span class='ocrx_word' id='word_1_281' title='bbox 1743 2157 1791 2202; x_wconf 78' lang='lat' dir='ltr'><strong>et</strong></span> <span class='ocrx_word' id='word_1_282' title='bbox 1823 2148 2024 2202; x_wconf 82' lang='lat' dir='ltr'><strong>stultus</strong></span> <span class='ocrx_word' id='word_1_283' title='bbox 2058 2148 2334 2201; x_wconf 89' lang='lat' dir='ltr'><strong>communi</strong></span> 
     </span>
    </p>
   </div>
   <div class='ocr_carea' id='block_1_36' title="bbox 765 2242 2335 2311">
    <p class='ocr_par' dir='ltr' id='par_1_36' title="bbox 765 2242 2335 2311">
     <span class='ocr_line' id='line_1_36' title="bbox 765 2242 2335 2311; baseline -0.008 -6"><span class='ocrx_word' id='word_1_284' title='bbox 765 2259 817 2305; x_wconf 76' lang='grc' dir='ltr'>ις.</span> <span class='ocrx_word' id='word_1_285' title='bbox 847 2256 1025 2305; x_wconf 62' lang='lat' dir='ltr'><strong>lantur</strong></span> <span class='ocrx_word' id='word_1_286' title='bbox 1049 2249 1293 2311; x_wconf 67' lang='lat' dir='ltr'><strong>interitu,</strong></span> <span class='ocrx_word' id='word_1_287' title='bbox 1324 2263 1421 2301; x_wconf 87' lang='lat' dir='ltr'><strong>cur</strong></span> <span class='ocrx_word' id='word_1_288' title='bbox 1444 2245 1645 2299; x_wconf 67' lang='lat' dir='ltr'><strong>emdem</strong></span> <span class='ocrx_word' id='word_1_289' title='bbox 1678 2244 1870 2311; x_wconf 76' lang='lat' dir='ltr'><strong>plagze.</strong></span> <span class='ocrx_word' id='word_1_290' title='bbox 1906 2242 2046 2295; x_wconf 87' lang='lat' dir='ltr'><strong>idem</strong></span> <span class='ocrx_word' id='word_1_291' title='bbox 2083 2250 2335 2302; x_wconf 85' lang='lat' dir='ltr'><strong>eventus,</strong></span> 
     </span>
    </p>
   </div>
   <div class='ocr_carea' id='block_1_37' title="bbox 766 2332 2336 2405">
    <p class='ocr_par' dir='ltr' id='par_1_37' title="bbox 766 2332 2336 2405">
     <span class='ocr_line' id='line_1_37' title="bbox 766 2332 2336 2405; baseline -0.005 -11"><span class='ocrx_word' id='word_1_292' title='bbox 766 2345 955 2394; x_wconf 68' lang='lat' dir='ltr'><strong>eadem</strong></span> <span class='ocrx_word' id='word_1_293' title='bbox 1006 2356 1173 2399; x_wconf 72' lang='lat' dir='ltr'><strong>mors,</strong></span> <span class='ocrx_word' id='word_1_294' title='bbox 1211 2353 1367 2405; x_wconf 79' lang='lat' dir='ltr'><strong>pares</strong></span> <span class='ocrx_word' id='word_1_295' title='bbox 1407 2345 1701 2401; x_wconf 86' lang='lat' dir='ltr'><strong>utrumque</strong></span> <span class='ocrx_word' id='word_1_296' title='bbox 1762 2332 2031 2395; x_wconf 64' lang='lat' dir='ltr'><strong>angusti-.e</strong></span> <span class='ocrx_word' id='word_1_297' title='bbox 2062 2340 2336 2399; x_wconf 88' lang='lat' dir='ltr'><strong>premant.</strong></span> 
     </span>
    </p>
   </div>
   <div class='ocr_carea' id='block_1_38' title="bbox 838 2425 2337 2499">
    <p class='ocr_par' dir='ltr' id='par_1_38' title="bbox 838 2425 2337 2499">
     <span class='ocr_line' id='line_1_38' title="bbox 838 2425 2337 2499; baseline -0.007 -13"><span class='ocrx_word' id='word_1_298' title='bbox 838 2454 865 2486; x_wconf 77' lang='lat' dir='ltr'><strong>‘s</strong></span> <span class='ocrx_word' id='word_1_299' title='bbox 907 2436 969 2488; x_wconf 79' lang='lat' dir='ltr'><strong>Et</strong></span> <span class='ocrx_word' id='word_1_300' title='bbox 1002 2434 1111 2486; x_wconf 80' lang='lat' dir='ltr'><strong>dixi</strong></span> <span class='ocrx_word' id='word_1_301' title='bbox 1151 2448 1250 2499; x_wconf 70' lang='lat' dir='ltr'><strong>ego</strong></span> <span class='ocrx_word' id='word_1_302' title='bbox 1276 2432 1329 2484; x_wconf 90' lang='lat' dir='ltr'><strong>in</strong></span> <span class='ocrx_word' id='word_1_303' title='bbox 1365 2430 1528 2483; x_wconf 86' lang='lat' dir='ltr'><strong>corde</strong></span> <span class='ocrx_word' id='word_1_304' title='bbox 1560 2444 1701 2491; x_wconf 91' lang='lat' dir='ltr'><strong>meo,</strong></span> <span class='ocrx_word' id='word_1_305' title='bbox 1729 2428 1871 2481; x_wconf 86' lang='lat' dir='ltr'><strong>sicut</strong></span> <span class='ocrx_word' id='word_1_306' title='bbox 1900 2435 2127 2479; x_wconf 80' lang='lat' dir='ltr'><strong>eventus</strong></span> <span class='ocrx_word' id='word_1_307' title='bbox 2159 2425 2337 2482; x_wconf 84' lang='lat' dir='ltr'><strong>stulti.</strong></span> 
     </span>
    </p>
   </div>
   <div class='ocr_carea' id='block_1_39' title="bbox 766 2517 2341 2589">
    <p class='ocr_par' dir='ltr' id='par_1_39' title="bbox 766 2517 2341 2589">
     <span class='ocr_line' id='line_1_39' title="bbox 766 2517 2341 2589; baseline -0.009 -6"><span class='ocrx_word' id='word_1_308' title='bbox 766 2533 842 2583; x_wconf 80' lang='lat' dir='ltr'><strong>i:a</strong></span> <span class='ocrx_word' id='word_1_309' title='bbox 870 2539 919 2580; x_wconf 70' lang='lat' dir='ltr'><strong>et</strong></span> <span class='ocrx_word' id='word_1_310' title='bbox 945 2528 1074 2580; x_wconf 88' lang='lat' dir='ltr'><strong>mihi</strong></span> <span class='ocrx_word' id='word_1_311' title='bbox 1111 2526 1347 2585; x_wconf 77' lang='lat' dir='ltr'><strong>eVeuiet,</strong></span> <span class='ocrx_word' id='word_1_312' title='bbox 1372 2532 1425 2576; x_wconf 86' lang='lat' dir='ltr'><strong>et</strong></span> <span class='ocrx_word' id='word_1_313' title='bbox 1452 2532 1509 2574; x_wconf 93' lang='grc' dir='ltr'><strong>ιιι</strong></span> <span class='ocrx_word' id='word_1_314' title='bbox 1533 2521 1665 2589; x_wconf 90' lang='lat' dir='ltr'><strong>quid</strong></span> <span class='ocrx_word' id='word_1_315' title='bbox 1692 2520 1908 2586; x_wconf 80' lang='lat' dir='ltr'><strong>sapiens</strong></span> <span class='ocrx_word' id='word_1_316' title='bbox 1937 2519 2110 2571; x_wconf 76' lang='lat' dir='ltr'><strong>lactus</strong></span> <span class='ocrx_word' id='word_1_317' title='bbox 2146 2534 2262 2570; x_wconf 84' lang='lat' dir='ltr'><strong>sum</strong></span> <span class='ocrx_word' id='word_1_318' title='bbox 2284 2517 2341 2569; x_wconf 65' lang='grc' dir='ltr'><strong>’ἲ</strong></span> 
     </span>
    </p>
   </div>
   <div class='ocr_carea' id='block_1_40' title="bbox 772 2610 2340 2679">
    <p class='ocr_par' dir='ltr' id='par_1_40' title="bbox 772 2610 2340 2679">
     <span class='ocr_line' id='line_1_40' title="bbox 772 2610 2340 2679; baseline -0.013 -4"><span class='ocrx_word' id='word_1_319' title='bbox 772 2626 835 2675; x_wconf 88' lang='grc' dir='ltr'><strong>Ι·ἰ</strong></span> <span class='ocrx_word' id='word_1_320' title='bbox 864 2622 1079 2673; x_wconf 83' lang='lat' dir='ltr'><strong>locutus</strong></span> <span class='ocrx_word' id='word_1_321' title='bbox 1106 2634 1224 2671; x_wconf 84' lang='lat' dir='ltr'><strong>sum</strong></span> <span class='ocrx_word' id='word_1_322' title='bbox 1253 2618 1305 2669; x_wconf 86' lang='lat' dir='ltr'><strong>in</strong></span> <span class='ocrx_word' id='word_1_323' title='bbox 1347 2615 1516 2671; x_wconf 83' lang='lat' dir='ltr'><strong>corde</strong></span> <span class='ocrx_word' id='word_1_324' title='bbox 1549 2628 1690 2672; x_wconf 85' lang='lat' dir='ltr'><strong>meo,</strong></span> <span class='ocrx_word' id='word_1_325' title='bbox 1717 2610 1971 2679; x_wconf 89' lang='lat' dir='ltr'><strong>quoniam</strong></span> <span class='ocrx_word' id='word_1_326' title='bbox 1998 2610 2097 2662; x_wconf 92' lang='lat' dir='ltr'><strong>boc</strong></span> <span class='ocrx_word' id='word_1_327' title='bbox 2122 2624 2340 2677; x_wconf 72' lang='lat' dir='ltr'><strong>quoque</strong></span> 
     </span>
    </p>
   </div>
   <div class='ocr_carea' id='block_1_41' title="bbox 768 2701 2341 2771">
    <p class='ocr_par' dir='ltr' id='par_1_41' title="bbox 768 2701 2341 2771">
     <span class='ocr_line' id='line_1_41' title="bbox 768 2701 2341 2771; baseline -0.008 -5"><span class='ocrx_word' id='word_1_328' title='bbox 768 2716 1005 2766; x_wconf 66' lang='lat' dir='ltr'><strong>Vanitas.</strong></span> <span class='ocrx_word' id='word_1_329' title='bbox 1037 2713 1151 2765; x_wconf 62' lang='lat' dir='ltr'><strong>Non</strong></span> <span class='ocrx_word' id='word_1_330' title='bbox 1174 2710 1317 2763; x_wconf 88' lang='lat' dir='ltr'><strong>enim</strong></span> <span class='ocrx_word' id='word_1_331' title='bbox 1346 2710 1449 2762; x_wconf 89' lang='lat' dir='ltr'><strong>crit</strong></span> <span class='ocrx_word' id='word_1_332' title='bbox 1472 2705 1730 2759; x_wconf 84' lang='lat' dir='ltr'><strong>memoria</strong></span> <span class='ocrx_word' id='word_1_333' title='bbox 1755 2704 2017 2771; x_wconf 83' lang='lat' dir='ltr'><strong>sapientis</strong></span> <span class='ocrx_word' id='word_1_334' title='bbox 2034 2717 2157 2755; x_wconf 88' lang='lat' dir='ltr'><strong>cum</strong></span> <span class='ocrx_word' id='word_1_335' title='bbox 2176 2701 2341 2753; x_wconf 89' lang='lat' dir='ltr'><strong>stulto</strong></span> 
     </span>
    </p>
   </div>
   <div class='ocr_carea' id='block_1_42' title="bbox 773 2791 2337 2869">
    <p class='ocr_par' dir='ltr' id='par_1_42' title="bbox 773 2791 2337 2869">
     <span class='ocr_line' id='line_1_42' title="bbox 773 2791 2337 2869; baseline -0.011 -10"><span class='ocrx_word' id='word_1_336' title='bbox 773 2808 827 2859; x_wconf 89' lang='lat' dir='ltr'><strong>in</strong></span> <span class='ocrx_word' id='word_1_337' title='bbox 860 2815 1221 2859; x_wconf 55' lang='lat' dir='ltr'><strong>ateruummo</strong></span> <span class='ocrx_word' id='word_1_338' title='bbox 1242 2800 1386 2869; x_wconf 91' lang='lat' dir='ltr'><strong>quod</strong></span> <span class='ocrx_word' id='word_1_339' title='bbox 1421 2814 1549 2851; x_wconf 76' lang='lat' dir='ltr'><strong>erce</strong></span> <span class='ocrx_word' id='word_1_340' title='bbox 1578 2796 1769 2850; x_wconf 86' lang='lat' dir='ltr'><strong>diebus</strong></span> <span class='ocrx_word' id='word_1_341' title='bbox 1802 2794 1892 2865; x_wconf 83' lang='lat' dir='ltr'><strong>qui</strong></span> <span class='ocrx_word' id='word_1_342' title='bbox 1926 2791 2337 2861; x_wconf 78' lang='lat' dir='ltr'><strong>supervenient,</strong></span> 
     </span>
    </p>
   </div>
   <div class='ocr_carea' id='block_1_43' title="bbox 772 2887 2341 2959">
    <p class='ocr_par' dir='ltr' id='par_1_43' title="bbox 772 2887 2341 2959">
     <span class='ocr_line' id='line_1_43' title="bbox 772 2887 2341 2959; baseline -0.01 -7"><span class='ocrx_word' id='word_1_343' title='bbox 772 2901 1026 2952; x_wconf 57' lang='lat' dir='ltr'><strong>universa</strong></span> <span class='ocrx_word' id='word_1_344' title='bbox 1058 2896 1259 2949; x_wconf 83' lang='lat' dir='ltr'><strong>oblivio</strong></span> <span class='ocrx_word' id='word_1_345' title='bbox 1302 2892 1624 2959; x_wconf 86' lang='lat' dir='ltr'><strong>cooperiet;</strong></span> <span class='ocrx_word' id='word_1_346' title='bbox 1672 2900 1723 2943; x_wconf 89' lang='lat' dir='ltr'><strong>et</strong></span> <span class='ocrx_word' id='word_1_347' title='bbox 1756 2889 2029 2953; x_wconf 84' lang='lat' dir='ltr'><strong>quomodo</strong></span> <span class='ocrx_word' id='word_1_348' title='bbox 2079 2887 2341 2940; x_wconf 85' lang='lat' dir='ltr'><strong>morietur</strong></span> 
     </span>
    </p>
   </div>
   <div class='ocr_carea' id='block_1_44' title="bbox 769 2979 2335 3063">
    <p class='ocr_par' dir='ltr' id='par_1_44' title="bbox 769 2979 2335 3063">
     <span class='ocr_line' id='line_1_44' title="bbox 769 2979 2335 3063; baseline -0.011 -15"><span class='ocrx_word' id='word_1_349' title='bbox 769 2997 989 3063; x_wconf 77' lang='lat' dir='ltr'><strong>sapiens</strong></span> <span class='ocrx_word' id='word_1_350' title='bbox 1031 3008 1153 3044; x_wconf 90' lang='lat' dir='ltr'><strong>cum</strong></span> <span class='ocrx_word' id='word_1_351' title='bbox 1206 2985 1413 3041; x_wconf 71' lang='lat' dir='ltr'><strong>stulto?</strong></span> <span class='ocrx_word' id='word_1_352' title='bbox 1455 3005 1472 3036; x_wconf 77' lang='grc' dir='ltr'><strong>ι</strong></span> <span class='ocrx_word' id='word_1_353' title='bbox 1525 2984 1682 3043; x_wconf 78' lang='lat' dir='ltr'><strong>Dixi.</strong></span> <span class='ocrx_word' id='word_1_354' title='bbox 1736 2981 1955 3048; x_wconf 86' lang='lat' dir='ltr'><strong>sapiens</strong></span> <span class='ocrx_word' id='word_1_355' title='bbox 2008 2989 2060 3033; x_wconf 89' lang='lat' dir='ltr'><strong>et</strong></span> <span class='ocrx_word' id='word_1_356' title='bbox 2107 2979 2335 3043; x_wconf 90' lang='lat' dir='ltr'><strong>stultus,</strong></span> 
     </span>
    </p>
   </div>
   <div class='ocr_carea' id='block_1_45' title="bbox 765 3070 2337 3155">
    <p class='ocr_par' dir='ltr' id='par_1_45' title="bbox 765 3070 2337 3155">
     <span class='ocr_line' id='line_1_45' title="bbox 765 3070 2337 3155; baseline -0.013 -16"><span class='ocrx_word' id='word_1_357' title='bbox 765 3088 949 3155; x_wconf 76' lang='lat' dir='ltr'><strong>justus</strong></span> <span class='ocrx_word' id='word_1_358' title='bbox 986 3096 1038 3137; x_wconf 80' lang='lat' dir='ltr'><strong>et</strong></span> <span class='ocrx_word' id='word_1_359' title='bbox 1070 3081 1295 3149; x_wconf 80' lang='lat' dir='ltr'><strong>impius,</strong></span> <span class='ocrx_word' id='word_1_360' title='bbox 1322 3076 1515 3143; x_wconf 72' lang='lat' dir='ltr'><strong>mquali</strong></span> <span class='ocrx_word' id='word_1_361' title='bbox 1548 3088 1697 3127; x_wconf 85' lang='lat' dir='ltr'><strong>sorte.</strong></span> <span class='ocrx_word' id='word_1_362' title='bbox 1727 3074 2045 3133; x_wconf 79' lang='lat' dir='ltr'><strong>morientur,</strong></span> <span class='ocrx_word' id='word_1_363' title='bbox 2075 3080 2127 3123; x_wconf 88' lang='lat' dir='ltr'><strong>et</strong></span> <span class='ocrx_word' id='word_1_364' title='bbox 2156 3070 2337 3122; x_wconf 61' lang='lat' dir='ltr'><strong>Ollilli&#39;l</strong></span> 
     </span>
    </p>
   </div>
   <div class='ocr_carea' id='block_1_46' title="bbox 2442 1876 4009 1949">
    <p class='ocr_par' dir='ltr' id='par_1_46' title="bbox 2442 1876 4009 1949">
     <span class='ocr_line' id='line_1_46' title="bbox 2442 1876 4009 1949; baseline 0 -20"><span class='ocrx_word' id='word_1_365' title='bbox 2442 1878 2724 1945; x_wconf 77' lang='lat' dir='ltr'><strong>repentina</strong></span> <span class='ocrx_word' id='word_1_366' title='bbox 2751 1889 2926 1933; x_wconf 90' lang='lat' dir='ltr'><strong>morte</strong></span> <span class='ocrx_word' id='word_1_367' title='bbox 2950 1880 3236 1942; x_wconf 83' lang='lat' dir='ltr'><strong>subtracti,</strong></span> <span class='ocrx_word' id='word_1_368' title='bbox 3258 1881 3408 1949; x_wconf 87' lang='lat' dir='ltr'><strong>quali</strong></span> <span class='ocrx_word' id='word_1_369' title='bbox 3435 1879 3743 1933; x_wconf 86' lang='lat' dir='ltr'><strong>moriamur</strong></span> <span class='ocrx_word' id='word_1_370' title='bbox 3780 1876 4009 1942; x_wconf 68' lang='lat' dir='ltr'><strong>hzvrede,</strong></span> 
     </span>
    </p>
   </div>
   <div class='ocr_carea' id='block_1_47' title="bbox 2439 1968 4011 2039">
    <p class='ocr_par' dir='ltr' id='par_1_47' title="bbox 2439 1968 4011 2039">
     <span class='ocr_line' id='line_1_47' title="bbox 2439 1968 4011 2039; baseline -0.004 -16"><span class='ocrx_word' id='word_1_371' title='bbox 2439 1968 2749 2024; x_wconf 88' lang='lat' dir='ltr'><strong>nesciamus</strong></span> <span class='ocrx_word' id='word_1_372' title='bbox 2776 1985 2790 2036; x_wconf 91' lang='lat'><strong>;</strong></span> <span class='ocrx_word' id='word_1_373' title='bbox 2827 1980 3007 2023; x_wconf 91' lang='lat' dir='ltr'><strong>utrum</strong></span> <span class='ocrx_word' id='word_1_374' title='bbox 3035 1972 3234 2024; x_wconf 86' lang='lat' dir='ltr'><strong>stultus</strong></span> <span class='ocrx_word' id='word_1_375' title='bbox 3259 1986 3326 2023; x_wconf 89' lang='lat' dir='ltr'><strong>an</strong></span> <span class='ocrx_word' id='word_1_376' title='bbox 3347 1971 3568 2039; x_wconf 85' lang='lat' dir='ltr'><strong>sapiens</strong></span> <span class='ocrx_word' id='word_1_377' title='bbox 3594 1972 3687 2032; x_wconf 90' lang='lat' dir='ltr'><strong>sit,</strong></span> <span class='ocrx_word' id='word_1_378' title='bbox 3708 1970 3802 2035; x_wconf 88' lang='lat' dir='ltr'><strong>qui</strong></span> <span class='ocrx_word' id='word_1_379' title='bbox 3834 1978 4011 2023; x_wconf 76' lang='lat' dir='ltr'><strong>nostra</strong></span> 
     </span>
    </p>
   </div>
   <div class='ocr_carea' id='block_1_48' title="bbox 2438 2060 4013 2131">
    <p class='ocr_par' dir='ltr' id='par_1_48' title="bbox 2438 2060 4013 2131">
     <span class='ocr_line' id='line_1_48' title="bbox 2438 2060 4013 2131; baseline -0.001 -18"><span class='ocrx_word' id='word_1_380' title='bbox 2438 2070 2522 2113; x_wconf 87' lang='lat' dir='ltr'><strong>est</strong></span> <span class='ocrx_word' id='word_1_381' title='bbox 2544 2061 2731 2116; x_wconf 87' lang='lat' dir='ltr'><strong>labore</strong></span> <span class='ocrx_word' id='word_1_382' title='bbox 2786 2061 3084 2117; x_wconf 80' lang='lat' dir='ltr'><strong>fruiturus.</strong></span> <span class='ocrx_word' id='word_1_383' title='bbox 3122 2062 3276 2129; x_wconf 86' lang='lat' dir='ltr'><strong>Quod</strong></span> <span class='ocrx_word' id='word_1_384' title='bbox 3318 2063 3598 2117; x_wconf 84' lang='lat' dir='ltr'><strong>Salomoni</strong></span> <span class='ocrx_word' id='word_1_385' title='bbox 3629 2077 3851 2131; x_wconf 68' lang='lat' dir='ltr'><strong>quoque</strong></span> <span class='ocrx_word' id='word_1_386' title='bbox 3884 2060 4013 2114; x_wconf 78' lang='lat' dir='ltr'><strong>acci-</strong></span> 
     </span>
    </p>
   </div>
   <div class='ocr_carea' id='block_1_49' title="bbox 2439 2152 4011 2210">
    <p class='ocr_par' dir='ltr' id='par_1_49' title="bbox 2439 2152 4011 2210">
     <span class='ocr_line' id='line_1_49' title="bbox 2439 2152 4011 2210; baseline 0 -5"><span class='ocrx_word' id='word_1_387' title='bbox 2439 2152 2560 2205; x_wconf 86' lang='lat' dir='ltr'><strong>dit:</strong></span> <span class='ocrx_word' id='word_1_388' title='bbox 2596 2168 2702 2206; x_wconf 89' lang='lat' dir='ltr'><strong>non</strong></span> <span class='ocrx_word' id='word_1_389' title='bbox 2740 2155 2889 2207; x_wconf 84' lang='lat' dir='ltr'><strong>enim</strong></span> <span class='ocrx_word' id='word_1_390' title='bbox 2919 2156 3153 2209; x_wconf 86' lang='lat' dir='ltr'><strong>similem</strong></span> <span class='ocrx_word' id='word_1_391' title='bbox 3190 2156 3273 2209; x_wconf 89' lang='lat' dir='ltr'><strong>sui</strong></span> <span class='ocrx_word' id='word_1_392' title='bbox 3313 2156 3500 2210; x_wconf 89' lang='lat' dir='ltr'><strong>habuit</strong></span> <span class='ocrx_word' id='word_1_393' title='bbox 3532 2154 3705 2209; x_wconf 86' lang='lat' dir='ltr'><strong>lilium</strong></span> <span class='ocrx_word' id='word_1_394' title='bbox 3758 2155 4011 2209; x_wconf 76' lang='lat' dir='ltr'><strong>Roboam.</strong></span> 
     </span>
    </p>
   </div>
   <div class='ocr_carea' id='block_1_50' title="bbox 2446 2243 4015 2317">
    <p class='ocr_par' dir='ltr' id='par_1_50' title="bbox 2446 2243 4015 2317">
     <span class='ocr_line' id='line_1_50' title="bbox 2446 2243 4015 2317; baseline 0.001 -21"><span class='ocrx_word' id='word_1_395' title='bbox 2446 2243 2518 2296; x_wconf 76' lang='lat' dir='ltr'><strong>Ex</strong></span> <span class='ocrx_word' id='word_1_396' title='bbox 2554 2247 3062 2316; x_wconf 70' lang='lat' dir='ltr'><strong>quoiutt-lligimus,</strong></span> <span class='ocrx_word' id='word_1_397' title='bbox 3102 2262 3166 2302; x_wconf 89' lang='lat' dir='ltr'><strong>ne</strong></span> <span class='ocrx_word' id='word_1_398' title='bbox 3197 2249 3366 2301; x_wconf 80' lang='lat' dir='ltr'><strong>ﬁlium</strong></span> <span class='ocrx_word' id='word_1_399' title='bbox 3397 2248 3616 2317; x_wconf 75' lang='lat' dir='ltr'><strong>quidem</strong></span> <span class='ocrx_word' id='word_1_400' title='bbox 3649 2248 3825 2314; x_wconf 83' lang='lat' dir='ltr'><strong>patris</strong></span> <span class='ocrx_word' id='word_1_401' title='bbox 3858 2248 4015 2297; x_wconf 71' lang='lat' dir='ltr'><strong>luere-</strong></span> 
     </span>
    </p>
   </div>
   <div class='ocr_carea' id='block_1_51' title="bbox 2441 2339 4015 2413">
    <p class='ocr_par' dir='ltr' id='par_1_51' title="bbox 2441 2339 4015 2413">
     <span class='ocr_line' id='line_1_51' title="bbox 2441 2339 4015 2413; baseline 0.001 -22"><span class='ocrx_word' id='word_1_402' title='bbox 2441 2339 2613 2391; x_wconf 89' lang='lat' dir='ltr'><strong>ditate</strong></span> <span class='ocrx_word' id='word_1_403' title='bbox 2653 2340 2880 2407; x_wconf 77' lang='lat' dir='ltr'><strong>dignum</strong></span> <span class='ocrx_word' id='word_1_404' title='bbox 2916 2356 3058 2401; x_wconf 76' lang='lat' dir='ltr'><strong>esse.</strong></span> <span class='ocrx_word' id='word_1_405' title='bbox 3103 2342 3147 2396; x_wconf 88' lang='lat' dir='ltr'><strong>si</strong></span> <span class='ocrx_word' id='word_1_406' title='bbox 3177 2341 3377 2413; x_wconf 84' lang='lat' dir='ltr'><strong>stultus</strong></span> <span class='ocrx_word' id='word_1_407' title='bbox 3408 2342 3501 2397; x_wconf 93' lang='lat' dir='ltr'><strong>sit.</strong></span> <span class='ocrx_word' id='word_1_408' title='bbox 3560 2339 3668 2394; x_wconf 83' lang='lat' dir='ltr'><strong>Sed</strong></span> <span class='ocrx_word' id='word_1_409' title='bbox 3696 2341 3830 2393; x_wconf 89' lang='lat' dir='ltr'><strong>mihi</strong></span> <span class='ocrx_word' id='word_1_410' title='bbox 3867 2340 4015 2392; x_wconf 75' lang='lat' dir='ltr'><strong>altius</strong></span> 
     </span>
    </p>
   </div>
   <div class='ocr_carea' id='block_1_52' title="bbox 2442 2430 4015 2499">
    <p class='ocr_par' dir='ltr' id='par_1_52' title="bbox 2442 2430 4015 2499">
     <span class='ocr_line' id='line_1_52' title="bbox 2442 2430 4015 2499; baseline -0.001 -16"><span class='ocrx_word' id='word_1_411' title='bbox 2442 2431 2859 2499; x_wconf 84' lang='lat' dir='ltr'><strong>contemplanti,</strong></span> <span class='ocrx_word' id='word_1_412' title='bbox 2887 2431 2955 2485; x_wconf 87' lang='lat' dir='ltr'><strong>de</strong></span> <span class='ocrx_word' id='word_1_413' title='bbox 3012 2432 3206 2485; x_wconf 86' lang='lat' dir='ltr'><strong>labore</strong></span> <span class='ocrx_word' id='word_1_414' title='bbox 3234 2432 3453 2486; x_wconf 86' lang='lat' dir='ltr'><strong>videtur</strong></span> <span class='ocrx_word' id='word_1_415' title='bbox 3502 2432 3688 2485; x_wconf 84' lang='lat' dir='ltr'><strong>dicere</strong></span> <span class='ocrx_word' id='word_1_416' title='bbox 3729 2430 4015 2499; x_wconf 69' lang='lat' dir='ltr'><strong>Spiriittali,</strong></span> 
     </span>
    </p>
   </div>
   <div class='ocr_carea' id='block_1_53' title="bbox 2441 2521 4019 2594">
    <p class='ocr_par' dir='ltr' id='par_1_53' title="bbox 2441 2521 4019 2594">
     <span class='ocr_line' id='line_1_53' title="bbox 2441 2521 4019 2594; baseline -0.001 -20"><span class='ocrx_word' id='word_1_417' title='bbox 2441 2523 2587 2587; x_wconf 89' lang='lat' dir='ltr'><strong>quod</strong></span> <span class='ocrx_word' id='word_1_418' title='bbox 2608 2523 2802 2575; x_wconf 81' lang='lat' dir='ltr'><strong>diebus</strong></span> <span class='ocrx_word' id='word_1_419' title='bbox 2830 2540 2890 2575; x_wconf 90' lang='lat' dir='ltr'><strong>ac</strong></span> <span class='ocrx_word' id='word_1_420' title='bbox 2912 2523 3075 2594; x_wconf 65' lang='grc'><strong>405</strong></span> <span class='ocrx_word' id='word_1_421' title='bbox 3116 2525 3372 2578; x_wconf 82' lang='lat' dir='ltr'><strong>noctibus</strong></span> <span class='ocrx_word' id='word_1_422' title='bbox 3402 2524 3486 2576; x_wconf 86' lang='lat' dir='ltr'><strong>vir</strong></span> <span class='ocrx_word' id='word_1_423' title='bbox 3515 2524 3740 2591; x_wconf 79' lang='lat' dir='ltr'><strong>sapiens</strong></span> <span class='ocrx_word' id='word_1_424' title='bbox 3801 2524 3854 2575; x_wconf 91' lang='lat' dir='ltr'><strong>in</strong></span> <span class='ocrx_word' id='word_1_425' title='bbox 3882 2521 4019 2575; x_wconf 69' lang='lat' dir='ltr'><strong>Seri-</strong></span> 
     </span>
    </p>
   </div>
   <div class='ocr_carea' id='block_1_54' title="bbox 2442 2613 4014 2683">
    <p class='ocr_par' dir='ltr' id='par_1_54' title="bbox 2442 2613 4014 2683">
     <span class='ocr_line' id='line_1_54' title="bbox 2442 2613 4014 2683; baseline -0.002 -17"><span class='ocrx_word' id='word_1_426' title='bbox 2442 2613 2626 2683; x_wconf 84' lang='lat' dir='ltr'><strong>pturis</strong></span> <span class='ocrx_word' id='word_1_427' title='bbox 2679 2614 2906 2674; x_wconf 89' lang='lat' dir='ltr'><strong>laboret,</strong></span> <span class='ocrx_word' id='word_1_428' title='bbox 2960 2625 3013 2666; x_wconf 88' lang='lat' dir='ltr'><strong>et</strong></span> <span class='ocrx_word' id='word_1_429' title='bbox 3039 2627 3331 2683; x_wconf 88' lang='lat' dir='ltr'><strong>componat</strong></span> <span class='ocrx_word' id='word_1_430' title='bbox 3371 2614 3563 2678; x_wconf 82' lang='lat' dir='ltr'><strong>libros,</strong></span> <span class='ocrx_word' id='word_1_431' title='bbox 3603 2623 3659 2664; x_wconf 84' lang='lat' dir='ltr'><strong>ut</strong></span> <span class='ocrx_word' id='word_1_432' title='bbox 3707 2613 4014 2665; x_wconf 75' lang='lat' dir='ltr'><strong>memoriam</strong></span> 
     </span>
    </p>
   </div>
   <div class='ocr_carea' id='block_1_55' title="bbox 2443 2702 4017 2775">
    <p class='ocr_par' dir='ltr' id='par_1_55' title="bbox 2443 2702 4017 2775">
     <span class='ocr_line' id='line_1_55' title="bbox 2443 2702 4017 2775; baseline -0.003 -16"><span class='ocrx_word' id='word_1_433' title='bbox 2443 2707 2525 2759; x_wconf 86' lang='lat' dir='ltr'><strong>sui</strong></span> <span class='ocrx_word' id='word_1_434' title='bbox 2565 2706 2799 2774; x_wconf 86' lang='lat' dir='ltr'><strong>posteris</strong></span> <span class='ocrx_word' id='word_1_435' title='bbox 2832 2705 3201 2775; x_wconf 83' lang='lat' dir='ltr'><strong>derelinquat,</strong></span> <span class='ocrx_word' id='word_1_436' title='bbox 3246 2702 3303 2760; x_wconf 80' lang='lat' dir='ltr'><strong>et</strong></span> <span class='ocrx_word' id='word_1_437' title='bbox 3333 2706 3701 2759; x_wconf 75' lang='lat' dir='ltr'><strong>nihilominus</strong></span> <span class='ocrx_word' id='word_1_438' title='bbox 3744 2706 3801 2758; x_wconf 87' lang='lat' dir='ltr'><strong>in</strong></span> <span class='ocrx_word' id='word_1_439' title='bbox 3836 2717 4017 2759; x_wconf 85' lang='lat' dir='ltr'><strong>manus</strong></span> 
     </span>
    </p>
   </div>
   <div class='ocr_carea' id='block_1_56' title="bbox 2443 2797 4017 2865">
    <p class='ocr_par' dir='ltr' id='par_1_56' title="bbox 2443 2797 4017 2865">
     <span class='ocr_line' id='line_1_56' title="bbox 2443 2797 4017 2865; baseline -0.002 -14"><span class='ocrx_word' id='word_1_440' title='bbox 2443 2797 2732 2851; x_wconf 81' lang='lat' dir='ltr'><strong>stultorum</strong></span> <span class='ocrx_word' id='word_1_441' title='bbox 2771 2799 3016 2864; x_wconf 80' lang='lat' dir='ltr'><strong>veniant,</strong></span> <span class='ocrx_word' id='word_1_442' title='bbox 3060 2798 3150 2865; x_wconf 92' lang='lat' dir='ltr'><strong>qui</strong></span> <span class='ocrx_word' id='word_1_443' title='bbox 3186 2798 3501 2865; x_wconf 82' lang='lat' dir='ltr'><strong>frequenter</strong></span> <span class='ocrx_word' id='word_1_444' title='bbox 3551 2803 3869 2851; x_wconf 70' lang='lat' dir='ltr'><strong>secundum</strong></span> <span class='ocrx_word' id='word_1_445' title='bbox 3905 2812 4017 2865; x_wconf 61' lang='lat' dir='ltr'><strong>pero</strong></span> 
     </span>
    </p>
   </div>
   <div class='ocr_carea' id='block_1_57' title="bbox 2445 2887 4019 2951">
    <p class='ocr_par' dir='ltr' id='par_1_57' title="bbox 2445 2887 4019 2951">
     <span class='ocr_line' id='line_1_57' title="bbox 2445 2887 4019 2951; baseline -0.003 -9"><span class='ocrx_word' id='word_1_446' title='bbox 2445 2892 2759 2942; x_wconf 73' lang='lat' dir='ltr'><strong>versitzitem</strong></span> <span class='ocrx_word' id='word_1_447' title='bbox 2821 2890 3005 2942; x_wconf 86' lang='lat' dir='ltr'><strong>cordis</strong></span> <span class='ocrx_word' id='word_1_448' title='bbox 3058 2891 3165 2951; x_wconf 86' lang='lat' dir='ltr'><strong>sui,</strong></span> <span class='ocrx_word' id='word_1_449' title='bbox 3206 2890 3413 2943; x_wconf 70' lang='lat' dir='ltr'><strong>ceruina</strong></span> <span class='ocrx_word' id='word_1_450' title='bbox 3461 2887 3591 2941; x_wconf 87' lang='lat' dir='ltr'><strong>inde</strong></span> <span class='ocrx_word' id='word_1_451' title='bbox 3622 2894 3906 2942; x_wconf 66' lang='lat' dir='ltr'><strong>hatreseun</strong></span> <span class='ocrx_word' id='word_1_452' title='bbox 3935 2903 4019 2942; x_wconf 82' lang='lat' dir='ltr'><strong>ca-</strong></span> 
     </span>
    </p>
   </div>
   <div class='ocr_carea' id='block_1_58' title="bbox 2443 2979 4015 3051">
    <p class='ocr_par' dir='ltr' id='par_1_58' title="bbox 2443 2979 4015 3051">
     <span class='ocr_line' id='line_1_58' title="bbox 2443 2979 4015 3051; baseline -0.001 -17"><span class='ocrx_word' id='word_1_453' title='bbox 2443 2984 2617 3051; x_wconf 88' lang='lat' dir='ltr'><strong>piant,</strong></span> <span class='ocrx_word' id='word_1_454' title='bbox 2648 2992 2700 3035; x_wconf 88' lang='lat' dir='ltr'><strong>et</strong></span> <span class='ocrx_word' id='word_1_455' title='bbox 2736 2982 2942 3035; x_wconf 73' lang='lat' dir='ltr'><strong>alienos</strong></span> <span class='ocrx_word' id='word_1_456' title='bbox 2980 2981 3198 3035; x_wconf 84' lang='lat' dir='ltr'><strong>labores</strong></span> <span class='ocrx_word' id='word_1_457' title='bbox 3231 2981 3663 3035; x_wconf 83' lang='lat' dir='ltr'><strong>calumnientnr.</strong></span> <span class='ocrx_word' id='word_1_458' title='bbox 3699 2980 3755 3034; x_wconf 89' lang='lat' dir='ltr'><strong>Si</strong></span> <span class='ocrx_word' id='word_1_459' title='bbox 3788 2981 3932 3035; x_wconf 85' lang='lat' dir='ltr'><strong>enim</strong></span> <span class='ocrx_word' id='word_1_460' title='bbox 3956 2979 4015 3033; x_wconf 84' lang='lat' dir='ltr'><strong>de</strong></span> 
     </span>
    </p>
   </div>
   <div class='ocr_carea' id='block_1_59' title="bbox 2446 3072 4010 3138">
    <p class='ocr_par' dir='ltr' id='par_1_59' title="bbox 2446 3072 4010 3138">
     <span class='ocr_line' id='line_1_59' title="bbox 2446 3072 4010 3138; baseline -0.004 -11"><span class='ocrx_word' id='word_1_461' title='bbox 2446 3073 2822 3138; x_wconf 81' lang='lat' dir='ltr'><strong>corporalibus</strong></span> <span class='ocrx_word' id='word_1_462' title='bbox 2846 3072 3055 3126; x_wconf 85' lang='lat' dir='ltr'><strong>divitiis</strong></span> <span class='ocrx_word' id='word_1_463' title='bbox 3112 3088 3259 3126; x_wconf 87' lang='lat' dir='ltr'><strong>nunc</strong></span> <span class='ocrx_word' id='word_1_464' title='bbox 3302 3072 3653 3127; x_wconf 67' lang='lat' dir='ltr'><strong>Ecclesiaste</strong></span> <span class='ocrx_word' id='word_1_465' title='bbox 3706 3086 3893 3126; x_wconf 85' lang='lat' dir='ltr'><strong>sermo</strong></span> <span class='ocrx_word' id='word_1_466' title='bbox 3918 3080 4010 3130; x_wconf 79' lang='lat' dir='ltr'><strong>est,</strong></span> 
     </span>
    </p>
   </div>
   <div class='ocr_carea' id='block_1_60' title="bbox 768 3161 4015 3235">
    <p class='ocr_par' dir='ltr' id='par_1_60' title="bbox 768 3161 4015 3235">
     <span class='ocr_line' id='line_1_60' title="bbox 768 3161 4015 3235; baseline -0.006 -2"><span class='ocrx_word' id='word_1_467' title='bbox 768 3182 822 3233; x_wconf 91' lang='lat' dir='ltr'><strong>in</strong></span> <span class='ocrx_word' id='word_1_468' title='bbox 862 3181 963 3232; x_wconf 80' lang='lat' dir='ltr'><strong>hoc</strong></span> <span class='ocrx_word' id='word_1_469' title='bbox 988 3177 1187 3231; x_wconf 64' lang='lat' dir='ltr'><strong>saeculo</strong></span> <span class='ocrx_word' id='word_1_470' title='bbox 1216 3172 1353 3225; x_wconf 87' lang='lat' dir='ltr'><strong>mala</strong></span> <span class='ocrx_word' id='word_1_471' title='bbox 1386 3176 1584 3221; x_wconf 83' lang='lat' dir='ltr'><strong>eventu</strong></span> <span class='ocrx_word' id='word_1_472' title='bbox 1615 3166 1781 3220; x_wconf 79' lang='lat' dir='ltr'><strong>sitniii</strong></span> <span class='ocrx_word' id='word_1_473' title='bbox 1813 3166 2182 3223; x_wconf 74' lang='lat' dir='ltr'><strong>sustinebunt.</strong></span> <span class='ocrx_word' id='word_1_474' title='bbox 2209 3161 2337 3228; x_wconf 66' lang='lat' dir='ltr'><strong>Quid</strong></span> <span class='ocrx_word' id='word_1_475' title='bbox 2367 3162 2409 3218; x_wconf 87' lang='lat' dir='ltr'><strong><em>C</em></strong></span> <span class='ocrx_word' id='word_1_476' title='bbox 2443 3168 2567 3235; x_wconf 88' lang='lat' dir='ltr'><strong>quid</strong></span> <span class='ocrx_word' id='word_1_477' title='bbox 2598 3180 2822 3219; x_wconf 74' lang='lat' dir='ltr'><strong>necesse</strong></span> <span class='ocrx_word' id='word_1_478' title='bbox 2860 3166 2963 3218; x_wconf 80' lang='lat' dir='ltr'><strong>fuit</strong></span> <span class='ocrx_word' id='word_1_479' title='bbox 2990 3165 3056 3218; x_wconf 90' lang='lat' dir='ltr'><strong>de</strong></span> <span class='ocrx_word' id='word_1_480' title='bbox 3092 3164 3280 3218; x_wconf 84' lang='lat' dir='ltr'><strong>labore</strong></span> <span class='ocrx_word' id='word_1_481' title='bbox 3324 3174 3377 3218; x_wconf 87' lang='lat' dir='ltr'><strong>et</strong></span> <span class='ocrx_word' id='word_1_482' title='bbox 3416 3165 3612 3232; x_wconf 82' lang='lat' dir='ltr'><strong>Opibus</strong></span> <span class='ocrx_word' id='word_1_483' title='bbox 3640 3164 3861 3217; x_wconf 85' lang='lat' dir='ltr'><strong>dicere:</strong></span> <span class='ocrx_word' id='word_1_484' title='bbox 3903 3182 3920 3213; x_wconf 74' lang='grc' dir='ltr'><strong>ι</strong></span> <span class='ocrx_word' id='word_1_485' title='bbox 3956 3162 4015 3216; x_wconf 79' lang='lat' dir='ltr'><strong>Et</strong></span> 
     </span>
    </p>
   </div>
   <div class='ocr_carea' id='block_1_61' title="bbox 768 3253 2338 3335">
    <p class='ocr_par' dir='ltr' id='par_1_61' title="bbox 768 3253 2338 3335">
     <span class='ocr_line' id='line_1_61' title="bbox 768 3253 2338 3335; baseline -0.013 -12"><span class='ocrx_word' id='word_1_486' title='bbox 768 3287 900 3335; x_wconf 64' lang='lat' dir='ltr'><strong>ergo</strong></span> <span class='ocrx_word' id='word_1_487' title='bbox 950 3266 1083 3319; x_wconf 81' lang='lat' dir='ltr'><strong>mihi</strong></span> <span class='ocrx_word' id='word_1_488' title='bbox 1137 3264 1374 3332; x_wconf 71' lang='lat' dir='ltr'><strong>prodest,</strong></span> <span class='ocrx_word' id='word_1_489' title='bbox 1426 3258 1569 3324; x_wconf 69' lang='lat' dir='ltr'><strong>quod</strong></span> <span class='ocrx_word' id='word_1_490' title='bbox 1607 3266 1826 3309; x_wconf 80' lang='lat' dir='ltr'><strong>secutus</strong></span> <span class='ocrx_word' id='word_1_491' title='bbox 1862 3271 1980 3307; x_wconf 87' lang='lat' dir='ltr'><strong>sum</strong></span> <span class='ocrx_word' id='word_1_492' title='bbox 2015 3253 2338 3318; x_wconf 69' lang='lat' dir='ltr'><strong>sapientiam</strong></span> 
     </span>
    </p>
   </div>
   <div class='ocr_carea' id='block_1_62' title="bbox 768 3347 2343 3433">
    <p class='ocr_par' dir='ltr' id='par_1_62' title="bbox 768 3347 2343 3433">
     <span class='ocr_line' id='line_1_62' title="bbox 768 3347 2343 3433; baseline -0.011 -21"><span class='ocrx_word' id='word_1_493' title='bbox 768 3362 933 3433; x_wconf 57' lang='grc' dir='ltr'><strong>ἀθά,</strong></span> <span class='ocrx_word' id='word_1_494' title='bbox 964 3368 1016 3411; x_wconf 82' lang='lat' dir='ltr'><strong>et</strong></span> <span class='ocrx_word' id='word_1_495' title='bbox 1047 3359 1166 3427; x_wconf 90' lang='lat' dir='ltr'><strong>plus</strong></span> <span class='ocrx_word' id='word_1_496' title='bbox 1193 3354 1402 3407; x_wconf 67' lang='lat' dir='ltr'><strong>rmteris</strong></span> <span class='ocrx_word' id='word_1_497' title='bbox 1433 3349 1714 3405; x_wconf 82' lang='lat' dir='ltr'><strong>laboravi?</strong></span> <span class='ocrx_word' id='word_1_498' title='bbox 1748 3347 1979 3401; x_wconf 75' lang='lat' dir='ltr'><strong>Rursum</strong></span> <span class='ocrx_word' id='word_1_499' title='bbox 2014 3347 2259 3413; x_wconf 68' lang='lat' dir='ltr'><strong>cogitans</strong></span> <span class='ocrx_word' id='word_1_500' title='bbox 2288 3353 2343 3396; x_wconf 82' lang='lat' dir='ltr'><strong>et</strong></span> 
     </span>
    </p>
   </div>
   <div class='ocr_carea' id='block_1_63' title="bbox 768 3438 2337 3522">
    <p class='ocr_par' dir='ltr' id='par_1_63' title="bbox 768 3438 2337 3522">
     <span class='ocr_line' id='line_1_63' title="bbox 768 3438 2337 3522; baseline -0.013 -15"><span class='ocrx_word' id='word_1_501' title='bbox 768 3458 1062 3522; x_wconf 70' lang='lat' dir='ltr'><strong>diligenter</strong></span> <span class='ocrx_word' id='word_1_502' title='bbox 1103 3463 1313 3502; x_wconf 82' lang='lat' dir='ltr'><strong>mecum</strong></span> <span class='ocrx_word' id='word_1_503' title='bbox 1372 3456 1555 3499; x_wconf 77' lang='lat' dir='ltr'><strong>metite</strong></span> <span class='ocrx_word' id='word_1_504' title='bbox 1593 3452 1935 3510; x_wconf 73' lang='lat' dir='ltr'><strong>pertractans</strong></span> <span class='ocrx_word' id='word_1_505' title='bbox 1965 3480 1979 3498; x_wconf 92' lang='lat'><strong>.</strong></span> <span class='ocrx_word' id='word_1_506' title='bbox 2014 3438 2337 3489; x_wconf 66' lang='lat' dir='ltr'><strong>sententiam</strong></span> 
     </span>
    </p>
   </div>
   <div class='ocr_carea' id='block_1_64' title="bbox 772 3529 2343 3603">
    <p class='ocr_par' dir='ltr' id='par_1_64' title="bbox 772 3529 2343 3603">
     <span class='ocr_line' id='line_1_64' title="bbox 772 3529 2343 3603; baseline -0.016 0"><span class='ocrx_word' id='word_1_507' title='bbox 772 3564 947 3603; x_wconf 78' lang='lat' dir='ltr'><strong>unam</strong></span> <span class='ocrx_word' id='word_1_508' title='bbox 986 3560 1181 3597; x_wconf 77' lang='lat' dir='ltr'><strong>vanam</strong></span> <span class='ocrx_word' id='word_1_509' title='bbox 1218 3556 1337 3595; x_wconf 81' lang='lat' dir='ltr'><strong>esse</strong></span> <span class='ocrx_word' id='word_1_510' title='bbox 1366 3537 1719 3601; x_wconf 79' lang='lat' dir='ltr'><strong>deprehendi.</strong></span> <span class='ocrx_word' id='word_1_511' title='bbox 1756 3533 1870 3587; x_wconf 71' lang='lat' dir='ltr'><strong>Non</strong></span> <span class='ocrx_word' id='word_1_512' title='bbox 1910 3533 2051 3585; x_wconf 82' lang='lat' dir='ltr'><strong>enim</strong></span> <span class='ocrx_word' id='word_1_513' title='bbox 2093 3529 2343 3584; x_wconf 85' lang='lat' dir='ltr'><strong>similiter</strong></span> 
     </span>
    </p>
   </div>
   <div class='ocr_carea' id='block_1_65' title="bbox 773 3622 2337 3707">
    <p class='ocr_par' dir='ltr' id='par_1_65' title="bbox 773 3622 2337 3707">
     <span class='ocr_line' id='line_1_65' title="bbox 773 3622 2337 3707; baseline -0.015 -12"><span class='ocrx_word' id='word_1_514' title='bbox 773 3642 991 3707; x_wconf 81' lang='lat' dir='ltr'><strong>sapiens</strong></span> <span class='ocrx_word' id='word_1_515' title='bbox 1014 3649 1066 3691; x_wconf 91' lang='lat' dir='ltr'><strong>et</strong></span> <span class='ocrx_word' id='word_1_516' title='bbox 1095 3636 1359 3699; x_wconf 89' lang='lat' dir='ltr'><strong>insipiens</strong></span> <span class='ocrx_word' id='word_1_517' title='bbox 1382 3631 1659 3686; x_wconf 86' lang='lat' dir='ltr'><strong>habebunt</strong></span> <span class='ocrx_word' id='word_1_518' title='bbox 1690 3630 1743 3682; x_wconf 92' lang='lat' dir='ltr'><strong>in</strong></span> <span class='ocrx_word' id='word_1_519' title='bbox 1777 3627 1959 3680; x_wconf 78' lang='lat' dir='ltr'><strong>futuro</strong></span> <span class='ocrx_word' id='word_1_520' title='bbox 1995 3622 2337 3677; x_wconf 85' lang='lat' dir='ltr'><strong>memoriam.</strong></span> 
     </span>
    </p>
   </div>
   <div class='ocr_carea' id='block_1_66' title="bbox 773 3718 2341 3802">
    <p class='ocr_par' dir='ltr' id='par_1_66' title="bbox 773 3718 2341 3802">
     <span class='ocr_line' id='line_1_66' title="bbox 773 3718 2341 3802; baseline -0.014 -18"><span class='ocrx_word' id='word_1_521' title='bbox 773 3731 992 3802; x_wconf 78' lang='lat' dir='ltr'><strong>quando</strong></span> <span class='ocrx_word' id='word_1_522' title='bbox 1034 3726 1441 3781; x_wconf 50' lang='lat' dir='ltr'><strong>consummatio</strong></span> <span class='ocrx_word' id='word_1_523' title='bbox 1494 3724 1673 3776; x_wconf 82' lang='lat' dir='ltr'><strong>veniet</strong></span> <span class='ocrx_word' id='word_1_524' title='bbox 1708 3718 2122 3773; x_wconf 69' lang='lat' dir='ltr'><strong>universitatis:</strong></span> <span class='ocrx_word' id='word_1_525' title='bbox 2167 3727 2216 3768; x_wconf 91' lang='lat' dir='ltr'><strong>et</strong></span> <span class='ocrx_word' id='word_1_526' title='bbox 2250 3730 2341 3765; x_wconf 70' lang='lat' dir='ltr'><strong>ne.-</strong></span> 
     </span>
    </p>
   </div>
   <div class='ocr_carea' id='block_1_67' title="bbox 775 3804 2340 3893">
    <p class='ocr_par' dir='ltr' id='par_1_67' title="bbox 775 3804 2340 3893">
     <span class='ocr_line' id='line_1_67' title="bbox 775 3804 2340 3893; baseline -0.014 -16"><span class='ocrx_word' id='word_1_527' title='bbox 775 3838 1051 3893; x_wconf 83' lang='lat' dir='ltr'><strong>quaquam</strong></span> <span class='ocrx_word' id='word_1_528' title='bbox 1090 3822 1201 3886; x_wconf 86' lang='lat' dir='ltr'><strong>pari</strong></span> <span class='ocrx_word' id='word_1_529' title='bbox 1237 3820 1386 3871; x_wconf 78' lang='lat' dir='ltr'><strong>exitu</strong></span> <span class='ocrx_word' id='word_1_530' title='bbox 1422 3816 1771 3874; x_wconf 73' lang='lat' dir='ltr'><strong>tenebuntur,</strong></span> <span class='ocrx_word' id='word_1_531' title='bbox 1802 3812 1927 3878; x_wconf 84' lang='lat' dir='ltr'><strong>quia</strong></span> <span class='ocrx_word' id='word_1_532' title='bbox 1964 3809 2051 3861; x_wconf 87' lang='lat' dir='ltr'><strong>hic</strong></span> <span class='ocrx_word' id='word_1_533' title='bbox 2085 3806 2150 3860; x_wconf 86' lang='lat' dir='ltr'><strong>ad</strong></span> <span class='ocrx_word' id='word_1_534' title='bbox 2184 3804 2340 3857; x_wconf 81' lang='lat' dir='ltr'><strong>refri-</strong></span> 
     </span>
    </p>
   </div>
   <div class='ocr_carea' id='block_1_68' title="bbox 774 3896 2343 3985">
    <p class='ocr_par' dir='ltr' id='par_1_68' title="bbox 774 3896 2343 3985">
     <span class='ocr_line' id='line_1_68' title="bbox 774 3896 2343 3985; baseline -0.015 -17"><span class='ocrx_word' id='word_1_535' title='bbox 774 3914 947 3985; x_wconf 75' lang='lat' dir='ltr'><strong>geria,</strong></span> <span class='ocrx_word' id='word_1_536' title='bbox 983 3911 1073 3963; x_wconf 92' lang='lat' dir='ltr'><strong>ille</strong></span> <span class='ocrx_word' id='word_1_537' title='bbox 1106 3919 1285 3977; x_wconf 75' lang='lat' dir='ltr'><strong>perget</strong></span> <span class='ocrx_word' id='word_1_538' title='bbox 1315 3916 1378 3958; x_wconf 84' lang='lat' dir='ltr'><strong>ad</strong></span> <span class='ocrx_word' id='word_1_539' title='bbox 1432 3920 1672 3973; x_wconf 70' lang='lat' dir='ltr'><strong>pirnam.</strong></span> <span class='ocrx_word' id='word_1_540' title='bbox 1721 3901 1969 3969; x_wconf 83' lang='lat' dir='ltr'><strong>Apertius</strong></span> <span class='ocrx_word' id='word_1_541' title='bbox 2003 3900 2055 3951; x_wconf 91' lang='lat' dir='ltr'><strong>in</strong></span> <span class='ocrx_word' id='word_1_542' title='bbox 2094 3900 2197 3953; x_wconf 85' lang='lat' dir='ltr'><strong>hoc</strong></span> <span class='ocrx_word' id='word_1_543' title='bbox 2223 3896 2343 3947; x_wconf 91' lang='lat' dir='ltr'><strong>loco</strong></span> 
     </span>
    </p>
   </div>
   <div class='ocr_carea' id='block_1_69' title="bbox 773 3993 2343 4064">
    <p class='ocr_par' dir='ltr' id='par_1_69' title="bbox 773 3993 2343 4064">
     <span class='ocr_line' id='line_1_69' title="bbox 773 3993 2343 4064; baseline -0.016 -3"><span class='ocrx_word' id='word_1_544' title='bbox 773 4020 1000 4061; x_wconf 77' lang='lat' dir='ltr'><strong>sensum</strong></span> <span class='ocrx_word' id='word_1_545' title='bbox 1033 4001 1358 4055; x_wconf 81' lang='lat' dir='ltr'><strong>liebraienm</strong></span> <span class='ocrx_word' id='word_1_546' title='bbox 1415 3996 1767 4064; x_wconf 67' lang='lat' dir='ltr'><strong>Septuaginza</strong></span> <span class='ocrx_word' id='word_1_547' title='bbox 1802 3993 2126 4058; x_wconf 86' lang='lat' dir='ltr'><strong>interpretes</strong></span> <span class='ocrx_word' id='word_1_548' title='bbox 2164 3999 2343 4040; x_wconf 88' lang='lat' dir='ltr'><strong>trans-</strong></span> 
     </span>
    </p>
   </div>
   <div class='ocr_carea' id='block_1_70' title="bbox 774 4076 2343 4156">
    <p class='ocr_par' dir='ltr' id='par_1_70' title="bbox 774 4076 2343 4156">
     <span class='ocr_line' id='line_1_70' title="bbox 774 4076 2343 4156; baseline -0.012 -6"><span class='ocrx_word' id='word_1_549' title='bbox 774 4100 1035 4156; x_wconf 77' lang='lat' dir='ltr'><strong>tulerunt,</strong></span> <span class='ocrx_word' id='word_1_550' title='bbox 1078 4095 1205 4145; x_wconf 90' lang='lat' dir='ltr'><strong>licet</strong></span> <span class='ocrx_word' id='word_1_551' title='bbox 1235 4091 1525 4143; x_wconf 85' lang='lat' dir='ltr'><strong>verborum</strong></span> <span class='ocrx_word' id='word_1_552' title='bbox 1559 4084 1805 4137; x_wconf 88' lang='lat' dir='ltr'><strong>ordinem</strong></span> <span class='ocrx_word' id='word_1_553' title='bbox 1851 4097 1955 4134; x_wconf 87' lang='lat' dir='ltr'><strong>non</strong></span> <span class='ocrx_word' id='word_1_554' title='bbox 1990 4082 2095 4134; x_wconf 89' lang='lat' dir='ltr'><strong>sint</strong></span> <span class='ocrx_word' id='word_1_555' title='bbox 2128 4076 2300 4133; x_wconf 78' lang='lat' dir='ltr'><strong>secuti</strong></span> <span class='ocrx_word' id='word_1_556' title='bbox 2328 4092 2343 4131; x_wconf 86' lang='lat'><strong>:</strong></span> 
     </span>
    </p>
   </div>
   <div class='ocr_carea' id='block_1_71' title="bbox 782 4169 2345 4255">
    <p class='ocr_par' dir='ltr' id='par_1_71' title="bbox 782 4169 2345 4255">
     <span class='ocr_line' id='line_1_71' title="bbox 782 4169 2345 4255; baseline -0.014 -14"><span class='ocrx_word' id='word_1_557' title='bbox 782 4209 799 4240; x_wconf 77' lang='grc' dir='ltr'><strong><em>ο</em></strong></span> <span class='ocrx_word' id='word_1_558' title='bbox 847 4188 912 4241; x_wconf 75' lang='lat' dir='ltr'><strong>Et</strong></span> <span class='ocrx_word' id='word_1_559' title='bbox 943 4197 999 4240; x_wconf 94' lang='lat' dir='ltr'><strong>ut</strong></span> <span class='ocrx_word' id='word_1_560' title='bbox 1035 4186 1162 4255; x_wconf 89' lang='lat' dir='ltr'><strong>quid</strong></span> <span class='ocrx_word' id='word_1_561' title='bbox 1197 4184 1414 4251; x_wconf 87' lang='lat' dir='ltr'><strong>sapiens</strong></span> <span class='ocrx_word' id='word_1_562' title='bbox 1449 4180 1621 4231; x_wconf 78' lang='lat' dir='ltr'><strong>iactus</strong></span> <span class='ocrx_word' id='word_1_563' title='bbox 1656 4192 1774 4229; x_wconf 89' lang='lat' dir='ltr'><strong>sum</strong></span> <span class='ocrx_word' id='word_1_564' title='bbox 1809 4173 1954 4241; x_wconf 73' lang='lat' dir='ltr'><strong>ego?</strong></span> <span class='ocrx_word' id='word_1_565' title='bbox 1994 4170 2143 4224; x_wconf 85' lang='lat' dir='ltr'><strong>Tunc</strong></span> <span class='ocrx_word' id='word_1_566' title='bbox 2174 4169 2345 4221; x_wconf 89' lang='lat' dir='ltr'><strong>abun-</strong></span> 
     </span>
    </p>
   </div>
   <div class='ocr_carea' id='block_1_72' title="bbox 777 4260 2341 4334">
    <p class='ocr_par' dir='ltr' id='par_1_72' title="bbox 777 4260 2341 4334">
     <span class='ocr_line' id='line_1_72' title="bbox 777 4260 2341 4334; baseline -0.016 0"><span class='ocrx_word' id='word_1_567' title='bbox 777 4282 970 4334; x_wconf 78' lang='lat' dir='ltr'><strong>danter</strong></span> <span class='ocrx_word' id='word_1_568' title='bbox 1013 4280 1227 4332; x_wconf 83' lang='lat' dir='ltr'><strong>loeutus</strong></span> <span class='ocrx_word' id='word_1_569' title='bbox 1283 4289 1403 4328; x_wconf 84' lang='lat' dir='ltr'><strong>sum</strong></span> <span class='ocrx_word' id='word_1_570' title='bbox 1457 4273 1508 4324; x_wconf 90' lang='lat' dir='ltr'><strong>in</strong></span> <span class='ocrx_word' id='word_1_571' title='bbox 1545 4268 1707 4321; x_wconf 85' lang='lat' dir='ltr'><strong>corde</strong></span> <span class='ocrx_word' id='word_1_572' title='bbox 1742 4281 1877 4323; x_wconf 78' lang='lat' dir='ltr'><strong>meo,</strong></span> <span class='ocrx_word' id='word_1_573' title='bbox 1920 4262 2179 4330; x_wconf 86' lang='lat' dir='ltr'><strong>quoniam</strong></span> <span class='ocrx_word' id='word_1_574' title='bbox 2207 4260 2341 4312; x_wconf 90' lang='lat' dir='ltr'><strong>iusi-</strong></span> 
     </span>
    </p>
   </div>
   <div class='ocr_carea' id='block_1_73' title="bbox 778 4354 2345 4442">
    <p class='ocr_par' dir='ltr' id='par_1_73' title="bbox 778 4354 2345 4442">
     <span class='ocr_line' id='line_1_73' title="bbox 778 4354 2345 4442; baseline -0.014 -19"><span class='ocrx_word' id='word_1_575' title='bbox 778 4374 934 4442; x_wconf 84' lang='lat' dir='ltr'><strong>picus</strong></span> <span class='ocrx_word' id='word_1_576' title='bbox 963 4386 1025 4423; x_wconf 79' lang='lat' dir='ltr'><strong>ex</strong></span> <span class='ocrx_word' id='word_1_577' title='bbox 1056 4367 1389 4423; x_wconf 86' lang='lat' dir='ltr'><strong>abundantia</strong></span> <span class='ocrx_word' id='word_1_578' title='bbox 1418 4362 1690 4430; x_wconf 90' lang='lat' dir='ltr'><strong>loquitur:</strong></span> <span class='ocrx_word' id='word_1_579' title='bbox 1716 4356 1974 4424; x_wconf 86' lang='lat' dir='ltr'><strong>quoniam</strong></span> <span class='ocrx_word' id='word_1_580' title='bbox 2002 4354 2105 4405; x_wconf 87' lang='lat' dir='ltr'><strong>hoc</strong></span> <span class='ocrx_word' id='word_1_581' title='bbox 2128 4363 2345 4419; x_wconf 87' lang='lat' dir='ltr'><strong>quoque</strong></span> 
     </span>
    </p>
   </div>
   <div class='ocr_carea' id='block_1_74' title="bbox 2443 3255 4011 3323">
    <p class='ocr_par' dir='ltr' id='par_1_74' title="bbox 2443 3255 4011 3323">
     <span class='ocr_line' id='line_1_74' title="bbox 2443 3255 4011 3323; baseline -0.004 -12"><span class='ocrx_word' id='word_1_582' title='bbox 2443 3258 2815 3312; x_wconf 81' lang='lat' dir='ltr'><strong>dominabitur</strong></span> <span class='ocrx_word' id='word_1_583' title='bbox 2852 3259 2902 3309; x_wconf 88' lang='lat' dir='ltr'><strong>in</strong></span> <span class='ocrx_word' id='word_1_584' title='bbox 2948 3257 3093 3311; x_wconf 89' lang='lat' dir='ltr'><strong>omni</strong></span> <span class='ocrx_word' id='word_1_585' title='bbox 3134 3255 3320 3308; x_wconf 69' lang='lat' dir='ltr'><strong>labore.</strong></span> <span class='ocrx_word' id='word_1_586' title='bbox 3359 3269 3500 3316; x_wconf 87' lang='lat' dir='ltr'><strong>meo,</strong></span> <span class='ocrx_word' id='word_1_587' title='bbox 3531 3258 3725 3323; x_wconf 92' lang='lat' dir='ltr'><strong>inquo</strong></span> <span class='ocrx_word' id='word_1_588' title='bbox 3756 3255 4011 3311; x_wconf 84' lang='lat' dir='ltr'><strong>laboravi.</strong></span> 
     </span>
    </p>
   </div>
   <div class='ocr_carea' id='block_1_75' title="bbox 2443 3345 4011 3417">
    <p class='ocr_par' dir='ltr' id='par_1_75' title="bbox 2443 3345 4011 3417">
     <span class='ocr_line' id='line_1_75' title="bbox 2443 3345 4011 3417; baseline -0.003 -15"><span class='ocrx_word' id='word_1_589' title='bbox 2443 3360 2498 3405; x_wconf 88' lang='lat' dir='ltr'><strong>et</strong></span> <span class='ocrx_word' id='word_1_590' title='bbox 2530 3351 2583 3403; x_wconf 93' lang='lat' dir='ltr'><strong>in</strong></span> <span class='ocrx_word' id='word_1_591' title='bbox 2618 3365 2728 3417; x_wconf 86' lang='lat' dir='ltr'><strong>quo</strong></span> <span class='ocrx_word' id='word_1_592' title='bbox 2751 3350 2969 3417; x_wconf 87' lang='lat' dir='ltr'><strong>sapiens</strong></span> <span class='ocrx_word' id='word_1_593' title='bbox 3001 3347 3178 3401; x_wconf 80' lang='lat' dir='ltr'><strong>factus</strong></span> <span class='ocrx_word' id='word_1_594' title='bbox 3204 3362 3324 3401; x_wconf 85' lang='lat' dir='ltr'><strong>sum</strong></span> <span class='ocrx_word' id='word_1_595' title='bbox 3354 3347 3453 3399; x_wconf 83' lang='lat' dir='ltr'><strong>sub</strong></span> <span class='ocrx_word' id='word_1_596' title='bbox 3475 3345 3629 3399; x_wconf 76' lang='lat' dir='ltr'><strong>sole?</strong></span> <span class='ocrx_word' id='word_1_597' title='bbox 3665 3365 3682 3396; x_wconf 78' lang='grc' dir='ltr'><strong>ι</strong></span> <span class='ocrx_word' id='word_1_598' title='bbox 3731 3346 3865 3410; x_wconf 65' lang='lat' dir='ltr'><strong>Quae</strong></span> <span class='ocrx_word' id='word_1_599' title='bbox 3881 3347 4011 3400; x_wconf 81' lang='lat' dir='ltr'><strong>enim</strong></span> 
     </span>
    </p>
   </div>
   <div class='ocr_carea' id='block_1_76' title="bbox 2446 3435 3805 3508">
    <p class='ocr_par' dir='ltr' id='par_1_76' title="bbox 2446 3435 3805 3508">
     <span class='ocr_line' id='line_1_76' title="bbox 2446 3435 3805 3508; baseline -0.006 -13"><span class='ocrx_word' id='word_1_600' title='bbox 2446 3441 2712 3508; x_wconf 72' lang='lat' dir='ltr'><strong>sapientia</strong></span> <span class='ocrx_word' id='word_1_601' title='bbox 2749 3448 2853 3500; x_wconf 86' lang='lat' dir='ltr'><strong>est,</strong></span> <span class='ocrx_word' id='word_1_602' title='bbox 2892 3448 3140 3492; x_wconf 87' lang='lat' dir='ltr'><strong>terrenas</strong></span> <span class='ocrx_word' id='word_1_603' title='bbox 3172 3438 3399 3491; x_wconf 83' lang='lat' dir='ltr'><strong>divitias</strong></span> <span class='ocrx_word' id='word_1_604' title='bbox 3426 3435 3805 3505; x_wconf 77' lang='lat' dir='ltr'><strong>congregare?</strong></span> 
     </span>
    </p>
   </div>
   <div class='ocr_carea' id='block_1_77' title="bbox 2525 3524 4012 3600">
    <p class='ocr_par' dir='ltr' id='par_1_77' title="bbox 2525 3524 4012 3600">
     <span class='ocr_line' id='line_1_77' title="bbox 2525 3524 4012 3600; baseline -0.003 -18"><span class='ocrx_word' id='word_1_605' title='bbox 2525 3552 2543 3582; x_wconf 72' lang='grc' dir='ltr'><strong>ι</strong></span> <span class='ocrx_word' id='word_1_606' title='bbox 2581 3530 2646 3584; x_wconf 77' lang='lat' dir='ltr'><strong>Et</strong></span> <span class='ocrx_word' id='word_1_607' title='bbox 2694 3546 2996 3585; x_wconf 80' lang='lat' dir='ltr'><strong>conversus</strong></span> <span class='ocrx_word' id='word_1_608' title='bbox 3030 3545 3151 3585; x_wconf 88' lang='lat' dir='ltr'><strong>sum</strong></span> <span class='ocrx_word' id='word_1_609' title='bbox 3192 3543 3315 3600; x_wconf 80' lang='lat' dir='ltr'><strong>ego,</strong></span> <span class='ocrx_word' id='word_1_610' title='bbox 3354 3538 3411 3581; x_wconf 92' lang='lat' dir='ltr'><strong>ut</strong></span> <span class='ocrx_word' id='word_1_611' title='bbox 3459 3529 3837 3581; x_wconf 57' lang='lat' dir='ltr'><strong>renuntiat-em</strong></span> <span class='ocrx_word' id='word_1_612' title='bbox 3873 3524 4012 3579; x_wconf 89' lang='lat' dir='ltr'><strong>cordi</strong></span> 
     </span>
    </p>
   </div>
   <div class='ocr_carea' id='block_1_78' title="bbox 2444 3617 4012 3689">
    <p class='ocr_par' dir='ltr' id='par_1_78' title="bbox 2444 3617 4012 3689">
     <span class='ocr_line' id='line_1_78' title="bbox 2444 3617 4012 3689; baseline -0.008 -11"><span class='ocrx_word' id='word_1_613' title='bbox 2444 3638 2567 3678; x_wconf 87' lang='lat' dir='ltr'><strong>meo</strong></span> <span class='ocrx_word' id='word_1_614' title='bbox 2616 3624 2673 3678; x_wconf 82' lang='lat' dir='ltr'><strong>in</strong></span> <span class='ocrx_word' id='word_1_615' title='bbox 2724 3624 2871 3676; x_wconf 87' lang='lat' dir='ltr'><strong>omni</strong></span> <span class='ocrx_word' id='word_1_616' title='bbox 2910 3622 3097 3676; x_wconf 76' lang='lat' dir='ltr'><strong>labore</strong></span> <span class='ocrx_word' id='word_1_617' title='bbox 3139 3635 3284 3682; x_wconf 88' lang='lat' dir='ltr'><strong>meo.</strong></span> <span class='ocrx_word' id='word_1_618' title='bbox 3339 3634 3451 3689; x_wconf 89' lang='lat' dir='ltr'><strong>quo</strong></span> <span class='ocrx_word' id='word_1_619' title='bbox 3480 3618 3728 3673; x_wconf 83' lang='lat' dir='ltr'><strong>laboravi</strong></span> <span class='ocrx_word' id='word_1_620' title='bbox 3761 3619 3862 3673; x_wconf 86' lang='lat' dir='ltr'><strong>sub</strong></span> <span class='ocrx_word' id='word_1_621' title='bbox 3889 3617 4012 3675; x_wconf 81' lang='lat' dir='ltr'><strong>sole.</strong></span> 
     </span>
    </p>
   </div>
   <div class='ocr_carea' id='block_1_79' title="bbox 2445 3708 4016 3783">
    <p class='ocr_par' dir='ltr' id='par_1_79' title="bbox 2445 3708 4016 3783">
     <span class='ocr_line' id='line_1_79' title="bbox 2445 3708 4016 3783; baseline -0.006 -16"><span class='ocrx_word' id='word_1_622' title='bbox 2445 3716 2570 3783; x_wconf 86' lang='lat' dir='ltr'><strong>quia</strong></span> <span class='ocrx_word' id='word_1_623' title='bbox 2604 3722 2688 3768; x_wconf 90' lang='lat' dir='ltr'><strong>est</strong></span> <span class='ocrx_word' id='word_1_624' title='bbox 2722 3714 2887 3766; x_wconf 89' lang='lat' dir='ltr'><strong>homo</strong></span> <span class='ocrx_word' id='word_1_625' title='bbox 2939 3712 3026 3766; x_wconf 91' lang='lat' dir='ltr'><strong>cui</strong></span> <span class='ocrx_word' id='word_1_626' title='bbox 3064 3712 3214 3765; x_wconf 88' lang='lat' dir='ltr'><strong>labor</strong></span> <span class='ocrx_word' id='word_1_627' title='bbox 3242 3711 3362 3779; x_wconf 88' lang='lat' dir='ltr'><strong>ejus</strong></span> <span class='ocrx_word' id='word_1_628' title='bbox 3396 3720 3480 3765; x_wconf 87' lang='lat' dir='ltr'><strong>est</strong></span> <span class='ocrx_word' id='word_1_629' title='bbox 3513 3710 3564 3763; x_wconf 90' lang='lat' dir='ltr'><strong>in</strong></span> <span class='ocrx_word' id='word_1_630' title='bbox 3598 3708 3868 3778; x_wconf 79' lang='lat' dir='ltr'><strong>sapientia</strong></span> <span class='ocrx_word' id='word_1_631' title='bbox 3904 3711 3941 3765; x_wconf 75' lang='grc'><strong>³.</strong></span> <span class='ocrx_word' id='word_1_632' title='bbox 3968 3716 4016 3759; x_wconf 80' lang='lat' dir='ltr'><strong>et</strong></span> 
     </span>
    </p>
   </div>
   <div class='ocr_carea' id='block_1_80' title="bbox 2446 3797 4013 3872">
    <p class='ocr_par' dir='ltr' id='par_1_80' title="bbox 2446 3797 4013 3872">
     <span class='ocr_line' id='line_1_80' title="bbox 2446 3797 4013 3872; baseline -0.007 -11"><span class='ocrx_word' id='word_1_633' title='bbox 2446 3808 2696 3872; x_wconf 86' lang='lat' dir='ltr'><strong>scicntia,</strong></span> <span class='ocrx_word' id='word_1_634' title='bbox 2725 3816 2779 3860; x_wconf 89' lang='lat' dir='ltr'><strong>et</strong></span> <span class='ocrx_word' id='word_1_635' title='bbox 2804 3807 3025 3869; x_wconf 85' lang='lat' dir='ltr'><strong>virtute,</strong></span> <span class='ocrx_word' id='word_1_636' title='bbox 3056 3814 3108 3859; x_wconf 89' lang='lat' dir='ltr'><strong>et</strong></span> <span class='ocrx_word' id='word_1_637' title='bbox 3130 3804 3339 3857; x_wconf 86' lang='lat' dir='ltr'><strong>homini</strong></span> <span class='ocrx_word' id='word_1_638' title='bbox 3370 3804 3463 3870; x_wconf 89' lang='lat' dir='ltr'><strong>qui</strong></span> <span class='ocrx_word' id='word_1_639' title='bbox 3491 3818 3600 3856; x_wconf 90' lang='lat' dir='ltr'><strong>non</strong></span> <span class='ocrx_word' id='word_1_640' title='bbox 3626 3802 3920 3861; x_wconf 81' lang='lat' dir='ltr'><strong>laboravit,</strong></span> <span class='ocrx_word' id='word_1_641' title='bbox 3946 3797 4013 3851; x_wconf 85' lang='lat' dir='ltr'><strong>iiii</strong></span> 
     </span>
    </p>
   </div>
   <div class='ocr_carea' id='block_1_81' title="bbox 2445 3893 4014 3965">
    <p class='ocr_par' dir='ltr' id='par_1_81' title="bbox 2445 3893 4014 3965">
     <span class='ocr_line' id='line_1_81' title="bbox 2445 3893 4014 3965; baseline -0.006 -13"><span class='ocrx_word' id='word_1_642' title='bbox 2445 3900 2598 3953; x_wconf 87' lang='lat' dir='ltr'><strong>dabit</strong></span> <span class='ocrx_word' id='word_1_643' title='bbox 2637 3907 2843 3965; x_wconf 87' lang='lat' dir='ltr'><strong>partem</strong></span> <span class='ocrx_word' id='word_1_644' title='bbox 2877 3911 3055 3950; x_wconf 86' lang='lat' dir='ltr'><strong>suam.</strong></span> <span class='ocrx_word' id='word_1_645' title='bbox 3093 3894 3157 3949; x_wconf 84' lang='lat' dir='ltr'><strong>Et</strong></span> <span class='ocrx_word' id='word_1_646' title='bbox 3192 3894 3415 3963; x_wconf 88' lang='lat' dir='ltr'><strong>quidem</strong></span> <span class='ocrx_word' id='word_1_647' title='bbox 3451 3893 3557 3947; x_wconf 85' lang='lat' dir='ltr'><strong>hoc</strong></span> <span class='ocrx_word' id='word_1_648' title='bbox 3594 3894 3815 3946; x_wconf 79' lang='lat' dir='ltr'><strong>vanitas</strong></span> <span class='ocrx_word' id='word_1_649' title='bbox 3845 3902 3897 3945; x_wconf 88' lang='lat' dir='ltr'><strong>ct</strong></span> <span class='ocrx_word' id='word_1_650' title='bbox 3931 3906 4014 3944; x_wconf 84' lang='lat' dir='ltr'><strong>ne-</strong></span> 
     </span>
    </p>
   </div>
   <div class='ocr_carea' id='block_1_82' title="bbox 2447 3982 4011 4056">
    <p class='ocr_par' dir='ltr' id='par_1_82' title="bbox 2447 3982 4011 4056">
     <span class='ocr_line' id='line_1_82' title="bbox 2447 3982 4011 4056; baseline -0.006 -16"><span class='ocrx_word' id='word_1_651' title='bbox 2447 3990 2620 4056; x_wconf 88' lang='lat' dir='ltr'><strong>quitia</strong></span> <span class='ocrx_word' id='word_1_652' title='bbox 2684 3988 2850 4039; x_wconf 88' lang='lat' dir='ltr'><strong>multa</strong></span> <span class='ocrx_word' id='word_1_653' title='bbox 2884 3988 2932 4039; x_wconf 84' lang='grc'><strong>⁸.</strong></span> <span class='ocrx_word' id='word_1_654' title='bbox 2996 3986 3137 4051; x_wconf 85' lang='lat' dir='ltr'><strong>Quid</strong></span> <span class='ocrx_word' id='word_1_655' title='bbox 3196 3985 3341 4039; x_wconf 83' lang='lat' dir='ltr'><strong>enim</strong></span> <span class='ocrx_word' id='word_1_656' title='bbox 3395 3984 3452 4037; x_wconf 83' lang='lat' dir='ltr'><strong>iit</strong></span> <span class='ocrx_word' id='word_1_657' title='bbox 3506 3984 3716 4037; x_wconf 87' lang='lat' dir='ltr'><strong>homini</strong></span> <span class='ocrx_word' id='word_1_658' title='bbox 3770 3984 3822 4036; x_wconf 93' lang='lat' dir='ltr'><strong>in</strong></span> <span class='ocrx_word' id='word_1_659' title='bbox 3877 3982 4011 4035; x_wconf 84' lang='lat' dir='ltr'><strong>omni</strong></span> 
     </span>
    </p>
   </div>
   <div class='ocr_carea' id='block_1_83' title="bbox 2446 4074 4013 4143">
    <p class='ocr_par' dir='ltr' id='par_1_83' title="bbox 2446 4074 4013 4143">
     <span class='ocr_line' id='line_1_83' title="bbox 2446 4074 4013 4143; baseline -0.007 -8"><span class='ocrx_word' id='word_1_660' title='bbox 2446 4081 2635 4135; x_wconf 90' lang='lat' dir='ltr'><strong>labore</strong></span> <span class='ocrx_word' id='word_1_661' title='bbox 2692 4093 2813 4142; x_wconf 87' lang='lat' dir='ltr'><strong>suo,</strong></span> <span class='ocrx_word' id='word_1_662' title='bbox 2858 4084 2912 4131; x_wconf 86' lang='lat' dir='ltr'><strong>et</strong></span> <span class='ocrx_word' id='word_1_663' title='bbox 2970 4078 3024 4131; x_wconf 91' lang='lat' dir='ltr'><strong>in</strong></span> <span class='ocrx_word' id='word_1_664' title='bbox 3064 4077 3344 4131; x_wconf 83' lang='lat' dir='ltr'><strong>voluntate</strong></span> <span class='ocrx_word' id='word_1_665' title='bbox 3373 4076 3562 4129; x_wconf 80' lang='lat' dir='ltr'><strong>cordis</strong></span> <span class='ocrx_word' id='word_1_666' title='bbox 3612 4075 3725 4136; x_wconf 84' lang='lat' dir='ltr'><strong>sui,</strong></span> <span class='ocrx_word' id='word_1_667' title='bbox 3775 4089 3881 4143; x_wconf 88' lang='lat' dir='ltr'><strong>qua</strong></span> <span class='ocrx_word' id='word_1_668' title='bbox 3908 4074 4013 4141; x_wconf 83' lang='lat' dir='ltr'><strong>ipse</strong></span> 
     </span>
    </p>
   </div>
   <div class='ocr_carea' id='block_1_84' title="bbox 2446 4166 4016 4234">
    <p class='ocr_par' dir='ltr' id='par_1_84' title="bbox 2446 4166 4016 4234">
     <span class='ocr_line' id='line_1_84' title="bbox 2446 4166 4016 4234; baseline -0.006 -8"><span class='ocrx_word' id='word_1_669' title='bbox 2446 4174 2659 4228; x_wconf 85' lang='lat' dir='ltr'><strong>laborat</strong></span> <span class='ocrx_word' id='word_1_670' title='bbox 2690 4170 2791 4224; x_wconf 86' lang='lat' dir='ltr'><strong>sub</strong></span> <span class='ocrx_word' id='word_1_671' title='bbox 2822 4169 2980 4225; x_wconf 74' lang='lat' dir='ltr'><strong>sole?</strong></span> <span class='ocrx_word' id='word_1_672' title='bbox 3009 4170 3145 4233; x_wconf 84' lang='lat' dir='ltr'><strong>Quia</strong></span> <span class='ocrx_word' id='word_1_673' title='bbox 3176 4184 3369 4223; x_wconf 89' lang='lat' dir='ltr'><strong>omnes</strong></span> <span class='ocrx_word' id='word_1_674' title='bbox 3400 4168 3520 4222; x_wconf 87' lang='lat' dir='ltr'><strong>dies</strong></span> <span class='ocrx_word' id='word_1_675' title='bbox 3547 4166 3672 4234; x_wconf 76' lang='lat' dir='ltr'><strong>eius</strong></span> <span class='ocrx_word' id='word_1_676' title='bbox 3700 4166 3945 4219; x_wconf 87' lang='lat' dir='ltr'><strong>dolorum</strong></span> <span class='ocrx_word' id='word_1_677' title='bbox 3969 4172 4016 4217; x_wconf 88' lang='lat' dir='ltr'><strong>et</strong></span> 
     </span>
    </p>
   </div>
   <div class='ocr_carea' id='block_1_85' title="bbox 2448 4258 4014 4330">
    <p class='ocr_par' dir='ltr' id='par_1_85' title="bbox 2448 4258 4014 4330">
     <span class='ocr_line' id='line_1_85' title="bbox 2448 4258 4014 4330; baseline -0.01 -11"><span class='ocrx_word' id='word_1_678' title='bbox 2448 4265 2745 4319; x_wconf 57' lang='lat' dir='ltr'><strong>iracundias</strong></span> <span class='ocrx_word' id='word_1_679' title='bbox 2799 4276 3201 4330; x_wconf 86' lang='lat' dir='ltr'><strong>curarumque,</strong></span> <span class='ocrx_word' id='word_1_680' title='bbox 3246 4271 3301 4314; x_wconf 89' lang='lat' dir='ltr'><strong>et</strong></span> <span class='ocrx_word' id='word_1_681' title='bbox 3351 4260 3571 4329; x_wconf 81' lang='lat' dir='ltr'><strong>quidem</strong></span> <span class='ocrx_word' id='word_1_682' title='bbox 3609 4258 3660 4311; x_wconf 89' lang='lat' dir='ltr'><strong>in</strong></span> <span class='ocrx_word' id='word_1_683' title='bbox 3711 4264 3874 4311; x_wconf 83' lang='lat' dir='ltr'><strong>nocte</strong></span> <span class='ocrx_word' id='word_1_684' title='bbox 3918 4268 4014 4307; x_wconf 88' lang='lat' dir='ltr'><strong>nnn</strong></span> 
     </span>
    </p>
   </div>
   <div class='ocr_carea' id='block_1_86' title="bbox 2447 4346 4016 4421">
    <p class='ocr_par' dir='ltr' id='par_1_86' title="bbox 2447 4346 4016 4421">
     <span class='ocr_line' id='line_1_86' title="bbox 2447 4346 4016 4421; baseline -0.008 -10"><span class='ocrx_word' id='word_1_685' title='bbox 2447 4359 2652 4413; x_wconf 87' lang='lat' dir='ltr'><strong>dormit</strong></span> <span class='ocrx_word' id='word_1_686' title='bbox 2688 4371 2784 4411; x_wconf 91' lang='lat' dir='ltr'><strong>cor</strong></span> <span class='ocrx_word' id='word_1_687' title='bbox 2820 4354 2979 4421; x_wconf 80' lang='lat' dir='ltr'><strong>eius;</strong></span> <span class='ocrx_word' id='word_1_688' title='bbox 3030 4354 3125 4408; x_wconf 89' lang='lat' dir='ltr'><strong>sed</strong></span> <span class='ocrx_word' id='word_1_689' title='bbox 3160 4364 3215 4408; x_wconf 87' lang='lat' dir='ltr'><strong>et</strong></span> <span class='ocrx_word' id='word_1_690' title='bbox 3264 4353 3368 4407; x_wconf 88' lang='lat' dir='ltr'><strong>Itoe</strong></span> <span class='ocrx_word' id='word_1_691' title='bbox 3398 4352 3630 4407; x_wconf 79' lang='lat' dir='ltr'><strong>vanitas.</strong></span> <span class='ocrx_word' id='word_1_692' title='bbox 3663 4368 3682 4401; x_wconf 77' lang='grc' dir='ltr'><strong>ι</strong></span> <span class='ocrx_word' id='word_1_693' title='bbox 3740 4348 3917 4417; x_wconf 80' lang='lat' dir='ltr'><strong>Supra</strong></span> <span class='ocrx_word' id='word_1_694' title='bbox 3957 4346 4016 4399; x_wconf 84' lang='lat' dir='ltr'><strong>de</strong></span> 
     </span>
    </p>
   </div>
   <div class='ocr_carea' id='block_1_87' title="bbox 778 4441 4016 4545">
    <p class='ocr_par' dir='ltr' id='par_1_87' title="bbox 778 4441 4016 4545">
     <span class='ocr_line' id='line_1_87' title="bbox 778 4441 4016 4545; baseline -0.006 -31"><span class='ocrx_word' id='word_1_695' title='bbox 778 4441 1011 4523; x_wconf 74' lang='lat' dir='ltr'><strong>vanitas,</strong></span> <span class='ocrx_word' id='word_1_696' title='bbox 1042 4461 1167 4528; x_wconf 86' lang='lat' dir='ltr'><strong>quia</strong></span> <span class='ocrx_word' id='word_1_697' title='bbox 1197 4473 1303 4512; x_wconf 91' lang='lat' dir='ltr'><strong>non</strong></span> <span class='ocrx_word' id='word_1_698' title='bbox 1328 4465 1415 4510; x_wconf 82' lang='lat' dir='ltr'><strong>est</strong></span> <span class='ocrx_word' id='word_1_699' title='bbox 1446 4451 1707 4506; x_wconf 77' lang='lat' dir='ltr'><strong>memoria</strong></span> <span class='ocrx_word' id='word_1_700' title='bbox 1742 4448 2002 4515; x_wconf 81' lang='lat' dir='ltr'><strong>sapientis</strong></span> <span class='ocrx_word' id='word_1_701' title='bbox 2027 4460 2149 4497; x_wconf 77' lang='lat' dir='ltr'><strong>cum</strong></span> <span class='ocrx_word' id='word_1_702' title='bbox 2177 4442 2344 4495; x_wconf 88' lang='lat' dir='ltr'><strong>stulto</strong></span> <span class='ocrx_word' id='word_1_703' title='bbox 2377 4490 2423 4545; x_wconf 69' lang='grc' dir='ltr'><strong>ο</strong></span> <span class='ocrx_word' id='word_1_704' title='bbox 2448 4451 2657 4503; x_wconf 73' lang='lat' dir='ltr'><strong>incerto</strong></span> <span class='ocrx_word' id='word_1_705' title='bbox 2688 4446 2932 4515; x_wconf 89' lang='lat' dir='ltr'><strong>loquitur</strong></span> <span class='ocrx_word' id='word_1_706' title='bbox 2985 4445 3232 4507; x_wconf 64' lang='lat' dir='ltr'><strong>herede.</strong></span> <span class='ocrx_word' id='word_1_707' title='bbox 3277 4446 3406 4515; x_wconf 91' lang='lat' dir='ltr'><strong>quia</strong></span> <span class='ocrx_word' id='word_1_708' title='bbox 3457 4452 3642 4497; x_wconf 88' lang='lat' dir='ltr'><strong>utrum</strong></span> <span class='ocrx_word' id='word_1_709' title='bbox 3695 4441 3919 4502; x_wconf 84' lang='lat' dir='ltr'><strong>stultus,</strong></span> <span class='ocrx_word' id='word_1_710' title='bbox 3955 4451 4016 4490; x_wconf 79' lang='lat' dir='ltr'><strong>an</strong></span> 
     </span>
    </p>
   </div>
   <div class='ocr_carea' id='block_1_88' title="bbox 777 4536 2342 4616">
    <p class='ocr_par' dir='ltr' id='par_1_88' title="bbox 777 4536 2342 4616">
     <span class='ocr_line' id='line_1_88' title="bbox 777 4536 2342 4616; baseline -0.015 -9"><span class='ocrx_word' id='word_1_711' title='bbox 777 4555 830 4608; x_wconf 90' lang='lat' dir='ltr'><strong>iu</strong></span> <span class='ocrx_word' id='word_1_712' title='bbox 868 4563 1150 4616; x_wconf 68' lang='lat' dir='ltr'><strong>aeternum,</strong></span> <span class='ocrx_word' id='word_1_713' title='bbox 1196 4568 1215 4601; x_wconf 70' lang='grc' dir='ltr'><strong>ι</strong></span> <span class='ocrx_word' id='word_1_714' title='bbox 1276 4559 1331 4601; x_wconf 88' lang='lat' dir='ltr'><strong>et</strong></span> <span class='ocrx_word' id='word_1_715' title='bbox 1381 4554 1597 4602; x_wconf 57' lang='lat' dir='ltr'><strong>cetera.</strong></span> <span class='ocrx_word' id='word_1_716' title='bbox 1633 4541 1787 4608; x_wconf 85' lang='lat' dir='ltr'><strong>Quod</strong></span> <span class='ocrx_word' id='word_1_717' title='bbox 1824 4540 2079 4591; x_wconf 76' lang='lat' dir='ltr'><strong>videlicet</strong></span> <span class='ocrx_word' id='word_1_718' title='bbox 2107 4536 2342 4603; x_wconf 82' lang='lat' dir='ltr'><strong>priorem</strong></span> 
     </span>
    </p>
   </div>
   <div class='ocr_carea' id='block_1_89' title="bbox 777 4624 2346 4715">
    <p class='ocr_par' dir='ltr' id='par_1_89' title="bbox 777 4624 2346 4715">
     <span class='ocr_line' id='line_1_89' title="bbox 777 4624 2346 4715; baseline -0.016 -16"><span class='ocrx_word' id='word_1_719' title='bbox 777 4647 1149 4715; x_wconf 82' lang='lat' dir='ltr'><strong>opinationem</strong></span> <span class='ocrx_word' id='word_1_720' title='bbox 1188 4656 1342 4694; x_wconf 87' lang='lat' dir='ltr'><strong>suam</strong></span> <span class='ocrx_word' id='word_1_721' title='bbox 1391 4638 1613 4693; x_wconf 87' lang='lat' dir='ltr'><strong>stultam</strong></span> <span class='ocrx_word' id='word_1_722' title='bbox 1657 4648 1779 4687; x_wconf 87' lang='lat' dir='ltr'><strong>esse</strong></span> <span class='ocrx_word' id='word_1_723' title='bbox 1813 4629 2141 4685; x_wconf 83' lang='lat' dir='ltr'><strong>convinceus</strong></span> <span class='ocrx_word' id='word_1_724' title='bbox 2171 4664 2185 4688; x_wconf 93' lang='lat'><strong>,</strong></span> <span class='ocrx_word' id='word_1_725' title='bbox 2213 4624 2346 4676; x_wconf 91' lang='lat' dir='ltr'><strong>insi-</strong></span> 
     </span>
    </p>
   </div>
   <div class='ocr_carea' id='block_1_90' title="bbox 779 4716 2342 4808">
    <p class='ocr_par' dir='ltr' id='par_1_90' title="bbox 779 4716 2342 4808">
     <span class='ocr_line' id='line_1_90' title="bbox 779 4716 2342 4808; baseline -0.015 -16"><span class='ocrx_word' id='word_1_726' title='bbox 779 4740 991 4808; x_wconf 85' lang='lat' dir='ltr'><strong>pienter</strong></span> <span class='ocrx_word' id='word_1_727' title='bbox 1016 4752 1076 4790; x_wconf 87' lang='lat' dir='ltr'><strong>se</strong></span> <span class='ocrx_word' id='word_1_728' title='bbox 1107 4735 1348 4791; x_wconf 83' lang='lat' dir='ltr'><strong>locutum</strong></span> <span class='ocrx_word' id='word_1_729' title='bbox 1377 4745 1499 4784; x_wconf 85' lang='lat' dir='ltr'><strong>esse</strong></span> <span class='ocrx_word' id='word_1_730' title='bbox 1518 4737 1749 4781; x_wconf 80' lang='lat' dir='ltr'><strong>testatus</strong></span> <span class='ocrx_word' id='word_1_731' title='bbox 1773 4725 1864 4784; x_wconf 87' lang='lat' dir='ltr'><strong>sit,</strong></span> <span class='ocrx_word' id='word_1_732' title='bbox 1889 4731 1941 4774; x_wconf 91' lang='lat' dir='ltr'><strong>et</strong></span> <span class='ocrx_word' id='word_1_733' title='bbox 1970 4716 2342 4784; x_wconf 85' lang='lat' dir='ltr'><strong>errasse,quia</strong></span> 
     </span>
    </p>
   </div>
   <div class='ocr_carea' id='block_1_91' title="bbox 777 4830 1287 4886">
    <p class='ocr_par' dir='ltr' id='par_1_91' title="bbox 777 4830 1287 4886">
     <span class='ocr_line' id='line_1_91' title="bbox 777 4830 1287 4886; baseline -0.018 0"><span class='ocrx_word' id='word_1_734' title='bbox 777 4841 904 4886; x_wconf 87' lang='lat' dir='ltr'><strong>ante</strong></span> <span class='ocrx_word' id='word_1_735' title='bbox 929 4833 1008 4885; x_wconf 85' lang='lat' dir='ltr'><strong>sic</strong></span> <span class='ocrx_word' id='word_1_736' title='bbox 1031 4830 1287 4883; x_wconf 86' lang='lat' dir='ltr'><strong>senserit.</strong></span> 
     </span>
    </p>
   </div>
   <div class='ocr_carea' id='block_1_92' title="bbox 860 4909 2349 4983">
    <p class='ocr_par' dir='ltr' id='par_1_92' title="bbox 860 4909 2349 4983">
     <span class='ocr_line' id='line_1_92' title="bbox 860 4909 2349 4983; baseline -0.016 -6"><span class='ocrx_word' id='word_1_737' title='bbox 860 4945 881 4977; x_wconf 77' lang='grc' dir='ltr'><strong>ι</strong></span> <span class='ocrx_word' id='word_1_738' title='bbox 924 4924 987 4977; x_wconf 81' lang='lat' dir='ltr'><strong>Et</strong></span> <span class='ocrx_word' id='word_1_739' title='bbox 1039 4921 1183 4975; x_wconf 70' lang='lat' dir='ltr'><strong>ottivi</strong></span> <span class='ocrx_word' id='word_1_740' title='bbox 1242 4918 1428 4977; x_wconf 80' lang='lat' dir='ltr'><strong>vitam,</strong></span> <span class='ocrx_word' id='word_1_741' title='bbox 1475 4913 1599 4983; x_wconf 86' lang='lat' dir='ltr'><strong>quia</strong></span> <span class='ocrx_word' id='word_1_742' title='bbox 1638 4909 1836 4965; x_wconf 90' lang='lat' dir='ltr'><strong>malum</strong></span> <span class='ocrx_word' id='word_1_743' title='bbox 1874 4919 2037 4975; x_wconf 82' lang='lat' dir='ltr'><strong>super</strong></span> <span class='ocrx_word' id='word_1_744' title='bbox 2080 4916 2164 4955; x_wconf 90' lang='lat' dir='ltr'><strong>me</strong></span> <span class='ocrx_word' id='word_1_745' title='bbox 2210 4913 2349 4967; x_wconf 89' lang='lat' dir='ltr'><strong>opus</strong></span> 
     </span>
    </p>
   </div>
   <div class='ocr_carea' id='block_1_93' title="bbox 778 4994 2349 5088">
    <p class='ocr_par' dir='ltr' id='par_1_93' title="bbox 778 4994 2349 5088">
     <span class='ocr_line' id='line_1_93' title="bbox 778 4994 2349 5088; baseline -0.02 -15"><span class='ocrx_word' id='word_1_746' title='bbox 778 5020 925 5088; x_wconf 78' lang='lat' dir='ltr'><strong>quod</strong></span> <span class='ocrx_word' id='word_1_747' title='bbox 960 5018 1167 5070; x_wconf 75' lang='lat' dir='ltr'><strong>iactum</strong></span> <span class='ocrx_word' id='word_1_748' title='bbox 1197 5020 1281 5066; x_wconf 83' lang='lat' dir='ltr'><strong>est</strong></span> <span class='ocrx_word' id='word_1_749' title='bbox 1332 5009 1433 5063; x_wconf 90' lang='lat' dir='ltr'><strong>sub</strong></span> <span class='ocrx_word' id='word_1_750' title='bbox 1485 5008 1620 5069; x_wconf 69' lang='lat' dir='ltr'><strong>sole,</strong></span> <span class='ocrx_word' id='word_1_751' title='bbox 1658 5005 1779 5069; x_wconf 86' lang='lat' dir='ltr'><strong>quia</strong></span> <span class='ocrx_word' id='word_1_752' title='bbox 1826 4999 2007 5053; x_wconf 90' lang='lat' dir='ltr'><strong>omnia</strong></span> <span class='ocrx_word' id='word_1_753' title='bbox 2052 4994 2265 5047; x_wconf 86' lang='lat' dir='ltr'><strong>vanitas</strong></span> <span class='ocrx_word' id='word_1_754' title='bbox 2296 4999 2349 5043; x_wconf 89' lang='lat' dir='ltr'><strong>ct</strong></span> 
     </span>
    </p>
   </div>
   <div class='ocr_carea' id='block_1_94' title="bbox 780 5089 2345 5181">
    <p class='ocr_par' dir='ltr' id='par_1_94' title="bbox 780 5089 2345 5181">
     <span class='ocr_line' id='line_1_94' title="bbox 780 5089 2345 5181; baseline -0.019 -16"><span class='ocrx_word' id='word_1_755' title='bbox 780 5110 956 5181; x_wconf 86' lang='lat' dir='ltr'><strong>pastio</strong></span> <span class='ocrx_word' id='word_1_756' title='bbox 983 5106 1147 5163; x_wconf 83' lang='lat' dir='ltr'><strong>venti.</strong></span> <span class='ocrx_word' id='word_1_757' title='bbox 1178 5124 1195 5156; x_wconf 78' lang='grc' dir='ltr'><strong>ι</strong></span> <span class='ocrx_word' id='word_1_758' title='bbox 1258 5102 1313 5156; x_wconf 89' lang='lat' dir='ltr'><strong>Si</strong></span> <span class='ocrx_word' id='word_1_759' title='bbox 1349 5101 1581 5153; x_wconf 62' lang='lat' dir='ltr'><strong>mundus</strong></span> <span class='ocrx_word' id='word_1_760' title='bbox 1611 5099 1663 5150; x_wconf 93' lang='lat' dir='ltr'><strong>iu</strong></span> <span class='ocrx_word' id='word_1_761' title='bbox 1710 5094 1946 5161; x_wconf 79' lang='lat' dir='ltr'><strong>maligno</strong></span> <span class='ocrx_word' id='word_1_762' title='bbox 1975 5089 2186 5157; x_wconf 85' lang='lat' dir='ltr'><strong>positus</strong></span> <span class='ocrx_word' id='word_1_763' title='bbox 2234 5092 2345 5145; x_wconf 85' lang='lat' dir='ltr'><strong>est,</strong></span> 
     </span>
    </p>
   </div>
   <div class='ocr_carea' id='block_1_95' title="bbox 857 5220 2350 5299">
    <p class='ocr_par' dir='ltr' id='par_1_95' title="bbox 857 5220 2350 5299">
     <span class='ocr_line' id='line_1_95' title="bbox 857 5220 2350 5299; baseline -0.017 -2"><span class='ocrx_word' id='word_1_764' title='bbox 857 5248 875 5278; x_wconf 75' lang='grc' dir='ltr'>ί</span> <span class='ocrx_word' id='word_1_765' title='bbox 904 5243 1179 5296; x_wconf 86' lang='lat' dir='ltr'><strong>Palatinus</strong></span> <span class='ocrx_word' id='word_1_766' title='bbox 1204 5240 1359 5293; x_wconf 58' lang='lat' dir='ltr'><strong>alter,</strong></span> <span class='ocrx_word' id='word_1_767' title='bbox 1389 5236 1595 5297; x_wconf 78' lang='lat' dir='ltr'><strong>sapiens</strong></span> <span class='ocrx_word' id='word_1_768' title='bbox 1622 5232 1795 5299; x_wconf 72' lang='lat' dir='ltr'><strong>{auus</strong></span> <span class='ocrx_word' id='word_1_769' title='bbox 1817 5244 1929 5281; x_wconf 83' lang='lat' dir='ltr'><strong>sum</strong></span> <span class='ocrx_word' id='word_1_770' title='bbox 1956 5226 2089 5295; x_wconf 76' lang='lat' dir='ltr'><strong>ego?</strong></span> <span class='ocrx_word' id='word_1_771' title='bbox 2117 5224 2184 5277; x_wconf 86' lang='lat' dir='ltr'><strong>ad</strong></span> <span class='ocrx_word' id='word_1_772' title='bbox 2204 5220 2350 5275; x_wconf 68' lang='lat' dir='ltr'><strong>Gne-</strong></span> 
     </span>
    </p>
   </div>
   <div class='ocr_carea' id='block_1_96' title="bbox 784 5306 1437 5379">
    <p class='ocr_par' dir='ltr' id='par_1_96' title="bbox 784 5306 1437 5379">
     <span class='ocr_line' id='line_1_96' title="bbox 784 5306 1437 5379; baseline -0.02 -9"><span class='ocrx_word' id='word_1_773' title='bbox 784 5330 907 5370; x_wconf 87' lang='lat' dir='ltr'><strong>cum</strong></span> <span class='ocrx_word' id='word_1_774' title='bbox 943 5316 1283 5379; x_wconf 61' lang='lat' dir='ltr'><strong>tsocpts‘zpqv</strong></span> <span class='ocrx_word' id='word_1_775' title='bbox 1314 5306 1437 5371; x_wconf 67' lang='grc' dir='ltr'><strong>ἐγώ</strong></span> 
     </span>
    </p>
   </div>
   <div class='ocr_carea' id='block_1_97' title="bbox 852 5362 2348 5444">
    <p class='ocr_par' dir='ltr' id='par_1_97' title="bbox 852 5362 2348 5444">
     <span class='ocr_line' id='line_1_97' title="bbox 852 5362 2348 5444; baseline -0.017 -8"><span class='ocrx_word' id='word_1_776' title='bbox 852 5362 920 5423; x_wconf 62' lang='lat'><strong>:-</strong></span> <span class='ocrx_word' id='word_1_777' title='bbox 1050 5362 1123 5433; x_wconf 63' lang='grc' dir='ltr'><strong>ἰιι</strong></span> <span class='ocrx_word' id='word_1_778' title='bbox 1179 5362 1307 5444; x_wconf 61' lang='grc' dir='ltr'><strong>ἀτί-ά</strong></span> <span class='ocrx_word' id='word_1_779' title='bbox 1339 5362 1550 5442; x_wconf 65' lang='lat' dir='ltr'><strong>sapiens</strong></span> <span class='ocrx_word' id='word_1_780' title='bbox 1601 5370 1775 5444; x_wconf 67' lang='lat' dir='ltr'><strong>facins</strong></span> <span class='ocrx_word' id='word_1_781' title='bbox 1803 5384 1917 5420; x_wconf 74' lang='lat' dir='ltr'><strong>sum</strong></span> <span class='ocrx_word' id='word_1_782' title='bbox 1951 5381 2045 5434; x_wconf 78' lang='lat' dir='ltr'><strong>ego</strong></span> <span class='ocrx_word' id='word_1_783' title='bbox 2072 5364 2096 5415; x_wconf 87' lang='lat'><strong><em>?</em></strong></span> <span class='ocrx_word' id='word_1_784' title='bbox 2146 5362 2348 5443; x_wconf 61' lang='lat' dir='ltr'><strong>Eadem</strong></span> 
     </span>
    </p>
   </div>
   <div class='ocr_carea' id='block_1_98' title="bbox 782 5434 2356 5517">
    <p class='ocr_par' dir='ltr' id='par_1_98' title="bbox 782 5434 2356 5517">
     <span class='ocr_line' id='line_1_98' title="bbox 782 5434 2356 5517; baseline -0.016 -10"><span class='ocrx_word' id='word_1_785' title='bbox 782 5454 1110 5514; x_wconf 78' lang='lat' dir='ltr'><strong>temeritate,</strong></span> <span class='ocrx_word' id='word_1_786' title='bbox 1142 5434 1246 5517; x_wconf 76' lang='lat' dir='ltr'><strong>qua</strong></span> <span class='ocrx_word' id='word_1_787' title='bbox 1301 5434 1505 5517; x_wconf 80' lang='lat' dir='ltr'><strong>multos</strong></span> <span class='ocrx_word' id='word_1_788' title='bbox 1541 5434 1697 5493; x_wconf 71' lang='lat' dir='ltr'><strong>antea</strong></span> <span class='ocrx_word' id='word_1_789' title='bbox 1740 5440 1959 5517; x_wconf 53' lang='lat' dir='ltr'><strong>Graecos</strong></span> <span class='ocrx_word' id='word_1_790' title='bbox 1991 5448 2181 5517; x_wconf 70' lang='lat' dir='ltr'><strong>versus</strong></span> <span class='ocrx_word' id='word_1_791' title='bbox 2216 5434 2356 5484; x_wconf 86' lang='lat' dir='ltr'><strong>inte-</strong></span> 
     </span>
    </p>
   </div>
   <div class='ocr_carea' id='block_1_99' title="bbox 784 5502 2349 5592">
    <p class='ocr_par' dir='ltr' id='par_1_99' title="bbox 784 5502 2349 5592">
     <span class='ocr_line' id='line_1_99' title="bbox 784 5502 2349 5592; baseline -0.017 -17"><span class='ocrx_word' id='word_1_792' title='bbox 784 5502 1174 5592; x_wconf 36' lang='grc' dir='ltr'><strong>ξιξ-ἐθειάᾲᾷιὲ</strong></span> <span class='ocrx_word' id='word_1_793' title='bbox 1232 5516 1491 5592; x_wconf 65' lang='lat' dir='ltr'><strong>vidimus.</strong></span> <span class='ocrx_word' id='word_1_794' title='bbox 1550 5506 2041 5592; x_wconf 68' lang='lat' dir='ltr'><strong>nunc_capitu|um</strong></span> <span class='ocrx_word' id='word_1_795' title='bbox 2102 5502 2349 5578; x_wconf 60' lang='lat' dir='ltr'><strong>Granum</strong></span> 
     </span>
    </p>
   </div>
   <div class='ocr_carea' id='block_1_100' title="bbox 786 5575 2353 5647">
    <p class='ocr_par' dir='ltr' id='par_1_100' title="bbox 786 5575 2353 5647">
     <span class='ocr_line' id='line_1_100' title="bbox 786 5575 2353 5647; baseline -0.015 -5"><span class='ocrx_word' id='word_1_796' title='bbox 786 5575 999 5645; x_wconf 52' lang='lat' dir='ltr'><strong>veteres</strong></span> <span class='ocrx_word' id='word_1_797' title='bbox 1031 5590 1303 5643; x_wconf 81' lang='lat' dir='ltr'><strong>cditiOnes</strong></span> <span class='ocrx_word' id='word_1_798' title='bbox 1342 5584 1498 5636; x_wconf 79' lang='lat' dir='ltr'><strong>nobis</strong></span> <span class='ocrx_word' id='word_1_799' title='bbox 1529 5580 1853 5637; x_wconf 71' lang='lat' dir='ltr'><strong>obtru&#39;uut,</strong></span> <span class='ocrx_word' id='word_1_800' title='bbox 1889 5575 2195 5647; x_wconf 77' lang='lat' dir='ltr'><strong>etijus__nec</strong></span> <span class='ocrx_word' id='word_1_801' title='bbox 2231 5575 2353 5647; x_wconf 47' lang='lat' dir='ltr'><strong>uni:</strong></span> 
     </span>
    </p>
   </div>
   <div class='ocr_carea' id='block_1_101' title="bbox 788 5641 2351 5722">
    <p class='ocr_par' dir='ltr' id='par_1_101' title="bbox 788 5641 2351 5722">
     <span class='ocr_line' id='line_1_101' title="bbox 788 5641 2351 5722; baseline -0.017 -8"><span class='ocrx_word' id='word_1_802' title='bbox 953 5641 1169 5722; x_wconf 79' lang='lat' dir='ltr'><strong>quidem</strong></span> <span class='ocrx_word' id='word_1_803' title='bbox 1228 5657 1447 5706; x_wconf 74' lang='lat' dir='ltr'><strong>verbum</strong></span> <span class='ocrx_word' id='word_1_804' title='bbox 1482 5660 1707 5717; x_wconf 87' lang='lat' dir='ltr'><strong>apparet</strong></span> <span class='ocrx_word' id='word_1_805' title='bbox 1763 5650 1815 5700; x_wconf 89' lang='lat' dir='ltr'><strong>in</strong></span> <span class='ocrx_word' id='word_1_806' title='bbox 1852 5644 2000 5697; x_wconf 79' lang='lat' dir='ltr'><strong>veris</strong></span> <span class='ocrx_word' id='word_1_807' title='bbox 2032 5641 2351 5706; x_wconf 63' lang='lat' dir='ltr'><strong>Hieronymi</strong></span> 
     </span>
    </p>
   </div>
   <div class='ocr_carea' id='block_1_102' title="bbox 789 5726 1505 5797">
    <p class='ocr_par' dir='ltr' id='par_1_102' title="bbox 789 5726 1505 5797">
     <span class='ocr_line' id='line_1_102' title="bbox 789 5726 1505 5797; baseline -0.013 -15"><span class='ocrx_word' id='word_1_808' title='bbox 789 5731 1207 5797; x_wconf 62' lang='lat' dir='ltr'><strong>Clotllpiat&#39;tl‘dls.</strong></span> <span class='ocrx_word' id='word_1_809' title='bbox 1236 5726 1505 5797; x_wconf 57' lang='lat' dir='ltr'><strong>Maurus.</strong></span> 
     </span>
    </p>
   </div>
   <div class='ocr_carea' id='block_1_103' title="bbox 855 5777 2352 5851">
    <p class='ocr_par' dir='ltr' id='par_1_103' title="bbox 855 5777 2352 5851">
     <span class='ocr_line' id='line_1_103' title="bbox 855 5777 2352 5851; baseline -0.015 1"><span class='ocrx_word' id='word_1_810' title='bbox 1066 5777 1247 5850; x_wconf 23' lang='lat' dir='ltr'><strong>iussio</strong></span> <span class='ocrx_word' id='word_1_811' title='bbox 1268 5796 1467 5851; x_wconf 71' lang='lat' dir='ltr'><strong>quibus</strong></span> <span class='ocrx_word' id='word_1_812' title='bbox 1499 5787 1773 5840; x_wconf 61' lang='lat' dir='ltr'><strong>Palatinus</strong></span> <span class='ocrx_word' id='word_1_813' title='bbox 1810 5783 1944 5835; x_wconf 85' lang='lat' dir='ltr'><strong>alter</strong></span> <span class='ocrx_word' id='word_1_814' title='bbox 1974 5777 2210 5835; x_wconf 85' lang='lat' dir='ltr'><strong>secunda</strong></span> <span class='ocrx_word' id='word_1_815' title='bbox 2242 5792 2352 5831; x_wconf 79' lang='lat' dir='ltr'><strong>ma-</strong></span> 
     </span>
    </p>
   </div>
   <div class='ocr_carea' id='block_1_104' title="bbox 2450 4532 4016 4608">
    <p class='ocr_par' dir='ltr' id='par_1_104' title="bbox 2450 4532 4016 4608">
     <span class='ocr_line' id='line_1_104' title="bbox 2450 4532 4016 4608; baseline -0.008 -14"><span class='ocrx_word' id='word_1_816' title='bbox 2450 4539 2933 4608; x_wconf 87' lang='lat' dir='ltr'><strong>sapienslaborum</strong></span> <span class='ocrx_word' id='word_1_817' title='bbox 2966 4538 3193 4590; x_wconf 86' lang='lat' dir='ltr'><strong>alterius</strong></span> <span class='ocrx_word' id='word_1_818' title='bbox 3220 4536 3435 4590; x_wconf 81' lang='lat' dir='ltr'><strong>futurus</strong></span> <span class='ocrx_word' id='word_1_819' title='bbox 3465 4536 3537 4588; x_wconf 86' lang='lat' dir='ltr'><strong>sit</strong></span> <span class='ocrx_word' id='word_1_820' title='bbox 3561 4535 3843 4594; x_wconf 85' lang='lat' dir='ltr'><strong>dominus,</strong></span> <span class='ocrx_word' id='word_1_821' title='bbox 3876 4532 4016 4599; x_wconf 69' lang='lat' dir='ltr'><strong>igno-</strong></span> 
     </span>
    </p>
   </div>
   <div class='ocr_carea' id='block_1_105' title="bbox 2449 4622 4017 4693">
    <p class='ocr_par' dir='ltr' id='par_1_105' title="bbox 2449 4622 4017 4693">
     <span class='ocr_line' id='line_1_105' title="bbox 2449 4622 4017 4693; baseline -0.008 -9"><span class='ocrx_word' id='word_1_822' title='bbox 2449 4640 2619 4685; x_wconf 86' lang='lat' dir='ltr'><strong>retur.</strong></span> <span class='ocrx_word' id='word_1_823' title='bbox 2677 4629 2836 4684; x_wconf 84' lang='lat' dir='ltr'><strong>Nunc</strong></span> <span class='ocrx_word' id='word_1_824' title='bbox 2885 4626 3077 4682; x_wconf 81' lang='lat' dir='ltr'><strong>eadem</strong></span> <span class='ocrx_word' id='word_1_825' title='bbox 3135 4626 3360 4693; x_wconf 88' lang='lat' dir='ltr'><strong>quidem</strong></span> <span class='ocrx_word' id='word_1_826' title='bbox 3408 4626 3644 4693; x_wconf 84' lang='lat' dir='ltr'><strong>repetit,</strong></span> <span class='ocrx_word' id='word_1_827' title='bbox 3692 4623 3789 4677; x_wconf 85' lang='lat' dir='ltr'><strong>sed</strong></span> <span class='ocrx_word' id='word_1_828' title='bbox 3847 4623 3900 4675; x_wconf 92' lang='lat' dir='ltr'><strong>in</strong></span> <span class='ocrx_word' id='word_1_829' title='bbox 3935 4622 4017 4675; x_wconf 74' lang='lat' dir='ltr'><strong>ilio</strong></span> 
     </span>
    </p>
   </div>
   <div class='ocr_carea' id='block_1_106' title="bbox 2448 4716 4014 4787">
    <p class='ocr_par' dir='ltr' id='par_1_106' title="bbox 2448 4716 4014 4787">
     <span class='ocr_line' id='line_1_106' title="bbox 2448 4716 4014 4787; baseline -0.006 -13"><span class='ocrx_word' id='word_1_830' title='bbox 2448 4721 2696 4775; x_wconf 85' lang='lat' dir='ltr'><strong>diversus</strong></span> <span class='ocrx_word' id='word_1_831' title='bbox 2713 4730 3020 4781; x_wconf 83' lang='lat' dir='ltr'><strong>estsensus,</strong></span> <span class='ocrx_word' id='word_1_832' title='bbox 3040 4718 3183 4787; x_wconf 92' lang='lat' dir='ltr'><strong>quod</strong></span> <span class='ocrx_word' id='word_1_833' title='bbox 3206 4719 3369 4772; x_wconf 89' lang='lat' dir='ltr'><strong>etiam</strong></span> <span class='ocrx_word' id='word_1_834' title='bbox 3398 4716 3440 4772; x_wconf 88' lang='lat' dir='ltr'><strong>si</strong></span> <span class='ocrx_word' id='word_1_835' title='bbox 3464 4717 3596 4775; x_wconf 85' lang='lat' dir='ltr'><strong>lilio,</strong></span> <span class='ocrx_word' id='word_1_836' title='bbox 3615 4716 3659 4770; x_wconf 93' lang='lat' dir='ltr'><strong>si</strong></span> <span class='ocrx_word' id='word_1_837' title='bbox 3693 4716 4014 4783; x_wconf 85' lang='lat' dir='ltr'><strong>propinquo,</strong></span> 
     </span>
    </p>
   </div>
   <div class='ocr_carea' id='block_1_107' title="bbox 2450 4806 4016 4878">
    <p class='ocr_par' dir='ltr' id='par_1_107' title="bbox 2450 4806 4016 4878">
     <span class='ocr_line' id='line_1_107' title="bbox 2450 4806 4016 4878; baseline -0.009 -7"><span class='ocrx_word' id='word_1_838' title='bbox 2450 4818 2494 4871; x_wconf 90' lang='lat' dir='ltr'><strong>si</strong></span> <span class='ocrx_word' id='word_1_839' title='bbox 2522 4827 2653 4867; x_wconf 90' lang='lat' dir='ltr'><strong>uoto</strong></span> <span class='ocrx_word' id='word_1_840' title='bbox 2680 4813 2842 4867; x_wconf 86' lang='lat' dir='ltr'><strong>alicui</strong></span> <span class='ocrx_word' id='word_1_841' title='bbox 2886 4812 3254 4866; x_wconf 85' lang='lat' dir='ltr'><strong>substantiam</strong></span> <span class='ocrx_word' id='word_1_842' title='bbox 3290 4810 3616 4878; x_wconf 81' lang='lat' dir='ltr'><strong>laboresque</strong></span> <span class='ocrx_word' id='word_1_843' title='bbox 3639 4806 3914 4874; x_wconf 84' lang='lat' dir='ltr'><strong>dimittat;</strong></span> <span class='ocrx_word' id='word_1_844' title='bbox 3940 4806 4016 4859; x_wconf 89' lang='lat' dir='ltr'><strong>ni-</strong></span> 
     </span>
    </p>
   </div>
   <div class='ocr_carea' id='block_1_108' title="bbox 2454 4901 4015 4962">
    <p class='ocr_par' dir='ltr' id='par_1_108' title="bbox 2454 4901 4015 4962">
     <span class='ocr_line' id='line_1_108' title="bbox 2454 4901 4015 4962; baseline -0.008 -1"><span class='ocrx_word' id='word_1_845' title='bbox 2454 4908 2755 4962; x_wconf 85' lang='lat' dir='ltr'><strong>hilominus</strong></span> <span class='ocrx_word' id='word_1_846' title='bbox 2795 4915 2978 4959; x_wconf 83' lang='lat' dir='ltr'><strong>tamen</strong></span> <span class='ocrx_word' id='word_1_847' title='bbox 3005 4906 3058 4959; x_wconf 91' lang='lat' dir='ltr'><strong>in</strong></span> <span class='ocrx_word' id='word_1_848' title='bbox 3082 4903 3331 4957; x_wconf 82' lang='lat' dir='ltr'><strong>eumdem</strong></span> <span class='ocrx_word' id='word_1_849' title='bbox 3352 4901 3619 4956; x_wconf 82' lang='lat' dir='ltr'><strong>circulum</strong></span> <span class='ocrx_word' id='word_1_850' title='bbox 3644 4915 3734 4954; x_wconf 83' lang='lat' dir='ltr'><strong>res</strong></span> <span class='ocrx_word' id='word_1_851' title='bbox 3758 4905 4015 4960; x_wconf 79' lang='lat' dir='ltr'><strong>recurrat,</strong></span> 
     </span>
    </p>
   </div>
   <div class='ocr_carea' id='block_1_109' title="bbox 2453 4991 4016 5063">
    <p class='ocr_par' dir='ltr' id='par_1_109' title="bbox 2453 4991 4016 5063">
     <span class='ocr_line' id='line_1_109' title="bbox 2453 4991 4016 5063; baseline -0.007 -11"><span class='ocrx_word' id='word_1_852' title='bbox 2453 5009 2512 5053; x_wconf 90' lang='lat' dir='ltr'><strong>ut</strong></span> <span class='ocrx_word' id='word_1_853' title='bbox 2561 5000 2697 5052; x_wconf 85' lang='lat' dir='ltr'><strong>alter</strong></span> <span class='ocrx_word' id='word_1_854' title='bbox 2770 4999 2957 5051; x_wconf 86' lang='lat' dir='ltr'><strong>labore</strong></span> <span class='ocrx_word' id='word_1_855' title='bbox 3037 4997 3261 5050; x_wconf 85' lang='lat' dir='ltr'><strong>alterius</strong></span> <span class='ocrx_word' id='word_1_856' title='bbox 3334 4993 3695 5063; x_wconf 77' lang='lat' dir='ltr'><strong>perfruatur,</strong></span> <span class='ocrx_word' id='word_1_857' title='bbox 3751 5002 3808 5047; x_wconf 85' lang='lat' dir='ltr'><strong>et</strong></span> <span class='ocrx_word' id='word_1_858' title='bbox 3860 4991 4016 5046; x_wconf 88' lang='lat' dir='ltr'><strong>sudor</strong></span> 
     </span>
    </p>
   </div>
   <div class='ocr_carea' id='block_1_110' title="bbox 2454 5083 4016 5155">
    <p class='ocr_par' dir='ltr' id='par_1_110' title="bbox 2454 5083 4016 5155">
     <span class='ocr_line' id='line_1_110' title="bbox 2454 5083 4016 5155; baseline -0.005 -12"><span class='ocrx_word' id='word_1_859' title='bbox 2454 5092 2654 5144; x_wconf 86' lang='lat' dir='ltr'><strong>mortui</strong></span> <span class='ocrx_word' id='word_1_860' title='bbox 2686 5093 2733 5155; x_wconf 75' lang='grc'><strong>⁵,</strong></span> <span class='ocrx_word' id='word_1_861' title='bbox 2783 5088 2995 5143; x_wconf 62' lang='lat' dir='ltr'><strong>delicia:</strong></span> <span class='ocrx_word' id='word_1_862' title='bbox 3044 5090 3155 5143; x_wconf 87' lang='lat' dir='ltr'><strong>sint</strong></span> <span class='ocrx_word' id='word_1_863' title='bbox 3206 5087 3463 5141; x_wconf 73' lang='lat' dir='ltr'><strong>viventis.</strong></span> <span class='ocrx_word' id='word_1_864' title='bbox 3502 5083 3590 5140; x_wconf 62' lang='grc' dir='ltr'><strong>ηδε</strong></span> <span class='ocrx_word' id='word_1_865' title='bbox 3646 5084 4016 5153; x_wconf 85' lang='lat' dir='ltr'><strong>unusquisque</strong></span> 
     </span>
    </p>
   </div>
   <div class='ocr_carea' id='block_1_111' title="bbox 2453 5218 3885 5288">
    <p class='ocr_par' dir='ltr' id='par_1_111' title="bbox 2453 5218 3885 5288">
     <span class='ocr_line' id='line_1_111' title="bbox 2453 5218 3885 5288; baseline -0.004 -13"><span class='ocrx_word' id='word_1_866' title='bbox 2453 5238 2545 5275; x_wconf 86' lang='lat' dir='ltr'><strong>nu.</strong></span> <span class='ocrx_word' id='word_1_867' title='bbox 2583 5218 2755 5272; x_wconf 76' lang='lat' dir='ltr'><strong>Labor</strong></span> <span class='ocrx_word' id='word_1_868' title='bbox 2787 5220 2899 5288; x_wconf 74' lang='lat' dir='ltr'><strong>ejus</strong></span> <span class='ocrx_word' id='word_1_869' title='bbox 2928 5230 3005 5272; x_wconf 79' lang='lat' dir='ltr'><strong>est</strong></span> <span class='ocrx_word' id='word_1_870' title='bbox 3030 5220 3085 5273; x_wconf 82' lang='lat' dir='ltr'><strong>in</strong></span> <span class='ocrx_word' id='word_1_871' title='bbox 3108 5219 3348 5287; x_wconf 73' lang='lat' dir='ltr'><strong>justitia,</strong></span> <span class='ocrx_word' id='word_1_872' title='bbox 3381 5228 3429 5271; x_wconf 80' lang='lat' dir='ltr'><strong>et</strong></span> <span class='ocrx_word' id='word_1_873' title='bbox 3459 5219 3745 5288; x_wconf 65' lang='lat' dir='ltr'><strong>sapientia,</strong></span> <span class='ocrx_word' id='word_1_874' title='bbox 3777 5225 3885 5271; x_wconf 84' lang='lat' dir='ltr'><strong>etc.</strong></span> 
     </span>
    </p>
   </div>
   <div class='ocr_carea' id='block_1_112' title="bbox 2523 5287 4011 5357">
    <p class='ocr_par' dir='ltr' id='par_1_112' title="bbox 2523 5287 4011 5357">
     <span class='ocr_line' id='line_1_112' title="bbox 2523 5287 4011 5357; baseline 0.001 -18"><span class='ocrx_word' id='word_1_875' title='bbox 2523 5294 2542 5321; x_wconf 88' lang='grc'>³</span> <span class='ocrx_word' id='word_1_876' title='bbox 2591 5289 2804 5341; x_wconf 72' lang='lat' dir='ltr'><strong>Vanims</strong></span> <span class='ocrx_word' id='word_1_877' title='bbox 2832 5301 2880 5341; x_wconf 80' lang='lat' dir='ltr'><strong>et</strong></span> <span class='ocrx_word' id='word_1_878' title='bbox 2916 5292 3148 5357; x_wconf 73' lang='lat' dir='ltr'><strong>nequitia</strong></span> <span class='ocrx_word' id='word_1_879' title='bbox 3182 5290 3366 5340; x_wconf 77' lang='lat' dir='ltr'><strong>multa.</strong></span> <span class='ocrx_word' id='word_1_880' title='bbox 3405 5288 3459 5342; x_wconf 88' lang='lat' dir='ltr'><strong>In</strong></span> <span class='ocrx_word' id='word_1_881' title='bbox 3500 5287 3730 5342; x_wconf 76' lang='lat' dir='ltr'><strong>Hebrer</strong></span> <span class='ocrx_word' id='word_1_882' title='bbox 3762 5289 4011 5352; x_wconf 67' lang='lat' dir='ltr'><strong>scriptum</strong></span> 
     </span>
    </p>
   </div>
   <div class='ocr_carea' id='block_1_113' title="bbox 2453 5356 4013 5426">
    <p class='ocr_par' dir='ltr' id='par_1_113' title="bbox 2453 5356 4013 5426">
     <span class='ocr_line' id='line_1_113' title="bbox 2453 5356 4013 5426; baseline -0.006 -13"><span class='ocrx_word' id='word_1_883' title='bbox 2453 5371 2532 5413; x_wconf 87' lang='lat' dir='ltr'><strong>est</strong></span> <span class='ocrx_word' id='word_1_884' title='bbox 2567 5371 2681 5415; x_wconf 64' lang='lat' dir='ltr'><strong>n31</strong></span> <span class='ocrx_word' id='word_1_885' title='bbox 2710 5369 2848 5420; x_wconf 59' lang='grc' dir='ltr'><strong>τις-τι</strong></span> <span class='ocrx_word' id='word_1_886' title='bbox 2881 5356 3037 5411; x_wconf 66' lang='lat' dir='ltr'><strong>verna</strong></span> <span class='ocrx_word' id='word_1_887' title='bbox 3074 5362 3259 5420; x_wconf 79' lang='lat' dir='ltr'><strong>rabba,</strong></span> <span class='ocrx_word' id='word_1_888' title='bbox 3290 5360 3435 5426; x_wconf 91' lang='lat' dir='ltr'><strong>quod</strong></span> <span class='ocrx_word' id='word_1_889' title='bbox 3484 5369 3533 5411; x_wconf 76' lang='lat' dir='ltr'><strong>et</strong></span> <span class='ocrx_word' id='word_1_890' title='bbox 3582 5359 3821 5424; x_wconf 71' lang='lat' dir='ltr'><strong>nequitia</strong></span> <span class='ocrx_word' id='word_1_891' title='bbox 3858 5356 4013 5407; x_wconf 79' lang='lat' dir='ltr'><strong>multa</strong></span> 
     </span>
    </p>
   </div>
   <div class='ocr_carea' id='block_1_114' title="bbox 2453 5428 4013 5495">
    <p class='ocr_par' dir='ltr' id='par_1_114' title="bbox 2453 5428 4013 5495">
     <span class='ocr_line' id='line_1_114' title="bbox 2453 5428 4013 5495; baseline -0.005 -12"><span class='ocrx_word' id='word_1_892' title='bbox 2453 5430 2799 5493; x_wconf 84' lang='lat' dir='ltr'><strong>interpretari</strong></span> <span class='ocrx_word' id='word_1_893' title='bbox 2828 5439 3022 5490; x_wconf 72' lang='lat' dir='ltr'><strong>potest,</strong></span> <span class='ocrx_word' id='word_1_894' title='bbox 3052 5438 3145 5481; x_wconf 91' lang='lat' dir='ltr'><strong>aut</strong></span> <span class='ocrx_word' id='word_1_895' title='bbox 3171 5439 3216 5481; x_wconf 87' lang='lat' dir='ltr'><strong>et</strong></span> <span class='ocrx_word' id='word_1_896' title='bbox 3240 5430 3438 5481; x_wconf 81' lang='lat' dir='ltr'><strong>malum</strong></span> <span class='ocrx_word' id='word_1_897' title='bbox 3465 5444 3737 5495; x_wconf 80' lang='lat' dir='ltr'><strong>magnum,</strong></span> <span class='ocrx_word' id='word_1_898' title='bbox 3777 5428 3902 5495; x_wconf 88' lang='lat' dir='ltr'><strong>quia</strong></span> <span class='ocrx_word' id='word_1_899' title='bbox 3934 5437 4013 5477; x_wconf 85' lang='lat' dir='ltr'><strong>ra-</strong></span> 
     </span>
    </p>
   </div>
   <div class='ocr_carea' id='block_1_115' title="bbox 2456 5498 4010 5566">
    <p class='ocr_par' dir='ltr' id='par_1_115' title="bbox 2456 5498 4010 5566">
     <span class='ocr_line' id='line_1_115' title="bbox 2456 5498 4010 5566; baseline -0.005 -15"><span class='ocrx_word' id='word_1_900' title='bbox 2456 5500 2543 5551; x_wconf 82' lang='lat' dir='ltr'><strong>dix</strong></span> <span class='ocrx_word' id='word_1_901' title='bbox 2584 5498 2809 5551; x_wconf 73' lang='lat' dir='ltr'><strong>llebrzca</strong></span> <span class='ocrx_word' id='word_1_902' title='bbox 2844 5508 2960 5555; x_wconf 43' lang='lat'><strong>:13</strong></span> <span class='ocrx_word' id='word_1_903' title='bbox 2984 5498 3173 5560; x_wconf 84' lang='lat' dir='ltr'><strong>rabab,</strong></span> <span class='ocrx_word' id='word_1_904' title='bbox 3214 5500 3437 5551; x_wconf 70' lang='lat' dir='ltr'><strong>multum</strong></span> <span class='ocrx_word' id='word_1_905' title='bbox 3460 5508 3514 5551; x_wconf 85' lang='lat' dir='ltr'><strong>et</strong></span> <span class='ocrx_word' id='word_1_906' title='bbox 3560 5514 3813 5566; x_wconf 76' lang='lat' dir='ltr'><strong>magnqu</strong></span> <span class='ocrx_word' id='word_1_907' title='bbox 3848 5500 4010 5548; x_wconf 82' lang='lat' dir='ltr'><strong>sonat.</strong></span> 
     </span>
    </p>
   </div>
   <div class='ocr_carea' id='block_1_116' title="bbox 2462 5568 2733 5619">
    <p class='ocr_par' dir='ltr' id='par_1_116' title="bbox 2462 5568 2733 5619">
     <span class='ocr_line' id='line_1_116' title="bbox 2462 5568 2733 5619; baseline -0.007 -1"><span class='ocrx_word' id='word_1_908' title='bbox 2462 5568 2733 5619; x_wconf 60' lang='grc' dir='ltr'>Μλιιτιιιξι.</span> 
     </span>
    </p>
   </div>
   <div class='ocr_carea' id='block_1_117' title="bbox 2524 5630 4011 5702">
    <p class='ocr_par' dir='ltr' id='par_1_117' title="bbox 2524 5630 4011 5702">
     <span class='ocr_line' id='line_1_117' title="bbox 2524 5630 4011 5702; baseline -0.004 -15"><span class='ocrx_word' id='word_1_909' title='bbox 2524 5637 2543 5666; x_wconf 80' lang='grc'><strong>’⁵</strong></span> <span class='ocrx_word' id='word_1_910' title='bbox 2578 5637 2639 5687; x_wconf 79' lang='lat' dir='ltr'><strong>Et</strong></span> <span class='ocrx_word' id='word_1_911' title='bbox 2669 5635 2830 5687; x_wconf 79' lang='lat' dir='ltr'><strong>sudor</strong></span> <span class='ocrx_word' id='word_1_912' title='bbox 2866 5637 3079 5686; x_wconf 82' lang='lat' dir='ltr'><strong>mortui.</strong></span> <span class='ocrx_word' id='word_1_913' title='bbox 3106 5636 3160 5686; x_wconf 89' lang='lat' dir='ltr'><strong>Si</strong></span> <span class='ocrx_word' id='word_1_914' title='bbox 3187 5638 3395 5687; x_wconf 72' lang='lat' dir='ltr'><strong>vanitas</strong></span> <span class='ocrx_word' id='word_1_915' title='bbox 3415 5645 3519 5692; x_wconf 84' lang='lat' dir='ltr'><strong>est,</strong></span> <span class='ocrx_word' id='word_1_916' title='bbox 3540 5645 3589 5686; x_wconf 88' lang='lat' dir='ltr'><strong>et</strong></span> <span class='ocrx_word' id='word_1_917' title='bbox 3623 5634 3866 5702; x_wconf 81' lang='lat' dir='ltr'><strong>nequitia</strong></span> <span class='ocrx_word' id='word_1_918' title='bbox 3891 5630 4011 5702; x_wconf 76' lang='lat' dir='ltr'><strong>litt&quot;-</strong></span> 
     </span>
    </p>
   </div>
   <div class='ocr_carea' id='block_1_118' title="bbox 2459 5701 4009 5773">
    <p class='ocr_par' dir='ltr' id='par_1_118' title="bbox 2459 5701 4009 5773">
     <span class='ocr_line' id='line_1_118' title="bbox 2459 5701 4009 5773; baseline 0 -16"><span class='ocrx_word' id='word_1_919' title='bbox 2459 5718 2530 5761; x_wconf 64' lang='grc' dir='ltr'>ιιι.</span> <span class='ocrx_word' id='word_1_920' title='bbox 2563 5707 2703 5773; x_wconf 76' lang='lat' dir='ltr'><strong>quod</strong></span> <span class='ocrx_word' id='word_1_921' title='bbox 2753 5708 2888 5756; x_wconf 62' lang='lat' dir='ltr'><strong>alter</strong></span> <span class='ocrx_word' id='word_1_922' title='bbox 2926 5708 3110 5757; x_wconf 80' lang='lat' dir='ltr'><strong>labore</strong></span> <span class='ocrx_word' id='word_1_923' title='bbox 3139 5706 3367 5757; x_wconf 82' lang='lat' dir='ltr'><strong>alterius</strong></span> <span class='ocrx_word' id='word_1_924' title='bbox 3399 5701 3732 5766; x_wconf 70' lang='lat' dir='ltr'><strong>perfruatur,</strong></span> <span class='ocrx_word' id='word_1_925' title='bbox 3768 5714 3822 5757; x_wconf 86' lang='lat' dir='ltr'><strong>et</strong></span> <span class='ocrx_word' id='word_1_926' title='bbox 3858 5701 4009 5757; x_wconf 71' lang='grc' dir='ltr'>ςιιιΙῦτ</span> 
     </span>
    </p>
   </div>
   <div class='ocr_carea' id='block_1_119' title="bbox 2459 5774 4007 5838">
    <p class='ocr_par' dir='ltr' id='par_1_119' title="bbox 2459 5774 4007 5838">
     <span class='ocr_line' id='line_1_119' title="bbox 2459 5774 4007 5838; baseline -0.003 -11"><span class='ocrx_word' id='word_1_927' title='bbox 2459 5776 2676 5838; x_wconf 81' lang='grc' dir='ltr'>ιιιυιιυί,</span> <span class='ocrx_word' id='word_1_928' title='bbox 2724 5775 2930 5828; x_wconf 65' lang='grc' dir='ltr'>ιιςΙιιειςυ</span> <span class='ocrx_word' id='word_1_929' title='bbox 2976 5775 3084 5826; x_wconf 75' lang='lat' dir='ltr'><strong>sint</strong></span> <span class='ocrx_word' id='word_1_930' title='bbox 3139 5777 3401 5827; x_wconf 72' lang='lat' dir='ltr'><strong>viventis:</strong></span> <span class='ocrx_word' id='word_1_931' title='bbox 3433 5786 3694 5838; x_wconf 75' lang='lat' dir='ltr'><strong>quantam</strong></span> <span class='ocrx_word' id='word_1_932' title='bbox 3730 5774 4007 5837; x_wconf 61' lang='lat' dir='ltr'><strong>nequitiam</strong></span> 
     </span>
    </p>
   </div>
  </div>
