4216 6352
179 361 316 426 Ῑίῗδὲε)

172 573 596 638 gregandornm
636 582 876 650 lapidum
945 601 1060 640 esse
1126 587 1392 651 dicentes,
1434 593 1586 661 juxta
1645 596 1776 648 illud

171 659 322 726 qniid
382 667 440 718 in
503 669 804 740 Evangelio
861 678 1121 746 scriptum
1155 688 1266 734 est:
1299 680 1490 736 Potens
1515 697 1592 738 est
1639 687 1778 740 Deus

172 754 234 802 de
259 753 551 824 lapiﬁlms
578 764 699 816 istis
735 770 997 823 suscitare
1021 772 1162 838 ﬁlios
1192 774 1412 829 Abrahae
1446 777 1656 846 (.llnttlt.
1691 795 1771 843 Ill,

167 842 246 905 9i.
281 849 448 909 Qurrd
491 864 707 922 tempus
732 857 892 912 fuerit
916 863 1134 930 gentilis
1164 866 1344 933 populi
1400 868 1775 938 disin-rgensli,

168 947 224 987 et
264 949 499 1009 tempus
534 963 753 1002 rursum
779 951 830 1003 in
884 950 1180 1007 Ecclesium
1213 962 1598 1027 congregaudi.
1652 963 1780 1033 Legi

171 1029 225 1080 in
266 1034 526 1098 quodam
562 1038 707 1092 libro
738 1041 908 1107 (juxta
963 1042 1316 1113 Septuaginta
1380 1061 1556 1106 tamen
1612 1052 1782 1108 Inter-

175 1137 389 1188 [reus
423 1129 518 1192 qui
577 1132 867 1187 dixeruna:
907 1134 1131 1207 Tempus
1186 1141 1424 1194 mittendi
1475 1145 1698 1215 lapides,
1731 1158 1779 1200 et

169 1223 388 1279 tempus
429 1219 737 1293 i'olliqeuli)
775 1229 1118 1281 severitatem
1147 1229 1280 1298 legis
1312 1236 1570 1305 antiquae.
1605 1239 1780 1293 Evan-

176 1307 306 1370 ge‘ii
349 1311 534 1373 gratia
570 1323 953 1381 temperatam.
1003 1318 1110 1373 Lex
1143 1323 1341 1392 quippe.
1378 1327 1572 1393 rigida,
1627 1331 1780 1386 inlic-

177 1396 374 1461 nigna.
423 1417 532 1454 non
566 1419 814 1471 parcens,
871 1421 1181 1477 peccantem
1229 1416 1487 1474 interlieit
1531 1422 1778 1495 Evange-

171 1485 232 1538 lii
267 1491 461 1554 gratia
497 1495 815 1560 miseretur,
853 1508 906 1554 et
939 1504 1004 1555 al
1061 1507 1438 1570 pcenitentiam
1497 1485 1774 1579 provorvat.

173 1577 234 1628 Ει
277 1583 388 1632 hoc
449 1600 573 1638 csse
631 1597 842 1658 tempus
906 1593 1292 1650 mittendorum
1348 1600 1612 1669 lapidum,
1663 1608 1778 1665 sive

170 1677 731 1744 cuirgrcgandornm,
763 1683 906 1750 quod
952 1685 1158 1754 lapides
1210 1692 1497 1746 mittantur
1550 1697 1601 1748 in
1636 1697 1774 1768 lege,

172 1761 526 1832 colligantur
555 1766 609 1820 in
643 1768 964 1839 Evangelio.
1039 1776 1153 1829 lloc
1201 1788 1380 1833 utrum
1426 1797 1550 1838 vere
1601 1761 1773 1844 nec-ne

173 1850 398 1904 dictum
435 1856 528 1919 sit,
559 1874 660 1912 suo
695 1859 996 1929 imputetur
1025 1869 1248 1922 auctori.

255 1962 274 1992 ‹
321 1945 575 2016 Tempus
611 1953 978 2022 amplexandi,
1005 1968 1058 2012 et
1093 1969 1309 2029 tempus
1370 1965 1531 2035 longe
1563 1969 1678 2023 lieri
1707 1971 1775 2024 ab

178 2038 525 2102 amplexu.»
580 2041 744 2098 Juxta
802 2047 1101 2115 simplicem
1162 2051 1574 2124 intelligentiam
1606 2063 1777 2115 maui-

179 2124 365 2180 lestns
404 2140 490 2183 est
511 2149 726 2196 Sensus,
788 2139 1052 2206 Apostolo
1097 2139 1261 2212 ἀμ)
1292 2145 1343 2198 in
1375 2149 1563 2201 eadem
1612 2151 1774 2206 verba

178 2234 573 2290 congruente:
607 2226 788 2284 Nolite
837 2235 1091 2302 fraudare
1122 2237 1191 2290 ad
1220 2241 1459 2306 invicem,
1513 2245 1612 2296 nisi
1641 2246 1775 2312 forte

178 2328 244 2364 ex
271 2329 547 2372 consensu
575 2324 646 2374 ad
672 2331 896 2394 tempus,
934 2335 991 2379 ut
1039 2333 1232 2386 vacetis
1279 2335 1511 2388 orationi
1567 2337 1618 2408 (1
1647 2339 1770 2393 Cor.

181 2421 281 2469 vn,
327 2410 420 2476 5),
457 2413 647 2468 liberis
671 2415 906 2472 dandam
976 2435 1221 2490 operam,
1246 2435 1300 2481 et
1333 2443 1550 2483 rursum
1603 2433 1774 2484 conti-

181 2502 418 2557 nentiaz.
449 2504 539 2559 Vel
563 2509 709 2574 quod
739 2522 947 2580 tempus
973 2514 1136 2568 fuerit
1162 2519 1527 2586 amplexandi,
1555 2528 1774 2589 quando

183 2589 417 2656 vigebat
455 2595 542 2649 illa
587 2603 892 2655 sententia:
926 2604 1193 2672 Crescite,
1232 2619 1277 2662 et
1321 2610 1773 2681 multiplicamini,

184 2690 236 2730 et
271 2687 474 2752 replete
514 2697 712 2744 terram
739 2689 892 2758 (Gen.
921 2711 959 2759 ι,
999 2696 1112 2764 28).
1167 2700 1230 2750 Et
1275 2712 1488 2769 tempus
1521 2706 1707 2771 procul
1743 2720 1772 2760 a

187 2775 488 2842 complexu
537 2777 675 2844 ticri,
709 2781 928 2848 quando
953 2787 1250 2840 successit:
1314 2788 1534 2857 Tempus
1568 2793 1619 2844 in
1673 2808 1772 2844 an-

186 2874 354 2930 gusto
392 2868 406 2896 ¹
445 2879 547 2920 est.
579 2867 832 2939 Superest
886 2885 1016 2927 utet
1057 2879 1146 2945 qui
1199 2880 1388 2933 habent
1444 2898 1655 2945 uxores,
1699 2885 1774 2936 sic

187 2955 298 3006 sint
336 2961 490 3025 quasi
522 2973 626 3013 non
667 2962 890 3016 habeant
922 2966 969 3036 (1
997 2966 1121 3020 Cor.
1156 2984 1253 3036 vn,
1315 2970 1427 3039 29).
1485 2971 1542 3026 Si
1594 2983 1772 3029 autem

189 3049 536 3106 voluerimus
569 3054 637 3107 ad
673 3055 864 3110 altiora
890 3062 1279 3127 conscendere,
1348 3064 1655 3119 videbimus
1689 3081 1773 3120 sa-

188 3140 463 3206 pientiam
498 3145 797 3212 amplexari
818 3158 1091 3205 amatores
1122 3167 1252 3208 suos
1277 3172 1290 3206 :
1312 3153 1546 3218 Honora,
1573 3159 1773 3226 quippe

188 3235 290 3296 ait,
335 3250 474 3298 eam,
507 3244 556 3288 et
609 3237 994 3306 amplexabitur
1025 3253 1073 3295 te
1107 3243 1288 3310 (Prov.
1321 3260 1391 3310 tv,
1417 3247 1494 3315 8),
1524 3247 1773 3318 intraque

191 3327 360 3379 ulnas
386 3343 514 3382 suas
531 3337 586 3382 et
605 3330 868 3399 gremium
895 3333 1156 3389 strictiori
1182 3337 1388 3391 tenebit
1421 3340 1708 3410 complexu
1727 3343 1770 3395 '.

190 3415 392 3478 Porro,
419 3420 544 3487 quia
574 3437 680 3474 non
713 3432 891 3490 potest
939 3425 1216 3482 humanus
1271 3431 1489 3485 animus
1557 3447 1772 3503 semper

193 3505 250 3558 in
291 3507 526 3562 sublime
579 3511 746 3575 tendi,
804 3525 857 3568 et
895 3515 962 3569 de
1013 3516 1216 3572 divinis
1252 3528 1307 3572 et
1355 3521 1647 3577 altioribus
1677 3537 1772 3578 co-

194 3599 394 3666 gitare,
427 3616 527 3654 nec
553 3601 757 3672 jngiter
803 3618 924 3662 esse
969 3607 1020 3659 in
1071 3610 1534 3679 contemplatione
1589 3629 1770 3669 rerum

195 3689 531 3750 caelestium,
566 3695 659 3744 sed
707 3692 978 3748 interdum
1035 3699 1457 3757 necessitatibus
1524 3707 1772 3775 corporis

195 3779 510 3851 indulgere;
546 3793 830 3852 pr0pterea
882 3794 1095 3855 tempus
1144 3798 1229 3844 est
1283 3796 1625 3861 amplexandi
1687 3813 1772 3852 sa-

196 3872 482 3940 pientiam,
514 3881 568 3926 et
589 3887 708 3926 eam
735 3876 974 3930 strictius
994 3879 1303 3934 continendi
1357 3881 1401 3945 ',
1452 3891 1506 3937 et
1555 3893 1770 3954 tempus

199 3966 480 4019 relaxandi
515 3976 747 4021 mentem
794 3969 863 4023 ab
901 3970 1097 4027 intuitu
1131 3975 1525 4046 complexuque
1557 3983 1773 4048 sapien-

199 4059 311 4119 tiae,
348 4069 577 4112 utcurtc
607 4059 878 4127 corporis,
911 4072 967 4116 et
1015 4065 1100 4116 bis
1152 4065 1350 4132 quibus
1406 4071 1517 4122 vita
1572 4081 1769 4128 nostra

199 4154 410 4222 absque
441 4161 666 4220 peccato
700 4154 921 4224 indiget,
958 4157 1288 4213 serviamus.

275 4265 294 4296 ι
334 4243 570 4311 Tempus
600 4246 908 4308 acquirendi
936 4259 1020 4311 ,et
1053 4257 1263 4319 tempus
1290 4255 1570 4321 perdendi.
1603 4254 1768 4310 Tem-

199 4354 302 4404 pus
333 4338 700 4401 custodiendi,
728 4346 782 4393 et
832 4349 1044 4410 tempus
1099 4345 1446 4413 proiiciendi.
1486 4366 1506 4398 s
1545 4349 1658 4403 Sub
1678 4349 1767 4404 di-

199 4432 376 4487 versis
403 4431 772 4497 sermonibus,
809 4432 948 4486 idem
1008 4449 1174 4497 nunc,
1208 4437 1300 4502 qui
1331 4453 1496 4506 supra
1521 4447 1576 4493 et
1602 4439 1766 4506 inira,

1135 384 1741 454 CONIPJEN'FARIUS
1792 397 1868 454 l.\'
1916 401 2500 473 Ιῖαιῖιλῖξῖῖλδτεδῖ.

175 490 426 540 qnamnr
456 485 756 543 ordinem:
798 489 1045 560 Tempus
1089 497 1519 563 spargendorum
1555 509 1608 554 et
1653 517 1782 554 con—
1813 511 1855 566 Α
1889 510 1988 570 sio,
2025 526 2079 564 ut
2145 516 2182 568 ll

2193 523 2428 588 vangeiia
2489 537 2822 577 coinnanzar
2853 530 2893 589 ³.
2920 527 3064 596 (μιοό
3121 532 3465 598 evangelista:

1885 603 2081 672 singuli
2134 622 2556 674 pee‘liclrrtt‘tllll.
2634 616 2700 668 de
2767 615 2907 684 Lege
2955 630 3010 674 ct
3065 620 3348 689 l‘roplictis
3373 623 3468 680 ad-

1884 705 2078 750 ventus
2148 698 2410 756 limninii-i
2485 705 2793 758 testimonia
2847 723 3179 766 consunntrs
3233 729 3246 767 :
3293 714 3363 766 ila
3414 718 3466 766 ct

1885 796 2097 858 tempus
2157 791 2252 845 fuit
2289 797 2567 864 (μίξει-(νηιιὶ
2630 810 2681 852 et
2715 802 3056 854 custodiendi
3105 803 3286 869 Israel,
3327 815 3460 860 tem-

1884 897 1984 950 pus
2014 885 2272 950 perdundi
2294 899 2344 942 et
2376 891 2693 958 proﬁciendi
2732 891 2910 944 illum.
2941 890 3032 944 Vel
3062 908 3141 948 cei
3162 906 3210 947 te.
3242 905 3458 963 tempus

1883 977 2162 1043 qua-rendi
2227 981 2486 1047 populum
2539 998 2606 1034 ex
2664 983 2938 1049 gentibus,
2974 992 3027 1036 et
3079 994 3292 1053 tempus
3340 1003 3464 1055 per-

1883 1061 2042 1115 dcmli
2110 1068 2373 1135 populum
2425 1068 2763 1122 Judazorum.
2819 1070 3058 1142 Tnnrpus
3112 1077 3464 1132 custodiendi

1884 1155 2168 1213 credentes
2193 1173 2255 1212 ex
2283 1162 2616 1228 nationibus,
2673 1173 2726 1218 el
2786 1172 2995 1232 tempus
3045 1166 3339 1236 objiciendi
3375 1175 3464 1228 in-

1884 1245 2143 1304 credulos
2169 1250 2237 1305 ab
2271 1253 2460 1306 lsrael.

1960 1357 1977 1389 ι
2010 1337 2248 1403 Tempus
2276 1329 2510 1407 tacendi,
2554 1355 2607 1399 et
2639 1358 2854 1417 tempus
2891 1353 3214 1421 loiluendia
3256 1355 3462 1425 Pytha-

1881 1431 2094 1501 goricos
2117 1447 2261 1498 reor,
2291 1449 2524 1502 quorum
2559 1437 2849 1506 disciplina
2879 1454 2961 1496 cst
2985 1454 3164 1500 tacere
3184 1463 3282 1513 per
3305 1449 3466 1516 quiu-

1881 1519 2203 1589 quenniuin,
2232 1533 2285 1576 et
2317 1534 2501 1592 postea
2544 1529 2787 1582 eruditos
2821 1530 2986 1598 loqui,
3024 1533 3150 1587 hinc
3185 1536 3453 1604 originem

1880 1609 1963 1663 sui
1998 1611 2229 1666 traxisse
2269 1615 2495 1670 decreti.
2545 1616 2830 1675 ὓὶείῒιιηιυε
2867 1622 3049 1691 itaque
3083 1636 3136 1679 et
3175 1624 3334 1695 511
3364 1642 3464 1681 nos

1881 1702 2153 1771 priusnon
2176 1706 2344 1773 loqui,
2369 1719 2424 1760 ut
2446 1718 2633 1775 postea
2659 1713 2722 1762 ad
2750 1712 3080 1779 loquendum
3111 1721 3462 1784 pra‘ceptnris

1883 1811 1978 1849 ora
2037 1812 2366 1853 reseremus.
2425 1799 2698 1856 Sileamus
2755 1814 2904 1857 certo
2965 1815 3231 1874 tempore,
3305 1821 3358 1864 et
3391 1812 3460 1865 ad

1885 1883 2100 1958 eloquia
2151 1891 2510 1958 pendaamus.
2567 1893 2714 1946 Nihil
2762 1896 2924 1952 nobis
2970 1898 3223 1951 videatur
3253 1912 3460 1955 recnnn

1885 1991 2024 2042 esse,
2056 1980 2161 2032 nisi
2188 1979 2329 2047 quod
2353 1981 2643 2047 discimus,
2669 1997 2726 2037 ut
2761 1992 2880 2053 post
2901 1987 3131 2038 multum
3155 1987 3458 2053 silentium,

1884 2066 1950 2120 de
1981 2066 2264 2136 discipulis
2333 2069 2632 2125 elliciamur
2689 2075 2954 2140 magistri.
2989 2075 3159 2141 ‘Nunc
3195 2092 3324 2130 vero
3359 2094 3458 2147 pro

1884 2161 2208 2212 seculorum
2288 2161 2528 2229 qnmidie
2580 2162 2632 2222 iu
2683 2163 2839 2231 pejus
2886 2165 3183 2218 labentium
3238 2169 3370 2220 vitio
3408 2171 3454 2230 ⁸,

1881 2252 2136 2306 docemus
2195 2254 2247 2306 in
2301 2255 2570 2321 ecclesiis,
2606 2256 2749 2324 quod
2800 2258 3095 2312 nescimus.
3123 2257 3184 2311 Et
3212 2260 3256 2314 si
3299 2276 3452 2315 com-

1883 2342 2153 2409 positione
2186 2344 2494 2409 verborum,
2531 2345 2614 2398 vel
2646 2346 2910 2401 instinctu
2940 2349 3166 2410 diaboli,
3199 2352 3292 2418 qui
3337 2354 3453 2406 lau-

1884 2442 1972 2485 tor
2014 2447 2263 2487 errorum
2317 2445 2442 2493 est.
2498 2437 2723 2504 plausus
2773 2439 2955 2506 populi
3001 2444 3450 2512 exeitaverimns,

1883 2535 2071 2577 contra
2098 2526 2492 2580 cooscientiam
2524 2541 2768 2582 nostram
2799 2530 2938 2583 scire
2961 2547 3061 2585 nes
3094 2534 3450 2600 inbitramur,

1883 2618 1948 2668 de
1987 2632 2095 2686 quo
2153 2617 2278 2671 aliis
2344 2619 2622 2687 potuimus
2687 2622 3036 2688 persuadere.
3078 2621 3278 2679 Omnes
3307 2637 3454 2683 artes

1881 2704 2090 2775 absque
2116 2707 2339 2762 doctore
2369 2709 2388 2738 ⁸
2418 2724 2525 2762 non
2563 2711 2829 2766 discimus
2867 2729 2880 2766 :
2909 2713 3021 2766 sola
3044 2714 3155 2768 lucc
3191 2725 3300 2769 tam
3328 2717 3450 2772 vilis

1881 2806 1934 2850 et
1973 2795 2150 2852 lacilis
2182 2806 2285 2862 est,
2320 2807 2379 2852 ut
2406 2814 2515 2851 non
2548 2800 2786 2869 indigeat
2815 2813 3163 2870 prteceptorc.

1959 2904 1976 2935 ι
2024 2884 2261 2954 Tempus
2318 2887 2564 2950 amandi,
2609 2899 2660 2942 et
2698 2898 2911 2958 tempus
2964 2893 3205 2946 odiendi.
3244 2911 3264 2944 ›
3293 2894 3454 2949 Tem-

1884 2994 1986 3048 pus
2011 2979 2228 3034 amandi
2284 2990 2405 3050 post
2435 2982 2630 3047 Deum,
2663 2982 2888 3042 liberos.
2919 3000 3170 3051 uxorem,
3227 2989 3477 3058 propin?

1889 3085 2048 3139 quos,
2088 3080 2141 3124 ct
2170 3080 2388 3142 tempus
2419 3073 2634 3127 odiendi
2665 3089 2759 3128 eos
2783 3075 2835 3127 in
2857 3079 3140 3145 martyrio.
3185 3095 3307 3133 cum
3353 3096 3452 3148 pro

1806 3198 1848 3254 ο
1880 3160 2086 3217 Christi
2157 3163 2501 3218 confessione
2563 3164 2769 3234 rigidos
2802 3167 2977 3234 pietas
3024 3180 3302 3237 oppugnat
3352 3173 3454 3225 ini-

1883 3256 2044 3310 mica.
2072 3253 2168 3310 Vel
2209 3267 2354 3310 certe
2389 3267 2605 3326 tempus
2629 3259 2850 3311 amandi
2879 3261 3070 3326 legem,
3097 3273 3152 3316 et
3179 3278 3236 3314 ea
3264 3279 3382 3331 qua:
3415 3279 3446 3319 a

1880 3348 1997 3416 lege
2025 3347 2242 3402 fuerant
2297 3351 2586 3417 imperata,
2640 3349 3158 3414 circnmcisionem,
3217 3353 3446 3420 hostias,

1882 3434 2200 3498 Sahliatum,
2227 3436 2573 3501 ncomenias;
2593 3446 2874 3508 etlempus
2901 3440 3114 3494 odiendi
3152 3457 3241 3507 ea,
3277 3443 3451 3499 Evan-

1880 3528 2007 3598 gelii
2033 3528 2206 3596 gratia
2242 3530 2593 3584 succedente.
2639 3531 2862 3586 Necnon
2886 3542 2941 3586 et
2969 3533 3072 3587 hoc
3105 3534 3210 3589 dici
3243 3545 3448 3605 potest,

1884 3620 2145 3688 quoniam
2176 3635 2322 3675 nunc
2347 3637 2440 3688 per
2469 3626 2756 3693 speculum
2783 3627 3034 3681 videmus
3071 3627 3123 3680 in
3159 3629 3450 3696 aenigmate

1883 3709 1936 3782 (1
1963 3711 2084 3766 Cor.
2115 3727 2235 3778 sin,
2288 3713 2400 3783 19.),
2426 3727 2641 3786 tempus
2669 3732 2790 3772 esse
2823 3719 3107 3788 praesentia
3161 3720 3444 3787 diligendi,

1878 3813 1930 3859 et
1964 3804 2014 3856 in
2053 3803 2294 3857 futurum
2331 3815 2543 3875 tempus
2567 3808 2856 3871 adveniet,
2889 3809 3109 3878 quando
3153 3821 3445 3865 cernentes

1879 3895 2016 3950 facie
2041 3896 2104 3950 ad
2146 3895 2404 3962 faciem",
2431 3907 2487 3952 et
2525 3899 2578 3951 in
2621 3900 2816 3952 melius
2880 3901 3252 3968 proﬁcientes,
3307 3903 3446 3956 inci-

1881 3990 2093 4056 piemus
2120 3989 2324 4053 odisse,
2351 3999 2407 4044 et
2431 3990 2718 4060 despicere
2741 3993 2883 4062 quod
2923 3993 3250 4048 amavimus.

1955 4097 1975 4131 ι
2022 4082 2260 4150 Tempus
2294 4082 2420 4136 belli
2450 4092 2505 4137 et
2558 4095 2767 4152 tempus
2813 4085 2984 4152 pacis.
3015 4101 3034 4134 ι
3096 4083 3350 4149 Quamliu
3389 4087 3443 4138 in

1878 4172 2134 4240 praesenti
2177 4173 2379 4226 szeculo
2427 4188 2616 4228 sumus
2645 4213 2660 4238 ,
2724 4185 2940 4242 tempus
2974 4184 3060 4229 est
3112 4176 3234 4230 belli
3275 4192 3444 4231 :cum

1877 4273 2055 4321 autem
2098 4264 2518 4333 migraverimus
2549 4266 2616 4319 de
2665 4267 2768 4320 hoc
2793 4267 3015 4328 saeculo,
3057 4267 3206 4332 pacis
3235 4278 3447 4335 tempus

1879 4357 2150 4410 adveniet.
2208 4354 2262 4407 In
2315 4370 2447 4424 pace
2475 4357 2617 4410 enim
2672 4357 2828 4411 locus
2887 4357 3115 4420 eleci,
3149 4368 3204 4413 et
3252 4360 3446 4416 civitas

1879 4457 2066 4502 nostra
2107 4445 2433 4512 Jerusalem,
2487 4447 2553 4502 de
2605 4463 2736 4516 pace
2767 4451 2960 4502 sortita
2996 4457 3080 4502 est
3119 4451 3445 4504 vocabulum

202 4539 400 4578 sensus
421 4532 528 4586 est,
560 4521 613 4574 in
646 4538 711 4577 eo
751 4526 895 4592 quod
929 4525 1002 4578 ait
1037 4541 1052 4577 :
1091 4523 1306 4594 Tempus
1359 4531 1687 4594 destruendi,
1718 4540 1768 4585 et
1801 4536 1847 4591 D
1879 4538 2049 4609 (Psat.
2071 4555 2232 4602 uxv,
2253 4539 2331 4608 5).
2360 4535 2529 4590 Nemo
2548 4552 2677 4608 ergo
2708 4551 2766 4592 se
2797 4553 2943 4591 nunc
2970 4546 3118 4604 putet
3140 4553 3263 4594 esse
3286 4555 3446 4595 seru-

199 4623 398 4680 tempus
439 4614 760 4680 aediﬁcandi.
800 4615 875 4668 Ac
917 4615 1112 4671 deinde
1149 4634 1162 4670 :
1193 4618 1415 4684 Tempus
1471 4622 1764 4686 scindendi,

199 4718 249 4761 et
275 4718 476 4776 tempus
519 4709 827 4761 consuendi.
851 4709 1135 4773 Quomodo
1164 4713 1307 4766 enim
1353 4714 1637 4783 Synagoga
1666 4717 1766 4769 de-

201 4799 449 4864 struilur,
483 4808 540 4852 ut
595 4800 888 4854 aediﬁcetur
913 4803 1179 4868 Ecclesia,
1216 4815 1268 4859 et
1297 4820 1327 4858 a
1363 4806 1505 4876 Lege
1538 4809 1595 4861 lit
1625 4808 1764 4863 scis-

277 5026 291 5056 ¹
322 5026 863 5100 νᾷιςιοιῆιιεητεηιμιιε
897 5044 1032 5081 nunc
1063 5028 1115 5081 in
1148 5040 1400 5097 angusto:
1442 5029 1568 5085 olim
1627 5045 1766 5100 erat,

216 5092 434 5163 Tempus
456 5105 590 5163 quod
627 5099 677 5150 in
715 5092 955 5162 angusto,
987 5109 1091 5150 etc.

277 5166 298 5196 ³
335 5167 680 5219 Martianzens
704 5169 919 5239 litime.
964 5167 1232 5220 Strictiori
1259 5179 1427 5222 tcncre
1472 5175 1766 5239 complexu.

277 5235 297 5305 ἒ
340 5237 456 5289 Duo
509 5253 663 5296 mss”
694 5234 944 5289 Strictius
980 5239 1390 5305 constringcndi.

277 5303 300 5351 ‘t
336 5305 531 5380 Penes.
569 5309 808 5380 Ali-uin”
870 5306 932 5357 Et
959 5307 1181 5373 alligant
1218 5303 1506 5363 scissione:
1539 5313 1768 5380 legales,

210 5384 264 5426 ut
304 5374 573 5443 Evangelii
597 5376 766 5443 gloria
800 5388 1106 5429 consuntur.

275 5445 296 5474 ⁵
332 5445 489 5496 Nunc
534 5462 650 5498 vero
707 5463 798 5510 pro
849 5461 1183 5497 swtriuoritiit.
1245 5445 1601 5504 Corlieienses
1634 5468 1767 5508 mss.

205 5529 297 5576 pro
321 5515 616 5566 προικί-ηιμ
647 5515 880 5583 quotidie
906 5517 956 5566 in
985 5516 1132 5580 pejus
1163 5518 1486 5570 labentium:
1513 5533 1563 5572 ct
1591 5523 1768 5579 infra:

206 5588 294 5652 qui
321 5586 495 5645 [actor
526 5600 762 5636 errorum
793 5595 888 5637 est.
921 5587 1188 5637 MARTIAN.

279 5659 295 5684 ί
331 5654 532 5707 Recole
588 5655 875 5723 ρίιίηῑυίιιιιι
937 5658 1003 5708 ὓῦ
1065 5659 1128 5706 axl
1182 5656 1470 5710 Paulinum
1535 5676 1562 5712 a
1612 5679 1768 5722 num.

208 5726 237 5777 Ο
275 5727 336 5776 ;ιιΙ
372 5726 422 5776 8.

278 5824 344 5834 -
367 5791 409 5846 0
432 5824 440 5845 ι
465 5808 556 5846 nes
588 5808 724 5847 artes
757 5794 949 5862 alisque
980 5795 1210 5850 (lactare.
1232 5793 1372 5850 ldcm
1407 5803 1771 5868 conqueritur

1877 4649 1996 4688 rum
2025 4650 2037 4686 :
2067 4633 2117 4685 in
2165 4640 2402 4698 tempore
2429 4631 2557 4684 belli
2603 4631 2996 4699 accingendum
3039 4641 3120 4684 est
3145 4632 3187 4694 ',
3209 4643 3262 4686 et
3295 4649 3444 4688 arma

1881 4722 2186 4783 tractanda,
2241 4730 2299 4776 ut
2335 4721 2571 4776 victores
2627 4722 2906 4790 quondam
2953 4721 3363 4790 requiescanius
3392 4727 3444 4780 in

1876 4834 2032 4890 pace.

1879 5048 1931 5099 in
1975 5045 2213 5114 Epistola
2279 5045 2346 5098 ad
2414 5043 2726 5114 Paulinum,
2785 5044 2850 5094 de
2912 5042 3091 5114 stlnlio
3139 5041 3440 5096 divinarum

1881 5110 2286 5184 Scripturarnm
2317 5131 2332 5168 ξ
2365 5116 2522 5182 cujus
2571 5113 2784 5166 initium
2818 5123 2898 5165 cst
2923 5151 2938 5176 ,
2977 5110 3165 5164 Frater
3223 5114 3444 5165 Ambro-

1879 5189 2013 5249 sius,
2044 5195 2148 5261 elo.
2193 5185 2470 5261 Maurum.
2607 5253 2649 5261 __
3163 5252 3200 5261 _
3244 5252 3254 5261 _
3322 5254 3331 5261 _

1951 5257 1968 5287 "
2007 5254 2166 5307 Addit
2233 5253 2402 5306 Vatic.
2454 5253 2791 5312 intuebimur,
2854 5265 2948 5315 pro
3005 5265 3111 5317 quo
3163 5252 3442 5307 Palatinus

1877 5327 2016 5379 alter
2056 5328 2342 5376 intuemur.
2380 5324 2496 5374 Mox
2533 5338 2629 5389 pro
2680 5321 3007 5388 incipiemus,
3040 5331 3093 5372 et
3128 5322 3265 5388 quod
3298 5338 3438 5375 mm:-

1879 5397 2068 5452 vimus,
2105 5392 2561 5458 quemadmodum
2611 5407 2743 5444 mss.
2782 5404 2971 5440 Mimos
3034 5391 3345 5455 pra-lerunt,
3388 5400 3442 5447 et

1881 5464 2153 5516 Victorius
2182 5479 2399 5528 quoque
2450 5478 2514 5514 ex
2547 5459 2872 5513 Florentinis
2906 5460 3311 5525 exemplaribus
3356 5477 3440 5512 re-

1879 5535 2152 5594 stituerat,
2187 5533 2439 5586 Martiali.
2477 5532 2696 5585 retinnit
2726 5529 3038 5597 incipimus,
3063 5531 3278 5596 etquod
3307 5546 3442 5584 nunc

1881 5619 2144 5656 amamus.

1954 5673 1972 5702 ‘
2007 5672 2285 5726 Palatinus
2316 5673 2470 5732 alter,
2509 5668 2576 5722 In
2601 5683 2827 5731 tempore
2862 5669 2981 5721 belli
3006 5668 3096 5719 tibi
3129 5668 3440 5723 certandum

1881 5753 1974 5796 est.
2008 5742 2295 5803 Alcniuus,
2337 5740 2434 5794 Ubi
2467 5743 2772 5793 certandum
2804 5751 2900 5791 est.
2932 5739 3064 5790 Tum
3098 5753 3218 5788 cum
3248 5739 3440 5793 eodem

1882 5815 2131 5867 Palatino
2166 5812 2483 5874 Vaticanus,
2523 5811 2587 5864 lit
2641 5819 2806 5873 «posti
2831 5809 2930 5862 lira
2963 5824 3110 5861 anno
3135 5810 3434 5866 tractanda.
