4216 6352
761 387 902 457 1091
1937 384 1999 442 S.
2039 382 2082 440 Ε

2150 380 2346 439 FEB”
2396 377 2836 438 lllEliONYMI

3886 374 4002 443 139?.

828 524 847 557 ι
884 503 1016 572 Quai
1077 498 1407 558 abundantia
1473 504 1553 551 est
1614 495 1856 559 facienti,
1900 496 1953 549 in
1984 500 2179 565 quibus
2210 501 2326 565 ipse
2356 504 2398 560 Α
2433 514 2564 561 xxii,
2620 497 2734 561 3|),
2779 496 2954 550 instar
2986 494 3305 549 animalium
3337 507 3709 564 provocamur
3744 491 3853 565 [ΑΙ.
3894 512 4001 563 prn-

751 594 987 651 laborat.
1024 591 1144 647 Vidi
1202 588 1646 658 occupationem,
1698 603 1859 656 quam
1895 588 2040 639 dedit
2077 588 2201 639 ﬁliis
2231 589 2325 637 ho-

755 689 982 745 minum.
1014 692 1073 739 ut
1104 691 1441 750 occupentur
1500 681 1550 733 in
1603 697 1685 734 ca.
1732 680 1997 735 Uuivcrsa
2024 678 2149 731 fecit
2188 680 2325 731 bona

751 780 807 833 in
837 789 1081 845 tempore
1106 789 1232 841 suo,
1265 782 1319 827 et
1348 772 1569 843 quidem
1603 772 1859 826 siccatum
1893 772 2044 823 tit‘dll
2082 774 2131 823 in
2160 771 2324 823 cordi

750 885 964 933 eorum,
993 878 1053 923 ut
1082 883 1187 922 non
1218 867 1462 921 inveniat
1493 867 1655 918 homo
1676 879 1815 931 opus
1841 865 1986 932 quod
2022 864 2151 917 fecit
2186 865 2327 917 Deus

750 962 1032 1017 ali-initio
1077 975 1251 1029 usque
1312 960 1366 1012 in
1421 957 1605 1010 linem.
1635 976 1651 1007 ι
1684 954 1799 1010 Non
1833 973 1916 1009 me
1959 956 2095 1024 [ιιειι
2129 956 2260 1023 quid
2296 972 2326 1009 a

753 1058 1033 1126 plerisque
1078 1055 1133 1107 ln
1163 1053 1268 1127 hoc
1305 1051 1423 1105 loco
1448 1050 1652 1104 dictum
1683 1051 1774 1114 sit,
1838 1050 2003 1121 412
2036 1050 2179 1117 quod
2208 1064 2330 1115 pro-

756 1162 948 1219 pterea
977 1146 1121 1200 Deus
1152 1145 1209 1199 in
1238 1144 1494 1213 praesenti
1530 1144 1729 1197 sarculo
1756 1145 1922 1197 etiam
1949 1156 2326 1210 perversurum

752 1241 1075 1310 dogmatum
1110 1235 1390 1306 magistris
1413 1232 1755 1286 concesserit
1782 1232 2229 1299 occupationem,
2261 1244 2328 1284 ne

750 1346 907 1386 mens
949 1329 1187 1384 hominis
1217 1329 1394 1381 otiosa
1455 1337 1815 1393 torpesceret,
1843 1333 1899 1377 et
1949 1324 2053 1376 hoc
2082 1338 2207 1376 es:e
2236 1325 2329 1375 bo-

751 1439 908 1488 num,
960 1422 1104 1490 quod
1152 1419 1281 1472 fecit
1321 1417 1466 1470 Deus
1501 1418 1554 1470 in
1589 1429 1834 1485 tempore
1868 1432 1992 1475 suo,
2028 1424 2082 1468 et
2123 1414 2328 1468 nihilo.

755 1516 937 1568 minus
991 1511 1219 1579 nequire
1276 1524 1371 1563 eos
1397 1518 1652 1563 naturain
1713 1519 1768 1563 et
1824 1523 2005 1561 rerum
2037 1506 2327 1560 scientiam

752 1602 1235 1670 comprehendere.
1294 1599 1423 1653 Mihi
1461 1615 1593 1653 vero
1652 1601 1720 1651 ab
1754 1599 1999 1657 Ilebraeo,
2032 1598 2122 1664 qui
2159 1612 2241 1651 inc
2276 1598 2328 1653 in

756 1697 1053 1763 Scripturis
1079 1694 1338 1756 erudivit,
1368 1695 1443 1747 ita
1468 1693 1775 1759 expositum
1805 1702 1887 1743 est
1918 1708 1932 1744 :
1976 1692 2114 1745 Cum
2144 1693 2327 1743 omnia

753 1804 854 1842 suo
890 1789 1141 1842 labantur
1185 1796 1451 1850 tempore,
1484 1796 1534 1837 et
1565 1787 1638 1835 sit
1671 1797 1885 1853 tempus
1916 1784 2235 1837 destruendi
2276 1791 2330 1834 et

2434 588 2758 659 vocemur];
2807 591 2899 643 sed
2938 590 3240 644 secundum
3296 588 3622 657 Apostoluin
3681 600 3697 638 :
3750 588 3999 641 Habentes

2432 684 2622 734 victum
2658 693 2703 733 et
2731 684 3001 745 vestitum,
3025 682 3101 734 Itis
3129 683 3363 734 contenti
3395 698 3579 734 sumus
3607 680 3658 750 (Ι
3685 680 3821 735 Tim.
3842 698 3911 739 τι.
3933 683 3999 751 8).

2432 786 2486 826 ut
2517 774 2629 845 [ιιι.
2664 775 2737 845 ei]
2767 776 3030 843 quidquid
3087 790 3255 839 supra
3321 774 3522 827 lubere
3594 791 3910 843 possumus,
3946 778 3989 827 iii

2434 868 2771 934 pauperibus
2824 867 3133 920 nutriendis
3165 874 3216 919 et
3248 866 3523 935 egentium
3563 866 3859 934 largitione
3887 882 4001 918 con-

2430 974 2731 1011 Suinamus.
2765 956 2957 1015 Porro,
2990 958 3115 1026 quia
3140 973 3270 1009 caro
3297 958 3510 1011 Domini
3533 973 3701 1011 vertis
3728 969 3811 1012 est
3836 960 3998 1019 t‘ibns,

2430 1060 2483 1104 et
2506 1052 2733 1121 sanguis
2796 1050 2917 1120 ejus
2945 1064 3107 1103 verus
3160 1060 3243 1103 est
3280 1061 3465 1119 potus,
3506 1051 3664 1119 juxta
3699 1052 3995 1117 ἀναγωγὴν,

2432 1144 2535 1197 hoc
2580 1146 2759 1197 solum
2806 1142 3073 1197 habemus
3099 1144 3151 1196 in
3177 1147 3430 1212 prasenti
3466 1144 3677 1199 szeculo
3715 1146 3997 1202 bonum.si

2433 1248 2718 1287 vesciimur
2744 1249 2908 1289 carne
2966 1234 3107 1301 ejus,
3142 1246 3196 1289 et
3236 1250 3435 1290 cruore
3476 1248 3762 1306 poteniur,
3790 1250 3891 1289 noa
3922 1251 3998 1286 so.

2430 1323 2537 1377 lum
2570 1326 2622 1375 in
2652 1325 2912 1393 mysterio
2962 1325 3380 1394 (Eucharistia),
3439 1328 3534 1380 sed
3568 1330 3735 1380 etiam
3785 1327 3837 1379 in
3869 1328 4003 1379 Stri-

2436 1427 2720 1484 pturaruni
2763 1415 3019 1471 lectione.
3084 1416 3264 1471 Verus
3300 1419 3449 1472 enim
3500 1419 3662 1470 uibus
3724 1426 3777 1470 ct
3836 1426 3998 1486 potis,

2432 1510 2615 1573 quiex
2664 1514 2829 1561 verbo
2871 1508 2963 1560 Dei
2997 1510 3257 1575 sumitur,
3315 1510 3551 1563 scientia
3603 1508 3997 1577 Scripiiimniu

2432 1610 2535 1653 est.
2574 1598 2686 1649 Nec
2719 1608 2869 1664 putet
2892 1598 3090 1664 aliquis
3114 1598 3242 1651 illud
3268 1614 3296 1651 a
3332 1599 3550 1651 Balaam
3578 1602 3948 1667 prophetatum
3988 1617 4001 1655 ;

2436 1689 2555 1742 Non
2589 1692 2683 1743 erit
2714 1690 2866 1742 labor
2886 1694 2939 1745 in
2964 1689 3155 1753 Iacob,
3183 1706 3345 1753 neque
3371 1692 3527 1743 dolor
3548 1692 3605 1743 in
3628 1690 3803 1744 Israel
3830 1690 3999 1758 (Nam.

2439 1795 2594 1842 xxiii,
2632 1781 2747 1849 25).
2802 1777 2935 1832 lluic
2966 1780 3308 1831 contrarium
3362 1793 3507 1841 esse,
3564 1780 3714 1846 quod
3780 1781 4001 1832 munitis

752 1879 1084 1941 aedificandi,
1142 1877 1515 1945 flciidiatquc
1544 1876 1781 1959 ridendi,
1815 1876 2027 1929 tacendi
2064 1884 2226 1944 atque
2253 1874 2331 1925 lo-
2367 1872 2406 1925 Β
2441 1872 2532 1924 Dei
2564 1888 2687 1924 eSsc
2718 1873 2918 1923 dicitur
2952 1888 2964 1921 :
2998 1870 3054 1923 Si
3084 1873 3199 1938 quis
3231 1875 3469 1923 comedat
3500 1881 3548 1923 et
3572 1872 3814 1936 bibat,'et
3842 1884 4002 1924 osten-

752 1971 955 2040 quendi
989 2010 1002 2033 ,
1051 1979 1104 2022 et
1144 1979 1338 2022 caetera
1370 1983 1492 2036 qua:
1554 1970 1695 2020 dictu
1760 1967 1825 2020 de
1880 1980 2123 2037 tempore
2184 1977 2333 2033 sunt,

752 2061 883 2130 quid
915 2060 1117 2113 frustra
1156 2074 1424 2117 conamur
1450 2069 1506 2113 et
1548 2060 1848 2123 tendimus,
1890 2070 1944 2113 et
1998 2065 2178 2114 brevis
2209 2065 2332 2119 vine

755 2154 970 2207 labores
998 2162 1246 2220 putamus
1279 2166 1399 2205 esse
1450 2152 1785 2219 perpetuos?
1825 2150 1933 2207 Nec
1968 2158 2207 2209 contenti
2240 2175 2333 2211 su-

751 2258 873 2298 nius
908 2244 1207 2298 secundum
1240 2242 1616 2311 Evangelinin,
1648 2242 1856 2297 malitia
1883 2245 1991 2299 diei
2024 2264 2038 2300 :
2085 2250 2331 2316 nihilque

752 2336 805 2389 in
838 2339 1141 2390 crastinum
1178 2337 1483 2403 cogitemus
1518 2333 1740 2405 (Matth.
1777 2352 1851 2397 vi.
1876 2337 1986 2405 34).
2019 2340 2155 2404 Quid
2184 2344 2329 2397 euiui

754 2441 1046 2494 possumus
1075 2426 1275 2479 habere
1302 2427 1355 2478 in
1379 2426 1479 2479 hoc
1517 2426 1718 2481 saeculo
1742 2428 1975 2494 amplius
2004 2430 2324 2495 laborando,

754 2521 809 2574 in
844 2534 953 2587 quo
992 2518 1045 2572 id
1087 2526 1298 2572 tantum
1336 2517 1673 2573 “hominibus
1703 2534 1731 2570 a
1778 2520 1885 2573 Deo
1918 2524 2099 2574 datum
2137 2535 2241 2586 est,
2273 2536 2329 2577 ut

754 2613 895 2665 alius
952 2610 1057 2663 alia
1095 2610 1361 2665 sectantlo
1406 2610 1655 2676 haberet,
1692 2613 1743 2665 in
1778 2614 1979 2681 quibus
2012 2616 2241 2681 erudiri,
2277 2627 2337 2685 et

753 2716 1009 2756 exercere
1040 2716 1099 2755 se
1149 2695 1371 2770 posset?
1420 2702 1559 2758 Deus
1604 2707 1753 2758 enim
1812 2721 1975 2760 omne
2000 2711 2144 2773 quod
2181 2709 2328 2771 iecit,

757 2792 958 2845 bonum
1001 2800 1105 2853 est,
1147 2792 1239 2845 sed
1274 2792 1475 2845 bonum
1502 2793 1559 2845 in
1590 2805 1833 2863 tempore
1864 2812 1982 2850 suo.
2011 2798 2219 2851 Bonum
2248 2808 2331 2853 est

754 2882 980 2952 vigilare
1005 2895 1163 2950 a'que
1194 2882 1437 2936 dormire
1469 2899 1608 2937 :nec
1641 2896 1821 2940 tamen
1850 2903 2071 2956 semper
2105 2889 2332 2956 vigilare

756 2984 850 3028 aut
884 2974 1126 3027 dormire
1151 2976 1357 3028 bonum
1390 2984 1493 3038 est,
1519 2973 1642 3044 quia
1674 2979 1919 3033 vicissim
1959 2982 2113 3050 juxta
2150 2984 2332 3048 distin-

755 3064 1011 3119 sitioneni
1069 3064 1161 3118 Dei
1200 3066 1401 3119 bonum
1442 3077 1529 3121 est
1552 3073 2004 3138 unumquodque,
2034 3091 2154 3126 cum
2189 3091 2328 3145 opus

755 3163 859 3208 est.
895 3154 1045 3206 Dedit
1076 3169 1296 3223 quoque
1333 3155 1473 3209 Deus
1512 3159 1774 3211 mundum
1801 3162 1867 3212 ad
1899 3162 2321 3218 inhabitantium

757 3240 1097 3303 hominibus,
1125 3251 1184 3294 ut
1220 3239 1483 3295 fruantur
1516 3246 1867 3302 varietatibus
1896 3260 2229 3320 temporum,
2274 3265 2328 3308 ct

756 3345 865 3384 non
895 3342 1140 3401 quaerant
1167 3331 1234 3385 dc
1264 3334 1447 3386 causis
1476 3349 1656 3389 rerum
1695 3341 2024 3392 naturalium
2050 3347 2328 3409 quomodo

755 3431 941 3477 creata
998 3423 1108 3476 sint
1139 3424 1321 3477 omnia
1353 3441 1366 3477 :
1404 3439 1576 3492 quare
1600 3425 1703 3479 hoc
1760 3429 1839 3482 vel
1872 3431 2001 3484 illud
2070 3434 2138 3487 ab
2171 3437 2330 3488 iuiiio

759 3516 951 3568 mundi
984 3516 1242 3585 usquead
1274 3519 1807 3575 consummationem
1838 3519 2032 3577 fecerit
2057 3540 2327 3594 crescere,

758 3620 1003 3670 manere,
1030 3609 1247 3661 mutari.

834 3710 854 3743 ι
902 3695 1142 3763 Cognovi
1180 3697 1306 3764 quia
1359 3712 1466 3751 non
1521 3709 1607 3754 est
1653 3703 1875 3769 bonum,
1912 3707 2011 3761 nisi
2053 3708 2252 3771 lauari,
2278 3718 2332 3764 et

758 3782 937 3837 facere
971 3784 1171 3837 bonum
1206 3785 1259 3838 in
1292 3787 1399 3839 vita
1424 3804 1544 3842 sua.
1592 3789 1655 3844 Et
1686 3795 1909 3862 quidem
1945 3801 2126 3854 omnis
2168 3800 2333 3855 homo

757 3874 853 3941 qui
877 3876 1131 3932 comedit.
1168 3885 1222 3928 et
1252 3877 1406 3937 bibit,
1444 3889 1497 3933 et
1522 3885 1765 3937 ostendit
1808 3887 2005 3941 bonum
2036 3890 2051 3919 ⁸
2085 3890 2137 3943 in
2172 3892 2329 3945 omni

760 3968 946 4018 labore
973 3980 1096 4026 suo.
1150 3982 1213 4019 ex
1266 3967 1427 4020 dono
1451 3967 1542 4023 Dei
1579 3982 1682 4028 est.
1728 3992 1747 4024 ι
1779 3974 2070 4045 Propterea
2103 3983 2331 4039 colimus

754 4069 811 4109 et
847 4058 1047 4123 hospes
1081 4057 1269 4110 mundi
1314 4058 1675 4117 homodatus
1740 4075 1844 4130 est,
1895 4079 1951 4121 ut
2008 4073 2154 4126 brevi
2213 4078 2331 4128 vitae

754 4160 870 4200 sua:
906 4146 1116 4199 fruatur
1144 4158 1413 4217 tempore,
1456 4160 1510 4206 et
1543 4170 1638 4223 spe
1676 4159 1993 4226 prolixioris
2026 4166 2202 4217 anatis
2235 4167 2331 4220 ab-

755 4240 950 4302 scissa,
997 4248 1192 4294 cuncta
1229 4256 1353 4321 qua
1386 4246 1645 4310 possidet,
1688 4252 1842 4316 quasi
1884 4252 1949 4307 ad
2006 4255 2110 4307 alia
2146 4257 2332 4323 prole-

756 4342 944 4385 cturus
976 4335 1226 4401 aspiciat,
1260 4346 1312 4388 et
1336 4337 1480 4403 quod
1506 4334 1619 4408 [ΑΙ.
1658 4344 1947 4417 quantum]
1974 4357 2155 4415 potest
2194 4352 2331 4406 bene

755 4423 919 4477 faciat
961 4426 1016 4478 in
1075 4427 1181 4479 vita
1206 4442 1303 4481 sua
1337 4447 1348 4481 :
1384 4444 1487 4483 nec
1535 4431 1735 4487 frustra
1782 4439 1851 4490 ob
1912 4445 2329 4509 congregandas

754 4527 885 4578 opes
937 4513 1359 4582 cogitationibus
1410 4529 1756 4588 torqueatur.
1819 4526 2006 4597 Neque
2053 4547 2111 4585 se
2175 4544 2328 4601 putet
2360 4532 2405 4590 D

754 4602 873 4667 plus
910 4602 974 4653 de
1010 4619 1110 4656 suo
1168 4606 1353 4659 labore
1411 4607 1609 4662 lucrari
1662 4628 1837 4678 posse,
1870 4634 2031 4683 quam
2063 4624 2242 4675 cibum
2270 4637 2326 4677 et

753 4699 958 4753 potum,
992 4699 1044 4743 ct
1068 4692 1111 4744 si
1145 4693 1272 4761 quid
1306 4694 1370 4746 de
1410 4696 1603 4763 opibus
1636 4699 1749 4751 suis
1796 4701 1849 4752 in
1875 4704 2032 4757 bonis
2063 4707 2324 4774 operibus

749 4782 1080 4844 expenderit,
1127 4784 1227 4834 hoc
1260 4785 1436 4837 solum
1492 4787 1695 4840 donum
1729 4789 1892 4860 413
1955 4795 2045 4848 Dei
2100 4809 2204 4851 est.
2242 4798 2320 4852 Ex

749 4873 971 4937 quibus,
1010 4890 1136 4936 non,
1168 4885 1224 4926 ut
1258 4877 1478 4944 quidam
1514 4882 1813 4943 aestimant,
1854 4887 1915 4936 ad
1950 4888 2228 4942 luxuriant
2264 4900 2316 4943 et

749 4960 991 5021 delicias.
1014 4974 1065 5015 et
1083 4964 1146 5016 ad
1174 4966 1633 5031 desperationem,
1659 4975 1955 5025 secundum
1983 4978 2110 5029 illud
2130 4979 2320 5033 lsaite:

747 5047 1132 5107 HlleUCL'UlU‘
1167 5067 1212 5108 et
1258 5057 1516 5123 bibamus,
1551 5076 1667 5114 cras
1695 5064 1832 5116 enim
1874 5072 2159 5121 moriemur
2185 5070 2321 5140 (Isa.

820 5228 836 5306 ξ
880 5226 1026 5279 idem
1079 5228 1310 5307 Palatia.
1367 5233 1631 5301 Comcdet,
1684 5248 1734 5293 et
1781 5242 1935 5307 bibet,
1996 5258 2043 5299 et
2081 5255 2321 5305 ostendet

743 5302 936 5349 animi:
963 5314 1065 5350 sua:
1092 5302 1301 5366 bonum,
1345 5316 1457 5359 etc.

820 5368 837 5447 ξ
870 5366 974 5447 l’io
1000 5370 1280 5447 iu_dolorr,
1318 5375 1593 5429 Palatinus
1623 5381 1779 5445 alter,
1808 5383 1862 5433 in
1896 5383 2238 5447 abstinentia.

813 5437 833 5467 ³
869 5437 1161 5523 licuit-ins,
1221 5460 1316 5509 pro
1362 5448 1577 5513 gaudio,
1627 5437 1811 5517 reponi
1865 5461 1973 5505 volt

741 5523 806 5560 cx
866 5507 1061 5595 glauco
1110 5507 1276 5574 textu,
1302 5507 1505 5595 in'quo
1533 5530 1643 5595 lest
1682 5507 1939 5587 ἧέλωτος,
1978 5507 2310 5595 ttiiiiﬂex'e-t-i',

740 5580 882 5666 quod
916 5586 979 5629 uc
1018 5584 1149 5643 risu,
1180 5601 1282 5636 non
1308 5586 1373 5637 de
1402 5580 1617 5666 gaudio,
1641 5580 1822 5643 suirnio
1856 5580 2187 5666 llieronyniii

736 5646 1027 5721 [ηιμ-[γεω
1064 5662 1252 5704 contra
1275 5646 1421 5705 mss:
1442 5646 1614 5710 liJeui'
1638 5646 2167 5721 imuiiiuiiidiiines‘l.

805 5717 833 5793 ξ
862 5713 1106 5793 Yaticaii.
1141 5733 1293 5789 atque
1321 5739 1617 5787 concreata,
1644 5732 1751 5781 fere
1774 5748 1821 5781 ut
1855 5713 2303 5793 Alcaiii—ijcrizata.

815 5787 836 5818 ⁵
866 5785 1009 5841 Ideni
1049 5785 1316 5856 Vaut-ain,
1358 5798 1435 5846 tatr-
1488 5785 1657 5849 rerttiit
1698 5802 1973 5867 qltltlllalt',
2005 5785 2305 5872 iiiir;i[,"&}3l

2438 1969 2527 2019 dat
2554 1966 2747 2017 bonum
2775 1967 2827 2017 in
2865 1966 3006 2017 omni
3054 1965 3235 2016 labore
3296 1980 3415 2016 suo.
3460 1965 3645 2019 Multae
3681 1967 3879 2034 quippe
3922 1967 4005 2018 tri-

2438 2055 2742 2108 bul.itioiies
2770 2067 3067 2120 iustorum.
3100 2053 3168 2107 Et
3189 2056 3256 2108 de
3286 2057 3368 2108 his
3400 2057 3703 2124 Apostolus
3736 2058 3998 2125 ιιυειὶιιη,

2437 2147 2489 2199 in
2529 2148 2710 2200 labore
2741 2158 2793 2200 et
2826 2149 3015 2200 dolore
3044 2147 3064 2176 ’
3098 2148 3328 2201 sudasse
3357 2162 3415 2201 se
3438 2148 3631 2203 dicens
3674 2148 3758 2216 (ΙΙ
3781 2151 3899 2202 Cor.
3926 2152 3999 2217 ii).

2436 2238 2537 2289 Sed
2572 2252 2695 2289 cum
2725 2239 2791 2288 de
2816 2238 2901 2290 his
2933 2252 3030 2290 nos
3067 2237 3118 2288 in
3148 2237 3330 2291 futuro
3362 2237 3632 2292 Dominus
3657 2243 3996 2293 ιιιιετίιγιιιιι;

2432 2322 2549 2375 Non
2611 2327 2708 2375 erit
2742 2322 2894 2376 labor
2915 2327 2967 2376 in
3019 2323 3208 2389 Iacob,
3248 2343 3413 2393 neque
3461 2329 3614 2380 dolor
3648 2334 3703 2382 in
3736 2328 3918 2382 Isiael.
3951 2331 4005 2382 Et

2434 2416 2714 2481 quomodo
2743 2416 2870 2469 illud
2898 2417 3135 2483 legimus
3171 2435 3187 2471 :
3218 2416 3373 2470 Beati
3396 2422 3607 2486 ﬂentes,
3651 2427 3897 2489 quoniam
3917 2424 4005 2489 ipsi

2436 2507 2672 2559 ridebunt
2695 2508 2843 2576 (Luc.
2888 2525 2961 2572 Vl,
2992 2511 3081 2578 21)
3112 2529 3124 2573 ;
3162 2521 3215 2565 et
3250 2512 3398 2565 risus
3425 2524 3615 2566 noster
3651 2514 3754 2567 Job
3791 2532 3852 2583 pr
3879 2534 4011 2581 pie-

2437 2603 2600 2653 tantis
2653 2602 2815 2654 verba
2877 2612 3233 2657 sectabitur:
3302 2603 3584 2658 Veracium
3638 2624 3696 2661 os
3737 2611 4008 2678 replcbuur

2432 2696 2625 2763 gaudio
2664 2693 2684 2723 ³
2741 2691 2861 2760 (Job
2921 2709 3039 2755 viii,
3100 2694 3226 2764 2|);
3282 2697 3363 2750 sic
3400 2714 3544 2751 nunc
3600 2700 3791 2754 labore
3832 2716 4006 2753 nostro

2434 2783 2672 2835 fruimur
2695 2786 2747 2836 in
2778 2785 2936 2838 bonis
2964 2787 3242 2851 operibus,
3276 2803 3370 2856 per
3394 2805 3559 2857 quem
3585 2805 4008 2860 coangustamur

2434 2885 2488 2930 et
2516 2876 2835 2943 premimur,
2873 2888 2932 2930 ut
2964 2890 3151 2947 postea
3188 2879 3441 2935 laborare
3466 2898 3774 2938 cessemus.

2513 3030 2531 3062 ι
2568 3011 2805 3078 Cognovi
2830 3013 2955 3080 quia
2988 3014 3171 3066 omnia
3194 3028 3317 3081 qua
3351 3014 3480 3068 fecit
3515 3015 3681 3079 Deus,
3708 3020 3827 3085 ipsa
3860 3036 3933 3071 er.
3958 3027 4010 3072 ut

2436 3101 2487 3152 in
2517 3109 2801 3163 internum,
2836 3115 2997 3165 super
3029 3100 3117 3152 illa
3158 3116 3262 3153 non
3299 3112 3477 3167 potest
3532 3107 3684 3167 adcli,
3725 3116 3780 3157 et
3814 3110 3881 3160 ab
3910 3109 4009 3160 iliis

2355 3205 2396 3259 ο
2433 3210 2537 3246 non
2575 3201 2753 3260 potest
2806 3192 3011 3244 auferri
3050 3211 3065 3255 ;
3096 3204 3149 3246 et
3177 3192 3320 3247 Deus
3354 3194 3505 3254 fecit.
3533 3209 3591 3247 ut
3626 3197 3855 3251 timeant
3883 3216 3909 3251 a
3935 3200 4005 3252 fa-

2434 3283 2516 3335 cie
2551 3283 2689 3351 ejus.
2731 3301 2749 3332 ι
2793 3281 2936 3333 N.li:l
2982 3293 3069 3335 est
3124 3284 3174 3333 in
3210 3284 3417 3337 mundo
3478 3288 3622 3351 quod
3665 3304 3869 3342 norunt
3924 3294 4004 3344 sit.

2434 3376 2575 3429 Solis
2606 3392 2825 3433 cursus.
2854 3385 2908 3428 et
2942 3376 3083 3429 lunae
3133 3377 3302 3432 vices.
3339 3386 3392 3428 et
3440 3385 3601 3431 terra:
3643 3387 4007 3451 arborumque

2434 3467 2674 3527 siccitas,
2700 3466 2784 3517 Vel
2811 3465 2976 3528 viror,
3011 3480 3135 3518 cuni
3157 3464 3276 3532 ipso
3300 3464 3507 3517 mundo
3536 3475 3663 3518 nata
3692 3480 3826 3521 sunt
3852 3482 4006 3538 atque

2433 3569 2692 3611 concreta
2723 3556 2771 3607 ’⁵.
2834 3554 2899 3607 Ει
2936 3555 3141 3608 idcirco
3174 3555 3315 3608 Deus
3373 3568 3530 3609 certa
3568 3560 3790 3611 ratione
3820 3572 4005 3612 cunila

2435 3650 2751 3703 moderatus
2778 3657 2880 3709 est,
2917 3656 2973 3701 et
3016 3645 3181 3714 jussit
3215 3648 3471 3702 humanis
3509 3652 3703 3705 usibus
3729 3654 3999 3707 elementa

2434 3743 2660 3803 servire,
2704 3748 2761 3791 ut
2785 3740 3036 3792 homines
3068 3740 3183 3792 haec
3219 3740 3467 3795 videntes
3493 3780 3508 3804 ,
3545 3744 3861 3812 intelligant
3894 3762 3950 3799 es
3980 3763 4005 3800 e

2434 3834 2836 3903 providentiam
2871 3828 2984 3901 [ΑΙ.
3015 3832 3411 3902 prudentiam],
3462 3842 3518 3886 ct
3548 3836 3781 3889 timeant
3812 3854 3841 3888 a
3878 3837 4007 3891 facie

2434 3921 2767 3983 Dci,duine1
2803 3933 2987 3973 rerum
3023 3923 3359 3989 aqualitate,
3395 3938 3585 3987 cursu,
3614 3931 4008 3996 ordiiie,atque

2434 4013 2745 4069 constantia
2770 4013 2790 4044 '
2815 4012 3125 4082 intelligunt
3162 4022 3490 4065 creatorem.
3523 4014 3693 4099 414
3716 4017 4007 4073 luciubilia

2432 4106 2574 4156 enim
2623 4100 2719 4154 Dei
2758 4100 2778 4131 ⁸
2801 4116 2894 4167 per
2911 4116 2972 4152 ea
3010 4115 3125 4167 quin
3157 4100 3305 4166 facta
3326 4109 3472 4165 sunt,
3503 4102 3776 4156 intellecta
3806 4108 4008 4170 Conspi-

2432 4197 2641 4248 ciuntur
2672 4209 2689 4247 :
2716 4194 3085 4259 sempiternam
3139 4208 3340 4261 quoque
3360 4194 3526 4245 virttis
3564 4210 3678 4262 qua
3711 4209 3762 4249 et
3817 4200 4005 4251 dita-iri

2434 4297 2515 4339 tas
2544 4286 2747 4357 (Rom.,
2774 4303 2788 4338 i
2824 4285 2935 4352 20).
2967 4285 3120 4350 Quod
3154 4287 3198 4339 si
3251 4285 3610 4349 voluerimus,
3640 4291 3816 4356 priori
3847 4306 4002 4343 sensu

2437 4382 2609 4444 linito,
2639 4381 2795 4446 quasi
2821 4392 2849 4429 a
2881 4378 3062 4445 capite
3104 4376 3283 4443 legere
3313 4393 3328 4429 :
3367 4376 3435 4428 Et
3486 4377 3627 4431 Deus
3660 4382 3810 4448 fecit,
3840 4394 3894 4434 ut
3943 4399 4005 4433 ti-

2432 4480 2607 4521 meant
2651 4488 2681 4520 a
2709 4470 2842 4539 facie
2872 4470 3007 4536 ejus,
3051 4470 3138 4522 hic
3169 4485 3369 4524 sensus
3400 4480 3520 4524 est:
3553 4470 3698 4527 Deus
3726 4488 3912 4527 omnia
3936 4478 4006 4527 le-

2432 4562 2526 4621 cit,
2555 4571 2613 4612 ut
2647 4570 2873 4611 timeant
2920 4560 3167 4613 homines
3194 4561 3265 4613 ab
3306 4576 3390 4623 eo,
3449 4565 3597 4628 quod
3647 4569 3821 4617 semel
3870 4565 4003 4618 θέε-5

2431 4652 2727 4721 disposuit,
2812 4652 2867 4703 in
2923 4652 3075 4704 aliud
3135 4653 3413 4705 declinare
3448 4654 3492 4705 '.
3552 4653 3795 4709 Pulchre
3828 4674 4001 4710 autem

2432 4744 2773 4810 temperavit,
2808 4742 2995 4795 dicens
3031 4760 3044 4794 :
3078 4740 3144 4795 Ut
3172 4746 3390 4797 timeant
3426 4762 3457 4797 α
3517 4747 3655 4815 facie
3685 4749 3801 4814 eius
3834 4752 3999 4819 (Paul.

2429 4851 2620 4897 nam,
2655 4836 2766 4904 l7).
2799 4834 2991 4889 Vultus
3047 4841 3250 4905 quippe
3284 4838 3495 4892 Domini
3534 4856 3702 4909 super
3741 4844 4000 4899 facientes

2430 4934 2589 4979 inuia.

2506 5083 2523 5115 ι
2558 5063 2699 5129 Quid
2735 5078 2817 5121 est
2856 5067 2998 5135 quod
3054 5066 3197 5121 fuit?
3237 5068 3415 5137 ipsum
3472 5071 3621 5139 quod
3656 5083 3741 5126 est
3778 5080 3834 5127 et
3887 5087 4001 5143 qua

2424 5248 2567 5326 diue,
2590 5248 2915 5326 aqiialitate,
2965 5260 3015 5303 et
3043 5255 3381 5319 constantia;
3410 5254 3499 5309 cui
3532 5270 3598 5309 ex
3635 5267 3793 5326 parte
3824 5261 4001 5313 conci-

2424 5320 2502 5371 tiit
2536 5320 2846 5375 Palatinus.
3374 5332 3377 5335 ’

2497 5390 2516 5418 ⁸
2546 5389 2839 5465 liivisi’bi‘liu
2875 5395 3014 5448 enim
3074 5392 3193 5447 Dei.
3248 5392 3602 5465 Manuscrip'i
3630 5396 3995 5456 COi-beiezi:='s

2422 5461 2511 5536 sic.
2541 5465 2722 5536 legunt
2750 5500 2766 5521 .
2810 5463 3118 5517 litciaibilia
3171 5466 3305 5517 enim
3336 5482 3367 5517 a
3404 5461 3656 5521 creatura
3709 5474 3887 5522 mund.
3916 5487 3995 5533 trt‘t‘

2420 5532 2624 5603 80:91“):
2679 5532 2820 5603 facta
2868 5545 2989 5587 sunt
3015 5537 3331 5603 .iittellecta
3361 5540 3785 5603 conspictnntnr.
3823 5542 3990 5592 Μιατ.

2490 5601 2668 5672 illum
2700 5602 2923 5657 Ei‘asnio
2949 5614 3001 5656 et
3025 5602 3270 5659 Victoria
3298 5605 3465 5660 Vatia.
3490 5601 3627 5672 ius”
3655 5608 3764 5662 Nec
3785 5612 3839 5662 in
3856 5610 3992 5662 al..til

2419 5670 2703 5722 declinare.

2491 5769 2559 5780 —
2590 5742 2650 5792 lit
2670 5743 2815 5794 aliud
2846 5744 3137 5796 declinare.
3173 5744 3332 5797 FiliM)
3358 5746 3499 5809 apud
3539 5747 3753 5801 Erasm.
3787 5760 3842 5804 et
3869 5748 3992 5803 llat-

2424 5814 2561 5864 tiau.
2603 5816 2850 5881 legimus,
2895 5814 3240 5879 Net‘inazind
3270 5817 3558 5870 declinare.
3588 5818 3858 5874 Manta.
