4210 6350
124 384 258 450 1εοῘῆ

126 595 250 647 dere
285 605 486 650 euntes
510 597 581 648 ael
622 598 946 651 Ecclesiam.
970 597 1080 649 Non
1102 598 1246 650 enim
1274 596 1480 665 ingredi
1500 599 1720 650 domum

128 685 243 748 Dei,
280 685 377 740 sed
403 688 531 740 sine
560 688 867 741 olfeusione
903 688 1149 753 ingredi,
1188 686 1369 739 laudis
1413 697 1519 741 est.
1580 689 1643 741 Et
1675 686 1721 740 si

127 789 268 833 esset
305 780 564 833 omnium
615 782 709 850 qui
745 789 874 835 sunt
920 781 973 834 in
1028 781 1270 836 Ecclesia
1308 780 1397 835 Dei
1440 781 1480 843 ⁸,
1528 780 1722 833 audire

130 885 464 933 sermonem,
489 887 776 942 nunquam
836 870 1160 933 addidisset,
1214 872 1604 940 appropinqua,
1665 880 1721 923 ιιι

135 963 325 1016 audias
362 962 573 1031 (Exod.
621 981 748 1018 uiv
778 1005 793 1028 ,
825 964 859 1017 Ξ
911 973 961 1017 et
1016 969 1207 1033 seqq.).
1239 965 1482 1033 Denique
1518 961 1725 1032 Moyses

134 1064 285 1109 solus
324 1071 501 1124 prope
554 1056 935 1110 accedebatad
959 1056 1289 1111 audiendum
1319 1052 1723 1110 Deuinzcazteri

135 1150 403 1202 accedere
438 1163 548 1200 non
582 1150 862 1203 valebant.
895 1148 1049 1215 Quod
1080 1150 1237 1205 stulti
1275 1149 1580 1203 nescientes
1635 1162 1725 1202 re-

136 1241 380 1294 medium
415 1255 542 1294 esse
576 1242 1104 1311 peeeati,aestimant
1128 1232 1403 1296 oblatione
1431 1257 1716 1296 munerum

134 1332 243 1385 Deo
279 1334 610 1389 satisfacere
642 1350 700 1389 se
736 1348 919 1403 posse.
951 1345 1005 1389 et
1048 1335 1303 1404 ignorant
1359 1336 1459 1389 hoc
1508 1351 1728 1405 quoque

136 1425 340 1479 malum
370 1441 501 1482 esse
527 1437 693 1496 atque
724 1440 1033 1497 peceatum,
1059 1443 1167 1482 non
1190 1428 1501 1483 obedientia
1530 1439 1585 1483 et
1603 1445 1729 1497 ope-

138 1519 292 1571 ribiis
326 1518 518 1580 bonis,
550 1519 644 1573 sed
677 1519 833 1573 donis
899 1528 953 1573 et
984 1519 1220 1573 victimis
1246 1519 1537 1574 emendare
1570 1521 1728 1584 velle.

136 1606 280 1673 quod
326 1605 585 1660 fecerint.
627 1605 765 1661 Huic
827 1608 1079 1677 congruit
1108 1608 1239 1662 illud
1273 1609 1417 1676 quod
1453 1609 1576 1661 alibi
1600 1608 1737 1664 dici-

139 1706 226 1748 tur
256 1713 271 1749 :
308 1696 689 1751 Obedientiam
718 1714 875 1766 super
908 1699 1231 1768 sacriﬁcium
1266 1699 1317 1768 (Ι
1350 1698 1475 1767 Reg.
1503 1716 1595 1766 xv,
1616 1700 1732 1767 2|).

140 1786 224 1841 Et:
246 1788 674 1841 Misericoriliam
687 1790 822 1855 uolo,
840 1804 890 1844 et
918 1806 1019 1844 non
1039 1791 1369 1859 sacri/icium
1391 1790 1545 1861 (Osee
1563 1809 1632 1856 ri,
1655 1792 1734 1861 6).

1065 396 1272 456 COMM
1289 396 1688 456 ENTARlUS
1723 398 1804 456 IN
1848 395 2431 456 ECCLESIASTEX.

128 504 350 555 malum.
386 519 406 555 ι
435 504 724 573 Ρηιεορβιδ
755 506 845 560 dat
872 506 1014 569 vitae,
1053 515 1237 559 etnon
1276 506 1393 558 vult
1424 521 1522 560 uos
1549 505 1716 559 olfen-
1749 514 1787 566 Α
1820 508 2092 561 somnium
2162 502 2687 573 comprehendimus
2721 540 2737 564 ,
2821 505 2964 571 quod
3032 515 3217 557 tenere

3275 397 3420 456 tios

3312 524 3416 560 "08

1836 598 2195 650 aestimaturus.
2230 595 2476 663 Cumque
2514 594 2669 662 plura
2701 593 2784 659 (ut
2824 594 2999 646 visum
3027 594 3188 648 nobis
3227 592 3418 660 fuerit)

1838 688 2159 751 dixerimus,
2193 689 2354 741 fiucm
2386 679 2772 755 disputationis
2802 696 3002 738 nostrae
3057 703 3179 741 esse
3238 687 3418 741 stulti-

1838 783 1990 836 tiam.
2029 782 2106 835 Ex
2142 780 2490 852 iniiltiloqiiio
2524 780 2669 834 enim
2706 794 2806 835 nos
2840 794 2949 834 non
3004 779 3245 849 effugere
3280 796 3415 850 pec-

1837 886 2042 931 catum.

1915 987 1933 1019 i
1978 970 2114 1024 Cum
2149 978 2331 1022 votum
2392 968 2589 1022 feceris
2624 967 2734 1019 Deo
2761 966 2808 1028 ³,
2842 982 2909 1019 ne
2935 966 3164 1021 moreris
3191 964 3418 1018 reddere

1839 1061 1996 1120 illud.
2026 1063 2153 1131 quia
2186 1076 2293 1113 non
2322 1069 2403 1112 est
2437 1060 2687 1112 voluntas
2708 1060 2763 1111 in
2808 1057 3220 1124 insipientibus.
3250 1057 3413 1122 Quae-

1839 1169 2056 1220 cunque
2084 1153 2298 1207 voveris
2325 1150 2369 1216 ⁵,
2404 1150 2589 1204 redde.
2626 1150 2821 1204 Melius
2882 1156 2967 1203 cst
3009 1163 3114 1202 non
3172 1164 3369 1204 vovere
3396 1188 3413 1212 ,

1841 1262 2004 1317 quam
2039 1261 2232 1301 vovere
2284 1252 2338 1298 ct
2397 1259 2508 1297 non
2566 1244 2815 1299 reddere.
2851 1262 2871 1295 ι
2924 1242 3163 1309 Simplex
3214 1245 3417 1298 intelli-

1843 1338 2022 1409 gentia
2058 1338 2513 1407 iuterpretatione
2545 1352 2650 1391 non
2686 1335 2909 1405 indiget.
2943 1333 3137 1389 Melius
3185 1348 3269 1388 est
3310 1352 3415 1386 nnu

1841 1432 2179 1502 promittere.
2204 1446 2365 1499 quam
2400 1431 2672 1500 promissa
2718 1444 2825 1483 non
2883 1429 3084 1488 facere.
3120 1429 3247 1497 quia
3311 1428 3421 1479 dis-

1844 1524 2081 1593 pliceant
2111 1523 2241 1587 Deo,
2278 1532 2333 1577 et
2364 1526 2503 1577 inter
2536 1523 2859 1593 insipientes
2891 1530 3298 1591 computentur.
3326 1522 3419 1589 qui

1843 1626 1965 1670 vota
1999 1632 2105 1671 non
2138 1618 2411 1686 expirant.
2441 1616 2592 1681 Quod
2621 1627 2803 1670 autem
2835 1616 2949 1669 ait:
2982 1616 3096 1668 Non
3132 1626 3207 1667 est
3236 1613 3421 1667 voluti-

1846 1721 1926 1765 tas
1983 1713 2036 1764 in
2086 1711 2479 1775 iiisipimiibus.
2517 1710 2860 1772 subauditur,
2921 1707 3038 1771 Dei,
3082 1709 3232 1775 jima
3288 1706 3420 1759 illud

1847 1804 2091 1871 Apostoli
2130 1802 2179 1873 (Ι
2217 1803 2341 1857 Cor.
2379 1819 2489 1867 ινι,
2522 1802 2614 1866 22)
2642 1817 2656 1852 ι
2688 1802 2754 1855 Et
2787 1804 2966 1869 utique
3014 1816 3117 1852 non
3169 1800 3270 1867 fuit
3328 1816 3423 1851 υθ-

217 1879 382 1950 (Cap.
422 1879 513 1949 ν).
549 1900 567 1931 ι
596 1880 712 1934 Noli
738 1880 996 1937 festinare
1027 1883 1079 1936 iii
1107 1899 1201 1937 ore
1240 1891 1355 1948 tuo,
1389 1895 1442 1938 et
1464 1900 1556 1939 cor
1583 1894 1736 1938 tuum

1845 1895 2045 1958 lunias,
2076 1908 2132 1949 ut
2158 1912 2294 1947 nunc
2324 1896 2550 1948 venirem
2584 1896 2651 1947 ad
2684 1910 2790 1947 eos.
2820 1894 2977 1957 Quod
3013 1894 3058 1945 si
3096 1894 3350 1945 volumus
3371 1902 3425 1943 et

142 1984 251 2023 non
288 1972 518 2026 festinet
542 1972 609 2026 ad
646 1973 1035 2041 proferendum
1065 1976 1289 2030 verbum
1321 1980 1341 2008 ²
1364 1978 1416 2029 in
1440 1987 1737 2049 conspectu

146 2062 262 2123 Dei.
306 2064 440 2132 quia
490 2068 709 2119 Deusiu
752 2066 915 2128 caelo.
948 2073 1003 2121 et
1032 2077 1089 2121 tu
1124 2083 1291 2137 super
1342 2076 1566 2126 terram.
1596 2070 1736 2125 Pro-

146 2165 265 2219 pter
298 2156 407 2210 hoc
429 2157 539 2209 sint
562 2159 726 2211 verba
755 2168 845 2211 tua
869 2174 1069 2226 pauca,
1093 2160 1222 2229 quia
1250 2160 1432 2215 veniet
1457 2162 1735 2217 somnium

147 2249 200 2300 in
258 2249 624 2303 multitudine
648 2250 1062 2314 sollicitudinis,
1096 2262 1149 2306 et
1176 2267 1279 2306 vox
1320 2254 1633 2323 insipientis
1682 2254 1735 2309 in

146 2342 616 2410 multiplicatione
643 2328 989 2400 sermonum.
1032 2362 1051 2396 ι
1109 2344 1362 2415 Plerique
1396 2348 1741 2402 arbitrantur

152 2434 255 2486 hoc
287 2436 345 2486 in
376 2434 633 2500 praesenti
662 2434 781 2488 loco
811 2437 1056 2505 pracipi,
1096 2451 1164 2491 ne
1197 2451 1380 2491 coram
1420 2437 1528 2492 Deo
1578 2439 1739 2494 facile

156 2524 372 2592 aliquid
408 2524 820 2592 promittamus,
854 2536 912 2580 et
938 2527 1055 2581 sine
1085 2528 1530 2584 consideratione
1575 2529 1737 2602 427

152 2617 359 2670 virium
394 2632 692 2672 roveamus
720 2633 784 2673 ea
830 2634 956 2688 qua:
983 2620 1204 2689 explere
1256 2635 1364 2676 non
1416 2637 1739 2692 possumus.

152 2709 366 2762 Adesse
402 2711 606 2779 quippe
652 2723 980 2776 praesentem
1040 2711 1234 2773 Deum.
1264 2724 1317 2767 et
1358 2714 1488 2767 licet
1540 2716 1630 2768 ille
1686 2718 1739 2771 in

154 2799 324 2863 crelo,
366 2814 465 2851 nos
500 2814 625 2854 esse
652 2801 933 2854 videamur
970 2803 1020 2854 in
1056 2812 1199 2855 terra
1232 2818 1248 2859 :
1297 2814 1477 2858 tamen
1525 2805 1739 2870 anilire,

155 2907 281 2958 quae
307 2890 606 2958 loquimur,
634 2904 688 2945 et
726 2893 1092 2958 insipientiam
1150 2903 1392 2948 nostram
1470 2898 1621 2964 argui
1676 2914 1743 2950 cx

156 2982 620 3052 multiplicatione
642 2998 985 3039 sermonum.
1022 2986 1127 3038 Alii
1165 3002 1291 3040 vero
1328 2986 1528 3041 melius
1582 2991 1743 3043 intel-

156 3074 415 3145 ligentes,
449 3076 553 3129 hoc
580 3076 799 3145 praecipi
827 3076 1119 3143 aﬂirmant,
1167 3094 1233 3133 ne
1285 3088 1376 3134 aut
1436 3086 1743 3153 loquentes,

156 3177 253 3221 aut
290 3172 594 3238 cogitantes
628 3168 748 3235 plus
778 3168 846 3224 de
881 3168 987 3222 Deo
1043 3186 1207 3234 quain
1251 3189 1580 3241 possumus,
1623 3177 1739 3243 Opi-

158 3276 396 3323 nemur;
440 3261 539 3315 sed
564 3261 803 3314 sciamus
827 3261 1256 3317 imbecillitatem
1286 3277 1551 3331 nostrain,
1576 3272 1761 3337 quod.

157 3361 432 3420 quantum
460 3351 628 3405 distat
657 3352 856 3407 cmlum
891 3369 921 3406 a
958 3365 1125 3417 terra,
1170 3365 1377 3409 tantum
1416 3370 1605 3413 nostra
1633 3364 1749 3429 opi-

157 3445 377 3498 natioa
437 3456 632 3498 natura
686 3446 834 3499 illius
884 3457 1211 3516 separetur:
1273 3460 1327 3502 et
1380 3450 1589 3505 idcirco
1634 3452 1743 3506 .dc-

159 3541 293 3595 bere
356 3541 519 3595 verba
585 3550 767 3593 nostra
827 3556 951 3594 esse
1006 3542 1311 3596 moderata.
1375 3546 1529 3598 Sicut
1596 3546 1741 3599 enim

159 3637 253 3702 qui
318 3634 373 3686 in
447 3634 632 3686 multis
700 3633 1127 3699 cogitationibus
1187 3645 1311 3698 est,
1381 3651 1444 3691 ea
1510 3638 1745 3691 somniat

161 3732 530 3796 frequenter.
597 3729 663 3782 de
712 3729 915 3797 quibus
970 3731 1217 3798 cOgitat:
1271 3732 1345 3783 ita
1413 3730 1506 3799 qui
1591 3734 1745 3799 plura

161 3822 398 3875 voluerit
436 3821 506 3874 de
555 3820 839 3874 divinitate
881 3820 1179 3882 disserere.
1216 3822 1408 3875 incidit
1467 3823 1521 3874 iii
1559 3822 1744 3876 stulti-

162 3918 316 3967 tiam.
358 3913 455 3967 Vel
492 3922 636 3967 certe
662 3915 737 3966 sic
767 3930 780 3964 :
812 3912 989 3967 Verba
1025 3921 1209 3966 nostra
1246 3928 1415 3980 pauca
1455 3914 1577 3965 ideo
1620 3929 1743 3967 esse

161 4008 385 4069 debere,
416 4007 557 4073 quod
589 4008 750 4059 etiam
783 4021 845 4058 ea
890 4020 1011 4072 qua:
1042 4019 1207 4058 nosse
1258 4018 1355 4057 nos
1386 4002 1745 4065 arbitramur,

162 4115 260 4169 per
307 4099 589 4168 speculum
644 4098 891 4152 ridemus
929 4108 983 4152 et
1028 4098 1085 4150 in
1136 4097 1444 4167 aenigmate,
1505 4105 1559 4149 et
1602 4096 1747 4149 velut

161 4310 487 4356 contextum
511 4300 835 4352 subvertant
864 4308 1070 4353 veteres
1086 4299 1378 4361 editiones,
1409 4299 1497 4352 tibi
1526 4314 1745 4353 contra-

168 4376 245 4423 rio
267 4384 433 4421 sensu
476 4368 706 4437 legimus
742 4386 757 4421 :
795 4368 965 4436 Super
987 4375 1184 4421 donum
1219 4372 1357 4420 enim
1381 4371 1745 4435 insipientium

163 4440 496 4505 sacriﬁcium
528 4450 676 4490 iitum
702 4453 721 4491 :
749 4440 896 4501 quia,
934 4448 1039 4492 etc.
1082 4440 1353 4493 Munus.

237 4512 518 4563 ‘ltursuni
558 4510 716 4560 iidem
744 4524 901 4569 niss.,
932 4508 1065 4561 Etsi
1095 4521 1223 4561 esset
1247 4510 1479 4561 omnium
1504 4509 1742 4576 o/fensio,

1844 1990 2117 2044 curiosius
2153 1989 2357 2057 aliquid
2385 1989 2593 2048 dicere.
2631 1987 2947 2056 priecipitur
2977 1985 3316 2047 Christiano,
3362 1994 3422 2036 iit

1844 2082 2001 2136 fidem
2034 2096 2198 2150 opere
2237 2081 2531 2147 compleat,
2558 2093 2741 2133 etnon
2779 2080 2850 2133 sit
2874 2078 3073 2132 similis
3104 2075 3422 2131 .liidicoruiu

1844 2176 1936 2245 qui
1970 2178 2305 2243 spondentes
2329 2183 2493 2242 atque
2520 2174 2767 2227 dicentes
2796 2189 2811 2225 :
2851 2171 3047 2226 Omnia
3104 2185 3424 2239 quaecunque

1845 2267 2107 2322 Dominus
2144 2266 2412 2336 prircepit,
2442 2266 2699 2333 faciemus
2728 2263 2928 2334 (Exod.
2965 2280 3118 2327 niv,
3158 2264 3237 2329 5),
3290 2262 3424 2315 ado-

1845 2369 2111 2416 raveruut
2151 2359 2314 2412 idola.
2346 2357 2413 2411 Et
2448 2366 2571 2428 post
2599 2361 2918 2412 verberatos
2952 2372 3168 2419 servos.
3196 2368 3251 2409 et
3282 2355 3426 2423 lapi-

1843 2457 2005 2512 dibus
2064 2469 2375 2523 Oppressus,
2441 2452 2739 2507 noviSsime
2807 2452 2983 2520 ipsum
3032 2465 3251 2520 quoque
3309 2465 3424 2517 'pa-

1846 2545 2182 2601 trisfamilias
2215 2545 2387 2598 filium
2443 2542 2877 2597 trucidaverunt.
2928 2540 3124 2595 Melius
3179 2549 3263 2594 est
3295 2555 3425 2607 ergo

1846 2638 2140 2707 ancipitem
2175 2636 2263 2689 diu
2293 2635 2491 2687 librare
2526 2634 2853 2687 sententiain
2887 2632 2929 2697 ',
2955 2647 3119 2701 quam
3156 2637 3207 2684 in
3246 2632 3427 2685 verbis

1847 2732 2087 2795 facilem,
2108 2731 2161 2782 in
2196 2729 2362 2799 428
2386 2743 2550 2797 opere
2580 2743 2703 2781 esse
2730 2725 3024 2780 dillicilem.
3050 2725 3255 2779 Servus
3278 2725 3424 2777 enim

1847 2826 1938 2892 qui
1968 2825 2072 2878 scit
2094 2822 2427 2875 voluntatem
2468 2819 2681 2873 Domini
2705 2820 2785 2873 sui
2807 2858 2822 2879 .
2856 2828 2910 2874 et
2953 2834 3058 2872 nou
3089 2817 3254 2871 faciat
3278 2832 3424 2886 eam,

1848 2914 2124 2983 Vapulabit
2154 2914 2333 2965 multis
2372 2912 2392 2942 ⁸
2428 2912 2590 2981 (an.
2619 2928 2717 2972 ιιι,
2748 2909 2860 2978 47).

1925 3025 1944 3054 ι
1976 3005 2090 3058 Non
2111 3006 2207 3060 des
2236 3022 2299 3059 os
2332 3014 2511 3069 tuum,
2568 3012 2629 3057 ut
2684 3016 2913 3072 peccare
2952 3000 3121 3056 facias
3156 3002 3175 3031 "
3206 3016 3425 3055 carnem

1850 3108 2025 3154 tuam.
2054 3098 2115 3151 Et
2147 3113 2213 3151 ne
2241 3097 2447 3151 dixeris
2482 3096 2533 3149 in
2564 3105 2862 3163 conspectu
2893 3093 3091 3162 angeli,
3112 3093 3237 3162 quia
3269 3096 3425 3161 igno.

1853 3191 2028 3242 rainiia
2064 3198 2183 3250 est;
2214 3202 2281 3240 ne
2321 3188 2593 3240 irascatur
2646 3186 2789 3240 Deus
2828 3202 2996 3253 super
3026 3201 3215 3238 vocem
3254 3195 3425 3245 tuam,

1853 3294 1905 3333 i‘t
1938 3278 2220 3347 disticrdat
2279 3292 2442 3342 opera
2498 3292 2759 3329 manuum
2812 3284 3055 3331 tuarum.
3091 3293 3110 3325 ι
3170 3273 3428 3329 Hebraeus

1847 3368 1919 3423 ita
1954 3370 2126 3422 sensit
2158 3385 2171 3420 :
2200 3368 2351 3432 Quod
2398 3384 2504 3420 non
2540 3379 2695 3437 potes
2728 3366 2934 3433 facere,
2994 3381 3061 3419 ne
3120 3367 3427 3434 promittas.

1848 3462 1967 3517 Non
2019 3462 2161 3515 enim
2216 3461 2269 3513 in
2317 3469 2542 3513 ventum
2590 3451 2734 3513 dicta
2771 3467 3075 3520 transeunt,
3108 3458 3202 3511 sed
3238 3472 3266 3510 a
3293 3473 3431 3527 put--

1848 3554 1989 3606 senti
2031 3553 2245 3620 angelo,
2287 3552 2381 3620 qui
2420 3550 2719 3619 unicuique
2774 3549 3021 3603 adhaeret
3070 3565 3278 3611 comes,
3319 3558 3428 3600 Slu-

1853 3648 1947 3700 tiiii
2011 3650 2363 3715 perferuntur
2396 3643 2461 3695 ad
2522 3643 2841 3696 Dominum.
2890 3642 2957 3695 Et
3004 3653 3062 3696 tu
3123 3644 3215 3711 qui
3268 3653 3429 3712 putas

1853 3734 2111 3800 ignorare
2140 3733 2331 3793 Deum,
2368 3731 2510 3799 quod
2546 3732 2820 3799 pollicitus
2847 3746 2927 3795 es,
2986 3747 3250 3799 provocas
3302 3749 3426 3785 eum

1848 3825 1916 3877 ad
1941 3820 2307 3883 iracundiam,
2357 3830 2415 3873 iit
2459 3820 2641 3873 omnia
2689 3835 2855 3889 opera
2914 3830 3003 3873 tua
3063 3821 3423 3887 dissipentur.

1852 3914 1960 3966 Sed
1994 3913 2046 3965 in
2082 3927 2146 3965 eo
2176 3910 2320 3980 quod
2357 3912 2471 3965 ait:
2512 3909 2574 3963 Ut
2626 3926 2730 3963 non
2772 3926 2987 3978 peccare
3027 3911 3192 3977 facias
3220 3929 3429 3965 carnem

1853 4017 2024 4068 tuam.
2095 4021 2195 4056 non
2277 4004 2567 4070 diligenter
2615 4004 2954 4067 eventilans,
3010 4003 3083 4055 ita
3135 4004 3426 4065 intellexit,

1850 4095 2004 4164 quasi
2030 4092 2279 4155 dixisset,
2328 4092 2446 4146 Non
2470 4093 2568 4147 des
2590 4108 2653 4146 os
2682 4100 2861 4156 tuum,
2904 4104 2961 4145 ut
3014 4109 3122 4148 non
3156 4110 3350 4163 pecces
3385 4096 3429 4150 ⁸.

1919 4297 1940 4327 ⁸
1968 4297 2085 4349 Non
2114 4296 2204 4348 des
2234 4312 2288 4347 os
2321 4306 2489 4354 iitum,
2518 4304 2571 4346 ut
2610 4311 2710 4348 non
2768 4311 2965 4362 pecces.
3015 4295 3111 4350 llic
3163 4298 3314 4351 locus
3361 4317 3425 4354 ex

1851 4367 2098 4421 absentia
2124 4367 2405 4434 particula:
2442 4369 2688 4433 iii-guinis
2748 4384 2853 4419 non
2894 4376 3074 4433 pniest
3107 4369 3328 4436 intelligi
3375 4374 3426 4426 iii

1852 4450 2013 4491 antea
2048 4438 2208 4488 editis
2253 4437 2438 4488 libris:
2477 4452 2653 4500 neque
2688 4452 2817 4489 vero
2854 4440 3032 4490 dicere
3082 4440 3253 4504 pontii
3307 4440 3431 4495 llie~

1852 4524 1972 4561 ron.
2012 4506 2302 4559 llcbrzenm
2338 4519 2495 4557 suum
2528 4516 2917 4573 pra'cepiurem
2986 4522 3091 4559 non
3143 4509 3433 4576 diligenter

162 4584 250 4649 qui
301 4591 426 4633 sunt
468 4580 521 4629 in
559 4577 817 4639 Ecclesia.
851 4589 958 4631 etc.
989 4578 1159 4633 Penes
1214 4581 1460 4638 Alcuiu.,
1494 4570 1559 4629 Si
1607 4570 1740 4631 esset
1780 4570 1822 4623 Β
1851 4578 2180 4649 eveiitilasse
2210 4578 2354 4643 quod
2380 4570 2601 4649 dicitur,
2630 4578 2673 4649 si
2709 4570 2778 4628 ita
2819 4576 3086 4629 intellexit
3138 4570 3294 4644 quasi
3329 4580 3430 4634 Εε-

164 4667 403 4704 omnium
435 4651 621 4701 audire
662 4664 971 4711 sermonem,
1005 4659 1053 4702 et
1083 4651 1257 4701 divina
1305 4650 1572 4716 mysteria.
1607 4666 1741 4700 min-

165 4738 345 4785 quam,
384 4730 497 4771 etc.

235 4796 254 4822 ’
284 4790 537 4843 ltestitiio
569 4805 629 4840 ex
652 4788 827 4841 Vatic.
860 4801 913 4842 et
962 4787 1189 4840 Palatio.
1229 4788 1423 4848 altero.
1460 4792 1528 4839 ad
1566 4790 1743 4857 profc-

166 4863 386 4912 rendnm
416 4874 731 4916 sermonem.
757 4870 887 4917 etc.,
913 4860 1368 4926 quemadmodum
1396 4871 1447 4911 et
1478 4862 1590 4926 ipse
1622 4860 1744 4913 llic-

170 4944 435 5000 ronyiniis
479 4932 531 4979 in
562 4944 657 4980 sua
713 4928 1169 4997 interpretatione
1211 4932 1370 4981 vertit
1420 4943 1481 4980 ex
1520 4930 1745 4982 llebru-o

166 5007 389 5082 war-.15.
433 5020 779 5073 Martianmiis
816 5035 944 5073 vero
992 5019 1059 5070 ad
1114 5019 1503 5088 perferendum.
1540 5030 1599 5073 ιη
1666 5022 1743 5074 ἦ,

166 5103 322 5146 detur
355 5106 421 5143 ex
457 5092 647 5142 Gruter)
685 5092 778 5140 τοῦ
816 5092 1101 5157 ἐξενέγκαι
1134 5091 1361 5156 legerat.

233 5165 254 5194 ³
286 5162 423 5215 Cum
456 5169 633 5211 votum
668 5159 849 5225 feceris
886 5160 1012 5212 Deo.
1049 5158 1107 5211 In
1168 5160 1351 5219 editis,
1395 5175 1514 5211 cum
1567 5167 1743 5213 solum

167 5236 381 5286 t‘oi'i'ris.
425 5229 533 5281 Sed
570 5242 757 5291 parum
798 5230 1041 5285 interest.
1072 5243 1171 5281 nec
1208 5239 1290 5281 est
1318 5228 1425 5281 ulla
1477 5246 1528 5280 in
1579 5246 1742 5284 sensu

168 5304 423 5356 mutatio.
460 5298 723 5350 Maurus.

235 5376 258 5402 ⁵
283 5372 636 5423 Mariiauaius
690 5376 850 5436 atque
885 5368 973 5421 alii
1009 5368 1165 5427 eiliti,
1196 5379 1370 5421 volunt
1407 5372 1563 5421 cavis.

238 5443 257 5472 '
289 5441 591 5506 Ancipitem
620 5440 713 5490 diu
749 5440 959 5501 librare,
986 5448 1091 5492 etc.
1117 5436 1289 5490 Antea
1324 5439 1623 5506 legebatur,
1650 5456 1746 5491 ait-

170 5516 381 5581 cipitem
407 5512 498 5559 ιιιιι
524 5512 816 5581 deliberare
845 5510 1182 5581 sententiam.
1220 5508 1488 5562 ΜΑιιτιΑΝ.

243 5586 261 5612 ‘
316 5582 477 5636 Unus
524 5578 694 5635 Vatic.
751 5583 813 5632 Et
864 5596 969 5631 non
1026 5579 1191 5645 fecit,
1242 5582 1512 5647 vapulabit
1568 5584 1744 5651 plagis

173 5654 372 5705 titullis.

241 5725 258 5752 ⁷
292 5727 408 5775 [tuo
478 5720 707 5773 Palatini
768 5728 819 5771 ct
856 5718 1129 5783 V:iiican.,
1188 5720 1250 5774 lit
1292 5736 1505 5786 peccare
1553 5723 1743 5789 faciat.

172 5796 257 5845 luc
289 5805 454 5859 atque
492 5793 662 5844 iulia:
701 5801 748 5843 ct
780 5793 938 5860 paulo
969 5803 1111 5861 post,
1139 5790 1205 5843 Et
1237 5808 1297 5843 ne
1316 5792 1551 5859 dissipct,
1580 5812 1672 5860 pro
1700 5804 1746 5844 ei

168 5872 452 5933 ιλιι-[νεῖμαι.

1848 4647 2130 4699 clesiaSies
2160 4649 2420 4697 dixisset:
2460 4642 2583 4697 Non
2606 4646 2696 4698 des
2721 4663 2775 4697 os
2800 4658 2945 4697 tuum
2976 4656 3029 4697 ιιι
3073 4642 3269 4711 pecces.
3294 4651 3429 4705 i\'ani

1850 4718 1990 4769 idem
2017 4726 2121 4776 est,
2178 4724 2233 4765 ιιι
2266 4730 2463 4779 pecces.
2517 4731 2579 4765 ac
2637 4727 2693 4767 ut
2738 4732 2951 4780 peccare
2984 4720 3154 4784 facins
3218 4734 3430 4773 carnem

1852 4798 2019 4838 luant.
2054 4785 2109 4837 ln
2135 4800 2198 4838 eo
2225 4787 2388 4853 igitur
2416 4786 2629 4854 illllllOl‘i
2683 4788 2964 4854 diligentia
2992 4799 3307 4841 contextum
3338 4810 3429 4844 su-

1850 4873 2003 4907 cruiu
2049 4855 2366 4909 eventiluvit
2413 4853 2695 4915 Hebraeus.
2744 4853 2886 4925 quod
2936 4861 3208 4925 putaverit
3263 4866 3427 4928 parii-

1849 4948 2032 5002 culam
2060 4948 2363 5021 negativam
2389 4932 2464 5021 13‘)
2499 4949 2597 5021 lo,
2646 4950 2696 5002 id
2758 4959 2862 5014 est,
2914 4967 3015 5003 non
3041 4992 3057 5015 ,
3106 4968 3423 5021 express:iiu

1851 5034 1993 5079 esse,
2021 5019 2105 5070 vel
2154 5019 2665 5083 suliintclligendam
2725 5020 2776 5070 iii
2839 5023 2943 5074 line
3016 5019 3269 5082 loemui
3321 5040 3425 5077 non

1848 5104 2044 5151 pecces.
2070 5090 2198 5151 Qua:
2232 5088 2390 5140 lectio
2422 5090 2949 5160 optimcrcspoudet
2986 5095 3424 5160 interpretationi

1850 5162 2119 5228 superiori
2148 5160 2391 5225 ejusdem
2440 5157 2663 5229 llebrmi
2693 5159 2947 5221 dicentis,
2988 5157 3145 5223 Quod
3196 5180 3294 5215 non
3328 5180 3429 5229 po—

1855 5226 1930 5281 tes
1954 5230 2145 5293 facere,
2179 5244 2244 5280 ne
2285 5230 2586 5294 promittas.
2621 5226 2735 5281 Hoc
2769 5241 2851 5281 cst
2910 5235 3052 5282 enim
3103 5226 3425 5297 iliccrcpNo

1851 5306 1946 5353 des
1983 5314 2044 5349 os
2076 5307 2229 5349 tuum
2260 5306 2323 5348 ait
2359 5300 2630 5363 promissa
2663 5310 2866 5350 temere
2895 5300 3166 5365 facienda,
3189 5312 3247 5354 ut
3273 5305 3421 5371 quod

1854 5376 2139 5434 noripotes
2185 5381 2495 5441 promittas,
2547 5378 2709 5441 atque
2745 5384 2934 5435 pecces
2986 5387 3093 5423 non
3149 5376 3425 5441 implendo

1851 5456 1971 5507 quo:
2001 5440 2322 5504 promisisti.
2375 5438 2645 5506 Legamus
2676 5438 2859 5505 itaque
2886 5458 3006 5492 cum
3054 5458 3180 5496 mss.
3216 5438 3419 5497 coinci—

1854 5514 1972 5569 lius,
2000 5516 2055 5558 ut
2090 5523 2192 5559 non
2222 5523 2395 5572 pecces
2423 5525 2437 5569 ;
2476 5512 2599 5576 quia
2649 5509 2753 5563 hoc
2785 5514 2944 5564 modo
2971 5528 3163 5567 sensus
3211 5512 3423 5570 “ultrici

1854 5580 2098 5648 liquidus
2132 5592 2376 5646 apparet.
2403 5580 2668 5634 Murrum.

1925 5679 1990 5688 -
2022 5648 2300 5721 Hactenus
2354 5653 2633 5703 contrario
2708 5653 3055 5721 absurdoque
3095 5669 3257 5707 sensu
3294 5656 3422 5707 alis-

1854 5737 1961 5789 que
2021 5720 2251 5787 iii-gandi
2280 5722 2543 5785 particula
2592 5722 2852 5786 obtinuit,
2885 5733 2939 5774 ut
2970 5720 3186 5790 peccare
3234 5727 3428 5790 facias.

1856 5796 2083 5843 tioiistut
2122 5806 2249 5840 veto
2305 5806 2357 5840 iii
2412 5792 2510 5842 bne
2555 5800 2703 5844 textu
2771 5795 3051 5847 ΗιΞΙπευιιιιι
3118 5796 3425 5862 lln-nmymi

1860 5874 2241 5924 prmueptorein
2262 5876 2383 5922 non,
2418 5877 2588 5919 insani
2614 5881 2696 5919 ttat
2715 5869 2956 5927 ticulaiii,
2985 5866 3263 5927 diliqriitu‘
3281 5883 3401 5920 Lt‘Ut
3426 5895 3430 5901 -
