4210 6350
810 355 946 413 1107

2016 366 2073 425 S.
2126 368 2438 428 EUSEBll
2477 369 2910 433 HIERONYMI

3916 371 4043 434 1103

800 467 969 521 Nobis
998 483 1123 520 vero
1154 471 1292 524 alter
1323 486 1519 528 sensus
1538 474 1773 538 videtur,
1798 477 1945 546 quod
1977 491 2272 549 arguantur
2298 482 2374 541 lii,
2408 490 2449 543 Α
2484 486 2700 550 negotio
2726 501 2741 540 τ
2775 487 2901 554 quia
2931 486 3183 539 excelsus
3216 501 3379 554 super
3406 487 3687 541 excelsum
3726 486 3974 545 custodit,
4005 489 4053 534 el

799 560 891 627 qui
925 558 995 611 de
1022 559 1155 613 vitio
1181 564 1363 617 carnis
1394 577 1699 633 queruntur
1733 568 1748 599 ⁸
1780 576 1834 623 et
1887 570 2063 635 aiunt,
2091 586 2149 625 se
2178 588 2377 641 corpo-

803 666 880 703 ris
909 654 1236 708 necessitate
1271 658 1586 723 compulsos
1634 674 1698 713 ea
1755 660 1949 722 facere.
2005 677 2126 731 qua:
2181 665 2378 731 nolint,

799 744 1249 801 secundumillud
1281 750 1523 818 Apostoli
1556 749 1729 821 (Rom.
1757 770 1849 815 vn,
1885 754 2013 820 l5):
2060 754 2183 809 Non
2215 760 2379 823 enim,

798 844 939 905 quod
967 840 1107 903 nolo,
1134 841 1229 895 hoc
1254 859 1373 911 ago.
1408 845 1500 898 sed
1544 846 1682 915 quod
1728 846 1868 911 nolo,
1900 857 1956 903 et
2012 860 2231 906 caetera.
2262 851 2378 906 Noli

799 932 1010 1002 itaque.
1042 934 1138 999 ait,
1193 950 1364 991 vanas
1423 940 1805 994 excusationes
1841 956 2109 1007 miserere.
2162 954 2217 999 et
2250 944 2382 1000 dare

795 1025 1137 1081 occasionem
1168 1029 1319 1083 carni
1350 1038 1457 1085 tute
1502 1030 1569 1083 ad
1616 1036 1954 1100 peccandum
1982 1076 1999 1099 .
2050 1046 2106 1092 et
2131 1037 2314 1091 dicere
2361 1054 2376 1092 :

800 1110 919 1165 Non
942 1128 1044 1181 ego
1079 1130 1273 1186 pecco.
1322 1121 1416 1174 sed
1472 1122 1617 1189 quod
1680 1122 1889 1180 habitat
1944 1128 1999 1180 iu
2055 1140 2221 1182 carne
2260 1144 2379 1184 mea

800 1214 1109 1271 peccatum.
1144 1209 1386 1278 Denique
1426 1212 1480 1265 in
1534 1229 1601 1268 eo
1632 1214 1755 1271 loco
1793 1218 1883 1271 tibi
1917 1219 2037 1275 ait:
2073 1217 2155 1272 Ne
2182 1222 2384 1276 dixeris

799 1312 981 1351 coram
1016 1303 1223 1370 angelo,
1258 1307 1385 1371 quia
1440 1306 1743 1376 ignorantia
1784 1318 1863 1361 est
1891 1350 1906 1373 ,
1964 1311 2163 1380 Aquila
2218 1314 2389 1368 inter-

799 1399 1027 1453 pretans,
1046 1394 1269 1447 verbum
1320 1396 1646 1452 Hebraicum
1663 1414 1884 1461 SEGACA.
1901 1416 1999 1472 pro
2012 1404 2317 1474 ignorantia
2339 1408 2383 1470 ‘,

798 1484 1064 1537 ἀκούσιον
1099 1489 1412 1555 transtulit,
1463 1492 1513 1544 id
1570 1502 1674 1556 est,
1730 1511 1831 1547 non
1894 1507 2262 1563 spontaneum.
2325 1502 2383 1555 Si

797 1575 965 1638 enim,
1002 1576 1197 1646 inquit,
1252 1580 1358 1635 hoc
1392 1583 1617 1647 dixeris,
1676 1586 1848 1641 Deum
1903 1604 2169 1657 provocas
2226 1594 2383 1661 quasi

798 1677 1081 1724 auctorem
1111 1673 1237 1726 mali
1270 1684 1433 1744 atque
1457 1679 1688 1746 peccati,
1735 1690 1792 1734 ut
1821 1682 2015 1745 iratus,
2047 1683 2092 1735 si
2138 1686 2268 1753 quid
2301 1688 2385 1739 vi-

798 1756 953 1813 deris
986 1760 1114 1815 boni
1166 1763 1389 1827 habere.
1438 1767 1655 1822 auferat
1701 1769 1768 1823 de
1819 1771 2078 1825 manibus
2135 1773 2266 1827 tuis.
2294 1773 2387 1828 Vel

801 1861 952 1905 certe
973 1853 1100 1906 talia
1136 1856 1485 1923 sentientem,
1514 1864 1694 1913 tradat
1727 1860 1779 1911 in
1808 1863 2107 1930 reprobum
2131 1879 2377 1926 sensum.
2411 1851 2459 1911 Β

806 1954 867 1997 ιιι
902 1944 1072 2001 facias
1108 1962 1170 2001 ea
1199 1966 1321 2017 qua:
1356 1966 1461 2006 non
1490 1955 1847 2008 conveniunt.

878 2053 900 2089 ι
936 2037 1074 2103 Quia
1102 2042 1155 2094 in
1191 2044 1539 2099 tnultitudinn
1589 2048 1929 2103 somniorum
1982 2061 2035 2104 et
2090 2051 2385 2113 vanitates,

802 2140 856 2184 et
879 2131 1047 2186 verba
1080 2134 1339 2201 plurima.
1377 2136 1482 2192 Sed
1520 2140 1687 2194 Deum
1724 2142 1904 2196 time.»
1938 2143 1999 2197 Et
2032 2144 2175 2197 hunc
2209 2145 2385 2198 locum

805 2225 881 2275 ita
941 2222 1147 2279 Hebraei
1206 2228 1543 2287 edissernnt.
1586 2231 1697 2287 Nec
1748 2235 2030 2301 superiora
2088 2237 2279 2296 facias.
2322 2239 2390 2293 de

806 2316 1008 2383 quibus
1043 2318 1153 2387 iam
1184 2310 1388 2376 dictum
1452 2334 1553 2388 est,
1581 2342 1647 2380 no
1681 2326 1842 2383 facile
1903 2330 2136 2384 somniis
2166 2333 2381 2387 credas.

812 2408 955 2463 Cum
981 2412 1126 2465 enim
1153 2414 1370 2469 diversa
1408 2418 1608 2474 videris
1641 2436 1736 2488 per
1762 2432 2089 2477 nocturnam
2123 2426 2387 2493 quietem,

811 2511 867 2554 et
895 2503 1063 2557 variis
1096 2506 1277 2560 anima
1335 2508 1499 2564 fuerit
1556 2514 1830 2583 exagitata
1895 2519 2221 2577 terroribus.
2277 2520 2390 2572 sive

805 2593 1031 2648 incitata
1086 2599 1396 2667 promissis,
1454 2612 1509 2657 tu
1533 2620 1595 2658 ea
1643 2618 1978 2673 contemne,
2026 2626 2147 2679 quae
2188 2612 2389 2667 somnii

806 2696 958 2746 sunt.
1012 2690 1079 2745 Et
1117 2694 1290 2748 solum
1323 2693 1488 2750 Deum
1524 2699 1677 2754 time.
1699 2701 1865 2772 429
1905 2702 2007 2769 Qui
2056 2706 2202 2759 enim
2236 2722 2389 2760 som-

808 2778 917 2832 niis
984 2783 1301 2846 crediderit,
1344 2789 1681 2846 vanitatibus
1717 2808 1777 2847 se
1830 2803 1887 2847 et
1935 2794 2159 2865 ineptiis
2194 2804 2389 2853 tradet.

808 2869 1010 2925 Aliter:
1048 2871 1184 2939 Quia
1244 2878 1357 2931 dixi
1410 2890 1575 2949 atque
1628 2886 1899 2954 praecepi:
1946 2906 1965 2939 ι
2008 2887 2127 2942 Non
2182 2892 2277 2944 des
2331 2907 2391 2943 os

810 2971 991 3027 tuum,
1021 2976 1081 3021 ut
1106 2982 1335 3037 peccare
1360 2971 1529 3030 facias
1554 2991 1771 3031 carnem
1820 2987 1967 3033 tuam
1989 3021 2005 3046 ,
2042 3000 2061 3034 ι
2101 2994 2155 3036 et
2178 3000 2392 3052 quaeras

806 3060 992 3113 varias
1024 3065 1446 3121 excusationes:
1480 3071 1582 3123 hoc
1615 3087 1765 3124 nunc
1796 3072 1993 3137 infero,
2038 3078 2297 3143 quoniam
2335 3080 2390 3133 iu

808 3167 1005 3205 somno
1032 3154 1156 3209 vitae
1188 3155 1372 3221 istius,
1404 3169 1457 3211 et
1490 3161 1541 3213 in
1592 3162 1829 3230 imagine
1886 3167 2093 3221 umbra
2132 3170 2294 3222 nuhis
2329 3171 2350 3200 '
2374 3211 2388 3234 ,

813 3259 924 3311 qua
956 3245 1219 3310 vivimus.
1261 3250 1428 3305 multa
1467 3269 1763 3321 possumus
1799 3256 2068 3325 invenire,
2132 3276 2253 3330 quae
2300 3279 2394 3315 no-

817 3336 904 3390 bis
929 3339 1251 3394 verisimilia
1278 3342 1599 3409 videantur,
1644 3356 1698 3400 et
1735 3359 1920 3403 nostra
1955 3364 2215 3407 excusare
2270 3371 2394 3423 pec-

811 3435 957 3480 cata.
994 3428 1286 3500 Propterea
1321 3435 1609 3501 admoneo,
1660 3447 1719 3491 nt
1767 3439 1819 3492 id
1856 3441 2031 3495 solum
2062 3458 2279 3511 caveas,
2328 3463 2396 3501 ne

817 3529 975 3585 putes
1005 3521 1288 3577 absentem
1335 3524 1530 3587 Deum.
1561 3530 1651 3583 sed
1690 3544 1815 3584 eum
1868 3532 2087 3596 timeas.
2144 3544 2199 3589 et
2252 3538 2395 3590 scias

812 3612 1031 3667 cunctis
1084 3616 1345 3681 operibus
1408 3618 1517 3672 tuis
1596 3621 1790 3676 adesse
1835 3633 2157 3692 praesentem
2191 3643 2205 3681 :
2239 3637 2395 3697 temne

814 3705 973 3759 liberi
1002 3706 1217 3761 arbitrii
1248 3708 1529 3763 conditum
1561 3726 1669 3765 non
1716 3714 1858 3782 cogi,
1917 3715 2010 3769 sed
2066 3717 2203 3773 velle
2250 3722 2396 3790 quod

812 3798 1008 3852 facias.

899 3914 917 3947 ι
948 3894 1003 3948 Si
1036 3894 1368 3950 calumniam
1404 3901 1682 3969 pauperis.
1729 3911 1784 3956 et
1827 3904 2073 3974 rapinam
2135 3907 2321 3975 iudicii
2354 3913 2396 3970 δ,

820 3999 874 4040 ct
909 3988 1215 4057 injustitias
1271 3989 1478 4044 videris
1510 3992 1563 4045 in
1595 3995 1841 4062 regione,
1890 4011 1956 4048 ne
1988 3996 2203 4052 mireris
2236 4015 2400 4068 super

820 4103 1026 4166 litasse,
1063 4104 1291 4156 minime
1326 4119 1477 4167 vero,
1505 4115 1564 4159 ut
1593 4109 1792 4172 vulgati
1826 4110 2214 4177 praeferebant,
2265 4113 2397 4165 illud

818 4178 1057 4247 eoiuma.
1093 4183 1150 4225 ut
1183 4190 1401 4242 peccare
1435 4178 1626 4245 facias,
1651 4190 1783 4241 etc.,
1814 4194 1918 4231 non
1934 4180 2222 4247 diligenter
2242 4200 2403 4235 evo-n-

821 4245 1028 4315 tilasse,
1060 4254 1116 4295 ut
1148 4248 1275 4312 quid
1323 4248 1465 4297 enim
1497 4250 1639 4313 quod
1671 4264 1774 4300 non
1812 4245 2103 4315 diligenter
2155 4263 2400 4305 notatum

822 4318 892 4365 ab
921 4314 1107 4379 aliquo
1132 4326 1238 4377 est,
1287 4315 1410 4382 quis
1464 4318 1701 4382 proterat
1732 4317 1798 4371 ad
1850 4314 2233 4373 eruditionem.
2296 4322 2403 4376 Nos

830 4400 965 4436 mss.
1003 4384 1383 4446 l‘alatin'tduo,
1415 4395 1469 4438 et
1515 4384 1687 4442 \‘atic.
1745 4388 2091 4443 restituenda:
2143 4392 2404 4445 lectionis

821 4457 1252 4508 admonuerunt.

890 4553 966 4568 --
995 4524 1094 4597 llic
1122 4540 1259 4597 vero
1286 4525 1516 4597 negandi
1546 4525 1867 4595 particulam
1892 4543 2037 4581 unus
2055 4526 2227 4583 Vatic.
2255 4530 2404 4597 igno-

2482 576 2755 630 excelsior
2779 584 2862 630 est
2911 590 3079 644 super
3102 576 3249 633 illos.
3282 587 3336 628 et
3368 577 3603 644 amplius
3635 587 3793 626 terrae
3823 576 3871 625 in
3898 578 4053 625 omm-

2488 667 2589 721 bus
2612 680 2694 721 est
2731 685 2822 722 rex
2845 669 2897 722 in
2937 684 3069 739 agro
3104 671 3275 724 culto.
3312 688 3328 718 ι
3360 669 3563 723 Christi
3602 668 3788 720 tunica
3820 678 4049 718 contexta

2487 761 2724 829 desuper
2768 759 2952 827 (Joan.
3015 776 3141 826 xu;
3182 761 3472 829 Luavut).
3534 775 3637 812 nec
3669 775 3696 810 a
3753 758 4051 815 cruciﬁgen-

2487 854 2632 908 tihtts
2662 853 2834 907 scindi
2871 854 3086 924 potuit:
3126 863 3181 906 et
3211 870 3334 905 eum
3361 870 3389 905 a
3420 867 3530 921 quo
3584 851 3839 904 Salvator
3872 851 4052 902 daemo-

2486 945 2575 999 nia
2634 950 2921 1017 ejeccrat,
2980 945 3348 1016 apostolorum
3413 944 3664 998 indutum
3738 944 4050 993 Vi-slimenlis

2486 1038 2639 1091 abire
2671 1040 2949 1107 praecepit.
2986 1040 3174 1107 Itaque
3202 1046 3375 1091 etnos
3434 1040 3680 1090 nitamur
3732 1034 4050 1088 Ecclesiaette

2487 1132 2656 1185 nostri
2680 1132 3006 1185 vestimenta
3029 1146 3135 1186 nou
3188 1132 3454 1192 scindere,
3506 1144 3607 1183 nec
3655 1142 3753 1196 pro
3797 1126 4047 1177 voluntate

2487 1238 2675 1280 nostra
2699 1226 3076 1294 opinatiunum
3107 1240 3318 1294 pannos
3339 1226 3465 1279 hinc
3494 1224 3618 1277 inde
3669 1236 3947 1279 concurre,
3972 1219 4049 1268 sed

2489 1334 2659 1373 unum
2716 1320 3109 1387 disputationis
3172 1333 3392 1373 servare
3447 1329 3678 1380 textum,
3713 1326 3769 1368 et
3823 1313 4047 1367 eumdem

2488 1426 2709 1465 sensum
2778 1420 2834 1465 et
2890 1410 3139 1465 ordinem
3205 1412 3383 1479 sequi.
3435 1410 3610 1476 Supra
3664 1409 3905 1460 dixerat:
3945 1404 4051 1456 «Ne

2488 1506 2692 1559 dixeris
2740 1506 2793 1557 iii
2829 1514 3127 1572 conspectu
3191 1503 3393 1573 angeli,
3448 1502 3710 1569 quoniam
3770 1500 4049 1568 ignorantia

2489 1606 2594 1658 est.
2630 1614 2695 1654 ne
2724 1598 2993 1652 irascatur
3024 1596 3165 1652 Deus
3190 1611 3354 1663 super
3385 1609 3574 1648 vocem
3635 1603 3806 1648 tuam.
3844 1611 3860 1641 ι
3901 1600 3948 1643 et
3977 1608 4047 1643 rc-

2491 1691 2678 1759 liqua:
2703 1701 2759 1746 et
2785 1692 3049 1745 adversus
3081 1704 3176 1743 eos
3200 1690 3379 1743 fuerat
3407 1689 3648 1745 locutus.
3682 1688 3777 1753 qui
3818 1696 4053 1752 negarent

2492 1782 2833 1853 providentia
2854 1798 2941 1837 res
2970 1784 3242 1836 humanas
3268 1782 3409 1849 regi.
3468 1781 3607 1847 Quia
3670 1779 3836 1841 igitur
3882 1778 4053 1829 πάγει.

2489 1888 2582 1926 sus
2613 1874 2634 1903 ⁸
2658 1872 2759 1925 hoc
2790 1882 3115 1940 praceptum
3157 1869 3547 1923 suboriebatur
3609 1869 3859 1935 quaestio,
3906 1880 4054 1931 quare

2488 1966 2625 2031 justi
2649 1962 2981 2018 calumniam
3010 1963 3374 2024 sustinerent,
3407 1971 3461 2014 et
3511 1976 3686 2029 quare
3716 1959 3893 2025 iniqua
3940 1958 4052 2007 ﬁant

2491 2058 2543 2110 in
2580 2066 2695 2110 toto
2723 2054 3099 2121 orbejudicia,
3153 2065 3207 2107 et
3261 2068 3368 2105 non
3405 2063 3490 2105 est
3532 2051 3682 2104 ultor
3730 2052 3901 2113 Deus;
3930 2066 4053 2100 nunc

2491 2148 2658 2202 infert
2686 2158 2739 2199 et
2763 2146 2949 2205 solvit.
3004 2145 3147 2214 quod
3182 2143 3383 2211 opponi
3430 2153 3661 2208 poterat,
3726 2143 3945 2194 dieeus:
4000 2138 4047 2193 Si

2490 2241 2690 2294 videris
2718 2240 3052 2294 calumniam
3086 2238 3367 2308 pauperis,
3391 2237 3481 2306 qui
3508 2238 3703 2291 beatus
3735 2236 3787 2288 in
3832 2236 4052 2303 Evange-

2488 2334 2561 2388 lio
2592 2334 2941 2403 prmiiicatnr,
2997 2342 3049 2386 et
3079 2346 3165 2385 res
3221 2331 3270 2383 vi
3300 2332 3410 2397 geri
3452 2330 3496 2393 ⁸.
3553 2346 3663 2383 non
3720 2328 3944 2394 iustitia.
3994 2342 4050 2378 ne

2492 2428 2733 2487 mireris.
2765 2437 2819 2479 et
2842 2426 2937 2479 tibi
2982 2438 3183 2478 novum
3242 2423 3448 2490 aliquid
3501 2437 3626 2476 esse
3667 2423 3928 2475 videatur.
3962 2420 4052 2471 Ex-

2490 2522 2671 2574 celsus
2696 2520 2898 2588 quippe
2922 2532 3088 2584 super
3115 2517 3364 2571 excelsos
3392 2515 3505 2570 hrec
3545 2516 3769 2583 respicit
3794 2515 3836 2567 D
3856 2530 3947 2570 ηις.
3975 2514 4052 2577 qui

2492 2611 2715 2679 angelos
2770 2625 2901 2663 suos
2956 2624 3120 2678 super
3160 2607 3377 2673 judices
3426 2617 3483 2660 et
3536 2622 3697 2673 reges
3749 2616 3902 2657 terrae
3937 2620 4055 2673 pra?-

2495 2706 2673 2773 posuit
2703 2702 2745 2763 ⁷.
2780 2704 2871 2771 qui
2902 2712 3129 2771 possunt
3158 2704 3350 2770 utique
3404 2699 3699 2769 prohibere.
3730 2699 4051 2767 injustiiiam.

2492 2806 2547 2848 et
2578 2794 2749 2861 magis
2783 2794 2836 2847 in
2868 2805 3009 2848 terra
3063 2794 3265 2855 valere,
3318 2808 3478 2862 quam
3529 2792 3743 2858 quaevis
3796 2793 4051 2844 hominum

2495 2896 2816 2955 potestates.
2858 2884 2964 2939 Sed
2996 2884 3161 2957 430
3190 2886 3453 2953 quoniam
3495 2894 3679 2937 servat
3719 2886 3773 2936 in
3808 2882 4055 2950 lincjttdio

2495 2980 2661 3037 cium.
2695 2978 2823 3031 etin
2871 2978 3346 3030 consummatione
3398 2975 3609 3039 mundi,
3673 2975 3890 3042 quando
3944 2988 4052 3025 cum

2497 3079 2709 3123 matura
2749 3086 2905 3137 seges
2939 3070 3123 3129 fuerit.
3158 3082 3212 3122 et
3263 3084 3538 3123 messores
3578 3069 3852 3131 veni-rint,
3896 3069 4055 3133 jussit-

2497 3178 2591 3216 rus
2625 3171 2724 3219 est,
2753 3172 2813 3215 ut
2848 3171 3134 3231 separetur
3158 3161 3423 3221 triticum,
3488 3170 3543 3213 et
3598 3162 3787 3213 lolium
3839 3163 4055 3211 tradatur

2498 3254 2789 3307 incendio:
2818 3256 2938 3307 ideo
2958 3268 3102 3306 nunc
3126 3261 3491 3322 exspectatet
3516 3252 3696 3306 differt
3726 3262 4054 3307 sententiam,

2495 3347 2737 3417 quandiu
2769 3362 2898 3413 ager
2932 3348 3116 3401 mundi
3180 3346 3343 3399 istius
3400 3344 3757 3398 excolatur".
3803 3346 3951 3408 ρει(οά
3982 3361 4056 3392 .m-

2499 3449 2602 3491 tetn
2666 3453 2793 3502 ager
2878 3440 3263 3503 interpretetur
3331 3437 3619 3498 mundus,
3690 3436 3951 3489 Dominus
4013 3440 4055 3486 in

2500 3532 2756 3597 parabola
2815 3532 3145 3584 zi:atiioruui
3197 3540 3253 3585 et
3312 3529 3479 3582 tritici
3532 3531 3792 3598 exposuit
3846 3529 4055 3596 (Matth.

2498 3651 2640 3717 xui).

2580 3763 2597 3795 ι
2634 3744 2736 3809 Qui
2765 3744 2939 3807 diligit
2970 3750 3279 3810 argentum,
3331 3757 3439 3795 non
3475 3741 3795 3807 itnpleliitur
3840 3756 4060 3808 argento,

2498 3847 2547 3892 et
2578 3838 2667 3905 qui
2706 3835 2877 3903 diligit
2909 3834 3150 3892 divitias,
3191 3848 3296 3883 non
3354 3831 3569 3884 fruetur
3616 3833 3717 3885 eis.
3752 3832 3855 3885 Sed
3890 3845 3939 3885 et
3980 3834 4063 3884 bo‘

2501 3930 2734 3979 vanitas.
2762 3927 2821 3976 In
2864 3924 3212 3976 multitudine
3238 3924 3383 3975 enim
3431 3922 3701 3975 bonarum
3750 3925 3900 3976 inulti
3936 3939 3991 3972 all
4032 3932 4063 3977 ι.

2502 4020 2592 4087 qui
2618 4017 2907 4070 comedunt
2938 4030 3000 4067 ea
3030 4015 3074 4075 '.
3131 4025 3186 4065 et
3240 4029 3364 4083 qua:
3420 4023 3503 4067 est
3541 4013 3811 4066 fortitudo
3867 4016 4063 4066 habent:

2503 4124 3143 4196 quitransluleruntﬂxat
3200 4123 3459 4192 ἁρπαγὴν
3514 4128 3811 4192 κρεματσς,
3863 4135 3910 4176 et
3942 4127 4065 4175 diie-

2505 4194 2736 4273 ptioncnt
2769 4197 2985 4273 judicii.
3014 4194 3286 4273 Mantus.-
3348 4263 3377 4273 Π
3419 4264 3449 4273 η
3575 4265 3585 4273 _
3681 4266 3734 4273 Η
3854 4265 3901 4273 η
3967 4265 3977 4273 .
4034 4266 4039 4272 ι

2587 4296 2655 4308 -
2684 4263 2857 4320 Vatic.
2893 4267 2957 4319 Et
2991 4268 3233 4330 rapinam
3258 4263 3472 4333 judicii.
3494 4265 3783 4329 etjus'itia’
3814 4265 4069 4333 ridi-risin

2508 4340 2757 4408 regione;
2788 4348 2841 4390 et
2870 4336 3031 4404 paulo
3065 4344 3186 4400 post
3234 4352 3357 4385 cum
3401 4332 3681 4408 Palatinis
3706 4336 3947 4408 duobus,
3984 4332 4070 4384 Ei-

2510 4405 2677 4461 relsus
2700 4423 2859 4475 super
2887 4405 3147 4458 excelsum
3199 4406 3458 4466 custodit,
3502 4413 3550 4455 et
3586 4407 3903 4456 excetsimes
3936 4421 4008 4465 su,
4029 4420 4071 4453 ιτ

2510 4495 2648 4586 (08-.—
2674 4548 2814 4611 Quia
2864 4544 3099 4599 excelsus
3140 4559 3297 4612 super
3347 4542 3613 4595 excelsum
3667 4545 3921 4595 custodit.
3964 4543 4070 4592 (Ior-

828 4601 1010 4679 rat,et
1042 4595 1321 4648 Palatinus
1361 4590 1498 4648 alter
1527 4590 1810 4666 expungit.
1869 4598 2074 4652 Confer
2102 4590 2399 4653 Μαι·ιὶιι]ιωὶ
2440 4590 2480 4644 ί)
2510 4590 3449 4679 being};ng'jfjg'm'“aut.”
3506 4628 3663 4678 super
3705 4614 3964 4664 malum:
4034 4620 4071 4659 et

822 4665 1251 4715 adnotationem.

903 4736 917 4763 ί
955 4734 1057 4805 Ομὶ
1082 4735 1143 4805 de
1177 4735 1299 4787 vitio
1333 4738 1508 4790 carnis
1545 4746 1855 4805 queruntur.
1908 4738 2256 4793 Colbertinus
2304 4755 2397 4791 co-

825 4804 952 4862 dex.
982 4801 1083 4865 Qui
1116 4804 1283 4857 Dcunt
1320 4811 1495 4859 carnis
1530 4801 1845 4871 queruntur.
1875 4810 2261 4870 Corbcienses.
2295 4810 2400 4873 Qui

826 4873 889 4925 de
914 4876 959 4924 vi
998 4876 1175 4926 carnis
1212 4888 1527 4941 queruntur.
1559 4878 1823 4932 Mtnrtsx.

898 4944 917 4973 ⁸
978 4942 1195 4995 Verbum
1249 4944 1564 4999 Hebraicum
1618 4946 1843 5016 chaga.
1913 4948 2066 5016 Apud
2113 4949 2400 5001 Erasmutn

829 5022 1148 5079 mrruptum
1183 5026 1265 5065 est
1302 5030 1522 5081 prurSus
1552 5028 1604 5069 et
1654 5030 1919 5070 mutatum
1966 5020 2252 5071 Hebraeum
2304 5034 2399 5069 no-

831 5093 1117 5155 mentum?
1131 5100 1344 5153 segagu,
1372 5101 1468 5155 pro
1487 5102 1679 5155 segaga
1694 5088 1839 5140 enim
1867 5090 1992 5153 legit
2010 5098 2155 5144 nam?
2176 5105 2395 5150 senana,

829 5153 1027 5218 duplex
1063 5154 1189 5205 Νιιιι
1218 5195 1232 5217 ,
1285 5170 1381 5221 pro
1406 5153 1627 5223 duplici'
1650 5156 1894 5221 Chimel;
1920 5164 2012 5211 sed
2041 5158 2185 5210 haud
2239 5160 2403 5211 dubie

830 5224 962 5296 vitio
986 5226 1397 5292 typogruplitco.
1422 5225 1463 5277 C
1484 5228 1787 5281 irbcieuses
1807 5244 1939 5281 mss.
1972 5230 2155 5296 legunt
2184 5244 2395 5296 segoga.

830 5295 1101 5345 ΜΑιιτιΑΝ.

906 5366 923 5392 ⁸
961 5361 1028 5413 Et
1058 5365 1112 5434 in
1146 5364 1372 5431 imagine
1395 5366 1597 5420 untbrte
1626 5367 1798 5419 nubis.
1830 5366 2034 5421 Eadem
2066 5368 2401 5434 exemplaria

839 5434 925 5483 hic
957 5433 1101 5486 aliud
1135 5436 1389 5495 retinent,
1444 5448 1761 5503 sequentem
1814 5453 2005 5504 nempe
2070 5433 2399 5489 lectionem:

836 5503 1102 5575 Quoniam
1140 5505 1193 5555 iu
1222 5520 1399 5555 somno
1454 5508 1571 5559 vitta
1604 5508 1780 5566 istius,
1839 5519 1885 5558 ct
1924 5510 2175 5575 imagine,
2216 5510 2403 5557 umbra

838 5571 1334 5632 uubeouettrimus,
1375 5576 1565 5637 multa,
1589 5585 1695 5629 etc.
1730 5577 1991 5629 Maurus.

908 5648 930 5671 ⁵
960 5642 1036 5695 Et
1068 5644 1311 5710 rapinam
1333 5644 1543 5712 iudicii.
1578 5647 1615 5698 Ε
1640 5648 1717 5698 ιιιὶ
1742 5660 1899 5699 antea
1930 5647 2075 5710 libri,
2108 5657 2153 5697 et
2191 5647 2407 5697 ruinam

833 5729 1059 5797 jutlicii',
1083 5734 1176 5783 sed
1199 5731 1359 5789 falso,
1378 5749 1498 5783 nant
1524 5734 1574 5784 itt
1602 5733 1825 5786 llirbt‘mu
1848 5736 2073 5799 legimus
2094 5744 2285 5792 1:51:77:
2298 5718 2405 5789 51:1

847 5806 1044 5850 reuezel
1101 5802 1361 5866 nttspltat,‘
1409 5813 1456 5853 et
1513 5810 1755 5871 rapinam
1796 5806 2009 5869 jttdtcii.
2044 5808 2403 5869 justaotnttm

851 5873 1177 5938 rscanplurtu
1219 5873 1531 5941 Hieronymi
1588 5892 1720 5927 uisa.
1768 5885 1819 5925 ct
1860 5872 2000 5926 ιλχ
2056 5877 2400 5941 interpretes,

2502 4690 2759 4739 excelsior
2784 4698 2858 4737 est
2888 4702 3041 4749 super
3070 4701 3180 4748 eos,
3211 4694 3260 4735 et
3285 4683 3519 4751 amplius
3552 4692 3709 4734 terra:
3770 4692 3847 4734 est
3900 4698 3983 4733 uxr
4031 4699 4071 4729 nt

2504 4774 2632 4826 agro
2661 4760 2821 4808 culto.
2853 4756 3112 4809 Harman.
3193 4822 3216 4829 Δ
3272 4826 3282 4829 _
3347 4824 3359 4829 _
3403 4825 3414 4829 _
3599 4823 3607 4829 _
4044 4820 4049 4829 ⁸

2577 4829 2597 4857 ⁸
2626 4828 2791 4879 Iidem
2831 4835 2943 4877 tres
2968 4841 3102 4878 niss.
3129 4839 3145 4879 :
3180 4822 3316 4888 Quia
3340 4824 3507 4894 igitur
3536 4823 3798 4875 adrersus
3832 4822 3941 4885 (Al.
3998 4822 4072 4867 a3-

2505 4898 2643 4948 dunt
2692 4898 2802 4959 eos)
2860 4895 2956 4947 hoc
3009 4904 3325 4962 praeceptum
3387 4895 3791 4953 suboriebatur,
3830 4904 3878 4942 et
3932 4903 4072 4956 quam:

2494 4968 2633 5032 justi
2665 5006 2679 5027 ,
2711 4976 2815 5019 etc.

2578 5036 2598 5065 ⁶
2628 5038 2702 5089 lta
2729 5036 3085 5087 cmendamus
3112 5048 3212 5103 Ope
3235 5032 3407 5085 trium
3446 5047 3580 5085 mss.
3632 5034 3686 5084 in
3742 5032 3939 5095 quibus
3984 5042 4071 5103 uno

2505 5108 2673 5158 verbo
2694 5118 2777 5158 est
2828 5106 3017 5172 rigeri,
3070 5102 3167 5171 pro
3201 5119 3313 5171 quo
3357 5104 3585 5156 fecimus
3640 5105 3856 5156 duobus
3915 5102 4069 5172 verbis

2506 5179 2554 5229 vi
2588 5178 2726 5243 geri.
2770 5169 3046 5227 Ilarlenns
3074 5169 3232 5225 ivero'
3264 5174 3442 5226 inutili
3485 5174 3735 5241 falsoque
3801 5186 3962 5225 scnsn
4008 5169 4069 5217 lc-

2507 5257 2655 5300 ctutn
2687 5254 2769 5297 est
2798 5247 3099 5319 nnogverbo
3123 5245 3314 5313 vigere.
3814 5312 3824 5319 .

2582 5317 2600 5345 ⁷
2635 5316 2804 5381 Super
2831 5316 3040 5381 judice:
3071 5324 3127 5385 et
3165 5309 3319 5385 reges
3360 5321 3522 5385 terra:
3555 5312 3870 5380 pra'pOsuit.
3906 5309 4071 5385 Deerat

2508 5386 2561 5438 iu
2598 5378 2863 5438 hac-voce
2899 5378 3371 5452 praepositionum
3404 5378 3572 5435 alium
3633 5396 3859 5435 sensum
3900 5378 4068 5452 cilicii;

2510 5458 2641 5523 quia
2672 5450 2925 5519 maguum
2960 5450 3243 5505 intercedit
3298 5452 3598 5505 discrimen
3665 5453 3809 5523 inter
3842 5450 4064 5516 angelus.

2511 5522 2683 5585 posuit
2741 5540 2906 5591 super
2968 5538 3119 5591 reges
3184 5532 3363 5581 terrae,
3423 5533 3477 5574 et
3534 5522 3762 5589 angelos
3816 5524 4071 5588 prirposutt

2511 5611 2675 5661 super
2704 5610 2857 5659 reges
2893 5603 3071 5644 tet-rte.
3106 5591 3420 5671 MtnTtax.“
3479 5662 3488 5671 ι
3554 5663 3562 5671 _
3724 5660 3734 5671 .
3815 5661 3824 5670 .

2583 5664 2602 5692 ⁸
2644 5663 2778 5716 Tres
2835 5680 3007 5723 mss.,
3066 5667 3196 5729 τιθεῖ
3238 5660 3423 5713 mundi
3474 5662 3631 5714 istius
3680 5660 3889 5729 plenius
3946 5668 4069 5710 cm-

2512 5735 2672 5787 latur.

2584 5806 2601 5833 ⁹
2638 5804 2786 5858 [nus
2818 5804 2987 5858 γαπ,
3016 5843 3026 5865 ,
3062 5804 3165 5867 Qui
3191 5800 3472 5855 comedunt
3498 5817 3561 5855 cx
3592 5802 3690 5855 cis.
