4210 6350
176 357 307 423 1109

1106 364 1730 426 COMMENTARIUS
1772 364 1855 424 ΙΝ
1900 360 2493 425 ECCLESIASTEN.

3312 355 3448 421 mo

170 476 279 541 illa,
311 478 419 532 nisi
447 486 510 533 ut
531 478 720 534 videat
741 478 920 534 oculis
943 479 1061 534 suis
1083 480 1105 533 ?
1124 479 1448 549 Ubicunque
1474 488 1757 547 argentum
1790 485 1836 541 Α
1867 479 2128 547 operibus
2161 487 2525 531 conversatur
2550 520 2563 542 ,
2621 492 2783 546 quam
2840 491 3026 530 eorum
3091 474 3316 545 divitirc,
3378 477 3449 532 de

164 569 445 637 ponimus,
476 571 788 627 secundum
813 570 983 626 Grarei
1018 572 1289 627 sermonis
1317 572 1750 639 ambiguitatem,

160 671 340 730 potest
403 672 461 718 et
523 666 757 732 pecunia
814 666 1158 720 transferri:
1226 665 1491 735 ἀργύριον
1558 665 1759 734 quippe

165 763 471 825 utrumque
498 756 799 825 significat.
839 762 1010 817 Porro
1036 758 1251 815 Tullius
1290 760 1615 829 pecuniosos
1644 758 1757 827 pri-

165 846 332 902 mitus
356 862 459 903 eos
492 848 673 905 dictos
723 852 909 913 refert,
946 854 1037 918 qui
1091 851 1247 921 plura
1287 850 1608 905 habuissent
1652 864 1750 921 pe-

162 938 305 991 culia
341 938 385 1002 ‘,
420 939 476 992 id
502 950 590 995 est
633 956 850 1011 pecora.
911 941 987 997 Ita
1011 944 1155 997 enim
1212 956 1275 995 ea
1330 942 1631 1011 antiquitus
1664 957 1758 1010 ap-

168 1029 481 1095 pellabant.
512 1030 786 1086 Paulatim
819 1043 1002 1088 autem
1035 1048 1131 1103 per
1165 1032 1506 1096 abusionem,
1562 1046 1758 1085 nomen

166 1118 233 1171 ad
278 1120 435 1175 aliud
472 1121 791 1176 devolutum
826 1131 931 1178 est.
972 1122 1185 1177 Avarus
1215 1121 1378 1192 igitur
1406 1120 1758 1185 describitur,

160 1213 304 1281 quod
344 1228 639 1284 nunquam
684 1216 880 1286 opibus
910 1215 1233 1284 expleatur,
1282 1224 1338 1269 et
1389 1223 1596 1286 quanto
1638 1217 1762 1285 plus

167 1301 454 1367 habuerit,
510 1314 665 1359 tanto
712 1305 831 1375 plus
859 1306 1067 1374 cupiat.
1105 1305 1288 1362 Flacci
1342 1320 1558 1375 quoque
1597 1320 1762 1375 super

166 1396 270 1449 hoc
301 1398 322 1427 ³
350 1398 735 1455 concordante
779 1400 1075 1463 sententia,
1124 1400 1215 1469 qui
1263 1400 1341 1454 ait
1388 1400 1605 1467 (Horat.
1666 1401 1703 1458 Ι.
1747 1416 1763 1453 ι

166 1485 482 1554 Epistolas.
510 1488 674 1558 epist.
704 1490 762 1556 2,
794 1494 862 1543 ad
891 1489 1175 1560 Ltzlium):

688 1650 897 1712 Semper
925 1663 1103 1700 avarus
1125 1658 1262 1713 eget,

170 1783 221 1827 et
276 1774 485 1830 nobilis
525 1775 855 1840 historici’,
894 1778 1037 1846 quod
1111 1778 1361 1839 avaritia.
1415 1795 1591 1853 neque
1649 1784 1767 1840 ino-

171 1865 283 1935 pia,
323 1883 507 1937 neque
541 1868 697 1935 copia
732 1870 1027 1924 minuatur.
1070 1868 1214 1925 Nihil
1271 1888 1425 1941 ergo,
1463 1877 1634 1943 inquit
1660 1878 1763 1932 Ec-

173 1958 495 2022 clesiastes,
564 1960 1014 2024 rrosuntdivitite
1044 1964 1361 2030 possidenti,
1411 1965 1511 2021 nisi
1541 1966 1642 2020 hoc
1674 1983 1767 2021 so-

177 2054 294 2104 lum
330 2060 391 2105 ut
450 2053 631 2106 videat
674 2070 793 2123 quae
824 2053 1085 2120 possidet.
1128 2056 1342 2122 Quanto
1390 2062 1533 2112 enim
1595 2060 1771 2125 major

176 2142 348 2196 fuerit
410 2144 745 2206 substantia,
805 2154 957 2198 tanto
993 2147 1177 2215 plures
1202 2150 1485 2204 ministros
1525 2151 1766 2215 habebit,

175 2237 272 2301 qui
326 2253 462 2307 opes
497 2239 759 2291 devorent
790 2248 1164 2309 congregatas.
1202 2241 1292 2295 Ille
1353 2252 1533 2295 autem
1592 2245 1771 2298 videat

175 2339 434 2389 tantum,
478 2330 626 2398 quod
696 2332 876 2391 habet,
904 2343 956 2384 et
979 2332 1103 2401 plus
1130 2349 1291 2403 quam
1338 2336 1502 2390 unius
1537 2335 1771 2392 hominis

178 2424 371 2477 cibum
398 2438 597 2491 capere
621 2437 726 2477 non
758 2424 954 2494 possit.

266 2531 285 2562 ι
326 2514 514 2567 Dulcis
544 2528 774 2567 somnus
830 2514 1104 2583 operanti,
1141 2515 1258 2569 sive
1306 2517 1607 2585 paululum,
1657 2520 1771 2575 sive

181 2608 310 2676 plus
343 2607 668 2660 comederit.
702 2604 768 2660 Et
803 2607 1064 2661 saturitas
1096 2609 1278 2663 divitis
1312 2626 1420 2663 non
1478 2611 1606 2664 sinit
1644 2626 1768 2664 eum

184 2701 469 2756 dormire.
496 2719 517 2752 ι
559 2700 752 2755 Adhuc
792 2699 859 2754 de
888 2701 1057 2756 divite
1083 2711 1136 2754 et
1169 2717 1335 2756 avaro
1362 2718 1543 2758 serum
1566 2714 1669 2767 est,
1716 2715 1773 2759 et

183 2801 549 2863 comparatur
579 2792 852 2863 operanti,
891 2803 947 2847 et
992 2794 1202 2862 absque
1244 2796 1613 2853 sollicitudine
1650 2799 1776 2853 dor-

184 2886 411 2947 mienti.
460 2886 580 2941 sive
611 2900 804 2954 parum
867 2887 982 2940 sive
1019 2889 1248 2941 multum
1281 2890 1601 2953 comederit,
1631 2892 1773 2959 qttod

188 2980 282 3033 ille
316 2979 504 3035 labore
526 2980 708 3049 operis
738 2990 793 3034 et
831 2979 1031 3034 sudore
1057 2982 1361 3051 qualemvis
1410 2984 1593 3038 cibum
1627 2985 1775 3054 dige-

186 3081 296 3134 rat,
333 3080 390 3127 et
410 3072 553 3125 dulei
580 3087 773 3126 somno
808 3070 1147 3141 perfruatur.
1205 3075 1362 3129 Dives
1395 3090 1524 3128 vero
1569 3076 1774 3129 disten-

1865 575 2073 645 quibus
2114 573 2415 627 scribitur:
2462 570 2709 625 Varrobis
2738 573 2990 627 divitibus
3016 571 3057 631 ',
3090 571 3217 641 quia
3252 573 3446 636 recepi-

1864 669 1959 721 stis
1989 666 2401 721 consolationem
2439 677 2661 717 vestram
2693 664 2841 733 (Lua.
2872 681 2949 726 vt,
2979 663 3092 731 ‘24).

1946 781 1965 814 ι
1997 763 2091 815 Est
2130 762 2362 829 languor
2394 759 2692 827 pessimus,
2729 773 2891 827 quem
2924 758 3032 811 vidi
3060 757 3163 811 sub
3186 759 3323 821 sole,
3364 757 3446 810 di-

1864 855 2026 910 vitias
2062 855 2323 910 custodiri
2354 870 2382 907 a
2434 852 2658 907 domino
2685 852 2738 905 in
2796 852 2997 905 malum
3061 851 3199 920 ejus.
3235 852 3304 908 Et
3354 867 3448 920 pe-

1865 949 2083 1004 rierunt
2141 946 2345 999 divitim
2378 948 2400 977 ⁸
2462 947 2566 1001 illa:
2608 946 2661 998 in
2721 944 3052 999 distentione
3095 944 3353 1012 pessima.
3385 942 3451 996 F.t

1867 1040 2055 1113 genuit
2079 1040 2271 1105 lilium,
2332 1049 2388 1092 et
2436 1056 2543 1094 non
2572 1050 2656 1094 est
2699 1041 2751 1093 in
2812 1038 3067 1093 manibus
3118 1039 3236 1107 ejus
3288 1036 3446 1107 quiil-

1866 1150 2031 1206 quam
2063 1135 2119 1191 '.'
2161 1134 2316 1188 Sicut
2341 1134 2508 1187 exivit
2542 1134 2608 1187 de
2639 1144 2796 1187 utero
2826 1131 3019 1187 matris
3077 1147 3211 1194 sum,
3264 1131 3448 1184 nudus

1866 1236 2195 1290 revertetur,
2229 1232 2287 1279 ut
2324 1224 2469 1278 venit
2508 1224 2553 1291 ⁸,
2617 1234 2670 1278 et
2721 1226 2854 1280 nihil
2890 1226 3041 1281 tollet
3095 1224 3297 1278 laboris
3339 1227 3447 1285 sui,

1868 1330 1929 1372 ut
1952 1319 2115 1372 vadat
2146 1318 2200 1371 in
2226 1317 2483 1371 manibus
2520 1317 2660 1382 eius.
2696 1317 2811 1371 Sed
2856 1327 2909 1372 ct
2942 1319 3041 1373 hoc
3072 1319 3303 1381 languor
3328 1330 3451 1384 pes-

1870 1410 2065 1473 simus,
2106 1412 2233 1478 quia
2270 1410 2411 1463 sicut
2470 1410 2643 1473 venit,
2701 1410 2779 1463 sic
2814 1419 2867 1463 et
2924 1410 3085 1464 vadit.
3139 1410 3277 1475 Quid
3322 1422 3455 1473 ergo

1870 1502 2092 1556 habebit
2124 1503 2363 1569 amplius
2388 1543 2402 1563 ,
2436 1504 2577 1571 quia-
2618 1502 2891 1557 laboravit
2946 1501 2998 1555 in
3057 1503 3328 1557 ventum?
3389 1500 3456 1553 Et

1874 1594 2135 1649 omnibus
2170 1594 2364 1648 diebus
2398 1596 2514 1647 suis
2556 1596 2610 1648 in
2668 1593 2914 1648 tenebris
2969 1594 3236 1654 comedet,
3296 1602 3350 1646 et
3395 1592 3452 1645 in

1874 1687 2257 1757 indignatione
2282 1686 2539 1753 plurima,
2603 1688 2735 1739 etin
2781 1686 3119 1751 inlirtnitate,
3175 1693 3227 1738 et
3268 1686 3319 1737 in
3349 1686 3458 1737 ira-

1874 1779 2099 1833 cundia.
2141 1798 2159 1831 i
2221 1778 2357 1833 Cum
2400 1778 2685 1847 superiore
2753 1780 2920 1848 iunge
2966 1782 3109 1848 quod
3162 1780 3451 1847 sequitur:

1872 1871 2202 1926 Ecclesiaste
2242 1872 2463 1924 divitem
2516 1870 2880 1932 deserihente,
2921 1874 3012 1938 qui
3048 1888 3145 1926 nec
3178 1874 3293 1939 ipse
3323 1888 3451 1940 pus-

1872 1966 1941 2020 sit
1975 1965 2090 2019 suis
2114 1964 2319 2017 divitiis
2374 1965 2602 2033 perfrui,
2650 1973 2703 2020 et
2758 1966 2954 2019 crebro
2985 1974 3233 2033 propter
3270 1982 3364 2020 eas
3396 1967 3451 2019 in

1873 2057 2171 2111 discrimen
2202 2056 2407 2117 veniat,
2447 2071 2546 2109 nec
2596 2058 2823 2115 ltil‘l‘etll,
2871 2058 3015 2126 quod
3077 2060 3452 2127 congregavit.

1874 2151 2179 2219 relinquat;
2223 2149 2313 2204 sed
2350 2160 2403 2203 et
2456 2150 2570 2216 ipso
2631 2160 2685 2203 et
2734 2152 2875 2205 filius
2934 2152 3074 2220 ejus,
3124 2153 3262 2205 sicut
3294 2168 3454 2204 vene-

1874 2255 1999 2296 runt
2034 2244 2185 2300 nudi,
2232 2243 2300 2295 ita
2326 2242 2456 2296 nudi
2500 2244 2921 2297 revertanturin
2948 2252 3173 2305 terram,
3212 2254 3264 2298 et
3318 2246 3456 2297 nihil

1873 2352 1968 2391 eos
1994 2352 2216 2389 sntirntn
2262 2338 2553 2390 comitetur
2605 2337 2879 2391 laborum.
2915 2338 3105 2391 Nonne
3158 2338 3304 2391 enim
3340 2339 3459 2390 lan~

1875 2446 2012 2499 gnor
2035 2439 2115 2485 est
2148 2431 2439 2498 pessimus,
2467 2446 2565 2499 pro
2591 2429 2800 2483 divitiis
2825 2431 3158 2496 cogitatione
3188 2433 3458 2497 torqueri.

1878 2532 1931 2576 et
1958 2522 2229 2591 perituras
2283 2538 2439 2589 opes.
2499 2536 2597 2575 nec
2650 2536 2785 2589 quas
2839 2522 3126 2574 nobiscum
3161 2536 3459 2586 possumus

1877 2612 2096 2668 auferre
2130 2611 2450 2672 morientes,
2517 2613 2568 2665 in
2624 2612 2866 2672 tristitia.
2908 2612 2961 2664 in
2999 2611 3223 2677 patititn,
3286 2613 3338 2664 iu
3374 2614 3455 2664 in-

1888 2700 2229 2769 dignatione,
2282 2698 2339 2751 in
2374 2698 2584 2761 litibus,
2646 2715 2804 2752 casso
2867 2700 3051 2753 labore
3096 2701 3461 2765 conquirere?

1879 2792 1943 2845 Et
1972 2794 2089 2848 lucc
2122 2792 2424 2845 secundum
2468 2790 2772 2859 simplicem
2822 2806 3067 2845 sensum.
3092 2791 3361 2846 Creterum
3398 2803 3459 2845 ιιι

1877 2885 2039 2937 altius
2073 2883 2374 2946 clcvemur,
2427 2882 2493 2936 de
2527 2881 2865 2950 philosophis
2905 2883 3037 2937 mihi
3087 2884 3321 2948 videtur,
3370 2886 3451 2938 vcl

1877 2975 2152 3029 haereticis
2190 2977 2410 3040 dicere,
2442 2975 2535 3044 qui
2578 2985 2911 3047 congregant
2965 2979 3185 3033 divitias
3235 2979 3458 3049 dogma-

1881 3082 1995 3122 tum
2020 3069 2073 3121 in
2112 3069 2311 3121 malum
2348 3084 2535 3130 suum,
2592 3078 2646 3122 et
2676 3085 2773 3125 nec
2820 3082 3131 3141 repertores
3171 3074 3458 3127 utilitatem

188 3175 281 3219 tus
324 3163 585 3233 dapibus,
611 3172 666 3218 et
695 3163 1121 3232 cogitationibus
1163 3163 1321 3235 431
1353 3168 1405 3220 in
1456 3167 1667 3221 diversa
1692 3161 1844 3227 la-C
1880 3169 2113 3231 possunt
2164 3160 2401 3228 aliquam
2443 3162 2731 3231 consequi,
2763 3178 2864 3218 nec
2919 3167 3286 3219 sectatoribus
3343 3168 3458 3219 suis

189 3268 441 3317 ccratns,
475 3256 716 3311 dormire
746 3272 855 3310 non
883 3257 1083 3320 valeat,
1135 3258 1477 3313 redumlante
1523 3263 1767 3328 crapula,

192 3359 248 3404 et
285 3350 505 3403 incocto
533 3347 657 3402 cibo
700 3349 755 3402 iu
792 3347 1059 3402 stomachi
1096 3348 1369 3415 angustiis
1420 3360 1689 3405 a‘stuante
1726 3350 1769 3405 ‘.

190 3442 397 3508 Porro,
436 3441 565 3511 quia
622 3456 871 3501 somnus,
939 3450 993 3494 et
1037 3443 1345 3499 communis
1391 3444 1459 3498 de
1521 3446 1622 3499 hac
1668 3446 1773 3499 vita

192 3536 383 3590 exitus
416 3533 739 3603 appellatur,
776 3534 973 3587 melior
995 3535 1098 3589 erit
1132 3537 1349 3605 requies
1376 3536 1497 3604 ejus
1525 3540 1613 3606 qui
1650 3554 1776 3606 ape-

195 3640 353 3684 ratur
380 3628 435 3681 in
458 3628 742 3697 presenti,
781 3639 834 3681 et
857 3630 1166 3681 secundum
1192 3629 1335 3685 vires
1367 3646 1497 3686 suns
1530 3632 1581 3685 in
1619 3632 1777 3689 bouis

271 3745 289 3775 ί
326 3741 602 3815 Hactenus
634 3742 834 3794 lectum
880 3748 997 3815 est.
1046 3741 1149 3803 Qui
1196 3743 1355 3808 plura
1411 3747 1652 3801 habuisse
1692 3766 1779 3815 pe-

198 3815 378 3872 culia',
412 3812 466 3863 id
491 3821 593 3871 cst,
616 3827 826 3879 pecora.
855 3812 1223 3881 designantur.
1263 3812 1772 3873 contradicentibus

200 3899 339 3937 mss.
404 3882 629 3952 nostris,
689 3882 740 3932 in
795 3896 1026 3947 quorum
1094 3882 1241 3934 nullo
1291 3895 1625 3952 postremum
1677 3889 1780 3943 hoc

197 3955 433 4004 verbum
490 3951 708 4023 lenitur,
767 3965 949 4023 quove
1006 3951 1303 4023 expuncto,
1367 3956 1783 4023 substitutoqne

199 4023 508 4075 habuissent
563 4035 659 4087 pro
689 4020 949 4081 habuisse,
970 4021 1293 4075 concinnius
1317 4032 1607 4077 contextus
1643 4020 1782 4081 fluit.

201 4094 380 4145 Porro
416 4092 578 4144 iidem
612 4104 741 4143 mss.
781 4090 968 4159 peculia
1000 4088 1209 4157 legunt,
1244 4106 1342 4159 pro
1376 4093 1606 4159 peculia.
1644 4094 1781 4153 Vide

200 4173 390 4215 autem
423 4160 694 4213 Nonnium
730 4173 761 4211 a
794 4157 1109 4213 Martianzo
1136 4157 1447 4216 laudatum.

273 4261 349 4273 —
392 4230 559 4283 Porro
586 4226 795 4281 Tullius
826 4228 1158 4297 pecuniosos,
1191 4240 1296 4284 etc.
1349 4232 1777 4291 Pecuniosomm

200 4314 257 4357 et
284 4302 622 4373 locuplgttlttt
683 4300 1090 4373 proprietatem,
1143 4301 1322 4369 inquit
1377 4302 1609 4371 Nonius,
1657 4320 1783 4373 ape-

203 4381 320 4425 ruit
352 4370 424 4424 Μ.
462 4368 696 4428 Tullius,
749 4369 815 4441 de
862 4366 1176 4441 senectute,
1205 4366 1234 4421 ἐ
1272 4386 1467 4440 pecore
1516 4366 1783 4441 peéun'io.

205 4457 327 4514 sos.
362 4450 417 4493 et
451 4454 480 4493 a
547 4438 989 4514 possessionibus
1035 4437 1284 4514 locorum
1338 4437 1641 4511 locupletes
1692 4462 1785 4514 ap-

203 4513 439 4579 pellatos
471 4522 746 4571 asserens,
767 4509 1046 4573 multaque
1075 4508 1282 4563 ditione
1305 4508 1487 4564 oviuui
1511 4524 1565 4567 et
1592 4508 1777 4578 boum,
1810 4519 1860 4578 ι)

205 4583 353 4645 quod
391 4590 521 4633 tunc
553 4587 671 4631 erat
699 4592 788 4630 res
826 4580 879 4631 in
927 4592 1120 4649 pecore
1148 4589 1202 4631 et
1256 4581 1517 4633 locorum
1560 4597 1780 4649 posscs-

206 4650 480 4713 sioudius,
514 4664 579 4703 ex
618 4662 727 4715 quo
749 4648 1030 4716 pecuniosi
1084 4658 1139 4702 et
1171 4650 1468 4719 locupletes
1515 4648 1787 4709 vocabun-

207 4732 319 4773 tur.
350 4719 503 4773 Msnr
526 4734 613 4771 AN.

284 4792 305 4819 ¹
346 4788 532 4840 Flacci
563 4805 764 4851 quoque
794 4803 950 4852 super
1006 4790 1120 4849 hoc,
1160 4800 1265 4843 etc.
1329 4790 1575 4855 Flaccus,
1628 4794 1677 4846 itl
1712 4807 1795 4850 est

206 4860 490 4913 Horatius.
556 4857 916 4926 Epistolarum
988 4860 1083 4913 lib.
1161 4872 1395 4927 “epist.
1470 4863 1525 4929 2,
1574 4865 1638 4917 ad
1668 4865 1793 4920 [ωι-

209 4931 344 4985 lium
372 4950 384 4983 :

274 5018 471 5075 Sperne
504 5016 804 5075 voluptates,
832 5022 980 5065 nocet
1001 5023 1163 5077 empta
1186 5018 1357 5066 dolore
1392 5018 1631 5081 voluptas.

276 5081 489 5140 Semper
511 5089 681 5123 avarus
703 5086 838 5138 eget.
864 5081 1061 5125 tlertum
1099 5087 1210 5125 voto
1240 5090 1356 5140 pete
1381 5083 1543 5131 linem.

272 5138 475 5189 Invidus
497 5140 703 5185 alterius
728 5144 875 5187 rebus
898 5142 1151 5187 macrescit
1176 5138 1371 5201 opimis.

1046 5250 1058 5261 ,
1146 5203 1383 5250 Maurus.

290 5281 309 5309 ³
339 5278 657 5354 Sallustius,
702 5278 758 5354 in
784 5278 945 5354 Catil.
1000 5296 1135 5354 cap._
1182 5284 1267 5335 ll.
1308 5285 1435 5337 Vide
1475 5300 1595 5354 qua:
1628 5286 1799 5339 adno-

214 5349 525 5403 tav.tnttsin
555 5354 718 5412 epist.
741 5349 861 5411 108,
897 5366 1046 5401 num.
1081 5352 1164 5404 19.

284 5448 360 5462 -
389 5419 472 5492 Et
515 5421 705 5470 nobilis
775 5420 1034 5472 historici.
1084 5422 1280 5475 Eadem
1330 5425 1557 5492 replicat
1590 5426 1641 5477 in
1673 5422 1797 5490 Epi-

214 5496 404 5553 upltio
456 5489 636 5541 Parthe
692 5492 899 5545 matris.
940 5496 1167 5545 tiu-ens;
1207 5510 1225 5542 ο
1260 5493 1335 5545 Ne
1394 5489 1794 5549 iunsuctudtne

217 5566 339 5626 plus
369 5560 603 5611 habendi
642 5568 901 5625 prteberet
929 5562 1103 5612 locum
1140 5568 1400 5625 avaritim,
1456 5580 1576 5630 qnze
1623 5566 1788 5617 nullis

214 5634 461 5694 expletur
495 5629 713 5695 Opibus,
738 5639 789 5679 et
817 5640 1017 5695 quanta
1040 5634 1309 5697 amplittsh
1334 5629 1543 5690 tlttlt‘l‘ll,
1574 5636 1691 5700 plus
1713 5652 1792 5685 tw-

216 5702 410 5769 quifit,
439 5713 485 5748 ct
516 5714 858 5766 nequi-cepta
881 5714 1056 5767 neque
1078 5704 1258 5767 inopia
1290 5703 1790 5755 minuitur.itVerl-a

222 5782 349 5821 sunt
382 5770 627 5821 Sallustii
652 5771 712 5820 de
736 5772 1116 5837 cunjttruttonc
1145 5773 1411 5831 (Latilitnu,
1439 5792 1468 5840 ιι
1487 5790 1556 5837 ιιι.
1581 5776 1613 5822 8
1664 5786 1711 5822 ιιι
1737 5776 1789 5835 ll,

226 5848 318 5893 ub;
362 5840 562 5892 nubilis
602 5840 899 5894 htstoricns
926 5852 991 5892 illi
1028 5857 1040 5893 ι
1071 5859 1087 5890 t
1128 5839 1261 5894 lltttc
1296 5857 1419 5910 quia
1456 5848 1609 5897 bonus
1652 5858 1791 5897 altus

1884 3255 2115 3308 lt'ut'tttn't
2150 3255 2462 3322 relinquere
2502 3267 2855 3325 perpetuum.
2879 3258 2982 3313 Sed
3038 3268 3093 3312 et
3128 3258 3229 3328 ipsi
3292 3270 3340 3312 et
3375 3260 3449 3312 (εἰς

1880 3348 2101 3418 scipuli,
2135 3358 2482 3402 revertuntur
2521 3349 2574 3401 in
2614 3360 2839 3414 terram,
2874 3360 2929 3403 et
2963 3350 3198 3417 perdunt
3239 3352 3462 3404 divitias

1881 3446 1948 3495 ab
1981 3457 2046 3496 eo
2077 3442 2166 3506 qni
2191 3441 2327 3495 dixit
2367 3460 2379 3495 :
2416 3441 2647 3495 Perdam
2677 3443 3001 3512 sapientiora
3036 3445 3379 3510 sapientium,
3411 3454 3461 3499 et

1880 3536 2215 3603 prudentiam
2262 3535 2601 3604 prudentium
2657 3538 2942 3604 reprobabo
2971 3539 2991 3568 ⁹
3019 3536 3070 3605 (1
3124 3537 3250 3591 Cor.
3280 3554 3316 3602 ι,
3349 3539 3459 3601 19)-.

1891 3627 2027 3683 Vere
2076 3628 2301 3698 quippe,
2348 3628 2494 3681 sicut
2531 3628 2741 3697 egressi
2791 3637 2920 3683 sunt
2968 3631 3033 3683 de
3079 3638 3234 3683 utero
3270 3634 3459 3683 matris

1881 3744 2101 3805 desunt,
2162 3741 2306 3794 dolis
2361 3756 2526 3804 atque
2582 3740 2817 3795 fallaciis
2866 3741 3172 3796 contemlit.
3225 3740 3455 3793 avaritia

1880 3813 2123 3881 pecunia
2154 3812 2403 3881 studium
2441 3811 2623 3871 habet,
2654 3825 2817 3879 quam
2856 3826 3037 3881 nemo
3064 3812 3287 3875 sapiens
3326 3827 3461 3863 con-

1882 3880 2106 3949 cupivit.
2158 3880 2221 3933 Et
2254 3880 2408 3949 quasi
2466 3882 2695 3933 Vt‘llClllS
2745 3882 2901 3933 malis
2949 3880 3181 3943 imbuta,
3249 3897 3452 3942 corpus

1882 3954 2235 4005 animumaue
2304 3950 2515 4003 viri'em
2587 3950 2861 4004 elTetninat
2907 3965 2920 4002 :
2960 3966 3171 4016 St‘mpr‘r
3227 3952 3459 4010 inlinitu,

1905 4024 2229 4075 insatiabilis
2324 4030 2450 4081 est,
2502 4035 2678 4088 neque
2756 4019 2935 4088 copia,
3016 4036 3192 4086 neque
3281 4023 3458 4085 ὴυυμω

1884 4092 2170 4146 minuitur.
2212 4110 2229 4141 ι
2272 4090 2535 4145 Msn'rtsv.

1952 4160 1973 4191 δ
2003 4162 2177 4216 Vatic.
2204 4162 2419 4223 duoque
2463 4158 2716 4225 Palatini,
2754 4156 2834 4212 Et.
2870 4158 3100 4213 incoctas
3155 4160 3298 4213 cibos
3356 4170 3465 4215 sta-

1887 4232 2062 4283 machi
2100 4230 2362 4300 angustiis
2394 4239 2674 4300 ajstuantc.

1956 4302 1975 4332 '
2008 4298 2185 4354 Iidem'
2217 4315 2347 4353 mss.
2398 4298 2677 4361 Vretvobis,
2704 4300 2907 4359 divites,
2937 4302 3080 4369 quia,
3119 4310 3227 4355 t'tc.

1963 4371 1983 4401 °
2046 4370 2244 4427 Verba.
2297 4370 2363 4423 Et
2420 4369 2531 4437 peri
2565 4381 2684 4420 runt
2726 4369 2949 4432 dicitur,
3010 4374 3060 4423 iu
3119 4371 3292 4423 Vatic.
3358 4388 3465 4426 non

1892 4442 2184 4495 habentur.
2220 4439 2380 4493 Levia
2417 4441 2665 4505 qna-dant
2700 4440 2836 4491 intra
2860 4442 3235 4494 etnendatnns.

1958 4514 1975 4543 ⁷
2011 4511 2173 4563 Addit
2230 4510 2478 4564 Vaticun.
2512 4528 2524 4562 :
2562 4508 2627 4561 Et
2668 4524 2783 4575 qua:
2818 4521 2888 4562 est
2956 4510 3207 4575 fortitudo
3258 4512 3468 4566 habenti

1903 4584 2048 4643 illas,
2090 4581 2274 4633 nisiut
2312 4582 2483 4633 rideat
2513 4580 2677 4631 oculis
2714 4582 2847 4632 suis.
2877 4578 3023 4650 Tum
3051 4597 3287 4650 egressus
3320 4585 3468 4650 legit,

1902 4669 2001 4719 pro
2042 4653 2223 4712 exivit,
2267 4651 2729 4715 quemadtnodmn
2780 4662 2832 4701 et
2875 4648 3150 4704 Palatinus
3207 4652 3344 4705 alter
3375 4648 3469 4707 ᾌιιι

1903 4724 2020 4775 lil‘ri
2052 4738 2200 4771 orant
2244 4721 2474 4787 reponit.

1972 4793 1993 4821 '
2031 4791 2218 4844 Nudus
2269 4800 2643 4854 rcuertetur,ut
2669 4792 2827 4844 venit.
2848 4789 3072 4854 Quanta:
3097 4802 3147 4844 et
3178 4807 3335 4858 quam
3372 4794 3471 4845 fre-

1900 4874 2128 4931 quentes
2156 4864 2265 4913 sint
2321 4863 2736 4931 depravationes
2796 4871 2850 4913 et
2906 4873 3194 4915 euntextns
3223 4865 3389 4925 sacri,
3422 4877 3475 4916 et

1898 4930 2435 4989 Cotnmcntariorunt
2468 4930 2777 5000 Hieronymi
2813 4933 2861 4984 in
2896 4943 3053 4984 antea
3110 4933 3269 4985 editis
3298 4934 3474 4997 libris,

1903 5006 2059 5058 facile
2095 5003 2401 5069 pervidebis
2460 5018 2524 5053 ex
2594 5001 2747 5056 Notis
2800 5005 3281 5067 consequentibus.
3338 5004 3470 5057 Nam

1903 5078 2005 5128 hoc
2031 5074 2148 5125 loco
2178 5073 2415 5139 primum
2450 5072 2520 5121 ita
2553 5071 2737 5133 legunt
2766 5088 2779 5125 :
2834 5070 3024 5124 Nudus
3065 5082 3381 5126 revertetur:
3420 5087 3472 5125 ut

1902 5163 1988 5198 cas
2013 5145 2144 5194 sicut
2202 5143 2363 5198 venit.
2408 5151 2455 5192 et
2496 5140 2623 5192 nihil
2671 5144 2859 5204 accipit
2898 5145 2961 5195 de
3010 5143 3201 5194 labore
3240 5158 3354 5201 suo,
3419 5158 3471 5195 ut

1904 5223 2075 5267 teneat
2119 5214 2173 5262 in
2211 5229 2373 5263 manu
2412 5212 2597 5277 ipsius.
2650 5210 2752 5263 Sed
2790 5225 2839 5266 et
2888 5219 2983 5263 huc
3018 5216 3223 5265 vanitas
3276 5224 3322 5264 ct
3358 5214 3473 5265 lun-

1901 5300 2031 5350 ηδιον
2088 5284 2371 5348 pessimus:
2436 5282 2573 5331 sicut
2638 5284 2774 5334 enim
2822 5284 3052 5341 advenit,
3087 5284 3158 5333 ita
3216 5292 3262 5334 ct
3320 5286 3468 5337 aluit.

1903 5360 2033 5415 (tua:
2060 5353 2387 5403 abundantia
2436 5350 2551 5417 ejus
2598 5354 2688 5419 qui
2748 5355 2799 5403 in
2849 5367 3054 5403 ventum
3107 5354 3361 5406 laborat?
3413 5354 3475 5406 Ιιί

1899 5424 2108 5489 quidem
2162 5423 2402 5472 omnibus
2445 5423 2625 5472 uiebtts
2685 5424 2796 5473 suis
2851 5424 2905 5473 in
2952 5425 3173 5473 tenebris
3228 5428 3472 5485 eunte/lit,

1898 5510 1946 5546 et
1984 5497 2126 5544 (ιιι-ιη
2158 5503 2204 5543 et
2246 5494 2533 5543 iracundia
2567 5492 2755 5556 multa,
2790 5504 2834 5543 ct
2872 5492 3144 5562 languore,
3171 5505 3217 5543 ct
3244 5495 3475 5547 insanin.

1901 5566 2168 5617 ΜΛΠΤΙᾹΝ.

1972 5639 1990 5665 ²⁴
2037 5632 2385 5683 l'rudcnliam
2424 5631 2758 5693 prudentium
2800 5634 3102 5697 reprolrnho.
3163 5632 3476 5685 llic‘ntttem

1902 5705 2107 5754 addunt
2144 5703 2329 5753 ἐςιιιῖιες
2366 5718 2377 5753 ;
2414 5699 2511 5751 Ulli
2551 5705 2782 5765 sapiens,
2814 5715 2899 5753 um
2949 5705 3143 5763 scrit’tu,
3188 5704 3273 5753 ubi
3305 5706 3479 5770 inqut~

1901 5776 2032 5824 situr
2091 5772 2246 5837 hujus
2300 5771 2524 5821 stt'culi?
2564 5772 2747 5824 Anime
2806 5779 3027 5822 stultam
3059 5774 3174 5837 fecit
3219 5774 3351 5824 licus
3387 5790 3472 5825 sa-

1902 5848 2150 5912 pientiam
2182 5843 2335 5909 hujus
2371 5840 2594 5897 nttuttli?
2620 5852 2671 5894 ct
2711 5844 2914 5914 r--liqua
2969 5842 3233 5897 manu,
