4210 6350
755 384 883 447 1111

1946 376 2006 440 ‘3.
2047 371 2361 439 EUSEBII
2400 376 2842 441 HlERONYMI

3885 373 4009 437 1112

750 517 884 564 διιεῖ»,
918 501 986 556 de
1020 515 1271 571 perversa
1307 498 1562 554 videlicet
1613 497 1879 563 Ecclesia,
1919 500 2151 569 ejusque
2194 513 2328 552 con-
2355 497 2402 553 Α
2429 494 2571 563 ejus,
2607 506 2661 550 et
2688 498 2867 552 anima
2893 497 3014 568 ejus
3043 511 3150 550 non
3188 496 3460 567 repleatur
3493 493 3675 552 bouis.
3711 506 3810 545 nec
3837 493 4007 558 sepul-

757 594 921 647 traria
945 593 1013 649 de
1052 610 1158 664 qua
1184 594 1199 622 ¹
1226 593 1495 662 scriptum
1541 603 1665 648 est:
1695 592 1826 658 Qui:
1881 603 2060 647 autem
2114 607 2326 645 sursum

753 694 829 737 est
882 684 1202 747 Jerusalem,
1244 681 1409 754 432
1459 682 1623 738 libera
1679 692 1798 746 est,
1851 697 1967 752 qua:
2025 690 2104 734 est
2161 688 2331 732 mater

755 780 990 830 omnium
1022 785 1257 830 nostrum
1292 777 1314 807 '
1348 775 1555 833 lGalat.
1585 793 1661 841 tv,
1698 775 1790 845 26)
1813 817 1826 840 ,
1866 775 1945 829 sic
1973 772 2104 827 nudi
2134 773 2335 826 vadent

759 871 810 921 in
843 881 1088 934 ventum,
1113 880 1170 924 et
1201 871 1256 924 in
1320 871 1552 924 nihilum
1616 870 1948 923 laborantes.
1979 867 2083 935 Qui
2117 866 2335 921 defece-

756 971 881 1014 runt
912 969 1225 1018 scrutantes
1270 964 1535 1018 scrutinio
1560 961 1734 1032 (Psal.
1767 978 1901 1026 uti,
1933 962 2028 1030 7),
2059 971 2114 1016 et
2152 960 2335 1015 ferun-

755 1070 847 1113 tur
867 1060 1014 1114 omni
1039 1070 1203 1116 vento
1253 1062 1538 1124 doctrinae,
1589 1075 1692 1116 nec
1745 1059 1946 1115 habent
1986 1059 2184 1122 lucem,
2238 1056 2335 1112 sed

759 1154 811 1207 iu
841 1154 1082 1210 tenebris
1119 1171 1219 1211 sua
1271 1156 1568 1209 comedunt
1603 1163 1968 1210 sacramenta.
2015 1155 2242 1222 Semper
2278 1153 2336 1206 in

757 1245 1096 1309 inﬁrmitate,
1139 1265 1354 1318 semper
1413 1250 1466 1302 in
1519 1250 1804 1305 iracundia
1854 1255 2004 1310 sunt.
2062 1246 2340 1302 thesauri-

761 1350 950 1395 zantes
985 1341 1087 1395 sibi
1119 1340 1257 1396 iram
1296 1343 1348 1395 in
1383 1341 1470 1395 die
1507 1342 1624 1404 irre.
1687 1358 1788 1397 nec
1838 1341 2104 1395 habentes
2155 1341 2341 1409 propi-

759 1435 896 1488 tium
933 1436 1123 1489 Deum.

825 1528 966 1581 Ecce
996 1529 1142 1596 quod
1179 1529 1286 1583 vidi
1327 1546 1428 1601 ego
1488 1533 1713 1594 bonum,
1753 1531 1896 1597 quod
1934 1541 2021 1586 est
2047 1532 2340 1599 optimum,

761 1621 1070 1682 comedere,
1105 1633 1159 1675 et
1199 1623 1408 1687 bibere,
1457 1636 1507 1676 et
1561 1639 1787 1678 cernere
1837 1625 2237 1693 jucunditatein
2285 1626 2338 1677 in

761 1712 912 1765 omni
952 1714 1136 1769 labore
1187 1731 1311 1779 suo,
1343 1732 1452 1783 quo
1493 1716 1765 1770 laboravit
1799 1717 1904 1770 sub
1938 1719 2074 1779 sole,
2110 1733 2344 1771 numero

761 1805 976 1860 dierum
1021 1808 1146 1860 vitae
1199 1824 1333 1873 suae,
1364 1824 1503 1878 quos
1537 1809 1688 1864 dedit
1721 1811 1767 1862 ei
1803 1811 1967 1875 Deus,
1999 1811 2113 1864 haec
2140 1813 2344 1880 quippe

762 1908 847 1952 est
881 1915 1006 1966 pars
1045 1899 1190 1965 eius.
1221 1900 1326 1954 Sed
1364 1911 1416 1954 et
1451 1903 1632 1955 omnis
1665 1903 1849 1967 homo,
1886 1904 1974 1956 cui
2021 1905 2170 1958 dedit
2201 1905 2344 1959 Deus

762 1993 983 2045 divitias
1036 2003 1092 2047 et
1121 1994 1510 2058 substantiam,
1540 2000 1921 2067 concessitque
1954 2001 2028 2064 ei,
2064 2010 2123 2052 ut
2157 2017 2348 2055 vesce-

764 2096 913 2139 retur
945 2104 1009 2139 ex
1060 2087 1164 2150 eis,
1217 2096 1270 2140 et
1295 2089 1514 2141 tolleret
1539 2101 1752 2156 partem
1782 2107 1962 2152 suam,
1991 2100 2046 2144 et
2069 2092 2348 2146 ltetaretur

762 2179 829 2230 de
857 2180 1047 2233 labore
1082 2194 1206 2243 suo,
1250 2181 1353 2233 hoc
1383 2181 1474 2234 Dei
1509 2183 1716 2235 donum
1746 2192 1848 2235 est.
1891 2181 2009 2235 Non
2039 2185 2184 2236 enim
2213 2189 2348 2238 mnl~

763 2281 878 2325 tum
929 2273 1313 2326 recordabitur
1343 2275 1556 2328 dierum
1592 2277 1714 2328 vita:
1745 2293 1878 2340 sure,
1916 2279 2042 2343 quia
2075 2276 2218 2329 Deus
2252 2293 2348 2330 oc-

764 2376 926 2434 eupat
959 2366 1012 2418 in
1059 2365 1243 2418 Iustitia
1267 2381 1362 2419 cor
1380 2368 1520 2435 ejus.
1554 2386 1572 2416 ι
1603 2368 1681 2418 Ad
1709 2370 2174 2434 comparationem
2200 2370 2346 2439 ejus.

765 2461 859 2526 qui
913 2460 1112 2528 opibus
1167 2460 1282 2512 suis
1330 2461 1385 2512 in
1428 2476 1686 2513 curarum
1717 2463 1960 2516 tenebris
1996 2465 2256 2526 vescitur,
2299 2476 2352 2520 et

766 2569 891 2607 cum
926 2555 1118 2622 grandi
1151 2555 1278 2608 vitae
1322 2554 1482 2605 tiedio
1519 2555 1757 2618 peritura
1799 2565 2128 2622 comportat,
2161 2560 2352 2610 meliu-

766 2664 884 2700 rem
939 2648 1075 2701 dicit
1119 2662 1239 2699 esse
1291 2661 1440 2709 eum,
1479 2646 1571 2715 qui
1604 2649 1968 2713 praesentibus
1998 2648 2217 2704 fruitur.
2253 2652 2352 2705 Hic

768 2741 914 2794 enim
955 2741 1036 2793 vel
1089 2755 1253 2808 parva
1299 2741 1552 2809 voluptas
1583 2751 1669 2796 est
1715 2742 1769 2794 in
1805 2742 2080 2797 fruendo:
2117 2744 2188 2796 ibi
2223 2760 2352 2797 vero

771 2833 1212 2886 sollicitudinum
1267 2834 1648 2886 tantummodo
1701 2834 2045 2900 magnitudo.
2079 2835 2142 2888 Et
2175 2836 2353 2889 reddit

773 2940 992 2986 causas,
1025 2939 1194 2993 quare
1245 2924 1336 2978 Dei
1378 2925 1582 2978 donum
1621 2925 1692 2978 sit
1727 2926 1832 2978 frui
1876 2929 1896 2958 θ
1931 2941 2094 2995 posse
2120 2928 2349 2982 divitiis.

774 3021 1066 3086 Quoniam,
1123 3019 1245 3072 Non
1301 3020 1525 3072 multum
1577 3021 1944 3075 recordabitur
1978 3023 2182 3075 dierum
2233 3023 2354 3075 vita:

777 3132 911 3166 stur.
969 3115 1176 3166 Avocat
1228 3114 1429 3182 quippe
1477 3129 1600 3166 eum
1663 3109 1804 3166 Deus
1844 3117 1896 3167 in
1953 3115 2138 3168 laetitia
2172 3115 2354 3169 cordis

779 3209 864 3261 sui
897 3225 912 3260 :
945 3223 1052 3259 non
1100 3209 1205 3261 erit
1255 3207 1304 3260 in
1335 3207 1581 3270 tristitia,
1621 3223 1726 3260 non
1768 3209 2100 3275 cogitatione
2137 3208 2357 3261 vexahi-
2385 3188 2426 3242 ο

765 3313 894 3365 tur,
931 3303 1197 3356 abductus
1250 3302 1434 3356 laetitia
1487 3312 1542 3355 et
1589 3301 1866 3368 voluptate
1918 3303 2192 3370 presenti.
2249 3301 2355 3356 Sed

782 3399 978 3449 melius
1005 3407 1089 3449 est
1114 3397 1270 3464 juxta
1301 3396 1622 3463 Apostolum
1668 3393 1720 3463 (1
1753 3392 1879 3447 Cor.
1913 3411 1965 3448 ι.
1998 3395 2077 3462 5).
2103 3395 2360 3462 spiritua-

784 3495 888 3543 lem
924 3504 1102 3542 escam
1139 3498 1191 3540 et
1226 3487 1568 3553 spiritualem
1607 3498 1794 3555 potum
1831 3501 1860 3538 a
1894 3485 2003 3538 Deo
2052 3488 2238 3539 datum
2279 3489 2363 3538 iu-

786 3581 975 3648 trlligi,
1026 3590 1082 3633 et
1141 3581 1327 3632 videre
1385 3579 1687 3633 bonitatem
1742 3579 1794 3631 in
1833 3576 1980 3631 omni
2018 3579 2205 3630 labore
2236 3593 2357 3638 suo,

782 3675 911 3742 quia
967 3673 1168 3740 ingenti
1227 3673 1408 3725 labore
1439 3683 1491 3725 et
1517 3671 1696 3724 studio
1728 3687 1853 3724 vera
1895 3685 2194 3739 possumus
2233 3686 2364 3724 con-

787 3767 1038 3834 templari
1074 3767 1239 3820 bona.
1280 3765 1345 3818 Et
1386 3767 1503 3817 haec
1572 3773 1660 3818 est
1693 3779 1819 3831 pars
1860 3773 2069 3826 nostra,
2104 3763 2237 3816 utin
2267 3777 2363 3814 no-

788 3874 905 3915 δτι-ο
930 3859 1111 3913 studio
1157 3867 1212 3911 et
1255 3858 1444 3909 labore
1509 3857 1776 3907 laetemur.
1810 3853 1965 3918 Quod
1997 3853 2123 3906 licet
2159 3854 2362 3906 bouum

789 3956 883 4014 sit,
935 3963 1138 4012 tamen,
1172 3951 1346 4005 donec
1385 3947 1640 4000 Christus
1687 3945 2072 3999 nianifestetur
2096 3945 2205 4001 vita
2265 3960 2365 3998 no-

791 4056 925 4104 stra.
969 4047 1201 4100 necdum
1236 4045 1390 4110 plene
1424 4043 1628 4094 bonum
1665 4049 1771 4095 est.
1801 4039 1868 4092 Et
1909 4038 2030 4092 ideo
2067 4053 2178 4091 non
2231 4039 2368 4091 mul-

793 4150 906 4192 tum
943 4136 1322 4190 recordabitur
1354 4133 1493 4186 Deus
1524 4133 1736 4184 dierum
1772 4131 1900 4183 vita:
1925 4137 2147 4182 nostrae.
2168 4128 2371 4181 Notan-

791 4234 922 4285 dum
978 4245 1219 4298 quoque,
1269 4227 1413 4295 quod
1467 4226 1554 4279 hic
1595 4221 1986 4291 περισπασμός
2045 4222 2097 4273 in
2157 4221 2369 4276 meliori

793 4331 948 4392 parte
976 4322 1240 4390 accipitur
1265 4333 1362 4388 pro
1385 4317 1750 4386 occupatione
1781 4311 2090 4381 spiritualis
2121 4327 2373 4379 veraeque

795 4416 1016 4470 lmtitiae.

2434 605 2588 643 crum
2642 589 2927 655 ftieritilli,
2956 591 3067 644 dixi
3092 591 3294 645 melius
3318 592 3387 643 ah
3426 605 3494 644 eo
3524 604 3650 643 esse
3683 585 4004 639 abortivum.

2435 681 2493 735 lu
2525 683 2764 736 vanitate
2798 684 2999 753 quippe
3027 685 3198 750 venit,
3228 694 3281 738 et
3307 683 3360 737 in
3392 681 3639 737 tenebris
3671 692 3872 732 nomen
3896 675 4003 743 ejus

2435 775 2822 829 abseondetur.
2854 775 2919 830 Et
2949 777 3171 847 quidem
3207 778 3374 833 solem
3412 791 3518 830 non
3568 773 3732 833 vidit,
3773 785 3872 823 nec
3895 783 4004 836 cog-

2438 872 2612 936 n0vit,
2653 873 2872 939 requies
2920 875 3047 928 huic
3097 875 3274 943 magis
3313 887 3476 942 quam
3513 869 3610 925 illi.
3641 868 3707 920 Et
3744 866 3791 919 si
3833 861 4006 918 vixerit

2437 964 2587 1019 mille
2615 981 2790 1021 annos
2819 966 3082 1035 duplices,
3117 976 3173 1021 et
3193 965 3491 1020 bonitatem
3514 978 3627 1016 non
3656 959 3815 1017 vidit.
3846 971 4005 1009 nonne

2439 1057 2504 1110 ad
2540 1057 2720 1112 locum
2750 1075 2920 1114 unum
2956 1060 3142 1114 omnia
3185 1057 3511 1130 properant?
3547 1075 3566 1108 ι
3602 1050 3874 1107 Describit
3898 1065 4004 1101 ara-

2439 1166 2560 1205 rum
2590 1151 2839 1215 divitem,
2873 1163 2926 1208 et
2958 1155 3061 1209 hoc
3088 1155 3294 1209 malum
3319 1153 3582 1223 frequens
3607 1163 3735 1204 esse
3771 1147 3823 1200 in
3853 1145 4007 1197 homi-

2440 1241 2603 1296 nibus
2645 1243 2862 1306 asserit.
2918 1246 3064 1314 quod
3109 1244 3246 1300 nihil
3295 1257 3511 1303 eorum,
3561 1257 3688 1310 quae
3728 1239 3784 1293 in
3827 1237 4010 1291 mundo

2442 1347 2704 1405 putantur
2744 1337 2912 1399 bona.
2937 1341 2985 1392 ei
3014 1339 3178 1404 desit,
3219 1346 3274 1393 et
3307 1336 3670 1392 nihilominus
3703 1332 4007 1388 stultissima

2446 1432 2713 1496 parcitate
2766 1446 2825 1486 se
2861 1433 3090 1494 cruciet,
3139 1432 3264 1486 aliis
3299 1429 3614 1485 devoranda
3664 1438 4008 1481 conservans.

2445 1521 2664 1576 Necnon
2719 1533 2770 1577 et
2806 1524 2942 1579 illud
2993 1524 3341 1594 hyperbolice
3367 1522 3576 1591 adjicit,
3606 1519 3756 1588 quod
3783 1519 3937 1571 etiam
3975 1515 4013 1568 si

2445 1624 2665 1668 centum
2705 1616 2908 1670 liberos
2936 1617 3264 1684 procreavit,
3301 1627 3354 1670 et
3389 1632 3499 1669 non
3535 1623 3593 1667 ut
3623 1613 3823 1674 Adam.
3867 1622 4015 1675 Ρωρο

2447 1711 2613 1773 mille,
2645 1710 2743 1766 sed
2775 1710 2989 1764 duobus
3019 1710 3266 1764 millibus
3295 1709 3498 1763 vixerit
3526 1707 3717 1768 annis,
3767 1713 3821 1756 et
3848 1700 4014 1754 anima

2378 1849 2417 1902 Β
2448 1807 2568 1874 ejus
2601 1803 2900 1873 cupiditate
2938 1815 2994 1859 et
3031 1804 3264 1858 avaritia
3296 1802 3647 1857 contabescat
3678 1816 3694 1853 :
3732 1797 3904 1867 multo
3933 1796 4014 1847 de-

2452 1898 2668 1951 terioris
2701 1897 3034 1952 conditionis
3068 1900 3138 1951 sit
3165 1897 3441 1959 abortivo,
3491 1895 3582 1963 qui
3619 1895 3810 1946 statim
3842 1899 3899 1943 ut
3928 1903 4014 1940 na-

2453 2001 2540 2043 tus
2571 1989 2810 2051 videtur,
2838 1989 3065 2044 interiit.
3105 1987 3198 2043 Ille
3226 1989 3376 2041 enim
3411 2003 3511 2041 nec
3547 1986 3694 2039 mala
3730 1984 3893 2041 vidit.
3931 1995 4018 2034 nec

2453 2083 2636 2136 bona:
2688 2083 2792 2136 iste
2841 2098 2990 2144 vero,
3045 2098 3172 2136 cum
3227 2082 3368 2134 bona
3429 2079 3764 2148 possederit,
3824 2090 4021 2140 semper

2454 2176 2694 2230 tristitiis
2740 2187 2794 2228 et
2839 2176 3176 2245 cogitatione
3230 2175 3512 2229 cruciatus
3561 2182 3694 2226 est:
3751 2169 4020 2238 magisque

2453 2272 2696 2338 requiem
2739 2269 2936 2322 habeat
2978 2269 3284 2328 abortivus,
3333 2281 3497 2335 quam
3555 2279 3762 2317 avarus
3795 2263 3882 2316 ille
3912 2261 4020 2313 lon-

2453 2379 2681 2431 gaevus:
2730 2371 2782 2415 et
2825 2370 3004 2414 tamen
3056 2359 3219 2414 ambo
3249 2358 3449 2426 aequali
3509 2358 3616 2410 fine
3669 2355 3949 2421 rapiantur
3982 2353 4020 2410 ',

2453 2458 2580 2508 dum
2616 2466 2667 2509 et
2706 2455 2794 2508 hic
2823 2465 2876 2508 et
2919 2454 3005 2506 ille
3061 2463 3233 2506 morte
3269 2451 3435 2506 simili
3475 2451 3901 2504 subtrahuntur.
3933 2443 4022 2496 Pu-

2455 2558 2555 2602 test
2592 2551 2694 2601 huc
2735 2556 2790 2601 et
2827 2549 2891 2598 de
2917 2545 3086 2599 lsrael
3134 2545 3336 2612 accipi,
3366 2544 3511 2611 quod
3547 2543 3762 2594 dederit
3795 2539 3870 2592 illi
3895 2539 4022 2592 Deus

2455 2641 2674 2709 Legem,
2713 2651 2767 2692 et
2820 2639 3146 2705 Prophetas,
3177 2635 3620 2694 Testamentum,
3655 2644 3711 2686 et
3744 2630 4024 2698 repromis-

2457 2735 2688 2794 sionem,
2717 2731 3000 2786 Salvatore
3030 2730 3252 2783 dicente
3280 2747 3293 2781 :
3327 2728 3466 2792 Quia
3516 2726 3799 2795 auferetur
3843 2740 3873 2776 a
3896 2723 4022 2776 vobis

2456 2843 2675 2896 regnum
2713 2827 2828 2889 Dei,
2860 2836 2910 2878 et
2949 2826 3166 2877 dabitur
3206 2825 3348 2892 genti
3378 2822 3599 2890 facienti
3633 2823 3840 2887 fructus
3872 2817 3975 2884 ejus
4006 2817 4024 2843 '

2459 2922 2475 2986 (
2506 2919 2693 2971 Matth.
2725 2934 2838 2978 χιι,
2871 2917 2998 2980 45).
3032 2919 3155 2968 Hier
3183 2915 3367 2968 omnia
3407 2917 3470 2965 ad
3513 2912 3756 2966 alienum
3793 2921 3848 2960 et
3875 2921 4025 2976 pere-

2457 3015 2671 3080 grinum
2714 3013 2780 3064 de
2811 3011 3062 3079 gentibus
3099 3010 3363 3062 translata
3399 3008 3506 3062 sint
3536 3005 3828 3073 pupulum,
3869 3011 3918 3052 et
3958 3000 4027 3049 vi-

2458 3105 2621 3157 deant
2681 3104 2754 3156 illi
2809 3105 2950 3156 bona
3005 3119 3127 3166 sua,
3168 3113 3222 3155 et
3282 3117 3391 3155 non
3449 3100 3728 3153 fruantur.
3770 3096 4030 3160 Multoque

2463 3217 2562 3253 nos
2594 3201 2929 3254 conditionis
2955 3215 3076 3252 esse
3113 3199 3383 3258 melioris,
3444 3197 3538 3266 qui
3577 3195 3738 3262 quasi
3810 3189 4028 3246 abortivi

2461 3302 2514 3347 et
2543 3293 2736 3346 novelli
2774 3293 3102 3361 putabamur
3135 3294 3202 3344 ab
3231 3292 3330 3354 eis,
3369 3291 3462 3358 qui
3493 3289 3598 3341 sibi
3636 3289 3690 3339 in
3717 3286 4031 3353 antiquitate

2465 3386 2872 3452 applaudebant
2909 3388 2974 3438 de
3025 3384 3274 3452 patribus
3330 3381 3631 3450 gloriantes
3663 3390 3830 3446 atque
3863 3380 4031 3428 dicen.

2466 3488 2548 3532 tes
2584 3494 2596 3522 :
2630 3477 2792 3529 Pater
2818 3487 2995 3529 noster
3021 3483 3097 3528 est
3133 3476 3399 3528 Abraham
3433 3471 3628 3541 (Joan.
3663 3486 3785 3532 vin,
3814 3470 3915 3536 '59)
3949 3487 3960 3521 :
3989 3475 4035 3518 ct

2467 3583 2647 3627 tamen
2682 3572 2747 3624 ad
2781 3587 2947 3624 unum
2979 3571 3157 3623 locum
3187 3579 3238 3623 et
3269 3585 3369 3623 nos
3395 3578 3448 3622 ct
3482 3569 3603 3620 illos
3643 3579 3960 3634 properare.
3992 3562 4035 3613 id

2465 3675 2570 3727 est,
2625 3664 2690 3715 ad
2740 3663 3009 3732 judicium
3069 3661 3182 3715 Dei.
3221 3661 3377 3726 Quod
3411 3667 3594 3713 autem
3630 3659 3683 3710 iu
3714 3657 3896 3710 medio
3930 3656 3993 3707 ait
4023 3670 4036 3705 :

2467 3757 2538 3810 Et
2583 3755 2792 3825 quidem
2838 3755 3137 3822 sepulcrum
3188 3770 3291 3805 non
3329 3753 3430 3818 fuit
3458 3754 3542 3815 ei;
3597 3751 3717 3805 sive
3754 3751 3860 3802 hoc
3895 3744 4043 3817 434

2470 3851 2763 3917 significat,
2797 3848 2940 3915 quod
2993 3847 3144 3898 dives
3175 3844 3265 3896 ille
3313 3843 3378 3896 de
3415 3857 3512 3895 sua
3543 3851 3724 3893 morte
3761 3857 3870 3893 non
3904 3842 4042 3905 cogi-

2474 3951 2568 4003 tet,
2603 3949 2656 3990 et
2686 3954 2810 3992 cum
2845 3937 3028 3991 omnia
3061 3933 3361 4004 possideat,
3398 3933 3567 3984 etiam
3599 3931 3651 3981 in
3680 3930 4046 3982 exstrui-time

2472 4031 2706 4098 sepulcri
2756 4043 2955 4080 avarus
3002 4028 3110 4090 sit;
3145 4026 3262 4079 sive
3292 4024 3437 4093 quod
3496 4038 3642 4090 saepe
3669 4035 3898 4089 propter
3923 4020 4046 4070 istas

2471 4124 2695 4178 divitias
2726 4122 2943 4175 occisus
2973 4120 3214 4181 insidiis,
3242 4115 3549 4182 insepultus
3572 4114 3893 4181 abjiciatur,
3924 4114 4046 4170 sive,

2472 4214 2620 4282 quod
2655 4212 2851 4265 melius
2889 4221 3040 4279 puto,
3064 4209 3198 4262 nihil
3236 4206 3368 4261 boni
3407 4204 3674 4259 facinoris
3709 4203 3886 4269 egerit
3918 4203 3958 4264 ⁷,
3992 4217 4046 4251 ex

2477 4321 2584 4372 quo
2601 4305 2700 4357 sibi
2729 4313 2894 4372 queat
2917 4303 3061 4370 apud
3096 4310 3345 4369 posteros
3364 4298 3688 4350 memoriam
3716 4308 4049 4360 comparare,

2475 4408 2530 4449 et
2563 4411 2673 4448 non
2705 4396 2870 4447 vitam
2899 4393 3118 4450 silentio
3149 4391 3409 4452 transire,
3445 4387 3601 4442 velut
3633 4387 3904 4454 pecudes.
3937 4399 4048 4434 cum

872 4511 1040 4580 (Cap.
1078 4507 1209 4575 Vi.)
1255 4524 1272 4557 ι
1315 4503 1411 4559 Est
1441 4504 1667 4562 malum,
1698 4500 1846 4570 quod
1880 4499 1988 4552 vidi
2021 4499 2122 4551 sub
2157 4499 2294 4563 sole,
2322 4508 2372 4553 et
2407 4519 2450 4574 Ι)
2480 4488 2735 4580 habilem
2785 4486 3093 4548 materiam-
3149 4498 3246 4554 Ρθτ
3293 4496 3458 4551 quam
3510 4479 3757 4546 νοιυετὶι
3798 4492 4052 4546 δνρωτετε

797 4604 1058 4670 frequens
1112 4598 1254 4667 apud
1294 4597 1565 4649 homines.
1601 4593 1696 4645 Vir
1732 4594 1816 4645 cui
1847 4592 1998 4644 dedit
2027 4591 2188 4661 5.33
2234 4590 2374 4644 Dens

798 4695 1041 4754 divitias,
1072 4701 1128 4745 et
1160 4688 1544 4748 substantiam,
1581 4695 1634 4739 et
1668 4687 1919 4755 gloriam.
1950 4693 2004 4734 et
2043 4683 2176 4734 nihil
2225 4681 2376 4734 deest

801 4789 995 4840 anima:
1030 4786 1147 4854 ejus
1187 4800 1253 4837 ex
1285 4781 1564 4841 omnibus,
1611 4793 1732 4847 qua:
1778 4775 2130 4836 desideravit,
2181 4783 2234 4826 et
2269 4789 2374 4826 non

801 4882 950 4934 dedit
997 4881 1042 4931 ei
1085 4878 1230 4929 Deus
1274 4880 1620 4942 potestatem.
1677 4881 1735 4923 ut
1769 4869 2129 4921 manducarel
2183 4883 2248 4920 ex
2289 4882 2375 4926 eo,

805 4973 899 5027 sed
931 4973 1013 5024 vir
1042 4971 1253 5024 alienus
1299 4965 1539 5020 comedit
1575 4963 1729 5016 illud.
1778 4961 1903 5013 "me
1939 4963 2150 5011 vanitas
2183 4968 2287 5021 est,
2328 4967 2382 5011 et

809 5068 1037 5133 languor
1072 5062 1364 5130 pessimus.
1397 5058 1452 5109 Si
1490 5055 1739 5124 genuerit
1769 5056 1850 5106 vir
1879 5062 2093 5105 centum
2128 5053 2148 5078 ⁸
2206 5062 2259 5102 et
2286 5067 2383 5102 an-

809 5161 894 5213 uis
929 5159 1109 5210 multis
1145 5157 1365 5214 vixerit,
1397 5161 1450 5203 et
1482 5152 1665 5218 plures
1703 5148 1908 5200 fuerint
1958 5148 2077 5198 dies
2109 5159 2380 5196 annormu

884 5297 898 5324 ‘
943 5293 1085 5345 idem
1111 5289 1311 5349 Vatic.,
1341 5305 1456 5353 quor
1483 5288 1707 5337 conti-ite
1735 5295 1812 5337 est
1833 5284 1899 5335 ab
1927 5281 2102 5353 ea,_de
2123 5298 2247 5353 qua,
2276 5289 2380 5332 etc.

881 5368 902 5395 ³
942 5365 1074 5427 Qua!
1121 5371 1198 5413 est
1247 5350 1416 5411 mater
1446 5359 1681 5409 omnium
1711 5365 1978 5407 nostrum.
2007 5350 2181 5404 Simili
2216 5363 2384 5403 teme-

812 5438 970 5485 ritate
999 5449 1025 5483 a
1051 5433 1327 5482 ldidcrunt
1359 5440 1477 5493 post.
1503 5437 1766 5485 nostrum,
1791 5428 2124 5493 scripturam
2153 5436 2388 5486 sequen-

813 5519 918 5555 tem
951 5520 964 5554 :
1003 5501 1065 5553 Et
1097 5504 1160 5554 de
1192 5516 1294 5569 qua
1321 5491 1574 5549 scribitur
1601 5512 1619 5548 .'
1655 5494 1862 5547 La'tarc
1894 5491 2089 5569 sterilis
2123 5506 2239 5569 qua:
2285 5507 2386 5569 non

812 5574 975 5638 puris,
1011 5560 1293 5636 erumpet-1
1329 5570 1501 5618 (fama
1529 5583 1643 5633 qum
1674 5582 1771 5614 non
1801 5564 2059 5632 parturis,
2084 5563 2205 5624 quia
2235 5560 2387 5638 multi

817 5629 915 5711 filii
946 5629 1169 5693 deserta;
1194 5639 1376 5702 "mgis,
1411 5629 1571 5701 quam
1599 5636 1712 5702 ejus
1741 5629 1855 5700 qum
1883 5635 2032 5683 habet
2081 5634 2268 5682 t't'rum.
2301 5629 2388 5680 Sir

817 5716 942 5765 muli
975 5714 1187 5772 radunt,
1225 5721 1326 5760 etc.
1376 5711 1643 5761 Munius.

890 5787 907 5813 ⁸
943 5769 1183 5834 Verbum
1229 5780 1332 5847 frui
1385 5781 1657 5831 suiliuuut
1713 5785 1938 5843 qualum
2003 5787 2110 5824 mss
2187 5769 2383 5838 quibus

820 5867 1042 5908 llilllllll'.

2480 4576 2626 4644 quod
2658 4577 2875 4628 vixerit.

2558 4686 2575 4717 ι
2611 4668 2804 4722 Omnis
2838 4667 2990 4720 labor
3022 4663 3267 4718 hominis
3302 4662 3355 4716 in
3401 4676 3497 4716 ore
3524 4660 3724 4730 ipsius,
3759 4669 3816 4712 et
3845 4660 4052 4727 quidem

2483 4763 2659 4812 anima
2700 4777 2805 4812 non
2840 4759 3156 4828 implebitur
3178 4757 3220 4810 ⁸.
3253 4755 3395 4822 Quid
3421 4756 3564 4809 enim
3593 4767 3678 4810 est
3710 4756 3952 4824 amplius
3979 4769 4056 4805 sae

2484 4854 2653 4923 pienti
2702 4867 2732 4904 a
2780 4852 2971 4914 stulto,
3004 4850 3135 4919 quid
3172 4849 3418 4919 pauperi,
3458 4849 3562 4903 nisi
3599 4850 3771 4910 scire,
3818 4857 3878 4901 ut
3909 4849 4056 4899 vadat

2485 4959 2670 5001 contra
2707 4946 2916 4998 vitam?
2954 4963 2972 4996 ι
3019 4946 3192 5018 inue
3240 4943 3386 5011 quod
3431 4943 3684 4996 laborant
3725 4942 3979 4992 homines
4007 4940 4052 4989 in

2490 5041 2589 5091 hoc
2625 5039 2849 5102 umndu,
2888 5053 2985 5090 ore
3031 5037 3393 5097 consumitur,
3426 5044 3482 5086 et
3514 5033 3771 5084 attritum
3813 5033 4054 5085 dentibus

2488 5132 2661 5182 ventri
2699 5131 2933 5182 traditur
2965 5128 3344 5197 digerendum.
3377 5125 3629 5191 Cumque
3664 5123 3944 5191 paululum
3972 5138 4054 5188 gu-

2560 5271 2582 5300 δ
2617 5271 2731 5320 Duo
2775 5266 3001 5320 Palatini
3046 5265 3254 5316 addunt
3291 5261 3483 5314 liberos
3517 5274 3536 5323 ;
3573 5257 3758 5311 Vatic.
3795 5259 3956 5325 ﬁlios.

2565 5344 2584 5372 ⁵
2629 5344 2718 5388 Sic
2753 5342 2956 5390 habent
2985 5346 3221 5402 quatuor
3249 5348 3383 5384 mss.
3412 5333 3586 5382 Antea
3614 5340 3735 5382 erat
3765 5335 4049 5402 rapiuntur.

2563 5417 2582 5440 '
2624 5411 2788 5462 Addit
2842 5398 3049 5459 Victor.
3091 5422 3104 5458 :
3140 5404 3202 5456 Et
3227 5404 3313 5470 qui
3367 5403 3616 5453 ceciderit
3650 5415 3814 5464 super
3843 5398 4050 5463 lapidem

2493 5487 2653 5536 istum
2688 5481 3096 5547 confringatur;
3131 5491 3289 5543 super
3315 5488 3466 5540 quem
3505 5486 3629 5522 vero
3665 5471 3917 5522 ceciderit
3950 5484 4050 5518 cm:-

2497 5564 2621 5607 teret
2659 5569 2796 5601 cum.

2572 5625 2588 5649 ⁷
2631 5622 2783 5688 Apud
2827 5619 3043 5671 Alcuin.
3090 5616 3234 5688 :\iliil
3283 5612 3929 5688 bonttm‘honori/immeo
3953 5623 4052 5688 egr-

2500 5697 2587 5747 rit,
2643 5683 2746 5741 νίν.
2787 5690 3017 5747 \':ctnt‘.,
3053 5687 3192 5740 Nihil
3229 5692 3356 5748 [(U‘ll
3395 5695 3442 5733 εἰ
3475 5684 3694 5733 honoris
3747 5683 3938 5748 egerit,
3965 5687 4050 5730 αι’.

2567 5765 2585 5788 ⁸
2631 5764 2777 5819 διες..
2816 5764 3005 5809 ,ιηιιηα
3042 5759 3151 5824 ejus
3188 5771 3286 5806 nou
3317 5754 3639 5818 nnplatttur.
3687 5762 3796 5803 ιιι.
