4210 6350
187 348 323 413 1113

1122 352 1735 418 COMMENTARIUS
1780 357 1859 416 IN
1911 358 2502 423 ECCLESIASTEV.

3308 368 3447 431 illi

186 471 289 522 Iam
323 470 710 533 delectaverit.
763 471 950 526 tandiu
998 473 1211 529 videtur
1242 474 1478 528 triuuere
1514 478 1764 543 volupta-
1794 477 1843 535 Α
1870 478 2038 544 pitur,
2072 494 2142 532 ne
2170 481 2307 533 ultra
2340 496 2503 548 qttam
2531 483 2599 533 de
2636 500 2701 532 co
2736 485 2892 539 nobis
2934 486 3192 553 scriptum
3224 498 3444 553 οςιηνιρ..

189 574 317 622 tem.
358 565 613 630 quandin
662 574 879 633 gutture
909 567 1238 620 continetur.
1270 566 1403 620 Cum
1440 582 1568 620 vero
1603 568 1655 620 in
1685 572 1765 621 al-

187 670 314 707 vum
366 657 674 715 transierit.
712 658 914 712 desinit
956 659 1096 713 inter
1126 659 1278 713 cibos
1321 675 1443 713 esse
1481 661 1765 713 distantia.

188 748 247 802 Et
278 760 405 815 post
436 750 558 803 Ita-c
590 751 797 814 omnia,
834 766 939 803 non
983 752 1234 820 impletur
1269 752 1449 805 anima
1480 753 1769 805 comeden-

188 844 258 896 tis
285 860 299 895 :
330 844 446 896 sive
481 844 629 913 quod
665 857 884 898 rursum
916 844 1213 908 desideret.
1245 846 1396 915 quod
1432 845 1687 905 comedit.
1718 854 1771 899 et

192 946 302 989 tam
342 942 568 1006 sapiens
604 953 769 1007 quam
823 940 1025 994 stultus
1079 940 1286 1009 absque
1336 940 1463 994 cibo
1534 950 1809 1009 nequeat'

190 1031 397 1092 vivere,
436 1040 492 1085 et
522 1047 728 1100 pauper
760 1031 894 1086 nihil
924 1033 1069 1087 aliud
1095 1042 1326 1103 quaerat,
1358 1034 1461 1088 nisi
1496 1035 1770 1102 quomodo

194 1118 303 1183 (Al.
337 1120 510 1186 quod)
552 1121 725 1189 possit
763 1139 1028 1192 organum
1065 1125 1148 1178 sui
1182 1124 1495 1193 corpusculi
1548 1134 1770 1180 susten-

192 1220 327 1269 tare.
380 1229 481 1267 nec
516 1215 739 1269 interire
774 1216 997 1274 inedia:
1029 1216 1142 1270 sive
1184 1216 1331 1286 quod
1388 1215 1592 1269 nullam
1624 1218 1772 1271 utili-

194 1313 359 1354 tatem
389 1306 571 1357 anima
610 1322 673 1362 ex
710 1308 1010 1363 refec1i0ne
1040 1312 1353 1376 corpusculi
1390 1313 1591 1378 capiat,
1615 1322 1666 1365 et
1694 1315 1773 1366 ci-

194 1394 295 1445 bus
326 1405 435 1448 lant
465 1400 699 1463 sapienti
729 1414 891 1467 quam
916 1403 1083 1455 stulto
1116 1404 1423 1455 communis
1450 1405 1540 1463 sit.
1566 1412 1619 1455 et
1646 1405 1773 1457 illuc

192 1489 356 1538 vadat
411 1504 638 1558 panper,
683 1494 773 1545 ttbi
833 1507 968 1559 opes
1016 1507 1139 1547 esse
1187 1495 1544 1562 perspexerit.
1582 1494 1772 1550 Melius

192 1589 276 1633 est
314 1591 499 1633 autem
548 1585 651 1636 hoc
686 1582 915 1652 intelligi
953 1584 1021 1638 de
1067 1585 1455 1644 Ecclesiastico
1506 1586 1646 1651 vim,
1681 1587 1772 1653 qui

194 1674 247 1723 in
280 1673 587 1738 Scripturis
627 1676 947 1731 ctelestibus
984 1680 1253 1740 eruditus,
1281 1694 1496 1732 omnem
1534 1679 1771 1732 laborem

197 1767 361 1820 habet
389 1770 442 1821 in
470 1784 565 1820 ore
600 1785 721 1826 suo.
750 1780 801 1824 et
832 1772 1015 1824 anima
1052 1772 1171 1838 ejus
1201 1788 1306 1826 non
1343 1772 1617 1840 impletur,
1644 1772 1771 1823 dum

195 1876 420 1929 setnper
456 1864 605 1930 cupit
634 1864 869 1919 discere.
905 1864 969 1916 Et
1000 1866 1053 1918 in
1091 1880 1156 1918 eo
1194 1866 1315 1933 plus
1342 1866 1501 1918 habet
1531 1866 1769 1933 sapiens.

198 1968 365 2019 quam
408 1955 674 2022 insipiens
702 1975 717 2012 :
748 1959 875 2025 quia
912 1973 1033 2009 cum
1069 1972 1359 2023 pauperem
1393 1974 1513 2011 esse
1566 1973 1624 2010 SP
1651 1973 1778 2008 sen-

201 2047 299 2099 tiat
334 2048 654 2115 (pauperem
693 2059 877 2100 autem
913 2048 1089 2111 illum.
1123 2050 1213 2119 qtti
1249 2051 1300 2103 in
1336 2049 1623 2114 Evangelio
1654 2050 1780 2104 hea-

198 2150 288 2194 ttts
319 2141 572 2207 dicitur),
605 2151 859 2209 properat
891 2142 957 2196 ad
980 2158 1041 2196 ea
1091 2144 1627 2212 comprehendenda,
1660 2160 1781 2213 qua:

199 2237 324 2287 vita:
376 2245 528 2297 sunt.
581 2244 637 2288 et
688 2235 934 2289 ambulat
968 2245 1174 2290 arctam
1208 2245 1261 2289 et
1293 2249 1577 2303 angustam
1611 2239 1779 2300 viam,

202 2343 323 2390 quae
354 2327 507 2380 ducit
536 2327 600 2379 ad
633 2329 822 2391 vitam,
848 2337 903 2381 et
936 2343 1139 2396 pauper
1155 2337 1237 2381 est
1266 2344 1293 2382 a
1322 2331 1477 2382 malis
1502 2330 1779 2397 operibus,

202 2429 257 2474 et
293 2422 403 2470 scit
437 2421 526 2472 ubi
565 2419 820 2474 Christus
855 2420 949 2486 qui
985 2421 1091 2472 vita
1128 2430 1231 2485 est,
1270 2430 1659 2474 commoretur.

281 2534 299 2562 ‹
351 2514 543 2566 Melior
578 2523 659 2565 est
698 2526 951 2578 aspectus
980 2512 1261 2567 oculorum
1298 2528 1465 2578 super
1498 2513 1782 2564 ambulan-

203 2615 312 2660 tem
366 2609 417 2657 itt
467 2608 672 2659 anima.
712 2605 814 2658 Sed
856 2616 909 2659 et
944 2608 1047 2659 hoc
1085 2606 1300 2659 vanitas
1346 2613 1400 2658 et
1431 2607 1781 2672 prwsumptio

203 2704 460 2766 spiritus.
497 2716 516 2748 ι
552 2698 798 2751 Dilucide
850 2698 951 2751 hoc
1001 2699 1389 2766 interpretatus
1418 2706 1502 2751 est
1530 2700 1781 2766 Symma-

205 2796 369 2857 chus,
403 2793 594 2845 dicens
622 2810 635 2844 :
676 2810 695 2841 t
726 2790 920 2845 Melius
942 2802 1024 2846 est
1058 2793 1367 2861 providere,
1395 2807 1559 2860 quam
1591 2792 1779 2846 ambu-

206 2889 342 2948 lare.
386 2896 441 2939 ut
482 2887 647 2946 libet;
686 2903 707 2937 ι
740 2883 902 2955 435
928 2885 976 2938 id
1015 2896 1118 2947 est,
1149 2886 1347 2940 melius
1376 2886 1631 2953 cstjuxta
1655 2903 1783 2941 sen-

204 2994 328 3031 Sttm
384 2989 582 3030 cuncta
638 2992 822 3047 agere.
876 2978 965 3047 qui
1002 2980 1200 3032 anitum
1252 2990 1331 3033 est
1366 2982 1579 3035 oculus.
1617 2994 1780 3046 quam

202 3071 542 3123 voluntatem
573 3068 756 3123 cordis
783 3071 936 3137 sequi
968 3070 1009 3123 ¹.
1044 3068 1157 3124 Hoc
1204 3080 1288 3123 est
1324 3071 1468 3123 enim
1503 3069 1784 3123 ambulare

1872 571 2178 637 quiremus.
2227 588 2293 624 ne
2335 574 2467 626 velit
2498 574 2664 625 homo
2702 577 2819 638 plus
2850 579 3016 638 scire,
3080 595 3242 644 quam
3294 581 3443 635 Scri-

1873 671 2032 725 ptura
2070 670 2260 714 testata
2285 662 2544 715 est.(‘.um
2577 664 2721 714 enim
2742 663 2808 715 de
2840 674 2979 719 statu
3016 680 3201 718 nostro
3227 669 3440 724 ἱριιοτν-

1873 766 2013 814 mus.
2046 764 2100 806 et
2133 755 2239 805 vita
2267 765 2454 809 nostra
2476 756 2634 823 quasi
2665 756 2857 809 umbra
2885 771 3242 822 pertranseat,
3275 770 3329 811 et
3362 759 3445 810 t'tt-

1874 856 1993 898 tura
2053 846 2254 900 incerta
2305 850 2433 911 sint,
2498 867 2603 904 non
2660 851 2818 903 nobis
2853 854 3071 912 expedit
3132 860 3189 906 ut
3240 852 3444 922 majora

1871 955 2037 1006 quam
2086 955 2388 1008 possumus
2462 942 2823 1008 inquiramus.
2878 940 3129 996 Nonnulli
3190 946 3321 998 illud
3392 947 3444 998 itt

1874 1033 1977 1088 hoc
2006 1034 2123 1086 loco
2154 1034 2453 1102 signiﬁcari
2497 1043 2705 1100 ptttant,
2747 1037 2893 1101 quod
2929 1040 3195 1096 omnium,
3233 1041 3324 1106 qui
3361 1039 3446 1091 t‘tt-

1872 1125 1980 1179 turi
2018 1134 2165 1190 sunt,
2201 1135 2256 1180 et
2306 1126 2584 1179 hominum
2640 1143 2870 1197 corpore
2900 1129 3301 1191 circumdandi,
3334 1131 3445 1197 jam

1876 1217 2018 1272 Deus
2055 1218 2075 1250 ³
2114 1220 2438 1273 vocabulum
2477 1218 2687 1273 noverit
2721 1238 2734 1270 :
2767 1237 2868 1275 nec
2925 1222 3100 1290 posSIt
3142 1223 3303 1275 homo
3356 1240 3445 1275 re-

1875 1312 2142 1377 spondere
2194 1320 2381 1362 contra
2408 1311 2674 1364 artiﬁcem
2728 1326 2910 1373 suum,
2953 1328 3124 1380 quare
3153 1314 3224 1366 ita
3261 1313 3341 1365 vel
3374 1314 3449 1366 ita

1877 1401 2051 1455 factus
2074 1402 2163 1457 sit.
2185 1401 2399 1467 Quanto
2434 1404 2575 1455 enim
2607 1403 2844 1472 amplius
2866 1404 3265 1469 queesierimns.
3300 1414 3451 1457 tanto

1876 1495 2050 1563 magis
2103 1495 2315 1547 ostendi
2353 1496 2647 1548 vanitatem
2697 1506 2941 1549 nostram
2982 1505 3036 1549 et
3066 1498 3223 1550 verba
3260 1512 3451 1565 snper-

1876 1586 1982 1640 ﬂua
2017 1598 2112 1644 :et
2144 1602 2250 1640 non
2278 1603 2340 1641 ex
2376 1588 2716 1655 prtrscientia
2749 1586 2839 1642 Dei
2884 1588 3113 1640 liberum
3150 1588 3265 1640 tolli
3308 1589 3453 1640 arbi-

1878 1682 2067 1741 triutn.
2120 1680 2212 1734 sed
2268 1694 2466 1733 causas
2512 1690 2640 1732 ante
2693 1680 3020 1748 prmcedcre,
3054 1695 3223 1749 quare
3250 1698 3455 1734 unum-

1879 1772 2132 1841 quodque
2168 1773 2248 1826 sic
2278 1772 2477 1825 factum
2521 1772 2611 1826 sit.

1959 1886 1978 1918 ι
2020 1869 2154 1934 Quia
2194 1879 2323 1920 sunt
2364 1867 2527 1920 vetba
2579 1866 2747 1919 multa
2801 1865 2822 1899 ⁸
2851 1868 3265 1933 tnultiplicantia
3301 1869 3457 1922 vani-

1884 1970 2070 2015 tatem.
2102 1961 2242 2025 Quid
2277 1968 2358 2012 cst
2392 1958 2625 2027 amplius
2660 1959 2865 2012 homini
2899 1962 2958 2014 ⁵2
2985 1961 3119 2027 Quis
3151 1962 3296 2016 cnim
3328 1978 3457 2031 cog-

1885 2057 2034 2109 novit
2099 2058 2229 2125 qttid
2292 2056 2363 2109 sit
2416 2056 2617 2108 bonum
2676 2056 2880 2109 homini
2935 2058 2987 2109 in
3039 2058 3167 2119 vita,
3224 2072 3457 2111 numero

1882 2150 2091 2204 dierum
2144 2148 2267 2200 \itae
2323 2146 2579 2200 vanitatis
2631 2147 2795 2213 eius?
2824 2158 2879 2201 et
2916 2147 3075 2201 faciet
3106 2164 3204 2202 eos
3239 2151 3259 2180 ⁶
3300 2149 3455 2219 quasi

1885 2244 2158 2300 umbram.
2188 2240 2313 2307 quia
2348 2241 2470 2306 quis
2498 2240 2663 2311 436
2683 2240 3031 2295 annttntiaiiit
3066 2241 3294 2305 homini,
3325 2242 3456 2310 qttid

1883 2333 1954 2387 sit
1978 2341 2101 2400 post
2139 2348 2262 2384 eum
2300 2332 2401 2385 sub
2435 2332 2591 2384 sole?
2634 2351 2652 2383 ›
2683 2332 2841 2393 (Iunt.
2875 2334 3076 2401 inquit.
3116 2333 3328 2399 ignoret
3362 2334 3460 2386 ho-

1884 2440 1972 2478 tno
2033 2426 2099 2477 de
2156 2434 2301 2476 statu
2340 2437 2463 2483 suo.
2499 2424 2565 2487 et!
2597 2438 2938 2492 qutecunque
2987 2426 3201 2477 videtur
3230 2426 3370 2480 scire.
3404 2434 3458 2478 et

1884 2532 2131 2577 cernere.
2173 2533 2277 2569 non
2318 2527 2373 2570 ttt
2417 2531 2476 2569 se
2508 2516 2585 2568 rei
2624 2515 2786 2569 habet
2807 2517 3028 2577 veritas.
3070 2518 3162 2571 sed
3211 2531 3308 2584 per
3331 2532 3461 2585 spe-

1885 2611 2095 2667 culum.
2124 2620 2175 2659 et
2212 2608 2459 2661 umbram
2495 2617 2549 2660 et
2583 2608 2872 2675 imaginem
2903 2608 3107 2667 videat.
3141 2623 3241 2661 nec
3270 2607 3455 2663 futura

1886 2712 2202 2768 cognoscat.
2236 2712 2290 2755 et
2316 2703 2367 2754 in
2396 2701 2737 2769 multiIOquio
2768 2715 2873 2752 non
2896 2700 3121 2769 ellugiat
3152 2712 3459 2768 peceatum;

1886 2796 2162 2849 silentium
2193 2805 2358 2863 ponat
2392 2794 2471 2845 ori
2499 2808 2625 2849 δυο.
2658 2799 2710 2844 et
2738 2792 2924 2845 credat
2950 2807 3073 2844 eum
3113 2792 3333 2845 venisse
3365 2795 3457 2860 qui

1886 2888 2126 2955 scriptus
2168 2897 2271 2943 est.
2306 2887 2605 2952 quomodo,
2638 2894 2691 2936 et
2721 2893 2983 2953 quantus.
3011 2892 3063 2937 et
3088 2884 3263 2951 qualis
3300 2901 3460 2937 veno-

1888 2983 1978 3046 rit,
2015 2996 2120 3033 non
2154 2980 2465 3044 requirens.

1959 3070 2127 3138 (Cap.
2176 3067 2335 3137 Vll.)
2380 3087 2398 3119 t
2449 3068 2658 3121 Bonum
2718 3078 2802 3123 est
2830 3085 3030 3124 nomen
3082 3084 3247 3137 super
3276 3068 3460 3122 oleum

209 3166 265 3219 in
302 3165 511 3224 anima.
544 3164 688 3217 sicut
742 3161 992 3216 Ezechiel
1025 3162 1100 3216 ait
1126 3179 1140 3218 :
1168 3163 1274 3227 Qui
1307 3162 1581 3215 ambulant
1612 3163 1665 3215 in
1692 3178 1782 3215 vo-
1809 3180 1851 3237 c
1886 3163 2109 3224 bonum,
2137 3170 2189 3215 et
2221 3162 2338 3215 dies
2361 3163 2550 3214 mortis
2574 3177 2735 3229 super
2766 3162 2907 3214 diem
2946 3162 3243 3213 nativitatis
3267 3162 3407 3228 ejus.
3437 3180 3460 3209 ι

204 3259 413 3311 luntale
438 3257 613 3309 cordis
640 3255 725 3307 sui
757 3252 972 3320 (Each.
1008 3269 1067 3315 tt.
1108 3254 1221 3322 2|).
1265 3254 1353 3306 Vel
1395 3264 1545 3309 certe
1586 3268 1781 3321 supcr-

207 3354 338 3406 bnm
390 3359 447 3404 et
499 3350 603 3405 sibi
660 3351 962 3417 placentem
996 3349 1198 3411 arguit.
1242 3355 1295 3399 et
1331 3347 1611 3401 meliorem
1651 3347 1785 3399 dicit

208 3458 334 3499 esse
373 3457 523 3503 eum.
566 3443 661 3511 qui
696 3450 889 3495 cuncta
933 3440 1234 3509 provideat.
1276 3455 1441 3508 quam
1492 3441 1665 3495 illum.
1697 3438 1783 3491 cui

210 3536 350 3590 nihil
408 3536 604 3603 placet.
640 3534 745 3587 nisi
793 3535 938 3600 quod
974 3534 1090 3600 ipso
1123 3531 1309 3586 fecerit
1341 3548 1358 3587 :
1391 3545 1502 3601 quo
1541 3531 1673 3583 nihil
1703 3541 1785 3584 est

205 3631 475 3689 deterius.
524 3637 581 3681 et
628 3627 777 3680 omni
836 3636 1000 3681 vento
1052 3626 1294 3679 inanius.
1348 3624 1660 3677 Bursumet
1700 3624 1785 3675 hic

207 3721 677 3790 prmumptionem
706 3721 949 3785 spiritus.
984 3718 1182 3787 Aquila
1214 3727 1268 3773 et
1298 3715 1627 3779 Theodotio,
1680 3731 1783 3777 pa-

206 3817 432 3868 stionem
458 3815 621 3875 renti,
670 3812 1011 3878 interpretati
1061 3821 1230 3864 sunt:
1263 3808 1623 3879 Symmachus
1654 3822 1785 3861 vero

211 3903 549 3970 amictiomm
574 3903 809 3968 spiritus.
838 3899 1008 3953 Porro
1034 3899 1315 3953 sciendum
1336 3906 1440 3959 est.
1469 3896 1611 3966 quod
1639 3896 1785 3966 apud

212 3993 475 4047 llebra'os
519 4001 573 4047 et
595 3993 818 4059 spiritus
846 3999 899 4045 et
922 3998 1118 4044 ventus
1140 3989 1395 4044 similiter
1420 3988 1783 4056 appellentur,

209 4086 262 4139 id
291 4096 398 4145 est.
434 4082 587 4136 Rana
619 4084 663 4135 ’.

289 4198 309 4229 ι
362 4177 505 4242 Quid
538 4185 644 4235 est.
679 4174 821 4242 quod
854 4172 1099 4227 futurum
1133 4181 1218 4226 est
1243 4173 1265 4224 ?
1290 4174 1397 4241 iam
1424 4182 1674 4227 vocatum
1701 4182 1787 4224 est

210 4286 414 4324 nomen
462 4267 604 4336 ejus.
653 4276 706 4318 et
756 4266 1056 4334 cognitum.
1102 4265 1228 4333 quia
1266 4264 1429 4317 homo
1451 4273 1557 4322 est.
1589 4275 1783 4317 etnon

213 4363 415 4433 poterit
442 4360 675 4427 iudicari
710 4374 831 4409 cum
875 4357 1098 4410 fortiore
1141 4371 1222 4410 se.
1254 4374 1274 4406 ι
1334 4358 1535 4423 Aperte
1563 4357 1629 4409 de
1665 4354 1788 4409 Sal-

212 4456 425 4509 vatoris
464 4453 794 4519 prtedicatur
828 4452 1090 4514 adventu,
1120 4450 1267 4519 quod
1301 4452 1391 4517 qui
1429 4452 1645 4504 futurus
1677 4460 1783 4513 est,

1886 3253 2205 3314 Considera.
2259 3251 2455 3321 inquit.
2511 3267 2543 3301 o
2584 3252 2765 3309 homo,
2816 3251 2933 3304 dies
2990 3259 3112 3302 tuos
3162 3251 3373 3311 breves,
3407 3257 3463 3302 et

1886 3343 2014 3409 quia
2049 3342 2159 3394 cito
2191 3356 2333 3403 esse,
2371 3341 2546 3395 soluta
2581 3356 2770 3400 carne,
2798 3342 3081 3393 cessabis:
3120 3339 3203 3392 fac
3254 3341 3350 3393 tibi
3384 3340 3463 3393 fa-
3537 3382 3567 3400 ιλ

1890 3448 2033 3485 mam
2092 3434 2419 3497 longiorem,
2457 3441 2514 3485 ttt
2570 3433 2844 3501 quomodo
2906 3442 3245 3501 unguentum
3300 3449 3465 3488 nares

1888 3528 2056 3578 odore.
2106 3526 2359 3583 delectat.
2412 3526 2493 3579 sic
2556 3526 2621 3577 ad
2685 3535 2837 3578 tuum
2880 3525 3203 3578 vocabulum
3264 3536 3460 3579 cuncta

1887 3621 2181 3685 posteritas
2216 3619 2235 3647 '
2272 3617 2596 3671 delectetur.
2631 3616 2787 3681 Quod
2823 3617 3115 3687 perspicue
3137 3618 3463 3686 interpreta-

1892 3720 1979 3763 tus
2031 3718 2115 3764 est
2148 3710 2532 3780 Symmachus.
2575 3710 2765 3766 dicens
2797 3730 2812 3766 :
2849 3730 2869 3761 ι
2906 3712 3103 3765 Melius
3134 3722 3218 3766 est
3265 3728 3463 3766 nomen

1884 3803 2113 3866 bonum.
2154 3817 2316 3871 quam
2372 3812 2713 3873 unguentum
2750 3806 2888 3858 bene
2914 3804 3091 3857 olens.
3120 3823 3139 3854 ι
3178 3804 3460 3872 Siquidem

1890 3897 2059 3950 moris
2098 3904 2182 3950 est
2239 3894 2591 3951 Hebraorum
2651 3905 2987 3964 unguentum
3025 3895 3248 3957 bonum,
3279 3897 3459 3948 oleum

1892 4003 2232 4056 nuncupare.
2289 3988 2444 4053 Quod
2482 3997 2662 4042 autem
2696 3991 2808 4041 ait:
2842 4006 2862 4039 ι
2899 3988 2965 4041 Et
3002 3987 3116 4040 dies
3152 3990 3343 4040 mortis
3372 4005 3466 4039 su-

1890 4094 1987 4147 per
2016 4080 2159 4132 dient
2185 4080 2486 4133 nativitatis
2508 4079 2646 4149 ejus.
2684 4098 2703 4131 ι
2735 4080 2815 4132 Vc]
2846 4079 2947 4133 hoc
2976 4081 3234 4143 ostendit,
3268 4081 3465 4135 melius

1887 4184 2010 4224 esse
2035 4170 2184 4222 exire
2198 4170 2265 4222 de
2291 4171 2511 4232 saeculo.
2543 4182 2598 4225 et
2619 4186 2807 4225 carere
2825 4171 3275 4225 tribulationibus
3303 4184 3465 4241 atque

1893 4261 2104 4315 incerto
2144 4263 2268 4315 vita:
2304 4271 2472 4323 statu.
2512 4277 2675 4331 quam
2726 4265 3120 4332 ingredientem
3174 4266 3461 4328 mundum,

1893 4354 2006 4406 lucc
2054 4353 2236 4406 omnia
2278 4354 2571 4407 sustinere.
2630 4352 2723 4405 Vel
2778 4368 2925 4406 certe.
2974 4355 3114 4420 quod
3173 4354 3225 4406 in
3270 4367 3465 4418 inm-te,

1892 4446 2086 4509 quales
2112 4444 2305 4503 simus.
2337 4458 2525 4498 nutum
2561 4444 2630 4495 sit
2660 4462 2672 4497 :
2704 4445 2756 4496 in
2778 4445 3002 4495 euirdio
3026 4460 3154 4497 vero
3181 4449 3463 4507 nascendi,

214 4555 514 4613 antequam
546 4542 598 4595 in
630 4556 861 4610 corpore
894 4550 1233 4603 cerneretur,
1261 4540 1372 4610 jam
1405 4552 1658 4593 vocatum
1705 4551 1789 4593 est
1818 4514 1865 4570 D
1895 4538 1991 4607 qui
2022 4539 2135 4602 (At.
2169 4537 2384 4606 quales)
2426 4537 2596 4590 futuri
2632 4537 2829 4599 simus,
2868 4539 3168 4605 ignoretur.
3201 4540 3464 4607 Antquod

220 4640 275 4693 in
334 4635 639 4703 Scripturis
678 4650 873 4686 nomen
908 4634 1048 4702 ejus,
1098 4642 1151 4686 et
1184 4633 1463 4703 cognitum
1505 4636 1787 4699 prophetis

218 4742 273 4783 et
303 4729 513 4784 sanctis
542 4727 633 4781 Dei
668 4747 678 4780 :
710 4728 838 4795 quia
897 4726 1059 4778 homo
1096 4726 1186 4789 sit,
1219 4736 1273 4779 et
1316 4726 1472 4794 juxta
1505 4726 1609 4779 hoc
1644 4727 1788 4795 quod

220 4826 392 4877 homo
424 4829 530 4880 est.
561 4835 667 4872 non
698 4818 869 4883 possit
900 4834 958 4870 se
999 4818 1247 4871 conferre
1281 4832 1404 4872 cum
1434 4817 1617 4882 Patre,
1656 4831 1709 4873 et
1736 4820 1791 4874 in

222 4911 517 4979 Evangelia
567 4912 711 4962 dicat
742 4928 753 4961 :
786 4908 947 4961 Pater
979 4908 1066 4975 qui
1101 4924 1181 4960 me
1206 4908 1370 4972 misit,
1399 4907 1577 4975 major
1605 4925 1685 4961 me
1715 4920 1795 4962 est

216 5005 408 5073 (Jo'nr.
444 5018 559 5064 xxv,
588 5001 704 5070 28).
746 5000 900 5055 Unde
932 5011 984 5055 ct
1018 5002 1071 5055 in
1112 5001 1573 5069 consequentibus
1600 5002 1793 5069 prisci-

294 5160 311 5189 ι
354 5156 561 5218 Vatic..
605 5154 939 5207 Voltmtatem
971 5153 1140 5205 cordis
1171 5153 1256 5207 sui
1293 5153 1459 5221 sequi.

292 5234 313 5263 ¹
354 5228 419 5280 Id
449 5235 547 5288 est,
581 5241 743 5278 urna.
778 5224 837 5276 in
869 5226 1123 5275 omnibus
1158 5240 1290 5277 mss.
1316 5223 1595 5275 codicibus
1657 5225 1793 5276 scri-

216 5319 371 5372 ptum
394 5298 571 5363 reperi
629 5294 791 5372 Ru_l_m_
815 5309 936 5344 cum
978 5294 1009 5343 It
1044 5296 1096 5345 in
1127 5292 1790 5372 medio;__quant_\'is.alihi

219 5362 436 5444 ῖιιετιιιιι·
467 5382 661 5417 nomen
699 5364 981 5444 ltebrarum
999 5373 1122 5425 mn,
1152 5364 1271 5415 sine
1296 5362 1406 5444 tilla
1430 5363 1790 5444 aspiratione,

220 5433 340 5502 ru},
390 5449 442 5490 ct
491 5453 598 5487 non
632 5434 787 5484 rttha.
828 5434 933 5485 Sed
986 5450 1145 5485 nemo
1174 5440 1257 5484 est
1296 5433 1577 5484 hominum
1609 5436 1795 5484 erudi-

219 5525 402 5566 torntn
436 5506 527 5573 qui
560 5515 717 5571 neget
755 5514 1049 5571 utrumque
1100 5512 1154 5554 et
1189 5502 1292 5563 legi
1324 5512 1379 5554 et
1410 5502 1576 5555 scribi
1611 5518 1791 5569 posse.

439 5592 491 5627 ’1.

439 5592 491 5627 η.

216 5584 524 5714 Μλιῃῖἷῂμιε
556 5642 794 5694 at'ridcat
829 5641 1074 5714 Vaticani
1109 5640 1292 5701 lectio,
1327 5639 1393 5693 Et
1426 5640 1650 5692 hominis
1678 5658 1791 5693 cor-

222 5738 345 5790 pore
379 5711 723 5770 Ctrctttnthtti,
754 5713 868 5788 jattt
909 5711 1063 5772 Deus,
1101 5723 1205 5788 ctu.

302 5801 318 5821 '
364 5790 476 5840 \Ux
505 5784 668 5833 ηιαιειι
694 5797 743 5831 ιιι
772 5783 943 5833 tribus
967 5798 994 5833 e
1025 5783 1226 5834 nostris
1260 5795 1390 5832 mss.
1428 5779 1786 5835 desideratur.

1896 4630 2161 4682 nativitas
2206 4630 2387 4696 alliget
2444 4644 2674 4699 corpore
2718 4630 2829 4700 (Al.
2873 4632 3107 4698 corpori)
3164 4631 3465 4688 libertatem

1894 4724 2109 4783 animae,
2142 4738 2287 4777 mors
2315 4722 2574 4776 resolvat.

1977 4834 1996 4866 t
2044 4814 2235 4871 Melius
2285 4825 2367 4869 est
2397 4817 2473 4868 ire
2501 4814 2565 4867 ad
2598 4814 2817 4867 domum
2852 4816 3053 4879 luctus,
3078 4834 3237 4883 quam
3269 4820 3334 4872 ad
3368 4820 3463 4872 do-

1901 4926 2046 4963 mum
2076 4910 2329 4965 convivii.
2370 4911 2424 4961 in
2463 4924 2571 4976 quo
2622 4908 2747 4963 ﬁnis
2776 4920 2862 4962 est
2891 4910 3067 4963 omnis
3101 4911 3332 4966 hominis-
3368 4930 3383 4971 ;
3415 4924 3471 4967 (οι

1900 5005 1995 5073 qui
2024 5002 2181 5067 vivit,
2203 5001 2353 5055 dabit
2386 5000 2451 5053 ad
2482 5016 2576 5053 cor
2601 5017 2787 5056 suum.
2820 5021 2838 5053 ι
2874 5002 3070 5056 Utilius
3103 5013 3186 5057 est
3210 5007 3274 5058 ad
3307 5023 3465 5060 exse-

1971 5161 1991 5190 ⁸
2016 5158 2155 5224 Quid
2178 5166 2253 5209 est
2276 5155 2521 5225 amplius
2534 5154 2731 5205 homini
2755 5157 2780 5208 ?
2797 5155 3008 5208 initium
3033 5159 3116 5211 hic
3138 5166 3220 5211 est
3246 5162 3469 5225 capituli

1899 5222 2116 5298 septimi
2150 5228 2202 5280 in
2227 5222 2467 5298 _Vulgata
2502 5222 2693 5275 Latina
2730 5240 2743 5275 :
2778 5226 2870 5277 sed
2907 5239 3117 5280 veteres
3137 5230 3269 5283 alias
3293 5222 3464 5283 set-nti

1900 5296 2029 5354 sunt
2079 5296 2379 5350 divisiones
2427 5302 2722 5347 contextus
2773 5299 2932 5351 sacri.
2984 5309 3036 5346 ttt
3091 5314 3154 5348 ev
3215 5301 3314 5350 hoc
3349 5303 3468 5352 loco

1901 5367 2343 5421 manifestissime
2399 5366 2681 5428 probatur.
2736 5365 2974 5417 (Ionsule
3023 5367 3403 5429 Prolegotnena
3438 5388 3465 5421 a

1902 5438 2056 5491 nobis
2086 5438 2230 5490 edita
2268 5436 2321 5487 in
2365 5435 2614 5487 Divinam
2660 5433 3041 5486 Bibliothecam
3072 5440 3243 5489 sancti
3281 5436 3468 5490 lliero-

1899 5508 2067 5578 nymi,
2119 5507 2211 5559 ubi
2246 5507 2319 5578 de
2351 5504 2661 5573 hujnsmodi
2698 5507 2952 5570 capitulis
3003 5506 3315 5570 plenissime
3358 5509 3470 5562 dis-

1898 5576 2139 5647 putatum
2156 5588 2259 5628 est.
2282 5576 2546 5627 Maurus.

1968 5648 1986 5675 “
2021 5646 2255 5698 Palatio.
2292 5649 2449 5705 alter.
2487 5661 2547 5695 ce
2571 5661 2588 5697 :
2621 5643 2823 5707 Vatic.,
2860 5662 2971 5698 eos.

1968 5719 1984 5746 τ
2016 5716 2256 5781 Αιωω..
2297 5718 2383 5770 Sic
2436 5715 2501 5766 ad
2541 5726 2684 5767 tuum
2718 5732 2906 5768 nomen
2941 5724 3126 5768 cuncta
3151 5717 3460 5780 posteritas.
