2073 3664
357 246 427 279 ΗῙ5

939 243 969 276 S.
991 243 1148 274 EUSEBll
1170 242 1392 274 HIERONYMI

1923 243 1991 275 ilio

355 305 435 338 qnias
453 303 570 335 funeris,
588 310 670 338 quam
690 303 723 330 ad
737 303 848 329 domum
871 302 910 329 ire
927 303 1055 335 convivii,
1082 303 1145 336 quia
1163 305 1184 331 Α
1200 310 1281 336 quam
1299 303 1458 330 adulatione
1475 303 1563 337 decipi
1579 303 1745 330 blandiente.
1768 302 1819 329 Cui
1839 302 1930 329 simile
1949 310 1991 331 est

356 352 395 379 ibi
421 351 589 379 conditionis
609 355 710 378 nostrae
725 351 731 364 '
749 355 776 378 et
792 349 949 384 fragilitatis
973 349 1099 375 buman:e
1114 357 1147 375 ex

357 398 486 431 przeseeti
499 396 633 425 cadavere
650 404 867 424 commonemnr.
882 396 910 422 ln
924 395 1040 422 convivii
1056 400 1147 422 autem

358 444 470 475 laetitia.
497 444 579 472 etiam
605 444 628 471 si
645 445 709 478 quid
727 444 832 470 timoris
860 443 960 469 habere
975 443 1147 473 videbamur.

360 490 526 517 amittimus.
548 488 732 517 Novissimum
749 496 857 515 versum
874 489 996 523 apertius
1011 489 1148 523 interpre-

360 541 435 564 tatus
452 540 496 565 est
515 537 709 571 Symmachus,
732 536 846 563 dicens:
867 545 876 561 ι
898 535 929 562 Et
945 535 991 570 qui
1007 534 1082 566 vivit,
1103 542 1149 561 re-

359 584 458 619 spiciet
472 585 504 611 ad
523 587 653 611 mentem.
675 593 684 609 ι
703 583 742 610 Ex
758 584 858 616 quibus
877 583 1055 618 approbatur.
1071 582 1097 608 in
1114 589 1149 609 eo

358 630 431 665 quod
447 630 574 665 Superius
589 630 680 657 cibum
694 634 722 656 et
737 635 830 661 potum
840 623 920 656 'visus
929 632 972 655 est
983 628 1146 663 approbare.

359 683 414 703 non
438 682 500 702 eum
527 675 693 710 voluptatein
721 676 803 702 rebus
817 674 946 709 praeferre
963 674 1090 706 cunctis,
1120 679 1148 701 iit

359 723 483 758 plerique
506 723 577 750 male
595 723 732 749 azstimant
751 730 758 749 :
784 722 831 749 sed
851 722 884 749 ad
912 722 1147 755 comparationem

359 770 483 797 avaritiae
506 774 532 797 et
548 769 638 796 nimiae
656 768 799 802 parcitatis
811 788 818 801 ,
845 768 907 795 licet
923 768 1005 794 breve
1022 767 1068 799 sit,
1088 767 1148 802 plus

358 824 430 847 esse.
446 816 468 843 si
495 816 538 843 vel
555 815 637 850 437
651 816 684 841 ad
707 820 876 841 momentum
894 814 956 848 quis
970 813 1028 841 suis
1049 814 1150 848 opibus

358 863 525 898 perfruatur.
546 862 691 897 Nunquam
722 861 793 888 enim
823 860 962 888 tristitiam
994 860 1083 887 luctus
1112 860 1149 887 fe—

358 909 473 936 stivitati
489 909 608 936 convivii
638 907 805 942 praetiilisSet
824 908 846 940 '.
877 907 900 935 si
917 907 1010 934 bibere
1028 911 1054 934 et
1075 906 1148 934 vesci

358 957 474 992 alicujus
491 960 612 990 putasset
628 963 690 983 esse
707 955 849 983 monii-nti.

399 1012 408 1029 t
430 1003 526 1030 Melior
543 1006 586 1029 est
613 1002 653 1028 ira
671 1009 753 1036 quam
775 1002 847 1028 risus
861 1022 868 1031 ,
888 1000 952 1035 quia
979 1000 1006 1027 in
1029 1008 1148 1028 mcerore

358 1049 450 1077 vultus
461 1048 652 1076 emendabitur
667 1056 726 1076 cor.
755 1058 764 1073 ι
796 1047 878 1075 llisus
904 1048 1030 1075 dissolvit
1054 1048 1149 1075 riden-

358 1101 413 1122 tem
430 1096 440 1112 ³
460 1103 467 1122 :
484 1095 524 1122 ira
541 1095 656 1130 corripit
680 1100 708 1122 et
725 1094 862 1122 emendat.
883 1094 1035 1121 Irascatttur
1057 1098 1086 1121 ct
1101 1102 1148 1122 no-

358 1142 413 1172 bis,
436 1141 458 1168 si
480 1138 592 1176 quando
608 1148 764 1176 peccamus,
784 1140 938 1167 irascamur
961 1145 988 1167 et
1009 1139 1080 1166 aliis.
1097 1139 1148 1166 Per

359 1188 500 1215 tristitiam
513 1188 613 1223 quippe
626 1186 730 1218 vultus.
746 1187 842 1214 melior
857 1187 901 1213 ﬂet
914 1186 1022 1213 animus
1032 1206 1039 1216 .
1054 1192 1083 1213 ut
1107 1186 1148 1213 in-

358 1239 525 1267 terpretatus
547 1238 589 1261 est
617 1233 812 1269 Symmachus.
834 1233 866 1259 Et
881 1233 984 1260 ideirco
999 1242 1007 1261 :
1022 1232 1064 1259 Vc
1079 1241 1147 1260 nunc

358 1280 517 1313 ridentibus,
532 1280 656 1315 quoniam
670 1280 720 1314 ipsi
732 1279 854 1314 lugebunt
871 1279 947 1313 (Luc.
960 1287 999 1312 Vl,
1014 1279 1059 1314 25)
1075 1279 1083 1306 ι

396 1337 405 1353 ‹
424 1328 478 1355 Cor
493 1327 657 1362 sapientium
685 1326 711 1353 in
728 1326 811 1353 donio
841 1326 942 1357 luctus,
965 1332 992 1353 et
1009 1334 1057 1353 cor
1080 1326 1148 1353 insi-

360 1374 494 1409 pientium
514 1374 539 1400 in
556 1373 762 1405 domodtetitirn.
780 1382 788 1397 ι
809 1372 893 1405 Beati.
910 1373 997 1407 inquit
1012 1373 1145 1406 Salvator,

359 1424 486 1456 lugentes.
504 1420 629 1455 quoniam
652 1420 703 1453 ipsi
723 1420 929 1447 consolabuntur
943 1419 1051 1453 (Matth.
1068 1427 1094 1452 ν.
1109 1420 1146 1455 5).

361 1466 483 1499 Lugebat
496 1471 523 1494 et
547 1466 658 1493 Samuel
687 1473 776 1500 regem
806 1465 872 1493 Saul
897 1466 1025 1493 omnibus
1049 1466 1148 1494 diebus

359 1512 422 1538 vita:
437 1519 493 1539 suae
520 1510 562 1546 (II
579 1510 643 1546 Reg.
669 1510 744 1541 XVI)._
759 1510 792 1537 Et
810 1510 912 1538 Paulus
939 1518 1022 1545 super
1037 1519 1085 1538 eos
1100 1511 1147 1546 qui

359 1562 420 1591 post
432 1561 542 1591 peccata
560 1557 634 1583 varia
657 1556 802 1582 noluerant
830 1564 911 1590 agere
937 1557 1146 1591 pcenitentiam,

358 1603 452 1637 lugere
480 1611 510 1630 se
528 1602 596 1629 dicit
612 1601 654 1636 (II
669 1602 731 1629 Cor.
750 1603 810 1637 sit).
835 1603 889 1630 Cor
914 1603 998 1637 igitur
1016 1604 1148 1637 sapientis

1201 349 1266 375 illud
1284 358 1291 375 :
1315 349 1427 376 Meliora
1440 355 1502 376 sunt
1519 350 1626 376 vulnera
1642 350 1731 380 amici.
1746 358 1826 384 quam
1839 350 1991 376 uoluntaria

1201 395 1293 422 oscula
1317 395 1418 422 inimici
1448 394 1541 429 (Prov.
1566 403 1652 424 ιιι-11.
1678 395 1719 430 6).
1745 396 1821 423 Sicut
1840 397 1915 423 enim
1940 403 1991 422 vox

1201 442 1339 476 spinarum
1373 442 1526 469 ardentium
1553 443 1604 470 sub
1627 443 1700 474 olla.
1731 443 1878 477 strepitum
1902 442 1992 469 reddit

1201 486 1342 515 insuavem
1360 497 1367 515 :
1385 488 1426 515 sic
1442 493 1469 515 et
1483 489 1617 523 palpantis
1630 489 1752 523 magistri
1766 490 1849 515 verba
1862 496 1919 516 non
1930 496 1992 523 pro-

1200 533 1311 565 derunt.
1329 534 1369 561 vel
1383 534 1417 561 ad
1437 543 1517 562 curas
1536 535 1627 562 seculi
1644 536 1664 568 ',
1678 543 1741 570 quae
1756 535 1842 569 spinae
1857 535 1991 568 interpre-

1200 585 1304 613 tantur,
1323 581 1465 610 auditares
1482 589 1548 610 suos
1563 583 1732 609 eoliortaniis
1744 602 1752 613 .
1773 582 1816 610 vel
1831 582 1926 609 futuro
1945 589 1992 609 ens

1201 626 1330 654 incendio
1356 627 1441 663 438
1461 629 1651 663 ρηιξρπςιηιὶς.
1679 629 1861 665 Symmachus
1894 637 1945 662 pro
1960 636 1992 655 eo

1200 675 1272 708 quod
1291 682 1341 701 nos
1362 675 1505 709 posuimus
1522 683 1530 701 :
1558 685 1568 701 r
1587 675 1656 708 Quia
1678 675 1749 702 sicut
1767 684 1818 702 vos
1848 675 1992 710 spinarum

1200 721 1251 748 sub
1267 721 1330 752 olla.
1348 721 1389 748 sic
1407 721 1479 749 risus
1503 721 1591 753 stulti,
1610 731 1619 748 ι
1637 722 1709 750 hunc
1726 729 1839 750 sensum
1855 727 1994 755 interpre—

1201 772 1264 794 laris
1281 774 1362 801 quem
1391 775 1471 802 supra
1494 768 1676 796 disseruimus
1690 790 1697 801 .
1716 769 1754 796 ait
1770 777 1778 796 :
1795 778 1805 794 ι
1831 768 1885 795 Per
1900 776 1994 795 vocem

1200 812 1273 839 enim
1293 812 1484 847 imperitorum
1500 813 1618 840 vinculis
1646 813 1781 848 quispiam
1798 813 1959 845 colligatur.
1984 822 1994 837 ι

1201 857 1253 884 liric
1272 863 1325 890 est,
1344 859 1376 884 ad
1395 866 1488 885 vocem
1506 860 1601 886 talium
1624 865 1820 894 praceptorum
1839 860 1932 893 magis
1946 867 1995 885 au-

1200 903 1274 931 ditor
1290 905 1450 937 innectitnr.
1467 906 1532 933 dum
1549 906 1668 934 vinculis
1684 911 1862 941 peccatorum
1878 913 1993 933 suoruvn

1202 952 1393 986 unusquisque
1408 952 1619 986 constringitur.

1240 1007 1249 1024 ι
1267 999 1411 1026 Catumnia
1427 999 1574 1026 conturbat
1590 999 1742 1034 sapientem
1754 1019 1761 1030 .
1777 1004 1804 1026 et
1836 999 1937 1033 perdet
1951 1006 1995 1025 cor

1200 1046 1372 1073 fortitudinis
1400 1045 1475 1080 ejus.
1503 1054 1513 1071 ι
1530 1045 1609 1073 Nunc
1632 1046 1782 1080 sapientem
1810 1046 1839 1072 in
1869 1045 1993 1079 profectu

1200 1091 1318 1126 positum
1337 1091 1440 1124 accipe,
1453 1092 1604 1119 secundum
1620 1092 1684 1118 illud
1705 1099 1713 1118 :
1730 1093 1818 1126 Argue
1833 1093 1992 1124 sapientem.

1199 1142 1224 1165 et
1239 1138 1331 1172 diliget
1347 1143 1372 1164 te
1383 1137 1476 1171 (Prov.
1495 1146 1533 1170 is,
1551 1138 1589 1172 8).
1604 1138 1718 1173 Sapiens
1735 1139 1839 1172 quippe
1857 1138 1994 1172 perfectus

1199 1185 1275 1212 nulla
1290 1186 1436 1220 argutione
1454 1184 1568 1219 indiget,
1594 1185 1668 1212 nulla
1684 1185 1820 1213 calumnia
1839 1185 1991 1212 conturba-

1200 1236 1254 1258 tur.
1273 1230 1392 1259 Utamur
1416 1232 1468 1259 lioc
1497 1232 1646 1264 versiculo,
1665 1233 1687 1259 si
1705 1233 1815 1266 quando
1830 1232 1941 1266 justum
1959 1232 1994 1258 vi-

1199 1285 1262 1304 rum
1289 1282 1373 1313 atque
1390 1277 1544 1312 sapientem
1570 1278 1695 1306 videmus
1720 1278 1891 1305 calumniam
1909 1278 1994 1304 stisti-

1199 1330 1277 1355 nere.
1294 1329 1321 1351 et
1345 1324 1450 1351 turbari
1467 1323 1501 1351 de
1530 1324 1673 1359 iniquitate
1687 1324 1795 1357 iudicii.
1827 1332 1881 1351 nec
1910 1325 1991 1351 Deum

1199 1370 1294 1397 statim
1316 1370 1464 1397 subvenire
1489 1375 1665 1405 praesentem.
1684 1370 1736 1398 Pro
1766 1378 1800 1398 eo
1816 1378 1905 1403 vero,
1924 1372 1992 1405 quod

1201 1416 1379 1451 Septuaginta
1393 1439 1401 1450 ,
1423 1422 1450 1444 et
1466 1417 1578 1451 Aquila.
1595 1423 1621 1444 et
1640 1415 1793 1444 Tbeodotio
1818 1418 1991 1451 interpretati

1199 1468 1272 1496 sunt,
1288 1463 1373 1496 perdit
1387 1472 1434 1490 cor
1447 1463 1572 1494 εὐτονίας
1584 1463 1667 1491 αὐτοῦ
1681 1464 1702 1495 ⁸,
1720 1463 1748 1491 id
1758 1468 1810 1494 est.
1826 1464 1993 1498 fortitudinis

1199 1509 1256 1536 sive
1273 1509 1371 1542 vigoris
1397 1509 1464 1544 ejus.
1499 1508 1683 1543 Symmachus
1706 1509 1755 1541 ait,
1781 1514 1808 1537 et
1835 1511 1925 1544 perdit
1950 1518 1993 1536 cor

1199 1563 1345 1583 IATTIANA
1363 1555 1482 1591 (nmo)
1513 1555 1542 1582 id
1567 1559 1607 1582 est
1624 1576 1632 1588 ,
1666 1556 1764 1582 donum
1781 1564 1789 1582 :
1805 1561 1861 1582 tarn
1877 1557 1992 1583 verbum

1200 1601 1377 1630 Hebraicum.
1394 1609 1476 1635 quam
1494 1601 1754 1636 interpretationem
1772 1602 1835 1635 ejus
1846 1602 1992 1636 copulatis.

359 1651 440 1676 variat
456 1649 488 1675 ad
501 1649 611 1675 domum
625 1648 685 1675 talis
703 1648 765 1679 viri.
782 1649 829 1683 qui
855 1656 884 1675 se
909 1649 1042 1683 corripiat
1059 1650 1146 1677 delin-
1158 1649 1181 1680 C
1198 1654 1225 1674 et
1251 1648 1356 1674 faciens
1387 1646 1464 1673 illum
1494 1654 1619 1677 sensum.
1646 1648 1692 1681 qui
1710 1647 1775 1675 alibi
1791 1648 1912 1681 seriptiis
1929 1654 1969 1675 cst
1985 1656 1992 1674 :

354 1699 501 1729 .qiienteni,
518 1698 548 1721 ut
571 1693 689 1720 adducat
714 1693 747 1719 ad
767 1693 912 1728 lacrynias.
941 1694 987 1729 qui
1017 1700 1148 1729 provocet

360 1742 469 1776 propria
484 1741 548 1768 ﬂere
562 1746 683 1775 peccata,
698 1744 722 1767 et
741 1747 795 1766 non
807 1744 849 1767 cat
864 1740 897 1767 ad
911 1740 1020 1767 domum
1038 1742 1147 1774 laetitiae,

361 1789 408 1815 ubi
423 1788 520 1814 doctor
546 1787 674 1814 adulatur
698 1791 725 1813 et
757 1786 877 1821 decipit,
895 1786 939 1813 tibi
961 1795 1015 1813 non
1034 1795 1148 1814 conver-

360 1826 465 1862 sionem
479 1833 665 1864 audientiuin.
681 1832 727 1860 sed
746 1836 772 1859 et
790 1832 904 1866 plausus
926 1833 1023 1867 quaerit
1041 1837 1068 1860 et
1090 1833 1148 1860 lau-

359 1881 433 1906 dein.
455 1879 529 1906 Talis
545 1883 695 1913 praeceptor
712 1878 862 1912 plangitur,
878 1877 992 1905 divesin
1009 1886 1146 1911 sermone,

359 1926 437 1952 dives
450 1924 477 1952 in
495 1924 588 1952 verbis
599 1925 620 1956 ⁵,
637 1924 684 1958 qui
705 1924 769 1957 quia
784 1928 924 1951 saturatos
939 1928 991 1957 est,
1007 1930 1149 1959 propterea

360 1971 463 2005 recepit
481 1970 696 1997 consolationem
719 1977 809 1997 suam.
833 1970 956 2006 Denique
980 1972 1044 1998 liiiic
1065 1979 1149 2004 espo-

360 2017 451 2044 sitiorti
468 2016 551 2043 etiam
580 2020 728 2050 sequentes
756 2016 882 2043 versiculi
911 2017 1088 2044 concordant.
1105 2017 1150 2044 Ait

361 2062 430 2089 enim
449 2069 456 2088 :

399 2118 409 2134 ι
430 2108 526 2135 Melius
537 2111 579 2134 est
589 2106 683 2134 audire
701 2107 903 2142 correptionem
913 2108 1055 2142 sapientis,
1068 2116 1150 2143 super

362 2162 450 2182 virum
476 2153 634 2181 audientem
655 2161 764 2180 carmen
788 2154 948 2181 stultorum.
973 2154 1042 2187 Quia
1076 2155 1150 2181 sicut

362 2210 411 2228 vos
427 2201 570 2236 spinarum
586 2201 638 2228 sub
652 2200 717 2231 olla,
733 2199 773 2226 sic
789 2199 860 2227 risus
881 2200 968 2227 stulti.
980 2199 1033 2227 Sed
1059 2205 1084 2227 et
1100 2201 1152 2227 boc

363 2247 479 2275 vanitas.
502 2255 511 2272 i
541 2245 635 2273 Melius
661 2245 736 2272 enini
766 2251 808 2273 est
834 2253 848 2271 a
879 2246 1003 2280 sapiente
1027 2246 1149 2280 corripi.

399 2339 406 2354 ‘
426 2338 499 2366 ldein
513 2336 620 2363 Alcnin‘.
643 2343 704 2361 cum
725 2335 806 2362 editis
823 2339 886 2362 ante
905 2334 1032 2362 Martian.
1056 2334 1149 2364 libris.

363 2374 434 2407 Quia
453 2374 489 2400 ibi
507 2371 689 2398 recordatione
708 2370 880 2407 conditionis
901 2374 1009 2401 nostra.
1040 2374 1106 2402 etc.;
1124 2375 1152 2396 et

365 2405 439 2441 iiuix.
464 2408 496 2434 In
509 2407 631 2434 conviviis
644 2410 742 2434 autem.
762 2410 786 2431 et
802 2405 907 2431 lmtitin.

400 2438 516 2476 —'Quiri
539 2443 574 2468 ibi
590 2441 751 2467 conditionis
768 2445 874 2467 nostris.
891 2439 1034 2476 Supcrllue
1050 2438 1075 2465 in
1092 2439 1151 2465 edi-

365 2481 399 2506 tis
410 2475 530 2508 additur.
543 2478 606 2511 quia
621 2476 657 2503 tbi
674 2476 873 2506 recordatione.
888 2481 940 2502 etc.
959 2475 1093 2511 Mitti-itu.

402 2516 410 2530 '
428 2510 563 2540 Vuliean.)
581 2512 727 2538 Tristitiant
747 2511 840 2542 luctui,
857 2511 902 2537 sed
928 2510 1065 2544 ['estivitati
1090 2517 1151 2536 coit-

364 2550 459 2577 rii-ium
473 2547 641 2582 prwtulisset.

402 2586 411 2600 ⁸
426 2580 495 2611 cum
522 2584 617 2608 iisdem
634 2581 751 2615 vulgatis
776 2580 883 2608 Alcuin.
898 2602 905 2611 ,
930 2580 1010 2607 Risus
1030 2581 1151 2606 dissolvit

365 2621 520 2652 sapientem.
535 2616 617 2647 Tum,
636 2617 676 2643 ira
690 2617 807 2648 corrupit
821 2617 973 2642 stenteitdat
989 2620 1149 2652 peccantem.

366 2650 524 2682 Irascuntur
534 2657 558 2678 et
571 2652 656 2682 nobis,
670 2651 731 2685 quin
744 2652 918 2685 peccavimus.
930 2652 1080 2677 irascamur
1090 2650 1150 2675 aliis

366 2699 466 2723 quoque
491 2686 657 2721 peccantibus
676 2684 714 2712 'ad
753 2687 961 2713 emendationem
982 2687 1034 2717 sui,
1049 2694 1099 2711 non
1116 2684 1150 2711 ad

366 2726 492 2751 ultionem
510 2722 604 2750 nostri.

402 2758 434 2780 ‘—
449 2759 526 2786 Rt'sus
542 2758 660 2785 dissolvit
676 2757 813 2784 ridentem.
830 2756 923 2782 Plures
936 2763 1012 2785 niss..
1029 2755 1150 2781 dissolvit

367 2796 517 2825 ridentem;
533 2794 595 2828 quin
613 2795 690 2820 facile
705 2799 808 2818 mutant
826 2792 953 2817 ridentem
968 2791 995 2817 in
1011 2793 1148 2817 videntem.

368 2831 436 2856 ILd.ti
456 2831 547 2863 [agunt
560 2830 714 2862 sapientem.
734 2828 868 2853 MARTIAN.

403 2865 414 2880 ⁵
431 2859 522 2890 lit-niui
538 2859 679 2895 Alcitiuus,
693 2869 719 2889 et
745 2864 849 2897 pridem
868 2861 968 2895 vulgati
988 2861 1059 2892 libri.
1090 2859 1150 2887 Non

367 2903 435 2927 diues
454 2901 479 2925 in
502 2907 587 2933 opere.

400 2938 411 2952 ⁸
433 2935 588 2963 Vatic..-Ad
603 2934 692 2966 culpas
711 2933 810 2959 καταλί-

401 2972 409 2986 τ
427 2970 484 2997 Νυιι
501 2970 741 2997 videntiirietcres
773 2972 949 3003 recentesque
961 2968 1090 3001 editores,
1104 2968 1148 3003 qui

1200 1693 1344 1721 Ezctccant
1370 1701 1481 1720 munera
1507 1695 1586 1721 etiam
1607 1694 1768 1728 sapientium
1790 1695 1882 1721 oculos
1901 1695 1990 1729 (Deut.

1199 1748 1256 1771 ut.
1276 1739 1331 1774 19).

1237 1795 1246 1811 r
1269 1786 1366 1814 Melius
1384 1791 1427 1814 est
1453 1786 1634 1814 novissimum
1654 1788 1800 1816 sermonis.
1817 1796 1901 1822 Quam
1916 1789 1991 1822 prin-

1201 1831 1304 1865 cipium
1321 1831 1392 1866 ejus.
1410 1842 1420 1858 ι
1448 1832 1575 1860 Meliores
1596 1839 1661 1860 sunt
1684 1835 1710 1861 in
1737 1835 1854 1861 dicendo
1872 1835 1991 1868 epilogi,

1199 1886 1281 1912 quam
1315 1879 1471 1907 exordium.
1504 1879 1534 1906 lit
1566 1880 1609 1907 liis
1638 1880 1712 1907 enim
1741 1880 1859 1908 dicentis
1885 1881 1992 1908 sollici-

1202 1924 1269 1950 tudo
1283 1923 1386 1956 linitur,
1406 1924 1432 1951 in
1454 1925 1501 1952 illo
1516 1925 1621 1960 incipit.
1641 1924 1688 1952 Vel
1707 1931 1780 1953 certe
1800 1927 1840 1953 sic
1858 1934 1866 1952 :
1882 1925 1934 1959 Qui
1953 1927 1994 1952 in-

1203 1970 1270 2003 cipit
1289 1970 1387 1997 audire
1408 1978 1574 2005 sermonem,
1586 1974 1624 1998 'ct
1638 1971 1672 1998 ad
1689 1977 1882 2006 praeceptorem
1900 1973 1992 2002 vadit.

1202 2016 1229 2042 in
1245 2015 1382 2051 principio
1395 2021 1456 2048 est;
1471 2017 1518 2051 qui
1534 2025 1600 2044 vero
1612 2022 1737 2045 extrema
1758 2018 1845 2048 audit.
1859 2026 1993 2045 consum-

1203 2067 1295 2089 matus
1310 2066 1353 2089 est
1368 2067 1451 2097 atque
1469 2063 1617 2097 perfectus.
1638 2064 1691 2091 Sed
1713 2069 1740 2091 et
1755 2065 1807 2092 hoc
1819 2065 1901 2091 modo
1914 2065 1995 2091 inte:-

1202 2108 1248 2143 ligi
1277 2113 1367 2142 potest
1390 2116 1399 2135 :
1429 2108 1497 2136 Dnin
1528 2110 1554 2136 in
1579 2110 1633 2137 isto
1656 2111 1757 2138 sreculo
1773 2119 1890 2143 sumus,
1921 2112 1995 2145 quod

1202 2156 1317 2188 scimus.
1330 2163 1413 2183 omne
1428 2156 1592 2191 principium
1608 2162 1667 2189 est;
1681 2165 1743 2184 cum
1757 2163 1848 2184 autem
1864 2160 1971 2185 venerit
1987 2178 1995 2186 .

1203 2203 1276 2237 quod
1292 2202 1442 2236 perfectum
1461 2208 1513 2233 est.
1530 2202 1556 2228 in
1573 2203 1730 2230 novissimis
1746 2208 1773 2230 et
1793 2204 1997 2230 comminantis

1202 2248 1318 2275 erimus.
1345 2247 1477 2275 llebraaus
1508 2248 1545 2275 ita
1578 2248 1651 2275 hunc
1668 2248 1759 2275 locum
1784 2256 1847 2275 cum
1868 2249 1996 2282 seqlk'llll

1205 2339 1339 2365 hactenus
1365 2337 1508 2370 εὐγενείας
1535 2337 1618 2364 αὑτοῦ
1637 2337 1771 2372 legerunt,
1797 2338 1892 2365 Grzca
1911 2340 1996 2364 verba

1207 2381 1239 2400 ex
1257 2373 1478 2408 Hieronyniiaiiis
1488 2373 1623 2408 mss..scd
1634 2380 1667 2399 ex
1683 2374 1841 2406 pervulgata
1856 2374 1912 2399 τῶν
1926 2373 1996 2400 LXX

1206 2408 1325 2435 editione
1338 2407 1516 2442 espressissc.
1535 2407 1645 2434 Scilicet
1659 2415 1725 2434 inss.
1741 2408 1878 2439 εὖτοιὶας,
1895 2417 1996 2442 quiem-

1205 2444 1352 2470 adinoduin
1381 2444 1514 2472 emendo.
1543 2443 1702 2478 praeferunt.
1717 2447 1744 2468 ct
1758 2443 1779 2469 si
1799 2444 1845 2478 qui
1863 2444 1997 2470 mendose

1205 2478 1357 2505 scribarum
1373 2479 1518 2505 oscitantis
1531 2478 1552 2504 Τ
1567 2478 1592 2504 in
1609 2477 1628 2503 Γ
1647 2484 1830 2509 commutant.
1845 2478 1998 2512 legumque

1205 2514 1330 2547 ιὺγηνίας
1361 2513 1401 2539 vel
1418 2513 1556 2546 ὲκγονίας,
1587 2514 1646 2547 ipso
1676 2512 1738 2545 ejus
1763 2513 1891 2540 litterulae
1910 2515 1999 2540 niani-

1204 2548 1275 2575 fcsto
1297 2548 1373 2575 vitio.
1394 2548 1520 2581 repositae
1536 2548 1646 2574 lectioni
1662 2548 1857 2582 siitl'ragaiitur.
1873 2548 1911 2574 Ita
1930 2556 1997 2574 vero

1203 2589 1229 2609 et
1244 2591 1327 2617 penes
1344 2582 1411 2609 LXX
1429 2583 1611 2617 reponendum
1628 2590 1676 2615 pro
1689 2583 1833 2614 εὐγενείας
1845 2585 1999 2610 contende-

1203 2618 1265 2648 rim,
1282 2626 1344 2644 nam
1367 2623 1394 2644 et
1410 2618 1436 2643 iii
1453 2618 1575 2644 editione
1592 2617 1713 2644 Romana
1730 2617 1883 2645 Flaminius
1910 2620 1999 2645 ιάηοο

1203 2657 1320 2683 tari-rat,
1337 2653 1372 2679 ita
1396 2653 1422 2678 in
1437 2652 1576 2679 nonnullis
1598 2653 1739 2688 codicibus
1764 2652 1869 2679 (Erret-is
1882 2654 1935 2688 legi
1948 2675 1954 2684 ,
1972 2658 1999 2679 et

1202 2689 1276 2721 quod
1294 2688 1413 2721 palmare
1436 2692 1626 2721 argumentum
1642 2692 1682 2713 est
1698 2687 1998 2722 Hieronyinianafcjus

1203 2723 1280 2749 vocis
1297 2723 1498 2756 interpretatio,
1515 2722 1539 2748 id
1556 2728 1607 2755 est,
1625 2723 1800 2755 fortitudinis.
1813 2723 1872 2749 sive
1885 2725 1999 2755 rigoris,

1202 2758 1270 2784 satis
1292 2758 1358 2784 bene
1375 2757 1511 2788 εὐτονίας,
1528 2758 1661 2783 vocabulo
1674 2758 1822 2789 respondet
1837 2759 1914 2790 quod
1930 2764 1998 2784 stre-

1203 2795 1306 2824 uuitus,
1320 2792 1442 2825 impetus,
1457 2792 1540 2826 vigor.
1556 2798 1637 2826 atque
1651 2792 1694 2819 liis
1714 2792 1814 2818 similia
1832 2792 2000 2825 interpreta-

1204 2833 1268 2859 tur;
1286 2828 1398 2853 tuinitnc
1414 2835 1477 2853 vero
1494 2828 1646 2859 εὐγενειας,
1665 2830 1737 2861 quod
1760 2835 1862 2861 gcireris
1874 2829 1999 2859 splezde-

1202 2871 1275 2892 rem,
1304 2863 1361 2888 sive
1391 2862 1555 2887 nobilitatem
1592 2867 1681 2889 sonat.
1708 2862 1747 2887 Ad
1769 2870 1785 2888 (ι
1803 2882 1811 2893 ,
1842 2862 1997 2889 Vir-turium

1203 2898 1262 2923 loco
1275 2898 1360 2931 perdit
1374 2897 1463 2931 legi-re
1479 2898 1564 2929 prodit
1583 2905 1591 2923 :
1608 2899 1672 2924 iiitlii
1688 2899 1778 2930 perdet
1807 2901 1922 2932 probari
1941 2909 1996 2924 ιγπ-

1204 2942 1253 2965 ﬁla.

151 3181 2050 3664 ν-
