4210 6350
148 372 290 438 1117

1086 375 1697 440 COMMENTARIUS
1736 383 1817 442 IN
1854 381 2449 443 ECCLESIASTRN.

3276 382 3415 445 1118

144 488 425 543 versiculo
474 487 743 543 disseruit
782 507 796 545 :
836 488 1025 544 Melius
1066 500 1151 543 est
1199 501 1251 543 te
1283 490 1444 544 linem
1477 493 1730 545 conside-
1762 495 1963 548 Aulim
2020 494 2217 564 Moysi,
2255 509 2418 560 quam
2468 505 2614 545 nunc
2650 491 2671 523 ⁸
2698 489 2929 555 Christi,
2993 489 3151 560 Legis
3235 490 3425 557 fuisse,

147 599 272 637 rare
314 583 554 653 negotii.
588 597 752 651 quam
787 582 1143 651 principium,
1170 592 1224 635 et
1244 585 1540 651 patientem
1570 586 1738 648 esse',

146 690 317 743 quam
356 677 731 745 impatientite
763 676 950 729 furore
982 676 1208 743 raptari.
1261 677 1532 730 Discimus
1579 677 1746 749 5,39

145 787 379 841 quoque
422 786 489 824 ex
547 773 650 825 hac
683 769 1033 831 sententiola,
1085 770 1288 823 nullam
1335 770 1387 820 in
1432 768 1743 826 hominibus

148 879 277 918 esse
314 864 676 929 sapientiam,
708 877 832 915 cum
865 861 1063 916 melius
1093 863 1164 916 sit
1193 872 1395 923 tacere,
1427 877 1586 930 quam
1620 875 1746 929 pro-

148 957 303 1022 loqui
331 973 344 1015 :
373 964 427 1008 et
460 957 590 1024 quia
618 970 744 1008 cum
773 954 921 1007 linita
958 955 1123 1010 fuerit
1147 956 1343 1017 oratio,
1376 954 1513 1008 intra
1546 960 1747 1008 semet-

149 1048 343 1116 ipsum
425 1049 703 1117 recOgitat
763 1047 1005 1109 auditor,
1055 1047 1183 1115 quid
1228 1046 1300 1099 sit
1333 1047 1536 1100 dictum
1568 1064 1583 1103 :
1617 1059 1742 1099 cum

150 1157 343 1194 autem
384 1144 720 1211 ceperimus
786 1141 935 1210 loqui
964 1179 979 1203 ,
1030 1139 1263 1195 necdum
1309 1138 1442 1209 quid
1494 1137 1745 1193 utilitatis

152 1238 399 1299 accepit.

236 1345 257 1377 ι
301 1327 505 1380 Melior
551 1337 631 1380 est
674 1328 889 1395 patiens
932 1341 1096 1394 Super
1145 1327 1421 1380 excelsum
1466 1324 1685 1395 spiritu.
1722 1344 1740 1377 ι

157 1416 307 1480 Quia
362 1421 623 1484 superius
659 1420 794 1472 iram
825 1430 1198 1478 concesserat,
1230 1420 1417 1475 dicens
1449 1438 1461 1474 :
1500 1439 1518 1471 ι
1561 1418 1748 1474 Melior

155 1522 244 1563 est
276 1512 387 1569 ira.
415 1526 580 1579 quam
612 1514 756 1565 risus
779 1553 794 1575 ,
840 1531 858 1561 ι
898 1528 964 1565 ne
1000 1523 1315 1579 putaremus
1350 1513 1509 1573 iram.
1540 1527 1659 1579 qum
1694 1512 1747 1564 in

155 1605 423 1671 passione
460 1617 547 1659 est
584 1606 823 1668 laudari,
871 1622 1015 1659 nunc
1054 1607 1311 1674 praecepit
1346 1606 1480 1657 iram
1532 1605 1751 1673 penitus

158 1715 290 1753 esse
334 1698 633 1752 tollendam
664 1700 707 1750 '.
758 1697 829 1750 lbi
860 1700 1003 1751 enim
1040 1714 1136 1765 pro
1172 1700 1515 1768 correptione
1539 1699 1589 1750 in
1623 1714 1751 1767 pec-

157 1802 388 1855 cantes,
424 1800 477 1845 et
510 1792 820 1845 eruditione
874 1792 926 1845 iu
972 1793 1209 1846 niinres
1241 1793 1374 1845 iram
1403 1793 1580 1861 posuit
1615 1811 1629 1845 :
1663 1792 1750 1844 hic

154 1904 297 1942 vero
356 1887 751 1956 impatientiam
785 1886 1101 1941 refrenavit.
1137 1885 1404 1939 Patientia
1438 1896 1750 1938 autemnon

159 1983 352 2035 solum
396 1984 448 2033 iu
482 1981 777 2047 angustiis,
816 1981 910 2033 sed
950 1989 1000 2031 et
1038 1980 1088 2030 in
1121 1978 1417 2033 laetioribus
1448 1979 1753 2031 necessaria

158 2086 286 2139 est,
331 2092 401 2129 ne
438 2078 558 2145 plus
604 2093 769 2146 quam
829 2077 1117 2136 concedet,
1168 2080 1492 2129 exaltemur.
1533 2074 1758 2129 Videtur

166 2169 313 2220 mihi
352 2180 405 2222 et
452 2168 545 2236 qui
577 2184 728 2223 nunc
764 2168 784 2198 ⁸
818 2170 1071 2222 excelsus
1103 2170 1404 2236 appellatur
1455 2168 1645 2237 spiritu
1703 2168 1756 2221 in

165 2260 508 2327 Evangelia,
564 2261 787 2328 pauperi
822 2261 1016 2327 spiritu
1052 2276 1169 2315 esse
1198 2259 1527 2321 contrarius,
1582 2262 1671 2329 qui
1706 2273 1760 2315 et

166 2361 223 2407 in
254 2354 605 2405 beatitudine
641 2355 881 2421 ponitur.

250 2465 268 2495 ι
314 2443 391 2497 Ne
424 2444 654 2498 festines
689 2447 741 2497 in
776 2445 971 2511 spiritu
1022 2455 1155 2507 tuo,
1203 2454 1261 2497 ut
1294 2447 1558 2500 irascaris
1586 2486 1600 2507 ,
1631 2446 1761 2513 quia

170 2536 252 2588 ira
286 2537 339 2587 in
378 2537 499 2587 sinu
538 2535 829 2587 stultorum
862 2535 1177 2599 requiescit.
1230 2554 1248 2586 ι
1307 2535 1424 2588 Non
1459 2535 1603 2603 quod
1634 2551 1764 2589 con-

171 2629 339 2682 cedat
368 2629 582 2681 tardius
623 2628 970 2681 irascendum
994 2669 1009 2689 ,
1043 2629 1249 2681 idcirco
1284 2644 1431 2684 nunc
1456 2628 1593 2683 dicit
1627 2650 1641 2681 :
1682 2627 1763 2681 Ne

171 2718 393 2787 festines
421 2718 473 2769 iu
510 2718 699 2783 spiritu
738 2729 827 2769 tua
878 2718 1088 2780 irasci;
1154 2722 1247 2771 sed
1310 2718 1455 2785 quod
1512 2734 1632 2772 cum
1686 2718 1765 2770 fu-

170 2825 306 2863 rens
393 2819 449 2862 et
531 2824 723 2862 recens
804 2808 972 2863 fuerit
1032 2810 1112 2861 ira
1172 2812 1244 2877 ‘,
1316 2810 1485 2863 dilata
1549 2812 1765 2865 facilius

168 2902 431 2961 Slleltlr,
471 2914 524 2954 et
576 2903 751 2969 possit
806 2904 1033 2955 auferri.
1099 2902 1164 2955 Et
1244 2904 1372 2972 quia
1424 2904 1503 2956 ira
1555 2919 1768 2971 semper

173 2997 375 3063 juncta
426 2994 700 3060 superbia:
738 3004 842 3055 est,
892 2995 1216 3049 desiderans
1260 2998 1543 3061 ultionem,
1577 2999 1767 3051 melio-

178 3102 302 3139 rem
361 3100 528 3149 supra
582 3085 875 3155 patientem
932 3086 1071 3141 dixit
1118 3103 1260 3148 esse,
1310 3104 1471 3157 quam
1523 3090 1768 3158 eumqui

1845 602 2006 653 quam
2028 585 2249 641 Gratim.
2277 584 2334 638 Si
2364 584 2507 638 enim
2546 584 2646 635 huc
2672 582 3194 651 volnerisquaerere,
3218 583 3431 651 impru-

1845 678 2035 732 denter
2080 679 2216 733 facis
2250 720 2265 741 ,
2306 693 2417 731 non
2476 676 2691 735 ridens.
2730 687 2991 744 quantum
3037 677 3210 731 distet
3246 674 3428 729 Evan-

1846 770 2043 838 gelium
2076 785 2106 824 a
2137 770 2317 825 Veteri
2357 770 2733 824 Testamento.

1925 881 1943 912 ι
1984 862 2132 916 Bona
2161 873 2245 917 est
2273 864 2541 934 sapientia
2567 877 2690 917 cum
2740 861 3081 926 haereditate,
3116 870 3169 915 et
3194 863 3429 933 amplius

1850 956 2165 1009 videntibus
2199 956 2390 1015 solem,
2422 959 2548 1025 quia
2575 956 2853 1025 quomodo
2890 955 3078 1007 umbra
3110 956 3387 1022 sapientiae
3414 995 3428 1012 .

1850 1046 1931 1101 sic
1964 1047 2156 1101 umbra
2191 1047 2404 1116 argenti
2440 1061 2455 1102 :
2489 1056 2543 1100 et
2574 1050 2718 1117 quod
2762 1049 2887 1119 plus
2922 1056 3040 1111 est,
3089 1049 3313 1101 scientia
3341 1064 3431 1099 sa-

1850 1142 2070 1210 pientia:
2105 1141 2403 1194 vivificabit
2465 1141 2753 1195 habentem
2794 1159 2907 1197 seu
2951 1141 3174 1212 Majoris
3206 1152 3289 1195 est
3319 1143 3433 1208 ειυς

1850 1235 1946 1289 rite
1988 1235 2204 1302 sapiens
2260 1250 2383 1289 cum
2444 1234 2691 1294 divitiis,
2726 1251 2888 1304 quam
2920 1247 3126 1289 tantum
3191 1235 3431 1304 sapiens.

1851 1327 1963 1382 Alii
1991 1329 2137 1381 enim
2168 1329 2437 1397 sapientia
2472 1330 2742 1393 indigent,
2777 1328 2866 1381 alii
2898 1330 3112 1395 opibus,
3149 1341 3200 1383 et
3229 1330 3320 1398 qui
3348 1344 3436 1382 sa-

1852 1421 2010 1490 piens
2043 1431 2149 1480 est.
2183 1429 2237 1474 et
2265 1437 2369 1473 min
2412 1422 2587 1482 dives,
2618 1430 2797 1489 potest
2824 1421 3040 1489 quidem
3065 1424 3259 1475 docere.
3286 1422 3433 1489 quod

1855 1516 2058 1567 bonum
2089 1522 2195 1575 est,
2238 1514 2332 1567 sed
2360 1515 2633 1567 interdum
2664 1531 2773 1568 non
2798 1525 2980 1583 potest
3004 1524 3261 1583 praestare
3290 1516 3434 1581 quod

1854 1606 2081 1670 petitur.
2106 1603 2176 1658 Et
2204 1603 2410 1657 idcirco
2434 1604 2547 1656 ait:
2576 1603 2713 1669 Quia
2738 1605 2883 1657 sicut
2910 1604 3104 1655 umbra
3130 1602 3436 1671 sapientim,

1857 1696 1930 1749 ita
1966 1696 2158 1749 umbra
2206 1694 2471 1764 pecuniae,
2510 1695 2560 1748 id
2597 1704 2679 1748 est
2706 1734 2721 1755 ,
2782 1695 3056 1762 quomodo
3092 1692 3325 1761 protegit
3350 1707 3439 1747 sa—

1859 1788 2087 1857 pientia,
2127 1787 2208 1841 sic
2266 1786 2541 1839 interdum
2601 1788 2837 1856 protegit
2870 1796 2924 1840 et
2976 1786 3228 1855 pecunia.
3271 1784 3337 1837 Et
3370 1801 3439 1838 ue

1860 1880 2142 1935 videretur
2170 1880 2456 1949 sapientia:
2483 1880 2810 1942 detraxisse,
2850 1880 2979 1933 dum
3061 1892 3179 1931 eam
3211 1877 3439 1931 fortuito

1862 1974 2007 2027 bono
2063 1972 2298 2039 subjecit
2334 1973 2468 2039 (non
2522 1972 2667 2025 enim
2703 1973 2756 2025 in
2814 1982 3001 2024 nostra
3052 1979 3323 2037 potestate
3358 1978 3443 2020 est

1861 2068 2062 2120 habere
2101 2066 2338 2125 divitias.
2369 2080 2506 2133 quas
2536 2064 2724 2133 injusti
2765 2079 2905 2133 saepe
2939 2065 3066 2131 plus
3100 2061 3432 2131 possident),

1862 2168 2154 2229 propterea
2209 2158 2473 2227 majorem
2504 2173 2627 2212 esse
2681 2158 3007 2225 sapientiam
3060 2155 3441 2219 demonstrat,

1864 2252 2052 2305 dicens
2087 2267 2101 2304 :
2140 2268 2159 2300 ι
2206 2249 2270 2301 Et
2301 2248 2538 2317 amplius
2569 2249 2801 2302 scientia
2832 2248 3118 2315 sapientia:
3145 2246 3446 2300 vivificabit

1866 2342 2156 2395 habentem
2192 2355 2275 2392 se.
2316 2357 2333 2389 ι
2371 2337 2428 2390 In
2461 2354 2525 2391 eo
2551 2377 2565 2400 ,
2627 2340 2824 2403 inquit,
2855 2339 3033 2405 major
3063 2348 3147 2391 est
3174 2338 3441 2405 sapientia

1863 2434 2103 2496 divitiis,
2135 2434 2283 2501 quod
2341 2432 2550 2500 absque
2587 2430 2716 2484 ullis
2748 2431 2948 2499 opibus
3004 2430 3243 2483 vlvilicat
3279 2446 3402 2484 eum
3431 2473 3447 2496 ,

1864 2528 1956 2597 qui
1992 2543 2050 2580 se
2082 2526 2355 2579 habuerit.

1936 2621 2170 2687 Quidam
2208 2619 2351 2672 hunc
2397 2618 2576 2672 locum
2639 2618 2712 2671 ita
2748 2617 3194 2683 interpretantur
3223 2631 3237 2668 :
3267 2613 3450 2668 Haere-

1865 2716 2121 2775 ditatem,
2154 2712 2436 2781 inquiunt,
2465 2725 2564 2778 pro
2616 2709 3037 2762 conversatione
3071 2708 3206 2759 bona
3244 2707 3449 2773 posuit,

1867 2822 1962 2877 per
1984 2820 2147 2875 quam
2176 2801 2428 2856 hmredes
2461 2816 2655 2855 sumus
2683 2798 2801 2865 Dei,
2821 2809 2874 2851 et
2896 2799 3210 2852 cohaeredcs
3224 2797 3447 2851 Christi.

1872 2901 1999 2954 Vult
2064 2900 2229 2968 igitur
2286 2895 2652 2950 Ecclesiastes
2692 2893 2910 2954 docere,
2955 2898 3160 2957 quanto
3200 2889 3455 2942 ditferant

1872 2995 1949 3057 hi,
1991 2995 2081 3061 qui
2116 2993 2285 3047 solem
2339 2983 3093 3053 merenturviderejustitize,
3145 2991 3200 3034 et
3252 2980 3455 3033 habent

1874 3086 2196 3152 sapientiam
2236 3100 2361 3137 cum
2401 3078 2823 3134 conversatione
2861 3077 3002 3130 bona
3030 3114 3044 3135 ,
3095 3075 3163 3127 ab
3217 3073 3301 3127 his
3358 3076 3451 3142 qui

176 3179 437 3229 excelsus
470 3187 554 3228 est
600 3177 817 3243 spiritu,
875 3185 927 3230 et
981 3194 1127 3231 nunc
1167 3179 1381 3247 signum
1441 3180 1765 3247 insipientia:

1871 3179 2078 3245 absque
2109 3176 2372 3243 sapientia
2408 3212 2421 3234 ,
2485 3171 2608 3223 vitae
2677 3176 2886 3220 tantum
2929 3177 2981 3217 et
3015 3163 3454 3219 conversationis

180 3268 383 3322 dedit:
425 3268 552 3337 quia
614 3272 866 3334 quamvis
917 3270 1117 3339 aliquis
1194 3281 1385 3335 potens
1436 3272 1779 3325 existimetur

185 3373 241 3413 et
274 3362 541 3430 sapiens.
595 3361 637 3414 si
697 3361 998 3415 iracundus
1050 3364 1142 3423 sit,
1180 3364 1442 3433 insipiens
1492 3365 1773 3431 arguitur:

193 3470 213 3503 ι
251 3452 335 3504 Ira
376 3453 577 3520 quippe
609 3452 661 3504 in
698 3453 820 3505 sinu
854 3454 1147 3506 stultorum
1194 3456 1510 3522 requiescit.
1547 3474 1563 3506 i

271 3561 291 3591 ι
336 3542 414 3594 Ne
446 3544 652 3595 dixeris
687 3560 701 3596 :
728 3543 872 3609 Quid
898 3545 1098 3598 factum
1133 3554 1218 3598 est
1246 3546 1408 3615 ?quia
1438 3547 1552 3598 dies
1573 3546 1780 3613 priores

194 3645 355 3687 erant
384 3634 666 3698 meliores,
705 3651 869 3703 quam
905 3636 996 3690 isti
1024 3654 1037 3699 ;
1071 3653 1179 3690 non
1216 3638 1358 3690 enim
1396 3639 1673 3705 sapienter
1702 3640 1782 3691 in-

194 3724 496 3793 terrogasti
542 3728 606 3779 de
660 3726 780 3779 hoc.
822 3745 839 3776 ι
876 3726 953 3779 Ne
1027 3740 1181 3781 vetus
1228 3730 1487 3783 saeculum
1531 3731 1778 3795 praesenti

194 3816 490 3882 praeferas,
522 3818 648 3885 quia
690 3834 834 3870 unus
878 3820 1165 3887 utriusque
1211 3829 1293 3873 est
1325 3820 1579 3873 conditur
1614 3820 1777 3873 Deus.

202 3906 453 3959 Virtutes
481 3908 655 3962 bonos
688 3910 804 3963 dies
835 3910 1040 3963 viventi
1095 3912 1337 3969 faciunt,
1379 3913 1511 3964 vitia
1536 3953 1549 3972 ,
1582 3913 1777 3964 malos.

196 4000 277 4053 Ne
309 4002 459 4053 dicas
488 4017 618 4064 ergo
682 4002 933 4055 meliores
967 4002 1137 4055 fuisse
1191 4005 1308 4057 dies
1342 4003 1443 4055 sub
1480 4003 1694 4071 Moyse,
1730 4013 1784 4056 et

200 4094 308 4144 sub
342 4092 585 4149 Christo,
614 4108 775 4160 quam
815 4094 975 4145 modo
999 4104 1149 4145 sunt.
1183 4092 1316 4145 Nam
1345 4104 1397 4147 et
1422 4094 1511 4146 illo
1539 4103 1782 4160 tempore

200 4186 393 4251 plures
430 4185 650 4238 fuerunt
697 4185 988 4247 increduli,
1024 4198 1077 4239 et
1126 4187 1243 4240 dics
1274 4202 1455 4241 eorum
1488 4188 1610 4239 nta'i
1656 4186 1778 4239 facti

200 4286 354 4337 sunt,
389 4284 442 4327 et
480 4291 626 4328 nunc
664 4276 954 4328 credentes
985 4278 1135 4327 n.ulti
1180 4277 1543 4344 reperiuntur,
1570 4278 1637 4327 de
1662 4277 1781 4344 qui-

200 4366 311 4420 bus
367 4367 441 4417 ait
481 4366 733 4418 Salvator
770 4386 781 4419 :
818 4367 1089 4420 Beatiores
1135 4368 1222 4435 qui
1282 4386 1381 4420 non
1428 4370 1687 4429 rit/erunt,
1733 4378 1783 4421 et

201 4460 541 4512 crediderunt
598 4458 781 4525 (Joan.
824 4475 914 4517 xx.
955 4460 1069 4528 29).
1114 4460 1293 4513 Aliter
1328 4477 1341 4513 :
1378 4460 1465 4514 Sic
1505 4462 1668 4513 debes
1708 4461 1785 4513 vi-

1881 3270 2119 3325 studium
2175 3265 2619 3320 commodaruut.
2673 3259 2830 3327 Quod
2889 3257 3105 3326 quidem
3162 3263 3215 3307 et
3269 3254 3453 3307 Daniel

1880 3359 2142 3423 ostendit,
2189 3358 2381 3411 dicens
2419 3374 2432 3408 :
2466 3353 2826 3421 lntetligentes
2863 3364 3127 3403 sermones
3176 3363 3314 3399 meos
3346 3346 3456 3411 ful-

1882 3451 2070 3521 gebunt
2095 3490 2109 3512 ,
2166 3462 2219 3501 ut
2270 3448 2557 3500 luminaria
2605 3446 2717 3497 caeli
2755 3444 2921 3499 (Dan.
2980 3457 3079 3502 xu,
3116 3441 3213 3505 5);
3247 3439 3361 3492 sive
3396 3449 3456 3490 ut

1882 3542 2188 3597 Theodotio
2222 3540 2617 3605 interpretatus
2649 3545 2728 3589 est
2761 3552 2774 3588 :
2810 3534 2977 3597 Quasi
3000 3532 3247 3600 splendor
3275 3531 3458 3597 ﬁrma-

1883 3636 2063 3689 menti.
2100 3634 2204 3697 Qui
2236 3649 2352 3686 vero
2374 3632 2592 3700 fecerint
2617 3645 2877 3683 sermones
2911 3642 3068 3684 meos.
3109 3626 3261 3693 quasi
3294 3626 3459 3677 stella:

1882 3728 2016 3779 culi.
2056 3725 2316 3780 Umbram
2359 3732 2540 3777 autem
2575 3722 2810 3791 argenti,
2844 3721 2959 3775 sive
3015 3717 3279 3786 peruium,
3313 3716 3456 3767 iltazn

1882 3820 2183 3874 secundum
2223 3817 2521 3883 ἀναγωγὴν
2544 3815 2809 3867 debemus
2838 3812 3110 3879 aet-iperc,
3141 3810 3206 3860 de
3249 3824 3349 3873 qua
3382 3820 3462 3859 ta-

1884 3908 2029 3960 lenta
2060 3917 2108 3959 e:
2154 3906 2318 3959 minus
2352 3906 2403 3957 iu
2436 3904 2714 3974 parabolis
2747 3904 2765 3931 ‘
2813 3901 3089 3968 Evangelii
3120 3898 3456 3965 colliguntur

1887 4001 2106 4061 (Matth.
2150 4017 2276 4065 xxv,
2305 3999 2435 4053 Luc.
2465 3998 2603 4068 ιικ),
2638 4007 2693 4049 ιιι
2720 3996 2876 4067 Ml
2911 4011 3032 4047 cum
3065 3994 3334 4046 fuerimus
3358 3992 3459 4042 sltlt

1888 4094 2084 4145 umbra
2120 4094 2425 4159 sapientiai,
2466 4098 2521 4142 et
2550 4090 2652 4143 sub
2690 4090 2882 4140 umbra
2928 4086 3052 4137 talis
3073 4085 3320 4151 argenti:
3364 4080 3464 4133 ινιτ

1885 4188 2022 4239 diem
2065 4186 2147 4237 sol
2186 4202 2288 4237 non
2314 4194 2430 4237 uret
2463 4200 2578 4241 nos,
2615 4198 2779 4251 neque
2801 4182 2927 4232 luna
2952 4196 3042 4247 per
3065 4188 3265 4230 noctem
3286 4177 3459 4244 (Psal.

1887 4278 2038 4343 cxx).
2083 4277 2187 4331 Sed
2220 4287 2274 4330 et
2307 4277 2410 4329 hoc
2441 4276 2548 4329 dici
2585 4282 2789 4344 potest,
2822 4274 2948 4342 quia
3000 4274 3185 4324 titulu‘a
3223 4282 3301 4321 est
3355 4272 3461 4322 vita

1890 4382 2079 4424 nostra
2136 4384 2301 4438 super
2383 4378 2584 4422 terram
2631 4381 2647 4420 :
2701 4365 2763 4418 Ιιί
2816 4366 3032 4430 spiritus
3082 4362 3256 4415 vultus
3298 4366 3463 4414 nostri

1888 4461 2131 4513 Christus
2172 4459 2427 4511 Dominus
2457 4457 2540 4508 cui
2569 4456 2799 4507 diximus
2831 4468 2850 4509 :
2882 4452 2946 4506 In
2980 4454 3165 4504 umbra
3190 4452 3301 4519 ejus
3326 4454 3467 4505 vivs-

200 4565 356 4611 vere,
388 4558 445 4601 ut
498 4564 713 4615 semper
747 4562 1044 4617 praesentes
1076 4551 1191 4603 dies
1225 4551 1478 4604 meliores
1509 4551 1602 4603 tibi
1630 4551 1739 4603 sint
1767 4590 1782 4613 ,
1818 4542 1859 4594 Ι)
1891 4572 2005 4607 mus
2040 4555 2093 4606 in
2124 4555 2361 4623 gentibus
2398 4551 2613 4619 (Tlireu.
2674 4567 2751 4613 ιγ,
2779 4548 2896 4619 20).
2942 4547 3137 4601 Omnis
3172 4557 3357 4599 nostra
3410 4546 3461 4598 in

201 4658 370 4705 quam
408 4641 666 4708 praeteriti
695 4680 708 4699 ,
768 4656 834 4692 ne
862 4656 984 4693 eum
1024 4641 1281 4707 pautatim
1317 4641 1633 4699 decrescere
1669 4656 1783 4694 ca:-

200 4734 372 4800 pnris,
406 4734 617 4783 dicatur
651 4733 743 4784 tibi
772 4748 784 4786 :
810 4733 975 4803 440
1013 4733 1322 4787 Currebatis
1365 4733 1511 4795 bene,
1541 4733 1658 4801 quis
1696 4750 1783 4786 vos

204 4826 479 4891 impedivit
511 4827 720 4877 reritati
750 4842 850 4876 non
887 4828 1097 4878 obedire
1129 4826 1335 4894 (Colat.
1367 4842 1421 4891 γ,
1461 4826 1558 4893 7)?
1589 4826 1653 4880 Et
1684 4827 1785 4880 itc-

205 4930 329 4966 rum
364 4930 382 4968 :
412 4914 724 4982 Incipiente:
754 4917 964 4981 spiritu,
996 4933 1131 4968 nunc
1159 4932 1318 4970 carne
1348 4919 1787 4970 consummantini

207 5006 419 5075 (Calat.
454 5024 533 5071 in,
589 5010 665 5073 5)..
700 5010 869 5062 Aliter
912 5027 925 5061 :
959 5009 1033 5064 Ne
1085 5012 1236 5064 dicas
1285 5012 1505 5064 meliora
1546 5024 1789 5079 tempora

285 5165 299 5193 '
336 5164 511 5225 Quam
544 5166 859 5231 principium
881 5206 894 5224 ,
928 5176 974 5217 et
1010 5168 1289 5233 patientem
1331 5182 1460 5219 esse.
1496 5167 1622 5222 Mss.
1655 5170 1791 5224 Cor-

212 5234 471 5287 lieienses
499 5252 512 5287 :
556 5234 621 5285 Et
648 5237 933 5306 sapientem
962 5253 1072 5288 esse
1094 5278 1108 5300 ,
1154 5254 1311 5302 quam
1359 5240 1682 5297 insipientia
1711 5241 1792 5306 fu-

1109 5329 1120 5361 :
1155 5308 1375 5358 Nullam
1405 5309 1458 5360 in
1494 5311 1791 5363 honunibus

216 5390 326 5425 esse
377 5376 712 5439 patientiam.
752 5376 902 5439 Quod
942 5385 1237 5440 utrumque.
1283 5382 1643 5430 certissimum
1684 5393 1792 5442 est,

222 5445 365 5493 nulla
391 5452 477 5515 est
514 5446 656 5495 enim
696 5447 834 5512 apud
874 5447 1122 5500 homines
1167 5462 1341 5513 neque
1375 5450 1661 5515 patientia,
1703 5468 1793 5505 uc~

214 5320 333 5357 rore
367 5306 595 5356 raptari.
652 5305 715 5356 Et
748 5316 867 5369 post
899 5321 1068 5372 pauca

220 5529 326 5581 que
356 5514 648 5579 sapientia.
676 5514 942 5568 Μειιιτιικ.

294 5585 313 5613 ⁸
344 5582 520 5635 Penes
555 5585 768 5636 Alcuiu.
798 5585 943 5635 Iram
963 5588 1219 5653 patientia
1247 5602 1355 5637 esse
1384 5588 1686 5641 tollendam.

296 5653 317 5684 ³
350 5652 466 5703 Duo
523 5654 679 5705 codd.
714 5656 945 5707 l‘alatiu.
990 5668 1043 5709 et
1078 5655 1274 5719 γυῖα,
1324 5656 1537 5710 Videtur
1590 5660 1717 5711 milii
1747 5662 1793 5712 ei

226 5725 311 5786 qui
339 5738 498 5782 nunc,
531 5733 634 5773 ειν.

305 5794 323 5823 ⁵
352 5793 470 5845 Duo
502 5809 656 5855 Μελ,
718 5792 865 5857 Quod
918 5813 1033 5847 rum
1074 5798 1262 5863 [ureris
1290 5813 1306 5849 .'
1341 5814 1460 5851 mox
1516 5798 1795 5855 Palatinus

1891 4648 1993 4699 hac
2023 4656 2168 4699 terra
2220 4644 2491 4713 protectio
2520 4645 2691 4695 instar
2735 4641 2941 4693 umbra:
2970 4651 3074 4702 est,
3105 4639 3217 4689 sive
3249 4639 3466 4705 sapien-

1891 4742 1999 4801 tize,
2042 4738 2157 4790 sire
2187 4736 2487 4805 supradiCti
2522 4734 2755 4803 argenti,
2796 4734 2969 4785 donec
3002 4732 3207 4798 aspirct
3238 4730 3375 4791 dies,
3414 4742 3465 4783 et

1891 4838 2248 4883 amoveantur
2284 4827 2510 4879 umbrat.
2573 4824 2937 4895 Symmachus
2991 4837 3141 4874 more
3175 4837 3275 4873 suo
3303 4822 3461 4872 etiam

1894 4924 1944 4975 in
1986 4924 2085 4975 hoc
2113 4924 2234 4974 loco
2260 4919 2607 4973 manifestius
2647 4918 3036 4984 interpretatus
3076 4924 3157 4964 est
3185 4953 3199 4976 ,
3243 4912 3464 4966 dicens;

1894 5014 2166 5079 Quomodo
2196 5012 2422 5081 protegit
2451 5008 2740 5077 sapientia,
2766 5007 3011 5059 similiter
3045 5005 3266 5073 protegit
3314 5020 3469 5069 pecu-

1894 5190 2017 5229 cum
2055 5174 2187 5227 olim
2217 5172 2399 5231 editis,
2440 5167 2677 5220 Facilius
2738 5169 2974 5219 sedatam
3014 5165 3176 5229 possit
3235 5162 3463 5229 auferre.

1898 5245 2148 5297 Vaticani.
2183 5245 2412 5295 sedatior
2445 5241 2628 5304 possit,
2653 5248 2761 5290 etc.

1965 5317 1985 5344 ⁵
2024 5316 2220 5375 \’atic.,
2282 5301 2545 5379 Tempora
2602 5311 2970 5379 olim_,rquaru
3036 5318 3216 5379 nunc;
3272 5301 3466 5368 Moysi,

1894 5403 2051 5449 qttattt
2083 5374 2299 5449 Clu-isti,
2331 5374 2435 5435 ctc'.
2472 5379 2668 5443 l'alat.,
2701 5376 2843 5430 Olim
2881 5376 2975 5429 sub
3026 5374 3231 5443 Moyse,
3266 5389 3423 5441 quam
3450 5413 3466 5436 ,

1896 5469 2001 5511 ριν.

1968 5528 1988 5555 ⁸
2013 5526 2270 5587 Palatitt.,
2308 5524 2373 5577 Et
2405 5540 2574 5577 omnm
2611 5525 2661 5573 in
2696 5518 2984 5587 parabolis.

1968 5625 2035 5635 —-
2095 5596 2157 5647 It't
2208 5585 2365 5648 mina?
2408 5598 2457 5647 in
2494 5585 2761 5659 parabolis
2809 5588 3078 5659 [frange/ii
3115 5585 3467 5659 colliguntur.

1902 5666 2077 5718 Minus
2114 5670 2250 5720 bene
2288 5655 2514 5733 legimus
2549 5666 2598 5713 in
2633 5670 2787 5733 antea
2820 5659 2981 5711 editis
3008 5657 3178 5720 libris,
3209 5655 3263 5708 lu
3308 5671 3471 5721 para-

1902 5738 2030 5789 bolis
2072 5731 2639 5805 Et'uugcliileguntur.
2676 5731 2939 5783 Maurus.
