2073 3667
357 233 429 269 1119

953 237 984 266 S.
1004 236 1158 266 EUSEBll
1178 237 1395 267 illEltONY'llI

1910 240 1977 271 1120

354 291 413 318 nia.
434 289 558 325 Sequens
575 294 666 317 autent
691 290 844 317 versiculus
870 291 1014 325 perspicue
1031 291 1063 318 ad
1082 296 1137 318 stu-
1152 293 1174 320 A
1190 292 1306 319 machus
1323 292 1484 325 transtulit,
1505 292 1622 320 dicens:
1640 302 1649 319 ι
1669 294 1696 320 ln
1722 293 1767 320 die
1783 293 1853 320 bono
1868 300 1927 320 esto
1948 296 1974 321 in

354 336 430 364 dium
444 337 564 363 scientia:
577 337 747 363 cohortatur.

392 390 404 408 ε
423 381 489 408 Vide
500 388 583 415 opera
603 381 661 411 Dei,
676 381 806 413 quoniam
822 381 884 415 quis
894 382 994 415 poterit
1004 382 1137 408 adnruare

353 434 434 462 quem
453 427 526 454 Deus
541 428 669 461 pervertit
688 427 694 441 '
711 427 723 453 ?
745 436 753 452 ι
770 427 801 453 lit
816 427 841 453 in
860 427 910 453 hoc
934 427 992 454 loco
1010 428 1044 453 ita
1062 428 1139 462 Sym-

353 473 469 501 machus
488 474 627 500 transtulit
644 481 651 500 :
669 483 678 498 ι
699 472 777 500 Disce
800 480 882 507 opera
904 472 964 503 Dei.
977 473 1041 506 quia
1058 482 1138 500 ncmo

352 520 457 554 poterit
469 519 618 553 corrigere.
631 520 703 553 quod
718 519 761 545 ille
773 519 919 550 imminuit,
938 529 946 545 ι
961 519 986 546 id
1000 525 1052 552 est,
1065 520 1138 547 Suilli-

351 565 409 591 ciat
425 564 478 599 [ΑΙ.
493 564 613 600 sitﬂicit]
633 565 680 591 tibi
695 565 727 590 de
742 564 892 598 Scripturis
907 566 1021 596 sanctis.
1034 567 1091 592 sive
1106 573 1137 591 ex

352 611 412 645 ipsa
424 611 655 645 contemplatione
670 612 881 642 e’ementorum.
898 613 968 638 scire
987 617 1015 638 et
1036 612 1138 638 intcl|i~

352 664 417 690 gere
437 664 498 690 quae
515 657 584 683 facta
599 660 663 682 sunt
683 664 690 683 :
711 664 764 683 non
780 662 870 683 tamen
888 664 986 683 causas
1003 656 1139 684 rationes-

351 710 407 737 que
422 703 580 737 perquirere
591 710 676 737 quare
693 703 906 737 unumquodque
918 703 959 730 sic
973 702 1072 730 factum
1091 704 1138 735 sit.

351 749 393 776 vel
412 750 490 776 aliter
514 748 572 775 fieri
596 748 744 781 debuisse,
768 757 850 783 quam
870 748 971 777 factum
987 755 1039 778 est.
1058 750 1137 777 Verbi

351 796 447 829 gratia,
463 795 484 822 si
502 796 565 830 quis
583 796 646 822 velit
660 804 780 830 quati-ere
792 804 841 822 cur
854 796 938 831 Moysi
957 799 993 823 ita
1010 797 1138 831 loquatur

351 842 424 868 Deus
439 850 445 868 :
459 842 525 874 Qui;
538 842 599 876 fecit
613 847 715 868 mutum
731 847 754 868 et
769 842 890 872 surdum.
903 843 1032 870 uidentem
1046 849 1070 869 et
1084 852 1138 870 cte—

351 895 422 917 cunt.
440 895 526 914 nonne
539 895 586 921 ego
612 887 739 914 Dominus
759 887 828 914 Deus
850 888 948 922 (Exod.
964 896 1001 919 tv.
1034 888 1138 922 l2)?et

351 933 425 960 dicat
440 942 447 960 :
463 933 519 960 Cur
536 941 625 960 ca-cus
651 939 678 960 et
709 934 809 960 surdus
833 939 860 961 et
882 939 973 962 mutus
1000 935 1035 961 ita
1051 935 1135 962 creati

352 984 430 1010 sunt.
447 983 473 1006 et
488 985 582 1006 cetera
599 980 639 1009 his
654 980 778 1007 similia?
794 981 956 1007 sumendum
972 981 998 1007 in
1017 981 1066 1007 hoc
1078 981 1137 1008 loco

352 1026 540 1051 testimonium
560 1026 594 1052 de
607 1024 842 1060 septimo'decitno
864 1027 979 1061 psalmo,
995 1029 1021 1053 in
1034 1036 1088 1060 qtto
1102 1027 1135 1054 ad

351 1070 496 1097 Dominum
512 1071 612 1107 dicitur
625 1081 631 1098 :
648 1071 714 1098 Cum
729 1076 821 1098 sancto
835 1077 941 1098 sanctus
956 1073 1007 1098 erit
1017 1094 1024 1104 ,
1041 1078 1136 1099 etcum

352 1125 472 1150 perverso
501 1120 656 1151 perveneris
673 1120 693 1145 ’.
716 1118 746 1144 Et
763 1119 909 1146 dicendurm
939 1124 980 1146 est
1011 1125 1135 1146 sanctum

354 1163 499 1191 Dotninum
516 1172 577 1191 esse
589 1172 650 1190 cum
662 1172 706 1197 eo,
720 1165 766 1197 qui
787 1169 898 1192 sanctus
911 1170 964 1195 est.
978 1170 1004 1192 ct
1021 1166 1135 1199 perverti

353 1209 425 1243 apud
448 1217 522 1242 eum,
540 1210 586 1243 qui
615 1218 664 1237 sua
681 1210 822 1237 voluntate
841 1210 924 1237 fuerit
951 1216 1013 1237 ante
1029 1219 1137 1245 perver-

356 1262 416 1282 sus.
432 1253 512 1282 Juxta
539 1256 603 1283 illud
628 1264 758 1290 quoque,
775 1257 847 1290 quod
877 1256 903 1282 iu
928 1256 1048 1283 Levitico
1068 1258 1137 1283 scri-

353 1306 430 1333 pturn
446 1306 487 1327 cst
502 1310 509 1327 :
525 1300 555 1327 Si
571 1302 763 1328 ambulaverint
781 1301 815 1327 ad
838 1309 879 1328 me
893 1303 1021 1336 peruersi,
1042 1307 1066 1329 et
1090 1311 1136 1337 ego

354 1346 496 1373 ambulabo
522 1347 556 1373 ad
575 1355 618 1374 eos
643 1348 671 1374 t'n
691 1349 781 1381 furore
809 1356 866 1375 meo
882 1356 1018 1382 peruerat:
1041 1349 1135 1382 (Leuit.

353 1401 429 1423 XXVI.
441 1394 498 1426 27).
511 1394 588 1426 Quod
601 1395 708 1428 quidem
726 1400 754 1422 et
769 1395 836 1422 illttd
862 1396 960 1429 poterit
977 1404 1007 1422 ex
1014 1403 1113 1430 ponere
1128 1416 1136 1429 ,

349 1446 436 1472 quare
461 1440 631 1466 induraverit
648 1440 781 1468 Dominus
800 1449 848 1468 cor
876 1441 1038 1469 Pharaonis.
1064 1441 1137 1473 Οιιο-

351 1486 433 1512 modo
449 1486 522 1512 enim
541 1493 593 1512 una
610 1491 694 1520 atque
709 1487 803 1513 cadent
821 1487 888 1515 solis
912 1487 1034 1521 operatio
1050 1487 1137 1522 lique-

351 1532 418 1558 facit
432 1539 534 1564 ceram,
550 1538 578 1559 et
593 1533 676 1559 siccat
692 1533 789 1564 lutum,
804 1538 832 1560 et
852 1541 900 1568 pro
916 1533 1071 1560 substantia
1087 1542 1135 1561 sua

352 1578 479 1612 liquescit
495 1585 568 1610 cera.
582 1583 608 1605 el
621 1579 739 1606 siccatur
752 1581 838 1612 lutum
856 1580 881 1606 ἐ
905 1580 944 1606 sic
960 1588 1012 1607 una
1040 1580 1085 1607 Dei
1108 1581 1134 1607 in

352 1624 470 1659 JEgypto
484 1625 623 1658 signorum
638 1625 761 1658 operatio
776 1624 915 1651 molliebat
925 1625 1005 1652 corda
1022 1626 1137 1652 creden-
1150 1642 1171 1669 ο

352 1670 434 1699 tium.
449 1673 476 1695 et
492 1669 650 1696 incredulos
668 1669 824 1701 indurabat.
839 1672 885 1704 qui
909 1671 985 1704 juxta
1007 1671 1134 1697 duritiem

351 1722 443 1744 suam.
460 1714 672 1748 etimptenitens
683 1723 742 1747 cor,
756 1716 977 1743 thesaurizabant
989 1716 1069 1752 M2
1084 1717 1135 1744 sibi

351 1761 420 1786 iram
443 1761 469 1786 in
484 1761 528 1787 die
546 1761 592 1787 ine
607 1769 639 1788 ex
664 1761 705 1788 bis
721 1761 905 1793 mirabilibus,
928 1769 990 1795 quae
1009 1770 1071 1790 cum
1093 1763 1135 1790 vi-

348 1807 447 1833 derent
460 1807 527 1839 ﬂeri,
549 1814 602 1833 non
615 1808 768 1834 credebant.

390 1861 399 1878 ι
419 1853 445 1879 ln
461 1853 504 1880 die
520 1854 648 1880 bonitatis
662 1860 720 1881 esto
743 1854 771 1881 in
796 1855 886 1886 bono.
907 1861 934 1883 et
954 1856 979 1882 in
999 1856 1042 1883 die
1063 1856 1135 1883 malo

355 1897 425 1924 vide.
446 1898 477 1924 Et
501 1899 610 1932 quidem
630 1899 702 1926 istud
722 1907 873 1934 cor-gruum
893 1901 955 1927 huic
974 1901 1038 1928 fecit
1063 1900 1134 1927 heus

351 1943 387 1970 ad
408 1945 570 1975 loquendum
586 1963 593 1975 ,
617 1951 646 1971 ut
668 1953 721 1972 non
745 1946 866 1973 inveniat
890 1946 970 1973 homo
991 1952 1053 1981 post
1071 1955 1132 1973 eum

352 1990 514 2023 quidquam.
533 1999 542 2016 ι
558 1990 621 2016 Scio
645 1999 687 2017 tne
706 1992 816 2018 audisse
841 1993 866 2018 in
889 1992 1008 2019 Ecclesia
1031 1994 1064 2020 ab
1081 2001 1132 2025 eo,

349 2037 397 2070 qui
416 2036 562 2070 putabatur
578 2037 677 2063 habere
697 2038 837 2064 scientiam
855 2037 1059 2072 Scripturaer
1073 2058 1080 2068 .
1098 2040 1133 2065 ita

350 2084 401 2110 hos
419 2084 568 2111 versiculos
583 2085 743 2111 edissertos.
763 2094 771 2109 ι
791 2084 859 2111 Dum
884 2085 910 2111 in
933 2088 1058 2119 praesenti
1082 2095 1134 2112 διυ-

346 2131 410 2155 cnlo
426 2137 456 2156 es
467 2149 474 2159 .
489 2134 516 2156 et
531 2130 593 2156 boni
609 2130 674 2164 quid
691 2130 782 2164 operis
798 2137 878 2165 potes
893 2132 983 2158 facere
997 2151 1003 2163 ,
1022 2132 1131 2163 labora,

347 2181 377 2201 ut
392 2182 485 2208 postea
503 2177 559 2209 ipse
575 2183 690 2203 securus
708 2177 734 2202 in
751 2177 795 2203 die
814 2177 883 2203 man
896 2198 902 2209 ,
923 2177 948 2203 id
967 2182 1009 2203 est
1022 2198 1029 2208 ,
1045 2178 1070 2203 in
1089 2177 1132 2204 die

346 2221 454 2254 jmtirii,
469 2223 589 2255 torqueri
608 2222 678 2248 alios
700 2222 804 2249 videas.
822 2221 899 2248 Sicut
918 2222 990 2249 enim
1014 2230 1132 2256 prmsens

347 2267 479 2294 steeulum
498 2267 561 2293 fecit
579 2267 651 2293 Deus
664 2288 671 2299 ,
689 2267 716 2294 in
733 2275 788 2302 quo
807 2267 886 2295 nobis
902 2267 1021 2295 fructum
1045 2268 1131 2294 bono-

1190 339 1280 369 bouo;
1297 340 1366 365 diem
1386 347 1450 365 vero
1465 339 1565 367 malum
1581 340 1697 367 intuere.
1715 341 1855 375 Siquidem
1874 340 1924 367 hoc
1940 344 1976 368 sl-

1190 385 1253 411 tuile
1270 385 1333 412 huic
1353 385 1414 412 fecit
1431 384 1512 417 Deus,
1528 391 1556 413 ut
1572 394 1624 412 nott
1650 386 1785 413 iuvenirt-t
1803 387 1886 413 homo
1902 387 1976 419 quod

1190 435 1285 458 contra
1302 439 1364 458 eum
1383 437 1554 464 quereretur.
1570 442 1579 458 ι
1593 432 1625 459 Et
1636 432 1718 462 bona.
1735 433 1833 465 inquit,
1850 439 1875 459 et
1894 432 1979 463 mala,

1191 483 1271 512 prout
1287 478 1335 504 tibi
1353 478 1496 505 evenerint
1508 499 1515 510 ,
1534 480 1651 506 sustine.
1669 478 1724 506 Nec
1738 484 1816 511 putes
1831 479 1874 505 vel
1892 479 1981 506 bono-

1190 529 1250 548 rum
1274 526 1378 549 tantum
1414 526 1460 548 aut
1492 521 1624 548 malorum
1642 522 1668 548 in
1693 523 1793 549 mundo
1808 529 1871 549 esse
1896 527 1980 549 natu-

1190 573 1248 592 ram
1261 586 1269 597 .
1285 574 1347 594 curn
1362 574 1395 593 ex
1415 566 1531 594 diversis
1547 567 1665 594 mundus
1682 567 1733 594 iste
1748 568 1897 594 contrariis
1914 568 1981 594 sub-

1190 612 1270 637 sistat
1285 612 1312 643 ⁵,
1331 612 1426 639 calidis
1441 617 1467 639 et
1489 612 1597 647 frigidis
1608 632 1617 644 ,
1633 613 1713 640 siccis
1733 618 1760 640 et
1778 614 1959 641 humentibus
1972 635 1980 646 ,

1190 658 1268 684 duris
1283 662 1310 684 ct
1331 658 1477 689 mollibus.
1501 659 1653 687 tenebrosis
1669 664 1694 686 et
1712 659 1811 687 lucidis
1824 680 1832 691 .
1852 660 1935 686 malis
1954 665 1980 687 et

1192 704 1281 732 bonis.
1299 703 1355 731 Hoc
1372 709 1462 732 autem
1479 704 1543 732 fecit
1559 704 1644 738 Deus,
1662 710 1691 732 ut
1706 707 1802 733 habeat
1823 707 1916 733 locum
1936 714 1979 732 sn-

1190 749 1291 783 pieutia
1309 749 1335 776 in
1350 749 1478 784 eligendo
1492 751 1593 778 bonum
1612 751 1632 784 ⁶,
1649 756 1676 778 et
1690 751 1799 778 vitando
1819 753 1936 781 malum.
1952 757 1979 778 et

1191 794 1308 821 liberum
1325 794 1431 821 bomiui
1451 796 1622 829 relinquatur
1637 796 1790 826 arbitrium,
1805 804 1839 823 ne
1858 805 1889 823 se
1906 798 1978 822 dicat

1191 840 1380 868 insettsibilem
1393 860 1401 872 ,
1424 846 1452 868 et
1472 842 1601 869 stolidqu
1618 849 1631 868 a
1652 842 1706 869 Deo
1721 850 1780 869 esse
1794 849 1956 876 goneratum
1971 851 1976 874 ;

1190 889 1238 914 seu
1256 896 1317 913 cum
1345 888 1404 914 ideo
1425 887 1523 915 fecisse
1541 888 1649 915 diversa
1663 907 1670 919 .
1687 893 1717 914 ut
1741 888 1823 914 linum
1843 888 1924 920 queri
1947 888 1977 914 de

1190 940 1239 959 sua
1255 933 1414 960 conditione
1429 941 1482 960 non
1499 938 1601 968 posset.
1619 934 1760 964 Simulque
1778 934 1830 960 hoc
1853 935 1977 960 testiino-

1191 978 1266 1005 nium
1293 985 1496 1014 consequenter
1518 980 1705 1014 superioribus
1731 981 1930 1014 copulabtlur.
1951 982 1975 1006 in

1189 1026 1291 1060 quibus
1309 1026 1347 1052 ait
1364 1033 1372 1053 :
1391 1035 1401 1051 ι
1421 1026 1488 1058 Quis
1507 1027 1607 1060 poterit
1624 1026 1757 1052 adornare
1773 1026 1846 1051 «und
1865 1034 1976 1061 perver-

1188 1073 1251 1099 terit
1271 1071 1361 1098 Deus?
1379 1082 1388 1098 ι

1227 1128 1236 1144 ι
1256 1119 1354 1145 Omnia
1372 1119 1424 1145 vidi
1442 1119 1468 1145 in
1483 1118 1581 1146 diebus
1595 1119 1722 1145 vanitatis
1736 1126 1811 1145 ηις-κ.
1828 1118 1974 1152 Fstjustns

1189 1163 1298 1198 pet-iens
1316 1165 1341 1190 in
1358 1164 1463 1198 justitia
1480 1171 1527 1191 sua
1544 1185 1550 1192 .
1567 1169 1593 1190 et
1610 1169 1651 1190 est
1669 1165 1767 1198 impius
1784 1164 1929 1198 longaevus
1948 1165 1973 1190 in

1188 1211 1290 1236 malitia
1309 1218 1369 1237 sua.
1389 1219 1398 1236 ι
1419 1211 1488 1237 lluic
1506 1210 1571 1244 quid
1590 1210 1680 1237 simile
1696 1210 1820 1237 Salvator
1838 1211 1864 1236 in
1884 1210 1972 1237 Evan-

1189 1256 1259 1290 gelia
1277 1256 1315 1282 ait
1335 1265 1342 1283 :
1360 1256 1412 1289 Qui
1429 1256 1527 1282 inuenit
1547 1257 1665 1282 animout
1685 1264 1771 1286 suam,
1793 1257 1885 1288 perdet
1906 1264 1973 1285 (nm.

1187 1306 1212 1328 et
1227 1302 1273 1335 qui
1289 1302 1433 1335 perdit/erit
1447 1304 1562 1328 animum
1578 1310 1654 1328 suam
1675 1307 1781 1336 propter
1795 1311 1845 1332 me.
1861 1303 1974 1328 inveniet

1188 1356 1246 1374 eam
1264 1348 1378 1381 (Matth.
1396 1356 1424 1379 ι.
1440 1349 1496 1382 59).
1515 1348 1678 1375 ΜΩΩΟΙΗιΙΙΞΡῙ
1694 1356 1742 1382 pro
1757 1349 1812 1381 lege
1830 1348 1875 1374 Dei
1892 1353 1974 1381 atque

1185 1394 1291 1428 juStitia
1309 1394 1358 1421 visi
1385 1400 1450 1421 sunt
1480 1394 1505 1420 in
1526 1402 1574 1421 sua
1600 1395 1687 1429 perire
1709 1394 1827 1427 justitia,
1851 1401 1878 1420 et
1903 1404 1973 1420 mare

1187 1443 1261 1473 tires
1275 1460 1282 1472 ,
1302 1439 1348 1473 qui
1370 1440 1531 1475 sanguinem
1550 1440 1646 1467 fudere
1667 1448 1714 1474 pro
1731 1440 1852 1467 Christo.
1872 1440 1894 1467 Ε
1909 1449 1974 1467 cou-

1188 1486 1272 1512 trario
1295 1486 1340 1520 qni
1363 1491 1390 1512 et
1412 1486 1457 1513 illo
1482 1492 1601 1520 tempore
1617 1487 1626 1501 ⁷
1640 1487 1746 1514 suillam
1762 1493 1872 1513 carnem
1893 1487 1973 1522 453

1187 1532 1386 1563 comederunt,
1411 1536 1438 1558 et
1463 1537 1523 1566 post
1546 1533 1691 1559 adventum
1708 1532 1813 1559 Domini
1833 1534 1972 1559 sacritixa-

1188 1582 1286 1603 Vt-runl
1304 1577 1394 1608 idolis,
1412 1577 1438 1603 lii
1454 1578 1505 1603 visi
1525 1583 1588 1604 sunt
1607 1578 1632 1604 in
1647 1578 1696 1603 hoc
1713 1578 1814 1603 smculo
1831 1578 1934 1607 vivere.
1947 1582 1973 1603 et

1189 1628 1298 1656 propter
1325 1631 1401 1649 suam
1426 1623 1555 1649 malitiam
1581 1630 1754 1656 perseverare
1773 1622 1898 1655 longaevi.
1920 1622 1973 1648 5rd

1190 1669 1234 1695 Dei
1262 1669 1288 1695 in
1317 1670 1426 1695 occulto
1453 1669 1581 1702 patientia
1606 1674 1668 1699 est,
1693 1674 1717 1693 cl
1740 1668 1872 1694 tribulare
1902 1676 1974 1694 nunc

1189 1721 1298 1742 sanctos
1313 1736 1319 1747 ,
1337 1721 1362 1741 ut
1382 1716 1514 1749 recipiant
1537 1715 1606 1741 mala
1629 1715 1654 1740 in
1672 1715 1725 1740 vita
1741 1722 1788 1739 sua
1802 1736 1809 1745 ,
1827 1719 1853 1740 rt
1879 1721 1975 1748 perc:—

1188 1766 1262 1788 tures
1289 1769 1341 1788 non
1367 1762 1477 1788 visitare
1506 1760 1562 1797 [ΑΙ.
1589 1759 1706 1796 visitari]
1732 1769 1779 1794 pro
1800 1761 1926 1790 scelere,
1948 1765 1976 1785 et

1187 1809 1264 1843 quasi
1292 1809 1323 1835 ad
1351 1809 1488 1835 vittimam
1518 1815 1677 1839 reservare,
1704 1812 1732 1833 ut
1756 1812 1783 1833 et
1809 1808 1862 1833 illis
1887 1808 1976 1840 possit

1187 1860 1286 1881 aeterna
1303 1855 1372 1881 bona
1395 1855 1551 1885 restituere,
1567 1859 1593 1880 et
1610 1854 1650 1880 his
1665 1853 1735 1880 mala
1754 1853 1855 1879 inferre
1873 1860 1974 1886 perpr-

1187 1906 1242 1928 tua.
1264 1900 1367 1928 llebr.ei
1383 1901 1472 1934 justos
1488 1907 1634 1934 pereuntes
1649 1900 1674 1925 in
1689 1899 1793 1933 justitia
1809 1907 1857 1926 sna
1872 1919 1879 1930 ,
1901 1899 1975 1925 titius

1188 1946 1279 1972 Aaron
1309 1946 1485 1980 suspicantur
1502 1965 1509 1976 ,
1535 1946 1607 1979 quod
1633 1944 1697 1971 dttm
1723 1949 1815 1978 putant
1843 1952 1872 1970 ει·
1899 1945 1976 1977 juste

1187 1999 1266 2025 agi-re
1278 2012 1285 2023 ,
1309 1992 1429 2018 alienum
1452 1992 1540 2025 ignem
1557 1991 1717 2016 obtulerint.
1735 1989 1764 2015 Et
1781 1990 1895 2024 impium
1916 1991 1974 2014 Ιιιιι-

1185 2045 1288 2071 gzevum
1316 2037 1342 2063 in
1365 2037 1467 2062 malitia
1487 2044 1534 2062 sua
1552 2036 1694 2062 Manassen
1711 2035 1804 2060 dir-unt
1817 2056 1824 2067 ,
1845 2036 1890 2064 ιιιιί
1913 2041 1975 2068 post

1187 2083 1372 2115 captivitatem
1400 2084 1541 2108 restitutus
1573 2082 1599 2107 in
1628 2089 1740 2114 regnum
1766 2080 1820 2116 [ΑΙ.
1851 2090 1949 2115 ιυςιιιιἶ
1966 2101 1973 2111 ,

1184 2128 1264 2162 longo
1280 2128 1407 2161 deinceps
1423 2128 1522 2154 vixerit
1537 2131 1670 2161 tempore.

1223 2183 1231 2198 ι
1249 2173 1307 2199 Noli
1324 2181 1384 2199 esse
1396 2173 1488 2206 justus
1502 2172 1628 2204 multum,
1643 2177 1717 2199 etne
1730 2180 1837 2206 qua-ias
1852 2173 1976 2205 ampiius

1185 2228 1218 2246 ne
1237 2221 1426 2253 obstupescas.
1448 2228 1457 2243 ι
1479 2219 1506 2246 Si
1524 2226 1604 2253 quem
1627 2219 1742 2253 rigidum
1768 2224 1795 2245 et
1815 2225 1923 2244 trucem
1942 2221 1975 2243 at

1183 2268 1273 2292 munia
1291 2265 1407 2292 fratrum
1425 2269 1535 2299 peccata
1553 2266 1741 2299 conspexeris,
1758 2271 1787 2290 ut
1803 2273 1853 2292 nec
1867 2267 1896 2291 in
1918 2274 1965 2291 Scr

345 2320 534 2346 rum-operum
551 2321 697 2347 possumus
712 2321 884 2348 praparare;
899 2314 935 2340 ita
950 2318 977 2341 et
993 2314 1127 2346 futurum,
1146 2312 1169 2341 D
1185 2318 1264 2337 moue
1276 2311 1402 2345 .peecanti
1416 2329 1423 2340 .
1448 2317 1497 2337 nec
1520 2317 1629 2344 propter
1652 2312 1805 2338 naturalem
1825 2313 1972 2338 interdum

345 2358 374 2384 in
391 2365 444 2391 quo
460 2358 532 2384 nulla
549 2359 612 2384 boni
627 2359 717 2391 operis
732 2358 812 2384 datur
824 2358 951 2384 facultas.
969 2366 977 2382 ι
993 2357 1075 2384 Visus
1089 2362 1130 2383 est

345 2404 454 2438 quidem
472 2405 587 2430 sua-lere
600 2424 607 2435 ,
633 2411 695 2430 cum
718 2404 822 2431 diceret
842 2403 1018 2431 audientibus
1032 2404 1064 2430 *ε
1082 2403 1127 2430 sed

346 2450 412 2476 mihi
437 2450 544 2476 videtur
567 2450 636 2476 alitis
662 2457 722 2476 esse
747 2456 867 2481 sensus.
891 2457 971 2484 quem
997 2454 1024 2476 et
1047 2450 1128 2484 Sym-

383 2519 391 2534 ¹
408 2518 444 2544 Ita
460 2523 486 2544 et.
501 2525 565 2544 mss.
582 2523 609 2544 et
631 2517 743 2552 vitlgati,
763 2522 790 2544 et
815 2517 989 2544 Martianaaus
1003 2517 1061 2548 ipse
1080 2523 1126 2542 se-

344 2553 442 2580 cundis
470 2553 544 2580 curis
570 2553 697 2585 restituit,
721 2560 781 2579 cum
798 2559 876 2579 antea
899 2553 1011 2587 legisset
1035 2559 1128 2585 percu-

345 2594 416 2615 terti.

383 2625 392 2639 ³
412 2623 444 2649 Et
458 2631 515 2649 cum
529 2630 646 2656 perverso
663 2623 829 2655 perveneris.
848 2622 884 2649 Ex
904 2622 953 2648 hoc
973 2623 1032 2648 loco
1048 2621 1126 2647 intel-

346 2658 454 2691 ligimus
471 2658 564 2684 falsam
586 2665 647 2683 esu:
664 2658 914 2691 interpretationem
931 2658 1001 2690 apud
1027 2656 1126 2689 vulgus

346 2698 499 2726 rn-t‘eptnttt.
522 2699 575 2725 qua
593 2692 683 2718 locum
702 2697 858 2725 praesuttle’n
881 2692 975 2726 psalmi
995 2699 1049 2717 xvtl
1071 2697 1126 2716 Ira-

346 2728 413 2753 hnnt
436 2730 468 2753 ad
497 2727 706 2753 contubernium
734 2728 910 2761 iniquorum,
937 2735 999 2753 cum
1027 2727 1126 2760 quibus

345 2763 408 2788 boni
437 2767 628 2796 pervertuntur
655 2762 755 2796 sacpius
780 2767 807 2788 ct
832 2762 936 2788 similes
963 2761 1031 2787 littut
1058 2761 1123 2787 illis.

345 2797 480 2824 Munus.

379 2835 389 2846 ³
410 2833 502 2858 lsttuec.
520 2831 619 2862 verba,
645 2831 677 2857 Et
700 2839 746 2865 pro
765 2830 914 2857 substantia
936 2840 982 2857 sua
1005 2830 1124 2865 liquescit

343 2876 402 2893 rem
415 2887 422 2897 ,
441 2872 464 2893 rt
480 2867 594 2892 siccatur
608 2867 711 2899 lutum,
725 2867 751 2893 iu
770 2866 856 2893 Vntic.
873 2875 905 2892 at;
921 2866 1037 2892 [’alatiu.
1057 2874 1123 2892 Ittss.

343 2910 396 2927 ltuit
418 2907 493 2927 sunt.

380 2941 388 2952 δ
406 2937 471 2964 Ἰγςδ
489 2945 566 2967 unus"
585 2937 740 2967 atulietttcs;
760 2936 897 2969 videlicet,
913 2936 1034 2963 sttudrrr.

1183 2357 1317 2391 pigritiam
1344 2357 1481 2387 moranti,
1501 2356 1545 2383 det
1567 2357 1693 2387 veniam,
1723 2358 1795 2384 hunc
1819 2365 1890 2384 Sctlo
1910 2360 1974 2392 plus

1178 2402 1283 2435 justum
1301 2409 1361 2428 esse
1375 2409 1457 2435 quam
1473 2402 1577 2436 justum
1595 2407 1648 2430 est.
1663 2403 1731 2430 Cum
1744 2404 1820 2430 ettim
1839 2404 1975 2430 Salvator

1182 2449 1331 2483 praecipiat,
1351 2448 1446 2476 dicens
1462 2456 1470 2475 :
1488 2447 1578 2475 Nolite
1598 2449 1732 2483 judicare,
1749 2454 1777 2475 ut
1795 2458 1846 2476 non
1860 2451 1976 2484 judice-

1216 2518 1226 2533 '
1251 2517 1348 2544 Fertne
1373 2517 1536 2544 conrinnius
1559 2516 1676 2544 Palalln.
1693 2522 1720 2544 et
1745 2518 1843 2549 \'alic.,
1860 2519 1976 2545 Curtth

1179 2553 1320 2580 contrariis
1339 2552 1451 2578 mundus
1467 2553 1520 2585 ipse
1536 2552 1674 2578 subsistat.

1215 2589 1224 2604 ‘
1243 2588 1379 2620 Sapientia
1398 2588 1423 2611 in
1443 2587 1561 2621 eligendo
1580 2587 1684 2613 bonum.
1705 2588 1816 2622 Aliquot
1833 2596 1921 2618 mss..
1943 2589 1977 2615 Ιξι

1180 2624 1214 2648 ad
1235 2622 1434 2655 intelligendum
1450 2622 1529 2649 bona.
1550 2627 1573 2647 et
1592 2622 1728 2648 tutandum
1749 2625 1832 2649 nulla.
1848 2624 1923 2655 ΑΜ,
1945 2624 1977 2650 tt

1179 2657 1298 2690 eligendo
1312 2661 1390 2686 ιιοιιο,
1407 2661 1430 2682 et
1447 2657 1555 2682 vitando
1571 2657 1651 2683 mutu.
1670 2656 1807 2684 Munus.

1216 2687 1226 2706 ’ί
1249 2691 1269 2717 Ε
1288 2693 1421 2717 contrario
1437 2699 1481 2724 qut
1497 2695 1521 2717 et
1537 2692 1583 2716 illo
1597 2696 1721 2724 (corpore.
1739 2700 1794 2719 etc.
1818 2692 1913 2720 Unius
1933 2696 1978 2720 lil-

1179 2728 1271 2754 terula:
1293 2732 1406 2753 tnutatio
1423 2727 1494 2759 apud
1517 2727 1658 2752 Erasmum
1677 2733 1703 2752 rt
1729 2727 1886 2754 Marianum
1900 2750 1906 2758 ,
1930 2730 1976 2760 qui

1177 2763 1287 2795 legunt,
1312 2769 1344 2787 ex
1360 2761 1405 2786 illo
1424 2767 1557 2793 tempore.
1577 2761 1713 2788 divorsum
1734 2770 1846 2789 sensum
1877 2764 1932 2790 i-u‘i-
1945 2770 1974 2792 ιι,

1178 2805 1227 2823 nec
1249 2798 1520 2832 satisrcoba-rcutetu
1545 2800 1685 2832 scuteut‘ae
1710 2797 1874 2832 Ilier0u_\mi
1890 2820 1897 2827 ,
1928 2800 1976 2832 ῳι

1178 2833 1296 2864 loquitur
1319 2831 1352 2857 de
1378 2836 1498 2864 tempore
1524 2830 1650 2857 Antiochi
1670 2837 1696 2857 et
1725 2828 1976 2863 Marha-tuumnon.

1178 2867 1288 2900 quando
1305 2871 1436 2898 τιιιυεωιιλ⁵
1453 2874 1467 2890 :i
1485 2866 1542 2896 b-ge
1560 2865 1677 2893 Mosaica
1697 2873 1886 2895 Cuncscbant
1905 2870 1976 2896 sui.-

1179 2902 1230 2928 lam
1248 2909 1368 2927 carnem.
1386 2900 1520 2927 Μυιτιικ.
