2073 3654
298 218 370 250 1123

298 277 409 311 Moysen
424 281 451 303 et
464 276 567 306 Aaron.
580 273 724 309 repentino
739 277 820 300 terra:
833 271 910 299 hiatu
926 271 1081 301 devoratos,
1101 279 1121 304 Α

297 329 323 350 et
347 325 373 350 in
396 323 615 350 emendationem
638 321 778 351 aliorum,
805 322 867 345 ante
891 317 963 344 diem
989 315 1084 349 judicii

298 370 421 397 etiamin
443 370 493 396 hac
516 369 571 395 vita
597 367 729 402 pluritnos
749 367 896 401 iudicatos.
920 364 999 396 Quod
1019 362 1087 390 dicit

299 425 383 451 ergo,
398 416 452 443 tale
467 420 510 443 est
527 425 534 442 :
551 414 612 442 Noli
630 414 750 449 peccatis
768 412 886 445 adjicere
903 417 1012 445 peccata
1025 429 1032 439 .
1053 417 1087 436 ne

301 470 434 498 provoces
451 463 535 489 Deum
553 462 635 489 etiam
651 460 695 487 hic
711 459 759 486 tibi
775 457 878 484 inferre
893 456 1069 491 supplicium.

341 520 350 535 ι
363 509 469 536 Bonum
480 513 522 536 est
532 508 649 535 retinere
664 511 690 532 te
708 505 780 532 istud
794 504 813 530 '.
827 503 977 538 thuidem
988 504 1022 529 ab
1038 502 1089 529 hoc

305 556 471 583 neditnittas
482 562 594 582 manum
602 559 675 580 tuam
688 560 696 586 ;
706 551 835 586 quoniam
843 551 888 585 qui
901 550 978 576 timet
992 548 1089 581 Deum,

305 601 461 636 egredietur
469 599 503 627 ad
515 600 620 626 omnia.
633 608 643 624 ι
661 598 764 625 Donunt
773 601 815 623 est
829 595 911 630 justis
920 593 1090 624 benefacere.

307 648 354 675 sed
369 652 395 674 et
411 647 599 681 peccatoribus
616 644 778 672 benefacere
789 663 797 675 ,
813 650 867 669 non
889 642 1024 676 injustqu
1040 645 1092 667 est.

307 693 412 720 Bonum
428 697 471 720 est
483 690 649 720 domesticos
662 688 723 715 fidei
737 691 906 718 sustentare,
918 686 965 713 aed
976 690 1004 712 et
1018 683 1093 711 onmi

308 739 410 774 petenti
431 739 572 768 tribui-re,
596 739 762 770 praeceptum
785 738 838 760 est.
861 732 972 759 Timens
995 731 1096 765 quippe

311 786 396 812 Deum
407 804 415 815 ,
431 789 458 811 et
474 783 596 811 imitator
615 781 767 808 conditoris
782 779 825 805 sui
836 798 843 810 ,
862 778 908 812 qui
927 777 996 811 pluit
1013 783 1096 809 super

308 832 416 866 iustos,
435 835 460 856 el
484 829 619 864 injustas,
637 827 741 860 absque
764 829 890 858 respectu
916 827 1096 857 personarum

309 876 437 904 omnibus
454 875 615 902 benefacere
630 872 749 899 festinat.
765 870 851 897 Aliter
864 877 871 896 ι
885 868 954 901 Quia
969 868 1022 895 vita
1040 867 1096 893 haec

312 921 478 950 miserabilis
501 920 617 948 diversis
639 917 765 953 quotidie
786 916 908 943 variatur
933 913 1098 944 eventibus,

314 975 367 996 tam
386 968 417 995 ad
436 968 548 994 adversa
561 986 569 998 ,
582 973 669 1001 quam
686 964 718 991 ad
737 969 866 997 prospera
878 980 886 992 ,
908 961 972 996 justi
992 960 1101 986 animus
1116 957 1138 983 Β

312 1015 393 1051 445
406 1017 583 1048 praeparetur,
596 1017 623 1038 et
639 1014 733 1045 poseat
746 1008 855 1035 Domini
873 1006 1103 1037 misericordiam,

315 1068 344 1087 ut
362 1061 545 1095 quodcunque
561 1057 692 1087 evenerit,
709 1056 807 1081 librata
825 1057 915 1080 mente
928 1053 938 1068 ’
956 1057 1103 1079 sustentet.

313 1108 364 1140 Qui
383 1108 455 1134 enim
475 1106 551 1132 timet
565 1098 660 1136 Deum,
676 1109 728 1129 nec
745 1100 887 1136 prosperis
903 1099 1037 1129 elevatur,
1054 1105 1104 1125 nec

314 1153 477 1189 opprimitur
496 1151 633 1179 adversis.

353 1212 361 1226 ι
379 1199 516 1235 Sapientia
529 1196 695 1225 cetifurtabit
709 1195 858 1230 sapientem
879 1193 899 1225 ³,
919 1199 1001 1226 super
1011 1191 1103 1219 decem

314 1251 477 1281 potestatein
496 1245 636 1274 habentes,
669 1242 714 1275 qui
744 1245 807 1268 sunt
833 1240 860 1266 iu
880 1240 1013 1266 civitate:
1040 1237 1105 1271 quia

318 1301 372 1319 non
392 1296 433 1318 est
449 1291 529 1317 homo
544 1290 635 1324 justus
653 1289 681 1315 in
700 1293 770 1314 terra
787 1307 794 1317 .
812 1285 857 1320 qui
883 1285 966 1312 faciat
982 1285 1083 1311 bonum
1099 1303 1107 1315 ,

315 1343 343 1365 et
357 1345 409 1364 non
428 1341 530 1371 peccet.
549 1345 558 1361 ›
579 1334 725 1369 Propterea
752 1332 886 1367 sapientia
904 1330 1039 1358 confortat
1059 1330 1106 1363 in-

318 1391 401 1415 stum,
424 1389 451 1411 et
467 1382 589 1410 otnniutn
603 1390 607 1396 ι
620 1380 776 1415 principum
798 1378 917 1406 civitatis
947 1385 1029 1412 super
1045 1384 1106 1404 eum

318 1431 424 1458 excedit
442 1428 584 1459 auxilium,
601 1427 665 1462 quia
680 1425 808 1460 quamvis
837 1424 937 1459 aliquis
952 1424 1043 1458 justus
1061 1422 1107 1453 sit,

320 1484 409 1503 tamen
429 1475 493 1502 dum
510 1475 536 1501 in
559 1475 609 1500 liae
629 1480 713 1499 carne
723 1476 765 1498 est
779 1470 958 1501 constitutus,
971 1467 1109 1501 subjectus

319 1530 361 1550 est
373 1522 446 1548 vitiis
458 1526 540 1556 atque
555 1520 683 1554 peccatis,
695 1525 721 1545 et
752 1518 854 1553 majore
886 1515 1013 1551 prasidio
1036 1515 1109 1542 indi-

320 1575 375 1605 get.
391 1569 497 1595 Aliter:
514 1568 610 1594 Decem
637 1566 684 1600 qui
716 1568 879 1599 potestatem
897 1563 1007 1594 habent,
1031 1566 1058 1588 ct
1083 1562 1109 1588 in

321 1616 388 1642 urbe
402 1614 566 1645 consistunt,
586 1611 673 1646 angeli
690 1616 764 1642 sunt,
782 1609 828 1644 qui
846 1609 880 1635 ad
896 1608 1045 1643 perfectum
1061 1616 1110 1635 nu-

322 1668 427 1689 merum
443 1665 589 1693 pcrveucre
600 1657 752 1688 denarium,
766 1660 794 1682 et
806 1655 975 1682 auxiliantur
991 1654 1111 1681 humano
1126 1658 1147 1686 ο

325 1708 430 1742 generi.
448 1705 502 1733 Sed
518 1706 542 1733 si
555 1704 617 1738 quis
631 1703 785 1731 consideret
796 1702 888 1729 omnia
900 1701 1010 1733 auxilia,
1023 1700 1113 1735 majus

322 1760 364 1781 est
379 1753 511 1780 auxilium
529 1751 679 1782 sapientiae.
698 1750 722 1776 id
747 1753 800 1780 est,
816 1749 923 1775 Domini
944 1748 1029 1775 nostri
1050 1747 1112 1775 Jcsu

323 1800 438 1827 Christi.
455 1798 602 1832 Postquam
615 1796 687 1824 enim
701 1795 829 1822 dixerunt
840 1795 927 1829 angeli
939 1803 947 1820 :
961 1795 1114 1821 Curavimus

324 1845 498 1879 Babylonem,
513 1848 537 1870 et
568 1851 618 1870 non
634 1847 671 1869 est
690 1846 793 1874 curata,
816 1840 996 1873 relinquamus
1008 1847 1075 1869 eam,
1091 1844 1115 1865 et

325 1892 402 1918 abeat
417 1890 597 1924 unusquisque
621 1889 649 1915 in
676 1894 773 1915 terram
798 1895 874 1914 suam
895 1885 1003 1921 (Jerem.
1020 1893 1056 1917 LI,
1075 1884 1114 1918 8),

326 1943 392 1964 tunc
403 1937 530 1971 magister
547 1935 718 1962 medicorum
735 1935 791 1968 ipse
803 1933 954 1963 descendit,
972 1937 998 1959 et
1010 1940 1117 1965 resper-

327 1992 375 2011 sas
393 1990 442 2009 nos
460 1982 595 2015 sanguine
608 2001 615 2011 ,
631 1985 658 2006 et
674 1986 846 2014 peccatorum
864 1979 1005 2005 tnadcutes
1020 1986 1118 2005 cruore

330 2031 375 2064 qui
393 2035 501 2055 onmem
518 2026 700 2054 substantiam
719 2032 842 2052 nostram
858 2024 1078 2058 expenderamus
1091 2023 1117 2050 iu

329 2075 461 2106 medicos,
469 2077 542 2100 tactu
552 2072 665 2099 fimbriae
676 2079 733 2098 sum
741 2069 1119 2104 sanavit(Luc.vut).Sanavit

329 2120 457 2148 antemiu
473 2119 593 2149 civitate,
605 2117 656 2144 hoc
667 2121 720 2148 est,
734 2116 872 2143 inmundo
886 2116 949 2148 isto,
966 2121 992 2142 et
1004 2115 1118 2142 confor-

332 2168 399 2194 tavit
409 2166 419 2182 ⁸
430 2167 591 2201 sapientem.
604 2165 671 2195 sive,
682 2163 895 2196 utSeptuaginta
907 2163 1118 2195 transtulerunt,

331 2213 443 2247 adjuvit.
458 2212 537 2239 Omni
554 2212 627 2237 enim
646 2210 691 2243 qui
709 2208 800 2241 habet,
815 2209 925 2235 dabitur
949 2209 985 2238 ei,
1003 2213 1029 2234 et
1045 2207 1118 2241 adji-

332 2260 420 2287 cietur
432 2258 467 2285 ei.
485 2257 551 2290 Quia
582 2262 672 2283 autent
699 2255 815 2289 indiguit
844 2255 927 2280 homo
959 2254 1064 2288 positus
1093 2254 1119 2279 itt

333 2305 464 2340 prccatis,
482 2309 509 2329 et
524 2302 624 2328 infixus
640 2302 665 2327 iit
684 2301 749 2326 limo
764 2298 904 2334 profundi,
922 2299 1025 2332 majore
1042 2299 1121 2324 auxi-

333 2350 391 2383 lio;
419 2349 520 2375 ideirco
534 2346 608 2373 venit
634 2346 692 2380 ipsa
716 2344 865 2378 Sapientia.
894 2344 979 2370 Aliter
1002 2352 1008 2369 :
1035 2343 1120 2377 Supra

334 2398 451 2428 dtcrnt,
468 2400 495 2422 ct
514 2393 673 2421 domesticis
688 2396 714 2418 et
730 2390 828 2417 alienis
844 2390 912 2417 bene
938 2397 999 2416 esse
1016 2389 1120 2415 facien-

1139 2328 1158 2354 D

376 2497 384 2512 ι
400 2496 502 2523 Bonum
515 2499 552 2521 cst
567 2494 678 2520 retinere
693 2497 717 2518 te
729 2491 810 2518 istud.
826 2489 885 2516 Non
900 2490 969 2516 bene
984 2490 1082 2523 legitur
1096 2492 1123 2518 itt

338 2539 415 2559 antea
433 2532 523 2560 editis.
543 2531 654 2556 retinere
669 2528 785 2562 justum,
806 2535 853 2560 pro
872 2526 983 2551 retinere
1000 2530 1024 2551 τε
1040 2527 1123 2552 istud.

338 2569 473 2594 Mum“.

373 2604 382 2618 ¹
404 2605 489 2628 Penes
517 2599 644 2629 Alcuin.,
675 2597 855 2630 Quodcunque
882 2595 1015 2626 evenerit,
1041 2596 1124 2622 libera

339 2643 422 2663 mente
437 2657 442 2666 ,
465 2642 517 2660 νιν.

378 2672 535 2703 “Sapientia
566 2669 722 2701 conforlubii
751 2668 907 2700 sapientem.
936 2666 997 2692 Mss.
1024 2669 1126 2700 aliquot

339 2707 508 2739 rcnfm'lcrit.
526 2715 550 2730 Ill
570 2710 715 2738 jitiL‘lt‘rllU.
735 2705 787 2728 ἕνα
813 2703 951 2726 retinenda
979 2704 1057 2727 lccttn
1086 2703 1126 2727 lu»

341 2736 403 2771 llllf,
427 2736 596 2773 mli/urmlril,
618 2740 678 2772 quin
696 2746 735 2763 sic
750 2738 846 2770 legitur
862 2737 887 2761 itt
908 2736 1019 2762 Hclit'mo
1039 2740 1125 2763 lentu.

342 2778 478 2803 .'ti.tu'ru\.

377 2819 385 2826 '
402 2814 499 2839 Vultu,
517 2811 694 2842 rutilorlulrit;
717 2816 832 2841 mosque
848 2816 907 2833 cuin
927 2807 1058 2837 Palatino,
1080 2810 1127 2833 ad—

339 2848 423 2881 juvat,
443 2855 489 2878 ριυ
505 2847 617 2878 (Αιλμηὶῐ.
637 2846 705 2870 [λλ
722 2850 822 2872 διλίιλιιι,
841 2843 980 2875 βοηίληςει,
999 2846 1068 2876 quod
1088 2849 1129 2868 est

343 2884 491 2912 u‘i‘fflui'ifflll'
510 2891 534 2907 tn
556 2881 693 2906 hodierni;
720 2881 813 2904 animm
834 2879 1036 2910 exctttplattUUs
1060 2886 1114 2912 [me

344 2919 441 2943 ΙςνγιιιιιΔ

382 2954 388 2966 ί
405 2954 475 2978 ldum
494 2951 589 2982 VJAiC.,
605 2951 674 2980 Qum.
695 2958 742 2975 non
758 2955 827 2980 polus
843 2958 929 2983 rrgvrc
945 2951 1066 2979 consilio,
1084 2952 1129 2974 ud-

892 214 923 244 S.
936 211 1090 244 EUSEBII
1110 209 1330 241 HIERONYMI

1860 200 1935 233 1124

1138 269 1212 295 dum.
1226 267 1336 294 Poterat
1348 264 1403 302 [ΑΙ.
1417 263 1531 300 Poterit]
1544 270 1608 299 ergo
1622 261 1722 295 aliquis
1733 259 1902 295 respondere
1921 267 1930 284 :

1138 314 1166 341 Si
1186 313 1313 341 omnibus
1332 311 1494 340 benefacere
1523 311 1643 342 voluero,
1662 316 1716 335 non
1739 308 1827 333 habeo
1857 305 1936 332 unde

1139 361 1248 388 faciam.
1262 359 1318 387 Nec
1336 363 1426 393 potest
1449 358 1540 393 justus
1565 360 1656 383 tantas
1674 354 1776 381 habere.
1800 352 1914 380 divitias
1926 371 1935 383 ,

1138 411 1199 439 quas
1215 404 1303 431 solent
1316 403 1403 437 magis
1417 401 1607 437 peccatoribus
1623 399 1783 430 abundare;
1805 402 1940 433 propter-

1139 459 1171 478 ea
1205 458 1279 478 nuuc
1295 450 1352 477 ait:
1367 450 1442 482 Quos
1454 457 1508 477 non
1521 452 1598 484 potes
1617 454 1645 474 re
1655 447 1677 479 ',
1687 446 1805 473 censilio
1820 446 1925 476 a.£juva

1141 497 1237 524 solatio
1255 496 1326 524 fove.
1345 496 1410 523 Plus
1423 496 1496 523 enim
1510 500 1601 530 potest
1616 494 1643 520 in
1665 494 1793 527 angustia
1821 491 1933 517 consti~

1143 547 1203 570 tuto
1215 547 1345 578 praestare
1369 541 1517 577 sapientia,
1541 548 1622 575 quain
1649 539 1776 575 quaelibet
1805 538 1936 564 maximi

1145 594 1301 624 potestates.
1319 588 1351 616 Et
1377 589 1429 615 hoc
1454 589 1544 622 ipsum
1576 594 1639 613 cum
1671 584 1816 620 prudentia
1845 583 1930 609 facito

1144 635 1261 662 Grandis
1276 636 1375 670 quippe
1389 634 1458 662 libra
1475 634 1590 668 justitiaa
1603 637 1656 665 est,
1678 637 1704 660 et
1724 632 1780 662 cui,
1796 636 1826 658 et
1845 638 1934 664 quam

1146 685 1215 714 tum,
1234 680 1318 717 446
1332 687 1359 709 et
1381 681 1515 716 quandiu,
1530 685 1560 709 et
1575 680 1655 716 quale
1666 679 1707 707 vel
1727 679 1755 706 in
1774 685 1805 705 re
1817 697 1825 710 ,
1842 679 1886 704 νει
1916 676 1944 703 in

1147 726 1264 754 consilio
1282 726 1413 754 tribuere.

1186 805 1196 822 ι
1216 796 1247 823 Et
1260 796 1369 831 qutdem
1385 796 1410 822 in
1424 803 1521 823 omnes
1532 801 1684 826 sermones,
1696 802 1765 829 quos
1778 794 1944 828 loquentur,

1150 850 1185 870 ne
1209 843 1317 870 dederis
1332 843 1343 858 ⁶
1360 842 1598 876 cortuumzquia
1626 848 1680 867 non
1707 840 1803 866 audies
1835 847 1948 865 senum

1151 895 1228 916 tuum
1253 890 1460 917 maledicentem
1491 890 1551 916 tibi.
1570 889 1676 916 Etenim
1701 888 1865 922 frequenter
1895 887 1949 913 scit

1152 943 1200 963 cor
1220 940 1308 968 tuutn,
1327 936 1391 970 quia
1406 941 1434 962 et
1453 940 1481 962 tu
1500 934 1664 962 maledixiin
1688 934 1760 960 aliis.
1784 943 1793 958 ι
1813 932 1869 959 Fac
1887 940 1948 963 utne

1155 987 1288 1016 praecepta
1308 987 1384 1014 sntit,
1401 987 1429 1008 et
1449 981 1592 1015 sapientia:
1617 981 1720 1007 auxilio
1746 979 1924 1006 confortatus
1939 996 1949 1008 .

1154 1029 1197 1055 vel
1215 1028 1248 1054 ad
1265 1028 1346 1061 bona,
1370 1028 1411 1055 vel
1426 1027 1460 1055 ad
1486 1029 1559 1055 mala
1577 1036 1697 1063 praepara
1723 1034 1771 1054 cor
1802 1032 1895 1056 tuum,
1923 1029 1951 1051 ct

1156 1082 1208 1101 non
1223 1082 1311 1106 cures,
1329 1074 1395 1108 quiti
1408 1075 1441 1101 de
1453 1080 1479 1101 te
1497 1074 1646 1108 loquantur
1661 1073 1775 1103 inimici,
1796 1073 1891 1107 qualis
1909 1072 1952 1098 fu-

1156 1120 1194 1147 ris
1218 1120 1311 1154 opinio
1325 1120 1370 1147 sit.
1391 1120 1533 1153 Quomodo
1548 1120 1620 1146 enim
1648 1119 1790 1153 prudentis
1818 1119 1872 1145 viii
1891 1123 1930 1144 εηι
1943 1138 1950 1147 ,

1156 1171 1373 1193 murmurantem
1393 1166 1525 1192 famulum
1542 1173 1594 1193 non
1610 1165 1717 1197 audire,
1739 1172 1790 1191 nec
1809 1165 1954 1191 curiosum

1157 1220 1249 1239 aurem
1268 1220 1415 1247 apponere,
1432 1212 1498 1245 quid
1526 1212 1561 1239 de
1587 1219 1616 1239 se
1646 1211 1774 1246 loquatur
1805 1211 1950 1237 absente:

1157 1260 1178 1286 si
1197 1258 1271 1286 enim
1290 1260 1341 1285 hoc
1354 1258 1458 1291 ἴδετε-ῆι,
1476 1265 1586 1291 semper
1600 1259 1627 1284 in
1645 1258 1823 1284 tribulatione
1839 1258 1905 1287 erit,
1927 1261 1956 1282 ct

1159 1306 1192 1333 ad
1209 1306 1429 1332 utussitationetu
1455 1304 1530 1331 servi
1561 1304 1702 1331 iracundia
1717 1304 1957 1334 commovebitur;

1160 1354 1201 1381 sic
1217 1357 1245 1380 et
1265 1352 1400 1386 sapientis
1420 1351 1539 1378 hominis
1556 1356 1615 1382 est,
1630 1351 1790 1385 sapientiam
1824 1351 1956 1384 praviam

1160 1400 1249 1433 sequi,
1268 1406 1295 1426 et
1310 1407 1395 1426 vanos
1413 1406 1466 1426 non
1485 1398 1661 1426 considerare
1684 1405 1824 1424 rumores.
1842 1397 1899 1423 Sed
1926 1401 1955 1423 et

1160 1446 1213 1473 alio
1226 1446 1352 1479 exemplo
1368 1447 1449 1473 docet
1480 1446 1587 1479 penitus
1617 1452 1671 1471 non
1699 1444 1854 1471 curandum
1882 1445 1958 1478 justo

1163 1493 1275 1523 homini,
1290 1492 1355 1527 quid
1368 1492 1494 1519 homines
1510 1492 1667 1526 loquantur,
1684 1490 1790 1518 dicens:
1807 1490 1957 1522 Quomodo

1162 1539 1238 1566 novit
1251 1538 1418 1565 conscientia
1436 1542 1491 1568 tua.
1504 1537 1576 1572 quod
1592 1542 1620 1564 tu
1635 1538 1670 1563 de
1686 1538 1778 1563 multis
1789 1537 1904 1564 loeutus
1915 1544 1958 1567 es,

1163 1590 1190 1612 et
1206 1592 1277 1619 saepe
1291 1584 1352 1612 aliis
1363 1584 1505 1611 detraxisti
1519 1593 1526 1611 :
1545 1584 1585 1610 sic
1595 1588 1622 1610 et
1636 1583 1698 1610 aliis
1713 1583 1795 1609 debes
1810 1584 1957 1616 ignoscere

1163 1631 1381 1658 delrahentibus.
1399 1630 1432 1656 Et
1447 1631 1528 1657 simul
1543 1630 1634 1660 docet,
1661 1637 1714 1656 non
1731 1629 1812 1656 facile
1827 1629 1959 1663 judican-

1166 1677 1277 1708 dum,et
1290 1676 1398 1702 habenti
1411 1675 1421 1690 '
1447 1675 1550 1702 trabem
1564 1676 1591 1702 in
1608 1675 1700 1707 oculo,
1715 1676 1747 1702 de
1766 1674 1873 1701 festuca
1891 1675 1960 1701 alte-

1167 1725 1223 1750 rius
1237 1732 1289 1750 nun
1302 1723 1480 1757 loquendum.

1206 1801 1215 1816 I
1231 1791 1327 1818 Omnia
1345 1791 1401 1817 haec
1419 1790 1518 1816 tentut‘i
1534 1791 1560 1816 itt
1578 1790 1731 1823 sapientia,
1758 1795 1786 1815 et
1800 1789 1860 1816 dixi
1879 1797 1887 1815 :
1905 1789 1955 1816 Sa-

1169 1840 1246 1873 piens
1261 1837 1373 1869 efiiciar,
1386 1842 1413 1863 ct
1425 1837 1483 1871 ipsa
1500 1836 1608 1869 longius
1624 1836 1695 1862 facta
1710 1839 1751 1862 est
1765 1842 1779 1861 a
1799 1843 1855 1866 me,
1873 1837 1961 1869 magis

1167 1892 1250 1919 quam
1263 1889 1340 1911 erat:
1354 1883 1440 1909 etalta
1453 1881 1638 1916 profunditas,
1651 1881 1713 1915 quis
1725 1881 1848 1908 inveniet
1860 1889 1920 1908 eam
1932 1882 1956 1907 ἵ»

1168 1930 1239 1957 Dicit
1273 1938 1327 1963 se,
1344 1936 1373 1956 tit
1402 1929 1557 1964 Regnorum
1588 1935 1697 1962 quoque
1725 1933 1863 1954 testantur
1899 1928 1960 1954 libri

1169 1975 1225 2012 (Ill
1239 1975 1302 2011 Reg.
1319 1984 1346 2002 in
1377 1983 1399 2002 et
1419 1977 1468 2008 tv).
1488 1976 1557 2001 ultra
1573 1982 1669 2000 omnes
1688 1973 1813 2000 homines
1828 1975 1962 2007 quaesisse

1170 2023 1342 2057 sapientiam,
1355 2027 1382 2049 ct
1395 2026 1516 2048 tentasse
1535 2021 1568 2047 ad
1597 2021 1677 2046 liuent
1698 2020 1772 2046 illius
1800 2023 1959 2053 pervenire,

1170 2070 1218 2096 sed
1230 2074 1333 2104 quanto
1346 2067 1559 2102 plusqumsierit
1572 2086 1579 2098 ,
1596 2071 1672 2093 tanto
1689 2067 1780 2093 minus
1807 2067 1956 2100 reperisse,

1169 2120 1197 2143 et
1212 2115 1239 2141 itt
1257 2115 1374 2141 mediam
1390 2113 1547 2140 demersum
1564 2112 1720 2147 caliginem,
1735 2114 1860 2139 tenebris
1886 2114 1962 2143 igno-

1173 2162 1270 2187 rantiaz
1286 2159 1500 2187 circumdatum.
1513 2159 1599 2185 Aliter
1615 2166 1623 2184 :
1643 2158 1690 2184 Vir
1702 2158 1749 2192 qui
1764 2158 1891 2185 eruditus
1904 2158 1962 2185 fue.

1173 2207 1230 2234 rit'
1253 2208 1280 2234 in
1313 2206 1486 2240 Scripturis,
1503 2209 1606 2240 quanto
1634 2204 1694 2238 plus
1723 2203 1796 2230 scire
1826 2205 1961 2238 ceperit,

1173 2257 1250 2278 tanto
1261 2253 1285 2278 ei
1296 2252 1322 2278 in
1336 2251 1378 2278 his
1393 2251 1513 2285 quotidie
1525 2251 1616 2277 oritur
1630 2250 1717 2283 major
1727 2250 1897 2276 obscuritas.
1910 2251 1962 2275 Ali-

1174 2301 1215 2323 ter
1231 2303 1238 2323 :
1257 2295 1458 2329 Contemplatio
1473 2295 1615 2330 sapientia:
1634 2295 1662 2321 in
1677 2296 1730 2321 hac
1740 2294 1793 2321 vita
1809 2295 1836 2321 in
1856 2296 1963 2329 speculo

1175 2343 1316 2370 videturet
1332 2343 1358 2368 in
1377 2343 1494 2375 imagine
1520 2349 1527 2368 ;
1551 2349 1613 2368 cum
1644 2348 1710 2375 ergo
1736 2342 1923 2375 recogitavero
1938 2342 1961 2366 in

1175 2389 1268 2416 futuro
1281 2389 1350 2416 facie
1362 2388 1396 2415 ad
1410 2388 1505 2415 facient
1523 2388 1584 2422 ejus
1610 2387 1736 2415 notitiam
1768 2389 1959 2418 revelandaui,

1171 2491 1235 2524 jura
1250 2491 1357 2517 solatio.
1371 2489 1488 2516 Palatio.
1501 2489 1581 2519 alter.
1597 2487 1670 2520 Quos
1686 2495 1740 2513 non
1762 2492 1838 2521 palea
1859 2488 1962 2514 coruiin

1176 2527 1315 2560 adjuvare,
1333 2525 1426 2552 solatio
1443 2526 1508 2558 fore.
1525 2529 1579 2550 etc.

1211 2557 1245 2581 ἷ-
1263 2562 1333 2593 Qnos
1349 2569 1398 2586 non
1415 2565 1486 2593 potes
1503 2567 1538 2588 re,
1554 2565 1609 2586 etc.
1624 2557 1706 2587 Editi.
1727 2557 1801 2590 Quae
1817 2567 1870 2585 non
1897 2564 1961 2592 pater

1177 2597 1279 2629 opibus.
1296 2595 1405 2622 consitio
1425 2594 1533 2628 adjuua,
1551 2599 1603 2620 etc.
1627 2593 1709 2619 lidetu
1730 2593 1814 2626 infra,
1830 2593 1904 2626 Quo:
1929 2594 1960 2619 ιο-

1177 2640 1288 2663 quuuur
1309 2630 1392 2662 impii,
1410 2639 1440 2655 ne
1455 2630 1555 2655 dederis
1571 2638 1598 2654 os
1616 2633 1700 2659 tuum,
1721 2634 1749 2654 ut
1781 2638 1832 2655 nun
1865 2630 1961 2659 nullius,

1179 2675 1231 2691 etc.
1251 2668 1301 2691 Sed
1320 2669 1374 2690 fm‘L'
1389 2674 1479 2690 ottlltla
1498 2665 1625 2690 mendose
1643 2665 1779 2696 leguntur.
1798 2665 1930 2690 hlanms.

1216 2704 1225 2715 υ
1242 2701 1297 2725 Duo
1318 2700 1443 2729 Palatini,
1462 2706 1484 2726 et
1505 2698 1590 2725 Vatir.
1608 2707 1614 2725 ;
1634 2699 1704 2729 Quos
1723 2700 1866 2732 loquentur
1885 2699 1961 2732 impii,

1181 2745 1210 2761 ne
1224 2736 1337 2767 dederis;
1352 2740 1404 2760 etc.
1423 2735 1454 2761 Et
1471 2741 1510 2761 cst

1182 2772 1303 2796 limitum)
1321 2775 1380 2795 cod.
1402 2770 1482 2795 ιλλ.

1219 2808 1226 2820 ⁷
1242 2807 1277 2831 lia
1299 2806 1398 2831 Victor.
1419 2805 1549 2831 restituit.
1577 2804 1752 2831 Martzana-us
1780 2809 1874 2831 tatuen
1908 2812 1961 2831 cum

1184 2842 1212 2867 iii
1222 2850 1296 2866 .lslllU
1316 2841 1425 2866 retinnit
1440 2842 1587 2865 Imbtntem.

1218 2878 1227 2891 ‘
1247 2877 1322 2909 Apud
1340 2876 1458 2901 Λιυάἰει.⁴
1470 2876 1554 2901 Aliter
1575 2881 1669 2906 animi,
1690 2876 1734 2908 qui
1748 2876 1868 2901 eruditus
1882 2874 1960 2906 fuerit.

1185 2923 1196 2936 ;ι
1215 2921 1266 2944 quo
1284 2912 1367 2937 noslti
1387 2919 1452 2937 IIISS.
1471 2913 1521 2936 huc
1549 2919 1601 2935 uno
1617 2912 1748 2937 ubludutit
1763 2932 1769 2942 ,
1791 2914 1864 2944 quod
1899 2910 1960 2935 Aha.

1186 2955 1224 2973 \cl
1245 2948 1319 2972 .-l/ftta
1341 2947 1452 2977 habent,
1472 2954 1519 2980 pro
1537 2946 1557 2971 Α
1572 2947 1628 2971 itur.

1536 2735 1643 2767 quidem
1669 2733 1787 2764 ἀσεϐεῖς,
1818 2735 1913 2767 impii,
1939 2743 1960 2759 tu

0 3085 2073 3654 -
