4210 6350
167 408 307 472 Ῑὲἳό

160 533 291 576 tunc
326 524 552 594 liquido
605 542 991 598 recognoscam
1030 528 1188 599 longe
1222 548 1304 587 me
1350 550 1495 588 nunc
1528 535 1597 588 ab
1631 533 1750 603 ejus
1784 540 1828 595 Α

160 619 359 670 notitia
389 620 699 676 dissidere.

235 730 255 762 ι
295 712 549 768 Circuivi
583 732 684 785 ego
714 724 766 771 et
800 731 893 771 cor
929 734 1134 783 meum,
1156 727 1213 771 ut
1241 719 1437 773 scirem
1474 721 1509 786 ‘,
1543 730 1597 773 et
1626 735 1761 773 con-

162 808 501 871 siderarent,
540 822 595 863 et
630 826 929 879 quaererem
976 813 1337 881 sapientiam,
1377 824 1431 869 et
1466 814 1755 881 rationem,

154 913 209 951 et
242 914 301 954 ut
334 917 734 969 cognoscerem
779 904 1110 970 impietatem
1150 904 1312 977 447
1341 907 1496 961 stulti
1551 917 1605 959 et
1654 908 1759 960 im-

155 994 526 1053 prudentium
580 1011 845 1050 errorem.
896 997 960 1049 Et
990 998 1207 1051 invenio
1250 1015 1351 1068 ego
1378 1001 1399 1029 ³
1433 997 1754 1052 amariorcm

155 1097 340 1138 morte
381 1090 700 1149 mulierem,
730 1105 844 1157 qute
867 1100 952 1144 est
1012 1092 1261 1160 laqueus,
1286 1102 1341 1145 et
1392 1107 1607 1159 sagena:
1660 1106 1757 1145 cor

152 1178 301 1246 ejus,
330 1181 557 1233 vincula
584 1197 779 1235 manus
805 1184 946 1250 ejus.
982 1181 1166 1239 Bonus
1190 1198 1375 1237 coram
1406 1182 1514 1237 Deo
1535 1195 1756 1239 eruetur

151 1275 220 1324 ab
250 1289 355 1335 ea,
394 1285 653 1341 peccator
702 1276 949 1343 capietur
999 1276 1051 1330 iu
1114 1279 1226 1331 illa.
1268 1295 1287 1327 ι
1326 1278 1431 1331 Pro
1479 1294 1544 1332 eo
1607 1278 1753 1347 quod

148 1367 525 1438 Septuaginta
558 1378 857 1436 posuerunt
889 1385 905 1425 ;
940 1389 957 1421 ι
985 1368 1222 1424 Circuivi
1254 1386 1354 1439 ego
1372 1378 1426 1425 et
1448 1386 1547 1425 cor
1570 1384 1752 1424 meum

149 1470 211 1513 ut
242 1476 671 1529 c0gnoscerem,
714 1482 732 1513 ι
773 1462 1143 1533 Symmachus
1199 1463 1591 1531 interpretatus
1644 1474 1752 1527 est,

148 1551 354 1604 dicens
392 1570 407 1605 :
470 1570 487 1602 ι
528 1551 859 1607 Pertiansivi
891 1554 1141 1608 universa
1189 1570 1353 1609 sensu
1401 1569 1543 1618 meo,
1573 1555 1749 1619 scire,

142 1654 203 1697 et
240 1644 466 1698 discere
509 1645 549 1708 ³,
606 1654 659 1699 et
709 1645 1059 1715 investigare.
1119 1663 1137 1697 ι
1196 1646 1336 1713 Quia
1386 1646 1553 1717 igitur
1583 1662 1750 1717 supra

150 1736 547 1792 Ecclesiastes
574 1738 807 1802 dixerat,
829 1738 1015 1791 omnia
1042 1754 1101 1793 se
1139 1738 1193 1792 in
1238 1740 1499 1807 sapientia
1532 1748 1750 1809 perten-

144 1840 335 1891 tasse,
364 1838 653 1899 etquanto
684 1829 805 1899 plus
846 1844 969 1883 eam
1015 1831 1355 1899 requisierit,
1396 1840 1552 1886 tauto
1598 1832 1747 1886 illam

147 1924 386 1990 longius
413 1920 720 1991 refugisse;
775 1938 924 1977 nunc
953 1922 1029 1975 ait
1061 1923 1224 1976 etiam
1262 1924 1407 1976 aliud
1448 1924 1499 1976 in
1533 1938 1634 1977 sua
1692 1939 1753 1979 se

147 2016 429 2080 quasisse
456 2014 741 2082 sapientia,
766 2016 911 2083 quod
940 2015 995 2067 in
1025 2014 1192 2069 rebus
1236 2015 1492 2069 humanis
1544 2016 1749 2069 malum

151 2107 422 2161 universa
458 2106 749 2161 antecedat
813 2107 955 2160 mala
992 2105 1034 2173 ⁸,
1072 2116 1127 2161 et
1152 2122 1275 2177 qua:
1314 2124 1402 2162 res
1455 2108 1508 2161 in
1562 2109 1752 2177 impie-

148 2209 292 2264 tate,
332 2198 588 2263 stultitia,
624 2213 833 2261 errore,
861 2199 1109 2252 vecordia
1154 2210 1331 2254 teneat
1357 2201 1745 2271 principatum.

155 2296 229 2348 Et
274 2295 415 2349 dii-it
460 2310 520 2348 se
547 2295 795 2348 omnium
840 2295 1104 2349 malorum
1135 2304 1299 2363 caput
1338 2300 1617 2355 mulierem
1657 2320 1749 2359 re-

150 2385 374 2454 perisse
406 2400 421 2438 :
463 2386 593 2453 quia
618 2394 671 2437 et
699 2399 793 2454 per
833 2385 978 2437 illam
1004 2398 1153 2437 mors
1176 2385 1229 2438 in
1262 2386 1446 2441 orbem
1476 2396 1745 2444 terrarum

150 2478 434 2542 introivit,
470 2487 525 2530 et
554 2478 823 2544 pretiosas
856 2477 1070 2530 animas
1098 2477 1339 2532 virorum
1388 2483 1552 2549 capit.
1613 2482 1747 2536 Om-

148 2585 257 2624 nes
282 2570 491 2639 quippe
518 2570 917 2633 adulterantes,
946 2571 1103 2638 quasi
1161 2572 1417 2627 clibanus
1441 2572 1610 2625 corda
1651 2590 1746 2626 co-

151 2679 281 2716 rum
322 2678 339 2717 :
384 2676 507 2730 quae
536 2662 662 2714 fecit
699 2661 1124 2715 adolescentium
1179 2664 1396 2717 evolare
1444 2665 1631 2717 corda.
1682 2663 1746 2718 Et

148 2770 280 2807 cum
314 2754 368 2806 in
404 2763 641 2807 ruentem
700 2753 887 2807 miseri
926 2754 1190 2808 amatoris
1233 2755 1512 2820 inciderit,
1574 2757 1743 2809 trahit

148 2862 280 2899 eum
312 2846 369 2898 iu
409 2860 699 2913 praeceps:
743 2860 843 2899 nec
887 2854 1012 2897 ante
1063 2845 1225 2913 pedes
1283 2860 1413 2899 suos
1471 2847 1745 2913 respicere

151 2939 387 3003 patitur,
424 2936 517 2989 sed
550 2936 708 3003 quasi
776 2937 1004 3000 laqueus
1050 2944 1104 2989 et
1154 2951 1352 3005 sagena
1404 2951 1499 2989 cor
1554 2936 1741 2989 adole-

148 3030 363 3083 scentis
393 3028 645 3082 innectit.
683 3027 910 3081 Vincula
960 3036 1089 3081 sunt
1136 3028 1282 3082 enim
1337 3042 1535 3081 manus
1595 3029 1738 3097 ejus.

152 3120 263 3173 Pro
317 3135 429 3186 quo
488 3117 682 3186 Aquila
741 3117 1137 3187 interpretatus
1194 3128 1320 3173 est:
1373 3117 1567 3172 Vincta:
1618 3129 1740 3172 sunt

144 3228 348 3264 amantis
388 3213 525 3276 ejus,
565 3208 708 3278 quod
736 3208 1012 3264 Hebraica
1062 3210 1243 3279 lingua
1275 3210 1475 3265 dicitur
1520 3226 1737 3264 assunm

157 3304 417 3370 (Dl‘i'cx)
450 3302 491 3353 '.
524 3296 767 3353 Suadere
810 3300 957 3353 enim
996 3310 1195 3369 potest,
1245 3302 1353 3355 vim
1402 3302 1581 3355 facere
1633 3318 1736 3355 non

154 3404 336 3461 potest
364 3435 382 3454 ,
416 3408 519 3446 nec
550 3394 615 3445 ad
644 3409 709 3447 se
744 3393 961 3445 trahere
989 3393 1260 3446 nolentes.
1284 3392 1475 3447 Justus
1502 3397 1589 3460 qui
1622 3394 1739 3448 fue-

154 3493 247 3546 rit,
284 3495 338 3537 et
367 3488 540 3537 lminis
572 3498 754 3535 coram
784 3484 916 3548 Deo,
940 3497 1162 3536 eruetur
1196 3485 1264 3537 ab
1286 3500 1348 3537 ea
1375 3484 1397 3515 ⁸
1435 3501 1450 3539 :
1486 3496 1738 3553 peceator

153 3593 286 3630 vero
317 3588 511 3644 captus
540 3577 841 3629 deducetur
890 3576 957 3629 ad
1007 3585 1261 3630 mortem.
1297 3576 1414 3631 Non
1482 3587 1734 3647 putemus

156 3683 367 3725 ten-ere
430 3672 574 3724 hanc
626 3670 976 3723 Salomonem
1030 3669 1097 3723 de
1165 3684 1363 3739 genere
1441 3672 1731 3725 mulierum

152 3769 449 3835 protulisse
487 3764 809 3819 sententiam
836 3763 1016 3833 ;quod
1048 3775 1309 3833 expertus
1342 3773 1447 3826 est,
1474 3767 1731 3833 loquitur.

153 3860 280 3912 Ideo
304 3860 507 3927 quippe
534 3857 758 3910 ollendit
790 3856 985 3917 Deum,
1020 3856 1146 3924 quia
1196 3865 1389 3924 captus
1436 3868 1519 3910 est
1550 3872 1578 3909 a
1614 3873 1733 3909 niu-

156 3952 409 4003 lierihus.
479 3948 542 3999 Et
606 3948 723 4001 haec
778 3950 1077 4001 secundum
1141 3948 1399 4001 litteram.
1462 3948 1730 4001 Cieterum

148 4042 306 4110 juxsa
342 4039 753 4105 intelligentiam
786 4038 1148 4105 spiritualem,
1183 4049 1278 4091 aut
1320 4053 1480 4090 omne
1506 4054 1733 4105 genera-

155 4136 277 4185 liter
303 4140 613 4200 peccatum,
652 4130 935 4183 mulierem
995 4130 1345 4183 nominamus
1391 4140 1443 4181 et
1478 4130 1733 4197 iniquita-

156 4237 286 4284 tetu,
310 4238 433 4291 qua!
452 4222 557 4276 sub
586 4221 765 4289 specie
796 4222 1038 4273 mulieris
1061 4220 1209 4274 sedet
1238 4222 1292 4272 in
1328 4219 1591 4274 Zacliaria
1640 4236 1734 4273 su-

154 4336 249 4386 per
282 4317 492 4385 plumbi
556 4316 816 4367 talentum
855 4312 1042 4382 (Zach.
1080 4331 1135 4373 ν.
1160 4314 1252 4369 7):
1308 4325 1400 4367 aut
1452 4314 1730 4367 diabolum

152 4408 435 4476 τροπικῶς
463 4406 751 4458 mulierem
783 4406 1107 4474 accipimus,
1140 4415 1363 4475 propter
1393 4406 1733 4460 elleminatas

152 4504 299 4554 vires
340 4517 354 4552 :
395 4507 485 4550 ant
512 4505 659 4549 certe
690 4496 1070 4559 idololatriam,
1101 4509 1153 4550 et
1184 4508 1240 4550 ut
1262 4500 1489 4567 pr0pius
1508 4499 1731 4551 acceda-

1114 416 1732 479 COMMENTARIUS
1772 416 1857 478 IN
1889 419 2488 483 .ECCLESIASTEN.

3306 419 3443 485 li‘26

1936 554 1955 587 ‹
1988 534 2124 590 Ecce
2181 538 2283 591 hoc
2320 538 2523 598 inveni,
2560 537 2697 591 dixit
2724 536 3101 597 Ecclesiastes,
3159 549 3319 587 unam
3372 538 3439 586 ad

1861 642 2028 679 unam
2091 629 2129 693 ⁷,
2172 638 2229 683 ιιι
2279 630 2578 684 invenirem
2638 646 2964 691 numerum,
3020 645 3180 698 quem
3263 628 3444 680 adhuc

1860 722 2310 785 quwsivitanima
2347 739 2491 787 mea,
2513 732 2698 778 etnon
2721 724 2927 777 inveni.
2950 724 3236 778 llominetn
3268 738 3437 775 unum

1859 812 1928 865 de
1958 813 2103 868 mille
2131 816 2332 881 inveni,
2368 827 2422 871 et
2458 818 2745 872 mulierem
2794 817 2847 871 in
2874 818 3129 871 omnibus
3189 817 3273 869 his
3327 834 3439 869 non

1862 907 2063 961 inveni.
2094 909 2452 964 Solummodo
2522 912 2626 965 hoc
2680 910 2887 973 inveni,
2959 910 3089 978 quia
3129 910 3255 960 l'ecit
3300 908 3439 960 licus

1862 997 2141 1050 hominem
2177 1010 2420 1063 rectum;
2456 1013 2510 1055 et
2547 1003 2649 1070 ipsi
2685 1007 3025 1071 quxsierunt
3075 1000 3439 1069 cogitationis

1862 1090 2080 1141 multas.
2121 1107 2140 1141 ι
2178 1089 2310 1157 Hoc,
2341 1092 2548 1157 inquit,
2586 1096 2784 1162 reperi,
2838 1094 3093 1148 universa
3149 1094 3442 1163 diligenter

1858 1182 2186 1243 eventilans,
2229 1183 2373 1249 quod
2407 1184 2668 1252 paulatim
2706 1186 3003 1250 peccando,
3067 1194 3119 1235 et
3152 1185 3216 1235 ad
3266 1198 3433 1234 unum

1857 1274 2116 1329 delictum
2157 1277 2305 1331 aliud
2339 1278 2703 1347 appouendo,
2738 1278 2998 1347 grandem
3070 1278 3223 1329 nobis
3284 1294 3433 1329 sum-

1858 1382 1999 1419 mam
2020 1366 2280 1422 edicimus
2315 1381 2690 1436 peccatorum.
2724 1368 2926 1423 Erebon
2961 1366 3178 1451 (fuit???)
3208 1370 3433 1436 quippe,

1856 1456 2001 1523 quod
2026 1472 2213 1510 omnes
2245 1473 2375 1509 voce
2402 1472 2648 1512 consona
2672 1459 2937 1526 λογισμὶν
2960 1457 2981 1487 ⁸
3008 1460 3432 1521 transtulerunt,

1854 1551 2158 1603 secundum
2199 1549 2412 1605 Hebraei
2450 1554 2730 1606 sermonis
2767 1554 3207 1621 ambiguitatem,
3242 1564 3297 1605 et
3332 1570 3437 1604 mt—

1854 1656 2055 1692 mcrnm
2095 1656 2415 1710 possumus,
2462 1654 2515 1697 et
2563 1660 2863 1709 summam,
2923 1654 2979 1697 et
3037 1646 3340 1707 rationem,
3383 1651 3437 1696 et

1852 1735 2227 1802 cogitationem
2254 1734 2460 1789 dicere.
2499 1734 2605 1790 Sed
2659 1746 2715 1790 et
2783 1739 2907 1800 hoc,
2976 1739 3091 1801 ait,
3147 1738 3438 1801 requisivit

1856 1829 2044 1880 anima
2097 1844 2237 1892 mea,
2271 1844 2337 1881 an
2371 1840 2519 1883 recta
2579 1830 2777 1883 mulier
2816 1831 3151 1884 inveniatur.
3191 1831 3254 1882 Et
3305 1847 3431 1883 (:Illlt

1855 1920 1942 1974 vix
1973 1936 2178 1991 paucos
2235 1922 2303 1977 de
2352 1923 2490 1977 viris
2540 1924 2713 1977 bonos
2757 1925 3084 1984 invenerim,
3122 1926 3191 1975 ita
3245 1933 3303 1974 ut
3360 1928 3427 1976 de

1855 2014 2006 2069 mille
2051 2029 2194 2069 unus
2245 2018 2483 2084 potuerit
2548 2016 2856 2078 inveniri’,
2891 2017 3173 2070 mulierem
3237 2018 3432 2070 bonam

1851 2107 2077 2159 omnino
2105 2096 2354 2160 invenire
2385 2122 2493 2160 non
2521 2108 2694 2175 potui.
2727 2108 2926 2159 Omnes
2978 2108 3123 2159 enim
3176 2123 3261 2161 me
3311 2122 3422 2159 nou

1852 2199 1920 2251 ad
1953 2198 2235 2262 virtutem,
2266 2197 2361 2251 sed
2386 2199 2451 2253 ad
2480 2201 2752 2253 luxuriam
2781 2198 3150 2255 deduxerunt.
3193 2198 3257 2252 Et
3296 2200 3425 2266 quia

1850 2290 2159 2357 appositum
2184 2298 2276 2343 est
2306 2304 2403 2343 cor
2461 2289 2697 2343 hominis
2729 2289 3022 2359 diligenter
3046 2290 3114 2342 ad
3164 2290 3428 2342 malitiam

1852 2382 1921 2435 ab
1975 2381 2347 2436 adolescentia
2380 2382 2537 2451 (Gen.
2598 2382 2880 2451 vut,‘zl),
2941 2392 2993 2434 et
3045 2398 3182 2450 pene
3236 2396 3433 2436 onmcs

1849 2472 2199 2527 oll'enderunt
2236 2476 2405 2527 Deum
2444 2492 2460 2530 :
2504 2476 2559 2527 in
2593 2476 2696 2529 hac
2720 2477 2876 2528 ruina
2922 2474 3138 2543 generis
3176 2474 3428 2536 humani,

1848 2565 2059 2621 facilior
2115 2571 2183 2620 ad
2232 2581 2416 2622 casum
2466 2578 2551 2622 est
2606 2568 2826 2624 mulier.
2887 2570 2963 2623 De
2995 2584 3103 2638 qua
3160 2579 3215 2622 et
3271 2582 3431 2635 poeta

1844 2659 2065 2729 gentilis
2091 2676 2107 2713 :

2318 2817 2515 2865 Varium
2540 2826 2592 2866 et
2624 2818 2862 2866 mutabile
2886 2832 3087 2879 semper

2360 2916 2370 2926 .
2442 2882 2603 2941 (Vino.
2628 2882 2822 2929 ﬁnesid.
2856 2894 2923 2942 tv,
2949 2896 2991 2941 v,

1843 3010 1908 3064 Et
1933 3012 2230 3079 Apostolus
2267 3027 2281 3063 :
2325 3009 2557 3079 Semper,
2588 3014 2688 3077 ait,
2717 3015 2999 3078 discentes,
3044 3025 3092 3067 et
3147 3031 3422 3083 nunquam

1843 3105 1910 3155 ad
1944 3103 2223 3155 scientiam
2257 3106 2493 3157 veritatis
2524 3106 2880 3173 pervenientes
2935 3106 3021 3177 (II
3055 3108 3195 3162 Tim.
3225 3124 3308 3173 tu,
3339 3108 3419 3176 7).

1845 3193 1907 3245 Ει
1938 3210 2006 3248 ne
2040 3196 2314 3249 videretur
2343 3211 2691 3249 communem
2723 3199 3003 3252 hominum
3033 3203 3298 3255 damnare
3323 3218 3422 3254 ua-

1847 3292 2049 3346 turam,
2075 3293 2129 3336 et
2160 3283 2329 3336 Deum
2359 3296 2636 3339 auctorem
2668 3286 2851 3341 facere
2879 3290 3029 3351 mali,
3062 3292 3192 3343 dum
3230 3294 3419 3345 talium

1843 3377 2094 3430 Conditor
2127 3390 2231 3436 est.
2267 3378 2359 3447 qui
2402 3380 2605 3433 malum
2656 3384 2828 3435 vitare
2882 3399 2988 3436 nou
3042 3385 3273 3451 possint,
3334 3403 3423 3438 ar-

1842 3480 1969 3537 gnte
2003 3470 2278 3535 przecavit,
2305 3482 2360 3521 et
2419 3472 2516 3528 ait.
2555 3474 2728 3527 honos
2769 3492 2872 3528 nos
2919 3492 2948 3528 a
3004 3476 3114 3530 Deo
3152 3489 3365 3532 creatos
3404 3495 3419 3534 :

1840 3558 1933 3611 sed
1962 3561 2086 3624 quia
2116 3559 2284 3612 libero
2314 3575 2506 3614 sumus
2548 3564 2782 3616 arbitrio
2818 3566 3088 3632 derclicti,
3126 3570 3255 3621 vitio
3319 3587 3417 3621 no-

1839 3663 1953 3703 stro
1991 3652 2057 3702 ad
2090 3650 2273 3720 pejora
2305 3654 2433 3716 labi,
2462 3656 2591 3707 dum
2624 3657 2830 3721 majora
2867 3661 3165 3727 quaerimus
3187 3702 3200 3724 ,
3230 3672 3285 3715 et
3333 3664 3419 3715 ul-

1838 3754 1920 3797 tra
1946 3742 2088 3796 vires
2116 3752 2335 3797 nostras
2367 3746 2514 3798 varia
2540 3749 2866 3814 cogitamus.
2898 3753 3071 3805 Aliter
3098 3769 3111 3807 :
3162 3756 3418 3821 Quotidie

1838 3848 2046 3886 mecum
2083 3833 2517 3904 uniuscujusque
2550 3839 2626 3891 rei
2655 3843 2920 3894 rationem
2947 3862 3178 3915 ponens,
3204 3853 3414 3903 "unum

1837 3928 2086 3981 invenire
2122 3930 2275 3996 potui
2309 3932 2632 3999 coigitatum,
2663 3937 2757 4003 qui
2794 3954 2902 3991 non
2939 3944 3271 4009 cogitatione
3295 3967 3415 4019 per-

1838 4036 1993 4073 vursa
2027 4024 2371 4075 extrinsecus
2400 4026 2739 4080 turbaretur.
2772 4030 2830 4083 lu
2867 4033 3016 4087 mille
3059 4049 3237 4091 autem
3280 4042 3415 4095 viris

1840 4112 2022 4164 iuveni
2056 4113 2358 4175 hominem,
2389 4117 2482 4183 qui
2509 4116 2665 4185 juxta
2698 4120 2985 4187 imaginem
3011 4130 3315 4185 conditoris
3333 4144 3416 4187 est

1836 4206 2090 4257 conditus
2126 4220 2141 4260 :
2172 4218 2226 4259 et
2263 4209 2314 4259 in
2348 4211 2495 4261 mille
2532 4228 2637 4265 non
2672 4214 3026 4281 quibuslibet,
3058 4222 3149 4273 sed
3184 4225 3237 4276 in
3268 4226 3413 4280 tnille

1840 4298 2010 4349 viris:
2045 4313 2276 4364 quorum
2315 4315 2601 4355 numerum
2666 4308 2863 4360 mulier
2896 4307 3122 4378 implere
3168 4330 3277 4369 non
3315 4334 3410 4385 po-

1838 4392 1965 4444 tuit.
2000 4392 2065 4446 Et
2093 4393 2146 4445 in
2179 4393 2324 4446 mille
2350 4393 2516 4464 449
2547 4398 2641 4464 qui
2676 4413 2782 4451 non
2832 4402 3411 4472 apprOpinquavcrunt

1839 4488 1903 4539 ad
1942 4486 2248 4548 mulierem,
2270 4499 2323 4540 et
2349 4499 2634 4558 propterea
2660 4492 2938 4558 purissimi
2967 4510 3408 4560 permanserunt.

153 4604 295 4646 nius,
350 4586 733 4637 ha-rcticorum
804 4582 1102 4637 Ecclesium
1130 4625 1145 4647 ,
1198 4601 1320 4652 quae
1382 4587 1727 4654 insipientem
1767 4602 1807 4654 ο
1840 4578 1963 4631 Ηίιέε
1995 4588 2175 4631 θυιιειιι
2204 4579 2387 4632 omnia
2418 4582 2750 4649 ll'0p0l0gice
2780 4586 3120 4653 accipienda.
3144 4590 3200 4643 lu
3223 4598 3411 4648 multis

151 4694 312 4730 sensu
350 4677 417 4729 ad
460 4692 518 4728 se
551 4687 741 4741 vocat,
805 4685 865 4728 ut
922 4690 1094 4742 panes
1150 4675 1404 4739 furtivos,
1455 4689 1507 4729 et
1563 4678 1729 4749 448

150 4782 345 4834 aquam
377 4763 660 4826 furtivam,
719 4764 822 4816 hoc
842 4773 947 4821 est.
990 4764 1185 4817 falsum
1216 4779 1640 4834 sacramentum,
1674 4778 1729 4823 et

150 4860 417 4925 pollutum
445 4854 709 4921 baptisma
744 4854 1003 4906 inductus
1028 4854 1284 4920 accipiat.

220 5014 233 5042 ¹
266 5012 471 5071 \‘atic.,
497 5010 561 5062 Et
591 5024 679 5061 cor
730 5026 900 5062 meum
934 5008 1054 5061 dedi
1076 5049 1090 5070 ,
1128 5018 1183 5059 ut
1217 5011 1430 5075 scirem,
1467 5022 1599 5079 etc.,
1638 5032 1726 5070 re-

148 5096 349 5137 nuente
392 5084 693 5145 Scriptura:
730 5090 905 5133 textu.

215 5180 281 5191 —-
314 5151 546 5219 Circuivi
578 5167 690 5218 ego,
717 5160 765 5202 et
816 5166 906 5202 cor
940 5167 1131 5204 meum.
1166 5148 1430 5219 Corrupte
1464 5152 1517 5205 in
1553 5154 1723 5210 editis

147 5224 362 5293 legunt,
396 5218 626 5273 Circuivi
651 5237 743 5287 ego
765 5237 854 5272 cor
890 5238 1085 5281 meum,
1115 5220 1235 5273 sine
1269 5218 1534 5291 particula
1588 5239 1722 5277 Ctnt-

142 5294 385 5358 junctiva
420 5306 583 5356 quam
618 5293 871 5355 ,retinent
927 5306 1117 5344 omnes
1155 5308 1288 5347 mss.
1332 5309 1397 5345 ac
1457 5295 1579 5345 fons
1619 5296 1723 5348 Hc-

148 5388 347 5447 hreus,
381 5367 497 5441 3351
523 5391 611 5438 ’ΞΝ
633 5383 721 5435 ani
755 5383 963 5445 relibbi,
998 5385 1051 5437 id
1087 5394 1297 5453 est,,ego
1332 5394 1381 5436 et
1408 5401 1499 5437 cor
1523 5405 1718 5443 meum.

147 5456 419 5509 minus.

218 5529 237 5556 ’
267 5529 401 5577 'l'res
439 5539 595 5588 mss.,
636 5523 701 5577 Et
732 5527 903 5578 inveni
928 5543 1022 5595 ego
1064 5545 1076 5581 :
1118 5539 1172 5582 et
1208 5543 1358 5588 mox.
1390 5543 1584 5595 sagcna
1616 5545 1718 5598 pro

152 5613 381 5663 mgenw.
670 5616 673 5619 λ

220 5668 238 5697 ³
272 5664 557 5716 Palatinus
588 5664 723 5716 alter
756 5679 879 5717 cum
910 5663 1115 5730 Vatia,
1150 5679 1197 5719 et
1232 5670 1508 5718 disserere.

219 5734 445 5786 “Penes
506 5734 820 5793 Alcuinnm,
866 5733 930 5787 In
986 5752 1082 5787 sua
1138 5740 1395 5788 invenisse
1454 5741 1717 5803 sapientia

151 5807 343 5857 malum
376 5843 391 5862 ,
447 5803 582 5869 quod
646 5807 696 5855 it;
760 5807 910 5857 rebus
969 5808 1213 5858 luminat;
1263 5806 1440 5859 omnia
1490 5810 1714 5862 vinceret

151 5880 250 5928 mttl
272 5899 304 5937 ι,
332 5888 435 5925 etc.

1836 4672 2035 4738 quippe
2065 4671 2328 4724 studiosis
2357 4670 2467 4742 [ΑΙ.
2506 4673 2726 4745 studiis,|
2747 4715 2762 4739 ,
2794 4687 2848 4729 ct
2879 4682 3193 4741 quotidiana
3228 4687 3366 4738 ini-di
3388 4713 3404 4724 -

1833 4766 2039 4816 tatione
2073 4763 2423 4828 sudantibus,
2449 4767 2533 4818 vix
2567 4766 2841 4820 invenitur
2872 4772 3142 4839 cogitatus
3185 4792 3354 4843 purus
3389 4821 3403 4842 ,

1832 4866 1884 4909 et
1917 4856 2016 4907 viri
2048 4853 2247 4922 dignus
2268 4855 2559 4911 vocabulo.
2586 4855 2884 4915 Poswmus
2913 4872 2968 4915 et
3009 4866 3279 4933 cogitatus
3308 4886 3406 4939 pro

1901 5016 1920 5046 '
1952 5014 2104 5079 Quod
2127 5016 2386 5070 Hebraica
2428 5018 2608 5087 lingua
2640 5020 2853 5081 dicitur.
2885 5026 3152 5081 Assnrim.
3182 5028 3408 5085 Addunt

1829 5088 2092 5141 Erasinus
2121 5100 2173 5139 ct
2208 5087 2487 5141 Marianus
2525 5105 2711 5144 vocem
2736 5102 2853 5147 ξιτ-τ
2887 5098 3097 5153 iadeab.
3128 5102 3221 5151 sed
3266 5104 3405 5155 falso

1830 5173 1883 5211 et
1918 5156 2196 5224 superﬂue
2229 5173 2243 5212 :
2280 5161 2477 5212 sullicit
2504 5163 2646 5213 enim
2684 5176 2881 5215 nomen
2908 5176 3117 5224 amics:
3172 5175 3405 5225 assurint

1829 5228 1894 5307 ad
1939 5229 2364 5309 declarationem
2398 5231 2682 5309 sententia:
2715 5232 3031 5304 Hieronymi
3058 5276 3070 5299 ,
3105 5247 3269 5309 atque
3310 5258 3402 5295 va-

1830 5299 2020 5351 riantis
2058 5298 2307 5350 lectionis
2335 5299 2562 5365 Aquila}.
2602 5300 2869 5358 Maurus.

1900 5391 1919 5471 ς
1952 5388 2158 5471 fatim,
2199 5390 2432 5471 Eruetur
2470 5392 2533 5445 ab
2567 5410 2665 5471 eo,‘
2683 5396 2911 5471 scilicet,
2950 5400 3042 5471 Dei
3080 5417 3204 5471 0pc.

1899 5461 1914 5488 "
1952 5459 2125 5512 Verba
2162 5477 2324 5513 unam
2363 5465 2429 5513 ad
2466 5480 2627 5517 unam
2655 5467 2706 5519 in
2743 5459 2915 5525 Vatici
2940 5459 3348 5528 desiderantur.

1898 5528 1917 5559 ⁸
1952 5533 2125 5583 Antea
2166 5540 2283 5583 erat
2342 5532 2642 5603 λογισμοὺς
2674 5538 2911 5602 plurium
2969 5558 3197 5596 numero
3220 5586 3232 5603 .
3267 5562 3403 5597 con-

1825 5612 1903 5655 tra
1927 5616 2087 5669 quam
2126 5618 2259 5655 mss.
2303 5605 2539 5657 melioris
2569 5617 2708 5657 notie
2738 5607 2959 5669 habent,
2991 5621 3044 5664 et
3073 5615 3397 5669 scholuistes

1823 5675 2050 5753 Cra-cu:
2078 5672 2142 5723 ad
2176 5673 2427 5753 Aquilam
2459 5688 2622 5741 penes
2645 5676 2997 5745 Flaminium,
3021 5684 3247 5753 ipsaque
3276 5686 3400 5738 Fla-

1826 5745 1977 5795 nunii
2017 5740 2263 5794 llomana
2299 5740 2491 5796 editio.

1894 5816 1909 5843 ³
1938 5812 2102 5864 l’aulo
2139 5814 2341 5869 rectius
2378 5812 2577 5883 Vatic.,
2609 5813 2782 5869 Unum
2821 5821 3080 5888 potuerint
3114 5822 3365 5879 invenire.
