2073 3700
364 244 436 276 1127

957 243 986 274 8.
1007 242 1162 273 EUSEBH
1182 243 1403 274 HIERONYMI

1936 245 2003 277 1298

359 302 425 329 vtris
447 302 582 334 accipere,
602 306 732 327 muneres
749 306 796 333 pro
825 297 966 333 operibus.
994 303 1022 325 i-t
1047 298 1150 330 dicere,
1166 300 1190 329 Α
1205 299 1410 333 Scripturarnni
1431 298 1537 326 occulta
1566 298 1659 326 dicant
1689 306 1767 333 posse
1794 307 1824 326 se
1853 298 1965 326 solvere
1983 302 1999 328 ί.

358 347 432 381 quod
446 346 553 372 dillicile
567 347 697 380 cogitatio
709 344 826 379 alicnjns
840 352 906 379 pura
921 345 1037 371 inveniri
1051 350 1143 378 quoat.

358 394 446 427 Opera
465 392 611 427 Vcro.quia
629 400 676 427 per
688 396 788 426 cci-pus
807 392 1044 425 administrentur,
1055 391 1147 426 aliquo

357 447 464 474 semper
479 447 573 467 errore
586 433 727 467 commista
750 438 816 466 sint.
833 439 885 466 Pro
900 446 932 466 co
946 445 1035 466 autem
1050 460 1057 469 .
1073 439 1145 473 quod

357 493 438 519 supra
451 493 605 513 sermonem
622 484 765 512 Hebraeum
783 484 992 518 interpretantes
1004 484 1123 511 diximus
1138 492 1145 511 :

359 530 445 558 Unam
471 532 505 558 ad
521 539 601 558 unam
625 532 646 563 ‘,
675 535 706 557 ut
735 531 886 558 inveniatur
916 539 1040 558 numerus
1057 553 1063 563 ,
1090 531 1148 558 sive

355 586 471 608 summa.
492 577 550 604 sive
567 577 647 609 ratio.
659 581 706 604 aut
719 578 846 612 cogitatio
857 585 866 605 :
878 577 1000 611 apertius
1013 577 1147 612 interpre-

357 629 429 652 tatus
443 629 485 652 est
504 624 699 661 Symmachus,
718 632 800 651 uitam
816 624 850 650 ad
867 624 1074 651 unominvenire
1100 632 1146 650 ra-

356 673 454 698 tionem
465 672 486 697 ¹.
504 672 583 705 Quod
599 672 671 699 enim
686 679 736 699 nos
753 671 874 699 solemus
888 671 1011 699 absolute
1026 676 1053 698 et
1067 675 1145 703 ineu-

357 719 462 746 traliter
479 718 628 752 appellare,
644 717 671 745 id
687 722 740 749 est.
755 717 807 744 ltoc
822 718 937 752 quicsii'i
950 737 958 750 ,
979 717 1054 744 istud
1068 717 1145 744 volui

357 766 492 795 invenire.
511 763 617 791 ilcbrtei
631 763 763 791 feminino
780 771 880 799 genere
895 764 1089 798 pronuntiant,
1109 763 1149 789 si-

355 815 401 837 cut
417 811 443 836 in
458 811 562 844 psalmo
577 819 584 838 :
603 809 690 837 Unam
706 810 768 843 petii
786 819 801 836 a
824 809 946 841 Domino,
971 810 1040 836 liam:
1059 809 1147 843 requi-

313 884 318 889 ι
358 865 416 883 rum
433 856 444 872 ³
458 857 545 889 (Paul.
560 864 638 890 niti,
654 857 694 891 ι),
711 864 761 891 pro
778 865 809 883 eo
824 857 896 891 quod
912 861 964 888 est,
979 863 1071 885 unum,

394 903 470 938 (Cap.
491 902 569 936 Vill.)
585 912 593 928 I
615 903 681 934 Quis
697 903 733 929 ita
750 907 779 929 ut
803 903 931 937 sapiens;
948 908 975 930 et
991 905 1053 938 quis
1069 906 1147 931 novit

356 948 522 976 solutionem
544 947 641 975 verbi?
658 947 798 982 Sapientia
812 948 934 975 hominis
947 948 1114 976 illuininabit
1136 950 1146 965 ⁵

356 994 462 1020 vultntn
481 993 540 1027 t-jiis
567 998 594 1019 et
621 992 701 1019 fortis
715 992 812 1019 faciem
832 1000 909 1020 suam
922 995 1113 1023 continutabit.
1135 1005 1145 1021 ι

357 1040 447 1073 Supra
463 1038 595 1065 docuerat
612 1038 720 1065 dillicile
735 1038 837 1065 bonum
854 1038 991 1066 hominem
1016 1040 1144 1074 inveniri,

353 1090 380 1111 ct
395 1086 546 1111 venientem
563 1090 657 1111 contra
677 1084 787 1111 eliserat
806 1085 988 1118 qtizestionein
1007 1086 1018 1102 '
1035 1094 1042 1112 :
1057 1094 1073 1113 a
1091 1087 1146 1114 Deo

352 1132 441 1158 bonos
465 1130 590 1157 homines
610 1130 747 1162 conditos.
762 1131 809 1157 sed
826 1137 925 1165 sponte
950 1139 999 1159 sua
1025 1132 1057 1158 ad
1085 1140 1147 1167 pec-

354 1183 415 1206 cata
447 1179 582 1213 delapsos.
612 1178 691 1206 "Nune
714 1179 782 1213 quid
810 1180 871 1207 boni
901 1180 1004 1207 homini
1040 1181 1146 1208 dederit

356 1226 439 1257 Deus,
470 1225 545 1260 quasi
572 1225 766 1260 gloriabundus
791 1230 955 1259 enumerat,
981 1228 1144 1262 sapientiam

355 1272 471 1302 scilicet.
491 1276 573 1305 atque
590 1271 724 1297 rationein
742 1276 769 1297 et
785 1272 986 1305 providentiam
1003 1293 1010 1305 ,
1037 1275 1145 1301 occulta

357 1317 404 1344 Dei
420 1325 499 1344 nosse
514 1319 655 1352 mysteria,
670 1316 696 1343 in
722 1324 824 1343 arcana
859 1317 919 1352 ejus
943 1326 1024 1345 sensu
1052 1320 1145 1347 cordis

354 1365 469 1391 intrare.
485 1362 601 1396 Ohhque
632 1366 724 1390 autem
741 1361 774 1388 dc
786 1369 815 1388 se
833 1362 963 1396 loquitur,
977 1363 1049 1398 quod
1064 1372 1146 1392 nemo

354 1411 391 1437 ita
407 1409 488 1436 fuerit
504 1408 623 1442 sapiens,
637 1413 666 1435 ut
694 1408 762 1441 ipse.
785 1412 811 1434 et
843 1408 934 1435 nullus
960 1409 1000 1436 sic
1024 1410 1144 1437 scierit'

353 1455 410 1490 ιΑΙ.
426 1454 520 1489 scirctl
549 1454 747 1488 problematuni
776 1454 941 1486 solutiones,
958 1461 985 1482 et.
1008 1458 1142 1490 sapientia

352 1503 413 1536 ejus
432 1509 446 1527 a
464 1506 563 1527 cuncto
575 1500 684 1527 laudata
699 1500 735 1527 sit
755 1501 866 1534 populo,
883 1509 944 1536 qua:
971 1510 1025 1529 non
1054 1504 1142 1530 solum

354 1549 519 1575 intrinsecus
531 1547 653 1579 latuerit,
677 1546 725 1573 sed
737 1551 765 1573 et
779 1547 806 1573 in
821 1548 968 1583 superllcie
981 1550 1106 1584 corporis
1116 1555 1143 1577 et

354 1595 465 1630 speculo
483 1595 573 1621 vultus
597 1593 724 1626 eluxerit,
748 1593 875 1628 ultraque
900 1601 995 1621 omnes
1020 1596 1144 1623 homines

355 1640 526 1675 prudentiam
550 1640 649 1666 utentis
668 1640 693 1665 in
712 1639 783 1666 facie
798 1646 846 1665 sua
875 1640 1007 1674 pinxerit.
1026 1642 1143 1676 Septua-

355 1690 428 1723 ginta
448 1695 497 1723 pro
512 1696 545 1714 eo
563 1687 634 1722 quod
656 1695 706 1714 nos
736 1687 878 1721 posuimus
901 1695 908 1715 :
931 1697 940 1713 ι
959 1688 1027 1721 Quis
1052 1689 1088 1717 ita
1113 1696 1144 1718 ut

355 1735 475 1769 sapiens,
491 1744 501 1760 ι
517 1734 732 1760 transtulerunt:
748 1743 757 1759 (
775 1733 844 1766 Quis
856 1735 930 1761 novit
943 1736 1080 1769 sapientes
1092 1737 1113 1764 ⁷.
1130 1748 1139 1763 ι

355 1782 387 1809 Et
404 1788 452 1815 pro
465 1788 496 1807 co
604 1780 674 1814 quod
692 1788 742 1806 nos
759 1780 877 1806 diximus
893 1788 899 1806 :
923 1790 931 1804 ι
953 1780 985 1808 Ει
1009 1781 1088 1809 fortis
1105 1784 1144 1809 fa-

354 1829 423 1855 cietn
440 1834 516 1853 suam
532 1825 726 1856 conintutabit.
745 1834 754 1850 ι
773 1832 924 1860 posuerunt
941 1838 947 1853 :
969 1837 977 1853 I
997 1827 1029 1854 Et
1051 1828 1142 1863 impu-

354 1876 423 1900 dcns
438 1873 515 1900 vultu
526 1880 575 1899 suo
585 1872 705 1899 odietur.
725 1881 735 1897 ι
756 1871 788 1899 Ει
801 1880 895 1899 revera
909 1881 969 1900 cum
985 1874 1062 1901 multi
1076 1875 1141 1908 sint,

354 1919 400 1954 qui
418 1919 579 1953 sapientiam
593 1918 795 1952 repromittant,
807 1918 915 1945 diﬂicile
934 1919 1082 1951 invenitur.
1095 1921 1141 1955 qui

354 1966 509 1992 discernere
526 1968 608 1998 queat
620 1970 715 1990 verum
734 1963 745 1978 '
762 1963 913 1997 sapientein
928 1965 962 1991 ab
985 1965 1028 1992 his
1043 1967 1087 2000 qui
1103 1967 1141 1993 vi-

354 2013 453 2038 dentur
464 2017 525 2036 esse
548 2008 695 2043 sapientes.
720 2008 753 2035 Et
773 2016 835 2035 cum
864 2011 920 2037 sint
947 2011 1069 2044 plurimi,
1093 2012 1140 2046 qui

391 2070 400 2084 ¹
419 2067 542 2094 Veterem
561 2066 704 2093 lectionem
718 2073 888 2097 revocamus.
906 2076 985 2093 unmn
1002 2069 1037 2094 ad
1048 2077 1140 2101 unum,

353 2112 434 2135 quain
446 2103 619 2129 Murtianieus
635 2108 668 2127 ex
684 2103 794 2134 ingenio
811 2107 963 2129 mutaverat
981 2109 1076 2130 neutro
1091 2113 1139 2136 ge-

354 2148 418 2166 nere
435 2145 516 2164 unum
531 2137 565 2162 ad
579 2144 671 2166 unum,
699 2142 775 2162 ratiis
806 2137 872 2162 nihil
901 2137 958 2164 fore
986 2138 1138 2171 diversum,

353 2181 442 2209 neque
465 2173 587 2206 apertius
608 2178 767 2209 sermonem
796 2171 939 2209 Hebraeum
964 2174 1135 2209 explicatum

352 2205 406 2236 dici
423 2205 544 2242 potuisse
563 2214 577 2232 a
607 2205 782 2240 Symmacho,
800 2207 836 2237 si,
855 2205 1083 2240 quemadmodum
1112 2213 1139 2236 ct

353 2241 534 2276 Hieronymus
550 2241 773 2276 reddiditrunam
803 2241 837 2267 ad
855 2249 946 2275 unum,
964 2244 998 2269 ab
1029 2243 1076 2270 illo
1102 2244 1139 2271 sit

354 2275 471 2313 positum
489 2279 645 2313 interprete.
659 2275 768 2313 Minime
781 2283 844 2302 vero
864 2277 1032 2310 linjusinodi.
1056 2285 1083 2305 ut
1103 2288 1135 2306 ex

355 2311 412 2340 toto
440 2317 571 2339 conti-stu
602 2311 703 2344 liquet,
730 2311 918 2338 dt\‘et5llalettl
947 2313 1080 2340 adnotare
1109 2316 1135 2340 in

1207 353 1285 372 rarus
1299 352 1350 376 cst,
1362 346 1407 379 qui
1422 353 1512 372 vciaiu
1530 346 1652 372 inveniat
1666 346 1842 372 solutionem.
1855 344 1938 378 Quod
1955 354 2000 371 an-

1206 397 1260 419 tem
1275 394 1419 426 sequitur:
1437 392 1575 427 Sapientia
1598 392 1717 418 hominis
1744 392 1914 419 illuminabit
1942 395 1998 419 vul-

1206 443 1263 465 tum
1280 439 1350 472 ejus,
1369 444 1395 465 et
1408 439 1549 472 improbus
1564 438 1634 464 facie
1648 445 1697 464 sua
1712 439 1834 470 odietur,
1852 448 1862 464 ι
1883 443 1921 464 ita
1939 447 1999 471 pus-

1205 492 1301 512 Sninns
1322 486 1478 519 explanare,
1508 490 1537 511 nt
1560 485 1636 512 Pauli
1662 486 1744 512 verba
1765 493 1901 518 ponamus
1919 493 1926 513 :
1945 485 1998 512 Nos

1205 537 1292 557 autent
1304 539 1393 558 omnes
1408 532 1521 558 revelata
1540 532 1608 565 facie
1626 532 1738 565 gloriam
1754 531 1860 558 Domini
1878 538 1997 557 contem-

1204 577 1307 611 ptuntes
1321 577 1361 612 (ll
1383 577 1443 605 Cor.
1457 586 1499 610 iii,
1526 578 1588 610 18);
1610 583 1637 604 et
1667 577 1819 605 l’Saliuistze
1847 580 1995 605 ('nllimtiS:

1204 623 1345 658 Signotum
1360 629 1397 650 est
1411 632 1490 658 super
1512 632 1557 650 nos
1587 624 1672 650 lumen
1703 623 1789 650 tuitus
1816 624 1865 655 tui,
1887 624 1996 650 Domine

1205 671 1290 706 (Ptol.
1309 679 1344 701 iv.
1363 670 1400 704 7).
1420 671 1588 705 Sapientiam
1604 675 1693 698 autent
1718 673 1763 699 hic
1788 672 1911 698 hominis
1944 679 1994 697 nun

1204 717 1285 744 aliam
1301 716 1366 744 dicit
1380 717 1485 751 absque
1501 717 1637 751 sapientia
1654 716 1714 744 Dei.
1726 716 1794 749 Quae
1806 725 1869 744 cum
1883 718 1995 750 sapien-

1205 764 1240 791 tia
1255 764 1301 790 Dei
1316 764 1361 794 sit,
1377 762 1455 797 juxta
1469 762 1684 798 possibilitatem
1697 764 1860 797 capacitatis
1874 764 1995 790 hominis

1204 809 1265 842 ejus
1283 816 1343 835 esse
1359 808 1465 842 incipit,
1487 808 1534 843 qui
1553 816 1583 836 se
1610 807 1711 836 habere
1736 810 1881 836 meruerit.
1901 808 1995 835 0mu.s

1204 855 1348 882 haereticus
1358 859 1385 882 et
1400 854 1499 882 falsum
1520 855 1618 890 dogma
1646 854 1814 885 defendens.
1840 855 1993 889 impudenti

1203 902 1280 928 vultu
1293 906 1344 929 est.
1357 902 1478 936 Denique
1492 901 1612 929 Marcion
1626 907 1654 929 et
1668 900 1854 929 Valentinus"
1871 902 1993 929 melioris

1203 956 1233 975 se
1248 947 1343 975 dicunt
1358 954 1464 976 natura:
1478 955 1550 980 esse,
1568 955 1651 983 quam
1667 948 1790 976 conditor
1811 953 1863 975 est.
1881 948 1917 976 Et
1943 949 1992 975 hoc

1162 991 1185 1017 Ἡ
1202 999 1293 1028 posset
1310 994 1400 1028 aliqua
1418 1001 1452 1021 ex
1480 1000 1556 1029 parte
1584 994 1671 1026 ferri,
1698 994 1723 1021 si
1745 1002 1821 1029 spent
1855 1002 1888 1022 se
1914 995 1994 1028 hujus

1156 1670 1179 1701 C

351 2349 443 2375 animo
466 2348 582 2372 habebat
595 2343 751 2377 Sfdoctor,
771 2347 815 2379 qui
848 2352 876 2372 et
896 2347 921 2373 iii
946 2355 995 2374 sua
1024 2356 1055 2374 ex
1083 2348 1136 2376 He-
1152 2343 1176 2373 D

353 2385 425 2410 limo
445 2381 671 2415 interpretatione
691 2388 770 2406 unum
789 2386 813 2406 et
830 2381 962 2414 alterunt,
983 2387 1011 2408 ut
1037 2384 1137 2410 inveni-

352 2427 406 2445 iem
423 2417 561 2447 rationem,
577 2416 668 2442 vcrtit.
698 2415 783 2442 l'orro
806 2423 833 2442 et
862 2425 928 2443 mss.
958 2419 1059 2449 nostri.
1082 2427 1136 2446 uno

353 2454 481 2480 Vaticano
494 2456 618 2484 excepto,
635 2451 680 2484 qui
708 2452 789 2477 habet
804 2459 884 2478 unum
913 2452 947 2478 ad
974 2461 1068 2484 unum,
1097 2456 1137 2481 sic

351 2489 509 2524 praeterunt.
525 2492 552 2513 et
571 2491 600 2512 ιιι
613 2485 672 2524 alia
684 2488 812 2512 deessent
824 2493 1006 2524 _:_trgninenta,
1017 2489 1053 2514 ita
1074 2490 1136 2516 red-

351 2521 436 2551 ditum
453 2531 468 2549 a
481 2522 656 2556 Symmacho.
683 2523 807 2548 subnexa
823 2521 980 2557 Hieronymi
997 2524 1133 2557 expositio

376 2560 504 2584 :rsuadet.

361 2567 504 2585 i-rsuanet.

350 2569 395 2609 μ’
411 2593 497 2620 Unum
510 2592 544 2617 ad
561 2599 640 2617 unum
654 2591 768 2618 invenire
784 2593 921 2618 rationem.
939 2592 1021 2620 Falso
1037 2594 1064 2619 in
1088 2602 1136 2620 an-

351 2635 393 2656 tea
406 2630 487 2655 editis
501 2629 576 2653 ilitl'lS
594 2628 717 2660 legimus,
737 2635 817 2653 unum
847 2628 882 2653 ad
908 2635 988 2654 unam
1019 2630 1134 2655 invenire

351 2671 490 2691 rationem.
507 2663 533 2688 Si
550 2662 622 2688 citim
642 2669 773 2694 ponamus
789 2671 867 2688 tutam
887 2663 920 2688 ad
944 2671 1024 2689 unam
1040 2684 1047 2696 ,
1065 2665 1132 2690 nihil

352 2704 431 2726 hauet
447 2703 582 2724 dtu-.rsiiiti
600 2701 792 2730 byniiitacliits.
809 2706 898 2732 neque
925 2707 1046 2731 apertius
1077 2699 1134 2724 sei“-

353 2743 459 2762 ntoncm
482 2733 623 2759 llebrmutu
642 2734 858 2764 iit.crpi'ctaiiir:
875 2733 938 2766 quia
953 2732 1134 2767 Hieronymus

351 2778 449 2805 genere
469 2776 578 2802 quque
600 2766 733 2805 icniiiiiiio
749 2768 868 2805 reddidit
888 2776 968 2805 unum
984 2769 1017 2794 at!
1033 2766 1134 2801 uitem;

351 2803 423 2840 quod
440 2804 610 2830 iiianit'estius
623 2809 683 2828 Cum
700 2803 862 2836 Symmacho
875 2803 999 2840 absolute
1019 2808 1046 2830 et
1064 2812 1133 2830 neu-

351 2839 455 2868 traliter
469 2839 611 2873 tegendum
628 2843 679 2868 est,
693 2845 774 2863 unum
793 2839 827 2863 ad
843 2846 932 2864 unum.
947 2839 1081 2865 MARTMN.

387 2876 396 2891 ³
408 2875 548 2901 Palatinus
560 2874 628 2899 alter
640 2874 725 2903 addit,
741 2877 765 2899 et
781 2877 827 2899 hoc
842 2873 983 2907 requiram.

386 2912 397 2925 ‘
410 2912 436 2936 lii
452 2912 546 2936 eodem
565 2915 615 2934 ins.
633 2907 802 2944 illuminavit.
821 2914 846 2935 ct
864 2917 926 2934 mox
951 2912 1132 2944 commutat-it,

352 2948 431 2972 ctiam
445 2944 524 2973 inita.
543 2944 587 2969 tibi
606 2946 679 2968 locus
694 2943 743 2969 iste
762 2943 903 2977 repetitur.

387 2996 416 3000 __
441 2982 505 3012 Qui.
518 2985 554 3005 tltt
574 2984 599 3005 in
615 2977 728 3010 supinis,
740 2983 793 3006 etc.
812 2978 850 3005 Ex
866 2979 917 3006 hoc
931 2979 990 3006 loco
1007 2985 1034 3008 et
1046 2981 1132 3008 altero

1200 1039 1240 1067 rei
1261 1040 1361 1066 habere.
1389 1041 1609 1073 contenderent.
1630 1047 1658 1069 et
1686 1049 1740 1068 non
1762 1041 1817 1076 jam
1844 1042 1991 1076 possidere

1199 1092 1339 1113 naturam.

1238 1141 1247 1157 ι
1267 1132 1321 1166 Ego
1336 1140 1368 1159 os
1385 1133 1456 1167 regis
1469 1133 1607 1164 custodio.
1632 1138 1658 1160 et
1679 1134 1814 1168 loquelam
1839 1135 1993 1168 juramenti

1200 1178 1256 1206 Dei.
1280 1178 1322 1206 Ne
1335 1178 1449 1207 festines
1469 1187 1484 1206 a
1499 1179 1571 1208 facie
1584 1181 1644 1214 ejus
1660 1181 1749 1212 abire.
1774 1187 1802 1208 et
1824 1189 1860 1208 tte
1882 1186 1943 1208 stes
1967 1182 1993 1208 in

1196 1223 1281 1250 verbo
1296 1224 1380 1256 malo.
1397 1225 1527 1259 quoniam
1552 1233 1636 1252 omne
1650 1225 1723 1259 quod
1740 1225 1876 1255 voluerit.
1899 1228 1991 1253 faciet.

1198 1269 1275 1297 Sicut
1289 1269 1391 1297 dixerit
1403 1271 1457 1306 (ΑΙ.
1469 1271 1552 1305 dicet)
1572 1278 1629 1302 rei,
1645 1276 1807 1305 potestatein
1825 1271 1935 1299 habens
1947 1281 1954 1299 :
1967 1276 1993 1298 et

1196 1316 1259 1350 quis
1273 1315 1346 1343 dicet
1357 1317 1393 1348 ei,
1409 1316 1481 1349 Quid
1495 1316 1562 1344 facis
1577 1317 1588 1343 2
1601 1327 1610 1342 ι
1628 1316 1743 1344 Videtur
1754 1319 1866 1351 quidem
1894 1320 1993 1353 praeci-

1196 1371 1262 1397 pere
1276 1362 1356 1398 juxta
1371 1363 1544 1398 Apostolum,
1562 1364 1673 1397 regibus
1689 1368 1716 1391 et
1739 1365 1929 1399 potestatibus
1943 1367 1991 1393 ub-

1196 1409 1321 1443 sequiuin
1342 1408 1405 1444 (Tit.
1427 1417 1467 1442 ιιι,
1487 1409 1525 1444 1),
1554 1409 1673 1437 maxime
1701 1409 1881 1446 Septuaginta
1902 1411 1992 1438 Inter-

1196 1455 1319 1489 pretibus
1345 1454 1512 1489 imperativo
1531 1455 1611 1482 modo
1626 1456 1783 1482 dicentibus
1802 1464 1810 1483 ε
1838 1466 1848 1481 ί
1866 1455 1906 1483 Os
1920 1459 1992 1490 regis

1196 1501 1304 1528 custodi
1321 1508 1329 1534 ;
1346 1511 1354 1527 ι
1373 1501 1418 1527 sed
1430 1509 1480 1536 ego
1498 1507 1561 1535 puto
1577 1503 1610 1529 de
1632 1502 1680 1529 illo
1696 1510 1759 1536 rege
1783 1510 1861 1530 nunc
1874 1504 1943 1532 dici.
1959 1504 1993 1530 dc

1194 1556 1248 1582 quo
1266 1548 1346 1574 David
1375 1549 1432 1574 ait:
1463 1547 1621 1578 Domine.in
1646 1549 1742 1575 uirtute
1775 1553 1821 1575 tua
1853 1550 1992 1576 lit-tabi!"

1195 1602 1242 1621 rex
1253 1594 1342 1628 (Psat.
1358 1602 1404 1624 xx.
1423 1594 1462 1623 1).
1486 1594 1560 1621 litin
1575 1594 1629 1621 alio
1645 1594 1716 1626 loco.
1735 1600 1765 1621 ut
1780 1595 1871 1622 Patris
1884 1600 1913 1623 et
1929 1595 1992 1622 Filii

1196 1649 1280 1668 unum
1304 1648 1417 1675 regnum
1441 1640 1578 1675 signiﬁcet
1611 1639 1665 1676 [ΑΙ.
1683 1640 1878 1677 signiﬁcetur].
1918 1641 1992 1669 Scri-

1197 1691 1273 1722 ptura
1288 1693 1488 1714 commemorat
1501 1696 1508 1714 :
1524 1687 1741 1723 Deus,judiétum
1756 1694 1828 1715 tuum
1839 1691 1894 1724 regi
1906 1692 1954 1721 da,
1965 1694 1991 1717 et

1191 1733 1326 1767 justitiam
1339 1738 1413 1759 tuam
1433 1734 1490 1767 [iiio
1505 1735 1572 1768 regis
1586 1733 1675 1768 (Ptol.
1692 1742 1765 1766 un.
1783 1736 1821 1769 1).
1835 1736 1898 1763 Non
1914 1737 1989 1763 enim

1193 1779 1298 1813 jtidicat
1315 1779 1394 1806 Pater
1411 1787 1588 1814 queinquam,
1604 1781 1652 1807 sed
1668 1788 1749 1808 omne
1764 1781 1903 1815 judicium
1916 1783 1991 1809 dedit

1193 1824 1263 1851 Filio
1276 1824 1367 1860 (latin.
1378 1833 1403 1855 v,
1413 1825 1469 1857 Ὠ).
1481 1825 1533 1857 Qui
1544 1833 1591 1852 rex
1608 1824 1692 1852 Fi!ins
1706 1826 1751 1853 Dei
1764 1826 1797 1858 “,
1810 1826 1901 1853 Patris
1919 1828 1991 1860 regis

1192 1875 1235 1897 est
1249 1869 1345 1897 Filius.
1371 1870 1458 1905 Hujus
1475 1871 1568 1904 itaque
1596 1869 1652 1907 [AL
1665 1870 1774 1906 utique]
1802 1872 1989 1898 cnsmdienih

1194 1922 1329 1951 praecepta
1344 1923 1420 1946 sunt.
1435 1916 1514 1952 451,
1534 1917 1617 1951 hujus
1642 1917 1771 1945 voluntas
1794 1918 1941 1952 patranda.
1958 1918 1990 1944 Et

1194 1962 1247 1989 hoc
1264 1968 1314 1993 est.
1330 1964 1402 1997 quod
1417 1964 1443 1989 in
1459 1962 1553 1989 Tobiae
1569 1963 1641 1990 libro
1655 1963 1809 1990 scribitur’:
1824 1963 1988 1998 Nysiemm

1193 2010 1261 2043 regis
1278 2010 1436 2036 abscondere
1452 2010 1549 2036 bonum
1565 2014 1604 2036 est
1633 2008 1710 2043 (Τοῦ.
1729 2017 1777 2042 xii,
1800 2010 1840 2044 7).
1865 2010 1898 2037 Et
1917 2018 1988 2044 pra--

1193 2066 1324 2100 superiori
1348 2066 1519 2099 exploratum
1545 2065 1679 2093 habemus
1695 2085 1702 2095 .
1729 2065 1868 2092 diversam
1900 2067 1988 2093 fuisse

1192 2101 1262 2134 apud
1280 2105 1386 2127 veteres
1403 2101 1605 2127 distinctionem
1618 2101 1802 2135 capitulorum
1819 2103 1855 2128 ab
1874 2108 1907 2128 ea
1922 2111 1987 2135 quae

1192 2144 1263 2162 nunc
1278 2144 1356 2163 usum
1368 2135 1474 2163 obtinet
1491 2136 1518 2161 iti
1533 2136 1620 2162 sacris
1633 2136 1828 2162 voluminibus.
1843 2135 1984 2163 Mearm.

1231 2172 1241 2187 '
1256 2171 1332 2205 Apud
1347 2171 1470 2201 Alcuiii.,
1490 2170 1638 2197 Venientem
1654 2176 1746 2196 contra
1777 2172 1898 2197 eluserat
1912 2180 1987 2206 quc-

1193 2209 1327 2237 stionem;
1341 2213 1410 2231 nunc
1424 2206 1486 2238 quid
1502 2206 1567 2232 bono
1586 2205 1699 2237 homini,
1715 2211 1769 2232 etc.

1232 2244 1243 2258 ⁸
1260 2241 1293 2267 Et
1306 2241 1395 2268 nullus
1413 2241 1452 2267 sic
1469 2242 1568 2268 scierit.
1595 2240 1667 2267 Editi
1696 2249 1746 2275 pro
1759 2242 1865 2270 scierit.
1888 2242 1985 2276 legunt

1191 2277 1280 2313 {ei-erit
1294 2285 1303 2308 ;
1319 2277 1391 2310 quod
1405 2283 1458 2303 non
1481 2276 1607 2310 congruit
1624 2276 1685 2303 loco
1702 2277 1842 2310 praesenti,
1873 2285 1902 2303 ut
1920 2286 1985 2311 per-

1191 2313 1316 2337 snicnuiu
1335 2316 1400 2337 nuto
1412 2319 1474 2337 esse
1490 2312 1594 2337 lectori.
1612 2310 1747 2337 Mantua.

1225 2313 1316 2338 icnniu
1335 2316 1400 2338 nuto
1412 2319 1474 2338 esse
1490 2312 1594 2338 lectori.
1612 2312 1747 2338 Maurus.

1190 2320 1316 2347 spicuuiu
1334 2319 1400 2344 puto
1412 2319 1474 2338 esse
1490 2319 1594 2338 tectori.
1612 2319 1747 2338 MARTIAN.

1229 2347 1238 2363 ⁷
1256 2346 1322 2380 Quit
1337 2348 1408 2373 uouit
1424 2347 1566 2379 sapientes.
1582 2346 1728 2381 Superque
1747 2353 1829 2372 voces
1845 2347 1983 2381 plurimas

1189 2381 1301 2409 Gmcas
1324 2389 1356 2408 ac
1371 2390 1466 2408 versus
1484 2382 1606 2415 integros
1624 2380 1696 2406 LXX
1725 2380 1908 2414 interpretum
1934 2385 1983 2409 ad-

1191 2418 1260 2444 dunt
1277 2417 1408 2443 Erasinus
1424 2422 1451 2443 et
1475 2416 1614 2443 Marianos
1634 2416 1662 2442 in
1692 2419 1742 2442 hoc
1759 2417 1982 2449 Commentario,

1191 2460 1307 2486 quorum
1322 2452 1573 2478 additameutnrum
1587 2452 1632 2478 hic
1647 2452 1828 2479 admonuisse
1847 2453 1980 2479 sollictat.

1190 2488 1327 2514 Mitti-rita.

1227 2522 1238 2537 ⁸
1250 2523 1288 2549 Ita
1307 2520 1444 2548 Victorius
1458 2529 1492 2548 ex
1510 2521 1687 2553 Florentinis,
1706 2521 1857 2552 Brixianis,
1878 2521 1981 2548 ίίοιιιισ

1191 2558 1287 2590 nisque
1300 2558 1441 2583 codicibus
1459 2565 1560 2588 verum,
1576 2564 1625 2590 pro
1641 2558 1725 2583 virum
1742 2558 1874 2583 restituit.

1227 2565 1287 2618 iqpe
1300 2565 1441 2583 coutcmus
1459 2565 1560 2588 verunt,
1576 2565 1625 2590 pro
1641 2565 1725 2583 cirum
1742 2565 1874 2583 restituit.

1227 2594 1237 2608 '
1266 2592 1355 2619 'itiose
1366 2592 1491 2618 Martiait.
1509 2592 1640 2618 Dicuntur
1652 2600 1729 2625 pauc
1745 2600 1773 2618 ιι
1790 2592 1910 2624 κοίτης
1923 2601 1981 2620 non

1190 2633 1279 2654 autem
1296 2629 1365 2653 male
1380 2635 1485 2653 veteres
1498 2627 1563 2654 editi
1579 2627 1682 2661 absque
1696 2635 1724 2653 se
1742 2628 1851 2653 vocula.

1230 2663 1250 2678 ¹⁰
1267 2662 1387 2688 Marcion
1399 2669 1423 2688 et
1452 2661 1617 2693 Valentinus,
1636 2668 1688 2689 etc.
1715 2662 1893 2688 Conditor-nt
1915 2664 1982 2689 uni-

1191 2698 1327 2725 wrsitatis
1345 2700 1447 2723 malum
1463 2698 1639 2732 principium.
1663 2703 1690 2723 et
1717 2697 1801 2723 Deum
1820 2699 1922 2723 malum
1938 2700 1981 2725 di»

1190 2736 1268 2760 cenat
1282 2733 1415 2763 Marcion,
1439 2741 1501 2759 cum
1527 2739 1648 2766 seipsum
1662 2733 1765 2766 justum
1794 2739 1826 2758 ac
1848 2739 1980 2760 sanctum

1191 2770 1371 2802 proclamaret
1381 2768 1616 2800 impudentissima
1628 2767 1809 2801 blasphemia.
1826 2766 1981 2795 Ventatnt;

1189 2804 1282 2830 carnis
1314 2805 1340 2829 in
1368 2803 1480 2829 Christo
1513 2810 1545 2829 ac
1570 2810 1714 2836 corporum
1740 2805 1981 2830 resurrectionem

1190 2841 1307 2873 negabat
1333 2839 1402 2864 sicut
1429 2844 1455 2865 et
1473 2837 1641 2865 Valentinus.
1661 2837 1841 2873 Cniisulerde
1862 2839 1907 2865 his
1924 2838 1982 2865 Ire-

1190 2882 1289 2903 naeum,
1315 2873 1513 2899 Tertullianiini
1529 2880 1554 2898 et
1572 2874 1762 2907 lipiplianium.
1778 2872 1917 2900 “altrm.

1228 2910 1249 2924 “
1267 2913 1317 2941 Qui
1331 2916 1376 2934 rex
1395 2907 1480 2934 Filius
1502 2908 1555 2937 Di-i,
1571 2913 1624 2935 etc.
1643 2908 1671 2934 lii
1686 2915 1763 2934 antea
1782 2910 1864 2935 editis
1885 2917 1924 2935 sic
1940 2910 1983 2935 leo

1190 2945 1278 2978 ginius
1296 2952 1303 2971 ι
1329 2944 1437 2975 Quim:
1452 2944 1522 2977 filius
1538 2943 1617 2973 Datis.
1633 2943 1720 2970 Putris
1738 2952 1804 2977 regis
1819 2950 1857 2969 est
1877 2943 1980 2970 hints.

1191 2980 1277 3012 tlujus
1289 2986 1376 3013 italae
1395 2978 1458 3005 Ρἰ1.ι
1476 2980 1649 3004 testudinata
1664 2987 1791 3012 pra-(cpta
1811 2985 1885 3010 sunt,
1898 2983 1981 3012 iuga.

748 3249 2068 3700 Ἰ
