2073 3598
379 205 452 237 1135

980 206 1007 231 ς.
1034 203 1188 232 EUSFBli
1209 202 1420 232 ΙΙΙΕΒΟΝΥΜῘ

1928 194 1995 231 “36

373 272 473 294 rerum.
503 272 586 299 quare
613 265 662 291 hoc
688 264 728 291 vel
747 264 813 290 illud
829 263 929 291 factum
949 265 993 296 sit,
1012 271 1038 290 ct
1067 271 1151 298 quare
1168 270 1188 296 Α
1204 264 1287 289 traria
1311 266 1470 289 emtmerata
1486 263 1496 278 ⁸
1512 267 1585 293 sunt.
1612 261 1788 294 spiritualiter
1815 259 1992 293 accipienda,

374 309 490 337 mundus
539 310 622 337 variis
671 311 840 345 gubernetur
881 311 1023 337 evetttiluts
1058 319 1065 337 :
1106 316 1155 335 cur

372 356 441 382 alius
460 363 550 383 czectts
567 360 593 381 rt
620 356 729 388 debilis,
758 356 828 384 alius
856 355 951 383 videns
979 360 1108 383 nascatur
1130 362 1157 382 et

372 410 458 430 sanus
474 402 538 430 :hie
556 407 743 437 paupertalem
761 402 871 435 haheat,
891 401 937 428 ille
954 400 1064 428 divitias
1081 409 1089 428 ;
1106 401 1157 427 iste

373 449 409 476 sit
423 449 532 480 nobilis,
552 448 598 476 ille
620 449 753 484 inglorius
770 457 777 481 ;
796 448 864 475 nihil
881 447 952 474 aliud
970 447 1087 482 prolicit.
1106 447 1156 474 nisi

374 496 400 523 in
417 504 465 524 sua
483 500 589 523 tantum
615 497 764 530 quaestione
790 494 923 529 torqueri,
950 498 978 522 et
996 494 1157 529 disputatio-

374 551 434 569 netu
449 549 495 576 pro
507 546 642 569 tormento
655 542 764 568 habere.
779 549 828 569 nec
844 547 933 568 tamen
946 541 1070 569 invenire
1084 540 1156 574 quod

374 588 541 623 qna-rit...Et
568 595 628 615 cum
647 588 704 615 hare
722 588 821 615 dixerit
836 595 866 616 se
892 588 1067 622 cognovisse,
1095 591 1159 614 tunc

375 635 556 668 ignoratiouis
575 635 674 661 habere
691 634 868 670 principium,
883 633 951 661 etin
967 633 1103 669 profundo
1117 642 1159 661 ει·-

374 687 436 705 rore
452 679 565 706 versari.
580 678 758 706 Subostendit
775 683 863 705 tamen
879 685 939 705 esse
953 685 1051 706 causas
1067 681 1157 705 rerum

374 728 499 752 omnium
515 730 542 752 et
558 725 702 759 justitiam,
716 733 801 760 quare
813 725 1028 759 unumquodque
1043 724 1082 750 sic
1093 723 1159 752 ﬁat:

375 772 422 798 sed
438 773 462 798 in
478 771 585 798 occulto
600 779 646 798 ras
665 772 760 802 latere.
783 775 809 797 et
826 778 880 797 non
908 777 989 805 posse
1015 769 1050 797 ab
1074 769 1161 797 homi-

375 818 455 845 nilins
470 818 676 851 comprehendi.

412 863 490 898 (Cap.
509 863 555 890 IX.
574 863 584 899 )
600 871 610 888 ‹
627 864 711 889 Omne
725 863 778 890 hoc
791 862 852 890 dedi
871 862 896 889 iu
914 861 997 889 corde
1018 868 1079 888 meo
1093 861 1114 891 ¹,
1132 865 1160 886 ιιι

375 909 577 936 considerarent
606 909 733 935 universa
750 916 757 938 ς
780 909 844 943 quia
872 907 949 942 justi.
963 913 990 934 et
1010 911 1160 941 saptcntes.

376 960 403 981 et
419 963 500 989 opera
516 962 609 981 eorum
627 954 654 981 in
668 962 749 981 manu
765 953 885 990 _Domini.
901 953 933 979 Et
947 953 1056 988 quidem
1070 953 1159 980 cltari-
1176 958 1196 985 Β

378 1006 470 1033 tatem.
489 1005 515 1027 et
540 1000 649 1035 quidem
668 1000 758 1026 odium
776 1008 783 1025 :
800 1004 907 1026 nonest
923 1006 1092 1034 cognoscens
1110 998 1160 1025 ho-

377 1055 420 1072 mo
447 1046 537 1073 omnia
565 1046 592 1073 in
620 1046 687 1073 facie
701 1053 805 1073 eorum.
831 1055 840 1071 ι
860 1045 947 1072 Etiam
974 1045 1046 1072 hunc
1069 1044 1159 1071 locum

377 1091 559 1126 Symmachus
573 1090 745 1118 manifestius
761 1091 957 1125 interpretatus
976 1094 1026 1121 est,
1038 1088 1134 1115 dicens
1152 1096 1159 1114 :

379 1147 388 1163 ‹
404 1137 502 1165 Omnia
525 1137 581 1164 liter.
599 1137 680 1163 statui
696 1138 706 1154 ¹
727 1136 753 1163 in
768 1136 849 1163 corde
863 1142 933 1167 meo.
950 1139 979 1162 ut
1001 1134 1160 1161 ventilarem

378 1183 504 1210 universa
520 1191 527 1209 :
545 1181 609 1215 quia
624 1185 652 1209 et
667 1181 733 1216 justi
749 1185 776 1208 et
791 1181 938 1215 sapientes.
957 1184 984 1207 et
1009 1187 1091 1213 opera
1114 1186 1160 1206 eo-

378 1237 435 1255 rum
453 1229 478 1255 in
491 1235 570 1255 manu
591 1227 637 1254 Dei
651 1232 727 1254 sunt.
740 1227 772 1254 Et
783 1227 894 1260 insuper
909 1233 996 1260 neque
1011 1224 1160 1257 amicitias,

377 1282 467 1308 neque
502 1273 661 1300 inimicitias
691 1273 741 1299 scit
769 1273 849 1299 homo
868 1279 875 1301 :
894 1272 941 1299 sed
958 1271 1048 1298 omnia
1069 1278 1160 1298 coram

376 1321 416 1347 eis
432 1321 545 1350 incerta.
562 1323 702 1353 propterea
737 1317 810 1353 quod
826 1317 954 1344 omnibus
974 1316 1104 1344 eveniunt
1126 1315 1163 1355 si-

379 1369 463 1399 milia,
485 1367 559 1401 justo
586 1371 613 1394 ct
644 1359 758 1400 injusto.
778 1374 787 1391 ι
811 1364 896 1392 Porro
918 1364 963 1392 hic
983 1372 1079 1392 sensus
1095 1369 1161 1391 est:

380 1414 464 1441 Etiam
492 1415 518 1440 in
536 1414 587 1441 hoc
604 1412 664 1439 dedi
679 1419 728 1439 eor
745 1418 847 1443 meum.
863 1415 890 1438 et
907 1411 977 1438 scire
997 1411 1069 1437 volui
1093 1417 1162 1445 quos

379 1460 449 1487 Deus
474 1460 605 1494 diligeret.
628 1465 698 1493 quos
716 1457 827 1485 odisset.
853 1456 886 1483 Et
913 1456 1000 1484 inveni
1025 1458 1161 1491 iustorum

378 1506 487 1540 quidem
504 1513 585 1540 opera
607 1505 633 1531 in
649 1512 731 1531 manu
750 1497 794 1530 Dei
817 1511 887 1536 esse.
910 1508 935 1530 ct
954 1508 1043 1530 tamen
1072 1507 1161 1529 utrum

379 1556 504 1579 amentur
518 1559 532 1578 a
550 1551 615 1581 Deo.
636 1558 668 1576 an
684 1557 750 1582 non,
766 1557 839 1576 nunc
855 1556 902 1576 eos
917 1550 987 1576 seire
1004 1557 1055 1576 non
1072 1557 1161 1583 posse.

379 1603 405 1624 et
435 1598 505 1623 inter
532 1597 686 1630 ambiguum
716 1595 859 1626 ﬂuctuare,
888 1601 980 1621 tttrum
1007 1596 1038 1621 ad
1067 1595 1164 1629 proba-

1207 309 1355 336 aecuudnm
1368 309 1433 336 illud
1450 316 1457 337 :
1474 308 1642 339 Sacri/icium
1657 307 1709 334 Deo
1723 308 1833 339 spiritus
1856 305 1992 333 cautriblv

1210 355 1282 380 latus
1294 353 1383 388 (Psal.
1399 362 1425 385 L.
1446 354 1502 388 £9).

1247 407 1256 423 ε
1269 397 1326 426 Hoc
1338 404 1380 427 est
1392 400 1541 434 pessimum
1555 400 1581 427 in
1598 399 1671 426 omni
1687 399 1759 433 quod
1776 399 1878 426 factum
1892 403 1936 426 est
1950 398 1996 425 sub

1208 445 1266 472 sole
1284 453 1290 474 :
1306 446 1369 479 quia
1385 451 1500 473 eventus
1518 455 1589 474 unus
1606 447 1741 473 omnibus.
1755 445 1807 473 Sed
1824 451 1852 472 et
1863 455 1910 473 cor
1925 445 1994 472 [ilico

1210 497 1268 515 rum
1287 489 1427 516 hominum
1445 491 1576 525 repletum
1592 495 1634 518 est
1650 490 1763 522 malitia,
1774 495 1799 517 et
1818 498 1929 518 errores
1942 490 1993 526 [ιιι.

1209 534 1310 571 errore]
1328 536 1355 563 in
1372 535 1454 564 corde
1471 543 1566 563 eorum
1593 536 1619 563 in
1647 536 1700 563 vita
1728 544 1790 566 sua.
1809 541 1837 563 et
1856 542 1918 570 post
1943 538 1995 562 iure

1209 581 1243 609 ad
1263 586 1397 609 mortuos.
1413 581 1481 615 Quia
1501 583 1563 617 quis
1577 587 1619 609 est
1632 583 1678 617 qui
1694 583 1879 609 communicet
1895 582 1923 608 itt
1940 589 2001 609 orn-.

1211 635 1258 655 nes
1288 627 1435 655 viventes?
1454 637 1463 654 ι
1478 628 1512 655 Et
1528 629 1579 655 hoc
1594 628 1715 662 apertius
1735 635 1812 655 tuore
1837 635 1890 654 suo
1913 627 1996 653 inter-

1212 676 1334 708 pretatus
1346 678 1387 700 est
1402 672 1593 708 Symmachus,
1604 674 1697 701 dicens
1712 681 1720 702 :
1737 683 1746 699 ι
1761 674 1814 700 Sed
1828 680 1854 701 et
1871 681 1920 701 cor
1933 673 1997 699 lilio-

1213 726 1274 745 rum
1291 719 1430 745 hominum
1449 718 1568 753 repletur
1581 719 1684 746 malitia
1713 724 1739 746 et
1758 721 1997 754 procacntatejux-

1214 770 1239 791 ta
1253 773 1301 792 cor
1315 773 1410 792 eorum
1429 765 1456 792 iu
1471 766 1526 792 vita
1542 773 1603 793 sua.
1619 766 1775 793 Novissima
1793 771 1885 793 autem
1902 774 1995 793 eorum

1213 811 1323 837 veniant
1336 811 1370 838 ad
1384 818 1517 839 mat-tuos.
1532 810 1599 844 Quis
1615 812 1688 838 enim
1706 817 1795 846 potest
1810 813 1837 839 in
1853 814 1998 846 sempiter-

1212 863 1277 882 nttm
1296 863 1472 890 perseverare
1487 857 1580 884 vivens
1596 857 1608 883 ἰ’
1627 866 1637 883 ι
1657 857 1788 885 Eumdetu
1812 862 1909 884 autem
1939 866 1999 885 seu-

1213 907 1274 928 sum
1295 900 1439 935 Scriptura
1455 901 1566 935 repetit,
1581 901 1615 929 de
1631 909 1687 936 quo
1703 902 1786 936 paulo
1812 907 1877 929 ante
1902 906 2000 930 tracta-

1212 947 1310 980 vimus,
1319 947 1390 981 quod
1399 954 1461 974 cum
1468 948 1559 974 omnia
1567 948 1661 982 :equali
1667 952 1706 975 ter
1714 948 1843 976 eveniant
1851 949 1996 980 universis.

1214 998 1241 1020 et
1258 993 1331 1020 nulla
1349 993 1384 1020 sit.
1399 993 1426 1019 in
1444 993 1523 1020 bonis
1537 994 1704 1021 sustinendis
1726 994 1841 1021 malisve
1856 995 1997 1023 discretio,

1215 1039 1256 1066 vel
1267 1044 1340 1066 certe
1352 1041 1448 1075 aquati
1463 1046 1548 1068 morte
1561 1038 1594 1066 de
1609 1041 1660 1067 hoe
1672 1041 1770 1068 saecqu
1781 1041 1978 1068 subtrahamur
1990 1050 1997 1069 :

1215 1085 1396 1113 nihilominus
1431 1086 1572 1114 erroribus
1598 1091 1625 1114 et
1652 1088 1819 1122 procacitate
1847 1093 1876 1114 c-t
1897 1089 1997 1115 malitia

1215 1131 1379 1165 repleamur,
1407 1138 1434 1158 et
1462 1137 1524 1166 post
1549 1132 1608 1160 haec
1631 1134 1723 1160 omnia
1752 1133 1846 1161 subito
1862 1134 1999 1168 rapiantur

1216 1176 1327 1203 interitu
1353 1176 1408 1212 [ΑΙ.
1435 1177 1462 1203 in
1481 1176 1632 1213 interitum]
1652 1177 1674 1210 ⁸,
1700 1185 1750 1205 nec
1766 1179 1839 1206 ultra
1868 1180 2000 1214 possimus

1215 1229 1276 1249 cum
1292 1223 1446 1251 viventibus
1463 1223 1562 1251 habere
1580 1225 1766 1252 consortium.
1785 1225 1834 1253 Vel
1848 1231 1924 1253 certe
1939 1227 1976 1253 sic
1993 1235 1998 1252 2

1215 1268 1347 1302 Quoniam
1365 1277 1524 1297 communes
1545 1271 1688 1304 angustia.
1705 1276 1732 1298 et
1760 1271 1854 1305 justos
1880 1276 1908 1300 et
1933 1273 2000 1307 inju-

1218 1319 1274 1342 stos
1287 1320 1412 1350 premunt
1426 1335 1434 1349 ,
1444 1315 1584 1343 ideircoad
1596 1321 1705 1351 peuzata
1717 1318 1841 1346 homines
1853 1327 2002 1354 provocatio

1215 1363 1318 1389 turzet
1331 1366 1420 1387 tamen
1450 1366 1512 1395 post
1528 1368 1624 1388 omnes
1648 1367 1774 1395 conatus,
1786 1363 1887 1398 quibus
1900 1363 1999 1390 frustra

1216 1406 1268 1433 nisi
1297 1411 1372 1437 sunt,
1395 1406 1459 1432 dum
1495 1405 1632 1440 ignorant,
1647 1407 1680 1433 ad
1698 1406 1803 1433 inferna
1821 1407 1999 1434 descendunt.

1254 1460 1263 1477 I
1279 1451 1325 1478 Est
1339 1451 1514 1480 conﬁdentia.
1532 1452 1662 1485 quoniam
1688 1452 1764 1479 canis
1789 1453 1884 1480 tirens
1909 1454 2001 1479 melior

1216 1503 1258 1527 est
1278 1507 1292 1526 a
1315 1499 1392 1526 leone
1410 1499 1419 1513 "
1435 1503 1542 1525 mortuo
1558 1506 1566 1527 :
1581 1499 1645 1532 quia
1672 1499 1796 1526 viventes
1810 1499 1902 1526 sciunt
1931 1500 2000 1533 quod

1217 1546 1378 1576 mariantur.
1397 1550 1424 1572 «ιι
1452 1546 1549 1571 mortui
1577 1544 1700 1571 nesciunt
1714 1545 1877 1579 quidquam.
1904 1551 1931 1573 et
1949 1554 1999 1572 non

1217 1596 1258 1619 est
1270 1593 1308 1619 eis
1322 1593 1438 1626 amplius
1454 1599 1569 1618 merces.
1581 1591 1610 1617 In
1622 1591 1759 1619 oblivione
1771 1593 1844 1618 enim
1858 1594 1932 1619 venit
1948 1602 2001 1619 nu“.-

380 1642 480 1667 tioncm
509 1641 664 1667 sustineant
697 1646 756 1674 qua:
787 1640 938 1670 sustinent,
966 1647 999 1665 an
1029 1639 1060 1665 ad
1098 1646 1163 1673 sup—
1177 1632 1199 1661 C
1216 1639 1300 1665 moria
1317 1645 1422 1665 eorum.
1443 1637 1494 1664 Sed
1510 1642 1537 1664 et
1551 1637 1657 1665 dilectio
1672 1645 1778 1669 eorum.
1796 1644 1822 1665 et
1842 1639 1937 1666 odium
1954 1648 1999 1665 eo-

381 1686 489 1720 plicium
510 1686 532 1711 ⁸.
561 1685 590 1711 lu
616 1685 705 1712 futuro
731 1685 814 1718 igitur
835 1685 942 1716 scient,
967 1689 993 1710 ct
1025 1685 1051 1710 in
1086 1685 1160 1710 vultu

379 1739 472 1758 eorum
490 1736 554 1758 sunt
576 1731 678 1761 omnia,
697 1730 723 1757 id
736 1735 788 1761 est,
810 1730 948 1756 autecnlit
970 1737 1026 1756 eos.
1050 1737 1111 1756 eum
1129 1729 1162 1755 de

382 1778 434 1804 \ita
451 1778 500 1804 hac
518 1777 689 1810 recesserint,
718 1777 814 1803 notitia
838 1777 918 1804 istius
942 1777 990 1806 rei.
1018 1778 1080 1809 quia
1099 1782 1163 1803 tunc

382 1828 420 1851 est
436 1825 578 1858 judicium.
596 1828 623 1850 et
638 1831 710 1851 nunc
725 1829 875 1850 certamen.
893 1823 924 1849 Et
937 1823 1093 1856 quicunque
1113 1824 1160 1848 :ul-

384 1880 458 1898 \crsa
472 1871 619 1901 sustiufn‘i,
630 1873 724 1898 atrum.
741 1876 789 1905 per
806 1875 926 1898 amorem
940 1867 987 1894 Dei
1000 1867 1164 1899 sustineant,

381 1922 409 1943 ul
424 1915 486 1948 Joh.
505 1924 537 1943 an
555 1924 601 1950 ῃιτι·
615 1916 719 1947 odium,
739 1922 766 1942 ut
785 1915 893 1950 plurimi
908 1918 1080 1950 peccatores,
1092 1921 1164 1941 nunc

381 1963 498 1989 habetur
512 1962 659 1989 incertum.

421 2017 429 2032 ε
444 2008 471 2034 in
487 2008 614 2034 omnibus
629 2012 743 2034 eventus
760 2014 841 2038 unus.
859 2007 932 2041 justo
944 2011 971 2033 et
988 2006 1082 2039 impio.
1095 2006 1165 2032 hono

382 2061 407 2081 ct
426 2055 506 2084 malo.
522 2054 623 2081 mundo
639 2058 667 2081 et
682 2053 797 2087 polluto,
814 2053 981 2079 sacriﬁcanti
997 2058 1024 2079 et
1045 2060 1097 2079 non
1120 2060 1164 2078 sa-

382 2099 525 2126 criﬁcanti.
542 2097 587 2125 Sic
604 2098 691 2125 bonus
705 2103 734 2124 ut
759 2102 896 2132 peccator,
913 2097 953 2125 sic
977 2096 1074 2131 juraus
1094 2098 1166 2124 sicut

383 2145 568 2179 jnramentum
582 2144 681 2171 timens
697 2144 717 2170 ⁸.
738 2153 747 2169 ι
762 2142 844 2179 458
861 2142 898 2169 Ea
923 2150 983 2176 qua:
1000 2150 1047 2177 per
1070 2150 1100 2169 se
1118 2150 1166 2168 nec

385 2190 453 2215 bona
470 2196 519 2216 nec
535 2189 604 2215 mala
622 2193 696 2221 sunt,
715 2188 762 2215 sed
779 2198 793 2214 a
808 2188 978 2222 sapientibus
993 2188 1085 2214 sa'culi
1111 2195 1166 2213 tne-

383 2235 426 2261 dia
444 2240 636 2269 nuncupantur
653 2235 727 2270 (quia
743 2234 881 2269 aequaliter
898 2238 925 2261 et
937 2233 1019 2269 justis
1037 2234 1167 2261 eveniunt

385 2285 413 2307 et
427 2280 546 2315 injustis)
560 2280 697 2316 simplices
710 2287 833 2315 quosque
857 2280 1032 2311 conturbant.
1059 2287 1107 2306 cur
1129 2279 1164 2305 ita

385 2326 520 2358 eveniant,
536 2330 563 2353 et
585 2330 726 2360 propterea
753 2333 805 2352 non
824 2329 920 2360 putant
944 2332 1005 2353 esse
1019 2324 1164 2359 judicium,

386 2380 447 2399 rum
462 2372 582 2398 omnium
598 2380 686 2398 rerum
702 2372 727 2398 in
748 2371 840 2398 futuro
855 2371 999 2399 discrimen
1015 2370 1059 2401 sit.
1080 2374 1106 2396 et
1124 2371 1167 2397 hit.

389 2416 502 2443 confusa
536 2417 590 2442 sint
625 2419 725 2442 nuntia.
752 2417 831 2448 Quod
861 2420 949 2442 autem
973 2416 1009 2442 ait
1027 2424 1032 2442 :
1052 2415 1165 2441 Eventus

387 2468 423 2488 es!
440 2471 505 2488 unus
521 2462 730 2496 ontuibns,justo
742 2467 763 2487 et
784 2462 877 2495 impio,
895 2462 951 2488 sive
965 2463 1163 2495 angustiarum.

388 2509 443 2534 sive
459 2509 553 2534 mortis
568 2508 703 2541 signiﬁcat
717 2512 840 2534 eventum
857 2516 863 2536 ς
880 2513 906 2533 et
920 2507 1019 2533 idcirco
1039 2515 1087 2532 nec
1100 2508 1166 2533 cha-

388 2558 493 2579 ritateni
514 2554 558 2579 Dei
574 2562 620 2580 eos
646 2554 671 2579 in
697 2561 725 2580 se
746 2561 839 2583 nosse,
865 2561 913 2579 nec
931 2553 1033 2580 odium.
1057 2553 1167 2579 Sacriﬁ-

390 2608 453 2626 caus
470 2608 574 2633 quoque
592 2604 617 2625 et
632 2608 682 2625 llOll
697 2599 864 2631 sacriﬁcans,
877 2605 901 2625 et
916 2605 1011 2626 extera
1030 2608 1088 2633 qtttt:
1103 2607 1167 2626 con-

423 2679 429 2692 ⁸
454 2678 509 2702 llun
528 2686 604 2706 ιιιςδ..
620 2678 714 2705 Omnia
733 2679 787 2704 Itwc
817 2678 870 2704 nidi
887 2680 912 2703 in
930 2679 1006 2704 corde
1025 2686 1093 2709 meo,
1112 2685 1164 2704 etc.

423 2715 430 2727 π
453 2712 579 2744 Ριιιαιιιιη
595 2714 688 2739 Omnia
704 2714 758 2739 Iure
778 2715 814 2739 ita
828 2714 921 2739 statui.

422 2748 430 2761 ⁵
452 2749 490 2772 Au
514 2749 546 2772 nd
575 2749 742 2780 supplicium.
772 2748 950 2774 Corbcienscs
982 2756 1059 2777 lliSS.,
1076 2756 1109 2772 an
1131 2750 1164 2773 ml

384 2783 521 2814 judicium.
546 2783 678 2809 Maurus.

426 2822 431 2830 '
455 2818 496 2842 Sic
515 2826 607 2844 iurans
629 2825 693 2843 sicut
706 2819 889 2851 juramentum
906 2820 1006 2843 timens.
1022 2817 1103 2842 lidctu
1121 2820 1163 2843 lm-

387 2852 489 2882 legunt.
519 2852 561 2877 Sic
593 2853 731 2884 prrjttrmts
761 2854 826 2878 situt
857 2853 1033 2877 iuranti-ulmi:
1059 2854 1163 2878 time/ix.

392 2886 521 2911 Munus.

427 2931 433 2935 '
456 2922 518 2947 ’ἔτη-δ
536 2930 600 2948 mss.
617 2922 680 2953 Qua:
695 2923 840 2947 (contrario
859 2928 1006 2951 numerum,
1024 2927 1076 2947 etc.

1217 1691 1287 1713 tuin,
1301 1689 1328 1710 et
1345 1686 1418 1710 zelus
1433 1691 1528 1710 corum
1541 1683 1597 1718 jam
1617 1684 1698 1718 periit
1718 1692 1725 1714 :
1741 1687 1768 1711 et
1795 1692 1859 1718 pars
1878 1693 1934 1712 uon
1961 1690 1999 1712 est

1215 1730 1254 1756 eis
1272 1729 1361 1756 adhuc
1386 1731 1411 1756 in
1427 1731 1527 1757 saeculo
1553 1731 1579 1756 in
1596 1730 1669 1757 omni
1685 1731 1758 1765 quod
1780 1731 1808 1758 lit
1826 1731 1881 1758 sub
1903 1733 1970 1759 sole.
1989 1741 1996 1756 ι

1215 1776 1283 1807 Quia
1299 1786 1379 1811 supra
1404 1777 1522 1808 dixerat,
1550 1784 1599 1804 cor
1627 1778 1743 1805 liliorutn
1759 1778 1904 1807 hominum
1920 1780 2000 1816 5.59

1216 1824 1320 1858 impleri
1339 1824 1440 1850 malitia
1454 1829 1480 1851 et
1494 1825 1671 1858 procacitate,
1687 1829 1714 1852 et
1741 1831 1801 1859 post
1827 1827 1885 1854 hmc
1908 1835 1998 1853 cuius

1215 1875 1302 1896 morte
1315 1870 1384 1895 liniri
1401 1879 1409 1897 :
1424 1877 1495 1896 nunc
1509 1871 1604 1897 eadem
1619 1871 1736 1904 complet
1751 1876 1777 1897 et
1790 1873 1900 1905 repetit.
1914 1873 1999 1900 done--

1216 1916 1312 1942 vivunt
1330 1916 1464 1945 homines.
1479 1922 1558 1946 posse
1574 1922 1621 1942 eos
1643 1916 1734 1949 justos
1761 1916 1830 1947 fieri.
1853 1923 1916 1951 post
1933 1927 2000 1944 mor-

1215 1968 1269 1989 tem
1301 1968 1364 1989 vero
1391 1960 1492 1990 tadLatn
1520 1960 1582 1986 boni
1608 1959 1699 1993 operis
1725 1960 1782 1987 dari
1813 1963 2000 1990 occasionem.

1215 2009 1347 2035 l‘rccatnr
1375 2008 1448 2034 enim
1476 2008 1570 2034 vivens
1602 2010 1690 2042 potest
1721 2007 1817 2037 melior
1843 2015 1905 2036 eSse
1930 2010 2002 2044 justn

1218 2059 1336 2083 mortuo.
1353 2054 1375 2080 si
1394 2052 1510 2079 voluerit
1532 2052 1566 2079 ad
1592 2053 1651 2087 ejus
1666 2055 1783 2081 transire
1803 2055 1938 2083 virtutes.
1960 2054 2001 2082 δἐι

1217 2102 1289 2125 certe
1304 2105 1347 2129 eo,
1364 2098 1410 2132 qui
1433 2105 1462 2124 se
1488 2097 1515 2124 iu
1540 2098 1652 2129 malitia,
1677 2099 1808 2133 potentia,
1836 2102 2002 2134 procacitate

1215 2143 1343 2179 iactabat.
1372 2148 1399 2170 et
1427 2148 1553 2170 mortuus
1579 2144 1672 2175 fuerit,
1698 2145 1795 2172 melior
1825 2151 1916 2180 potest
1944 2148 2002 2182 quis

1219 2197 1321 2224 pauper
1335 2197 1394 2216 esse
1412 2193 1439 2216 et
1457 2189 1608 2218 vilissimus
1621 2189 1643 2217 ‘.
1658 2189 1748 2222 Quare
1762 2190 1774 2216 ?
1788 2191 1853 2224 quia
1882 2193 2003 2219 Viventes

1219 2241 1290 2262 metu
1309 2235 1404 2262 mortis
1418 2240 1531 2269 possunt
1546 2235 1615 2262 bona
1630 2243 1710 2270 opera
1726 2241 1885 2270 perpetrare
1910 2247 1917 2266 :
1933 2246 2002 2265 mor»

1219 2281 1255 2307 tui
1272 2288 1336 2307 vero
1356 2280 1422 2307 nihil
1440 2280 1530 2308 valent
1552 2280 1586 2307 ad
1606 2280 1632 2308 id
1659 2281 1792 2315 adjicere.
1818 2284 1893 2316 quod
1919 2285 2001 2310 sem-t

1218 2335 1311 2354 secum
1332 2327 1418 2353 tulere
1437 2327 1470 2353 de
1488 2326 1541 2353 vita
1565 2334 1573 2356 ;
1590 2332 1617 2353 et
1642 2327 1778 2354 oblivione
1801 2328 1925 2355 iumlnta
1943 2337 2002 2355 sunt

1217 2372 1319 2403 omnia,
1334 2373 1411 2406 juxta
1436 2372 1502 2398 illud
1518 2371 1590 2406 quod
1607 2374 1634 2398 in
1654 2371 1761 2399 Pssimo
1776 2375 1912 2408 scriptum
1937 2382 1975 2402 es]
1994 2383 2001 2400 :

1221 2418 1349 2444 oblivioni
1377 2419 1454 2443 datus
1483 2426 1550 2449 sum,
1578 2422 1705 2452 (utiquam
1736 2425 1857 2446 mortuus
1889 2430 1906 2447 α
1925 2423 2001 2447 εσγιλι

1219 2464 1304 2490 (Psal.
1323 2471 1386 2494 xxx,
1404 2464 1457 2497 l5).
1476 2463 1526 2490 Sed
1545 2468 1571 2490 et
1596 2464 1706 2491 dilectio
1720 2472 1828 2498 eorum.
1847 2473 1875 2493 et
1899 2469 2001 2497 odium.

1219 2515 1245 2537 ct
1258 2511 1405 2540 aemulatio.
1424 2515 1451 2536 et
1475 2518 1555 2536 omne
1571 2511 1643 2543 quod
1661 2512 1686 2537 in
1716 2512 1816 2539 saeulo
1835 2514 1936 2540 habere
1954 2521 2000 2547 po-

1220 2560 1339 2583 tuerunt.
1358 2555 1454 2581 mortis
1481 2556 1572 2581 linitur
1595 2555 1734 2585 adventu:
1756 2565 1806 2583 nec
1823 2558 1898 2592 jusle
1922 2559 2002 2593 qutd~

1218 2609 1297 2634 quam
1314 2601 1368 2635 jam
1386 2601 1395 2615 ’
1411 2606 1522 2634 passum
1539 2608 1629 2635 agere,
1646 2608 1697 2627 nec
1727 2610 1851 2635 precare,
1879 2612 1928 2630 nec
1947 2612 2000 2629 τιτ-

1256 2680 1264 2693 ‘
1284 2678 1375 2705 Subito
1393 2678 1532 2710 rapiuntur
1550 2677 1672 2704 intrritu.
1693 2678 1749 2706 Hoc
1766 2682 1831 2706 item
1854 2680 1915 2706 loco
1936 2679 2000 2706 reti—

1220 2719 1294 2741 m-nt.
1311 2714 1396 2739 subito
1412 2714 1551 2745 rapiantur
1565 2713 1591 2737 in
1611 2714 1759 2740 interitum.
1777 2714 1916 2740 Murus.

1256 2749 1264 2762 ⁷
1285 2749 1368 2774 [idem
1385 2756 1450 2773 u-ss.
1468 2749 1570 2779 absque
1583 2755 1598 2771 ιι
1622 2749 1827 2781 ιιτςξροείιὶουε,
1847 2749 1944 2776 Μειίοῑ
1966 2755 2002 2776 εει

1220 2784 1302 2813 leone,
1325 2790 1376 2808 νιν.
1396 2781 1471 2808 Unus
1487 2782 1600 2808 Palatio.
1617 2783 1708 2809 .lleiius
1721 2790 1758 2809 est
1776 2783 1861 2813 leone.
1879 2790 1935 2810 etc.

1254 2818 1263 2831 ⁸
1286 2817 1370 2843 Vatic.
1385 2825 1410 2842 et
1426 2818 1510 2843 Palat,
1528 2816 1607 2847 alter.
1626 2819 1676 2849 Qui
1689 2819 1727 2844 vis
1746 2827 1849 2852 pauper
1860 2827 1919 2845 esse
1934 2819 2002 2846 r515:-

1219 2861 1311 2878 stmtts.

1254 2889 1263 2926 ἡ
1286 2887 1312 2926 In
1328 2895 1392 2914 IIlSS.
1412 2889 1506 2920 quippe
1526 2888 1594 2922 jam,
1611 2896 1657 2921 pro
1685 2896 1738 2923 quo
1758 2890 1831 2924 legas
1849 2898 1903 2917 uno
1921 2890 2001 2915 verbo

1219 2930 1362 2954 quippmtn.

2072 0 2073 36 1

2072 265 2073 322 1

2072 350 2073 403 1

2072 434 2073 476 1

2072 518 2073 549 1

2071 603 2073 627 1

2071 688 2073 723 1

2071 773 2073 818 1

2071 864 2073 911 1

2072 948 2073 1005 1

2072 1202 2073 1244 1

2071 1372 2073 1402 1

2071 1457 2073 1495 1

2071 1542 2073 1588 1

2072 1626 2073 1682 1

2072 1717 2073 1768 1

2072 1801 2073 1835 1
