4210 6350
182 406 322 474 1131

1133 397 1643 465 CUMM’EN'I‘AIU
1664 394 1757 454 US
1799 390 1872 450 1N
1917 382 2512 449 EtJCLESlASTEN.

3322 364 3467 430 1138

182 515 329 574 lutes
356 517 637 588 adjicere,
676 532 779 574 nec
807 516 958 572 vitia.
998 514 1151 570 Licet
1196 512 1422 584 quidam
1458 511 1586 567 huic
1613 521 1783 577 expo-
1812 510 1863 568 Α
1894 512 2020 556 runt
2053 498 2283 569 poplites
2334 496 2412 568 [in
2460 491 2633 549 err.
2670 483 2909 561 νεφροι].
2970 482 3325 588 Perspicuum

179 612 371 668 sitioni
465 610 879 677 contradicant,
968 616 1304 669 asserentes,
1391 606 1557 659 etiam
1658 608 1783 672 post

184 707 484 761 interitum
522 718 781 759 crescere
814 717 916 757 nos
950 716 1113 771 posse
1160 710 1215 754 et
1263 701 1605 761 decrescere,
1639 705 1689 747 et
1726 696 1778 746 in

180 814 250 854 eo
288 799 443 868 quod
475 812 630 852 nunc
658 798 735 850 ait
765 812 779 854 ;
822 811 842 845 ι
872 791 936 847 Et
964 808 1090 859 pars
1127 806 1235 847 non
1269 788 1377 843 crit
1399 788 1484 844 eis
1518 787 1695 840 adhuc
1726 784 1780 836 in

183 890 417 952 seculo,
454 889 516 945 in
563 886 717 941 omni
761 883 906 954 quod
958 883 1165 937 factum
1205 889 1288 935 est
1317 878 1421 933 sub
1454 877 1587 939 sole,
1632 894 1651 926 ι
1706 873 1782 926 ita

183 983 538 1054 intelligunt,
592 987 653 1033 ut
706 978 893 1033 dicant
940 991 1037 1031 eos
1064 978 1121 1028 in
1180 973 1284 1027 hoc
1319 970 1545 1034 saeculo,
1590 975 1643 1021 et
1678 965 1782 1020 sub

184 1077 293 1131 hoc
331 1077 457 1129 sole
476 1088 641 1144 quem
678 1088 776 1126 nos
802 1072 1109 1133 cernimus,
1139 1069 1338 1122 nullam
1386 1065 1588 1120 habere
1628 1078 1782 1116 com—

183 1170 519 1224 munionem
557 1185 573 1222 :
613 1168 815 1221 habere
847 1178 978 1219 vero
1005 1162 1109 1218 sub
1140 1161 1246 1215 alio
1295 1158 1523 1221 sreculo,
1556 1157 1622 1211 de
1675 1170 1785 1222 quo

186 1263 460 1317 Salvator
495 1262 574 1316 ait
614 1278 629 1314 :
675 1258 797 1314 Non
834 1276 953 1314 sum
1004 1274 1095 1327 ego
1123 1260 1187 1310 de
1218 1258 1314 1310 hoc
1361 1252 1553 1307 mundo
1589 1249 1780 1322 (Joan.

186 1374 319 1417 vtu.
345 1356 484 1427 ‘23);
520 1367 575 1410 et
611 1355 713 1409 sub
746 1352 1110 1422 SOlejttslilitB
1148 1366 1164 1417 ;
1194 1359 1249 1404 et
1284 1363 1391 1401 non
1420 1344 1635 1402 excludi
1664 1342 1785 1410 cpi-

190 1449 510 1515 natiouem,
542 1464 662 1516 quae
686 1447 989 1509 contendit,
1024 1455 1309 1515 postquam
1343 1443 1407 1496 de
1441 1442 1549 1495 hoc
1577 1438 1780 1494 saeculo

191 1547 649 1615 migraverimus,
682 1550 738 1596 et
775 1538 1049 1594 offendere
1080 1551 1240 1607 posse
1287 1543 1570 1591 creaturas
1621 1532 1789 1585 ratio-

191 1641 438 1700 nabiles,
472 1650 528 1692 et
556 1634 878 1706 promereri.
917 1632 1088 1685 Aliter
1140 1630 1409 1685 referebat
1463 1624 1724 1680 Hebraeus
1763 1624 1779 1653 ⁸

193 1733 541 1788 versiculum
574 1732 757 1795 istum,
793 1735 847 1784 in
882 1743 990 1795 quo
1022 1725 1220 1779 dicitur
1254 1739 1271 1779 :
1304 1721 1498 1777 Melior
1530 1728 1607 1774 est
1649 1718 1785 1772 enim

194 1830 352 1884 canis
383 1829 560 1880 vivens
589 1840 745 1895 super
779 1822 926 1876 leone
956 1830 1186 1883 mortuo,
1221 1820 1296 1870 ita
1348 1815 1489 1884 apud
1520 1828 1651 1869 suos
1694 1827 1759 1866 ex

198 1925 332 1995 poni
377 1939 394 1980 :
442 1920 729 1976 Utiliorem
766 1934 888 1972 esse
932 1914 1186 1984 quamvis
1216 1909 1521 1970 indoctum,
1575 1914 1629 1958 et
1662 1919 1785 1958 eum

195 2020 296 2090 qui
335 2019 520 2071 adhuc
572 2015 716 2067 vivat
750 2023 805 2066 ct
847 2010 1061 2069 doceat,
1100 2022 1127 2058 a
1164 2009 1499 2074 praeceptore
1524 1995 1786 2068 perfecto,

197 2088 297 2181 qui
348 2115 462 2184 jam
510 2117 755 2163 mortuus
790 2112 894 2158 est.
956 2099 1113 2154 Verbi
1137 2111 1330 2160 causa,
1363 2100 1420 2147 nt
1452 2107 1642 2149 canem
1706 2088 1787 2140 iu-

201 2208 476 2276 telligeret
530 2216 699 2255 unum
756 2194 1054 2264 quemlibet
1088 2191 1153 2244 de
1190 2189 1438 2260 pluribus
1486 2190 1789 2254 praecepto-

204 2317 320 2354 rcni
352 2315 368 2354 :
398 2308 453 2352 et
490 2297 701 2349 leoneu:
736 2290 980 2360 Moysen,
1010 2299 1104 2342 aut
1137 2284 1302 2339 alium
1329 2278 1627 2350 quemlibet
1664 2289 1791 2344 pto-

210 2398 528 2465 phetarnm.
554 2389 660 2443 Sed
688 2387 814 2455 quia
840 2383 996 2437 nobis
1028 2381 1143 2434 haec
1168 2374 1437 2445 evpositio
1463 2386 1572 2424 non
1593 2368 1790 2439 placet,

210 2462 279 2541 ad
316 2485 529 2553 majora
588 2478 871 2535 tendamus
912 2482 1014 2530 :ct
1065 2470 1425 2525 Chanameam
1482 2463 1648 2525 illam,
1707 2462 1792 2511 ιτιιι

210 2581 419 2631 dictum
452 2582 537 2628 est
569 2589 585 2629 :
621 2566 784 2621 Fides
822 2576 912 2617 tua
948 2572 996 2616 te
1038 2561 1238 2615 salvam
1287 2558 1411 2627 fecit
1444 2555 1661 2624 (Matth.
1714 2568 1792 2613 ts,

210 2674 305 2727 εὖ)
342 2689 357 2729 ς
392 2681 593 2722 canem
622 2678 742 2717 esse
776 2662 933 2730 juxta
963 2654 1316 2724 Evattgclium
1348 2652 1603 2705 dicamus
1634 2665 1648 2714 ;
1681 2649 1797 2701 ico-

215 2782 338 2820 nem
376 2776 505 2815 vero
532 2770 829 2815 mortuum,
853 2749 1300 2807 circumcisionis
1334 2746 1620 2814 populum,
1658 2746 1798 2794 sicut

216 2859 437 2913 Balaam
479 2851 743 2924 propheta
795 2849 927 2901 dicit
962 2864 975 2901 :
1014 2844 1145 2897 Ecce
1173 2840 1421 2910 populus,
1480 2848 1536 2890 ut
1586 2839 1797 2889 catulus

212 2952 381 3025 460
416 2946 584 3002 leonis
632 2952 933 3012 Cottsttrgct.
968 2948 1014 2992 et
1048 2946 1104 2990 ut
1150 2939 1229 2990 leo
1277 2933 1552 2986 exsultans
1604 2929 1797 2998 (Nam.

220 3024 369 3105 sunt,
408 3043 529 3108 ἓξ).
567 3038 730 3091 Canis
761 3050 891 3103 ergo
923 3034 1109 3085 vivens
1143 3044 1239 3081 nos
1281 3041 1472 3080 sumus
1516 3041 1578 3077 ex
1620 3024 1797 3075 natio-

216 3140 427 3193 nibus:
464 3135 549 3187 leo
605 3142 785 3185 autem
836 3136 1081 3180 moi-tuus
1136 3122 1448 3175 Judsrorum
1509 3119 1741 3187 populus
1772 3132 1799 3165 a

223 3230 454 3285 Domino
490 3225 810 3279 derelictus.
847 3220 911 3272 Ει
944 3217 1135 3272 tneiior
1168 3226 1252 3269 cst
1302 3214 1445 3278 apud
1509 3213 1799 3263 Dominum
1833 3234 1876 3291 (ζ

221 3326 324 3376 iste
347 3320 508 3375 canis
544 3317 757 3377 vivens,
782 3330 944 3382 quam
982 3312 1065 3363 leo
1098 3309 1184 3362 ille
1213 3318 1482 3361 mortuus.
1512 3306 1620 3358 Nos
1656 3302 1797 3356 enim

221 3416 469 3468 viventes
500 3407 886 3474 cognoscimus
923 3406 1156 3465 Patrem,
1203 3412 1255 3455 ct
1286 3400 1509 3458 Filium,
1548 3405 1600 3450 cl
1630 3398 1802 3465 Spiri—

226 3521 336 3561 tum
376 3516 632 3559 sanetum
672 3517 685 3553 :
721 3500 794 3552 illi
827 3514 955 3552 vero
992 3496 1190 3550 monui
1216 3494 1348 3548 nihil
1383 3494 1585 3555 sciunt,
1623 3506 1803 3559 nequc

223 3604 552 3665 exspectant
591 3592 828 3659 aliquam
872 3588 1354 3658 repromissioncm
1393 3595 1554 3652 atque
1594 3598 1805 3635 mercc-

223 3693 345 3743 dem
384 3703 402 3746 ς
440 3687 540 3741 sed
591 3684 857 3748 ιύιιιιιιριιι
909 3692 991 3735 est
1028 3682 1288 3733 memoria
1341 3693 1555 3732 eorum.
1620 3674 1807 3739 Neque

226 3784 325 3849 ipsi
353 3780 729 3832 meminerunt
760 3793 876 3841 qme
908 3776 1049 3827 scire
1078 3777 1405 3830 debuerant.
1462 3785 1637 3837 neque
1687 3770 1805 3821 illo-

232 3892 347 3927 rum
408 3874 521 3942 jam
564 3869 825 3921 Denuinns
884 3865 1220 3918 recordatur.
1280 3864 1505 3917 Dilectio
1559 3879 1804 3931 quoque,

228 3980 334 4035 quia
373 3960 674 4029 aliquando
718 3960 878 4009 Deum
918 3955 1242 4023 diligebant,
1294 3952 1477 4021 periit,
1528 3960 1585 4002 et
1618 3950 1806 4001 odium

229 4073 292 4107 ne
323 4072 435 4123 quo
465 4050 729 4103 audacter
765 4050 1131 4115 ioquehantur
1168 4060 1181 4099 :
1212 4042 1399 4097 Nonne
1455 4041 1690 4094 adientes
1738 4050 1803 4102 te,

232 4145 472 4204 Domine.
521 4142 684 4203 adiri,
734 4149 781 4193 et
813 4137 1243 4205 stipcrinimicos
1302 4144 1419 4186 tttos
1477 4132 1805 4185 tabesceb‘am

231 4234 403 4303 (Pani.
436 4246 697 4285 (λιιι-ιιι.
731 4230 819 4294 2t)
843 4228 864 4278 ?
887 4243 983 4279 nec
1014 4243 1118 4277 non
1152 4234 1205 4278 et
1242 4225 1388 4276 zelus
1417 4238 1630 4283 eorum,
1652 4222 1807 4289 juxta

230 4344 391 4398 quem
430 4324 669 4378 Phineus
701 4325 911 4372 zelatu;
948 4330 1054 4384 est,
1088 4330 1141 4372 ct
1173 4316 1448 4371 Matatltia:
1509 4318 1801 4368 intremue-

309 4463 323 4491 ¹
362 4457 577 4510 Victor.
608 4455 871 4524 referebat
903 4455 1031 4505 mihi
1073 4451 1348 4524 Hebra'ns.

304 4532 323 4561 ⁸
366 4526 592 4582 Nullum
622 4519 738 4577 cum
770 4526 916 4576 victis
947 4536 1233 4574 certamen.
1278 4519 1449 4573 Verba
1484 4531 1613 4573 sunt
1661 4521 1808 4584 lega-

1894 606 2001 649 tem
2032 602 2139 658 est,
2172 590 2318 660 quod
2370 596 2421 643 ct
2456 599 2590 657 pars
2623 597 2811 635 corum
2866 596 2972 635 non
3009 584 3092 632 est
3138 576 3191 631 in
3246 575 3469 629 saeculo.

1894 690 2009 745 Non
2062 688 2207 743 enim
2255 695 2483 753 possunt
2524 682 2707 736 dicere
2772 693 2786 732 :
2846 674 2981 730 Pars
3040 691 3156 730 utea
3214 671 3473 730 Dominus

1895 781 2266 853 (Psal.t.un,
2300 777 2414 847 ‘28).

1970 895 1987 928 ι
2019 874 2166 929 Vade
2197 883 2250 928 ct
2280 871 2507 927 comede
2548 870 2601 923 in
2638 867 2823 924 lzetitia
2852 878 3052 937 panem
3093 871 3268 920 tuum,
3302 866 3356 912 et
3391 856 3471 911 hi-

1901 970 1967 1023 bc
2009 970 2063 1022 iu
2101 966 2262 1021 corde
2296 967 2442 1021 bono
2479 964 2665 1016 vinum
2700 972 2876 1024 tuum,
2910 957 3173 1031 quoniam
3203 953 3314 1023 jam
3361 951 3472 1019 pla-

1894 1072 2126 1118 cuerunt
2158 1060 2264 1114 Deo
2296 1074 2464 1132 opera
2495 1068 2611 1110 tua.
2645 1055 2701 1107 ιιι
2733 1054 2882 1108 omni
2938 1062 3187 1118 tempore
3218 1046 3331 1101 sint
3374 1063 3463 1097 \c-

1904 1158 2161 1211 stimcuta
2198 1166 2283 1206 tua
2318 1151 2571 1216 candida,
2610 1159 2662 1203 ct
2705 1149 2884 1201 olemn
2916 1144 2981 1197 de
3017 1144 3192 1211 capite
3223 1150 3317 1194 tuo
3368 1154 3473 1192 non

1902 1247 2161 1309 deﬁciat;
2194 1263 2214 1297 ι
2248 1261 2417 1314 usque
2442 1244 2505 1299 ad
2534 1260 2655 1297 cum
2687 1242 2889 1301 locum,
2910 1240 2961 1290 in
2991 1251 3100 1305 quo
3129 1238 3200 1289 ait
3229 1252 3243 1292 ;
3283 1253 3300 1285 ι
3327 1234 3478 1287 Sicut

1910 1342 2089 1413 pisces
2120 1339 2209 1409 qui
2240 1347 2490 1393 tenentur
2528 1337 2579 1390 in
2615 1336 2866 1403 captione
2916 1330 3176 1401 pessima,
3229 1336 3281 1379 et
3335 1327 3477 1379 sicut

1896 1436 2146 1491 volucres
2175 1445 2297 1500 quae
2347 1427 2634 1497 capiuntur
2696 1426 2751 1479 iu
2782 1424 2980 1492 laqueo
3025 1438 3039 1479 :
3078 1419 3331 1475 similiter
3388 1432 3479 1470 ca-

1901 1527 2120 1597 pientur
2163 1524 2260 1578 lilii
2294 1521 2581 1576 hominum
2638 1520 2691 1572 in
2736 1527 2987 1584 tempore
3035 1513 3295 1583 pessimo,
3354 1525 3476 1561 cum

1897 1618 2164 1673 ceciderit
2198 1632 2362 1685 super
2394 1631 2489 1669 eos
2514 1612 2717 1667 subito.
2757 1629 2775 1662 ι
2807 1610 3112 1676 Antequam
3144 1605 3210 1659 de
3243 1602 3479 1673 singulis

1901 1712 2264 1779 disputemus,
2326 1708 2561 1761 breviter
2612 1699 3035 1770 constringenda
3094 1708 3222 1753 sunt
3263 1695 3473 1756 omnia,

1903 1810 2255 1870 utappareat,
2290 1815 2399 1868 quo
2419 1798 2581 1853 simul
2610 1812 2773 1851 sensu
2803 1803 3005 1849 cuncta
3040 1790 3315 1845 dicantur.
3341 1786 3480 1853 Quis

1899 1897 1953 1950 in
1975 1895 2246 1965 superiori
2280 1892 2522 1961 capitulo
2548 1889 2725 1943 fuerat
2758 1888 3110 1953 praelocutus,
3140 1882 3286 1954 quod
3334 1890 3483 1950 post-

1899 2005 2057 2057 quam
2096 1985 2298 2039 mortui
2352 1983 2553 2037 fuerint
2603 1982 2876 2045 homines,
2910 1996 2937 2031 ιι
2971 1979 3136 2033 cordc
3180 1973 3480 2030 viventium

1900 2081 2178 2143 excidant,
2215 2088 2269 2131 et
2328 2092 2428 2131 nec
2458 2076 2809 2130 dilectionem
2852 2072 2979 2142 quis
3039 2072 3091 2125 in
3147 2086 3240 2124 eos
3285 2068 3485 2122 habeat

1902 2191 2001 2227 nec
2055 2172 2267 2235 odium,
2324 2168 2624 2225 secundum
2678 2166 2808 2221 illud
2856 2176 3025 2236 poeta:
3077 2182 3091 2220 :

2024 2288 2228 2339 Nullam
2252 2301 2361 2337 cum
2385 2288 2525 2336 vlctis
2550 2291 2801 2335 certamen
2822 2285 2924 2409 ῐΔιΞι
2948 2284 3141 2402 retinere)
3156 2282 3308 2328 cassis
3334 2292 3342 2323 ;

2909 2357 2984 2393 nct
3030 2380 3039 2389 .
3069 2358 3117 2389 ιι.

2909 2357 3039 2393 ιιεια.
3069 2358 3117 2389 ιι.

1903 2474 1954 2517 et
1977 2462 2104 2531 quia
2129 2462 2230 2515 sub
2256 2460 2370 2514 sole
2388 2458 2680 2514 ultranihil
2710 2456 2925 2527 possint
2950 2472 2962 2508 :
2992 2469 3138 2508 nunc
3158 2452 3317 2521 quasi
3341 2467 3491 2503 erro-

1908 2571 2018 2611 rem
2040 2554 2337 2606 humanum
2366 2560 2420 2606 et
2441 2550 2924 2612 consuetudinem,
2949 2563 3052 2609 qua
3084 2561 3143 2600 se
3168 2546 3231 2598 ad
3261 2543 3490 2597 fruenda

1910 2647 2069 2717 hujus
2089 2646 2270 2701 saculi
2287 2647 2423 2700 bona
2439 2644 2670 2697 invicem
2691 2644 3005 2705 hortantur,
3022 2640 3311 2703 inducit,ct
3328 2651 3491 2706 πρεσ-

1904 2740 2247 2794 ωποποιῖαν³
2278 2738 2727 2808 (prosopopwian)
2763 2735 2892 2790 facit
2923 2750 3071 2789 more
3122 2735 3398 2788 rhetorum
3442 2741 3494 2781 ρι

1910 2843 2220 2903 poetarum,
2251 2831 2444 2886 dicens
2471 2845 2486 2888 ;
2512 2830 2557 2883 Ο
2586 2829 2774 2890 homo,
2805 2830 2930 2897 quia
2950 2842 3076 2895 ergo
3112 2838 3232 2895 post
3264 2830 3493 2877 mortem

1910 2929 2043 2980 nihil
2076 2941 2135 2979 cs
2160 2924 2205 2988 ⁸,
2242 2935 2297 2977 et
2343 2938 2491 2977 mors
2538 2922 2657 2991 ipsa
2678 2920 2815 2975 nihil
2873 2930 2977 2985 est,
3011 2919 3134 2972 audi
3201 2915 3493 2970 consilium

1912 3036 2114 3085 mcum,
2136 3018 2335 3071 ctdum
2367 3016 2503 3070 vivis
2521 3016 2573 3068 in
2595 3016 2696 3069 hac
2723 3013 2870 3068 brevi
2892 3013 3023 3075 vita,
3045 3011 3227 3065 fruere
3247 3008 3497 3075 volumu-

1913 3125 1984 3173 te,
2020 3122 2171 3163 utere
2199 3109 2451 3178 dapibus,
2488 3108 2613 3161 vino
2646 3122 2809 3160 curas
2834 3106 3106 3174 opprime,
3145 3112 3199 3156 ct
3236 3100 3494 3167 intelligc,

1911 3203 2166 3271 quoniam
2200 3216 2227 3251 a
2265 3202 2374 3253 Deo
2405 3200 2500 3253 tibi
2534 3200 2735 3252 donata
2768 3196 3073 3267 sumas]
3100 3197 3162 3247 ad
3204 3196 3465 3248 utcudmn

1911 3296 2168 3351 Candidis
2205 3293 2451 3347 vestibus
2476 3301 2706 3346 ornatus
2742 3290 2952 3355 incede,
2992 3291 3284 3357 unguentis
3312 3292 3488 3357 spitet

1914 3398 2077 3454 caput
2100 3397 2251 3439 tuum
2287 3403 2299 3439 :
2338 3398 2682 3454 qumcunquc
2715 3384 2812 3436 tibi
2847 3384 3113 3452 placuerit
3144 3382 3493 3443 feminarum,

1916 3482 2033 3550 rius
2081 3481 2255 3549 gaude
2304 3477 2613 3547 complexu,
2646 3486 2699 3531 ct
2736 3491 2928 3528 vanam
2989 3476 3125 3526 hanc
3173 3484 3225 3528 et
3278 3474 3493 3527 brevem

1916 3585 2105 3636 vitam,
2161 3588 2297 3625 vana
2347 3582 2397 3625 ct
2468 3571 2615 3624 brevi
2674 3569 2950 3634 voluptate
3010 3583 3289 3635 percurre.
3347 3566 3495 3621 Nihil

1915 3670 2058 3721 enim
2080 3676 2231 3721 extra
2253 3668 2364 3720 han-
2391 3664 2613 3719 habebis
2640 3662 2899 3731 amplius,
2921 3677 3028 3730 quo
3049 3661 3246 3715 fruaris
3283 3680 3295 3715 :
3327 3663 3499 3729 quod-

1915 3776 2131 3825 cunque
2185 3770 2235 3811 te
2277 3757 2551 3810 delectare
2591 3765 2791 3826 potest,
2829 3753 3057 3807 festinus
3089 3770 3273 3821 carpe,
3309 3769 3375 3805 nc
3405 3770 3496 3822 pc-

1920 3862 2055 3905 reat.
2077 3851 2257 3917 Neque
2275 3852 2419 3903 enim
2434 3850 2628 3902 frivola
2654 3850 2819 3901 debes
2843 3848 3095 3900 formidat
3112 3863 3141 3898 e
3160 3858 3491 3912 cotmncnts,

1918 3944 2412 4012 quods‘ngulorum
2429 3956 2675 4010 Operam,
2698 3942 2780 3995 vel
2799 3941 3063 3995 bonorum
3089 3942 3171 3992 vel
3195 3939 3490 4005 malorum,

1921 4038 2063 4109 apud
2085 4040 2286 4092 inf-eros
2308 4038 2401 4090 tibi
2427 4035 2702 4089 rc-ldcnda
2721 4039 2788 4088 sit
2812 4032 2921 4105 [AL
2948 4032 3052 4105 est]
3085 4036 3242 4087 ratio.
3270 4033 3385 4087 Non
3412 4046 3492 4089 est

1916 4134 2063 4187 enirn
2092 4135 2269 4199 aliqua
2294 4132 2345 4183 in
2372 4141 2545 4183 morte
2568 4129 2837 4197 sapientia
2872 4143 2886 4180 :
2914 4128 3097 4181 nullus
3118 4129 3492 4196 postdissolu-

1920 4229 2119 4280 lienem
2148 4234 2269 4277 vitae
2296 4224 2453 4290 hujus
2478 4222 2764 4275 remanet"
2792 4236 3007 4274 sensus.
3034 4219 3096 4273 Et
3136 4222 3270 4282 haec,
3294 4221 3489 4288 inquit,

1920 4321 2117 4386 aliquis
2159 4318 2408 4385 lnqttatur
2446 4315 2717 4383 Epicurus
2748 4314 2788 4378 ⁸,
2812 4324 2867 4366 et
2896 4316 3203 4381 Aristippus
3237 4328 3289 4365 et
3324 4316 3491 4383 (Iyre-

1918 4473 2093 4509 vorsus
2122 4453 2487 4517 Joriniannnt,
2516 4463 2570 4505 et
2611 4453 2705 4506 lib.
2746 4470 2817 4507 vtt
2872 4452 3181 4507 Comment.
3230 4452 3279 4505 in
3329 4465 3495 4519 caput

1924 4543 2028 4578 uti
2060 4524 2254 4579 Isaite:
2296 4543 2313 4575 ι
2347 4523 2449 4586 Qui
2486 4540 2609 4576 cum
2648 4522 2883 4590 Epicuro
2910 4523 3064 4584 dicit,
3098 4521 3227 4576 Post
3257 4531 3489 4576 mortem

232 4611 413 4652 turum
449 4596 767 4648 Latinorum
798 4596 864 4647 ad
894 4591 1146 4656 :‘Encam,
1186 4592 1278 4644 lib.
1314 4608 1363 4643 χι
1396 4588 1615 4642 .Eneid.
1648 4605 1792 4641 vcrst

1918 4596 2047 4648 nihil
2091 4605 2196 4657 est,
2245 4609 2389 4647 mors
2443 4594 2556 4660 ipsa
2611 4588 2739 4646 nihil
2777 4603 2880 4647 est.
2939 4611 2958 4644 ι
2996 4593 3397 4657 Tertullianus,
3430 4593 3494 4645 de

240 4672 387 4727 tot:

326 4783 602 4836 Redderet,
624 4792 678 4828 ac
705 4780 893 4827 tumulo
914 4777 1106 4825 sineret
1132 4775 1407 4824 succedere
1436 4783 1580 4823 terri-
1614 4788 1622 4819 :

325 4844 526 4893 Nullum
549 4855 657 4889 cum
688 4840 828 4887 victis
849 4846 1121 4895 certamen,
1147 4845 1199 4885 et
1218 4838 1405 4884 :etheie
1435 4836 1583 4883 cassis
1613 4848 1623 4881 :

327 4908 564 4956 Parceret
582 4900 861 4963 hospitibus
887 4901 1133 4961 quondam
1157 4898 1444 5007 socerisquht;
1470 4900 1675 4945 vocatis.

1448 4972 1640 5007 sarisa.

1448 4972 1640 5007 ΔΚΤΙΔΝ.

305 5072 324 5103 ³
366 5068 849 5139 Προσωποποιῖαν.
874 5064 1130 5139 Νοιιῐιιιιιι
1182 5066 1526 5139 grammatici
1561 5065 1814 5118 scribunt

236 5146 355 5195 sine
388 5137 642 5205 t‘duplici
690 5138 1148 5203 προεωποποίαν.
1188 5137 1282 5187 list
1318 5144 1503 5205 autem
1543 5150 1811 5203 prosopo-

240 5227 381 5278 pana
424 5204 582 5276 quasi
631 5222 991 5275 personarum
1023 5205 1273 5278 lictarum
1330 5204 1574 5278 inductio
1619 5224 1633 5260 :
1670 5204 1812 5257 unde

235 5274 519 5335 Cicerone
550 5274 707 5333 om.
736 5277 831 5330 lib.
876 5291 931 5328 ιιι
968 5276 1207 5343 appellat
1246 5274 1388 5343 hanc
1421 5274 1650 5339 figuram
1688 5290 1812 5343 per-

238 5366 500 5407 sonarum
556 5353 808 5401 tictarum
861 5341 1259 5415 inductionem.
1315 5341 1532 5397 Vidcsis
1591 5341 1812 5415 quoque

238 5423 427 5485 Quint.
462 5418 560 5473 lib.
592 5434 667 5480 ιι,
702 5432 825 5485 cap.
859 5417 914 5469 :2.
948 5414 1228 5467 Mantua.

306 5490 425 5543 ‘L‘x
460 5491 782 5559 pervulgato
816 5486 1018 5540 versic.
1054 5501 1069 5539 :

301 5607 421 5656 Post
452 5612 663 5654 mortem
692 5601 811 5650 nihil
845 5607 949 5661 est,
974 5600 1178 5662 ipsaque
1204 5611 1336 5648 mors
1366 5600 1488 5648 nihil
1513 5606 1608 5648 est.

312 5713 331 5742 ⁵
367 5709 499 5763 MSS.
532 5709 743 5776 absque
771 5716 1001 5759 remanet
1030 5706 1217 5776 verbo,
1256 5704 1564 5776 viltBAhtljttS
1596 5722 1807 5759 sensus,

245 5779 376 5834 Vide
397 5774 743 5837 Ciceroneni,
772 5779 817 5830 si
843 5778 1011 5836 lubet,
1046 5774 1328 5827 Tuscnitm.
1366 5774 1571 5835 Quu'sl.
1603 5776 1697 5826 ltli.
1733 5793 1808 5830 ιιι,

313 5853 331 5880 ⁸
372 5850 572 5918 Aliquis
619 5849 869 5917 loquntur
924 5845 1205 5913 Epirttras.
1244 5844 1406 5900 Libro
1437 5848 1679 5900 secundo
1716 5851 1805 5897 tut.

1917 4665 2319 4717 liesnrrectione
2393 4667 2568 4715 carnis
2594 4680 2611 4715 :
2670 4662 2861 4716 «Nihil
2916 4678 3038 4716 esse
3087 4672 3203 4729 post
3262 4674 3490 4715 mortem

1920 4736 2141 4801 Epicmi
2206 4735 2395 4787 schola
2449 4742 2553 4785 est.
2603 4752 2617 4781 ι
2653 4732 2829 4797 Quam
2881 4734 3102 4801 Epicuri
3157 4735 3489 4786 sententiam

1916 4806 2174 4858 Lucanus
2208 4804 2345 4858 libro
2382 4818 2437 4855 ιιι
2472 4804 2735 4872 exprimit
2773 4803 2857 4856 his
2899 4804 3081 4856 verbis
3121 4821 3134 4855 :

2037 4920 2243 4981 Ecquid,
2268 4920 2354 4973 ait.
2382 4920 2487 4967 vani
2514 4928 2759 4968 terremur
2784 4922 2997 4980 imagine
3020 4922 3174 4966 somni
3200 4933 3211 4966 :

2037 4992 2073 5033 Α
2087 4992 2139 5031 ιιι
2174 4984 2292 5031 nihil
2323 4989 2401 5030 cst
2423 4994 2601 5029 sensus
2630 4982 2804 5030 animis
2825 4996 2850 5031 a
2876 4989 3033 5030 morte
3065 4982 3310 5037 relictum,

2041 5048 2139 5093 Aut
2172 5057 2303 5091 mors
2328 5044 2429 5105 ipsa
2458 5043 2596 5103 nihil,
2633 5051 2732 5093 etc.

1918 5146 2084 5199 Porro
2125 5146 2219 5215 qui
2295 5147 2499 5200 fuerint
2561 5148 2681 5201 ista:
2740 5147 2983 5209 pecudes
3038 5148 3489 5214 philosophorum

1918 5217 2207 5295 manifeste
2247 5216 2411 5295 docet
2458 5217 2679 5295 CiCcro,
2723 5216 2938 5270 'I‘uscul.
2996 5218 3193 5280 Quu'st.
3247 5220 3340 5271 lih.
3394 5235 3489 5275 nt:

1917 5288 2097 5354 Atqui,
2124 5287 2324 5354 inquit.
2357 5287 2421 5338 ab
2453 5289 2728 5354 Aristippo
2755 5289 3035 5355 Cyrenaici
3064 5288 3361 5355 philosophi
3393 5306 3489 5341 no-

1918 5358 2128 5417 minati,
2160 5372 2313 5409 ontne
2348 5358 2537 5410 bonum
2577 5361 2627 5408 in
2664 5358 2929 5425 voluptate
2971 5369 3286 5426 posuerunt,
3326 5360 3489 5410 τὶν-ιιι-

1918 5440 2123 5493 temque
2173 5442 2487 5480 censuerunt
2550 5434 2610 5480 uit
2671 5445 2783 5480 rant
2838 5444 2944 5478 rem
2996 5446 3103 5480 esse
3137 5430 3487 5487 laudandam.

1916 5498 2053 5565 quod
2082 5499 2306 5568 efﬁciens
2332 5510 2463 5551 rssct
2494 5500 2797 5561 voluptatis.
2829 5496 2962 5550 Vide
2992 5502 3240 5552 cunnlem
3269 5501 3489 5552 Cicero-

1920 5583 2063 5638 nem,
2101 5572 2195 5621 ltb.
2246 5582 2299 5619 ιιι
2332 5570 2395 5621 de
2420 5574 2572 5621 Orat.
2602 5580 2653 5621 ct
2694 5584 2746 5620 ιιι
2772 5570 2835 5619 dc
2873 5570 3059 5638 Uf/ic.,
3090 5579 3161 5638 ait
3196 5569 3486 5637 Uiogcucm

1921 5637 2224 5701 Laeuium,
2248 5639 2343 5692 lib.
2368 5654 2403 5690 ll
2436 5638 2489 5690 in
2515 5639 2777 5705 Aristippi
2809 5636 3056 5707 Cyretich
3089 5636 3228 5692 Vita.
3262 5636 3334 5691 ne
3367 5639 3491 5706 Ιοῖιιι-

1919 5723 2054 5759 utro
2092 5720 2269 5760 ίιιιιιιιιι
2315 5713 2413 5760 hoc
2444 5710 2752 5767 sciendmn,
2780 5713 2924 5775 quod
2952 5724 3225 5761 StiltilttUtll
3260 5708 3489 5765 bonum,

1922 5795 2026 5856 non
2073 5789 2122 5855 ut
2161 5779 2494 5856 Aristippus,
2552 5782 2603 5831 in
2658 5780 2933 5845 voluptate
2966 5781 3234 5846 corporis,
3284 5783 3375 5834 sed
3436 5796 3486 5828 In

1920 5849 2088 5901 animi
2150 5849 2421 5914 voluptate
2478 5858 2726 5912 poncrcl,
2781 5850 2822 5901 si
2860 5849 3143 5902 Lactantio
3192 5850 3487 5911 credimus.
