4210 6350
713 376 857 433 1143

1899 373 1959 434 S.
1982 404 1985 407 ι
2008 370 2320 433 Ευδιξῐιιι
2368 368 2807 430 ΗΙΕΗΟΝΥΜΙ

3821 355 3944 420 ΗΜ

715 492 962 541 κοιιιιτεε
1023 505 1139 551 War
1191 488 1520 557 colligantur
1574 486 1769 555 laqueo
1800 501 1815 543 ;
1846 486 2101 541 similiter
2157 501 2279 539 t-or-
2310 492 2358 547 Α
2388 487 2651 553 sapientis
2686 486 2832 540 illius
2874 483 3147 553 pauperis.
3184 497 3346 535 nemo
3399 480 3571 535 refert
3608 474 3819 546 gratias
3856 485 3946 540 pro

716 592 869 632 rtn'nt
910 580 1002 633 lilii
1037 579 1309 633 hominum
1346 579 1399 631 itt
1432 589 1673 647 tempore
1708 577 1872 641 malo,
1907 593 2031 633 cum
2064 578 2276 632 cecide-

718 676 784 729 rit
816 689 979 743 super
1010 676 1157 743 ipsos
1181 674 1473 741 extemplo.
1520 690 1538 722 ι
1574 658 1705 727 lam
1736 678 1790 725 et
1817 686 1982 740 supra
2018 670 2280 732 diximus.

716 767 859 829 quod
893 768 1019 819 dum
1054 764 1298 818 nesciant
1332 765 1596 828 homines,
1635 765 1706 817 ita
1753 764 1770 795 ⁸
1809 763 1890 818 eis
1920 761 2029 836 [AL
2059 762 2139 816 eis
2170 760 2281 833 ant]

720 860 976 930 angustia:
1029 859 1264 920 veniant.
1316 869 1412 913 aut
1464 858 1735 913 interitus.
1782 858 1952 913 Porro
1978 858 2282 911 secundum

721 956 1032 1023 allegoriam
1085 962 1169 1005 est
1219 950 1525 1011 sciendum.
1559 966 1782 1013 regutnn
1808 951 2074 1005 calorum
2106 949 2287 1003 simile

721 1063 837 1099 esse
877 1062 1089 1116 sugente
1124 1046 1301 1099 missae
1332 1044 1382 1097 in
1420 1044 1557 1097 mari
1588 1041 1808 1112 (Matth.
1831 1042 1989 1107 xnt):
2020 1051 2073 1095 et
2096 1056 2123 1094 e
2150 1056 2280 1095 con-

722 1139 888 1193 trario
931 1139 1129 1194 habere
1161 1154 1415 1207 sageaam
1453 1136 1759 1201 haereticos,
1795 1151 1888 1204 per
1912 1150 2074 1205 quam
2114 1135 2287 1202 pisces

722 1240 939 1297 raptant
965 1231 1027 1283 ad
1058 1230 1356 1283 interitum.
1391 1229 1599 1297 Sageua
1626 1242 1815 1281 eorum
1846 1236 1926 1280 est
1948 1241 2126 1280 sermo
2160 1222 2290 1277 aﬂa-

724 1327 734 1374 l
761 1325 866 1385 llis,
899 1324 1150 1377 blandum
1194 1322 1489 1387 eloquium,
1519 1321 1773 1375 simulata
1805 1330 1891 1373 aut
1940 1324 2126 1371 coacta
2150 1316 2291 1387 jeju-

728 1418 837 1477 nia,
886 1416 1052 1469 vestis
1112 1414 1357 1475 humilis,
1421 1416 1685 1467 virtutum
1738 1413 1990 1465 imitatio.
2052 1408 2203 1475 Quod
2244 1410 2290 1464 si

725 1506 1010 1574 crepo-rint,
1051 1515 1104 1558 et
1131 1507 1197 1558 de
1229 1505 1605 1571 superioribus
1630 1504 1929 1571 disputare,
1957 1513 2011 1554 et
2066 1500 2121 1553 in
2150 1500 2289 1555 sub-

727 1597 854 1649 limo
934 1596 1111 1649 levare
1145 1613 1208 1650 os
1240 1613 1421 1660 suum,
1476 1609 1528 1649 et
1564 1594 1654 1649 Dei
1684 1594 1995 1649 altitudines
2026 1608 2291 1661 quatrere,

728 1692 977 1755 laqueum
1016 1700 1223 1759 ponunt
1250 1691 1301 1742 ιιι
1336 1688 1591 1742 excelsis.
1611 1687 1894 1752 Quomodo
1924 1686 2086 1753 igitur
2119 1685 2293 1752 pisces

727 1790 780 1832 et
818 1780 1064 1834 volucres
1098 1779 1206 1831 cito
1232 1780 1524 1846 rapiuntur
1556 1793 1585 1831 a
1619 1775 1709 1829 tali
1745 1790 1968 1841 sagena,
1994 1784 2047 1828 et
2080 1773 2148 1826 ab
2176 1773 2295 1826 isti-

2384 581 2560 636 szdu'e
2590 597 2605 636 :
2637 580 2731 635 sed
2770 595 2959 633 ouanes
3011 579 3286 631 honorant
3322 574 3542 636 divites,
3584 570 3678 635 qui
3731 568 3784 620 in
3818 564 3946 633 peri-

2386 676 2509 728 culo
2540 674 2675 727 nihil
2708 675 3000 728 subvenire
3031 678 3350 743 potuerunt.
3384 668 3557 720 Aliter
3588 662 3853 718 Hebraeus
3886 660 3950 709 ita

2387 769 2531 822 hunc
2570 768 2752 820 locum
2782 766 3171 834 interpretatus
3192 773 3275 817 εθι
3310 778 3323 819 :
3352 759 3558 816 Civitas
3581 757 3771 825 parva.
3800 752 3953 804 ιιθιιὶο

2386 868 2490 921 est,
2528 857 2620 927 qui
2646 858 2811 911 etiam
2840 856 2980 925 apud
3012 854 3367 924 philosophos
3397 851 3577 903 minor
3606 846 3844 899 mundus
3874 856 3955 891 vo.

2387 960 2562 1005 catur.
2594 951 2659 1004 Et
2687 949 2788 1003 viri
2820 949 2873 1003 in
2904 964 2963 1002 ea
2999 951 3178 1016 pauci,
3211 944 3457 998 membra
3488 942 3556 994 de
3578 939 3779 1007 quibus
3802 937 3955 988 homo

2389 1043 2508 1112 ipse
2540 1043 2870 1097 contexitur.
2906 1042 3041 1096 Cum
3075 1048 3259 1094 autem
3289 1040 3500 1092 venerit
3536 1034 3805 1087 adversus
3848 1043 3955 1080 eam

2391 1152 2481 1191 rex
2515 1151 2745 1205 magnus
2766 1134 3039 1195 diabolus,
3058 1142 3111 1187 et
3137 1130 3417 1201 qua-sierit
3443 1129 3623 1181 locum
3644 1125 3665 1155 ³
3689 1137 3785 1192 per
3809 1135 3956 1185 quem

2390 1230 2561 1297 possit
2588 1229 2910 1297 irrumpere,
2934 1226 3210 1279 invenitur
3233 1225 3285 1276 in
3309 1238 3372 1277 ea
3401 1220 3627 1275 humilis
3648 1227 3701 1270 et
3728 1215 3959 1282 sapiens,

2393 1330 2447 1376 et
2503 1322 2683 1388 quieta
2719 1318 2976 1387 cOgitatio
3010 1316 3290 1370 interioris
3350 1311 3613 1372 hominis,
3648 1316 3704 1362 et
3736 1316 3917 1360 servat
3945 1307 3962 1334 ⁸

2396 1413 2513 1484 [ΑΙ.
2550 1410 2730 1483 eruet]
2760 1410 2948 1464 urbem
2978 1425 3097 1478 qua:
3130 1408 3359 1461 obsessa
3400 1406 3468 1458 ab
3516 1402 3771 1456 hostibus
3798 1400 3964 1465 cinge-

2396 1504 2577 1557 batur.
2635 1502 2885 1569 Cumque
2920 1500 3083 1553 homo
3132 1497 3199 1551 de
3248 1494 3492 1563 periculo
3547 1490 3664 1545 sive
3720 1503 3964 1557 persecu-

2396 1593 2583 1658 tionis,
2617 1593 2731 1646 sive
2758 1592 3159 1659 angustiarum,
3213 1588 3332 1642 sive
3381 1584 3765 1653 cujuscunque
3813 1577 3959 1648 537

2396 1687 2639 1740 adversae
2672 1685 2748 1739 rei
2789 1692 2951 1751 atque
2983 1680 3191 1751 peccati
3232 1679 3397 1733 luerit
3432 1687 3624 1731 erutus
3657 1692 3670 1727 :
3704 1675 3867 1725 homo
3891 1672 3968 1721 ille

2396 1777 2656 1840 exterior,
2688 1776 2781 1845 qui
2833 1774 3085 1827 inimicus
3115 1780 3200 1826 est
3229 1770 3379 1823 illius
3421 1766 3677 1836 pauperis
3716 1761 3969 1823 hominis,

730 1873 943 1926 ns-nodi
996 1873 1231 1940 laqueo:
1283 1872 1365 1926 sic
1412 1885 1535 1924 cum
1612 1867 1971 1936 multiplicata
2003 1866 2167 1919 fuerit
2196 1864 2297 1917 ini-
2327 1847 2371 1906 Β
2400 1878 2454 1921 et
2503 1868 2796 1936 sapientis,
2845 1882 2952 1919 non
3013 1862 3335 1919 recordatur
3377 1859 3655 1913 interioris
3710 1855 3962 1912 hominis.

729 1966 929 2028 quitus,
984 1975 1038 2020 et
1090 1964 1368 2021 refrixerit
1416 1941 1657 2017 Charitas
1709 1958 2026 2019 multorum,
2055 1966 2107 2010 et
2143 1956 2297 2026 signa

733 2056 797 2107 la-
822 2066 870 2110 tu
911 2057 1110 2109 fuerint
1139 2069 1309 2125 atque.
1342 2063 1613 2125 portenta,
1648 2054 1719 2106 ita
1774 2062 1833 2105 ut
1872 2053 2224 2110 sedueantur,
2257 2047 2298 2099 si

734 2149 993 2213 possibile
1048 2149 1215 2221 ‘66
1260 2158 1362 2209 est,
1402 2146 1565 2200 etiam
1622 2144 1780 2199 electi
1829 2141 2048 2207 (Matth.
2108 2138 2298 2205 xxiv):

734 2242 1015 2297 sciendum
1049 2254 1133 2297 est
1176 2239 1584 2296 ecclesiasticos
1621 2251 1836 2304 quoque
1878 2231 1988 2306 [ΑΙ.
2032 2231 2301 2302 quosque]

736 2336 903 2398 viros,
951 2334 1041 2402 qui
1084 2334 1176 2387 lilii
1222 2334 1503 2387 hominum
1537 2329 1902 2399 appellantur,
1952 2335 2005 2379 et
2035 2342 2161 2379 sum
2194 2340 2306 2376 mo-

737 2429 872 2482 dica:
920 2427 1063 2489 lldei.
1114 2427 1226 2481 cito
1272 2441 1432 2493 posse
1466 2439 1745 2477 corruere.
1781 2420 2087 2473 Notandum
2118 2416 2304 2479 etiam,

738 2521 882 2586 quod
918 2536 1013 2591 per
1050 2529 1224 2574 totum
1260 2518 1453 2572 lihrurn
1510 2516 1819 2582 ubicunque
1843 2512 2063 2572 dicitur,
2089 2510 2189 2576 ﬁlii
2219 2510 2309 2562 ho-

743 2614 966 2676 minum,
1017 2615 1070 2666 lu
1111 2611 1337 2679 llebrazo
1378 2610 1537 2665 habet
1580 2609 1719 2677 (Dm
1749 2608 1860 2673 9:2)
1912 2606 2013 2673 ﬁlii
2062 2605 2310 2668 hominis,

743 2709 847 2761 huc
878 2715 983 2771 est,
1019 2705 1121 2774 ﬁlii
1160 2693 1363 2757 Adam.
1405 2702 1469 2755 Et
1520 2702 1699 2755 omnis
1734 2714 1870 2769 pene
1903 2696 2184 2765 Scriptura
2214 2696 2313 2747 hoc

744 2796 1000 2850 ldiomate
1055 2796 1209 2863 plena
1264 2803 1370 2857 est,
1414 2794 1729 2845 universum
1772 2802 1943 2857 genus
2007 2784 2309 2847 hominum,

746 2888 914 2941 Adam
952 2888 1091 2940 lilios
1125 2900 1348 2938 vocans.

822 3002 843 3035 ι
870 2980 975 3035 Sed
1001 2991 1055 3034 et
1082 2982 1221 3033 hanc
1244 2980 1352 3033 vidi
1384 2980 1707 3047 sapientiam
1735 2978 1837 3031 sub
1870 2976 2009 3039 solo,
2039 2986 2091 3028 et
2125 2988 2317 3040 magt-a

748 3084 833 3126 est
862 3075 1002 3141 apud
1042 3089 1147 3125 me.
1175 3072 1381 3125 Civitas
1433 3086 1595 3139 parva
1628 3079 1680 3123 et
1713 3070 1810 3121 viri
1848 3069 1901 3121 in
1928 3083 1991 3122 ea
2027 3067 2185 3136 pauci
2214 3082 2227 3117 :
2270 3074 2323 3116 et

2404 1974 2502 2013 nec
2532 1958 2713 2013 subdit
2752 1973 2810 2011 se
2844 1955 3094 2009 consiliis
3132 1954 3251 2023 ejus
3290 1968 3303 2003 :
3339 1951 3433 2003 sed
3472 1964 3693 2001 rursum
3718 1961 3818 1999 sua
3850 1945 3970 1994 frui-

2405 2063 2492 2105 tur
2522 2052 2769 2105 librrtate
2798 2052 2817 2080 ⁸
2854 2048 2961 2120 [ςιι.
3000 2048 3169 2100 libera
3203 2039 3533 2111 voluntate].
3565 2040 3739 2092 Aliter
3773 2054 3787 2090 :
3818 2037 3973 2090 Parva

2406 2141 2596 2195 civitas
2626 2150 2730 2203 est,
2768 2151 2820 2192 et
2849 2138 2946 2190 viri
2980 2136 3032 2190 in
3072 2150 3137 2189 ea
3168 2135 3348 2203 pauci,
3388 2131 3454 2184 ad
3508 2126 3970 2196 comparationem

2407 2234 2575 2287 tutius
2622 2231 2828 2295 mundi,
2884 2227 3127 2283 Ecclesia
3155 2240 3240 2279 est
3270 2241 3285 2278 :
3314 2223 3584 2277 adversus
3646 2235 3813 2287 quam
3846 2231 3977 2281 ωερε

2407 2325 2692 2392 consurgit
2721 2338 2813 2385 rex
2844 2336 3071 2390 magnus
3124 2316 3374 2372 diabolus
3404 2316 3535 2384 (non
3572 2311 3717 2382 quoi
3758 2322 3976 2374 ιιιςιτξκίὀ

2410 2418 2499 2480 sit,
2532 2416 2629 2469 sed
2660 2416 2804 2483 quod
2838 2428 3093 2481 magnum
3138 2426 3196 2463 se
3219 2424 3339 2462 esse
3367 2407 3630 2475 jactitet‘,
3669 2414 3722 2456 et
3749 2403 3978 2453 cirum:-

2412 2508 2505 2561 dat
2529 2522 2647 2561 eam
2678 2506 2961 2559 obsidione
2991 2502 3104 2557 sive
3138 2497 3555 2570 persecutionis,
3582 2498 3699 2550 sive
3744 2494 3849 2545 alio
3888 2507 3976 2542 an-

2415 2602 2720 2671 gustiarum
2746 2614 2965 2670 genere.
2992 2597 3055 2650 Et
3080 2595 3287 2649 invenit
3313 2595 3366 2647 in
3397 2607 3461 2647 ea
3487 2592 3666 2644 virutn
3702 2601 3979 2658 paup-Trin

2416 2708 2467 2749 et
2501 2697 2819 2763 sapientem.
2859 2691 3147 2745 Dominum
3186 2687 3375 2741 Jesum
3415 2683 3723 2744 Christum,
3768 2679 3859 2747 qui
3896 2694 3980 2745 pro

2421 2790 2577 2842 nobis
2604 2802 2810 2856 pauper
2840 2785 3012 2837 factus
3045 2793 3124 2835 est
3156 2777 3238 2849 (11
3277 2777 3405 2832 Cor.
3439 2793 3559 2834 vni.
3591 2775 3645 2842 9)
3684 2784 3737 2827 et
3770 2782 3849 2827 est
3882 2774 3981 2838 ipsi

2422 2880 2726 2947 sapientia:
2755 2889 2806 2931 et
2835 2876 2924 2929 ille
2963 2875 3045 2927 vir
3088 2888 3293 2940 pauper
3353 2869 3547 2923 liberat
3582 2873 3775 2920 urbem
3818 2864 3870 2916 in
3904 2880 3985 2913 sa-

2423 2973 2625 3043 pientia
2679 2985 2797 3025 sua.
2834 2967 3059 3033 Quoties
3092 2964 3328 3015 vidimus
3360 2958 3643 3013 sedentem
3698 2957 3905 3008 leonem
3936 2953 3985 3002 in

2427 3066 2643 3120 insidiis
2672 3080 2793 3116 cum
2824 3059 3108 3119 divitibus,
3147 3056 3249 3109 hoc
3281 3062 3382 3115 est,
3413 3066 3535 3104 eum
3572 3048 3915 3104 senatoribus
3942 3056 3987 3096 et

753 3183 779 3215 v
804 3164 979 3217 nitad
998 3180 1117 3218 eam
1137 3179 1225 3215 rex
1256 3160 2096 3230 tmgnusetcircutndediteam,
2122 3157 2320 3212 etaedi-
2349 3185 2392 3238 ε
2431 3153 2765 3225 principibus
2813 3149 2976 3218 hujus
3024 3145 3234 3207 sazculi,
3293 3152 3346 3196 et
3399 3140 3667 3194 adversus
3704 3132 3987 3188 Eccics‘lattt

756 3261 937 3315 licavit
959 3260 1217 3312 adversus
1237 3273 1354 3311 eam
1390 3257 1693 3310 machinam
1727 3268 1999 3320 magnam.
2023 3252 2089 3307 Et
2116 3249 2323 3304 invenit

754 3354 807 3403 in
848 3368 912 3406 ea
965 3354 1140 3405 virum
1200 3364 1490 3417 pauperem
1543 3356 1596 3397 et
1650 3346 1975 3413 sapientem.
2010 3352 2063 3397 et
2093 3342 2324 3396 salvavit

756 3448 844 3500 hic
884 3446 1159 3499 civitatem
1212 3443 1263 3493 in
1304 3438 1569 3508 sapientia
1612 3452 1710 3492 sua
1740 3456 1752 3489 :
1787 3448 1838 3489 et
1874 3436 2056 3489 homo
2108 3450 2213 3487 non
2245 3450 2326 3487 re-

758 3541 1012 3594 cordatus
1037 3549 1119 3590 est
1148 3535 1385 3588 hominis
1408 3530 1658 3601 pauperis
1708 3529 1875 3583 illius.
1915 3546 1934 3579 ι
1979 3526 2114 3579 Aliis
2140 3524 2324 3579 omnia

760 3635 961 3687 incerta
1010 3628 1340 3687 dicentibus,
1374 3634 1427 3680 et
1458 3624 1663 3691 justum
1697 3623 1765 3675 ab
1805 3620 2011 3688 injusto
2041 3617 2176 3672 nihil
2207 3632 2326 3670 am-

764 3719 904 3785 plius
944 3719 1147 3772 habere
1173 3733 1190 3769 :
1220 3730 1317 3785 ego
1345 3713 1665 3782 sapientiam
1724 3710 1887 3764 etiam
1923 3710 1978 3763 in
2015 3709 2121 3762 hoc
2155 3706 2327 3760 maxi-

763 3826 902 3863 mam
926 3806 1275 3877 comprobari
1308 3821 1320 3855 :
1345 3803 1488 3872 quod
1513 3803 1706 3857 crebro
1734 3801 1936 3863 evenit,
1974 3810 2033 3853 ut
2062 3812 2228 3867 parva
2260 3797 2331 3850 sit

764 3903 981 3963 civitas,
1018 3911 1069 3951 et
1100 3898 1435 3951 habitatores
1470 3896 1524 3947 in
1574 3907 1635 3945 ea
1666 3893 1846 3961 pauci.
1878 3903 1933 3945 et
1964 3888 2331 3943 innumerabi-

766 3991 896 4041 lium:
962 3987 1197 4040 hostium
1248 3984 1497 4049 cingatur
1531 3982 1799 4042 exercitu,
1848 3992 1900 4032 et
1935 3978 2229 4033 obsidione
2282 3986 2337 4031 et

769 4082 911 4132 laute
965 4079 1201 4146 populus
1256 4076 1401 4129 intus
1433 4084 1655 4129 necetur
1706 4090 1719 4126 :
1773 4082 1827 4125 et
1876 4080 2097 4139 repente
2143 4077 2333 4122 contra

771 4172 1014 4233 omnium
1068 4168 1437 4236 suspicionem
1498 4164 1726 4218 inveniri
1768 4163 1941 4217 virum
1975 4161 2235 4216 humilem
2282 4171 2337 4215 et

771 4279 1059 4332 pauperem
1112 4262 1155 4320 ¹.
1193 4257 1291 4327 qui
1342 4258 1468 4327 quia
1521 4258 1682 4309 habet
1715 4254 2037 4323 sapientiam
2076 4251 2337 4320 majorem

773 4356 989 4408 enm-tis
1018 4351 1298 4410 divitibus,
1342 4349 1553 4417 magnis
1579 4358 1631 4402 et
1667 4347 1976 4416 potentibus
2006 4358 2058 4398 et
2090 4343 2341 4411 superbis

774 4448 830 4499 in
885 4447 1127 4516 periculo
1161 4440 1367 4509 positis,
1403 4450 1457 4493 et
1495 4440 1560 4492 ad
1604 4439 1941 4493 obsidionem
1998 4436 2339 4503 paventibus,

776 4539 979 4607 cogitat
1010 4548 1062 4589 et
1092 4534 1337 4600 inquirit,
1376 4544 1427 4586 et
1463 4532 1666 4585 invenit
1702 4528 1811 4601 [ΑΙ.
1841 4540 1897 4583 ιιι
1926 4525 2187 4596 inveniat]
2220 4542 2346 4594 quo-
2378 4519 2421 4573 D

780 4632 940 4684 modo
967 4646 995 4681 a
1033 4630 1192 4680 malis
1219 4633 1375 4680 eruat
1416 4623 1715 4677 civitatem.
1743 4622 1827 4686 Et,
1858 4637 1890 4675 ο
1918 4624 2129 4688 ingrata
2176 4620 2345 4671 homi-

783 4739 911 4777 num
964 4722 1184 4781 oblivio,
1214 4729 1496 4788 postquam
1550 4715 1755 4770 fuerint
1802 4712 2038 4776 liberati,
2085 4719 2139 4766 et
2170 4709 2346 4765 soluta

781 4816 1089 4880 captivitas.
1112 4825 1167 4866 et
1192 4811 1408 4871 reddita
1436 4810 1625 4880 patriae
1650 4808 1894 4871 libertas,
1916 4818 2075 4859 nemo
2103 4803 2351 4857 meminit

859 4970 876 5000 ί
912 4970 1047 5024 Tres
1102 4982 1235 5020 mss.
1276 4962 1419 5018 unde
1446 4964 1668 5023 habent,
1715 4977 1814 5031 pro
1876 4964 1973 5024 ita,
2004 4961 2145 5028 quod
2183 4959 2352 5025 magis

788 5039 1070 5099 arrideret.
1101 5036 1226 5089 dum
1250 5035 1437 5088 vocula
1462 5043 1751 5102 expuncta.

868 5112 887 5140 ³
928 5108 1137 5160 Alcuin.
1173 5103 1487 5173 Pauperem,
1519 5100 1607 5173 Qui
1643 5103 1855 5156 haberet
1884 5100 2209 5163 sapientiam
2241 5114 2353 5149 nta-

799 5187 983 5240 iorem,
1014 5187 1118 5229 εις.

913 5206 955 5227 ,μ
1014 5206 1118 5229 ειν.

786 5206 987 5301 Fufii;
1009 5206 1277 5316 quasierit
1331 5244 1525 5308 locum,
1564 5255 1669 5316 etc.
1706 5244 1888 5310 inepta
1922 5239 2155 5316 plurima
2189 5245 2352 5316 verba

798 5328 901 5378 hoc
931 5309 1046 5371 loco
1082 5328 1290 5372 veteres
1314 5315 1583 5369 editiones
1618 5309 1829 5367 Erasm.
1855 5320 1909 5365 et
1932 5310 2159 5362 Marian.
2193 5309 2357 5359 ittter~

799 5394 982 5459 polant
1021 5390 1190 5443 textui
1241 5387 1681 5459 Hieronyiniano,
1728 5399 1847 5448 quia:
1899 5380 2037 5433 intra
2070 5378 2362 5459 parenthe-

799 5449 902 5519 sim
930 5459 1005 5513 ita
1032 5459 1356 5528 concludunt
1388 5470 1404 5509 :
1430 5449 1701 5520 (diabolus
1738 5467 1959 5522 serpens
1984 5460 2063 5528 est
2096 5449 2361 5510 lubricus,

799 5514 957 5597 cuius
985 5530 1031 5582 si
1060 5531 1241 5595 capiti,
1274 5527 1326 5581 id
1351 5514 1455 5586 est,
1485 5514 2029 5597 pritttaa_sugg't:stt0tii
2061 5534 2166 5597 non
2230 5514 2391 5597 tesi?

803 5587 985 5662 mitur.
1017 5587 1162 5653 totu's
1188 5587 1401 5652 interna
1428 5587 1627 5657 cordis,
1655 5587 1939 5648 dumo-non
1958 5590 2215 5662 sentitur,
2245 5587 2364 5639 illa-

803 5657 1355 5733 bitur,'teantionum
1378 5665 1769 5719 diabolicarmn
1796 5662 1948 5733 initia
1973 5657 2172 5733 ﬂagitia
2201 5666 2364 5733 sunt:

806 5758 914 5811 aen
957 5724 1400 5811 ἰιςιλςιιιιιιιιξεοι-Ρ
1445 5738 1537 5811 sed
1594 5736 1843 5788 incentor
1898 5724 2175 5811 vitiorum.
2208 5724 2367 5779 Unde

810 5798 1009 5864 ὑλικὴ
1047 5808 1125 5861 'l'u
1155 5795 1464 5864 confregisti
1501 5815 1654 5858 canat
1690 5799 1979 5856 druronis.)
2021 5795 2293 5849 Maurus.

822 5870 831 5881 κ

2428 3248 2765 3305 molientem,
2816 3241 3071 3312 pauperis
3124 3237 3284 3291 istius
3354 3231 3622 3301 sapientia
3683 3222 3993 3281 corruisse?

2425 3341 2671 3404 Cumque
2703 3352 2905 3402 pauper
2942 3335 3026 3386 hie
3059 3332 3271 3391 vicerit,
3303 3338 3358 3381 et
3388 3326 3519 3379 urbs
3546 3322 3663 3392 paci
3706 3319 3867 3373 luerit
3921 3334 3992 3367 Γυ-

2427 3434 2639 3495 stituta,
2678 3430 2761 3481 vix
2793 3426 2990 3494 aliquis
3017 3415 3423 3492 ejttsnteminit,
3458 3414 3545 3465 vix
3582 3410 3731 3463 illius
3755 3405 3990 3459 mandata

2428 3522 2781 3578 considerat:
2817 3517 2909 3571 sed
2964 3524 3108 3569 totos
3164 3526 3223 3566 se
3272 3506 3505 3564 luxuriae
3541 3514 3596 3558 et
3638 3498 3995 3567 voluptatibus

2430 3612 2816 3673 concedentes,
2846 3616 3100 3678 quaerunt
3129 3602 3374 3663 divitias,
3417 3611 3538 3667 quae
3586 3596 3642 3647 in
3684 3588 3998 3646 necessitate

2433 3721 2537 3759 non
2576 3704 2827 3757 liberant.

2512 3858 2530 3891 ι
2570 3840 2637 3894 Ει
2666 3838 2776 3892 dixi
2803 3852 2922 3905 ego,
2947 3834 3137 3888 melior
3170 3830 3283 3901 [ΑΙ.
3317 3828 3593 3881 meliorem
3643 3837 3767 3877 esse
3796 3820 3998 3888 sapien-

2436 3931 2589 4001 tiam]
2630 3938 2713 3983 est
2737 3925 3029 3995 sapientia“
3074 3938 3235 3990 super
3286 3916 3682 3973 fortitudinem.
3723 3923 3776 3967 et
3804 3911 4001 3979 sapien-

2436 4022 2509 4076 tia
2563 4019 2820 4089 pauperis
2848 4032 2967 4086 qua:
3023 4015 3275 4079 despecta
3306 4019 3409 4072 est,
3464 4018 3518 4060 et
3552 4005 3720 4059 verba
3756 4002 3874 4070 ejus
3901 4017 4005 4069 qua:

2438 4130 2545 4168 non
2608 4121 2736 4165 sunt
2796 4109 3003 4163 audita.
3042 4124 3059 4155 ι
3096 4103 3421 4169 Quanquam
3480 4098 3667 4151 nullus
3706 4093 4005 4149 meminerit

2440 4205 2703 4272 Sapientis
2736 4200 2989 4270 pauperis
3034 4196 3202 4257 illius,
3233 4207 3356 4245 cum
3378 4192 3497 4243 laeta
3529 4190 3641 4243 sint
3668 4188 3897 4248 omnia;
3925 4183 4006 4235 sed

2444 4294 2683 4349 uuiversi
2750 4288 3043 4359 potentiatu
3104 4295 3157 4337 et
3214 4282 3433 4337 divitias
3484 4281 3875 4331 admirentur:
3924 4290 4007 4343 ego

2446 4398 2624 4440 tamen
2700 4380 2997 4436 secundum
3056 4391 3250 4430 omnes
3304 4388 3469 4442 supra
3541 4374 4007 4439 interpretationes

2451 4477 2626 4547 magis
2670 4474 2879 4529 honoro
2942 4479 3307 4536 contemptam
3355 4463 3710 4531 sapientiam,
3781 4471 3837 4515 et
3866 4462 4011 4514 verba

2450 4581 2571 4636 quae
2606 4564 2791 4619 nullus
2821 4560 3011 4615 audire
3041 4559 3316 4627 dignatur.

2528 4720 2546 4752 ι
2589 4700 2761 4754 Verba
2822 4696 3149 4766 sapientium
3180 4692 3231 4746 in
3272 4693 3454 4762 quiete
3498 4688 3824 4747 audiuntur,
3908 4688 4013 4754 plu:

2452 4811 2614 4867 quam
2688 4795 2894 4847 clamor
2949 4796 3271 4860 potestatem
3337 4783 3584 4839 habentis
3644 4783 3698 4835 in
3757 4783 3959 4835 stultis.
3999 4795 4015 4826 ι

2528 4955 2549 4983 ⁸
2586 4951 2787 5014 Vatic.,
2831 4946 2897 5001 Et
2925 4950 3047 5017 quia
3085 4942 3470 5017 ista_cogi_tat_io
3502 4940 3780 5017 interioris
3813 4936 4018 4989 homini.-

2456 5035 2556 5085 est,
2599 5010 2794 5081 servat,
2845 5010 2952 5073 ete'.
2999 5018 3126 5081 Alii,
3177 5010 3456 5069 Interioris
3505 5010 3737 5062 hominis
3775 5023 3953 5060 sensus
3983 5020 4017 5055 et

2458 5101 2649 5147 servat.
2693 5100 2797 5142 ριν.

2528 5195 2596 5205 --
2627 5164 2689 5214 Et
2718 5163 2891 5229 quieta
2922 5158 3195 5225 cogitatio.
3216 5164 3323 5229 etc.
3357 5154 3462 5229 Pro
3491 5151 3673 5229 quieta
3706 5147 4015 5229 εοείιειιιυῖςι

2460 5234 2589 5286 editi
2622 5214 2741 5284 libri
2779 5214 3024 5297 quit-turn
3056 5214 3276 5279 sensum
3309 5214 3528 5297 habent;
3557 5221 3741 5287 legunt
3774 5214 3938 5271 ἐιιιιιι,
3968 5214 4021 5262 lx

2462 5306 2669 5371 sapiens
2698 5312 2745 5354 et
2778 5293 2982 5369 quietus
3010 5298 3275 5350 interioris
3326 5293 3549 5346 hominis
3574 5305 3779 5351 sensus,
3813 5300 3859 5341 et
3893 5298 4015 5338 eruet

2464 5367 2637 5425 urbem
2666 5367 3035 5441 quw'obsessa,
3061 5367 3479 5441 clc_.__MABTIAX.

2536 5446 2555 5476 ⁵
2593 5427 2820 5495 Frititur
2854 5427 3119 5493 libertate.
3146 5437 3245 5489 Hic
3274 5438 3436 5489 etiam
3479 5444 3576 5498 pro
3614 5427 3863 5482 libertate
3902 5427 4014 5479 reli-

2468 5523 2591 5566 nen!
2614 5512 2829 5564 liberam
2862 5508 3205 5563 voluntatem.
3244 5505 3509 5558 Maurus.

2539 5584 2560 5614 ⁸
2594 5581 2782 5635 Melior
2809 5594 2879 5633 cst
2906 5580 3193 5644 sapientia,
3226 5590 3327 5629 etc.
3353 5574 3540 5644 Plures
3574 5585 3705 5624 nis-1.
3739 5572 3809 5623 ita
3833 5571 4014 5633 ιρευιιι.

2472 5654 2623 5721 pauci
2656 5668 2777 5704 cum
2808 5651 2989 5708 editis,
3023 5647 3086 5721 Et
3114 5648 3226 5699 dixi
3255 5661 3345 5721 ego
3378 5643 3642 5721 nidorem
3688 5657 3801 5693 esse
3828 5652 4012 5702 Mlpttﬂ‘

2474 5712 2598 5774 liam
2634 5738 2789 5789 super
2818 5719 3143 5789 fortitudine,
3178 5712 3421 5768 trtc.Sed
3458 5720 3632 5789 ..olta_
3672 5723 3759 5763 est
3793 5712 3843 5761 in
3873 5719 4011 5759 sensu

2476 5781 2707 5846 mutatio.
2726 5781 2979 5844 utrolibet
3011 5788 3170 5841 modo
3205 5787 3513 5853 legct'nnus.
3595 5781 3863 5833 ἱιιοιπιλλ.
