4210 6350
766 379 893 443 1151

1933 383 1992 442 S.
2036 383 2340 444 EUSEBH
2382 384 2429 443 Il
2446 384 2673 442 IEHUN
2690 386 2818 444 YMI

3866 386 3993 452 1152

758 494 1055 562 tngentious
1110 491 1283 560 (Rom.
1320 509 1395 546 xu
1420 532 1435 556 .
1467 494 1575 561 liii;
1603 506 1678 557 ct,
1718 494 1849 559 Quis
1897 496 2223 565 inﬁrmatur,
2273 507 2321 550 et
2355 500 2396 553 Α
2428 497 2672 562 fratrem,
2705 508 2760 551 et
2791 498 2924 551 nihil
2952 498 3121 552 habet
3155 513 3183 552 a
3214 509 3469 565 serpente
3508 497 3750 568 amplius
3784 499 3823 553 ⁸.
3869 498 3991 553 Cum

756 604 849 657 ego
877 602 978 639 non
1010 585 1253 654 inﬁrmor
1282 589 1295 618 ¹
1322 585 1345 638 ?
1370 585 1535 658 473
1569 588 1685 655 quis
1720 588 2135 653 scandalizatur,
2163 600 2212 642 et
2236 606 2326 658 ego

759 696 862 733 non
889 694 1018 732 urar
1050 676 1134 748 (ΙΙ
1168 677 1294 733 Cor.
1322 695 1396 742 XI,
1431 680 1521 745 29)
1550 678 1763 748 ?Ligua
1796 699 2012 748 quoque
2045 683 2324 744 scindens.

761 773 1164 840 periclitabitur
1215 776 1269 828 in
1308 775 1404 828 eis.
1450 772 1699 829 lla-tetici
1737 772 1845 844 [ΑΙ.
1880 774 2148 845 [ueretici]
2186 777 2325 845 ligna

762 866 1100 922 infructuosa
1134 876 1281 931 sunt,
1321 878 1375 921 et
1413 867 1586 922 saltus
1620 868 1826 935 absque
1874 868 2110 923 utilitate
2141 885 2327 938 pomo-

762 979 907 1017 rum.
964 961 1113 1016 Unde
1136 970 1189 1014 et
1239 960 1291 1013 in
1346 961 1546 1025 templo
1599 960 1689 1013 Dei
1726 960 2050 1028 prohibetur
2093 961 2323 1030 plantari

765 1067 1048 1117 nemus,et
1076 1069 1215 1108 vana
1261 1056 1530 1117 foliorum,
1566 1056 1618 1107 id
1649 1064 1752 1117 est,
1786 1055 2076 1109 verborum
2114 1063 2324 1109 tantum

764 1145 1074 1200 sonantium
1110 1156 1441 1215 spernuntur
1482 1144 1822 1199 umbracula.
1864 1147 2121 1211 Quamvis
2161 1148 2327 1215 igitur

764 1241 832 1293 sit
870 1240 1112 1309 prudens
1146 1248 1198 1293 et
1233 1238 1428 1290 doctus
1462 1239 1563 1302 vir,
1600 1238 1691 1307 qui
1725 1237 1907 1304 gladio
1936 1240 2209 1292 sermonis
2243 1240 2324 1293 sui

765 1334 878 1386 hac
932 1334 1073 1401 ligna
1110 1331 1455 1396 conscindat,
1510 1332 1906 1399 periclitabitur
1934 1332 1955 1362 ¹
2005 1332 2059 1386 in
2088 1333 2190 1395 eis,
2225 1333 2327 1387 nisi

763 1425 1054 1489 diligenter
1085 1423 1381 1477 attenderit
1413 1441 1427 1489 ;
1475 1423 1708 1476 maxime
1752 1424 1795 1476 si
1842 1425 1888 1478 ei
1918 1424 2021 1478 hoc
2072 1425 2216 1494 quod
2246 1441 2328 1479 se-

765 1520 973 1585 quitur,
1004 1516 1308 1585 acciderit]:
1359 1517 1421 1569 Si
1455 1527 1689 1570 retusum
1724 1517 1881 1584 fuerit
1914 1517 2132 1585 ferrum,
2170 1527 2219 1571 et
2250 1517 2332 1584 fa-

763 1608 891 1657 ciem
922 1604 1036 1674 ejus
1072 1608 1384 1670 turbaverit,
1412 1606 1462 1660 id
1490 1615 1595 1666 est,
1632 1606 1675 1661 si
1710 1607 2004 1674 disputatio
2033 1606 2151 1673 ejus
2182 1607 2333 1661 iutir-

765 1698 905 1751 mior
952 1698 1117 1752 fuerit
1173 1700 1416 1763 inventa,
1473 1714 1575 1753 nec
1622 1716 1849 1753 acumen
1899 1698 2173 1764 habuerit,
2222 1715 2331 1768 quo

761 1793 1037 1846 contraria
1094 1808 1323 1859 quicque
1404 1805 1596 1847 seret:
1644 1793 1769 1873 sed!
1793 1790 2093 1858 principale
2146 1791 2327 1845 cordis

760 1890 882 1954 ejus
918 1890 1243 1950 hebetetur;
1278 1889 1333 1941 in
1366 1898 1573 1957 partem
1619 1887 1875 1940 transibit
1925 1887 2238 1948 adversam,
2276 1896 2329 1940 et

758 1980 1113 2035 teatilirmahit
1143 1996 1265 2034 cum
1301 1979 1567 2032 fortitudo
1599 1993 1874 2044 perversa.
1903 1979 2015 2033 Hoc
2046 1980 2191 2033 enim
2220 1989 2326 2038 est,

757 2076 901 2142 quod
965 2074 1319 2142 Septuaginta
1383 2071 1717 2141 [interpretes
1763 2072 2213 2125 transtulerunt:
2262 2068 2330 2124 Et

757 2169 1073 2235 fortitudine
1135 2165 1566 2234 confortabitur;
1612 2173 1665 2216 ct
1719 2162 1990 2229 superﬂua
2040 2165 2330 2218 roboratus

755 2263 1028 2326 sapientia
1087 2260 1330 2327 incipiet,
1370 2258 1568 2325 iuqttit,
1620 2256 1993 2308 fortitudinem
2029 2256 2246 2315 habere,
2274 2267 2330 2309 et

756 2353 1108 2419 sapientiam,
1138 2365 1257 2419 quae
1287 2348 1562 2415 s-iperllua
1594 2359 1701 2409 est,
1735 2358 1918 2401 etnon
1946 2347 2328 2416 adjuvat-pos-

757 2448 1048 2503 sidentem.

832 2555 850 2585 ι
887 2536 940 2587 Si
970 2541 1221 2587 retusum
1252 2530 1418 2584 fuerit
1450 2529 1653 2582 ferrum
1682 2545 1698 2593 ς
1729 2540 1778 2581 et
1811 2530 1912 2580 hoc
1949 2544 2052 2581 non
2077 2539 2129 2581 ut
2154 2528 2327 2595 prius,

758 2626 851 2681 sed
881 2625 1272 2679 conturbatum
1299 2621 1485 2683 fuerit,
1517 2621 1812 2673 Virtutibus
1834 2620 2282 2674 corroborabitur
2312 2632 2329 2676 :

757 2730 809 2771 et
847 2718 1115 2785 reliquum
1148 2713 1484 2767 fortitudinis
1526 2713 1791 2780 Sapientia
1833 2721 1936 2766 est.
1982 2731 1999 2763 ι
2032 2710 2087 2765 Si
2125 2728 2201 2774 se,
2243 2713 2329 2765 iu-

760 2812 922 2876 quit,
985 2807 1187 2875 aliquis
1241 2808 1441 2859 vidi-rit
1492 2822 1590 2874 per
1648 2805 2030 2872 negligentiam
2084 2805 2331 2859 amisisse

761 2902 1049 2954 scientiam
1098 2899 1534 2966 Scriptor-arum,
1582 2905 1634 2947 et
1674 2910 1903 2948 acumen
1958 2895 2158 2963 ingenii
2210 2894 2330 2962 ejus

765 2995 926 3046 fui-rst
954 2992 1205 3044 obtusum
1241 3004 1257 3044 ι
1283 2999 1334 3041 et
1359 2987 1719 3041 conturbatus
1739 3001 2082 3055 nequaquam
2116 3002 2332 3041 manse-

764 3086 856 3148 rit,
882 3083 1059 3151 qualis
1093 3094 1217 3135 esse
1244 3079 1354 3147 jam
1390 3086 1658 3146 coeperat.
1701 3077 1894 3135 Erenit
1939 3078 2140 3147 quippe
2166 3078 2332 3132 inter-

2430 590 2575 642 enim
2610 588 2791 657 lingua
2825 590 3062 644 hominis
3088 590 3155 641 ad
3189 590 3618 644 benedicendum
3681 597 3735 643 et
3779 589 3846 644 ad
3876 592 3995 644 auli-

2432 683 2739 736 ticationem
2790 683 3023 751 proximi
3086 682 3162 736 sit
3209 692 3410 747 creata,
3466 680 3557 735 ille
3605 696 3727 735 eam
3766 685 3992 748 serpenti

2428 774 2692 843 aequalem
2728 772 2876 837 facit,
2932 775 3058 827 dum
3096 773 3394 828 virtutibus
3418 772 3540 841 ejus
3594 772 3649 825 in
3682 788 3992 842 perversum

2428 867 2695 921 abutitur.
2736 866 2909 921 Aliter
2943 883 2958 923 ς
2993 864 3046 935 Si
3079 881 3242 934 quem
3275 880 3504 935 serpens
3523 864 3778 919 diabolus
3794 865 3994 919 occulte

2431 958 2807 1021 momorderit,
2833 968 2887 1012 et
2914 959 3061 1012 nullo
3085 956 3332 1020 conscio,
3379 972 3504 1012 eum
3539 956 3753 1026 peccati
3793 971 3993 1010 veneno

2429 1049 2717 1115 infecerit;
2750 1050 2793 1104 si
2823 1051 3053 1104 tacuerit
3085 1051 3181 1119 qui
3208 1064 3505 1118 percussus
3535 1056 3640 1112 est,
3672 1058 3730 1102 et
3750 1062 3855 1101 non
3873 1064 3994 1116 ege-

2429 1143 2501 1195 rit
2548 1142 2947 1210 paenitentiam,
2985 1158 3091 1199 nec
3121 1142 3318 1196 vulnus
3359 1155 3515 1194 suum
3556 1138 3717 1193 fratri
3744 1148 3801 1193 et
3831 1139 3993 1209 magi

2428 1245 2541 1289 stro
2595 1235 2830 1289 voluerit
2883 1236 3176 1300 contueri,
3230 1233 3492 1301 magister
3549 1240 3607 1286 et
3647 1230 3860 1292 frater,
3909 1230 3993 1298 qui

2429 1326 2669 1397 linguam
2708 1322 2911 1380 habent
2947 1325 2967 1357 ⁸
3005 1326 3071 1380 ad
3104 1325 3433 1386 curandum,
3468 1321 3633 1377 facile
3654 1320 3707 1375 ei
3742 1318 3994 1391 prodesse

2430 1434 2535 1471 non
2570 1425 2848 1486 poterunt.
2906 1417 2964 1471 Si
2992 1417 3139 1470 enim
3188 1418 3476 1469 erubescat
3513 1421 3780 1482 aegrotus,
3807 1410 3993 1464 vulnus

2432 1511 2640 1565 medico
2658 1511 2932 1575 contiteri,
2962 1510 3107 1580 quod
3152 1508 3364 1577 ignorat
3386 1506 3658 1562 medicina
3690 1520 3797 1560 non
3826 1516 3993 1559 curat.

2506 1624 2523 1655 ι
2556 1603 2729 1658 Verba
2762 1603 2876 1656 oris
2903 1601 3169 1671 sapientis
3200 1598 3396 1669 gratia,
3435 1608 3487 1653 et
3522 1597 3667 1651 labia
3697 1595 3999 1664 insipientis

2432 1696 2847 1764 pi-a-eipitabunt
2880 1710 3026 1747 eum.
3071 1711 3089 1744 ι
3128 1691 3394 1758 Stultitia,
3427 1690 3471 1743 si
3512 1704 3612 1743 sua
3645 1698 3797 1741 esset
3840 1685 4002 1738 rusti-

2431 1788 2593 1839 citate
2624 1795 2905 1847 contenta,
2940 1784 3123 1837 minus
3160 1780 3365 1851 aliquid
3406 1781 3633 1834 haberet
3666 1778 3819 1832 mali.
3854 1775 4001 1830 Nunc

2432 1889 2607 1930 autem
2642 1886 2833 1929 contra
2867 1875 3188 1941 sapientiam
3225 1874 3422 1928 bellum
3454 1871 3621 1941 gerit,
3665 1878 3721 1923 et
3746 1868 3999 1938 Quidquid

2434 1968 2736 2039 prudentia:
2787 1968 2842 2021 in
2892 1966 3053 2021 docto
3102 1965 3221 2018 viro
3259 1964 3519 2027 viderit',
3558 1962 3677 2016 zelo
3733 1960 4000 2016 stimulata

2436 2077 2543 2112 non
2578 2059 2791 2127 recipit.
2814 2057 3079 2127 Loquitur
3098 2058 3247 2111 enim
3275 2055 3357 2108 \‘ir
3387 2055 3611 2125 sapiens
3644 2054 3814 2106 verba
3836 2051 4005 2106 scien-

2435 2151 2543 2210 tiae,
2578 2156 2633 2203 et
2666 2150 2830 2202 verba
2862 2148 3072 2215 gratia‘,
3107 2161 3231 2215 qua:
3279 2145 3569 2198 utilitatem
3612 2148 3849 2210 possunt
3876 2154 4002 2207 prte-

2435 2243 2560 2296 here
2596 2240 2971 2301 audientibus,
3002 2247 3054 2291 et
3084 2252 3250 2291 aures
3276 2236 3426 2290 stulti
3459 2251 3565 2288 nou
3589 2236 3662 2287 ita
3692 2232 4001 2300 suscipiunt

2434 2352 2553 2405 qua:
2587 2335 2846 2386 dicuntur
2882 2372 2896 2392 ,
2938 2341 2990 2384 ut
3039 2329 3185 2383 dicta
3221 2338 3344 2383 sunt
3372 2343 3389 2394 ;
3422 2330 3511 2381 sed
3548 2342 3578 2380 e
3612 2324 3895 2378 contrario
3926 2323 4003 2373 vi-

2439 2448 2558 2485 rum
2594 2431 2919 2501 prudentem
2943 2427 3298 2497 supplantare
3325 2434 3623 2487 c0uantur,
3658 2431 3711 2475 et
3740 2420 3823 2474 sui
3858 2418 4001 2472 sitni-

2436 2523 2540 2577 lem
2576 2520 2777 2575 facere.
2830 2516 2895 2570 Et
2949 2531 3135 2570 revera
3193 2515 3564 2585 ιιισεοίρίιιιιυιι
3620 2511 3704 2563 vir
3756 2509 4002 2577 sapiens,

2436 2616 2654 2684 quando
2685 2613 2736 2666 in
2783 2624 2971 2664 aurem
3025 2607 3266 2675 loquitur
3302 2603 3686 2674 imprudentis,
3745 2609 3800 2655 et
3851 2598 4000 2651 verba

2437 2713 2559 2780 ejus
2596 2710 2649 2763 in
2692 2706 2989 2776 profundo,
3047 2712 3103 2756 ut
3157 2701 3229 2753 ita
3262 2700 3467 2759 dicam,
3509 2695 3724 2766 gurgite
3757 2699 3999 2763 pereunt.

2435 2776 2593 2859 [inde
2626 2802 2837 2862 beatus,
2867 2800 2961 2865 qui
2995 2810 3049 2847 ιιι
3082 2807 3270 2847 aurem
3307 2791 3536 2859 loquitm
3591 2786 3869 2840 audientis
3898 2785 3937 2835 ⁸.
4016 2776 4025 2783 ⁷

2514 2910 2532 2943 t
2570 2892 2792 2947 [uitium
2830 2888 3117 2941 verborum
3155 2884 3281 2952 ejus
3306 2883 3325 2913 "
3363 2880 3704 2948 insipientia,
3744 2888 3799 2930 et
3830 2889 4001 2928 "0H5-

2442 2986 2641 3038 simutu
2676 2981 2787 3035 oris
2824 2979 2945 3047 ejus
2970 2992 3121 3030 error
3161 2976 3453 3044 pessimus.
3502 2971 3566 3024 Et
3597 2970 3805 3024 stultus
3837 2965 4005 3019 multi-

2442 3077 2605 3143 plicat
2636 3072 2821 3126 verba.
2854 3071 3073 3140 Ignorat
3126 3068 3289 3119 homo
3341 3065 3469 3132 quid
3509 3064 3602 3127 sit,
3634 3060 3783 3130 quod
3810 3060 4002 3113 iactum

765 3179 917 3241 dum,
974 3184 1031 3227 ut
1074 3189 1200 3226 cum
1252 3170 1526 3224 modicum
1587 3170 1827 3223 scientiae
1875 3170 1999 3237 quis
2050 3167 2326 3230 habuerit,
2360 3184 2402 3240 α
2437 3175 2563 3220 cst:
2598 3162 2819 3232 etquod
2855 3161 3098 3213 futurum
3144 3167 3232 3211 est
3283 3167 3404 3225 post
3435 3168 3583 3215 eum,
3624 3153 3751 3222 quis
3798 3165 3976 3204 annon

765 3274 943 3325 elatus
971 3269 1021 3319 in
1050 3263 1387 3331 superbiam,
1417 3262 1629 3314 discere
1678 3259 1910 3313 desistat
1943 3269 1997 3313 et
2048 3258 2246 3329 legere,
2280 3265 2334 3310 ct

768 3360 1029 3430 paulatim
1052 3374 1116 3409 cx
1147 3371 1233 3415 eo,
1265 3354 1407 3423 quod
1434 3352 1568 3404 nihil
1600 3354 1649 3405 ei
1682 3350 1925 3415 additur,
1952 3349 2336 3416 subtrahatur,

768 3463 823 3508 et
851 3463 1083 3503 vacuum
1115 3445 1423 3514 disciplinis
1451 3453 1639 3511 pectus
1673 3450 1967 3505 remaneat,
1998 3440 2335 3508 ferrumque,

768 3536 916 3605 quod
944 3542 1165 3587 acutum
1192 3532 1391 3593 fuerat,
1427 3530 1710 3583 hebetetur
1738 3544 1752 3592 ;
1786 3529 1956 3581 otium
1990 3529 2133 3581 enim
2168 3537 2221 3580 et
2247 3528 2342 3582 de-

770 3628 909 3681 sidia
941 3625 1097 3694 quasi
1130 3623 1380 3693 quaedam
1417 3622 1609 3690 rubigo
1638 3620 1920 3689 sapientia-
1952 3631 2060 3674 est.
2090 3618 2149 3673 Si
2174 3619 2340 3689 igitur

768 3719 898 3787 quis
923 3717 1027 3769 hoc
1085 3728 1280 3785 passus
1341 3713 1543 3776 fuerit,
1586 3728 1690 3765 non
1740 3712 1991 3779 desperet
2040 3711 2338 3764 remedium

766 3807 1045 3870 sanitatis,
1086 3805 1180 3858 sed
1220 3804 1378 3857 radat
1414 3805 1481 3856 nd
1520 3805 1862 3870 magistrum,
1914 3812 1967 3855 et
2005 3817 2219 3856 rursum
2255 3802 2339 3854 in.

769 3908 1019 3953 struatur
1072 3894 1139 3949 ab
1173 3908 1259 3955 eo,
1316 3903 1371 3947 et
1427 3902 1550 3961 post
1606 3894 1846 3947 laborem
1890 3902 1945 3947 et
1988 3892 2339 3955 industriam,

773 3992 1144 4059 sudoremque
1188 3988 1439 4049 nimium,
1490 3984 1689 4038 Valebit
1742 3982 2067 4049 sapientiam
2104 3983 2344 4050 recipere

773 4098 942 4153 quam
975 4082 1253 4135 amiserat.
1292 4077 1402 4130 lloc
1431 4084 1537 4137 est,
1589 4076 1730 4141 quod
1765 4075 1816 4127 in
1858 4073 2085 4127 Hebraeo
2132 4073 2344 4143 signiﬁ-

775 4176 993 4228 cantius
1039 4174 1239 4226 dicitur
1274 4185 1286 4221 :
1361 4192 1378 4219 ι
1421 4169 1485 4221 Et
1517 4164 1928 4219 lortitudiutbns
1961 4164 2341 4219 corroborabi-

780 4276 885 4321 tur,
920 4282 935 4313 ι
995 4262 1043 4315 id
1096 4273 1201 4325 est,
1238 4260 1444 4320 labore,
1484 4266 1536 4308 et
1592 4257 1816 4317 sudore,
1873 4262 1925 4304 et
1973 4252 2261 4316 industria,
2295 4262 2348 4305 (οι

776 4355 1094 4423 quotidiana
1155 4352 1409 4409 let-tione.
1468 4346 1789 4414 Sapientiam
1859 4353 2243 4409 consequetur,
2294 4351 2346 4394 et

775 4443 1043 4505 turtitndo
1099 4442 1271 4511 ipsius
1331 4436 1553 4492 habebit
1606 4437 1751 4487 hunc
1779 4432 1963 4497 ﬁnem,
2004 4441 2061 4485 ut
2116 4430 2347 4499 accipiat

772 4540 1123 4607 sapientiam.

847 4628 1012 4701 474
1050 4647 1066 4678 t
1104 4625 1157 4681 Si
1196 4620 1549 4678 momorderit
1588 4632 1817 4684 serpens
1865 4617 1916 4669 in
1957 4616 2193 4682 silentio,
2230 4630 2339 4670 non

777 4735 861 4777 est
897 4721 1128 4790 amplius
1160 4716 1380 4770 habenti
1418 4715 1678 4781 linguam.
1709 4727 1727 4759 ι
1769 4707 2007 4773 Simplex
2040 4709 2124 4761 hic
2154 4724 2345 4763 sensus

775 4826 905 4877 .est:
942 4814 1183 4882 Serpens
1201 4822 1253 4861 et
1297 4808 1571 4860 detractor
1601 4801 1841 4872 aequales
1877 4812 2027 4854 sunt.
2066 4800 2347 4866 Quomodo

781 4910 927 4963 enim
984 4906 1073 4959 ille
1129 4900 1343 4957 occulte
1398 4898 1651 4951 mordens
1704 4907 1969 4947 venenum
2003 4892 2231 4956 inserit;
2269 4893 2347 4945 sic

778 5003 886 5057 iste
912 5002 1051 5052 tflntlt
1087 4994 1407 5053 detrahens,
1455 4989 1609 5043 virus
1640 4987 1877 5055 pectoris
1910 4984 1991 5037 sui
2042 4982 2268 5037 effundit
2294 4984 2345 5037 in

858 5118 870 5147 ¹
900 5115 1027 5179 Quis
1063 5112 1393 5179 inﬁrmatur,
1440 5118 1488 5161 et
1516 5120 1772 5179 egonou.
1820 5103 2181 5179 Quamplures
2215 5118 2346 5157 mss.

778 5173 1043 5247 ριιιὶιῖιιιιι
1096 5173 1327 5234 mediam
1367 5173 1574 5248 partem
1628 5176 1792 5237 hujus
1843 5173 2093 5248 versiculi
2129 5186 2351 5241 pr0pter

782 5239 867 5319 bis
899 5253 1119 5322 repetita
1161 5239 1651 5322 eadem'verba.-et
1680 5260 1771 5311 ego
1806 5258 1930 5322 non.
1969 5239 2240 5322 hiatum.

854 5328 873 5357 ³
904 5312 1040 5376 Ti-es
1073 5337 1229 5381 mss.,
1266 5319 1413 5388 ligna
1442 5315 1707 5373 concidat,
1734 5312 2134 5386 periclitabitur,
2168 5321 2277 5388 etc:

854 5396 874 5425 ³
906 5392 1143 5457 Αεοιιὶιι.,
1199 5380 1260 5442 Et
1287 5380 1415 5441 rit/iit
1462 5388 1622 5457 habet
1653 5401 1684 5437 a
1715 5393 1953 5457 serpente
1999 5380 2195 5436 minus.
2231 5380 2352 5435 Mox

784 5476 996 5518 soleres
1037 5451 1261 5528 vulgati,
1285 5460 1366 5513 Ad
1398 5456 1806 5528 benedicendum
1840 5451 2025 5528 I)ett_m,
2050 5461 2155 5504 etc.

851 5562 920 5573 ——
950 5534 1028 5587 Ad
1060 5520 1487 5585 benedicendum.
1523 5525 1663 5578 Εὐίιὶ
1697 5524 1905 5575 addunt
1934 5520 2259 5583 Deum,sed,
2296 5520 2348 5572 ui

788 5605 966 5664 l'allor,
1005 5602 1277 5667 superﬂue
1303 5615 1315 5650 :
1345 5600 1471 5662 quia
1501 5596 1757 5667 huc_l_ucii
1789 5592 2090 5644 benedicere
2140 5592 2349 5659 signib-

784 5684 864 5725 t'at
899 5663 1147 5737 proximo
1178 5676 1311 5720 bona
1342 5666 1575 5732 precari.
1612 5663 1884 5737 Murtias.

862 5744 877 5769 ⁸
902 5729 1069 5795 lib-ni,
1111 5739 1215 5789 λἰ-ιτ
1250 5729 1435 5788 rttlnus
1470 5752 1617 5786 suum
1660 5733 1910 5796 magistro
1936 5729 2150 5782 voluerit
2184 5732 2349 5790 conli~

788 5823 911 5874 teri;
953 5812 1219 5877 magister,
1265 5810 1355 5876 qui
1387 5807 1622 5874 liitJttuin
1682 5802 1853 5861 luitic',
1892 5814 1939 5853 trt
1989 5803 2350 5863 cuhtt'l'cuter,

2440 3257 2595 3311 tiabit
2626 3252 2719 3307 ei?
2756 3272 2775 3304 ι
2806 3251 3002 3305 Adhuc
3033 3251 3081 3303 ei
3107 3248 3171 3302 de
3199 3247 3366 3302 Stulto
3394 3245 3691 3313 disputatio
3725 3252 3830 3307 est,
3860 3241 4007 3308 cujus

2441 3348 2584 3402 labia
2615 3344 2962 3413 praecipitant
3013 3340 3347 3410 sapientem,
3393 3338 3511 3391 sive
3554 3336 3711 3404 juxta
3740 3336 3900 3386 aliam
3936 3334 4007 3383 in-

2445 3436 2917 3508 terpretationem,
2954 3433 3185 3488 stultum
3232 3431 3412 3497 ipsum
3464 3441 3727 3482 corruere
3782 3425 4001 3478 faciunt.

2441 3531 2660 3585 Initium
2693 3526 2839 3581 enim
2876 3524 3151 3580 sermonis
3174 3520 3319 3590 ejus,
3348 3528 3403 3575 et
3432 3518 3557 3573 linis
3584 3516 3822 3571 stultitia
3852 3525 3932 3568 est
3960 3525 4005 3565 tl

2444 3636 2597 3676 error
2652 3619 2966 3689 pessimus;
3001 3616 3138 3681 sive,
3198 3621 3259 3667 ut
3310 3609 3675 3681 Symmachus
3717 3605 4005 3665 transtulit,

2449 3731 2467 3763 ‹
2508 3710 2798 3772 tumultus,
2846 3718 2900 3763 et
2927 3704 3171 3777 quaedam
3203 3701 3491 3757 verborum
3538 3696 3949 3758 inconstantia;
3989 3714 4002 3741 ι

2445 3805 2574 3857 dum
2630 3817 2737 3855 non
2772 3807 2954 3853 manet
2984 3799 3037 3850 in
3073 3793 3235 3866 475
3260 3791 3551 3855 sententia,
3591 3789 3684 3843 sed
3749 3797 3907 3857 putat
3961 3788 4005 3834 in

2448 3889 2901 3960 multiplicatione
2945 3898 3260 3940 sermonum
3298 3880 3536 3946 ell'ugere
3589 3892 3650 3932 se
3708 3892 3872 3945 posse
3899 3888 4007 3941 pec-

2448 3995 2653 4039 Catum.
2683 3980 2820 4033 Cum
2873 3976 3015 4030 enim
3072 3987 3171 4026 nec
3224 3970 3624 4040 prateritorum
3684 3965 4006 4025 meminerit,

2449 4090 2547 4128 nec
2586 4075 2769 4123 I'utura
2817 4074 3135 4137 cognoscat,
3185 4074 3238 4115 et
3275 4063 3327 4114 in
3360 4060 3670 4129 ignorantia
3702 4068 3755 4110 et
3787 4055 4009 4109 tenebris

2449 4164 2745 4225 Volutetur,
2775 4158 2965 4212 falsam
2994 4156 3095 4211 sibi
3127 4151 3415 4208 scientiam
3448 4148 3844 4217 repromittens
3878 4145 3933 4211 ⁸;
3960 4144 4003 4195 in

2451 4274 2515 4309 eo
2547 4258 2791 4315 doctum,
2826 4252 2878 4302 in
2908 4264 2973 4303 eo
2997 4263 3055 4301 se
3081 4253 3235 4314 putat
3263 4258 3384 4296 esse
3420 4242 3746 4309 sapientem,
3778 4239 3822 4290 si
3860 4244 4007 4289 νυνι-ει

2454 4344 2793 4413 multiplicet.
2825 4340 3008 4392 Potest
3059 4338 3162 4388 hoc
3191 4345 3243 4387 et
3269 4334 3337 4387 de
3388 4332 3658 4386 haereticis
3690 4330 3892 4397 accipi,
3924 4328 4005 4395 qui

2453 4434 2798 4503 prudentium
2829 4430 3073 4483 virorum
3118 4426 3263 4480 dicta
3296 4438 3403 4478 non
3435 4424 3697 4492 capiunt;
3730 4420 3828 4475 sed
3866 4436 3922 4474 se
3955 4420 4009 4471 ad

2381 4533 2422 4585 υ
2453 4530 2859 4593 disputationes
2894 4518 3201 4574 contrarias
3224 4522 3697 4586 prmparautes,et
3721 4509 3933 4563 initium
3965 4519 4010 4561 et

2454 4619 2612 4671 tinctu
2664 4613 2921 4681 loquendi
2957 4609 3217 4668 vanitate,
3269 4606 3528 4667 tumultu,
3574 4618 3771 4655 errore
3803 4599 4011 4653 convol-

2455 4715 2586 4760 Vunt
2618 4724 2632 4758 :
2664 4716 2717 4759 et
2743 4719 2867 4759 cum
2902 4702 3038 4755 nihil
3060 4700 3240 4753 sciant
3265 4701 3312 4763 ',
3347 4697 3647 4765 loquuntur
3676 4692 3834 4762 plura
3860 4704 4007 4761 quam

2456 4808 2676 4853 llOl'tlttl.

2530 4909 2547 4941 ι
2584 4890 2758 4944 Labor
2802 4890 3093 4943 stultorum
3130 4881 3325 4952 aﬂliget
3357 4894 3474 4943 eos,
3505 4878 3599 4945 qui
3631 4876 3895 4930 nesciunt
3942 4874 4009 4925 ire

2457 4984 2509 5035 in
2540 4984 2830 5034 civitatem.
2870 4996 2887 5027 ›
2920 4976 3055 5031 Cum
3094 4971 3471 5042 superioribus
3518 4969 3687 5021 etiam
3720 4966 3823 5019 bos
3853 4967 4004 5032 junge

2457 5114 2558 5150 non
2587 5095 2799 5160 poterit.

2528 5168 2548 5197 ⁸
2585 5153 2858 5223 Vaticani"
2886 5164 2938 5214 in
2970 5163 3122 5211 dacto
3152 5159 3361 5221 uiderit,
3383 5155 3589 5221 absque
3616 5153 3748 5203 viro.

2530 5237 2550 5266 ‘
2584 5234 2713 5287 Mss.
2746 5217 2941 5289 nostri,
2990 5240 3154 5295 atque
3201 5217 3589 5280 olim'Alcu'iu.
3648 5235 3777 5272 cum
3810 5217 4011 5295 pridem

2458 5306 2651 5363 editis.
2692 5301 2837 5354 (lude
2869 5289 3170 5353 beatus'itle
3191 5307 3292 5356 est,
3323 5307 3429 5348 cte.
3458 5306 3512 5345 et
3549 5305 3674 5343 uiux
3707 5289 4015 5349 audientem,

2460 5390 2559 5446 pro
2586 5373 2896 5446 audientis;
2929 5380 3140 5421 veteres
3168 5368 3319 5426 editi,
3353 5364 3720 5446 sapientia-ina
3798 5428 3809 5437 .
3950 5430 3959 5446 Ι
3989 5424 3997 5432 θ

2534 5446 2551 5473 ⁷
2583 5444 2809 5494 Palatia.
2842 5428 2894 5498 1,
2931 5447 3202 5501 expuat-ta
3234 5449 3363 5488 \oce
3385 5433 3523 5501 ejus,
3549 5428 4014 5501 substituitrstuttt'.

2535 5515 2555 5543 ³
2585 5510 2735 5576 Apud
2759 5497 3249 5571 Alcuin.,Tenebris
3270 5506 3317 5556 in
3330 5497 3536 5556 rot’utus
3552 5503 3726 5553 solum
3752 5499 3855 5551 sibi
3874 5497 4023 5549 scien-

2470 5589 2599 5637 tiam
2633 5580 3021 5644 repromittens.

2542 5658 2561 5683 ’⁵
2595 5633 2731 5703 (litin
2757 5651 2985 5701 Erasnm
3007 5633 3061 5700 et
3084 5644 3328 5700 Vit-torio
3349 5641 3581 5694 Palatini
3609 5640 3722 5692 duo
3744 5653 3879 5691 mss.
3907 5633 4023 5688 Cum

2463 5724 2628 5777 multo
2654 5734 2856 5778 errore,
2889 5728 2995 5770 t'lC.
3055 5718 3296 5777 Alcuitt”
3345 5712 3479 5765 Cum
3516 5710 3684 5761 utttito
3738 5721 3915 5761 errore
3939 5718 4019 5757 cu-

2466 5792 2690 5850 mulant,
2719 5801 2763 5841 et
2798 5803 2940 5851 cum,
2977 5796 3085 5842 ctc.
