4210 6350
186 416 328 477 Πό3

1128 417 1548 478 (ΊΟΜΜΕΝΤᾹ
1564 418 1748 479 RlliS
1792 418 1866 475 lN
1912 418 2499 482 RCCIESIASTEN.

3322 420 3468 487 1154

182 529 493 583 versiculos
530 537 669 585 :aut
697 529 1029 599 generaliter
1054 528 1121 584 de
1150 528 1414 583 omnibus
1442 530 1655 593 stultis,
1678 530 1770 597 qui
1808 539 1848 589 Α
1883 538 1934 580 et
1972 542 2205 584 veterem
2236 534 2503 603 piscinam
2539 538 2821 597 3\'t‘t'l:7t°it,
2887 535 3093 599 eligi-ns
3126 535 3228 589 sibi
3265 535 3462 591 ﬂuenta

184 620 447 687 ignorant
483 620 691 683 Deum,
725 631 820 675 aut
873 621 1164 689 spceialier
1187 620 1254 676 de
1287 621 1562 676 hmreticis
1589 623 1778 691 dispu-

186 721 263 764 tat
301 713 339 765 ¹.
368 710 519 781 Lege
545 712 832 768 Platonem
858 730 872 781 ;
896 714 1205 769 Atistotelis
1233 715 1450 770 revolve
1480 718 1778 786 versutias,

184 805 471 859 Zenonem
520 816 579 860 et
612 805 950 861 Carneadem
1028 808 1350 864 diligentius
1418 810 1653 873 intuere,
1726 820 1780 865 et

182 899 457 968 probabis
488 915 683 953 vermn
716 917 837 954 esse
865 900 1006 970 quod
1043 902 1249 955 dit-itur
1276 942 1289 956 .
1328 921 1346 954 ί
1377 902 1557 956 Labor
1586 904 1778 957 stulto-

186 1011 310 1047 rum
348 995 693 1065 amigeteus.
737 1015 755 1047 ι
793 994 1086 1048 Veritatem
1122 995 1196 1049 illi
1235 996 1453 1064 quidem
1488 999 1634 1049 omni
1661 1009 1779 1051 stu-

185 1089 278 1141 dio
333 1090 716 1158 qumsierunt;
756 1088 845 1141 sed
894 1090 1021 1158 quia
1070 1104 1177 1142 non
1214 1090 1522 1144 habuerunt
1560 1090 1777 1149 ducem.

187 1191 243 1235 et
276 1183 549 1251 prxvium
587 1183 822 1244 itineris,
856 1190 909 1236 et
947 1182 1203 1236 humanis
1230 1183 1487 1239 sensibus
1521 1183 1619 1235 rati
1652 1193 1781 1236 sunt

188 1288 249 1327 se
269 1274 753 1343 comprehendere
801 1289 962 1343 posse
1022 1275 1372 1341 sapientiam.
1405 1274 1469 1327 ad
1502 1275 1777 1329 civitatem

189 1367 426 1421 minime
485 1375 891 1434 pervenerunt,
938 1370 1004 1420 dc
1046 1383 1151 1435 qua
1189 1370 1240 1419 in
1278 1365 1496 1420 Psalmo
1524 1368 1725 1422 dicitur
1764 1384 1779 1424 :

190 1456 449 1521 Domine,
493 1457 548 1509 in
571 1458 779 1511 civitate
808 1468 899 1509 tua
924 1457 1209 1526 imaginem
1238 1458 1471 1524 ipsorum
1496 1458 1780 1524 dissipabis

189 1548 379 1617 (Psal.
407 1567 583 1608 Lutt.
620 1552 736 1620 20).
769 1550 973 1606 Omnes
1011 1554 1158 1606 enim
1182 1552 1408 1604 umbras
1448 1560 1504 1606 et
1526 1551 1774 1605 diversas

190 1639 474 1703 imagines
504 1653 666 1713 atque
689 1660 974 1714 personas,
1010 1660 1149 1714 quas
1184 1645 1287 1698 sibi
1329 1646 1382 1698 in
1430 1630 1599 1698 variis
1645 1645 1779 1713 dog-

192 1735 447 1790 matibus
490 1736 808 1801 induerunt,
862 1738 915 1791 in
951 1739 1085 1792 urbe
1112 1752 1209 1791 sua
1256 1737 1517 1790 Dominus
1548 1738 1780 1807 dissipa-

194 1823 299 1878 bit.
361 1824 439 1878 De
491 1842 599 1894 qua
630 1835 687 1881 et
732 1827 862 1883 alibi
892 1828 1162 1882 scribitur
1196 1841 1215 1881 :
1249 1826 1526 1881 Fluminis
1555 1828 1778 1895 impetus

195 1918 449 1988 (tuti/ient
477 1921 746 1974 civitatem
781 1920 873 1974 Dei
904 1920 1074 1983 (Psal.
1133 1939 1275 1987 χινι,
1312 1922 1388 1992 5).
1422 1922 1484 1974 Et
1514 1924 1565 1974 in
1611 1923 1784 1976 Evan-

194 2012 342 2077 gelio
380 2027 394 2068 ;
454 2009 579 2064 Non
618 2022 783 2080 potest
841 2012 1025 2064 civitas
1061 2014 1313 2066 abscondi
1355 2028 1515 2079 supra
1557 2026 1782 2067 montem

193 2108 379 2171 posita
415 2105 632 2173 (.ilattlt.
665 2122 718 2166 ν.
744 2106 852 2173 Η).
909 2106 973 2159 Ει
1012 2108 1064 2160 in
1091 2106 1232 2160 lsaia
1277 2124 1291 2162 :
1332 2107 1440 2178 Ego
1472 2110 1655 2162 civitas
1688 2107 1787 2175 ﬁr-

195 2214 307 2249 ma.
352 2200 544 2252 civitas
568 2216 683 2266 qua!
737 2210 1072 2269 oppugnatur
1097 2203 1115 2231 ’
1146 2200 1284 2271 (Ita.
1325 2217 1495 2262 xxv",
1552 2202 1643 2261 50.
1681 2218 1785 2254 sec.

197 2288 400 2360 LXX).
464 2293 740 2362 Siquidem
791 2293 933 2347 hanc
967 2294 1215 2348 veritatis
1244 2304 1298 2348 et
1330 2295 1614 2362 sapicttlize
1651 2296 1787 2347 tiri-

196 2394 397 2448 tatem,
425 2402 552 2439 cum
596 2385 748 2439 lirma
780 2385 852 2440 sit
885 2398 936 2440 et
966 2387 1216 2451 robusta,
1249 2402 1442 2441 omnes
1480 2401 1532 2442 et
1565 2388 1786 2455 sapien-

198 2487 284 2531 tes
314 2479 502 2533 szeculi
535 2490 587 2532 et
610 2480 847 2535 heretici
882 2481 1203 2550 impugnare
1234 2489 1529 2535 conantur.
1560 2482 1619 2535 Et
1644 2483 1786 2547 quod

196 2571 267 2624 de
304 2570 648 2640 philosophis
679 2569 939 2638 diximus,
988 2575 1090 2627 hoc
1128 2572 1270 2626 idem
1309 2574 1472 2625 etiam
1509 2576 1574 2625 de
1618 2573 1791 2625 lia-re.-

198 2665 334 2719 ticis
397 2666 768 2729 sentiendum,
804 2668 947 2734 quod
1010 2668 1214 2722 l'ru~tra
1275 2669 1521 2721 laborent
1567 2682 1615 2720 et
1654 2668 1791 2721 allii-

200 2766 412 2823 gantur
444 2759 497 2811 iu
532 2758 717 2813 studio
770 2758 1204 2828 Scripturarum,
1249 2776 1373 2814 cum
1410 2760 1696 2814 amlmlent
1733 2763 1787 2813 iu

200 2849 471 2916 deserto,
527 2862 581 2903 et
626 2852 902 2905 civittem
957 2852 1210 2907 invenire
1254 2869 1358 2905 non
1415 2853 1652 2905 valeant.
1716 2852 1791 2905 De

203 2957 446 3012 quorum
487 2960 673 2995 errore
709 2955 752 2997 et
804 2943 1095 2998 Psalmista
1129 2954 1526 2997 commemorat
1555 2945 1641 2996 dic
1666 2959 1745 2997 -ns
1774 2959 1789 3001 :

206 3034 542 3091 Erracerunt
579 3040 628 3089 in
658 3038 858 3091 deserto
895 3052 936 3090 et
969 3038 1023 3090 in
1072 3041 1349 3106 inaquoso.
1386 3040 1525 3090 viam
1562 3038 1791 3090 civitatis

198 3136 253 3180 et
300 3128 649 3180 habitationis
708 3128 817 3193 ejus
852 3145 953 3179 non
991 3130 1299 3182 invenerunt
1337 3126 1514 3196 (Psal.
1566 3142 1675 3189 CVI,
1709 3125 1789 3195 4).

1886 622 2167 687 Ξηιηιπὶπι,
2223 636 2273 681 ct
2316 627 2560 694 gurgites
2622 626 2893 685 Damasci.
2956 626 3022 682 Et
3075 628 3236 691 dabo,
3268 631 3463 699 inquii,

1875 712 2095 780 juvenes
2126 717 2384 784 principes
2412 732 2619 779 eorum,
2657 726 2704 768 et
2741 717 2986 772 illuseres
3047 720 3466 775 dominabuntur

1885 808 1957 860 eis
1995 805 2131 876 (lsa.
2164 822 2245 869 tu.
2272 811 2347 865 bl.
2385 809 2527 877 [μεθ
2589 809 2797 875 Daniel,
2836 819 2888 861 et
2928 820 3201 866 vetustum
3249 816 3461 869 dierum

1886 901 2133 957 invenies
2214 902 2379 957 Deum
2443 905 2608 973 (Dan.
2686 905 2805 973 vlt).
2875 903 3013 975 Lege
3080 910 3459 979 Apoealypsim

1883 995 2131 1057 Joannis,
2158 1004 2213 1048 et
2236 1008 2389 1064 caput
2428 998 2733 1053 Salvatoris
2760 1000 3055 1054 candidum
3084 1010 3139 1053 ut
3170 1000 3370 1066 nivem,
3410 1012 3463 1055 et

1884 1084 2037 1155 quasi
2107 1085 2285 1139 lanam
2348 1088 2529 1140 albam
2594 1091 2835 1154 reperies
2882 1090 3464 1159 (Apoc.t).Jcrcmia<

1884 1194 2103 1249 quoque.
2133 1180 2260 1249 quia
2292 1180 2509 1249 sapiens
2544 1196 2680 1235 erat.
2722 1190 2774 1233 et
2808 1184 2927 1236 cani
2959 1185 3077 1254 ejus
3106 1186 3158 1237 in
3190 1187 3459 1254 sapientia

1886 1272 2299 1339 reputabuntur,
2339 1272 2664 1339 prohibetur
2696 1273 2954 1342 juvenem
2994 1288 3116 1327 esse
3177 1290 3233 1327 sc
3273 1277 3460 1329 dicere

1887 1361 2098 1426 (Jercm.
2142 1364 2203 1427 ι).
2249 1365 2336 1417 Vte
2383 1378 2514 1432 ergo
2547 1374 2706 1417 teme
2750 1365 2910 1434 cujus
2941 1379 3036 1419 rex
3068 1376 3155 1419 est
3188 1365 3460 1425 diabolus,

1885 1457 1979 1526 qui
2037 1473 2257 1526 seraper
2323 1473 2587 1509 novarum
2636 1474 2822 1512 rerum
2875 1460 3108 1527 Cupidus
3176 1461 3342 1512 etiam
3407 1462 3461 1512 in

1887 1549 2184 1604 Abessalon
2210 1551 2474 1605 adversus
2497 1563 2777 1619 parentem
2807 1552 3033 1605 rebellat
3062 1573 3073 1606 :
3104 1570 3225 1621 qum
3245 1554 3464 1623 jtttiiees

1885 1656 1939 1699 et
1985 1646 2260 1715 principes
2294 1660 2388 1698 eos
2422 1645 2607 1708 habet,
2641 1647 2734 1713 qui
2762 1659 2947 1699 ament
2972 1648 3135 1716 hujus
3163 1647 3347 1702 saeculi
3376 1662 3471 1701 κου

1889 1738 2141 1805 luptates,
2169 1736 2259 1804 qui
2280 1743 2568 1802 antequam
2592 1736 2707 1790 dies
2731 1736 2921 1789 mortis
2940 1740 3215 1802 adveniat,
3236 1738 3461 1791 dieuut:

1894 1828 2273 1882 blmtrt‘ucemus
2306 1840 2353 1881 et
2378 1829 2614 1881 bibamus
2646 1847 2658 1885 τ
2690 1846 2811 1883 cras
2841 1832 2979 1881 enim
3009 1831 3295 1883 moriemur
3325 1828 3464 1898 (Isa.

1892 1921 2162 1989 “11.15).
2204 1921 2432 1974 Eeontra
2471 1923 2626 1973 beata
2662 1931 2804 1975 terra
2842 1922 3121 1986 Ecclesiae,
3148 1926 3310 1991 cujus
3363 1937 3461 1975 rex

1890 2022 1976 2067 est
2043 2013 2299 2067 Christus
2356 2013 2522 2066 Filius
2580 2013 2939 2081 ingenuorum
2979 2012 3094 2079 ;de
3162 2012 3464 2073 Abraham,

1893 2103 2366 2170 isaac,etJacob,
2427 2104 2816 2173 prophetarum
2869 2120 3088 2173 quoque
3147 2110 3199 2157 et
3246 2111 3469 2158 sancto-

1893 2215 2012 2252 rum
2039 2200 2282 2251 omnium
2318 2199 2488 2267 stirpe
2542 2198 2906 2259 descendens,
2946 2197 3148 2265 quibus
3176 2206 3462 2265 peccatum

1894 2305 1999 2343 non
2040 2290 2140 2342 fuit
2171 2289 2511 2343 dominatum
2538 2306 2552 2354 ;
2583 2297 2635 2342 et
2670 2290 2739 2342 ob
2772 2289 2821 2342 id
2862 2304 2983 2341 vere
3031 2287 3253 2340 luerunt
3282 2287 3469 2361 liberi.

1894 2383 1971 2437 Ex
2022 2383 2221 2448 quibus
2273 2394 2397 2437 nata
2463 2392 2548 2438 est
2611 2384 2774 2451 Virgo
2830 2383 3055 2436 liberior
3109 2392 3299 2436 sancta
3364 2380 3473 2433 Ma-

1896 2477 2010 2539 ria,
2067 2475 2232 2547 477
2310 2476 2517 2528 nullum
2599 2476 2806 2528 habens
2877 2474 3159 2532 fruticem.
3259 2472 3467 2525 nullum

1897 2586 2118 2637 germen
2146 2588 2207 2622 ex
2236 2569 2410 2622 latere
2449 2584 2463 2633 ;
2501 2567 2594 2619 scd
2654 2578 2802 2620 totus
2843 2566 3055 2619 frui-tus
3106 2565 3230 2631 ejus
3288 2567 3470 2629 erupit

1896 2664 1947 2715 in
1978 2662 2189 2725 ﬂorem,
2234 2661 2545 2729 loquentem
2573 2662 2623 2712 in
2656 2660 2884 2712 Cantica
2911 2659 3256 2711 canticorum
3294 2674 3307 2709 :
3358 2656 3466 2724 Ego

1896 2758 1992 2825 ﬂos
2025 2755 2220 2823 campi,
2254 2762 2302 2805 et
2336 2752 2504 2805 lilium
2546 2752 2865 2806 convallium
2889 2750 3069 2819 (Cant.
3105 2766 3167 2815 tt,
3206 2750 3283 2819 1).
3311 2747 3470 2801 Priu—

1897 2850 2287 2918 cipcsqtmque
2314 2846 2433 2914 ejus
2468 2854 2598 2899 sunt
2654 2844 2885 2912 apostoli
2933 2854 2985 2897 et
3030 2858 3221 2896 omnes
3266 2852 3468 2901 sanet',

1895 2941 1984 3008 qui
2018 2954 2195 3005 regem
2230 2938 2431 2991 habent
2457 2937 2621 2989 lilium
2653 2939 3034 3007 ingenuorum,
3059 2935 3228 2989 lilium
3262 2934 3469 2997 liberat;

1899 3051 2003 3088 non
2034 3034 2101 3086 de
2141 3034 2334 3086 ancilla
2399 3035 2564 3103 Agar,
2600 3031 2694 3087 Sed
2729 3034 2795 3086 de
2840 3033 2987 3086 Sara:
3020 3032 3268 3085 libertate
3306 3046 3471 3100 gene-

1898 3138 2099 3181 ratum.
2150 3127 2256 3181 Nec
2308 3128 2605 3180 trainednut
2647 3142 2826 3189 mane,
2869 3141 2968 3180 nec
3029 3125 3315 3179 velociter.
3349 3121 3469 3176 Non

276 3218 443 3290 ἧσε
483 3237 501 3268 σ
545 3216 632 3270 γάρ
660 3218 781 3278 tibi,
819 3231 987 3282 terra,
1024 3218 1185 3287 cujus
1216 3234 1309 3271 rex
1360 3219 1707 3283 adoleSeens,
1737 3227 1788 3270 et
1823 3225 1862 3281 ε
1896 3219 2040 3275 enim
2071 3219 2121 3271 in
2176 3219 2426 3287 praesenti
2481 3219 2681 3272 sarculo
2709 3225 2962 3284 qumruut
2989 3216 3343 3284 voluptatem,
3377 3215 3471 3269 sed

203 3314 488 3382 principes
527 3313 604 3366 tui
644 3329 799 3365 tui—.e
828 3314 1147 3365 comelunt.
1182 3310 1344 3365 Beata
1378 3320 1523 3364 terra
1563 3310 1605 3374 ³,
1631 3310 1789 3379 cujus

204 3422 299 3461 rex
344 3415 473 3459 tuus
524 3405 664 3458 [ilius
719 3405 1105 3474 iegenuorum,
1149 3411 1203 3456 et
1266 3402 1546 3473 principes
1609 3402 1692 3456 tui
1734 3403 1786 3455 in

204 3506 458 3563 tempore
491 3496 808 3561 comedunt,
841 3496 893 3547 in
929 3494 1253 3548 fortitudine
1281 3504 1330 3548 et
1371 3510 1477 3547 non
1513 3495 1564 3547 in
1600 3493 1794 3548 confu-

207 3589 386 3644 sione.
428 3607 447 3639 ι
486 3587 717 3641 Videtur
754 3587 973 3657 quidem
1011 3588 1307 3655 reprobare
1339 3586 1609 3656 juvenum
1637 3589 1790 3655 prin-

205 3682 476 3749 cipatum.
512 3688 567 3731 et
591 3680 1145 3748 lusuriososjudices
1191 3678 1583 3745 condemnare,
1643 3681 1788 3747 quod

208 3773 265 3825 in
294 3772 471 3824 altero
501 3787 600 3839 per
637 3780 853 3825 aetatem
890 3771 960 3824 sit
992 3772 1207 3825 intirma
1263 3769 1559 3840 sapientia,
1590 3771 1643 3823 in
1672 3770 1794 3823 aliis

206 3866 375 3916 etiam
413 3874 626 3915 matura
641 3876 772 3917 tetas
791 3863 1007 3917 deliciis
1035 3871 1357 3918 euervetur.
1384 3864 1452 3917 Et
1475 3863 1794 3917 econtrario

212 3958 518 4027 principem
578 3958 811 4025 probare
862 3956 1025 4009 bonis
1081 3957 1349 4021 moribus,
1407 3963 1462 4010 et
1497 3956 1794 4010 liberaliter

211 4052 571 4114 institutum;
607 4061 661 4103 et
709 4065 805 4104 eos
852 4049 1066 4119 judiees
1090 4049 1410 4117 praedicare,
1442 4048 1533 4116 qui
1591 4062 1797 4116 nequa-

210 4160 379 4213 quam
416 4146 748 4212 voluptatem
799 4143 1031 4208 negotiis
1064 4142 1265 4197 civium
1321 4138 1617 4209 prseterant
1648 4156 1663 4192 :
1699 4141 1793 4192 sel

215 4248 338 4306 post
397 4238 634 4289 multum
668 4236 907 4289 laborem
937 4243 992 4287 et
1021 4234 1557 4286 administrationem
1616 4230 1797 4296 reipu-

214 4331 391 4395 blicae,
413 4331 598 4384 cibu.n
620 4343 817 4395 capere
839 4326 993 4394 quasi
1021 4326 1349 4379 necessitate
1375 4333 1664 4392 cogantur.
1695 4320 1793 4376 Vc-

214 4438 334 4476 rum
370 4421 503 4473 mihi
556 4418 831 4473 sacratius
873 4418 1002 4485 quid
1049 4418 1217 4470 latere
1250 4415 1467 4469 videtur
1507 4416 1559 4467 in
1594 4416 1794 4475 littera,

211 4516 357 4585 quod
397 4515 636 4582 juvenes
667 4512 927 4565 dicantur
975 4511 1027 4563 in
1067 4508 1380 4578 Scriptura,
1431 4508 1580 4577 quia
1629 4508 1795 4560 veteri

214 4606 552 4662 auctoritate
583 4603 921 4665 desciscnnt,
957 4610 1009 4655 et
1036 4616 1173 4655 cana
1200 4611 1471 4668 praecepta
1512 4610 1798 4667 parentum

215 4708 625 4756 contemnunt:
668 4698 762 4767 qui
802 4697 1051 4764 neglecto
1090 4694 1181 4751 Dei
1235 4693 1521 4756 mandato,
1557 4694 1789 4759 cupiunt

212 4802 457 4846 statuere
503 4788 831 4843 traditiones
890 4787 1196 4841 hominum.
1252 4785 1330 4839 De
1372 4784 1576 4854 quibus
1635 4792 1690 4838 et
1743 4784 1797 4837 in

214 4881 351 4933 Isaia
388 4888 533 4948 (cap.
590 4876 712 4948 vni)
755 4876 941 4930 lsraeli
1003 4875 1271 4930 Dominus
1304 4875 1697 4937 comminatur,
1736 4890 1801 4929 eo

214 4970 358 5041 quod
392 4969 631 5025 noluerit
654 4981 849 5039 aquam
884 4965 1052 5031 Siloe,
1075 4983 1198 5034 quae
1228 4966 1378 5022 vadit
1406 4983 1527 5022 cum
1561 4967 1800 5034 silentio,

290 5182 353 5192 -——
383 5149 651 5209 Vanitate,
680 5147 929 5209 tumultu,
953 5156 1059 5202 ete.
1088 5144 1620 5201 Corbeiensiscodex
1642 5154 1803 5195 vetu-

219 5223 519 5279 stissimus,
564 5216 630 5269 Et
658 5218 814 5285 ﬁnem
850 5218 1097 5283 loquendi
1123 5218 1357 5270 vanitate
1389 5216 1715 5266 tumultuosa
1748 5225 1795 5266 et

218 5294 576 5356 impia-lentia,
609 5284 786 5339 errore
821 5287 1164 5349 convolvunt;
1196 5287 1337 5339 alter
1355 5284 1531 5356 etiam_
1555 5288 1799 5341 Corbet..

221 5354 721 5426 luipudentierrore
764 5357 1118 5415 convolvunt;
1171 5356 1303 5410 editi
1332 5370 1463 5408 vero
1495 5354 1709 5426 Erasm.
1747 5364 1796 5406 et

223 5424 455 5485 Marian.
532 5429 778 5481 Vanita:e
840 5443 955 5481 cum
1012 5430 1179 5479 multo
1240 5440 1417 5478 errore
1471 5424 1799 5478 convolvunt.

220 5503 488 5554 Maurum.

295 5572 311 5601 ¹
342 5573 576 5623 Rursum
598 5585 719 5623 cum
752 5570 940 5623 iisdem
965 5567 1128 5623 editis
1156 5566 1382 5619 Palatio.
1409 5566 1568 5619 codd.
1599 5565 1672 5616 De
1701 5570 1805 5617 Im:-

220 5644 395 5694 reticis
449 5640 923 5710 disputationibus.
965 5638 1209 5710 Vaticau.
1245 5637 1313 5689 De
1338 5638 1595 5689 Ittzrett'cis
1622 5636 1805 5702 dispu-

222 5724 414 5765 tantes.
458 5713 704 5771 Alcuiu.,
751 5709 1167 5776 disputantibus.

293 5784 311 5812 '
355 5783 429 5835 Ita
477 5782 823 5832 retinendum
857 5796 979 5833 cum
1020 5794 1154 5830 mss.
1192 5778 1348 5830 libris
1385 5785 1553 5841 atque
1609 5777 1797 5828 editis.

221 5854 361 5905 Alibi
400 5864 583 5905 tamen
621 5849 741 5918 legit
774 5847 1297 5915 ipseHieronyutus,
1322 5848 1520 5899 Civitas
1553 5863 1668 5911 qua?
1700 5863 1800 5898 non

1839 4584 1875 4631 ι)

1899 3321 2148 3381 tempore
2197 3326 2298 3365 suo
2333 3311 2745 3363 manducabunt
2769 3324 2891 3363 cum
2915 3308 3297 3362 retributionis
3331 3315 3472 3359 tem-

1896 3421 1992 3473 pus
2011 3404 2382 3466 advcuerit,ct
2405 3404 2813 3457 manducabunt
2840 3404 2891 3455 in
2923 3402 3335 3465 l'ortitudine,et
3365 3415 3471 3452 non

1898 3498 1950 3551 in
1980 3498 2324 3552 confusione.
2353 3502 2523 3550 (linuc
2554 3498 2753 3549 bonum
2783 3497 3063 3565 prmi-tntis
3102 3496 3287 3556 saeculi
3339 3509 3472 3547 con-

1898 3590 1981 3643 fos
2008 3606 2040 3641 ε)
2087 3600 2188 3651 est,
2222 3588 2387 3641 l'nturi
2455 3600 2715 3656 perpetua
2756 3590 3039 3644 fortitudo.
3086 3589 3217 3643 Tale
3248 3587 3380 3657 quid
3421 3596 3476 3638 et

1900 3684 1949 3734 iu
1993 3682 2129 3733 lsﬂlil
2165 3680 2370 3733 dicitur
2405 3699 2419 3734 :
2467 3679 2599 3733 Ecce
2626 3683 2715 3745 qui
2752 3682 2989 3735 serviunt
3029 3682 3199 3745 mihi,
3239 3681 3470 3733 mandu-

1898 3772 2178 3835 cabunt‘;
2222 3789 2308 3826 vos
2370 3786 2541 3825 autem
2597 3774 2867 3827 esurietis.
2925 3774 2992 3826 Et
3049 3775 3293 3827 iterum:
3341 3771 3475 3824 Ecce

1896 3866 1985 3933 qui
2028 3865 2260 3917 serviunt
2298 3865 2447 3927 mihi,
2504 3862 2872 3928 (tutabantur;
2920 3879 3006 3917 vos
3032 3873 3209 3916 autent
3262 3863 3475 3931 pudebit

1900 3958 2035 4025 (lsa.
2068 3958 2285 4017 1.".15
2313 3970 2360 4011 et
2395 3957 2505 4024 14).

1977 4070 1993 4100 ‹
2031 4051 2089 4102 In
2149 4051 2381 4120 pigritiis
2418 4049 2799 4103 bumiliabitur
2830 4051 3191 4119 contignatio,
3222 4063 3276 4106 et
3308 4053 3361 4105 in
3394 4052 3481 4106 in-

1903 4142 2157 4195 firmitate
2187 4157 2445 4196 mauuum
2473 4141 2702 4196 stillabit
2727 4142 2945 4195 dooms.
2978 4162 2994 4193 ι
3034 4142 3234 4198 Domus
3261 4156 3475 4204 nostra.

1899 4247 2021 4296 qua!
2055 4245 2175 4283 eum
2206 4238 2351 4282 statu
2387 4230 2625 4283 hominis
2679 4240 2859 4285 erecta
2891 4229 3005 4303 [ΑΙ.
3039 4232 3245 4305 creata]
3280 4244 3384 4297 est,
3425 4249 3477 4291 et

1902 4321 2174 4374 habitatio
2206 4337 2369 4390 quam
2431 4323 2695 4377 habemus
2731 4324 2784 4378 iu
2811 4326 2988 4389 emlis,
3024 4325 3068 4379 si
3096 4327 3230 4394 pigri
3265 4343 3477 4393 sumus,

1904 4424 1957 4465 et
1988 4416 2050 4467 ad
2072 4417 2210 4468 bona
2253 4431 2419 4484 opera
2456 4416 2751 4478 tardiores,
2783 4401 3179 4474 bumiliabitur.
3214 4419 3278 4472 Et
3298 4425 3479 4475 omnis

1905 4510 2244 4575 contignatio
2279 4523 2397 4576 qua:
2435 4510 2588 4561 debet
2645 4510 2863 4563 culmen
2899 4518 3116 4580 portare
3143 4516 3194 4565 in
3227 4515 3478 4576 soldime,

1905 4599 1969 4649 ad
2005 4610 2202 4651 terram
2244 4612 2534 4663 corruens,
2574 4600 2936 4654 habitatorem
2990 4617 3148 4655 suum
3184 4608 3475 4673 opprimet.

1905 4693 2154 4760 Cumque
2183 4692 2445 4745 auxilium
2479 4708 2739 4747 manuum
2773 4694 3144 4761 virtutumque
3186 4701 3478 4766 torpuerit,

1904 4800 2098 4839 omnes
2122 4786 2356 4855 desuper
2394 4796 2771 4855 tempestates.
2809 4795 2864 4838 et
2918 4787 3226 4841 nimborum
3279 4791 3342 4841 ad
3377 4806 3479 4844 nos

1907 4878 2069 4931 turbo
2104 4881 2425 4947 prorumpit.
2459 4877 2630 4931 Porro
2652 4878 2795 4947 quod
2824 4880 2879 4931 in
2918 4879 3139 4933 homine
3163 4896 3273 4935 uno
3308 4883 3485 4936 inter-

1906 4972 2100 5041 pretati
2123 4987 2337 5033 sumus.
2372 4972 2568 5026 melius
2598 4982 2774 5041 potest
2804 4988 2972 5042 super
2994 4973 3239 5029 Ecclesia
3269 4977 3481 5045 accipi;

1907 5158 2264 5218 oppugnatur.
2289 5147 2414 5203 Vid.
2444 5150 2673 5215 epistola
2704 5149 2773 5203 50
2807 5153 2876 5204 ad
2914 5149 3168 5212 Paulam.
3197 5165 3350 5204 num.
3394 5153 3476 5205 Η.

1978 5249 2050 5260 -
2077 5220 2278 5275 Civitas
2308 5234 2426 5287 qua:
2452 5230 2810 5287 oppugnatur.
2844 5222 2900 5275 ln
2943 5222 3047 5274 lluc
3068 5221 3311 5288 epistolae
3330 5225 3400 5273 50
3421 5225 3487 5277 ad

1910 5288 2135 5342 Paulam
2174 5293 2237 5359 de
2268 5291 2575 5359 Alphabeto
2620 5288 2893 5343 Hebraieo
2920 5307 3043 5345 cum
3082 5291 3348 5359 particular
3389 5311 3487 5343 ne.-

1909 5362 2111 5425 gativa,
2152 5358 2281 5424 Quae
2336 5358 2436 5412 non
2466 5364 2993 5430 oppugnatur;.quia
3045 5372 3336 5414 contextus
3370 5379 3487 5413 ser-

1911 5431 2091 5480 monis
2149 5431 2495 5495 uegatiouem
2554 5434 2747 5493 exigit.
2795 5434 2936 5483 sicut
2967 5432 3105 5483 etin
3144 5432 3375 5500 cpistola
3416 5434 3487 5485 ad

1908 5501 2402 5567 AlgaaianLQtta’Sl.
2426 5502 2689 5554 secunda.
2714 5500 2823 5554 Nisi
2856 5502 2992 5553 forte
3021 5517 3117 5565 pro
3136 5514 3485 5569 oppugnatur,

1911 5574 1979 5620 liil
2025 5570 2312 5639 legetittum
2350 5583 2439 5632 sit,
2465 5588 2567 5623 non
2588 5583 2939 5639 expugnatur.
2985 5572 3256 5625 Maurus.

1982 5639 2000 5669 ³
2040 5638 2210 5689 Vattc.
2242 5651 2294 5691 t-t
2322 5642 2528 5693 l‘.rlatin
2562 5681 2579 5708 ,
2621 5642 2783 5693 licata
2825 5652 2878 5691 tu
2909 5652 3070 5702 terra,
3107 5655 3209 5691 t-te.

1981 5709 2001 5737 δ
2042 5710 2285 5762 l’tiorem
2342 5712 2486 5765 hunc
2528 5730 2588 5763 ex
2626 5712 2765 5764 Isaia
2820 5714 2997 5763 locum
3060 5714 3278 5765 codices
3315 5713 3489 5766 nostri

1910 5796 2103 5901 ἓιιιηῖς
2157 5783 2606 5848 ιπτοῑοηιιίιιιιηι.
2645 5783 2918 5835 Victorius
2949 5783 3119 5845 addit,
3157 5781 3302 5835 Bona
3339 5802 3491 5838 matt-

1950 5866 2040 5899 ttra
2065 5862 2199 5901 ntnt.

1950 5862 2199 5902 orabunt.
