4146 7158
729 449 865 515 1159

1889 455 1946 509 S.
1996 451 2299 512 EUSEBH
2354 452 2791 515 lllEiZthYMl

3850 459 3989 524 1160

719 566 887 627 dicat.
927 564 1091 637 482
1138 578 1249 635 quo
1304 566 1540 637 populus
1593 569 1828 624 libenter
1883 570 2179 629 auscultat,
2233 579 2289 622 et
2327 578 2362 629 Α
2396 568 2517 622 dest
2549 570 2935 625 adolescentia:
2972 570 3280 641 frugalitas.
3316 573 3363 629 si
3394 581 3612 629 senecta
3655 571 3897 627 ducatur
3929 576 3987 627 in

720 658 961 712 secunda
1011 660 1215 728 aspirat
1256 674 1390 714 aura
1442 660 1704 722 rumoris.
1736 672 1888 716 sator
1922 662 2205 730 negligens
2242 669 2297 712 et

722 749 952 819 ignavus
992 750 1230 815 agricola
1260 761 1364 808 est.
1394 753 1449 807 In
1483 752 1621 822 ipsis
1652 753 1798 807 enim
1832 753 2130 822 prosperis,
2162 757 2292 805 dum

724 845 1029 906 nescimus.
1094 845 1318 900 adversa
1374 856 1736 917 consurgunt.
1795 845 1899 900 Sed
1960 853 2291 914 opportune.

722 938 1051 1006 importune,
1087 954 1185 994 suo
1217 949 1407 993 tenore
1446 938 1485 1004 ',
1523 939 1612 993 Dei
1649 954 1828 992 sermo
1864 948 1949 991 cst
1987 940 2293 1007 pra‘tliean-

722 1027 827 1083 dus
860 1027 942 1099 (II
968 1028 1097 1083 Tim.
1126 1045 1199 1090 tv,
1229 1026 1285 1099 2)
1325 1051 1339 1083 ;
1367 1044 1468 1084 nec
1509 1029 1632 1082 lidei
1666 1039 1908 1097 tempore
1948 1028 2294 1082 adversaria-

725 1138 846 1174 rnm
900 1122 1131 1175 nubium
1189 1121 1588 1175 consideranda
1628 1110 1951 1190 tempestas.
1996 1120 2068 1171 De.
2100 1137 2204 1188 qua
2242 1121 2291 1172 in

723 1214 1031 1268 Proverbiis
1054 1214 1253 1269 dicitur
1277 1213 1451 1270 :Sicut
1473 1213 1653 1281 pluvia
1678 1215 1944 1267 vehemens
1967 1224 2016 1267 et
2041 1214 2246 1264 inutilis
2276 1252 2291 1277 ,

719 1308 795 1361 sic
826 1310 914 1378 qui
949 1308 1319 1378 derelinquunt
1352 1307 1696 1374 sapientiam,
1733 1317 1781 1361 et
1818 1308 2137 1374 impietatem
2177 1307 2293 1357 lau-

719 1404 849 1454 dant
881 1399 1063 1465 (Prov.
1106 1416 1296 1466 xxviu,
1325 1401 1359 1454 5
1392 1410 1441 1453 et
1473 1399 1551 1470 ι).
1579 1386 1811 1467 δΑιηιίιιιρ
1853 1399 2295 1452 consideratione

719 1511 850 1563 ergo
877 1494 1097 1547 nubium
1127 1502 1180 1546 et
1205 1492 1400 1546 timore
1428 1504 1735 1551 ventorum.
1775 1491 1824 1543 in
1856 1490 2050 1543 mediis
2085 1501 2294 1558 tempe-

721 1588 951 1640 suatibus
1004 1584 1384 1639 seminandnm
1435 1597 1541 1639 e51.
1595 1582 1706 1636 Nec
1737 1582 2051 1649 idicendum
2096 1601 2111 1637 :
2162 1584 2292 1638 illud

722 1691 934 1747 tempus
987 1677 1362 1739 commodum,
1410 1678 1513 1730 hoc
1551 1676 1772 1739 inutile,
1819 1691 1944 1730 cum
1976 1677 2292 1744 ignoremus

721 1788 839 1840 qua:
888 1772 996 1832 via,
1046 1781 1101 1825 et
1148 1787 1268 1842 quae
1319 1770 1575 1825 voluntas
1627 1770 1701 1825 sit
1750 1768 1980 1838 spiritus
2034 1773 2286 1826 universa

722 1865 1119 1933 dispensantis.

798 1976 815 2008 ε
847 1956 1131 2021 Quomodo
1157 1970 1263 2010 non
1288 1956 1572 2021 cognoscis
1593 1963 1647 2007 tu
1682 1970 1802 2023 qure
1825 1955 1896 2008 sit
1926 1954 2012 2009 via
2038 1955 2286 2024 spiritus.
2325 1928 2369 1986 Β

720 2060 774 2102 et
802 2052 941 2103 sicut
976 2065 1099 2102 ossa
1134 2051 1184 2102 in
1212 2057 1366 2102 utero
1394 2048 1728 2116 prmgnantis
1764 2065 1778 2102 :
1812 2050 1894 2103 sic
1920 2050 2102 2103 nescis
2125 2066 2291 2117 opera

728 2143 838 2199 ltei.
876 2142 964 2206 ψιί
1002 2120 1131 2193 facit
1165 2139 1373 2193 omnia.
1424 2158 1442 2191 ι
1482 2139 1637 2193 Sicut
1687 2140 2043 2194 neseisviam
2069 2143 2295 2210 spiritus

723 2244 777 2286 et
831 2236 1027 2285 animae
1082 2229 1439 2299 ingredientis
1511 2230 1563 2282 in
1615 2232 1922 2296 parvulum,
1960 2240 2015 2286 et
2075 2234 2295 2302 ignoras

723 2328 929 2377 ossium
956 2335 1009 2377 et
1034 2339 1291 2377 venarum
1321 2322 1610 2375 varietates
1634 2322 1685 2375 in
1711 2332 1895 2377 ventre
1919 2326 2246 2395 praegnantis
2276 2342 2291 2381 :

722 2416 994 2484 quomodo
1037 2430 1100 2467 ex
1150 2414 1240 2466 vili
1292 2412 1562 2466 elemento
1601 2428 1806 2481 corpus
1846 2412 2084 2467 hominis
2119 2415 2172 2467 in
2205 2416 2293 2468 di-

722 2522 911 2561 versas
938 2504 1140 2571 eliigies
1169 2513 1427 2571 artusque
1454 2503 1719 2567 varietur,
1747 2516 1799 2557 et
1825 2504 1892 2557 de
1917 2507 2105 2559 eodem
2132 2508 2296 2560 semi-

725 2612 813 2655 ne.
843 2595 991 2648 aliud
1025 2595 1305 2648 mollescat
1340 2595 1392 2645 in
1441 2595 1726 2657 carnibus,
1762 2595 1907 2647 aliud
1945 2596 2202 2650 durescat
2238 2598 2289 2651 in

724 2689 972 2749 ossibus,
1009 2687 1156 2739 aliud
1191 2686 1242 2738 in
1275 2686 1423 2740 venis
1469 2689 1715 2753 palpitet,
1745 2696 1798 2739 et
1829 2688 1976 2741 aliud
2014 2689 2206 2757 ligetur
2240 2691 2291 2743 in

726 2781 907 2835 nervis
942 2798 954 2833 :
988 2780 1058 2831 ita
1093 2778 1183 2831 Dei
1214 2793 1378 2846 Opera
1412 2778 1551 2831 scire
1585 2794 1690 2830 non
1735 2782 1961 2846 poteris,
2000 2782 2091 2849 qui
2122 2781 2297 2835 factor

724 2883 808 2926 est
838 2871 1107 2926 omnium.
1143 2870 1215 2923 Ex
1252 2877 1360 2936 quo
1392 2872 1550 2923 docet
1586 2870 1863 2924 contraria
1892 2887 1997 2924 non
2029 2874 2293 2934 timenda,

728 2980 827 3019 nec
872 2974 1075 3018 temere.
1103 2964 1169 3015 de
1200 2963 1375 3015 ventis
1407 2971 1461 3015 et
1492 2963 1751 3034 nubibus,
1785 2979 1920 3029 quas
1954 2979 2116 3032 supra
2152 2965 2295 3018 dixi-

727 3074 867 3119 n'ns,
896 3058 1248 3127 judieandiuu
1288 3072 1299 3107 :
1335 3070 1457 3108 cum
1486 3070 1584 3108 suo
1615 3064 1800 3107 tenore
1828 3068 1881 3109 et
1913 3072 2076 3109 cursu
2102 3056 2297 3111 delicat

727 3163 877 3205 sator
936 3165 1197 3220 pergere,
1248 3158 1301 3201 et
1363 3156 1616 3201 eventum
1668 3149 1687 3177 '
1740 3147 1950 3200 Domini
2014 3150 2297 3201 sententia:

2406 660 2557 714 luxu.
2604 659 2658 713 In
2694 676 3022 731 quacunque
3053 667 3197 719 enim
3228 665 3317 720 die
3347 667 3528 735 justus
3567 667 3865 730 erraverit,
3896 682 3990 720 ver

2402 758 2547 804 teres
2578 766 2701 805 cum
2747 752 2975 819 justititc
3005 771 3034 809 a
3074 767 3248 812 morte
3287 758 3520 812 liberare
3552 775 3660 812 non
3696 770 3980 828 poterunt.

2402 842 2556 907 Quod
2606 843 2650 896 si
2693 844 2845 913 juxta
2885 854 3176 918 utramque
3212 851 3719 920 interpretationem
3762 869 3987 923 semper

2402 932 2766 1000 bencfeccris,
2790 947 2842 990 et
2869 940 3017 992 omni
3047 951 3207 996 tetate
3230 943 3491 1011 aqualem
3518 962 3745 998 cursum
3778 949 3987 1000 habue-

2403 1024 2497 1081 ris.
2548 1026 2764 1081 videbis
2824 1028 2993 1083 Deum
3043 1030 3287 1096 Patrem,
3325 1035 3703 1089 dulcissimam
3764 1040 3979 1099 lucem;

2398 1116 2607 1172 videbis
2639 1119 2943 1183 Christum.
2978 1123 3143 1177 solem
3169 1125 3417 1192 justitim.
3460 1127 3628 1183 Porro
3661 1131 3703 1183 si
3740 1140 3797 1183 et
3843 1134 3982 1183 mu!-

2398 1211 2465 1261 tis
2488 1211 2646 1263 annis
2675 1212 2897 1273 vixeris.
2933 1225 2986 1269 ct
3015 1217 3199 1269 omnia
3236 1218 3372 1273 bona
3410 1223 3693 1285 habueris,
3720 1223 3804 1275 vel
3834 1224 3979 1275 bona

2398 1316 2560 1369 Opera
2594 1306 2954 1372 perpetrat-is.
2988 1320 3039 1361 et
3069 1310 3264 1363 scieris
3313 1325 3363 1364 te
3403 1327 3618 1381 semper
3646 1332 3769 1369 esse
3820 1318 3990 1367 inuri-

2401 1403 2607 1457 turunt,
2661 1408 2716 1450 et
2772 1408 2898 1452 ante
2956 1402 3147 1455 Oculos
3190 1413 3314 1459 tuos
3357 1407 3708 1460 tenebrarum
3764 1424 3987 1473 senptr

2397 1498 2646 1541 Versetur
2673 1490 2942 1547 adventus
2984 1508 2997 1547 :
3036 1500 3323 1561 prasentia
3360 1500 3518 1568 quasi
3563 1498 3729 1562 ﬂuxa,
3767 1500 3984 1570 fragilza

2396 1589 2449 1632 et
2501 1580 2707 1635 Caduca
2762 1596 3104 1641 contetnnes.
3169 1588 3537 1659 Symmachus
3593 1593 3757 1646 linem
3822 1596 3986 1661 hujus

2396 1674 2683 1727 sententia:
2734 1673 2807 1726 ita
2867 1676 3260 1746 interpretatus
3312 1693 3391 1735 est
3434 1683 3536 1738 :Si
3578 1688 3737 1737 armis
3802 1687 3987 1738 multis

2394 1764 2585 1816 vixerit
2617 1766 2791 1827 homo,
2818 1776 2867 1819 et
2896 1771 3140 1823 omnibus
3172 1772 3253 1825 Itis
3290 1775 3503 1827 lietatus
3537 1777 3697 1841 fuerit
3731 1776 3775 1838 ⁸,
3810 1795 3986 1847 recc].

2400 1856 2522 1907 duri
2554 1857 2707 1910 debet
2737 1869 2786 1911 et
2816 1858 2929 1912 dies
2968 1859 3085 1931 [ΑΙ.
3140 1865 3382 1937 dierum]
3438 1870 3804 1936 teiiebrai-niu.
3860 1872 3985 1938 quia

2400 1948 2582 2001 multa:
2619 1962 2793 2015 erunt,
2826 1960 2874 2003 et
2909 1954 2961 2005 in
2985 1954 3172 2023 quibus
3205 1961 3455 2011 omnibus
3492 1963 3658 2011 rcniet
3698 1978 3814 2014 esse
3841 1964 3986 2015 desi-

2399 2058 2536 2095 nere.
2579 2040 2749 2095 Aliter
2784 2060 2798 2097 :
2835 2044 3186 2113 Repromittit
3236 2050 3288 2101 in
3332 2052 3439 2104 alio
3485 2054 3792 2122 Scripturx
3839 2060 3984 2114 lom.

2400 2132 2542 2187 Deus
2575 2138 2761 2188 dicens
2794 2152 2809 2189 ;
2842 2136 2986 2189 Dabo
3036 2141 3179 2193 vobis
3208 2142 3441 2210 pluviam
3497 2156 3905 2213 temporaneam
3940 2162 3987 2200 et

2398 2229 2691 2279 serotinum
2728 2229 2908 2295 (Deut.
2945 2247 3021 2289 ιι,
3075 2233 3183 2301 ll).
3225 2245 3383 2289 vetus
3414 2239 3623 2291 scilicet
3654 2238 3989 2293 Teszamrn-

2398 2329 2536 2379 tum.
2575 2332 2627 2374 et
2672 2338 2893 2385 novum,
2942 2334 2997 2379 et
3044 2337 3277 2393 utroque
3329 2344 3424 2380 vos
3474 2331 3645 2386 imbre
3710 2333 3983 2401 irrigabo.

2396 2411 2556 2465 Unde
2587 2424 2640 2467 et
2677 2429 2821 2466 nunc
2864 2414 3246 2481 admonemur,
3287 2427 3345 2472 nt
3379 2419 3458 2473 sic
3495 2422 3744 2489 legamus
3782 2422 3983 2491 Legem

2398 2517 2661 2564 veterem.
2708 2520 2775 2560 ne
2804 2504 3155 2575 Evangelinm
3209 2522 3625 2567 contemnamus
3665 2531 3679 2568 :
3716 2517 3799 2568 sic
3846 2534 3988 2581 qur-

2400 2612 2587 2650 rauius
2633 2599 2971 2666 Spiritualctn
3024 2602 3076 2654 in
3140 2602 3316 2656 Veteri
3356 2601 3731 2659 instrumento
3787 2610 3983 2661 intelli-

2398 2690 2659 2753 gentiam,
2699 2706 2766 2744 ne
2810 2693 2861 2744 in
2894 2694 3246 2761 cvangelistis
3313 2708 3366 2749 et
3395 2699 3661 2765 apostolis
3718 2703 3823 2755 hoc
3869 2714 3984 2755 tan-

2401 2789 2512 2833 tum
2554 2793 2808 2848 putemus
2844 2798 3041 2838 sonare
3078 2788 3224 2853 quod
3273 2786 3490 2854 legitur.
3536 2788 3805 2845 Lnorarc
3841 2796 3978 2844 enim

2400 2885 2501 2922 nos
2547 2872 2599 2924 in
2637 2886 2744 2939 quo
2793 2875 2965 2941 magis
2992 2876 3217 2929 scienti-t
3278 2878 3434 2928 nobis
3474 2894 3501 2929 a
3538 2877 3647 2933 Deo
3704 2885 3983 2936 trzbuatizr

2397 2971 2451 3014 ct
2485 2964 2681 3029 gratia,
2743 2963 3065 3032 felicemque
3103 2983 3228 3019 eum
3270 2984 3412 3027 esse,
3452 2971 3547 3038 qui
3592 2986 3896 3043 utrumque
3933 2993 3978 3027 .u

2399 3068 2693 3107 commune
2746 3056 3067 3121 sociaverit,
3105 3069 3158 3111 et
3196 3062 3351 3124 quasi
3407 3077 3571 3113 unum
3606 3079 3818 3133 corpus
3856 3070 3982 3120 ede-

2400 3146 2556 3199 cerii.
2591 3144 2741 3210 Quod
2790 3149 2881 3215 qui
2927 3147 3093 3202 fuerit
3139 3161 3490 3216 consecutus,
3528 3155 3741 3209 videbit
3783 3158 3977 3215 lucem.

728 3257 1023 3297 reservare.
1066 3241 1182 3294 Non
1222 3242 1364 3293 enim
1414 3241 1637 3294 volentis
1675 3256 1837 3309 neque
1868 3244 2159 3305 currentis,
2201 3241 2296 3296 sed
2326 3265 2367 3316 ο
2403 3239 2611 3293 videbit
2640 3238 2943 3299 Christum,
2997 3241 3168 3295 solent
3204 3242 3456 3310 justitize.
3505 3245 3571 3298 Et
3603 3246 3647 3299 si
3679 3250 3843 3302 annis
3871 3252 3982 3318 plu-

728 3338 823 3390 Dei
852 3336 1145 3389 miserantis
1177 3344 1252 3388 est
1288 3334 1463 3404 (Rom.
1500 3350 1572 3399 ιχ,
1610 3333 1718 3403 16).

804 3448 822 3478 ‹
862 3429 919 3481 In
952 3428 1223 3479 matutino
1254 3427 1465 3479 semina
1494 3440 1678 3479 semen
1715 3432 1894 3483 tuum.
1922 3432 1975 3478 et
2004 3423 2071 3477 ad
2108 3439 2296 3492 veSpc.

741 3537 857 3570 rum
903 3535 969 3572 ne
1019 3518 1266 3571 dimittas
1302 3532 1520 3570 niannm
1578 3525 1722 3569 tuam
1756 3533 1769 3569 :
1805 3515 2062 3584 quoniam
2124 3516 2300 3568 nesi-is

728 3614 856 3681 quid
898 3614 1106 3681 placeat
1142 3612 1184 3673 ³.
1220 3611 1325 3665 hoc
1380 3608 1494 3683 [ΑΙ.
1552 3618 1644 3661 aut
1684 3607 1833 3679 hoc],
1875 3624 1940 3661 an
1998 3606 2151 3661 illud.
2183 3606 2298 3661 Etsi

733 3717 1047 3775 utrumque.
1074 3705 1230 3772 quasi
1259 3720 1424 3757 unum
1462 3704 1661 3756 bonum
1688 3712 1796 3766 est,
1823 3712 1877 3752 et
1905 3701 2062 3755 dulce
2094 3700 2296 3763 lumen,

730 3809 784 3851 el.
816 3801 1012 3851 bonum
1046 3799 1223 3852 oculis
1261 3797 1445 3849 videre
1473 3794 1641 3849 solem
1681 3812 1694 3847 :
1729 3793 1855 3863 quia
1895 3795 1939 3848 si
1970 3794 2131 3849 annis
2164 3794 2301 3849 mul-

731 3893 800 3943 tis
828 3890 1023 3941 vixerit
1060 3889 1242 3949 homo,
1273 3886 1325 3938 itt
1358 3885 1610 3938 omnibus
1640 3884 1724 3936 his
1756 3883 1986 3948 ltetclttr,
2016 3892 2070 3937 et
2107 3886 2299 3938 memi-

733 3981 876 4034 nerit
906 3980 1023 4033 dies
1056 3979 1425 4037 tenebrarum,
1460 3979 1586 4045 quia
1622 3976 1870 4045 plurimae
1910 3986 2093 4031 erunt.
2125 3977 2299 4031 Omne

731 4072 875 4141 quod
908 4079 1194 4124 venturum
1226 4078 1331 4131 est,
1367 4068 1602 4121 vanitas.
1644 4086 1662 4118 ι
1704 4067 1779 4121 Ne
1801 4069 1971 4138 eligas
2021 4069 2109 4123 cui
2159 4070 2299 4124 bene

734 4163 907 4219 facias
945 4182 961 4230 ;
1001 4163 1093 4217 sed
1127 4174 1333 4217 etcum
1372 4162 1726 4224 benefeceris,
1767 4178 2044 4230 nunquam
2089 4180 2117 4216 a
2160 4164 2300 4217 bono

732 4272 896 4326 opere
934 4256 1192 4312 desistas.
1227 4255 1555 4309 Maiutinam
1603 4254 1870 4321 justitiam
1908 4270 2097 4323 vesper
2144 4255 2298 4308 inve-

737 4351 871 4405 niat.
904 4348 969 4403 Et
1008 4349 1252 4418 vesperis
1280 4346 1405 4419 [AL
1455 4345 1704 4417 vesperi]
1753 4346 2184 4400 misericordiam
2217 4348 2298 4400 sol

732 4443 854 4516 [AL
913 4441 1080 4514 solis]
1135 4453 1287 4495 ortus
1323 4440 1654 4493 aeenmnlct.
1704 4437 1974 4491 Incertum
2024 4447 2108 4490 est
2151 4439 2295 4491 enim

735 4536 879 4605 quod
912 4550 1046 4603 Opus
1070 4533 1241 4601 magis
1268 4534 1473 4599 placeat
1500 4533 1627 4595 Deo,
1653 4542 1705 4584 et
1732 4548 1793 4584 ex
1822 4546 1931 4599 quo
1965 4530 2057 4584 tibi
2090 4530 2299 4585 fructus

735 4598 898 4697 ω
923 4598 1548 4693 iustitia:rprteparttur.
1586 4620 1768 4673 Potest
1798 4598 1977 4671 autem
2028 4620 2298 4681 accidere,
2335 4598 2379 4650 θ

738 4733 791 4770 ιιι
827 4734 933 4771 non
982 4734 1171 4777 unum,
1207 4717 1299 4770 sed
1341 4725 1635 4781 utrumque
1674 4714 1885 4781 placeat
1916 4711 2044 4766 Deo.
2082 4711 2253 4766 Aliter
2287 4725 2301 4768 '.

740 4814 803 4865 Et
831 4814 882 4863 in
912 4792 1304 4869 adolescentia,
1340 4816 1395 4861 et
1428 4809 1479 4860 in
1526 4817 1767 4867 senecta,
1804 4819 1998 4873 azquus
2030 4803 2122 4856 tibi
2153 4803 2305 4859 labor

734 4906 825 4956 sit.
885 4902 990 4954 Nec
1041 4901 1241 4953 dicas:
1289 4900 1417 4953 dum
1474 4899 1648 4967 potui,
1692 4898 1982 4959 laboravi,
2042 4896 2211 4947 debeo
2248 4895 2301 4948 in

732 5004 1010 5049 senectute
1036 4993 1403 5061 requiescere.
1430 4991 1619 5044 Nescis
1646 4990 1789 5042 enim
1822 4997 2003 5040 utrum
2034 4988 2084 5041 in
2114 4989 2304 5055 juven-

741 5098 872 5148 tnte,
918 5100 984 5138 an
1029 5086 1083 5137 in
1123 5096 1280 5138 aetate
1315 5084 1554 5151 longzeva
1600 5082 1815 5149 placeas
1867 5080 1995 5132 Dico.
2030 5077 2137 5132 Nec
2184 5095 2307 5146 pro-

808 5203 822 5230 ¹
859 5197 1028 5250 Vatic.
1067 5213 1162 5249 suo
1205 5204 1448 5259 tempore.
1474 5195 1712 5255 Aicnin.,
1747 5192 2083 5258 Quapropter
2117 5206 2304 5258 opper-

736 5282 867 5322 tuuo
931 5269 1003 5321 rel
1034 5267 1334 5334 importuno
1369 5276 1596 5330 tempore
1628 5264 1997 5323 pradicoudns
2025 5270 2100 5312 est
2130 5276 2303 5311 sermo

738 5341 851 5392 Dei.
1688 5342 1689 5345 “

805 5429 826 5459 ⁸
866 5428 1057 5480 Verius
1098 5427 1347 5479 videatur
1380 5422 1579 5490 legisse
1624 5419 1839 5473 Alcuin.
1876 5436 1890 5473 :
1923 5417 2111 5471 Debent
2159 5429 2306 5471 sator

739 5512 1004 5565 spargere,
1038 5504 1088 5549 et
1116 5505 1378 5556 eventum,
1416 5504 1524 5565 etc.

808 5567 828 5597 ³
865 5560 1089 5620 Palmm,
1130 5570 1285 5625 alter,
1317 5564 1443 5633 quid
1483 5563 1600 5629 plus
1632 5560 1860 5625 βίαι-εστ.

810 5637 831 5666 ⁵
864 5636 1117 5689 Martiae.
1152 5637 1304 5688 (irtus
1328 5630 1506 5703 fuerit,
1537 5643 1727 5686 contra
1758 5645 1889 5684 mss.
1920 5630 2304 5699 cditorumquc

740 5717 899 5758 antea
937 5708 1195 5757 librorum
1224 5706 1405 5757 ﬁdem.

808 5778 827 5806 ⁵
868 5776 1095 5827 l’alatin.
1134 5774 1201 5826 Et
1245 5774 1413 5842 magis
1453 5772 1618 5824 addat
1652 5772 1720 5824 ad
1750 5772 1886 5822 tunc
1922 5769 2184 5837 laborem,
2219 5789 2305 5825 re-

738 5851 1122 5907 cordationem,
1150 5852 1254 5897 etc.

812 5916 830 5943 ⁶
866 5915 1091 5974 Lmrnre,
1124 5914 1454 5973 adolescens,
1490 5920 1594 5965 ete.
1626 5912 1685 5964 In
1713 5910 2096 5977 antiquissimo
2114 5911 2303 5963 codice

743 6005 843 6038 ius.
873 5986 1185 6040 turbuiensi
1213 5984 1506 6052 capitulum
1534 5984 1677 6036 istud
1706 5991 2025 6034 numeratur
2057 5997 2297 6045 xxxviii;

2405 3333 2555 3386 ribus
2604 3333 2819 3394 vixerit,
2874 3333 2925 3384 in
2978 3347 3194 3387 summa
3246 3335 3432 3387 laetitia
3477 3346 3529 3389 ct
3611 3340 3979 3393 tlwle‘flallt'm'.

2401 3424 2745 3487 versabitur.
2808 3425 3013 3479 habens
3076 3428 3361 3480 scientiam
3425 3428 3872 3496 Scripturaruni,
3927 3446 3978 3485 ct

2404 3518 2577 3586 magis
2610 3518 2675 3571 ad
2723 3518 2870 3571 hunc
2930 3518 3168 3571 laborem
3207 3520 3583 3575 recordatione
3619 3525 3639 3553 ⁸
3681 3525 3853 3578 Tum”
3896 3528 3980 3592 j"‘

2401 3611 2529 3663 dirii
2579 3612 2937 3679 compelletnr
2989 3628 3003 3663 :
3046 3611 3171 3678 quia
3233 3624 3556 3680 perpetuum
3619 3618 3974 3670 tenebrarum

2404 3711 2617 3769 tempus
2656 3702 2931 3768 adveniet,
2966 3711 3021 3756 et
3055 3712 3271 3757 mternte
3304 3718 3478 3772 pinum
3518 3711 3978 3773 Pfttparaltllnlut‘

2400 3794 2500 3854 eis.
2533 3795 2626 3863 qui
2660 3810 2767 3847 non
2800 3794 3190 3849 seminaverint
3228 3810 3381 3847 tuane
3407 3806 3458 3847 et
3490 3798 3554 3848 ad
3583 3813 3897 3868 veslrcram,
3927 3817 3976 3851 et

2404 3902 2745 3956 nequaquam
2794 3885 2959 3957 484
2997 3896 3293 3953 ιιιι-ιιιηψιε
3326 3886 3679 3940 sociaverant
3718 3905 3733 3945 :
3767 3907 3867 3945 nec
3906 3898 3978 3944 ιε-

2403 3978 2594 4029 derunt
2633 3977 2833 4036 lucem,
2874 3992 2968 4027 nec
3007 3976 3198 4035 solem,
3232 3976 3373 4027 unde
3405 3978 3577 4043 ip-tnn
3612 3979 3797 4031 lumen
3831 3997 3979 4039 egit--

2403 4072 2551 4124 ditur
2583 4069 2685 4141 [Al
2731 4068 3037 4133 egredietur

2471 4162 2628 4230 (Cap.
2677 4160 2818 4227 XII.)
2870 4159 3124 4225 tLaitare,
3165 4161 3487 4215 adolescens
3519 4162 3561 4225 ⁸,
3598 4163 3651 4215 in
3688 4163 3981 4232 jttventulr'

2404 4266 2514 4315 tua.
2545 4266 2597 4311 et
2632 4257 2683 4309 in
2716 4256 2858 4309 bono
2891 4255 2961 4308 sit
2991 4269 3088 4307 cor
3135 4262 3286 4305 tuum
3335 4256 3389 4307 iu
3422 4258 3616 4309 dielms
3664 4258 3978 4323 iuventutis

2404 4357 2530 4405 tum.
2560 4356 2614 4399 et
2646 4346 2858 4399 ambula
2890 4346 2941 4397 in
2972 4346 3071 4399 viis
3105 4345 3285 4399 cordis
3322 4345 3420 4406 tui,
3453 4355 3505 4397 et
3535 4347 3587 4398 in
3619 4347 3819 4400 intuitu
3850 4364 3980 4403 ocn-

2403 4438 2577 4491 lorum
2619 4448 2833 4489 tuorum
2872 4437 2909 4489 ⁷.
2948 4436 3011 4489 Et
3041 4437 3181 4489 scito
3213 4437 3335 4498 hoc,
3369 4437 3493 4504 quia
3527 4452 3695 4500 Silver
3717 4442 3978 4493 omniin.-

2408 4531 2492 4584 his
2528 4531 2758 4583 adducet
2793 4539 2841 4581 te.
2869 4528 3008 4581 Deus
3042 4529 3092 4581 in
3115 4527 3409 4596 judicium.
3448 4529 3514 4583 Et
3542 4532 3746 4599 repelle
3773 4540 3907 4587 ira-ii
3950 4552 3974 4585 a

2408 4622 2570 4674 corde
2622 4631 2735 4682 tuo,
2784 4627 2837 4671 et
2889 4620 3044 4672 anler
3095 4620 3353 4672 malitiam
3389 4636 3417 4673 a
3453 4602 3620 4675 carne
3653 4632 3747 4674 tua
3792 4642 3805 4677 :
3847 4629 3976 4694 quia

2409 4711 2779 4765 adolescentia
2825 4722 2880 4763 ct
2912 4711 3143 4764 stultitia
3196 4712 3411 4765 vanitas
3445 4722 3552 4765 est.
3597 4713 3662 4766 Et
3705 4728 3978 4769 memento-

2406 4803 2679 4857 Creatoris
2710 4804 2785 4855 tui
2824 4802 2876 4855 in
2903 4803 3099 4857 diebus
3141 4804 3444 4872 jttventtttis
3502 4816 3632 4869 tuae,
3682 4819 3975 4878 antequam

2407 4897 2628 4947 veniant
2675 4895 2794 4949 dies
2854 4896 3096 4959 malitiae,
3142 4905 3196 4949 et
3237 4897 3685 4964 appmpinquent
3740 4903 3867 4953 anni
3923 4905 3975 4953 in

2407 4987 2603 5053 quibus
2638 4988 2783 5040 dices
2818 5004 2830 5040 :
2862 4986 2978 5039 Non
3014 4996 3095 5040 est
3124 4988 3256 5041 inihi
3293 4984 3344 5040 iu
3375 4986 3485 5041 illis
3522 4990 3780 5045 voluntas
3810 4993 3829 5021 '
3858 4991 3973 5063 [Αέ.

2410 5077 2708 5148 voluptas].
2767 5097 2785 5128 ι
2836 5079 2888 5133 In
2949 5082 3051 5134 hoc
3114 5083 3389 5149 capitulo,
3445 5082 3666 5137 diversa
3728 5090 3974 5140 omnium

2409 5193 2641 5245 maxima
2679 5193 2823 5245 cnim
2860 5204 2944 5246 est
2978 5180 3235 5247 distantia
3284 5193 3537 5260 antiquas
3587 5193 3735 5249 inter
3777 5195 3977 5251 Biblio-

2409 5279 2528 5314 rum
2572 5278 2854 5315 sacrorum
2890 5277 2951 5314 ac
2992 5263 3286 5318 hodiernus
3337 5264 3661 5321 divisiones.
3700 5279 3759 5319 ut
3794 5272 3974 5322 videre

2408 5342 2492 5385 est
2527 5334 2579 5384 in
2618 5331 3027 5400 Prolegomenis
3053 5336 3257 5387 nostris
3285 5333 3305 5387 Ι
3337 5332 3493 5387 Tom.
3530 5335 3810 5390 Maurum.

2474 5431 2545 5441 —
2601 5403 2711 5452 Duo
2756 5418 2885 5456 mss.
2934 5406 3339 5469 castigatiores,
3397 5402 3627 5465 Latere,
3669 5408 3896 5470 fumis,
3924 5412 3977 5459 in

2408 5472 2761 5524 adolescentia
2810 5483 2920 5531 tua.
2980 5474 3440 5541 quemadmodum
3494 5477 3634 5527 intra
3687 5480 3757 5529 ab
3790 5476 3952 5531 Hiero

2412 5558 2572 5611 nymo
2601 5547 2750 5595 locus
2788 5546 3069 5596 recitatur.

2480 5613 2498 5641 ⁷
2539 5615 2755 5664 Atltittnl
2796 5613 3020 5666 l’alatini
3056 5617 3162 5667 duo
3195 5614 3355 5668 codd.
3394 5612 3520 5669 Sint:
3551 5617 3975 5680 reprehensione.

2409 5684 2649 5751 quodrx
2688 5681 2877 5735 Graeco
2906 5684 3136 5751 ἄμωμος
3174 5686 3473 5738 derivatur.

2480 5752 2501 5825 ᾖ
2548 5749 2670 5804 Non
2712 5761 2788 5804 est
2838 5755 2962 5805 mihi
3014 5749 3067 5805 in
3115 5756 3224 5807 illis
3258 5759 3517 5812 voluntas.
3554 5756 3817 5812 Erasmus
3850 5756 3977 5825 legi

2411 5822 2681 5881 voluptas;
2717 5826 2877 5890 idque
2902 5834 3169 5875 retentum
3194 5836 3274 5878 est
3311 5828 3361 5877 in
3388 5828 3813 5893 quamplurimis
3838 5822 3974 5880 mss.

2412 5893 2466 5945 lu
2504 5894 2728 5946 Hebraeo
2759 5904 2836 5946 est
2868 5900 2991 5974 γει-ι
3034 5896 3302 5959 Ιιήειρίδειμ,
3342 5897 3486 5965 quod
3531 5901 3855 5951 toluntatcm
3892 5900 3979 5949 in-

2405 5989 2775 6048 terpretantur
2811 5991 2972 6034 etiam
3011 5979 3147 6034 LXX
3184 5983 3587 6037 Translatores.
3628 5985 3903 6039 litanias.
