2073 3597
337 228 406 260 1163

334 294 383 314 tuo
395 308 402 320 ,
421 292 448 313 et
463 287 537 313 aufer
555 287 687 314 malitiam
713 295 726 314 a
743 295 828 315 carne
852 292 897 315 tua
921 294 928 314 :
948 288 1013 323 quia
1031 289 1123 316 adole-
1137 292 1161 320 Α

336 334 451 364 secntia.
477 338 503 359 et
528 334 644 360 stultitia
673 334 779 362 vanitas
801 341 852 363 est.
877 344 886 361 I
909 337 937 362 In
958 335 1008 366 ira,
1025 343 1122 362 omnes

336 380 558 414 pertuthalioncs
573 381 657 407 animi
673 381 892 416 comprehendit.
912 381 940 408 ln
958 382 1051 409 carnis
1066 390 1124 409 nta-

339 427 407 457 litin,
429 426 574 454 universas
599 427 736 463 signiﬁcat
753 427 876 461 corporis
900 427 1064 463 voluptates.
1080 428 1126 456 Sic

338 481 415 508 ergo,
432 470 531 508 inquit,
549 474 628 500 bonis
642 474 734 501 seculi
752 474 834 508 huius
849 473 952 506 fruere,
970 483 1003 501 tte
1018 479 1063 501 attt
1079 475 1128 502 de-

338 520 450 553 siderio,
468 526 512 547 aut
529 527 613 546 carne
626 519 782 554 delinquas.
801 519 935 554 Relinque
948 522 1063 556 antiqua
1086 521 1127 547 vi-

343 566 394 597 tia,
409 566 511 600 quibus
528 565 553 592 in
569 565 751 593 adulescentia
767 571 811 593 tua
824 566 935 593 vanitati
953 567 1128 602 slttltitiatquc

338 612 447 639 serviin
466 619 474 640 :
492 613 555 646 quia
575 613 706 647 juventus
742 612 910 646 insipientia
930 617 1058 647 copulata
1074 616 1126 641 est.

342 668 350 684 ι
373 659 406 686 Et
425 665 562 687 memento
579 659 720 687 Creatoris
743 659 780 686 lui
805 660 831 686 iu
853 659 951 687 diebus
973 661 1128 695 juventutis

339 710 403 736 tum,
424 711 570 740 antequam
593 707 705 732 veniant
720 706 778 733 dies
793 706 917 737 malitiae.
940 712 966 734 et
981 708 1129 742 appropin-

339 757 424 787 quent
436 753 513 783 anni.
530 752 555 778 iu
573 752 675 786 quibus
696 753 771 779 dives
788 759 796 778 :
815 751 874 779 Non
893 757 936 779 est
951 753 1016 780 tnilti
1034 754 1131 780 volun-

342 804 383 826 tas
398 799 423 825 in
436 797 485 825 eis.
502 807 511 823 ι
529 797 644 832 Semper
663 804 802 825 memento
813 798 969 825 Conditoris
986 799 1035 830 tui,
1051 804 1077 825 el
1092 800 1131 825 sic

341 843 533 871 adolescentia:
552 848 605 871 tua:
627 845 698 870 viam
723 846 847 879 gradere,
875 849 902 870 ιιι
924 845 1006 880 487
1035 846 1131 872 mortis

344 890 447 918 ultimae
462 891 634 918 recorderis:
647 894 795 924 antequam
812 890 860 917 tibi
875 895 982 925 tempus
994 891 1130 924 adveniat,

343 945 399 972 quo
416 937 509 965 tristia
524 944 639 971 quaeque
656 937 817 964 succedant.

382 992 391 1009 ι
410 970 561 1017 Antequam
577 970 789 1016 obtenebrescat
804 983 843 1009 sol
858 1004 865 1016 ,
882 987 908 1010 et
925 983 1029 1014 lumen,
1045 988 1071 1010 et
1093 986 1132 1010 lu-
1147 970 1170 999 Β

345 1037 378 1056 na
396 1029 415 1060 ‘,
431 1034 457 1056 ct
471 1030 568 1061 stellat,
580 1033 791 1056 etrevertantur
802 1029 888 1056 nubes
904 1034 965 1064 post
981 1030 1130 1064 pluviam.)

346 1076 374 1103 Si
393 1076 426 1103 de
452 1075 572 1110 generali
590 1078 831 1103 consummatione
855 1075 950 1102 mundi
969 1076 1131 1110 accipimus,

343 1123 435 1150 verbis
457 1123 564 1150 Domini
585 1123 636 1150 hoc
660 1123 811 1155 capitulum
828 1123 968 1157 congruit,
989 1122 1133 1156 inquibus

342 1169 380 1195 ait
396 1177 402 1195 :
421 1167 478 1195 Erit
496 1168 633 1195 tribulatio
650 1173 672 1195 et
692 1169 817 1202 angustia
832 1168 854 1200 ‘,
872 1168 960 1202 qualis
979 1176 1030 1194 non
1047 1168 1097 1201 fuit
1115 1177 1132 1194 α

342 1214 473 1248 principio
488 1218 629 1243 creaturae,
648 1212 692 1239 sed
707 1220 788 1247 neque
805 1212 861 1246 ﬁet.
874 1211 921 1239 Sal
937 1212 1006 1238 enim
1020 1212 1135 1237 tenebro-

344 1262 410 1291 κει,
424 1263 449 1284 et
466 1257 531 1284 luna
543 1266 595 1284 non
610 1257 682 1283 dabit
696 1257 784 1283 lumen
798 1264 886 1288 suum,
901 1261 926 1283 ct
938 1256 1021 1283 stellte
1038 1256 1133 1282 cadent

344 1303 376 1330 de
389 1302 465 1335 calo,
475 1308 499 1329 et
516 1303 623 1329 uirtutes
638 1302 761 1329 calorum
774 1302 1007 1328 comntovebtmtur
1021 1301 1133 1335 (Matt/2.

345 1350 431 1383 xxrv),
454 1357 514 1384 qua:
536 1354 601 1377 sunt
623 1348 752 1376 custodes
769 1348 868 1375 domus
886 1357 893 1375 :
909 1349 942 1375 ita
961 1353 989 1375 ut
1008 1349 1106 1375 domus
1125 1346 1135 1361 ⁸

345 1396 516 1431 intelligatur
533 1396 578 1423 ltic
597 1386 728 1428 mundus,
750 1395 801 1422 viri
827 1403 892 1422 vero
917 1395 1013 1426 fortes,
1040 1403 1136 1422 errore

344 1442 461 1478 decepti,
475 1447 502 1470 et
514 1442 678 1476 dissipanda:
693 1442 840 1469 contraria:
857 1442 1043 1469 fortitudines.
1055 1442 1134 1475 Quod

344 1490 367 1515 si
385 1488 513 1523 specialis
535 1487 757 1522 uniuscujusque
780 1493 993 1519 consummatio,
1016 1488 1049 1515 ad
1072 1490 1137 1515 vitae

346 1535 429 1570 hujus
446 1535 528 1562 linem
548 1535 668 1562 refertur
684 1542 691 1565 ;
709 1539 735 1562 et
751 1535 803 1568 sol,
819 1539 846 1561 ct
865 1535 943 1568 luna,
957 1539 983 1562 et
997 1535 1092 1564 stillae,
1109 1539 1136 1561 et

345 1583 443 1614 nubes,
466 1586 493 1609 et
516 1582 613 1617 pluvia:
633 1582 657 1608 ei
684 1589 746 1609 esse
768 1584 925 1614 cessabunt,
947 1581 993 1616 qtti
1012 1586 1136 1608 mut-tuus

345 1629 436 1657 fuerit.
453 1628 539 1655 Aliter
554 1636 561 1654 :
580 1627 686 1654 Laetare
697 1647 704 1658 ,
721 1627 893 1660 adolescens,
911 1636 926 1655 ο
944 1628 1042 1664 popnle
1056 1628 1136 1655 Chri-
1150 1644 1172 1672 α

344 1676 443 1707 stiaue,
464 1679 492 1702 et
516 1673 606 1701 fruere
628 1673 706 1699 bonis
727 1681 789 1708 quas
807 1681 821 1700 a
848 1674 901 1700 Dco
930 1674 979 1701 tibi
1002 1681 1135 1702 concessa

346 1726 421 1752 sunt,
437 1724 465 1747 et
481 1721 507 1746 in
525 1720 568 1746 Itis
582 1719 711 1746 omnibus
724 1720 834 1747 scitote
849 1727 864 1746 a
876 1718 993 1746 Domino
1005 1720 1137 1754 judican~

345 1767 421 1794 dum.
438 1766 494 1793 Nec
511 1770 600 1800 putes,
617 1766 681 1800 quia
699 1765 805 1800 priores
819 1766 888 1792 rami
907 1765 985 1792 l‘racti
1011 1773 1089 1799 sunt,
1107 1769 1136 1792 et

346 1819 373 1841 tu
392 1814 511 1840 insertus
530 1820 560 1840 es
581 1813 608 1838 in
628 1811 747 1838 radicem
764 1812 843 1838 bonae
858 1811 948 1843 olivae.
979 1811 1083 1838 idcirco
1112 1816 1137 1839 te

346 1866 406 1887 esse
422 1867 566 1890 securum;
586 1858 633 1885 sed
659 1857 738 1885 aufer
764 1858 832 1885 iram
856 1865 869 1883 a
887 1858 970 1885 corde
996 1863 1053 1889 tuo.
1070 1862 1099 1886 et
1122 1866 1137 1886 a

348 1914 462 1940 corpore
483 1908 649 1941 voluptates,
667 1909 694 1932 et
711 1905 818 1932 caeteris
832 1905 907 1932 vitiis
922 1905 1060 1932 derelictis
1078 1913 1137 1933 me-

348 1958 442 1980 mento
456 1952 595 1979 Creatoris
608 1952 659 1982 tui.
674 1956 820 1985 antequam
834 1951 882 1978 tibi
900 1952 958 1978 dies
966 1951 1075 1979 malitia:
1091 1951 1139 1978 ad-

349 1999 451 2030 veniat,
466 2004 492 2025 et
514 1998 676 2025 insanabilis
692 1998 713 2030 ‘,
737 1999 763 2024 in
779 2005 832 2032 qua
856 1998 1034 2032 peccantibus
1051 2005 1139 2032 pcenaa

348 2051 412 2073 sunt
431 2050 610 2080 praeparatae:
626 2052 660 2071 ne
673 2052 736 2071 cum
762 2043 932 2079 peccaveris,
953 2043 1065 2071 occidat
1089 2044 1139 2071 tibi

349 2092 390 2119 sol
406 2091 521 2126 iustitia;
534 2091 661 2123 meridie,
677 2095 704 2118 et
718 2090 841 2117 scientia:
858 2091 948 2117 lumen
965 2090 1093 2122 intereat,
1112 2095 1139 2118 et

350 2137 480 2173 splendor
495 2137 577 2169 lunae,
603 2137 630 2164 id
651 2143 714 2169 est,
739 2137 870 2165 Ecclesim
896 2137 1087 2170 subtrahatur,
1113 2141 1140 2164 et

351 2182 434 2210 stellae
447 2182 583 2213 occidant,
601 2182 634 2209 de
646 2181 748 2215 quibus
764 2182 900 2217 scriptum
912 2187 954 2208 est
971 2190 980 2210 :
998 2181 1030 2209 lu
1044 2182 1140 2216 quibus

351 2229 442 2256 lucetis
456 2228 532 2264 quasi
549 2228 694 2254 luminaria
707 2228 734 2254 in
751 2228 850 2254 mundo
867 2228 999 2254 rationem
1011 2229 1071 2254 uitat
1084 2227 1138 2263 [AL

351 2273 417 2311 vita]
435 2274 557 2301 [tabentes
574 2273 703 2308 (Philipp.
727 2281 758 2305 tt,
778 2273 835 2307 15).
850 2273 883 2299 Et
908 2273 972 2299 alibi
988 2277 995 2299 :
1013 2272 1099 2299 Stella
1124 2280 1140 2298 a

351 2321 430 2348 stella
439 2321 530 2355 (li/fert
548 2320 670 2355 ingloria
688 2320 698 2335 ⁵
714 2317 768 2356 [AL
778 2318 916 2355 claritate]
948 2318 990 2352 (II
1007 2318 1068 2345 Cor.
1089 2326 1135 2352 xv,
1153 2325 1178 2354 υ

352 2367 410 2401 41).
430 2367 576 2400 Antequam
593 2369 759 2391 revertantur
778 2365 857 2391 nubet
872 2369 928 2398 post
946 2364 1065 2398 pluviam
1083 2371 1092 2390 :
1107 2371 1143 2390 ne

354 2413 491 2447 propheta:
504 2412 551 2447 qui
565 2412 648 2439 corda
667 2411 837 2438 credentium
862 2419 914 2438 suo
931 2417 1058 2438 sermone
1070 2411 1141 2438 suis-

354 2468 406 2493 que
421 2459 516 2494 pluviis
532 2459 657 2493 irrigant,
676 2462 822 2493 postquam
840 2463 866 2484 te
890 2458 978 2485 imbre
1004 2465 1052 2485 suo
1072 2457 1142 2484 indi-

354 2515 436 2540 gnum
466 2512 527 2532 esse
548 2505 762 2540 perspexerint,
791 2508 965 2531 revertantur
992 2505 1024 2531 ad
1049 2503 1142 2532 sedem

354 2560 431 2580 suam
450 2559 458 2579 :
472 2553 505 2579 atl
522 2559 585 2578 ettm
601 2551 717 2584 scilicet,
731 2558 747 2578 a
762 2557 818 2585 quo
836 2551 912 2578 missi
931 2555 1008 2578 sunt.

390 2617 397 2634 '
418 2617 504 2646 Voces
518 2622 542 2645 et
557 2618 622 2644 lutta
645 2625 660 2645 a
679 2618 802 2646 Palatino
819 2623 845 2645 et
863 2617 994 2645 Vaticano
1011 2626 1076 2645 mss.
1093 2618 1141 2645 ab-

354 2658 429 2681 ειιιιι.

391 2690 401 2703 ¹
414 2689 515 2719 Vatic.,
531 2687 668 2715 tribulatio
684 2696 790 2722 magna,
805 2695 828 2715 et
847 2688 983 2724 angustia,
996 2693 1048 2715 etc.

390 2724 400 2738 ³
418 2724 484 2750 Male
499 2731 590 2751 vocem
618 2724 725 2754 domus,
749 2725 798 2750 hoc
823 2724 909 2751 altero
928 2724 988 2750 locu
1007 2724 1140 2751 omiserat

355 2758 540 2790 Martiaua’us,
565 2766 648 2793 quam
675 2766 708 2786 ex
739 2766 806 2786 mss.
835 2759 950 2793 aliisque
964 2757 1046 2785 editis
1062 2759 1139 2786 libris

355 2795 523 2821 suﬂ‘ecimus.

391 2829 401 2844 ⁸
417 2828 493 2856 Unus
512 2829 662 2859 I‘alatinus,
687 2828 742 2855 dies
772 2829 883 2856 mrtlt'tite
905 2829 1027 2855 adveniat
1053 2829 1079 2854 itt
1096 2829 1138 2855 die

355 2864 497 2896 iuventutis
514 2863 752 2890 tuminsattabilis.
781 2863 870 2890 Facile
902 2871 965 2890 vero
992 2864 1137 2897 przeferam

358 2900 444 2925 \‘atic.
460 2904 540 2933 atque
554 2900 664 2925 alterius
684 2899 797 2925 Palatini
815 2900 961 2926 lectionem
979 2919 985 2931 ,
1003 2899 1059 2924 dies
1083 2907 1142 2924 ma-

356 2935 431 2963 litia,
448 2933 503 2959 dies
520 2934 607 2960 veniat
623 2934 791 2960 insanabilia.

392 2970 401 2984 "
420 2968 498 2995 Stella
513 2977 528 2996 α
539 2968 615 2996 stella
627 2968 714 3002 dtﬂ'ert
731 2970 757 2995 in
769 2969 866 3003 gloria.
883 2968 919 2996 Ita
935 2969 1027 3003 legunt
1043 2976 1140 2996 omnes

941 229 971 261 S.
985 229 1138 260 EUSEBII
1153 228 1370 259 HIERONYMI

1898 226 1967 259 Ηδι

1214 296 1223 313 ι
1255 285 1284 314 In
1303 286 1346 314 die
1363 293 1418 321 quo
1442 285 1509 312 moti
1536 285 1639 312 fuerint
1658 284 1785 312 custttl-s
1810 285 1923 316 do'nus,
1941 290 1972 311 et

1177 333 1310 368 perierint
1332 332 1382 359 viri
1407 331 1585 359 fortitudinis.
1603 341 1611 357 ι
1631 331 1765 359 Custodes
1782 332 1896 363 domus,
1924 335 1972 357 aut

1178 380 1216 407 sol
1234 379 1394 414 intelligitur
1407 384 1433 406 et
1451 379 1513 405 luna
1527 398 1535 411 ,
1551 384 1578 405 et
1599 379 1721 412 reliquus
1743 385 1884 405 astrorum
1904 378 1973 405 cho~

1179 434 1235 458 rus,
1254 430 1303 453 aut
1335 426 1425 461 angeli
1453 425 1498 460 qui
1524 426 1587 452 huic
1608 425 1711 452 muttdo
1733 426 1896 460 president.
1916 424 1974 452 Viri

1178 481 1244 501 vero
1260 472 1443 505 fortitudinis,
1461 473 1518 500 sive
1535 472 1616 507 forte;
1631 473 1651 503 ',
1671 476 1701 499 ut
1714 473 1913 506 interpretatus
1929 478 1973 498 cst

1180 519 1371 554 Symmachus,
1390 519 1436 552 qui
1463 518 1600 552 peribunt.
1624 517 1707 552 488
1732 517 1790 544 sive
1816 523 1845 544 ut
1873 518 1974 551 Aquili

1180 565 1241 601 [Λᾶ.
1260 565 1318 601 qui]
1333 565 1474 592 transtulit
1489 565 1626 597 errabant,
1643 565 1782 592 daemones
1797 565 1972 596 sentiuntur,

1180 620 1193 639 a
1213 612 1274 639 furti
1294 612 1405 640 diabolo
1421 612 1505 639 etiam
1523 611 1574 646 ipsi
1598 611 1711 638 lortiutn
1740 612 1830 638 sortiti
1848 612 1973 638 vocabu-

1182 661 1248 686 lttttt.
1270 659 1356 693 Quem
1374 666 1512 694 superans
1533 659 1665 685 Dominus
1680 678 1686 689 ,
1715 662 1742 685 et
1762 659 1849 692 ligans
1862 678 1869 690 ,
1896 659 1974 692 juxta

1182 706 1322 740 Evangelii
1341 706 1499 740 parabolam
1516 705 1526 720 ⁷
1538 704 1596 740 [AL
1613 705 1801 740 sententiam},
1818 711 1909 732 vastat
1926 705 1976 731 do-

1184 761 1256 779 mutu
1273 753 1333 786 ejus
1353 752 1432 785 (Luc.
1451 753 1502 787 χι).
1519 752 1605 779 Aliter
1620 761 1626 778 :
1647 752 1781 779 Custodes
1798 753 1911 783 domus.
1930 752 1976 784 qui

1183 800 1216 825 ad
1243 807 1340 833 corpus
1365 799 1486 826 hominis
1510 798 1634 825 referunt
1658 803 1758 826 cuncta
1783 806 1845 832 qua:
1873 799 1978 831 st‘ripla

1184 851 1259 877 sunt,
1275 850 1368 872 costas
1383 844 1534 879 significari
1555 850 1663 879 putant,
1684 845 1757 879 quod
1775 845 1809 871 ab
1823 844 1892 877 ipsis
1908 844 1978 871 inte-

1188 893 1259 919 stina
1278 892 1425 923 vallentur,
1438 896 1465 918 et
1485 896 1539 918 tota
1557 892 1659 918 ventris
1676 892 1819 918 mollitudo
1839 896 1979 918 servetur.

1185 937 1266 965 Viros
1283 946 1348 965 vero
1368 938 1465 970 fortes,
1480 945 1560 965 crura
1580 937 1718 965 aestimant
1735 946 1743 971 ;
1760 938 1864 969 solem,
1886 943 1915 964 et
1940 938 1982 965 lu-

1186 992 1258 1014 nam,
1279 989 1306 1011 et
1323 983 1427 1014 stellas,
1446 983 1479 1009 ad
1499 983 1606 1014 oculos,
1624 991 1716 1010 aures.
1736 991 1828 1014 nares,
1846 988 1873 1009 et
1892 984 1979 1010 totius

1185 1031 1283 1064 Capitis
1296 1037 1394 1057 sensus
1408 1034 1550 1064 coaptant.
1570 1028 1626 1057 Hoc
1644 1036 1735 1057 autem
1761 1030 1833 1060 ideo,
1849 1032 1916 1064 quia
1941 1031 1982 1056 in-

1186 1076 1272 1103 ferius
1292 1076 1458 1104 necessitate
1474 1081 1621 1110 coguntur,
1639 1083 1692 1102 non
1709 1075 1744 1102 de
1764 1076 1870 1110 angelis
1886 1081 1913 1103 et
1929 1076 1983 1102 da:-

1186 1123 1328 1154 monibus,
1345 1123 1415 1154 sole.
1435 1127 1462 1149 et
1483 1123 1558 1153 luna,
1579 1126 1605 1149 et
1620 1123 1717 1153 stellis,
1734 1122 1781 1149 sed
1799 1123 1833 1149 de
1858 1123 1983 1149 hominis

1186 1169 1319 1196 membris
1337 1169 1488 1201 intelligere
1504 1177 1566 1204 qua:
1582 1173 1746 1203 sequuntur.

1226 1223 1235 1240 (
1258 1213 1291 1241 Et
1315 1215 1465 1241 cessabunt
1493 1215 1627 1241 tnolentes
1644 1222 1651 1248 ;
1666 1214 1797 1248 quoniam
1827 1214 1983 1241 imminuta:

1187 1265 1252 1287 sunt
1271 1268 1278 1293 ;
1298 1265 1324 1287 et
1338 1261 1587 1288 conteneltrescent
1600 1268 1660 1295 qua:
1675 1260 1768 1287 vident
1784 1261 1810 1286 in
1836 1261 1983 1288 foramini-

1187 1307 1249 1334 bus.
1271 1317 1280 1333 ›
1300 1307 1329 1334 In
1343 1307 1584 1334 consummatione
1608 1306 1702 1333 tttundi
1730 1314 1793 1333 cunt
1821 1306 1985 1342 refriguerit

1188 1354 1337 1381 multorum
1362 1353 1494 1385 charitas,
1522 1358 1549 1379 et
1577 1353 1727 1379 imminutae
1750 1352 1856 1379 fuerint
1888 1353 1985 1379 animze

1189 1400 1399 1435 magistrorum,
1416 1406 1477 1433 qua:
1501 1405 1618 1433 possunt
1633 1399 1772 1426 cmlestem
1791 1399 1888 1426 cibum
1915 1407 1983 1435 pm-

1190 1445 1255 1472 berc
1270 1445 1457 1476 credentibus,
1476 1445 1671 1478 translataque
1697 1445 1723 1470 in
1746 1444 1874 1471 cmlestia
1894 1454 1903 1473 ;
1920 1451 1982 1473 lttttc

1190 1491 1321 1526 incipient
1337 1491 1363 1518 bi
1381 1491 1426 1525 qui
1442 1498 1474 1517 ex
1493 1495 1570 1525 parte
1588 1491 1615 1517 in
1639 1491 1689 1517 hoc
1714 1491 1819 1517 mundo
1837 1492 1985 1519 intueban-

1190 1541 1237 1563 tur
1251 1537 1342 1563 lntnen
1359 1536 1492 1566 scientiae.
1511 1536 1610 1562 involvi
1626 1535 1755 1562 tenebtis.
1770 1535 1797 1563 Si
1810 1537 1888 1563 enim
1903 1536 1985 1572 Moysi

1189 1583 1291 1610 dicitur
1307 1591 1314 1609 :
1332 1582 1434 1609 Ponant
1449 1588 1473 1608 te
1491 1582 1516 1608 in
1534 1582 1664 1612 foramine
1686 1587 1767 1615 petra:
1784 1590 1791 1608 :
1806 1588 1831 1608 et
1847 1584 1888 1609 sic
1902 1592 1985 1617 po“!-

1189 1629 1262 1655 riora
1280 1637 1337 1655 mea
1352 1628 1452 1655 videbis
1467 1628 1569 1660 (Exod.
1588 1636 1694 1661 ιηιιι,
1716 1629 1762 1661 2'2)
1780 1638 1787 1655 :
1802 1636 1913 1663 quanto
1930 1639 1984 1656 ma.

1189 1676 1230 1710 gis
1247 1683 1418 1709 unaqnatquc
1436 1676 1526 1700 anima
1554 1683 1599 1708 per
1627 1674 1762 1705 foramen.
1791 1681 1821 1702 et
1848 1677 1982 1709 quasdam

1189 1722 1353 1749 tenebrosas
1381 1728 1513 1748 cavernas
1544 1721 1644 1756 aspicit
1674 1721 1839 1748 veritatem!
1872 1724 1982 1749 Aliter:

1190 1766 1255 1793 Duae
1272 1766 1407 1793 molentes
1426 1770 1502 1797 sunt,
1518 1773 1552 1792 ex
1570 1766 1672 1799 quibus
1688 1773 1770 1792 unam
1785 1767 1884 1801 recipi.
1902 1773 1929 1794 et
1941 1768 1980 1794 ai-

1190 1817 1274 1839 teratu
1306 1812 1460 1847 relinqui”,
1485 1812 1664 1847 Evnngclium
1691 1820 1744 1839 non
1773 1818 1847 1840 tacet
1873 1814 1981 1846 (ΠαίΙι.

1189 1866 1269 1890 ntv,
1283 1858 1341 1892 4|).
1359 1859 1425 1892 Qua:
1441 1867 1503 1886 cum
1524 1860 1676 1886 imminuta
1692 1859 1811 1892 inierint,
1828 1865 1912 1895 atque,
1929 1869 1983 1887 ces-

1190 1905 1322 1937 saverint,
1340 1912 1451 1931 necesse
1464 1911 1507 1932 est
1521 1911 1549 1931 ttt
1563 1912 1644 1931 omne
1658 1905 1750 1932 lumen
1765 1906 1893 1932 scientiae
1910 1906 1983 1933 aufe-

1190 1957 1268 1979 ratur
1292 1959 1326 1979 ex
1353 1952 1453 1979 oculis.
1472 1952 1561 1978 Aliter
1581 1951 1720 1978 :Ccssare
1745 1952 1894 1982 mulentes.
1922 1954 1983 1986 quia

1191 1997 1342 2024 imminuta:
1362 1998 1426 2028 sint,
1445 1997 1479 2023 de
1495 1997 1625 2024 dentibus
1647 1997 1753 2023 dictum
1779 2003 1888 2031 putant.
1907 1998 1982 2031 Quod

1191 2051 1253 2071 cum
1272 2048 1395 2071 extrema
1419 2048 1548 2070 senectus
1574 2042 1728 2072 advenerit,
1752 2042 1852 2070 dentes
1871 2052 1981 2077 quoque

1191 2094 1238 2116 aut
1264 2094 1419 2116 atteruntur
1434 2108 1442 2119 .
1465 2093 1512 2115 aut
1538 2088 1667 2115 decidunt
1687 2097 1695 2114 :
1712 2089 1813 2123 quibus
1839 2091 1980 2124 permoliu

1191 2136 1244 2163 cibi
1265 2135 1292 2162 in
1308 2135 1399 2161 alvum
1418 2134 1651 2160 transmittuntur.
1671 2133 1877 2162 Tenebrescere
1890 2142 1981 2163 autem

1193 2181 1315 2209 videntes
1334 2182 1360 2207 itt
1380 2180 1572 2210 foraminibus.
1586 2181 1681 2208 oculos
1700 2181 1895 2209 arbitrantur:
1911 2184 1982 2217 quod

1192 2232 1272 2254 aetate
1290 2227 1424 2254 confectis
1442 2226 1539 2261 caliget
1556 2226 1632 2253 acies
1644 2246 1651 2258 ,
1671 2231 1698 2253 et
1715 2227 1831 2255 intuitus
1848 2228 1982 2256 obscure-

1193 2279 1248 2300 tur.

1230 2329 1239 2345 ι
1257 2319 1289 2346 Et
1305 2319 1431 2347 claudent
1465 2319 1534 2346 ostia
1552 2319 1578 2346 in
1598 2319 1686 2353 platea
1704 2320 1730 2346 iu
1750 2320 1911 2347 humilitate
1937 2328 1982 2347 vo-

1194 2366 1234 2393 cis
1248 2367 1375 2393 uiolentis
1392 2374 1398 2392 :
1417 2371 1443 2392 et
1455 2370 1602 2400 consurget
1618 2366 1650 2391 ad
1676 2373 1768 2392 vocem
1788 2367 1933 2396 volucris;
1957 2372 1982 2393 et

1195 2411 1385 2439 obmutescent
1399 2418 1494 2438 omnes
1509 2411 1569 2438 tilia:
1582 2410 1725 2438 carminis.
1745 2420 1753 2435 ι
1769 2410 1838 2437 Cum
1857 2419 1908 2438 vox
1928 2420 1983 2438 mo-

1195 2458 1276 2486 lentis
1300 2458 1382 2485 fuerit
1408 2458 1568 2489 infirmata,
1586 2462 1613 2484 et
1634 2458 1830 2492 magistrorum
1861 2459 1982 2485 doctrina

1194 2505 1355 2538 cessaverit,
1374 2503 1457 2540 489
1481 2509 1682 2538 consequenter
1696 2503 1847 2531 cessabunt
1863 2505 1956 2531 omnia
1974 2512 1980 2528 :

1194 2552 1266 2580 inter
1282 2560 1353 2587 quae,
1372 2557 1400 2579 et
1414 2552 1484 2579 ostia
1502 2551 1666 2578 claudentur
1682 2550 1709 2578 in
1726 2551 1813 2586 platea
1826 2570 1835 2582 ,
1857 2556 1889 2578 ut
1908 2551 1981 2586 juxta

1192 2629 1262 2648 mss.
1281 2620 1391 2649 codices
1403 2620 1480 2652 juxta
1495 2620 1635 2653 antiquam
1649 2619 1791 2653 Vulgatam
1805 2620 1832 2645 in
1846 2627 1900 2652 qua
1917 2621 1982 2647 scri-

1194 2662 1269 2690 ptum
1288 2662 1347 2683 erat
1366 2664 1372 2682 :
1388 2655 1449 2682 Alia
1464 2660 1503 2682 eu
1521 2655 1605 2689 gloria
1624 2655 1708 2685 solis,
1723 2654 1778 2681 alia
1796 2654 1886 2687 gloria
1903 2656 1981 2684 Iunt.

1193 2696 1260 2722 etc.,
1280 2696 1309 2718 ul.
1336 2691 1415 2717 lidcm
1439 2691 1519 2717 nobis
1534 2690 1601 2716 facit
1633 2690 1772 2723 exemplar
1799 2697 1854 2716 ms.
1876 2690 1983 2716 Gracu—

1194 2725 1321 2753 Latiuunt
1347 2725 1531 2760 Epistularum
1549 2723 1578 2751 S.
1593 2724 1666 2751 Pauli
1683 2725 1708 2751 itt
1731 2729 1826 2760 nostra
1846 2724 1980 2751 San-Ger-

1195 2762 1319 2787 ntancnsi
1339 2758 1502 2786 bibliotheca
1520 2768 1592 2787 nttnc
1606 2765 1787 2786 asservatutn.
1802 2758 1942 2787 Maurus.

1230 2795 1240 2810 ‘
1252 2796 1390 2830 Expungit
1405 2795 1524 2822 l’aiatitt.
1543 2803 1654 2826 vocem,
1676 2794 1768 2829 fortes,
1784 2797 1982 2829 substituitque

1194 2831 1305 2857 virtutes
1322 2839 1331 2857 :
1350 2831 1428 2858 alter.
1447 2831 1499 2857 sive
1516 2830 1634 2860 uirtutis,
1652 2830 1728 2863 legtt.

1231 2865 1240 2880 '
1256 2865 1341 2891 Juxta
1358 2865 1495 2900 Evangelii
1510 2865 1677 2899 parabolam.
1695 2864 1802 2891 Erasm.
1814 2869 1841 2891 et
1858 2865 1981 2895 Mariam.

1191 2900 1272 2934 juxta
1290 2900 1427 2935 Evangelii
1443 2902 1612 2927 sententiam.
1632 2900 1765 2925 ΜλιιττΑς.

1231 2936 1241 2950 ⁸
1253 2937 1317 2963 Mss.
1335 2943 1415 2963 unum
1434 2936 1504 2969 rapi,
1521 2941 1544 2961 et
1562 2935 1676 2962 alterum
1691 2935 1818 2969 relatqui.
