4146 7222
690 399 816 463 1171

1879 408 1939 472 S.
1961 406 2268 466 EUSEBII
2298 406 2351 466 Il
2365 408 2379 466 l
2393 408 2741 470 ERONYMI

3796 410 3941 471 1173

687 530 742 574 ct
787 518 958 573 solida
998 518 1178 572 radice
1210 516 1434 572 fundata
1472 530 1621 577 sunt.
1661 522 1823 596 495
1858 522 1969 578 lloc
2002 523 2249 589 stimulo,
2280 523 2327 581 Α
2355 525 2450 593 qui
2490 527 2541 577 in
2580 526 2849 595 principio
2881 535 3001 581 erat
3034 524 3173 594 apud
3213 525 3401 587 Deum,
3429 537 3481 579 et
3520 527 3659 578 llr-ns
3690 526 3938 581 Verbum

689 612 917 665 necdum
961 608 1213 674 Paulum,
1248 610 1341 665 sed
1397 613 1578 667 adhuc
1628 615 1850 670 Saulum
1902 625 2033 683 puto
2084 617 2136 671 in
2175 622 2257 672 via

687 702 1005 757 confossum
1052 702 1253 755 erroris
1288 706 1510 760 audisse
1546 725 1560 761 :
1592 707 1795 761 Durum
1830 710 1924 761 tibi
1965 719 2043 764 es!
2075 710 2259 765 adver-

688 811 804 848 sum
856 794 1130 848 stimulum
1182 795 1464 852 calcitrare
1513 800 1525 829 ¹
1580 798 1691 871 [ΑΙ.
1744 811 1931 856 contra
1984 803 2257 857 stimulum

689 888 807 960 Dei]
844 891 979 959 (Act.
1019 909 1092 958 ix,
1134 895 1209 960 5).

768 1000 786 1031 ι
818 980 883 1035 Ει
905 986 1142 1053 amplius
1168 989 1233 1038 ah
1260 985 1367 1048 his,
1390 985 1482 1039 stili
1519 986 1611 1051 mi,
1646 1001 1794 1041 cave.
1826 986 2083 1042 Faciendi
2114 987 2254 1041 mul-

690 1083 778 1129 tos
809 1074 979 1129 libros
1032 1091 1140 1129 non
1188 1086 1274 1131 est
1320 1077 1445 1133 linis
1478 1081 1498 1110 '
1562 1094 1577 1134 :
1617 1088 1672 1133 et
1696 1080 1978 1133 meditatio
2023 1079 2258 1149 plurima

689 1167 842 1221 labor
872 1178 952 1221 est
981 1169 1187 1223 carnis.
1224 1190 1242 1221 ι
1281 1170 1538 1240 Exceptis
1572 1173 1658 1225 his
1698 1173 1874 1227 verbis
1902 1190 2023 1243 qua:
2047 1174 2115 1227 ab
2150 1186 2258 1226 uno

690 1271 911 1330 pastore
968 1271 1097 1316 sunt
1138 1263 1290 1325 data,
1322 1271 1377 1315 et
1411 1279 1438 1316 a
1474 1264 1735 1320 concilio.
1762 1274 1926 1335 atque
1980 1281 2256 1322 consensu

688 1355 917 1421 probata
951 1357 1279 1423 sapientium
1327 1357 1369 1417 ³,
1422 1354 1560 1409 nihil
1596 1355 1787 1421 facias,
1822 1357 1955 1412 nihil
2009 1358 2104 1413 tibi
2142 1358 2261 1413 viu-

690 1445 841 1500 dices
896 1463 909 1499 :
971 1445 1235 1512 majorum
1279 1461 1513 1513 sequere
1563 1448 1813 1516 vestigia,
1851 1457 1901 1503 et
1949 1451 2017 1503 ah
2068 1465 2257 1503 eorum

689 1540 1017 1595 auctoritate
1043 1554 1148 1593 non
1181 1540 1488 1610 discrepes.
1513 1540 1757 1611 Alioqui,
1783 1543 2043 1611 quaerenti
2067 1546 2258 1607 multa,

688 1633 941 1688 inﬁnitus
994 1635 1259 1688 librorum
1298 1650 1561 1689 numerus
1592 1644 1848 1690 occurret
1882 1652 1896 1689 :
1929 1635 2017 1705 qui
2056 1646 2107 1690 te
2140 1651 2261 1704 per-

688 1727 871 1781 trahat
902 1726 970 1780 ad
1004 1743 1269 1791 errorem,
1306 1737 1360 1780 et
1415 1728 1681 1795 legentem
1726 1731 1929 1783 frustra
1965 1728 2074 1800 [Αι.
2111 1728 2261 1781 addit

690 1817 909 1890 inulta]
961 1819 1120 1871 faciet
1152 1818 1426 1873 laborare.
1482 1818 1573 1872 Vel
1610 1831 1760 1873 certe
1799 1819 1959 1874 docet
2004 1819 2255 1873 brevitati

689 1911 1044 1976 studendum,
1083 1920 1135 1965 et
1186 1927 1384 1966 sensus
1416 1912 1588 1980 magis
1616 1912 1909 1966 sectandos
1938 1927 2062 1965 esse
2093 1928 2259 1977 quam

690 2005 877 2066 verba,
913 2004 1177 2058 adversus
1216 2004 1565 2072 philosophos
1599 2014 1652 2057 et
1716 2005 1902 2058 δέρει]ιί
1951 2006 2113 2072 hujus
2162 2005 2261 2059 do-

689 2111 889 2158 cteres.
927 2098 1019 2167 qui
1066 2112 1290 2152 suorum
1324 2096 1640 2165 dogmatum
1698 2097 1961 2153 falsitates
1989 2107 2263 2151 conantur

688 2204 935 2244 asserere
982 2194 1223 2243 vanitate
1251 2204 1313 2242 ac
1351 2191 1805 2259 multiplicatione
1854 2189 1966 2261 [ΑΙ.
2008 2192 2261 2244 ηιυΙιίιιιο

688 2279 841 2351 dine]
875 2296 1216 2336 sermonum.
1252 2281 1489 2336 Econtra
1539 2282 1828 2351 Scriptura
1882 2282 2067 2335 divina
2112 2283 2260 2336 brevi

689 2371 897 2426 circulo
922 2382 1197 2427 coarctata
1228 2383 1334 2438 est,
1357 2381 1411 2429 et
1452 2384 1715 2443 quantum
1751 2375 2011 2429 dilatatur
2047 2376 2101 2429 in
2136 2391 2263 2429 scn-

689 2466 841 2517 sihus
882 2464 925 2529 ⁸,
981 2476 1188 2518 tantum
1239 2467 1292 2519 in
1344 2482 1596 2521 sermone
1647 2469 2062 2537 constringitur.
2123 2469 2260 2534 Quia

689 2568 1128 2613 Consummatum
1162 2558 1575 2632 breviatumque
1607 2576 1923 2614 sermonem
1964 2562 2089 2615 fecit
2116 2563 2261 2617 Deus

692 2666 861 2717 super
916 2660 1139 2713 terram,
1181 2653 1521 2727 et’verbum
1576 2652 1694 2721 ejus
1737 2653 1890 2723 juxta
1930 2664 2011 2709 est
2060 2657 2111 2709 in
2166 2672 2262 2709 ore

691 2753 903 2804 tmslro,
943 2751 995 2794 et
1034 2742 1085 2794 in
1116 2744 1280 2795 corde
1309 2754 1497 2798 nostro
1529 2743 1705 2813 (Rom.
1748 2763 1803 2809 χ,
1834 2746 1865 2799 8
1895 2765 1908 2811 ;
1947 2746 2098 2800 Deut.
2134 2765 2259 2813 xxx,

694 2832 805 2901 lt).
839 2834 1048 2886 Aliter:
1094 2833 1374 2901 Frequens
1409 2836 1591 2898 lectio.
1630 2847 1684 2890 et
1721 2839 2040 2906 quotidiana
2087 2840 2262 2894 medi-

692 2928 848 2989 latio,
888 2928 1080 2979 anima“:
1112 2930 1249 2981 solet
1276 2929 1637 2997 magislahor
1681 2946 1804 2985 esse
1838 2948 2002 3001 quam
2054 2934 2260 2986 carnis.

690 3016 979 3081 Quomodo
1010 3019 1156 3071 enim
1191 3018 1455 3084 quidquid
1487 3033 1647 3072 manu
1680 3028 1737 3073 et
1770 3036 2002 3089 corpore
2035 3022 2114 3084 fit,
2149 3037 2262 3073 ma-

694 3125 795 3163 nus
859 3118 912 3163 et
964 3110 1210 3177 corporis
1257 3110 1446 3164 labore
1486 3111 1835 3179 completur:
1874 3113 1945 3166 ita
2005 3113 2148 3180 quod
2194 3114 2260 3166 ad

2365 618 2548 685 (lcau.
2582 634 2620 677 I.
2656 618 2737 687 2),
2764 634 2932 673 unum
2966 620 3219 672 volumen
3253 626 3375 674 est:
3409 630 3463 672 et
3497 619 3937 672 innumerabiles

2360 712 2482 767 lihri
2509 727 2615 766 una
2640 710 2773 771 Lex.
2795 727 2962 765 unum
2993 712 3336 779 Evangelium
3370 716 3747 765 nominantur.
3776 709 3934 776 Quor]

2360 804 2406 857 si
2442 802 2657 857 diversa
2691 812 2744 857 et
2774 804 3141 869 discrepantia
3172 805 3564 873 diSpntaveris.
3612 815 3669 857 et
3698 804 3937 857 curiosi-

2361 905 2471 950 tate
2513 896 2677 949 nimia
2716 895 2822 949 huc
2853 904 3017 965 atque
3050 897 3176 950 illuc
3206 899 3449 951 animum
3487 897 3788 951 adduxeris
3824 896 3930 969 (At.

2361 988 2703 1061 deduxeris],
2743 992 2905 1044 ctiam
2958 991 3009 1042 in
3048 1006 3156 1044 uno
3205 990 3364 1053 libro,
3410 991 3561 1044 multi
3607 990 3734 1043 libri
3786 1001 3935 1045 sunt.

2360 1080 2517 1138 Unde
2544 1082 2748 1137 dielqu
2776 1094 2858 1137 est
2894 1100 2908 1142 :
2949 1082 3029 1137 Ex
3056 1083 3388 1153 multiloquio
3419 1102 3521 1137 non
3555 1085 3777 1151 effugies
3826 1098 3939 1148 ρες-

2359 1186 2537 1229 catum
2570 1173 2753 1239 (Prov.
2795 1191 2850 1236 κ,
2889 1175 3001 1241 l9).
3047 1172 3271 1229 Talibus
3303 1176 3463 1245 igitur
3496 1175 3651 1227 libris
3694 1190 3805 1227 non
3861 1183 3940 1225 est

2362 1269 2508 1325 linis.
2556 1269 2764 1322 Bonum
2809 1268 2956 1321 enim
3002 1283 3184 1332 omne,
3231 1278 3284 1321 et
3328 1271 3525 1323 veritas
3575 1276 3729 1321 certo
3784 1268 3805 1298 ⁸
3833 1267 3937 1320 line

2362 1365 2753 1418 coniluditnr:
2798 1363 3001 1415 malitia
3047 1378 3177 1416 vero
3227 1373 3389 1430 atque
3422 1362 3764 1417 mendacium
3819 1364 3939 1417 sine

2365 1456 2470 1509 line
2501 1466 2647 1510 sunt.
2683 1454 2746 1507 Et
2769 1465 2971 1523 quanto
3004 1455 3127 1520 plus
3154 1454 3527 1521 requiruntur.
3572 1465 3727 1509 tanto
3757 1458 3935 1522 major

2362 1563 2552 1602 eorum
2597 1548 2768 1601 series
2833 1548 3097 1601 nascitur.
3160 1549 3333 1616 Super
3392 1550 3489 1603 hac
3522 1565 3582 1601 re
3618 1550 3637 1579 ³
3690 1550 3933 1603 studium

2364 1650 2528 1709 atque
2560 1641 2861 1699 meditatio,
2896 1640 3047 1692 labor
3078 1650 3161 1693 est
3204 1643 3408 1695 carnis.
3436 1640 3655 1701 Carnis,
3688 1640 3934 1708 inquam,

2365 1748 2473 1786 non
2519 1732 2764 1800 spiritus.
2804 1729 2975 1784 llabet
3026 1732 3292 1800 siquidem
3346 1743 3399 1784 et
3430 1731 3658 1799 spiritus
3692 1731 3933 1783 laborem

2370 1839 2553 1886 suum,
2588 1823 2743 1891 juxta
2779 1821 2909 1875 illud
2935 1822 3079 1887 quod
3118 1823 3192 1874 ait
3223 1824 3513 1889 Apostolus
3546 1838 3561 1875 :
3601 1820 3728 1873 Plus
3754 1832 3933 1873 autem

2366 1916 2475 1968 illis
2518 1915 2759 1967 omnibus
2805 1913 3091 1967 laboravi:
3130 1929 3233 1966 non
3266 1922 3440 1966 autem
3471 1929 3585 1981 ego,
3622 1913 3713 1963 sed
3765 1914 3937 1981 gratia

2366 2007 2459 2060 Dei
2489 2022 2604 2074 qua’
2649 2022 2858 2058 mecum
2886 2015 2962 2059 est
3001 2003 3053 2073 (Ι
3097 2003 3222 2058 Cor.
3260 2021 3346 2069 sv,
3378 2002 3488 2070 10).
3527 2002 3591 2057 Et
3630 2001 3884 2057 Salvator
3922 2023 3935 2055 :

2365 2098 2624 2151 Labmavi
2656 2098 2895 2150 clamans
2928 2096 3100 2165 (Psal.
3142 2112 3334 2157 uvut.
3364 2097 3442 2150 4).

2442 2212 2458 2243 i
2492 2191 2639 2244 Finis
2671 2196 2941 2243 Sermonis
2970 2189 3112 2243 verbi
3135 2189 3374 2242 universi
3407 2188 3595 2243 auditu
3653 2189 3937 2259 perfacilis

2364 2296 2447 2340 est
2485 2305 2496 2336 :
2536 2282 2700 2337 Deum
2739 2284 2889 2343 time,
2923 2291 2976 2334 et
2999 2282 3248 2333 mandata
3289 2282 3409 2349 ejus
3441 2282 3680 2336 custodi.
3716 2281 3833 2334 Huc.
3859 2292 3939 2336 est

2364 2378 2510 2431 enim
2546 2376 2726 2429 omnis
2756 2376 2939 2437 homo,
2969 2376 3094 2443 quia
3117 2391 3276 2429 ornne
3308 2376 3504 2428 factum
3534 2376 3681 2429 Deus
3705 2379 3936 2429 adducet

2368 2470 2423 2524 in
2448 2469 2717 2535 judicium
2759 2469 2823 2520 de
2863 2468 3011 2519 Omni
3045 2467 3385 2530 abscondito,
3420 2468 3534 2520 sive
3568 2468 3799 2529 bonum,
3830 2472 3939 2521 sive

2366 2562 2567 2613 malum
2599 2560 2687 2611 sit.
2718 2577 2734 2608 ι
2770 2558 2935 2610 Aiunt
2966 2555 3173 2610 llebra'i
3197 2570 3319 2610 eum
3346 2558 3483 2609 inter
3509 2566 3711 2610 caetera
3737 2558 3937 2626 scripta

2370 2651 2685 2705 Salomonis
2722 2668 2842 2718 qua:
2883 2651 3164 2717 antiquata
3197 2658 3345 2711 sunt,
3396 2664 3494 2702 nec
3558 2651 3611 2702 in
3675 2652 3937 2702 memoria

2367 2746 2728 2802 duraverunt,
2755 2748 2808 2793 et
2841 2740 2927 2793 hic
2979 2740 3115 2793 liber
3142 2739 3541 2792 ohlitterandus
3566 2738 3848 2792 videretur
3892 2739 3933 2798 ν,

2366 2850 2429 2887 eo
2460 2832 2603 2902 quod
2660 2847 2828 2885 vanas
2866 2830 2958 2883 Dei
3014 2839 3283 2883 assereret
3332 2838 3633 2893 creaturas,
3671 2839 3729 2883 et
3765 2840 3933 2880 totum

2370 2937 2579 2995 putaret
2615 2938 2736 2977 esse
2768 2938 2866 2991 pro
2894 2922 3088 2985 nihilo,
3110 2930 3164 2974 et
3196 2920 3402 2983 cibum,
3433 2928 3490 2974 et
3518 2930 3732 2989 potum.
3770 2930 3825 2972 et
3852 2922 3939 2971 de-

2368 3018 2520 3070 licias
2551 3023 2898 3067 transeuntes
2928 3010 3209 3079 praeferret
3242 3010 3516 3073 omnihus,
3549 3024 3618 3063 ex
3667 3009 3776 3063 hoc
3831 3024 3937 3061 uno

2367 3108 2608 3176 capitulo
2650 3107 2913 3160 meruisse
2957 3104 3360 3166 auctoritatem,
3416 3114 3471 3155 ut
3522 3104 3575 3156 in
3622 3102 3935 3154 divinorum

691 3202 986 3256 lectionem
1043 3201 1304 3269 pertinet,
1357 3205 1527 3265 magis
1580 3204 1780 3257 mentis
1819 3214 1902 3257 est,
1954 3206 2125 3258 labor,
2185 3207 2259 3258 Ex
2291 3208 2332 3262 c
2368 3198 2718 3252 Voluminum
2752 3210 2980 3249 numero
3013 3204 3324 3264 poneretur,
3359 3194 3506 3261 quod
3551 3202 3722 3247 totam
3757 3194 3941 3259 dispo-

691 3309 800 3360 quo
836 3292 968 3346 mihi
1001 3293 1232 3354 videtur,
1275 3293 1560 3360 superiora
1596 3296 1661 3347 de
1715 3295 2063 3350 multitudine
2097 3298 2264 3352 libro-

692 3401 810 3436 rum
866 3385 1022 3436 aliter
1075 3382 1385 3444 sentienda.
1444 3401 1604 3452 quam
1662 3387 1907 3455 plerique
1963 3388 2259 3443 aestimant.

693 3476 860 3529 Moris
906 3484 991 3528 cst
1048 3472 1477 3542 Scripturarum,
1529 3476 1783 3542 quamvis
1841 3478 2023 3543 plures
2074 3479 2262 3543 libros,

694 3566 737 3617 si
766 3564 904 3616 inter
939 3578 995 3613 se
1031 3579 1134 3615 non
1164 3562 1493 3629 discrepent.
1528 3574 1581 3618 et
1624 3566 1687 3618 de
1712 3566 1900 3619 eadem
1938 3584 1996 3621 re
2025 3569 2266 3623 scriban-

694 3665 800 3720 tur,
838 3671 1003 3709 nnum
1034 3655 1285 3709 volumen
1314 3655 1493 3709 direre
1516 3671 1528 3708 :
1550 3656 1817 3725 siquidem
1848 3666 1900 3711 et
1920 3657 2263 3727 Evangeliqu

693 3758 750 3802 et
811 3748 917 3801 Lex
972 3747 1186 3800 Domini
1248 3748 1618 3811 immaculata,
1688 3760 1987 3803 convertens
2053 3752 2263 3804 animas

693 3838 873 3894 lPsal.
905 3855 1055 3899 xvin,
1083 3839 1160 3903 8).
1194 3838 1546 3902 singulariter
1572 3841 1936 3907 appellantur,
1960 3856 2082 3894 cum
2113 3842 2263 3910 plura

694 3930 1013 3999 Evangelia.
1050 3942 1104 3982 et
1138 3932 1303 3983 multa
1338 3932 1447 3983 sint
1475 3932 1731 3986 mandata
1767 3933 1932 3999 legis:
1965 3934 2047 3986 sic
2087 3943 2140 3987 et
2174 3949 2266 3988 vo-

693 4021 876 4075 lumen
906 4021 956 4073 in
994 4020 1143 4075 Isaia“
1172 4036 1428 4074 sermone
1454 4022 1751 4090 signatum,
1776 4024 1952 4075 omnis
1982 4024 2265 4091 Scriptura

695 4113 878 4168 divina
908 4123 988 4166 est
1038 4112 1177 4171 (Isa.
1210 4115 1382 4180 xxix),
1419 4125 1468 4165 et
1502 4128 1609 4164 uno
1665 4114 1904 4180 capitulo
1962 4114 2105 4177 lihri,
2137 4115 2266 4168 Eze-

696 4207 835 4261 chiel
857 4204 1208 4272 Joannesque
1240 4216 1538 4257 vescuntur
1567 4203 1783 4272 (Ezech.
1818 4221 1908 4259 vui
1953 4224 1966 4270 ;
1997 4206 2158 4275 Apoc.
2186 4207 2263 4271 κ).

699 4297 949 4351 Salvator
980 4311 1198 4365 quoque
1227 4296 1473 4349 omnium
1506 4305 1652 4350 retro
1678 4306 1995 4351 sanctorum
2041 4297 2268 4351 vocibus

694 4391 1076 4462 proplietatus,
1124 4391 1198 4442 ait
1234 4406 1248 4443 :
1290 4388 1352 4441 In
1396 4388 1635 4449 capitulo
1666 4389 1789 4441 libri
1816 4389 2071 4452 scriptum
2100 4399 2172 4440 est
2204 4388 2268 4441 de

697 4494 782 4535 me
833 4480 1003 4549 (Psal.
1064 4495 1250 4542 χχιιι,
1301 4478 1382 4546 9).
1419 4477 1577 4531 Juxta
1622 4479 1766 4531 hunc
1826 4479 1994 4545 igitur
2041 4493 2263 4531 sensum

695 4573 862 4645 496
907 4574 1143 4626 arhit-or
1199 4586 1343 4624 nunc
1392 4580 1747 4639 praeceptum,
1803 4587 1869 4623 ne
1915 4572 2098 4638 plures
2142 4569 2265 4623 lihri
2301 4551 2345 4606 θ

697 4670 851 4721 fiant.
879 4662 1151 4732 Quidquid
1196 4664 1339 4716 enim
1374 4662 1595 4727 dixeris,
1629 4661 1677 4715 si
1704 4663 1767 4715 ad
1800 4675 1923 4714 eum
1978 4661 2265 4726 referatur,

772 4829 789 4859 ³
860 4824 1060 4877 Durum
1095 4822 1188 4875 tibi
1219 4831 1293 4874 est
1335 4823 1612 4873 adversum
1648 4820 1919 4872 stimulum
1968 4820 2265 4873 calcitrare.

695 4896 754 4951 In
790 4895 1066 4948 veteribus
1088 4893 1422 4945 editionihns
1454 4907 1469 4944 :
1501 4891 1702 4943 Durum
1737 4891 1827 4942 tibi
1877 4897 1951 4941 est
1986 4890 2268 4942 calcitrare

696 4972 879 5020 contra
911 4963 1181 5017 stimulum
1220 4960 1333 5013 Dei.
1363 4959 1631 5015 MARTIAN.
1694 4962 1699 4965 ”

775 5039 795 5067 ί
853 5033 1152 5094 Victorius,
1200 5028 1455 5083 Faciendi
1498 5032 1689 5082 multos
1720 5030 1898 5093 libros,
1941 5030 2131 5094 quibus
2160 5045 2258 5080 non

697 5115 772 5159 est
800 5104 942 5170 ﬁnis.
975 5112 1078 5154 etc.

769 5167 808 5206 "
856 5174 1124 5225 Consensu
1152 5172 1369 5237 probata
1398 5169 1733 5234 sapientium.
1762 5167 2119 5221 Corbeienses
2147 5180 2264 5217 ma-

698 5243 966 5307 nuscripti
1007 5243 1077 5291 ita
1131 5242 1315 5301 legunt
1346 5254 1360 5301 ;
1395 5238 1482 5289 alii
1530 5256 1654 5307 eum
1690 5238 1878 5299 editis,
1913 5238 2119 5302 prolata
2180 5253 2260 5286 an.

697 5315 975 5381 pientimn.
1004 5308 1274 5381 Man-rma.

772 5382 789 5412 "
838 5381 1115 5433 Dilatntur
1142 5383 1192 5428 in
1222 5377 1473 5430 sensibus.
1516 5376 1879 5443 Manuscripta
1932 5375 2261 5438 exemplaria

700 5451 1124 5518 quamplurima.
1158 5448 1422 5518 dilatatur
1458 5447 1828 5518 ittrsenlentiis.
1864 5448 2014 5518 Apud
2050 5445 2263 5496 'feitul-

704 5516 906 5574 lianum
940 5518 1006 5570 de
1037 5518 1297 5571 Oratione
1326 5516 1605 5569 Dominica
1640 5518 1856 5578 dicitur,
1896 5519 1937 5568 si
1984 5516 2118 5568 bene
2155 5532 2263 5564 me-

701 5590 856 5651 lnini,
892 5598 1143 5655 quantum
1186 5585 1563 5652 constringitur
1596 5585 1785 5644 verbis,
1826 5596 2029 5637 tantum
2061 5583 2261 5650 diffun-

702 5659 845 5712 ditur
870 5656 1126 5708 sensibus.
1164 5655 1430 5706 Mantum.

775 5728 795 5757 ⁸
837 5727 1008 5779 Penes
1039 5725 1353 5787 Alcuinutn,
1386 5723 1590 5776 Bonum
1625 5724 1760 5775 enim
1787 5742 1802 5786 ;
1830 5733 1875 5775 et
1914 5724 2080 5775 omnis
2129 5721 2259 5772 reri-

704 5810 784 5854 tas
813 5806 974 5857 certo,
1007 5805 1112 5846 εις.

777 5866 795 5892 θ
834 5863 1000 5927 Super
1025 5865 1121 5914 hac
1153 5878 1227 5915 re.
1265 5860 1319 5913 In
1352 5861 1512 5914 editis
1542 5870 1593 5914 ct
1634 5863 1832 5930 aliquot
1866 5878 2021 5923 ms<.,
2062 5859 2171 5911 llac
2197 5859 2247 5909 in

704 5951 759 5993 rc
788 5935 1038 5999 studium,
1072 5942 1175 5985 ctc.
1212 5930 1478 5983 Maurus.

2375 3294 2631 3344 tationem
2654 3305 2831 3351 suam,
2850 3298 2907 3343 et
2926 3303 3145 3342 omnem
3176 3289 3480 3355 catalogum
3503 3287 3605 3339 hac
3624 3288 3783 3355 quasi
3818 3290 3939 3337 su-

2372 3382 2738 3451 κεφαλαιώδει
2767 3379 3252 3451 (recapitulatione)
3290 3378 3675 3438 coarctaverit.
3711 3390 3770 3431 et
3800 3380 3942 3431 dixe-

2376 3476 2449 3529 rit
2491 3478 2653 3527 linem
2683 3487 2997 3527 sermonum
3034 3484 3258 3525 suorum
3289 3469 3472 3522 auditu
3497 3484 3624 3523 esse
3651 3472 3942 3537 promptis-

2374 3569 2594 3632 simum,
2631 3582 2727 3618 nec
2756 3562 2957 3631 aliquid
2982 3563 3033 3615 iu
3058 3578 3117 3615 se
3142 3562 3342 3614 habere.
3372 3559 3615 3618 dilIicile.
3644 3572 3700 3613 ut
3737 3563 3941 3613 scilicet

2377 3659 2541 3712 Deum
2602 3657 2911 3718 timeamus,
2959 3664 3013 3707 et
3045 3654 3164 3723 ejus
3200 3663 3463 3722 praecepta
3516 3651 3811 3705 faciamus.
3865 3652 3940 3704 At

2376 3752 2478 3805 hoc
2543 3752 2685 3803 enim
2746 3760 2928 3803 natum
2986 3761 3106 3801 esse
3166 3746 3460 3807 hominem,
3521 3754 3578 3796 ut
3638 3754 3938 3797 creatorem

2374 3859 2533 3897 suum
2570 3841 2899 3909 intelligens,
2944 3847 3230 3891 veneretur
3268 3850 3390 3887 eum
3441 3833 3548 3903 [ΑΙ.
3585 3831 3738 3903 cum]
3776 3845 3938 3893 metu,

2374 3947 2429 3991 et
2470 3939 2695 3997 honore,
2730 3944 2783 3985 et
2815 3947 2979 3999 opere
3032 3928 3435 3982 mandatorum.
3474 3926 3759 3992 Siquidem
3818 3942 3938 3976 cum

2372 4028 2564 4097 judicii
2597 4037 2809 4091 tempus
2836 4021 3137 4081 advenerit,
3170 4018 3434 4086 quidquid
3466 4030 3495 4067 a
3530 4017 3691 4068 nobis
3730 4030 3939 4083 gestum

2374 4128 2479 4182 est,
2514 4127 2659 4171 stare
2710 4114 2872 4186 497
2909 4114 3010 4167 sub
3039 4111 3244 4181 judice,
3280 4118 3335 4159 et
3384 4110 3679 4175 ancipitem
3727 4109 3819 4160 diu
3852 4123 3947 4159 es-

2374 4219 2622 4279 spectare
2655 4206 2674 4237 '
2707 4205 3052 4267 sententiam,
3081 4213 3135 4256 et
3193 4214 3647 4267 unumquemque
3700 4201 3942 4267 recipere

2375 4316 2473 4370 pro
2504 4316 2665 4367 opere
2708 4313 2830 4357 suo,
2858 4296 2973 4349 sive
3028 4294 3153 4345 mali
3189 4292 3319 4360 quid
3346 4291 3598 4361 gesserit,
3648 4292 3764 4344 sive
3798 4291 3943 4344 boni.

2376 4394 2479 4447 Pro
2506 4407 2570 4442 eo
2604 4399 2783 4442 autem
2831 4388 2975 4454 quod
3007 4400 3103 4438 nos
3136 4385 3416 4453 posuimus
3450 4400 3463 4435 :
3516 4382 3591 4434 De
3640 4384 3785 4433 omni
3828 4384 3947 4433 abs-

2376 4483 2607 4545 condito,
2647 4496 2752 4534 sive
2803 4479 3017 4536 bonum.
3050 4478 3153 4529 sire
3206 4474 3405 4527 malum
3436 4475 3525 4538 sit,
3582 4470 3947 4542 Symmachus

2373 4586 2428 4631 et
2449 4574 2796 4643 Septuaginta
2841 4567 3177 4637 interpretati
3234 4575 3382 4630 sunt,
3428 4566 3489 4617 de
3522 4567 3671 4616 omni
3722 4577 3948 4615 contem-

2372 4674 2461 4735 pto
2496 4666 2540 4725 °,
2597 4664 2677 4716 vel
2712 4672 2860 4715 certe
2886 4663 2948 4713 de
2975 4660 3114 4711 omni
3166 4658 3428 4725 ignorata,
3475 4656 3621 4724 quod
3664 4656 3828 4707 etiam
3880 4652 3946 4703 de

2443 4826 2462 4855 '
2511 4822 2747 4883 Hujusce
2778 4822 2853 4871 rei
2888 4818 3196 4872 testimonia
3221 4816 3361 4883 apud
3393 4814 3603 4866 Jndaro-
3642 4814 3941 4883 scriptores

2373 4882 2634 4957 antiquos
2665 4891 2900 4954 ft‘jiet'il'e
2927 4899 3029 4940 est.
3062 4887 3120 4940 In
3159 4882 3296 4938 libro
3342 4885 3679 4957 Schahliath,
3733 4882 3943 4957 Ωιι(εεί-

2371 4951 2560 5021 verunt
2597 4951 2854 5029 sapientes
2905 4958 3221 5010 abscondere
3255 4957 3456 5029 librant
3491 4951 3786 5029 K_o_lieletli._
3821 4958 3944 5029 quia

2372 5019 2532 5087 uerba
2562 5019 2676 5100 ejus
2712 5047 2763 5081 se
2793 5029 3009 5100 invicem
3041 5036 3299 5100 evertunt.
3348 5024 3413 5100 Et
3446 5022 3805 5100 iu_Mtdr_asvh
3837 5019 3945 5100 lim

2376 5093 2600 5161 Ιισῑινιιι,⁷
2618 5100 2753 5168 quod
2788 5098 3075 5168 invenirent
3112 5096 3183 5146 ibi
3212 5100 3361 5146 verba
3396 5093 3715 5168 inclinantia
3754 5100 3819 5139 ml
3844 5093 3941 5142 he-

2374 5175 2553 5224 resim.
2595 5162 2792 5221 Verum
2826 5182 2930 5218 non
2965 5181 3027 5218 ea:
3057 5166 3150 5217 hoc
3184 5179 3287 5215 uno
3315 5162 3552 5227 capitulo
3593 5177 3786 5227 postea
3836 5176 3933 5210 me-

2374 5244 2477 5294 tllil
2516 5242 2652 5305 apud
2705 5254 2800 5290 eos
2841 5237 3239 5293 auctoritatem,
3280 5237 3372 5285 seti
3417 5249 3481 5285 ex
3513 5246 3707 5305 primo
3756 5230 3941 5286 etiam,

2370 5328 2514 5363 vers.
2538 5301 2571 5362 3
2598 5326 2610 5360 :
2640 5308 2801 5373 Quia,
2848 5308 3122 5374 inquiunt,
3154 5307 3205 5355 in
3239 5305 3387 5355 initio
3414 5312 3463 5355 et
3494 5302 3599 5367 ﬁne
3628 5301 3767 5367 ejus,
3796 5305 3945 5350 cerea

2369 5379 2520 5448 Legis
2556 5385 2859 5430 occurrant.

2444 5440 2463 5479 ³
2505 5448 2733 5515 Legerat
2766 5446 2979 5498 Alcuiu.
3009 5486 3024 5509 ,
3058 5453 3106 5499 et
3139 5444 3412 5511 ancipitem
3465 5440 3679 5493 Domini
3756 5458 3945 5509 exspe-

2368 5530 2520 5571 ctare
2549 5517 2803 5571 sententia
2815 5531 2885 5567 ut.

2440 5592 2458 5619 ⁹
2500 5590 2667 5639 Antea
2696 5588 2872 5636 minus
2906 5593 3050 5637 recte
3077 5583 3366 5650 ohtinehat
3394 5590 3722 5650 contemptu.
3754 5581 3929 5635 Verte

2368 5669 2493 5711 runt
2531 5665 2709 5707 autem
2748 5653 2998 5718 adjectivi
3030 5652 3202 5705 forma
3238 5649 3397 5711 LXX,
3434 5656 3489 5702 ὲν
3528 5654 3945 5721 πιντὶᾼπαρξω·

2369 5729 2607 5796 ραμένῳ,
2648 5726 2700 5775 in
2735 5725 2877 5774 omni
2904 5738 2979 5796 (re
3004 5737 3125 5789 qua
3160 5724 3516 5796 contcnmitur
3558 5736 3578 5772 :
3614 5730 3667 5773 et
3697 5718 3943 5796 Synima-A

2366 5791 2524 5857 chus,
2560 5791 2705 5861 Ὕπερὶ
2758 5794 2957 5854 naval;
3009 5792 3435 5860 παρθραθέντσς,
3482 5791 3549 5843 de
3606 5795 3752 5842 omni
3802 5792 3939 5855 quod

2368 5869 2526 5933 [uch
2558 5867 2865 5931 ncglcctnm.

2796 6264 4102 6826 -Ii
