4210 6350
194 361 330 425 1173
1019 362 1503 423 TRANSLATIO
1545 363 1812 423 HOMIL.
1851 364 2168 427 ORIGEN.
2208 366 2287 425 IN
2332 368 2622 429 CANTIC.
3285 369 3427 432 1174

191 474 367 528 otioso
433 478 631 542 verbo,
691 485 745 531 et
787 490 891 530 non
943 474 1241 538 voluntate,
1294 475 1386 529 sed
1436 476 1776 544 ignoratione
1807 483 1852 536 Α
1885 475 1996 541 10).
2043 475 2134 529 Vel
2177 485 2347 537 certe,
2386 475 2514 544 quia
2551 475 2728 530 adhuc
2773 479 2935 529 homo
2980 483 3082 540 est,
3135 485 3188 528 et
3219 476 3446 529 necdum

194 567 432 635 prolato,
479 567 753 622 reddituri
787 569 958 623 simus
990 573 1256 622 rationem
1311 568 1364 620 in
1416 568 1504 622 die
1553 567 1769 636 judicii.
1879 582 2077 621 nomen
2121 569 2214 622 Dei
2250 568 2480 636 accepit,
2516 569 2657 620 hanc
2688 568 2847 623 habet
2879 567 3144 622 rationem
3185 567 3439 621 substan-

195 658 367 712 Ali‘ter
404 671 419 712 :
456 659 601 724 Quia
647 662 810 713 timor
840 675 1116 714 servorum
1163 669 1268 723 est,
1318 667 1372 712 et
1419 658 1655 726 perfecta
1691 659 1773 712 ili-
1878 661 1966 715 tiae
1999 674 2127 722 suae,
2164 665 2293 716 utin
2330 675 2562 730 corpore
2597 662 2807 730 positus
2855 663 3021 716 Deum
3064 659 3268 712 timeat.
3311 656 3446 722 Quia

194 751 357 804 lectio
391 750 548 804 foras
583 751 750 805 mittit
787 753 1037 805 timorem
1073 750 1120 819 (I
1153 749 1310 803 Joan.
1345 749 1560 818 “1.18),
1615 760 1666 804 et
1718 750 1772 803 in
1876 768 2040 808 omne
2091 751 2315 816 factum,
2363 754 2416 807 id
2495 761 2601 817 est,
2655 767 2845 805 omnes
2914 751 3161 806 homines
3214 749 3450 803 adducet

197 841 486 908 Scriptura
515 843 698 897 divina
747 853 853 896 tam
904 842 1277 912 incipientium
1315 843 1359 908 ί,
1393 840 1563 911 498
1609 855 1772 910 quam
1877 844 2021 899 Deus
2052 845 2104 897 in
2128 843 2394 912 judicium
2425 860 2589 914 super
2615 843 2904 908 universis,
2944 859 3065 913 qua:
3098 842 3260 896 aliter
3285 855 3445 909 quam

196 934 579 1000 perl'ectorum
617 934 812 1004 duplex
841 935 1140 1004 appellatus
1172 943 1256 989 est
1289 941 1507 988 metus:
1546 947 1688 986 nunc
1709 932 1775 986 de
1879 936 1946 988 ab
1975 952 2039 988 eo
2087 937 2352 1005 disposita
2391 949 2516 989 sunt
2546 948 2598 991 et
2645 937 2811 1002 dicta,
2872 946 3179 1000 senserunt,
3228 937 3344 989 sive
3392 933 3446 986 in

193 1041 585 1082 consummato
633 1029 685 1082 in
729 1028 1022 1083 virtutibus
1055 1039 1198 1082 metu
1235 1027 1343 1081 dici
1381 1037 1531 1095 pulo,
1583 1040 1775 1081 secun-
1880 1027 2018 1079 hanc
2052 1038 2282 1094 partem,
2341 1026 2458 1080 sive
2492 1027 2543 1079 in
2595 1030 2760 1080 illam.
2841 1026 2929 1081 Va:
2981 1026 3176 1095 quippe
3228 1025 3308 1079 his
3357 1024 3448 1093 qui

194 1122 322 1170 dum
349 1118 486 1172 illud
525 1137 540 1175 :
572 1120 722 1174 Nihil
739 1122 877 1173 deest
902 1119 1201 1172 timentibus
1228 1135 1342 1171 eum
1375 1116 1547 1187 (Psal.
1583 1132 1772 1178 xum,
1879 1119 2061 1172 dicunt
2086 1119 2283 1170 malum
2315 1118 2530 1181 bonum,
2552 1129 2599 1170 et
2633 1119 2821 1172 bonum
2856 1119 3059 1172 malum
3090 1115 3229 1186 (Isa.
3255 1130 3308 1181 ν,
3329 1114 3446 1182 20).

269 1297 286 1327 ί
335 1296 471 1351 Tam
501 1299 884 1361 incipientium,
932 1308 1037 1351 etc.
1073 1295 1272 1348 Errore
1304 1295 1485 1374 inepto
1512 1304 1591 1374 _et
1639 1295 1770 1374 insi-
1879 1296 1952 1374 sit
1995 1294 2198 1374 aliquis
2228 1296 2419 1374 _ti_t_nor
2474 1295 2691 1374 divinus
2725 1298 2804 1374 _in
2875 1294 3447 1374 insipienli_bus,_sive

201 1368 369 1435 pienti
400 1370 643 1435 positum
675 1368 905 1444 legimus
955 1368 1007 1420 in
1051 1369 1350 1444 Erasnt._et
1393 1365 1619 1417 Marian.
1656 1365 1772 1444 edif
1879 1365 2062 1434 impiis
2097 1366 2431 1444 hominibus,
2462 1380 2603 1434 quos
2630 1367 2954 1435 insipientes
3003 1366 3242 1436 appellat
3299 1365 3445 1419 Scri-

200 1441 371 1502 tione,
426 1448 541 1490 tam
583 1435 941 1506 insipientium
975 1453 1134 1505 quam
1172 1438 1559 1505 perfectorum;
1610 1435 1768 1502 quasi
1880 1446 2038 1502 plura
2085 1449 2281 1490 sacra.‘
2301 1435 2572 1490 .‘llsn'rux.

3228 1654 3406 1664 ηοσ-νη

1225 1653 3408 1685 2M

796 1862 938 1984 ε.
999 1873 1722 1985 EUSEBII
1792 1881 2862 1996 HIEBONYMI

1279 2168 1854 2235 STRlDONENSIS
1891 2177 2383 2241 PRESBYTER!

195 2436 1260 2615 lNTERPRETATIll
1315 2451 2167 2627 HOMILIARUM
2220 2457 2778 2629 DUABUM
2821 2464 3451 2642 0RIGENIS

1177 2813 1277 2876 IN
1349 2816 1794 2882 CANTICUM
1870 2823 2448 2893 CANTICORUM.

1491 3225 2159 3320 PROLOGUS.

944 3599 1306 3674 599-500
1342 3619 1708 3667 nusrrssmo
1745 3620 1922 3667 una:
1956 3624 2207 3670 nmso
2243 3625 2680 3674 nranonmus.

267 3823 544 3895 Origenes,
577 3841 692 3878 cum
725 3829 777 3880 in
803 3830 1002 3879 creteris
1032 3829 1179 3882 libris
1208 3848 1380 3885 omnes
1408 3835 1610 3898 vicerit,
1636 3835 1690 3887 in
1721 3835 1942 3891 Cantica
1965 3841 2290 3892 canticorum
2323 3842 2433 3909 ipse
2469 3856 2523 3894 se
2550 3843 2694 3896 vicit.
2723 3841 2866 3896 Nam
2886 3842 3060 3898 decem
3082 3845 3428 3904 voluminibus

191 3921 454 3986 explicitis
477 3959 492 3979 ,
539 3935 654 3988 qua:
698 3921 765 3972 ad
800 3922 980 3990 viginti
1016 3939 1176 3990 usque
1206 3941 1445 3977 versuum
1480 3928 1648 3980 millia
1681 3945 1806 3996 pene
1836 3932 2168 3998 perveniunt,
2221 3935 2448 4001 primum
2488 3932 2831 4005 Septuaginta
2862 3935 3212 4005 Interpretes',
3244 3940 3429 3996 deinde

189 4015 442 4080 Aquilam
470 4023 518 4064 et
554 4012 918 4080 Symmachum
945 4027 991 4067 et
1026 4015 1449 4083 Theodotionem,
1472 4029 1520 4071 et
1552 4021 1619 4073 ad
1648 4032 1938 4075 extremum
1966 4026 2203 4093 quintam
2229 4027 2506 4078 editionem
2533 4043 2690 4094 quam
2720 4030 2771 4080 in
2797 4030 2947 4082 Actio
2975 4030 3149 4082 littore
3175 4033 3426 4086 invenisse

185 4120 240 4156 se
271 4104 481 4166 scribit,
506 4103 584 4155 ita
609 4106 878 4172 magnifice
898 4116 1170 4176 aperteque
1195 4109 1463 4170 disseruit,
1499 4120 1554 4162 ut
1587 4111 1706 4164 inde
1736 4113 1864 4164 milii
1889 4114 2129 4167 videatur
2155 4118 2205 4168 in
2231 4134 2288 4169 eo
2317 4119 2628 4185 completum
2650 4135 2758 4172 esse
2785 4121 2924 4189 quod
2942 4120 3176 4177 dicitur:
3203 4140 3219 4171 ι
3245 4124 3424 4175 Intro-

185 4197 341 4249 duxit
368 4214 448 4250 me.
472 4213 564 4249 rex
584 4198 637 4249 in
658 4197 948 4252 cubiculum
971 4217 1120 4254 suum
1149 4195 1165 4225 ¹
1185 4241 1196 4253 .
1230 4221 1246 4252 ι
1269 4201 1456 4271 Itaque
1479 4204 1570 4258 illo
1599 4222 1749 4272 opere
1773 4210 2146 4273 pra’termisso,
2169 4212 2293 4278 quia
2320 4212 2541 4281 ingentis
2567 4222 2641 4266 est
2670 4215 2782 4278 otii,
2803 4215 3002 4268 laboris
3022 4226 3070 4269 et
3095 4227 3418 4284 sumptuum,

185 4301 364 4343 tantas
393 4307 492 4352 res,
521 4300 768 4358 tanquam
791 4294 1004 4361 dignum
1027 4296 1080 4346 in
1108 4294 1356 4349 Latinum
1382 4298 1670 4366 transferre
1693 4316 2008 4363 sermonem,
2048 4302 2138 4354 hos
2165 4304 2293 4357 duos
2327 4314 2605 4367 tractatus,
2646 4322 2772 4374 quos
2807 4308 2858 4360 in
2893 4325 3085 4361 morem
3122 4311 3416 4378 quotidiani

183 4384 373 4451 eloquii
421 4385 655 4451 parvulis
689 4386 858 4436 adhuc
903 4387 1214 4441 lactentibus
1241 4393 1529 4457 composuit
1557 4433 1570 4456 ,
1610 4393 1838 4459 ﬁdeliter
1869 4396 2035 4464 magis
2065 4413 2223 4464 quam
2263 4409 2443 4451 ornate.
2486 4400 2853 4467 interpretatus
2882 4417 3034 4465 tum,
3075 4415 3284 4472 gustum
3318 4405 3416 4457 tibi

184 4489 424 4525 sensuum
457 4473 590 4540 ejus,
617 4491 716 4527 non
745 4477 914 4528 cibum
939 4480 1176 4545 o/ferens.
1208 4479 1282 4535 Tu
1308 4485 1693 4538 animadvertas
1723 4489 1905 4542 ouanti
1931 4489 2035 4542 sint
2059 4489 2153 4543 illa
2180 4492 2493 4547 wstiinanda
2521 4508 2640 4562 qua
2664 4509 2852 4564 magna
2875 4505 3020 4563 sunt,
3049 4513 3166 4550 cum
3203 4499 3409 4562 sit-pos-

177 4568 284 4623 sint
316 4567 525 4634 placere
553 4583 668 4635 qua:
699 4584 858 4636 parva
885 4581 1026 4626 sunt.

271 4710 287 4739 ⁸
325 4717 485 4771 Cant.
519 4734 554 4782 ι,
589 4719 638 4771 5.
