4210 6350
780 336 919 399 1175

1633 528 1833 537 ~—

1959 336 2014 396 S.
2055 333 2365 399 EUSEBII
2409 333 2846 394 HIERONYMI

1933 691 2648 850 ORIGEN
2657 692 2831 849 IS

3871 343 3985 397 1176

1281 995 1432 1115 IN
1528 989 2346 1118 CANTICUM
2452 987 3478 1121 CANTICORUM

1805 1250 2405 1368 HOMlLiA
2524 1246 3134 1363 ΡκιΜΑίι-δθ

822 1830 979 1897 θυι
1005 1829 1287 1892 Qniomodo
1317 1826 1602 1882 didicimus
1625 1845 1720 1899 per
1741 1830 1922 1886 Mosen
1943 1833 2187 1901 quatiam
2208 1849 2328 1890 esse
2355 1851 2380 1896 ι]

2422 1837 2682 1903 Ῑοτείικάο
2707 1853 2842 1902 mea,
2861 1851 2908 1890 ct
2937 1839 3194 1906 refugium
3220 1855 3409 1903 meum,
3434 1852 3480 1892 c.‘
3499 1836 3758 1894 amam-
3777 1859 3912 1894 meas
3931 1840 3984 1896 δ’.

751 1936 856 1975 non
888 1923 1059 1976 solum
1093 1934 1300 1988 sancta,
1331 1924 1422 1978 sed
1452 1933 1507 1979 et
1529 1923 1729 1980 Sancta
1759 1937 2070 1981 sanctorum
2092 1971 2106 1993 ,
2139 1938 2191 1982 ct
2213 1930 2315 1984 alia

750 2027 855 2065 non
880 2019 1084 2067 tantum
1105 2014 1365 2080 Sabbata,
1385 2017 1477 2071 sed
1496 2027 1548 2072 et
1571 2017 1801 2072 Sabliata
1817 2020 2168 2075 sabbatorum
2195 2040 2209 2084 ς
2239 2022 2317 2077 sic

748 2121 889 2159 nunc
939 2107 1201 2163 docemur
1244 2113 1516 2166 scribente
1563 2113 1856 2171 Salomone
1897 2131 2018 2172 esse
2067 2117 2313 2188 quaedam

745 2211 849 2250 non
901 2200 1075 2254 solum
1127 2205 1375 2267 cantica,
1438 2206 1528 2259 sed
1576 2215 1628 2260 ct
1679 2207 1902 2274 Cantica
1954 2210 2312 2264 canticorutn.

745 2292 944 2351 Beatus
969 2296 1182 2363 quidem
1217 2297 1262 2352 is
1291 2299 1382 2368 qui
1419 2298 1718 2369 ingreditur
1746 2312 1953 2365 sancta,
1989 2303 2080 2355 sed
2108 2303 2316 2354 beatior

745 2389 830 2456 qui
869 2389 1169 2458 ingreditur
1197 2390 1396 2443 Sancta
1440 2401 1773 2445 sanctorum.
1812 2389 2007 2445 Beatus
2052 2393 2142 2460 qui
2187 2393 2314 2447 sab-

743 2483 861 2547 bata
898 2482 1228 2546 sabbatizat,
1257 2484 1350 2536 sed
1389 2483 1596 2536 beatior
1625 2483 1718 2551 qui
1759 2482 2064 2535 sabbatiz'it
2117 2484 2314 2536 sabba-

743 2583 920 2626 torum
957 2571 1213 2628 Sabbata.
1247 2571 1448 2627 Beatus
1479 2573 1729 2626 similiter
1757 2582 1810 2626 et
1850 2574 1894 2626 is
1923 2574 2015 2642 qui
2066 2574 2315 2642 intellig:t

744 2662 961 2718 cantica
1004 2675 1058 2718 et
1089 2665 1236 2719 canit
1263 2680 1326 2720 ea
1361 2685 1372 2718 :
1412 2680 1570 2717 ncmo
1601 2664 1799 2732 quippe
1835 2665 1936 2716 nisi
1973 2665 2024 2716 in
2062 2665 2315 2718 solemni-

740 2758 944 2811 tatibus
994 2757 1142 2812 canit
1181 2776 1194 2811 :
1233 2757 1325 2811 sed
1391 2759 1560 2810 multo
1616 2757 1824 2810 beatior
1882 2756 1970 2810 ille
2020 2757 2113 2824 qui
2167 2756 2314 2810 canit

739 2847 964 2902 Cantica
999 2849 1357 2902 canticorum.
1406 2847 1468 2900 Et
1514 2847 1654 2901 sicut
1701 2848 1744 2900 is
1775 2846 1868 2917 qui
1915 2845 2216 2916 ingreditur
2257 2847 2310 2900 in

742 2936 943 3001 Sancta
972 2976 986 3000 ,
1026 2937 1270 3006 pluribus
1302 2938 1480 2991 adhuc
1522 2937 1757 3006 indiget,
1795 2945 1850 2989 ut
1884 2937 2057 2990 valeat
2089 2938 2312 2992 introire

740 3031 796 3082 in
840 3028 1038 3083 Sancta
1090 3039 1444 3094 sanctorum;
1492 3039 1543 3082 et
1592 3029 2023 3098 quiSabbatum
2075 3029 2314 3083 celebrat

740 3121 886 3190 quod
923 3136 952 3173 a
987 3121 1214 3175 Domino
1250 3121 1450 3189 populo
1490 3123 1846 3175 constitutum
1874 3131 1986 3186 est,
2016 3123 2185 3174 multa
2215 3123 2312 3176 ad-

2423 1925 2850 1981 Pervenicndum
2878 1929 2971 1982 tibi
2995 1937 3079 1984 est
3103 1929 3167 1983 ad
3203 1929 3418 1993 Isaiam,
3443 1941 3502 1984 ut
3526 1947 3653 1985 cum
3688 1933 3780 1985 illo
3807 1933 3948 1986 dicas
3973 1950 3984 1986 :

2419 2017 2658 2072 Cantabo
2692 2019 2956 2072 canticum
2988 2020 3115 2074 dilet
3130 2031 3177 2074 to
3223 2023 3295 2090 (4)
3326 2023 3486 2076 vincte
3515 2040 3644 2077 mea:
3674 2024 3739 2075 ".
3786 2021 3847 2077 Et
3876 2039 3986 2077 cum

2420 2113 2670 2165 universa
2701 2112 3006 2175 transivi-is,
3038 2114 3102 2166 ad
3140 2114 3331 2169 altiora
3358 2116 3691 2177 conscende,
3731 2126 3791 2169 ut
3824 2120 3987 2184 posss

2416 2201 2594 2255 anima
2627 2203 2824 2256 decora
2853 2219 2976 2257 cum
3008 2217 3239 2273 sponso,
3267 2215 3320 2258 et
3346 2205 3446 2259 hoc
3479 2222 3676 2260 canere
3712 2205 3987 2260 Canticum

2415 2296 2773 2348 canticorum.
2819 2293 2922 2348 Sed
2951 2305 3081 2364 quot
3106 2311 3168 2349 ex
3199 2300 3446 2364 personis
3474 2308 3713 2362 constet,
3761 2284 3988 2353 incertus

2418 2400 2560 2440 sum.
2599 2385 2894 2440 Orantibns
2925 2396 3104 2440 autem
3130 2387 3304 2450 vobis.
3332 2395 3386 2440 et
3422 2388 3698 2442 revelante
3746 2388 3986 2453 Domino.

2416 2485 2652 2543 quatuor
2686 2474 2815 2527 milii
2850 2475 2901 2528 in
2934 2476 3018 2530 liis
3051 2475 3237 2530 videor
3290 2476 3563 2532 invenisse
3596 2494 3884 2548 personas,
3913 2479 3987 2532 vi-

2421 2580 2535 2616 rum
2563 2574 2614 2616 et
2643 2579 2898 2631 sponsam
2919 2607 2934 2628 ,
2967 2580 3090 2619 cum
3121 2582 3323 2633 sronsa
3363 2570 3826 2630 adolescentulas,
3874 2585 3986 2624 cum

2417 2669 2620 2722 sponso
2653 2655 2920 2708 sodalium
2969 2669 3175 2726 greges.
3231 2657 3346 2711 Alia
3389 2660 3650 2713 dicuntur
3702 2677 3730 2712 a
3778 2678 3986 2730 sponsa,

2416 2747 2520 2799 alia
2563 2764 2592 2798 a
2637 2762 2874 2815 sponso,
2913 2748 3171 2801 nonnulla
3216 2764 3244 2802 a
3281 2749 3625 2817 juvencuIis,
3681 2755 3927 2820 quietiam
3964 2770 3988 2806 a

2415 2837 2692 2891 sodalibus
2756 2837 2966 2907 sponsi.
3028 2838 3343 2908 Cougruum
3413 2842 3616 2911 quippe
3674 2853 3757 2897 est
3831 2856 3887 2897 ut
3941 2846 3986 2896 in

2415 2929 2618 2996 nuptiis
2642 2929 3165 2985 adolescentularuni
3191 2933 3264 2986 sit
3291 2933 3580 2988 multitudo
3612 2949 3741 2989 cum
3771 2952 3986 3006 sponsa,

2409 3019 2672 3090 juvenum
2707 3022 2864 3075 turba
2895 3037 3019 3076 cum
3067 3038 3291 3092 sponso.
3344 3021 3468 3079 llaec
3498 3028 3686 3080 omnia
3724 3029 3834 3082 noli
3868 3028 3988 3082 foris

2414 3127 2678 3181 quaerere,
2715 3113 2824 3167 noli
2853 3123 3006 3168 extra
3034 3129 3126 3170 eos
3161 3117 3257 3184 qui
3290 3118 3677 3185 praedicatione
3719 3117 3986 3189 Evangelii

742 3185 848 3267 ιξυς
894 3212 1200 3266 necessaria
1251 3185 1412 3267 imber
1438 3255 1450 3276 ,
1503 3223 1559 3265 ιιι
1596 3224 1716 3283 agar
1769 3185 2003 3268 sabbata
2052 3214 2308 3270 sabbato-
2341 3185 2384 3240 Β
2415 3205 2606 3260 salvati
2639 3214 2785 3259 sunt.
2811 3204 3088 3261 Christum
3119 3223 3382 3276 sponsum
3409 3209 3672 3280 intellige,
3693 3185 3985 3266 Ecclesiam

740 3320 899 3368 rum;
946 3304 1133 3356 eodem
1203 3307 1365 3358 modo
1415 3305 1626 3359 diliicile
1675 3307 1940 3374 reperitur
1988 3307 2078 3374 qui
2127 3306 2308 3359 omnia

739 3410 861 3463 qua:
911 3395 962 3447 in
1015 3394 1310 3462 Scripturis
1359 3397 1706 3448 continentur
1737 3398 1946 3450 cantica
1981 3412 2306 3466 peragrans,

743 3487 917 3539 valeat
974 3485 1267 3539 ascendere
1313 3487 1378 3538 ad
1425 3486 1642 3540 Cantica
1695 3489 2053 3542 canticorum.
2115 3488 2308 3557 Egrcdi

741 3585 954 3644 oportet
984 3593 1048 3630 ex
1084 3575 1354 3647 .tEgypto,
1397 3587 1450 3632 et
1482 3593 1761 3648 egressum
1797 3580 1864 3632 de
1905 3591 2046 3632 terra
2093 3579 2307 3650 [Egypti

741 3668 1071 3734 pet‘tmnsit'c
1107 3684 1254 3720 mare
1287 3667 1564 3730 Rubrum,
1601 3678 1658 3722 ut
1704 3671 1880 3738 possis
1912 3671 2148 3738 primum
2179 3685 2311 3724 can-

740 3759 905 3811 ticum
950 3775 1162 3819 canerc,
1195 3759 1379 3813 dicens
1413 3776 1425 3810 2
1463 3759 1747 3812 Cantemus
1782 3758 2038 3826 Domino,
2087 3762 2309 3831 gloriose

745 3849 875 3900 enim
905 3848 1270 3917 magniﬁcatus
1285 3848 1481 3900 σαί-⁸³.
1508 3849 1654 3904 Licet
1679 3859 1862 3904 autem
1896 3853 2130 3920 primum
2159 3854 2310 3908 dixe-

745 3941 815 3992 ris
851 3941 1156 4004 canticum,
1208 3941 1386 3994 adhuc
1434 3942 1591 4011 longe
1635 3958 1692 3998 es
1729 3959 1756 3995 a
1793 3941 2021 3998 Cantico
2070 3947 2310 3999 cantico-

745 4046 884 4086 rum.
921 4029 1243 4084 Perambula
1275 4040 1473 4084 terram
1510 4032 1709 4086 deserti
1759 4034 2106 4101 spiritaliter,
2137 4038 2309 4088 donec.

744 4125 927 4178 venias
958 4125 1022 4177 ad
1059 4131 1277 4193 puteum
1314 4138 1475 4192 quem
1507 4123 1762 4178 foderunt
1795 4139 1946 4191 reges
1968 4163 1982 4187 ,
2017 4134 2074 4177 ut
2121 4123 2192 4177 ibi
2225 4140 2307 4178 se-

745 4213 978 4267 cundum
1014 4214 1284 4268 canticum
1321 4228 1508 4266 canas.
1555 4210 1802 4266 Posthaac
1847 4213 1967 4266 veni
2015 4213 2081 4264 ad
2138 4213 2308 4265 vicina

741 4315 942 4362 sancta:
975 4315 1146 4369 terrae,
1183 4316 1240 4360 ut
1268 4321 1432 4374 super
1461 4303 1716 4358 Jordanis
1762 4305 1932 4372 ripam
1983 4304 2310 4358 constitutus

741 4404 924 4448 cantes
958 4395 1228 4447 canticum
1266 4393 1423 4454 Mosi,
1453 4394 1639 4446 dicens
1675 4408 1687 4443 :
1725 4393 1981 4453 Attende,
2011 4394 2194 4446 ctzlum
2217 4434 2232 4456 ,
2260 4403 2307 4443 et

741 4483 952 4554 loquar,
985 4497 1033 4537 et
1070 4485 1254 4534 audiat
1293 4493 1433 4536 terra
1485 4481 1638 4534 verba
1682 4482 1789 4534 oris
1836 4482 2014 4534 mei".
2067 4480 2303 4534 Rursum
2339 4516 2380 4570 (Ζ

742 4577 908 4630 habes
954 4575 1319 4629 necessarium
1369 4583 1427 4625 ut
1475 4572 1674 4625 milites
1697 4613 1711 4633 ,
1743 4582 1797 4626 et
1830 4582 2028 4624 terram
2061 4582 2305 4625 sanctam

742 4669 1054 4724 lia’reditate
1083 4667 1387 4737 possideas,
1419 4675 1472 4719 et
1503 4667 1620 4735 apis
1652 4665 1748 4718 tibi
1781 4666 2082 4732 prophetct,
2107 4672 2161 4716 et
2193 4664 2310 4730 apis

742 4773 795 4816 te
833 4760 1038 4829 iudicet
1068 4779 1079 4813 :
1115 4759 1359 4813 Debbora
1387 4758 1586 4826 quippe
1620 4757 1737 4824 apis
1783 4757 2208 4823 interpretatur:
2251 4763 2309 4806 ut

745 4855 921 4923 possis
945 4859 998 4905 et
1027 4852 1155 4904 illud
1189 4865 1432 4912 carmen,
1460 4848 1603 4916 quod
1639 4847 1692 4898 in
1724 4846 1863 4900 libro
1896 4844 2147 4899 Judicum
2175 4860 2309 4898 con-

743 4946 1028 5006 tinetur“,
1061 4944 1288 4997 edicere.
1317 4942 1394 4993 Ad
1423 4939 1732 5009 Regnorum
1761 4941 2015 5008 deinceps
2052 4939 2304 4990 volumen

745 5039 1045 5095 ascendens
1073 5037 1191 5090 veni
1226 5035 1290 5086 ad
1317 5033 1586 5085 canticum
1619 5033 1836 5099 quando
1868 5030 2034 5082 David
2073 5029 2208 5096 fugit
2241 5029 2306 5081 de

745 5131 998 5186 manibus
1037 5129 1279 5181 omnium
1312 5124 1655 5176 inimicorum
1693 5132 1993 5175 suorumet
2032 5123 2098 5175 de
2140 5136 2305 5173 manu

745 5222 910 5282 Saul,
965 5230 1017 5272 et
1068 5220 1200 5272 dixit
1235 5235 1248 5270 :
1286 5216 1535 5268 Dominus
1585 5214 1969 5277 ﬁrmamentum
2003 5228 2207 5274 meum,
2257 5220 2304 5263 ct

764 5371 858 5407 ¹·’³
899 5375 1066 5428 Exod.
1102 5389 1189 5435 xv,
1233 5357 1302 5423 ι.”
1356 5372 1410 5405 ⁸³-
1443 5371 1596 5421 Deut.
1633 5385 1798 5429 xxxu,
1840 5371 1887 5420 Ι.
1967 5369 2007 5398 ⁰⁵⁰
2037 5368 2210 5420 Jtnlic.
2254 5385 2300 5419 γ.

782 5513 1146 5578 (l-3)Coilataa
1177 5521 1302 5566 eunt
1347 5512 1426 5563 lue
1478 5509 1710 5562 liotnil‘ae
1737 5523 1857 5578 cum
1906 5523 2034 5559 mss.
2075 5508 2090 5551 1
2132 5507 2293 5556 abba-

743 5576 831 5637 tiie
876 5576 934 5636 S.
971 5582 1110 5634 Petri
1144 5583 1208 5634 de
1250 5581 1550 5634 Selincurtc
1578 5579 1784 5632 ordinis
1815 5576 2294 5627 l’t'tetttoltslt'a:cn-

745 5654 841 5716 sis,
880 5655 900 5704 1
936 5653 1174 5705 ecclesia!
1206 5649 1531 5704 cathedralis
1583 5646 1982 5709 Laudtlncnsis,
2021 5645 2041 5696 -ι
2082 5644 2296 5710 Majuris

748 5721 1076 5780 monasterii.
1117 5723 1137 5774 l
1179 5717 1486 5774 monasterii
1523 5716 1822 5770 Bcccensis.

2377 5365 2418 5396 “
2449 5365 2488 5417 ll
2519 5366 2652 5433 Reg.
2689 5382 2820 5427 χχιι,
2853 5365 2906 5419 ‘2.

2415 3310 2674 3364 sponsam
2722 3296 2840 3350 sine
2888 3297 3097 3351 macula
3145 3310 3201 3352 et
3240 3313 3408 3368 ruga,
3453 3299 3521 3354 de
3570 3317 3681 3367 qua
3734 3304 3988 3372 scriptum

2413 3395 2497 3439 est
2531 3401 2544 3437 :
2587 3383 2654 3438 Ut
2682 3385 2940 3440 exhiberet
2978 3388 3077 3440 sibi
3103 3388 3392 3457 gloriosam
3439 3388 3743 3445 Ecclesiam
3774 3411 3876 3447 non
3904 3396 3991 3446 Ita-

2414 3476 2613 3530 bentem
2641 3478 2901 3531 maculam
2922 3518 2936 3541 ,
2971 3495 3132 3547 neque
3161 3497 3381 3550 rugam,
3410 3493 3506 3534 aut
3539 3484 3750 3552 aliquid
3779 3503 3952 3538 eorum
3975 3528 3987 3545 ,

2413 3571 2502 3623 sed
2544 3579 2600 3622 ut
2630 3574 2697 3623 sit
2743 3580 2928 3624 sancta
2977 3581 3028 3625 et
3078 3573 3507 3627 immaculata“.
3559 3574 3669 3630 Eos
3724 3593 3855 3630 vero
3907 3582 3988 3645 qui

2413 3677 2539 3716 cum
2572 3663 2683 3716 sint
2710 3663 2918 3727 ﬁdeles,
2951 3678 3056 3719 non
3085 3674 3211 3718 sunt
3241 3674 3421 3719 tamen
3453 3666 3773 3721 istiusmodi
3811 3671 3990 3737 quales

2413 3769 2595 3809 sermo
2640 3754 2897 3823 przel'atus
2938 3765 3056 3819 cst,
3105 3759 3195 3810 sed
3235 3757 3390 3824 juxta
3441 3758 3668 3811 modqu
3704 3761 3989 3827 quemdam

2412 3843 2592 3912 adepti
2640 3843 2891 3897 videntur
2932 3844 3192 3905 salutem,
3241 3847 3618 3901 animadverte
3653 3851 3988 3903 credentium

2414 3939 2624 3990 animas
2655 3947 2704 3989 ct
2735 3937 3166 3992 adulescentulas
3188 3952 3310 3992 esse
3339 3953 3463 3992 cum
3500 3956 3732 4009 sponsa.
3762 3943 3990 4011 Angelos

2413 4043 2572 4088 vero,
2600 4038 2654 4080 et
2688 4042 2781 4080 eos
2813 4028 2906 4096 qui
2955 4039 3314 4096 pervenerunt
3347 4030 3401 4082 in
3433 4031 3608 4082 virum
3648 4033 3950 4100 perfectum
3978 4075 3989 4092 ,

2413 4121 2648 4189 intelligo
2677 4122 2820 4175 viros
2846 4137 2968 4176 cum
3001 4136 3221 4190 sponso.
3264 4121 3392 4176 lude
3426 4123 3594 4194 igitur
3636 4127 3779 4180 mihi
3809 4129 3989 4181 \idnt-n-

2412 4223 2499 4266 tur
2534 4221 2769 4280 quatuor
2808 4214 3054 4273 ordines.
3096 4229 3262 4266 unum
3294 4219 3348 4267 el.
3384 4230 3587 4276 unam,
3623 4217 3768 4270 duos
3801 4219 3991 4270 chorus

2413 4303 2554 4356 inter
2595 4318 2653 4356 se
2693 4304 3072 4365 concinentes,
3122 4319 3376 4372 sponsam
3413 4321 3614 4359 canere
3643 4323 3772 4361 cum
3811 4309 3992 4376 juven-

2415 4394 2570 4457 culis,
2607 4409 2868 4463 sponsum
2906 4410 3099 4448 canere
3131 4411 3252 4449 cum
3290 4396 3472 4450 sociis.
3517 4395 3576 4450 Et
3623 4413 3752 4451 cum
3787 4401 3888 4453 hoc
3915 4401 3991 4452 iu-

2414 4486 2705 4547 tellexeris,
2739 4486 2864 4538 audi
2900 4487 3183 4539 Canticum
3211 4488 3577 4550 canticorum,
3604 4499 3654 4540 ct
3689 4489 3890 4543 festina
3924 4492 3992 4542 in-

2419 4574 2660 4642 telligere
2694 4575 2821 4626 illud
2845 4585 2898 4628 ct
2932 4590 3053 4627 cum
3085 4589 3282 4641 sponsa
3317 4575 3501 4629 dicere
3535 4593 3599 4628 ea
3637 4594 3764 4645 quae
3796 4594 3988 4648 sponsa

2411 4665 2585 4727 dicit,
2631 4673 2687 4717 ut
2717 4665 2907 4718 audias
2934 4681 3054 4733 qua:
3096 4665 3301 4718 audivit
3346 4676 3396 4718 et
3441 4683 3669 4735 sponsa.
3723 4669 3779 4723 Si
3814 4683 3986 4724 autem

2414 4771 2521 4809 non
2563 4755 2800 4822 potueris
2833 4756 3010 4808 dicere
3050 4772 3171 4810 cunt
3210 4771 3410 4824 sponsa
3453 4775 3576 4826 qua:
3614 4762 3775 4820 dixit,
3810 4774 3861 4814 ut
3895 4779 3984 4814 au-

2411 4846 2528 4900 dias
2566 4860 2626 4896 ea
2662 4861 2782 4913 quae
2827 4846 2968 4899 dicta
3017 4856 3142 4901 sunt
3195 4862 3440 4914 sponsae.
3492 4847 3696 4903 restina
3745 4853 3826 4906 ul
3873 4870 3987 4907 cum

2412 4936 2597 5006 sponsi
2639 4937 2920 4991 sodalibus
2964 4938 3097 4991 tieri.
3146 4937 3316 4990 Porro
3351 4941 3393 4991 si
3425 4951 3480 4992 et
3512 4941 3621 4994 illis
3653 4943 3884 4998 inferior
3915 4961 3988 5004 es.

2414 5040 2532 5083 esto
2565 5043 2688 5082 cum
2735 5028 3189 5092 adolescentulis,
3235 5044 3356 5096 qua:
3419 5031 3472 5082 in
3523 5048 3748 5100 sponsm
3789 5037 3989 5090 deliciis

2413 5127 2841 5171 counnorantur.
2885 5115 2976 5170 lla:
3011 5118 3208 5185 quippe
3254 5118 3304 5169 in
3343 5119 3443 5172 hoc
3481 5119 3649 5185 libro,
3686 5121 3872 5177 fabula
3903 5140 3990 5192 pa-

2415 5210 2566 5270 riti-r,
2599 5219 2653 5263 et
2678 5208 3029 5278 epithalamio
3057 5218 3184 5262 sunt
3216 5224 3462 5276 persona:
3496 5229 3508 5264 :
3545 5230 3610 5266 es
3641 5231 3755 5283 quo
3785 5228 3838 5268 et
3873 5232 3983 5283 gen-

2991 5366 3032 5396 “
3057 5363 3160 5420 lsa.
3200 5382 3249 5428 v,
3279 5366 3326 5418 l.
3405 5368 3452 5397 "
3491 5367 3694 5437 Eplies.
3725 5387 3776 5432 ν,
3798 5373 3886 5424 27.

2475 5505 2548 5573 (4)
2593 5503 2868 5573 Sicliabu-t
2905 5503 3071 5558 code:
3098 5504 3561 5573 Selincurtianus.
3599 5504 3984 5560 Laudunensis

2405 5585 2616 5695 vclroet
2652 5572 3028 5637 'l‘uroncnsis,
3080 5574 3348 5624 dilectum.
3403 5572 3554 5626 Libri
3614 5587 3781 5630 auten
3836 5582 3975 5638 editi,

2407 5646 2458 5695 αξ
2486 5656 2630 5696 cctct'.

2515 5660 2630 5696 Clt’J.
