4210 6350
163 353 295 418 1177

991 362 1467 427 ΤίιΑΝδιΑτιο
1514 367 1780 430 ΙΙΟΜΙΙ..
1824 365 2138 431 ORIGEN.
2184 369 2263 428 IN
2302 368 2597 430 CANTIC.

3280 368 3414 437 1178

159 476 277 527 tLles
301 472 404 525 Sibi
432 470 856 534 eptttiaiamitttu
876 471 1235 533 vindicarunt,
1255 482 1304 525 et
1336 472 1493 525 istius
1522 470 1737 540 generis
1764 474 1810 532 Α
1838 472 2002 531 modo
2029 485 2114 531 est
2138 478 2356 545 quidam
2394 485 2630 539 carnalis
2658 487 2833 552 cibus,
2857 495 2911 542 et
2942 487 3083 545 alius
3113 488 3401 559 spiritalis;

156 581 375 619 «tarmen
409 578 762 633 assumptum
793 575 872 619 est
899 571 995 630 (5).
1022 563 1435 631 bpithalamiuut
1463 563 1729 630 siquidetl

154 656 442 711 tlanticum
494 659 860 711 canticmum.
916 656 1155 709 Primum
1214 670 1410 724 sponsa
1471 665 1623 717 orat,
1678 664 1733 709 et

154 751 336 803 statim
370 750 423 803 in
453 750 655 804 mediis
685 750 933 819 precibus
962 749 1197 803 auditur.
1234 745 1388 803 Videt
1415 756 1729 815 praesentem

155 858 445 911 sponsum,
473 839 624 895 videt
666 842 1097 895 adolescentulas
1121 856 1219 895 suo
1249 839 1531 894 comitatui
1559 854 1729 908 capts-

154 935 314 986 latas.
362 931 570 986 Deinde
616 931 900 999 respondet
929 931 974 984 ei
1007 945 1278 999 sponsus:
1311 936 1363 984 et
1395 937 1514 997 post
1543 929 1732 999 sponsi

151 1026 373 1095 eloquia
398 1066 412 1089 ,
448 1026 581 1078 dum
614 1024 703 1076 ille
748 1038 844 1092 pro
876 1023 991 1090 ejus
1022 1023 1221 1089 patitur
1262 1019 1467 1081 salute,
1504 1033 1732 1089 respon-

151 1120 284 1171 dent
332 1119 581 1181 sodales,
638 1119 809 1169 tlunce
856 1131 1089 1184 sponsus
1119 1116 1189 1168 sit
1222 1114 1273 1167 in
1306 1113 1550 1170 rccubitu
1573 1154 1588 1179 ,
1623 1121 1728 1167 ets

154 1212 414 1274 passione
445 1217 737 1277 consurgat
762 1250 773 1267 ,
799 1225 853 1253 se
881 1207 1123 1273 tgzt-rdam
1160 1222 1373 1275 sponsa:
1407 1216 1732 1267 ornamenta

154 1306 256 1355 lact
270 1320 421 1355 ttros.

512 1386 567 1438 9..
604 1387 797 1439 Vi-ru'u
830 1387 937 1452 jam
980 1387 1093 1453 ipsa
1128 1386 1291 1442 verba
1311 1386 1743 1456 ponendasum,

162 1482 217 1532 in
251 1480 455 1548 quibus
498 1480 651 1546 prius
702 1494 800 1531 vos
855 1493 1071 1546 sponsa:
1118 1477 1461 1547 deprecantis
1502 1482 1744 1542 auditus.

159 1570 327 1637 (Cap.
350 1586 390 1635 ι,
416 1584 560 1622 vers.
593 1571 612 1620 i
643 1568 999 1635 :)Osculetur
1028 1586 1108 1623 me
1134 1571 1311 1624 osculo
1342 1572 1445 1626 oris
1480 1571 1747 1637 sui.Quo-

1832 571 1885 631 et
1920 562 2024 620 alia
2058 568 2239 622 carnis
2282 571 2450 636 potio,
2503 574 2605 627 alia
2646 576 2899 632 spiritus-
2946 579 3024 630 sic
3064 590 3147 633 cst
3184 579 3400 643 quidam

1834 664 1986 708 amor
2017 657 2195 710 carnis
2227 674 2253 709 a
2282 656 2477 712 Sataua
2506 663 2747 726 veniens,
2780 664 2916 718 alius
2947 682 3099 721 amor
3120 683 3342 736 spiritus
3373 696 3400 721 ο

1829 738 1944 801 Deo
1964 749 2240 803 exordium
2285 752 2490 808 habens
2512 793 2527 816 ,
2568 765 2618 809 et
2641 771 2800 812 nemo
2820 768 2995 829 patest
3020 762 3227 814 duobus
3252 775 3403 815 amo-

1816 833 1987 893 ribus
2016 840 2299 906 possideri.
2354 843 2409 897 Si
2446 845 2628 900 carnis
2672 858 2884 903 amator
2918 862 2998 912 es,
3031 865 3267 904 amorem
3302 854 3405 921 spi.

1833 929 1972 985 ritus
1999 944 2105 985 non
2133 934 2302 1001 capis.
2337 935 2391 989 Si
2418 938 2599 991 munia
2628 941 2925 1007 corporalia
2951 940 3266 1010 despcxisti,
3296 959 3401 997 non

1832 1020 1957 1079 dico
1988 1036 2205 1077 carnem
2238 1036 2332 1079 aut
2371 1030 2713 1097 sanguinem,
2744 1030 2835 1085 sed
2881 1045 3162 1099 argentum
3198 1043 3251 1087 ct
3278 1049 3403 1105 pos-

1833 1110 2123 1176 sessiones,
2150 1114 2242 1167 sed
2268 1113 2438 1183 ipsam
2471 1128 2671 1175 terram
2717 1120 3004 1190 ipsumque
3032 1124 3254 1189 caelum,
3287 1126 3401 1179 hinc

1831 1192 2033 1275 quippe
2074 1207 2519 1273 pertransibunt;
2561 1212 2602 1264 si
2644 1212 2742 1266 ista
2779 1212 2961 1268 omnia
3008 1215 3400 1285 contempsisti,

1832 1303 1886 1348 et
1922 1293 1990 1350 ad
2021 1297 2222 1351 nullum
2253 1299 2445 1355 horum
2497 1302 2676 1356 anima
2703 1314 2793 1357 tua
2828 1306 3061 1375 obligata
3096 1316 3197 1371 est,
3232 1324 3404 1376 neque

1830 1400 2104 1455 quoquam
2139 1389 2389 1445 vitiorum
2429 1408 2617 1450 amore
2658 1396 2938 1461 retinet-is,
2978 1410 3130 1467 putes
3163 1414 3402 1453 amorem

1833 1490 2023 1544 capch
2075 1479 2395 1547 spiritalem.
2450 1482 2526 1541 ita
2577 1485 2743 1540 locuti
2801 1502 2989 1540 sumus
3041 1490 3168 1555 quia
3227 1488 3407 1543 evertit

1828 1569 2071 1630 occasio,
2122 1578 2176 1621 ttt
2224 1570 2291 1624 de
2336 1590 2521 1627 amore
2568 1576 2795 1643 spiritali
2849 1578 3027 1645 aliqua
3076 1579 3402 1632 diceremus.

157 1678 283 1713 rum
318 1662 424 1714 iste
447 1670 529 1713 est
560 1676 755 1713 sensus
782 1681 793 1713 :
816 1664 1115 1731 Quousque
1140 1678 1374 1732 sponsus
1404 1682 1556 1719 lucus
1578 1664 1746 1724 ωίιιζι
1834 1655 2061 1725 Expedit
2102 1672 2281 1713 autem
2331 1662 2488 1715 nobis
2523 1664 2831 1719 Salomonis
2876 1668 3147 1721 custodire
3201 1684 3406 1737 prace-

157 1758 352 1811 oscula
386 1770 483 1823 per
499 1754 725 1819 Mosem,
754 1757 1123 1812 mittitoscula
1147 1773 1241 1827 per
1263 1760 1559 1827 prophetas
1581 1760 1604 1811 ἳ
1626 1759 1796 1828 lan_
1833 1760 2017 1819 Ριωὶιν
2062 1762 2112 1803 ει
2158 1753 2330 1821 "mgis
2376 1754 2522 1809 illius
2556 1772 2645 1822 QUI
2690 1772 2782 1823 per
2824 1758 3167 1811 Salomoncm
3220 1761 3405 1828 loque-

155 1848 340 1915 ipsius
364 1845 530 1916 cupio
553 1862 644 1900 ora
671 1848 1144 1917 contingere,ipse
1164 1848 1494 1917 veniat,ipse
1518 1850 1744 1903 desecti.
1764 1824 1802 1874 Β
1833 1841 2009 1904 batur,
2056 1840 2121 1893 de
2154 1844 2415 1909 sapientia
2458 1843 2529 1897 ita
2572 1845 2755 1898 dicens
2781 1864 2792 1897 :
2820 1849 2952 1899 Ama
2998 1846 3171 1913 illam,
3205 1858 3252 1901 et
3288 1864 3400 1901 ser-

156 1939 278 1993 dat.
302 1937 434 1993 Orat
456 1940 619 2007 igitur
634 1938 819 2006 sponsi
839 1937 1074 2002 Patrem,
1098 1950 1153 1992 et
1174 1940 1305 1992 dit-it
1326 1942 1389 1991 ad
1406 1956 1530 1993 eum
1554 1940 1747 1994 τοκι-

155 2033 302 2085 Ietur
327 2047 411 2084 me
431 2032 612 2084 osculo
632 2034 737 2085 oris
757 2032 861 2084 sui.
893 2030 955 2083 Et
986 2032 1110 2098 quia
1148 2030 1267 2082 talis
1290 2043 1446 2083 estut
1474 2034 1743 2101 comples-

147 2132 237 2172 tur
292 2138 461 2188 super
499 2134 616 2171 eam
666 2119 1036 2187 propheticum
1082 2118 1212 2170 illud
1258 2119 1310 2170 itt
1355 2132 1461 2186 quo
1498 2119 1721 2172 dicitur:

143 2210 336 2263 Adhuc
396 2222 443 2262 te
483 2212 720 2278 loquente
775 2210 995 2261 dirum:
1040 2209 1171 2263 Ecce
1198 2210 1420 2272 adsum;
1470 2226 1726 2279 sponsam

145 2302 336 2365 Sponsi
374 2298 532 2352 Pater
562 2299 804 2361 exaudit,
837 2298 1001 2350 ntittit
1047 2295 1242 2350 Filium
1291 2315 1470 2353 suum.
1527 2297 1727 2356 Videtis

144 2392 234 2442 illa
281 2406 409 2443 eum
456 2391 613 2457 cujus
650 2390 1041 2457 deprecabatur
1088 2389 1398 2448 adventum.
1438 2405 1596 2443 orare
1634 2391 1726 2443 de-

144 2485 307 2546 stitit,
362 2493 416 2535 et
467 2483 533 2535 ad
588 2499 709 2536 eum
763 2484 1009 2538 cominus
1062 2484 1320 2551 loquitur.
1367 2482 1542 2552 (Vers.
1576 2483 1722 2549 1-2.)

148 2574 420 2637 Quoniam
458 2574 593 2626 bona
635 2574 795 2627 ubera
834 2586 924 2626 tua
962 2592 1115 2641 super
1149 2578 1346 2633 vinum,
1381 2586 1426 2627 et
1468 2578 1597 2628 odor
1628 2593 1721 2628 uu-

144 2676 460 2735 guentorum
501 2675 709 2718 tuorum
750 2682 904 2732 super
942 2668 1118 2718 omnia
1154 2676 1417 2718 aromata.
1474 2666 1724 2733 Sponsus

147 2757 316 2824 igitur
362 2754 617 2807 Christus
670 2756 871 2809 missus
930 2772 958 2807 a
1005 2755 1162 2808 Patre
1217 2756 1361 2808 venit
1415 2767 1610 2808 unt-tus
1657 2756 1724 2812 ad

144 2861 442 2913 sponsam,
483 2854 537 2897 et
579 2846 779 2898 dicitur
824 2847 887 2897 ad
928 2862 1049 2898 eum
1089 2862 1100 2895 :
1154 2843 1398 2897 Dilexisti
1440 2846 1720 2907 iustitiam,

140 2946 187 2988 et
215 2936 378 2987 odisti
419 2935 772 3002 iniquitatem,
809 2944 1079 3001 propterea
1125 2934 1273 2985 unxit
1326 2945 1373 2985 te
1401 2933 1557 2995 Deus,
1584 2934 1721 2987 Deus

143 3040 264 3080 tuus
302 3027 420 3078 oleo
465 3025 836 3077 exsultationis
880 3041 989 3092 pra:
1033 3024 1380 3092 participibus
1438 3027 1538 3077 tuis
1564 3025 1629 3077 “.
1665 3024 1721 3080 Si

142 3135 228 3172 me
273 3119 514 3187 tetigerit
569 3132 823 3184 sponsus,
876 3126 929 3169 et
972 3132 1070 3184 ego
1108 3116 1233 3168 boni
1280 3116 1464 3168 odoris
1508 3131 1622 3180 ero,
1670 3126 1791 3201 etc

140 3224 238 3275 ego
267 3209 431 3262 liniar
460 3208 773 3275 unguentis,
803 3217 854 3259 et
886 3209 950 3259 ad
983 3223 1066 3259 me
1093 3224 1263 3274 usque
1292 3208 1408 3274 ejus
1439 3218 1711 3273 unguenta

140 3303 479 3369 pervenient,
518 3308 575 3352 ut
606 3301 806 3367 possim
841 3316 961 3352 cum
988 3300 1243 3366 Apostolo
1271 3298 1448 3351 dicere
1476 3317 1488 3351 :
1516 3298 1714 3354 Christi

139 3394 300 3444 bonus
336 3392 471 3443 odor
496 3406 679 3443 sumus
723 3392 772 3440 in
813 3392 950 3441 enini
986 3390 1099 3441 luco
1136 3389 1200 3441 ⁸⁸.
1236 3388 1345 3444 Nos
1377 3398 1557 3442 autem
1588 3406 1715 3445 cum

139 3483 251 3535 lucc
268 3481 605 3542 audivimus,
622 3480 797 3533 adhuc
817 3482 1048 3547 peccatis
1076 3480 1328 3548 vitiisque
1352 3478 1624 3543 latemus,
1648 3480 1716 3536 de

138 3574 335 3639 quibus
357 3572 619 3639 propheta
638 3572 901 3638 pteniteus
922 3572 1158 3639 loquitur
1175 3590 1187 3624 :
1207 3570 1527 3624 I‘utrueruut
1545 3583 1591 3625 et
1607 3590 1718 3625 σοι-ι

139 3674 306 3729 ruptte
328 3676 451 3714 sunt
481 3662 752 3711 cicatrices
774 3676 897 3712 metu
926 3677 956 3711 a
993 3662 1126 3727 facie
1156 3662 1473 3727 insipientia
1504 3678 1630 3716 mete
1648 3662 1711 3716 “.

138 3751 432 3807 l’cccatum
469 3752 653 3803 odoris
682 3760 760 3804 est
790 3752 979 3818 putidi,
1016 3752 1185 3803 virtus
1221 3752 1390 3818 Spirat
1420 3764 1714 3820 unguenta,

138 3858 374 3906 quorum
416 3852 573 3911 typos
606 3844 840 3909 reperies
885 3843 937 3893 in
972 3841 1176 3893 Exodo.
1225 3839 1467 3895 Invenies
1497 3859 1714 3911 quoque

138 3932 208 3985 ibi
266 3941 518 3991 stacten,
570 3932 801 3999 ouycha,
856 3931 1167 3998 galbanum,
1206 3939 1259 3983 et
1304 3932 1530 3999 reliqua.
1591 3933 1712 3988 ηπ

138 4023 357 4091 quidem
404 4022 470 4073 ad
504 4022 781 4073 incensum
814 4037 825 4069 :
860 4022 1052 4073 deinde
1086 4023 1150 4072 ad
1186 4037 1322 4089 opus
1369 4025 1713 4090 unguentarii

139 4116 287 4165 varia
343 4122 643 4166 sumuntur
686 4122 988 4180 unguenta,
1056 4113 1106 4163 in
1147 4114 1347 4179 quibus
1390 4121 1473 4165 est
1512 4114 1715 4168 nardus

139 4216 189 4257 et
220 4214 416 4258 stacte.
491 4202 554 4253 lit
598 4201 737 4255 Deus
763 4204 853 4271 qui
888 4201 1010 4255 fecit
1044 4204 1239 4257 emtum
1281 4214 1333 4258 et
1377 4215 1593 4265 terram,
1634 4206 1714 4257 lo—

140 4297 325 4362 quitur
356 4295 423 4346 ad
457 4291 663 4347 Mosen.
699 4294 883 4345 (iiCt'llS
925 4313 935 4345 :
981 4294 1086 4361 ligo
1144 4294 1350 4361 implevi
1399 4311 1483 4347 eos
1522 4298 1715 4361 spiritu

140 4386 418 4452 sapientia:
458 4394 507 4434 et
552 4383 865 4445 intellectus,
907 4396 959 4435 ut
1007 4385 1205 4451 faciant
1251 4400 1405 4452 opera
1443 4387 1573 4437 artis
1618 4403 1713 4438 un-

141 4476 433 4543 guentaria:
461 4473 501 4501 ⁵⁷
534 4491 545 4523 :

141 4564 459 4630 spiritaliter
513 4560 901 4628 ittlelltgatttut‘,
950 4578 1127 4614 nonne
1175 4561 1366 4617 fabulae
1414 4565 1570 4616 sunt?
1607 4565 1708 4619 nisi

140 4654 344 4718 aliquid
393 4651 628 4702 habeant
673 4652 885 4711 secreti,
932 4666 1110 4703 nonne
1151 4652 1367 4719 indigna
1413 4661 1539 4704 sunt
1567 4653 1715 4707 Deo?

142 4741 377 4794 Net-sse
410 4750 493 4793 est
540 4741 703 4807 igitur
738 4758 859 4792 cunt
904 4743 995 4809 qui
1041 4744 1226 4794 audire
1254 4742 1563 4811 Scriptttras
1604 4746 1712 4812 spi-

142 4838 413 4888 rituaiiter
442 4834 611 4894 novit,
652 4843 743 4885 aut
770 4836 859 4901 qui
900 4844 1041 4887 eerte
1076 4852 1179 4887 non
1219 4837 1389 4897 novit,
1424 4847 1473 4890 et
1501 4837 1713 4890 deside-

144 4939 228 4981 rat
269 4944 461 4990 nosse,
512 4926 657 4977 omni
699 4927 879 4979 labore
923 4926 1271 4989 contendere,
1314 4939 1372 4982 ut
1416 4942 1521 4978 non
1560 4926 1712 4995 juxta

145 5032 366 5070 carnem
412 5026 465 5067 et
498 5015 814 5081 sanguinem
858 5028 1227 5079 conversetur,
1272 5032 1379 5085 quo
1424 5018 1593 5085 possit
1626 5015 1709 5071 di-

148 5120 286 5173 gnus
336 5104 453 5155 tieri
510 5103 830 5164 spiritalium
878 5113 1206 5157 secretorum
1236 5146 1249 5167 ,
1300 5115 1354 5158 ct
1402 5115 1461 5159 ttt
1509 5107 1716 5175 aliquid

149 5196 442 5248 audentius
487 5193 684 5255 dicam,
726 5195 950 5260 spiritali
997 5196 1248 5262 cupidine
1284 5202 1363 5249 vel
1417 5212 1599 5250 amore
1634 5212 1718 5257 ae-

150 5287 440 5348 cendatur;
478 5284 742 5351 siquidem
782 5295 859 5337 est
896 5296 945 5337 ct
973 5286 1226 5352 spiritalis
1257 5301 1429 5338 amor.
1484 5286 1551 5340 lit
1577 5303 1718 5358 quo-

225 5379 271 5408 “
296 5375 439 5428 Psal.
480 5392 622 5435 κων.
653 5377 703 5428 8.
780 5377 823 5407 ⁸⁸
848 5374 889 5429 ll
914 5377 1037 5429 Cor.
1068 5392 1125 5441 tt,
1154 5375 1238 5429 l5.

153 5462 215 5509 lt,
241 5448 292 5500 6.
370 5446 415 5474 ⁸³
439 5445 623 5497 Matth.
659 5462 728 5506 γι,
761 5448 811 5499 9.

224 5541 299 5603 (5)
351 5538 531 5589 Codex
587 5536 867 5589 Beeeensis
916 5556 927 5589 :
982 5536 1108 5591 lltec
1174 5536 1359 5603 quippe
1401 5538 1710 5605 [abutantur

156 5610 353 5675 pariter
402 5619 447 5657 et
503 5608 892 5668 epithalamium
935 5623 1086 5657 suum
1130 5617 1425 5670 personant.
1486 5608 1565 5660 Ex
1616 5613 1709 5663 hoc

157 5688 329 5743 gentes
358 5676 456 5726 sibi
480 5676 867 5738 cpitltalttntfutn
893 5677 1240 5731 l‘itttiit'tlt'uttl,
1259 5685 1304 5725 ct
1336 5676 1487 5729 istius
1514 5679 1710 5743 generis

161 5765 180 5796 δ
208 5756 545 5796 :ctttmcntttnt
574 5760 890 5793 assumuntur
920 5757 1013 5795 est.

234 5816 305 5877 t5“)
352 5814 456 5862 λῑημ
491 5854 502 5873 ,

539 5824 753 5862 :vrt'hus.
791 5816 937 5862 [κώ.
972 5824 1119 5864 ιῗ-Ἲιε..
1159 5812 1334 5863 alitur.

580 4482 631 4523 et.
666 4474 1048 4539 unguentarios
1079 4473 1218 4525 Deus
1245 4474 1419 4527 docet.
1456 4475 1577 4529 llaac
1610 4477 1709 4531 nisi
1747 4482 1795 4537 ο
1823 4485 1881 4530 ιιι
1926 4479 2092 4528 ubera
2136 4475 2411 4532 nominat,
2451 4474 2637 4525 dicens
2676 4488 2689 4523 :

1815 4583 1973 4636 super
2001 4568 2195 4620 riuum.
2242 4562 2593 4617 Communica
2642 4571 2699 4616 ut
2738 4578 2936 4631 sponsa
2982 4578 3103 4615 cum
3138 4563 3389 4619 sensibus

1342 5376 1388 5409 “
1411 5374 1555 5433 Psal.
1588 5396 1797 5451 xxxvii,
1829 5382 1882 5438 6.

1831 1932 1968 1986 rubit
2018 1944 2097 1994 te;
2145 1934 2413 1985 circumda
2464 1934 2645 1999 illum,
2681 1946 2730 1988 et
2770 1938 3023 1991 exaltabit
3071 1948 3155 2001 te;
3203 1940 3402 1993 honora

1832 2022 2004 2083 illum,
2056 2034 2108 2076 ut
2156 2032 2205 2075 te
2254 2026 2603 2090 amplectatur
2628 2026 2694 2078 ⁸⁸.
2731 2025 2825 2080 Est
2870 2029 3089 2096 quidam
3144 2030 3403 2099 spiritalis

1830 2116 2130 2182 amplexus,
2163 2124 2323 2181 atque
2376 2119 2579 2170 utinam
2632 2120 2912 2188 contingat
2943 2128 2999 2173 ut
3033 2135 3207 2173 meam
3241 2136 3403 2190 spon-

1830 2221 1943 2259 sam
1986 2207 2191 2259 arctius
2220 2207 2295 2275 (ti)
2342 2209 2527 2275 sponsi
2576 2210 2857 2277 amplexus
2905 2210 3170 2275 includat,
3207 2222 3268 2266 ut
3304 2228 3403 2283 ego

1827 2312 2045 2366 quoque
2097 2299 2300 2365 possint
2350 2298 2527 2353 dicere
2577 2300 2719 2367 quod
2771 2300 2824 2354 in
2871 2302 3060 2355 eodem
3098 2302 3238 2358 libro
3266 2304 3402 2357 seri-

1826 2397 1977 2457 ptum
2020 2398 2103 2441 est
2143 2406 2153 2439 :
2196 2387 2427 2441 Sinistra
2472 2390 2586 2457 ejus
2629 2390 2722 2443 sub
2764 2394 2934 2461 capite
2961 2409 3094 2457 meo,
3122 2405 3170 2448 et
3216 2395 3404 2451 dextro

1826 2478 1975 2533 illius
2011 2479 2398 2547 amplexabitur
2429 2498 2506 2534 me
2530 2485 2598 2545 ⁵ο,

1897 2570 1949 2622 5.
1996 2570 2273 2623 (iaculetur
2313 2587 2391 2621 me
2428 2589 2555 2639 ergo
2592 2572 2770 2626 osculo
2807 2575 2916 2626 oris
2961 2576 3065 2629 sui.
3111 2573 3279 2628 Moris
3318 2584 3403 2629 est

1830 2658 2230 2729 Scripturarum
2287 2662 2665 2729 imperativum
2723 2664 2941 2718 modum
3008 2682 3104 2733 pro
3163 2667 3404 2735 optativo

1826 2765 2049 2819 ponere,
2083 2761 2138 2803 ut
2176 2750 2245 2802 ibi
2276 2767 2288 2803 :
2316 2749 2479 2802 Pater
2509 2762 2685 2804 noster
2712 2754 2804 2820 qui
2835 2770 2886 2806 es
2922 2754 2973 2805 in
3007 2754 3173 2819 razlis,
3202 2755 3403 2809 sancti-

1824 2841 2013 2909 ]icetur
2060 2857 2244 2893 nomen
2280 2854 2426 2892 tuum
2463 2842 2533 2902 '9,
2571 2859 2689 2909 pro.
2739 2836 2955 2897 Utinam
2997 2845 3401 2912 sanetilicetur;

1824 2941 1877 2984 et
1907 2946 2049 2983 uuuc
2087 2931 2137 2981 in
2170 2932 2421 2998 praesenti
2454 2950 2465 2983 :
2501 2932 2785 2985 Osculrlttr
2831 2950 2910 2985 me
2943 2934 3121 2986 osculo
3160 2936 3269 2990 oris
3292 2935 3399 3000 sui,

1824 3036 1923 3090 pro
1948 3037 2011 3073 eo
2036 3021 2179 3091 quod
2214 3030 2318 3084 est,
2352 3018 2572 3074 Utinam
2607 3023 2906 3077 osculetur.
2952 3021 3152 3077 Deinde
3180 3039 3400 3094 conspi-

1824 3114 1898 3166 cit
1931 3128 2212 3180 Sponsum.
2247 3110 2404 3164 Venit
2430 3112 2701 3166 delibutus
2744 3114 3035 3182 unguentis
3070 3131 3083 3166 :
3122 3128 3219 3168 nec
3245 3112 3402 3168 aliter

1825 3203 1889 3257 ad
1924 3218 2178 3273 sponsam
2230 3211 2439 3271 poterat
2473 3205 2674 3266 venire,
2714 3219 2813 3258 nec
2841 3205 3065 3258 decebat
3088 3205 3138 3258 al
3168 3215 3248 3257 ιρι·
3277 3202 3385 3259 pa-

1825 3302 1958 3347 trem
1987 3294 2050 3345 ad
2079 3294 2297 3361 nuptias
2326 3293 2521 3346 Filium
2552 3295 2843 3348 destinare.
2875 3294 3051 3350 Variis
3086 3311 3210 3349 eutn
3246 3297 3403 3354 unxit

1823 3386 2115 3456 unguentis
2147 3426 2161 3449 ,
2227 3384 2355 3440 fecit
2402 3386 2551 3439 illun.
2598 3386 2896 3442 Christum.
2960 3387 3119 3441 Venit
3171 3387 3401 3444 diversis

1823 3476 2087 3533 odoribus
2120 3478 2353 3544 spirans,
2387 3487 2439 3530 et
2470 3476 2639 3533 audit.
2668 3478 2793 3545 quia
2827 3477 2961 3531 bona
2994 3479 3156 3533 ubera
3188 3488 3278 3533 tu
3307 3494 3398 3534 su-

1827 3585 1919 3637 per
1942 3568 2139 3624 vinum.
2183 3567 2432 3637 Cinigrue
2459 3582 2637 3621 sermo
2667 3567 2883 3622 divinus
2916 3584 3078 3623 unam
3120 3570 3394 3626 eamdem-

1822 3676 1928 3732 que
1973 3673 2085 3713 rem
2121 3674 2217 3727 pro
2257 3659 2498 3711 locorum
2548 3659 2808 3727 qualitate
2848 3660 3080 3713 diversis
3118 3659 3397 3717 vocabulis

1824 3760 2118 3820 nuncupat.
2172 3750 2399 3814 Quando
2443 3750 2618 3803 hostia
2656 3751 2881 3803 oll’ertur
2915 3751 2966 3801 iu
3020 3751 3153 3820 lege,
3200 3760 3254 3805 et
3284 3752 3399 3807 vult

1821 3842 2153 3896 intellectum
2212 3840 2536 3903 ostendere,
2600 3839 2971 3906 pectusculmn
3034 3840 3394 3907 separationis

1822 3930 2014 3987 alatur
2036 3930 2134 3997 (7).
2171 3929 2396 3993 Quando
2428 3945 2551 3980 vero
2581 3929 2847 3982 recumbit
2876 3930 3071 3997 aliquis
3098 3946 3218 3982 cum
3242 3927 3393 3994 Jesu,

1821 4028 1879 4077 ct
1918 4036 2176 4075 sensuum
2215 4020 2333 4087 ejus
2373 4022 2756 4073 communione
2796 4020 3108 4090 perfruitur,
3155 4035 3262 4074 non
3296 4034 3391 4088 pe-

1822 4111 2126 4165 ctusculum
2188 4121 2245 4162 ut
2298 4125 2495 4175 supra,
2558 4110 2653 4162 sed
2711 4119 2898 4178 pectus
2949 4110 3247 4178 alloquitur
3290 4109 3387 4176 (8).

1820 4197 1990 4255 Porro
2029 4216 2152 4254 cum
2198 4215 2394 4267 sponsa
2441 4200 2685 4266 loquitur
2714 4199 2778 4252 ad
2819 4214 3100 4269 spoosunt,
3130 4200 3256 4267 quia
3291 4214 3393 4253 nu-

1824 4292 1986 4362 ptiale
2032 4307 2255 4345 carmen
2308 4290 2600 4349 inducitur,
2654 4305 2761 4343 non
2807 4290 3198 4358 pectusculum,
3242 4299 3300 4342 ιιι
3336 4287 3389 4341 itt

1824 4382 2134 4448 sacrilicio;
2167 4398 2273 4435 non
2304 4392 2509 4449 pectus.
2550 4391 2605 4433 ut
2638 4381 2691 4433 in
2722 4379 2927 4434 Joanne
2962 4380 3261 4447 discipulo;
3297 4381 3388 4434 sed

2739 4470 2877 4535 Quia
2914 4470 3048 4523 bona
3096 4472 3253 4523 ubera
3295 4481 3389 4524 tua

1820 4660 2027 4729 sponsi,
2083 4667 2137 4710 ct
2197 4656 2341 4709 scias
2396 4655 2517 4723 quia
2572 4654 2840 4706 inebriaut
2898 4664 3057 4721 atque
3112 4654 3389 4707 latilieant

1821 4748 2124 4805 istiusmodi
2158 4747 2445 4814 cogitatus.
2486 4745 2767 4809 Quomodo
2795 4753 2972 4797 autem
3004 4746 3145 4797 calix
3170 4744 3383 4800 Domini

1821 4837 2098 4892 inebrians
2152 4850 2314 4903 quam
2378 4834 2617 4901 optimus
2672 4842 2775 4895 est,
2840 4833 2919 4887 sic
2972 4832 3134 4887 ubera
3198 4835 3381 4905 sponsi

1822 4928 1968 4982 omni
2001 4926 2220 4979 meliora
2246 4933 2373 4978 sunt
2401 4924 2547 4977 vino.
2590 4922 2731 4989 Quia
2762 4923 2894 4977 bona
2926 4923 3084 4976 altera
3112 4932 3202 4976 tua
3230 4938 3386 4991 super

1824 5022 2023 5075 riuum.
2067 5016 2120 5069 In
2168 5018 2359 5069 ntcdiis
2389 5017 2638 5084 precibus
2672 5018 2736 5069 ad
2772 5030 3031 5084 sponsqu
3061 5017 3221 5071 verba
3256 5032 3384 5071 cun-

1829 5112 2028 5167 vertit:
2063 5108 2127 5160 lit
2163 5110 2291 5159 utlor
2336 5117 2714 5174 unguentorum
2758 5116 2965 5159 tuorum
3013 5122 3166 5172 super
3206 5106 3382 5159 out-ia
3421 5151 3430 5159 .

1828 5207 2086 5258 aromata.
2111 5195 2226 5250 Non
2266 5211 2392 5259 uno,
2423 5195 2514 5249 sed
2556 5194 2811 5248 omnibus
2844 5210 3077 5263 sponsus
3108 5193 3253 5248 vinit
3286 5210 3383 5247 un-

1828 5301 1947 5348 etus
1980 5287 2266 5357 unguentis
2306 5288 2402 5351 (9).
2456 5284 2508 5337 Si
2544 5294 2721 5339 autem
2761 5295 2813 5339 et
2846 5284 2913 5338 ad
2943 5300 3114 5339 meatu
3146 5286 3379 5336 anitnatu

1958 5380 2002 5411 "
2033 5377 2202 5432 Exod.
2234 5392 2380 5440 sui,
2416 5377 2467 5429 5.
2566 5375 2786 5430 “Prov.
2824 5391 2897 5440 tv,
2925 5375 2979 5437 7,
3009 5375 3062 5430 8.
3158 5376 3200 5409 δ’
3221 5373 3376 5431 Cant.

1888 5539 1962 5605 (τι
2004 5536 2433 5592 Selincurtiauus
2474 5547 2524 5589 et
2556 5536 2859 5602 Beccensis,
2898 5539 3134 5604 o/I'crtur.

1893 5613 1967 5671 (8)
2013 5608 2173 5658 Iidcttt
2204 5622 2359 5663 is..
2396 5607 2675 5673 eloquitur.

1891 5682 1965 5737 ιιι)
2006 5676 2182 5729 cutim;
2220 5674 2541 5728 Becccnsis:
2587 5690 2685 5726 nun
2728 5691 2854 5739 uno,
2889 5676 2978 5728 scd
3016 5676 3250 5728 omnibus
3284 5687 3374 5730 nos

1824 5757 2005 5799 unctus
2042 5746 2145 5797 ruit
2175 5748 2294 5813 ungi
2328 5744 2627 5811 unguentis.
