2073 3647
357 233 424 264 1179

947 231 977 261 S.
992 229 1146 261 EUSEBII
1168 230 1234 259 BIE
1241 230 1312 259 RON
1319 229 1385 258 YMI

1911 227 1978 259 1180

358 299 455 327 “Nam
479 308 604 334 sponsam
631 309 708 328 suam
727 309 844 336 spmhus
861 308 951 326 “mm:
966 296 1131 332 dignabitur,
1150 295 1169 321 Α
1185 292 1345 326 praedicatur
1355 291 1496 319 Domitius.
1513 292 1686 328 Unguentum
1706 294 1780 321 enim
1793 295 1911 323 diosum
1928 305 1975 324 no-

357 354 439 382 quam
454 352 557 381 oportet
569 355 627 375 esse
640 348 797 380 formosam,
813 353 841 374 ut
853 347 928 373 illum
942 346 974 372 de
987 344 1057 371 cmlo
1069 341 1100 368 ad
1113 348 1142 367 se

358 391 464 424 trahat,
489 397 518 418 ut
537 393 700 420 descendere
725 393 804 419 faciat
828 392 860 419 ad
884 397 980 421 terras,
1004 393 1034 415 ut
1054 388 1143 415 veniat

358 436 393 464 ad
415 438 554 465 amatam?
580 438 657 471 Quali
683 438 881 472 pulchritudine
909 434 1061 463 dccoranda
1083 434 1142 461 est?

360 481 433 515 quali
451 482 529 509 debet
548 491 639 509 amore
658 483 769 515 l'chere,
791 488 819 510 ut
831 491 861 510 ca
878 483 1003 517 loquatur
1019 481 1052 507 ad
1068 481 1139 507 illam

361 534 422 560 qum
436 527 468 554 ad
485 527 628 561 perfectam
647 529 752 556 loculus
765 533 807 556 est
820 536 958 562 sponsam,
972 528 1033 561 quia
1051 525 1138 552 cervix

360 576 416 605 tua,
431 572 493 607 quia
508 573 580 600 oculi
596 574 644 606 tui,
657 576 717 609 quia
730 582 803 607 gente
816 579 877 604 tum,
894 574 956 609 quia
969 580 1064 599 manus
1078 577 1139 604 tum,

356 619 419 653 quia
436 623 529 645 venter
546 624 619 652 tuus,
632 620 693 655 quia
705 620 809 647 humeri
822 620 870 649 tui.
881 620 942 654 quia
955 618 1033 652 pedes
1048 618 1095 644 tui.
1105 617 1141 644 De

356 663 466 697 quibus,
484 664 506 691 si
521 665 684 691 concesserit
700 664 839 697 Dominus,
853 665 1050 698 disputabimus
1070 672 1140 698 quo-

356 709 438 736 modo
450 718 557 744 sponsae
570 711 689 737 membra
703 711 849 744 varientur,
859 716 885 737 ct
894 711 1060 744 singularum
1080 718 1141 743 par-

356 753 423 780 tium
432 754 490 780 laus
497 754 601 781 diversa
612 755 728 788 dicatur,
738 762 765 783 ut
773 761 832 790 post
841 756 1050 790 disputationem
1060 757 1139 782 etiam

355 799 388 825 ad
403 804 523 827 nostram
539 800 591 827 dici
609 801 727 828 animam
745 802 872 829 similiter
889 803 1055 829 laboremus.
1066 801 1141 827 Bona

359 841 440 876 igitur
448 842 527 868 ubera
534 847 579 868 tua
585 845 765 876 superuinum,
904 850 926 872 et
934 847 997 872 odor
1006 852 1146 881 unguento-

358 895 416 913 rum
426 893 529 914 Iuorum
538 897 614 923 super
620 891 707 916 omnia
715 897 845 918 aromata.
856 892 882 919 Si
894 892 992 919 videris
1001 900 1143 926 sponsum,

354 936 420 960 tunc
436 932 569 969 intelliges
588 943 680 962 verum
696 944 756 963 esse
772 938 843 971 quod
859 937 958 964 dicitur
978 945 984 963 :
1007 937 1140 969 Quoniam

355 978 422 1005 bona
441 979 519 1006 ubera
539 985 584 1007 tua
605 977 683 1015 super
700 983 798 1014 uinum,
823 988 847 1008 et
862 983 927 1009 odor
947 988 1139 1018 unguentorum

356 1029 460 1051 tuorum
476 1034 553 1060 super
566 1028 653 1053 omnia
668 1034 798 1053 aromata.
816 1027 890 1055 Multi
907 1028 1059 1056 habuerunt
1075 1037 1138 1056 aro-

356 1075 437 1098 mata.
461 1070 562 1106 Regina
578 1072 670 1099 Austri
694 1073 789 1099 detulit
811 1079 933 1101 aromata
954 1074 1091 1101 Salomoni
1105 1074 1138 1107 “,

354 1120 382 1142 et
399 1116 490 1150 plures
510 1117 555 1143 alii
576 1122 697 1145 aromata
721 1118 899 1152 possederunt
920 1126 926 1144 :
948 1119 993 1145 sed
1017 1119 1140 1145 habuerit

355 1161 417 1195 quis
445 1163 634 1196 quantalibet,
662 1171 717 1190 non
742 1169 855 1198 possunt
879 1164 978 1190 Christi
1008 1164 1139 1191 odoribus

355 1209 517 1240 comparari,
535 1209 567 1235 de
587 1209 686 1242 quibus
706 1218 778 1236 nunc
801 1217 900 1242 sponsa
915 1210 950 1236 ait
966 1219 973 1237 :
992 1209 1064 1236 Odor
1088 1219 1138 1236 un-

355 1258 509 1285 guentorum
526 1259 629 1280 tuorum
651 1263 728 1288 super
740 1256 827 1282 omnia
844 1260 973 1281 aromata.
991 1255 1046 1289 Ego
1065 1256 1138 1282 arbi~

355 1302 412 1324 tror
429 1299 493 1332 quia
514 1304 541 1325 et
558 1299 645 1326 Moses
668 1301 761 1327 habuit
786 1305 918 1331 aromata,
942 1305 968 1327 et
987 1302 1087 1333 Aaron,
1111 1307 1138 1328 et

356 1343 457 1377 singuli
480 1345 693 1379 prophetarum:
717 1353 810 1372 verum
833 1347 856 1373 si
874 1347 966 1373 videro
987 1346 1136 1379 Christum,

354 1393 382 1415 et
398 1390 558 1417 suavitatem
577 1395 773 1425 unguentorum
789 1392 848 1426 ejus
864 1392 1029 1426 odoremque
1043 1400 1137 1426 perce-

356 1442 431 1467 pero,
451 1435 542 1462 statim
565 1437 725 1463 sententiam
749 1436 856 1471 profero
871 1437 982 1465 dicens:
999 1438 1072 1465 Odor
1088 1446 1139 1464 un-

355 1485 509 1513 guentorum
524 1486 628 1507 tuorum
642 1490 719 1515 super
730 1484 818 1508 omnia
831 1488 960 1510 aromata.

391 1525 417 1552 ι.
439 1525 516 1552 Vers.
539 1526 566 1552 2.
590 1526 683 1553 Oleum
707 1527 818 1561 e/j‘usum
841 1536 932 1555 nomen
958 1533 1043 1556 tuum.
1071 1527 1138 1556 Pro—

358 1569 496 1602 pheticum
520 1576 720 1598 sacramentum
737 1577 788 1599 cst.
817 1572 1015 1600 Tantummodo
1039 1581 1137 1600 nomen

1195 345 1254 364 men
1276 338 1346 372 ejus.
1373 336 1449 365 Nunc
1464 337 1532 366 Mosi
1556 347 1653 366 nomen
1679 341 1797 374 auditur,
1811 343 1884 376 quod
1902 343 1977 377 prius

1192 381 1291 408 Iudaea:
1319 387 1422 409 talltum
1444 383 1619 411 claudebatur
1643 387 1786 419 angustiis,
1802 388 1977 421 nequeenim

1192 427 1347 454 Graecorum
1370 429 1503 463 quispiam
1528 431 1651 458 meminit
1673 432 1741 465 ejus,
1765 440 1852 467 nejue
1875 433 1904 459 in
1927 434 1978 460 ulla

1192 473 1331 507 gentilium
1354 474 1504 501 litterarum
1532 476 1644 503 historia
1671 478 1704 504 de
1733 478 1778 504 illo
1800 486 1850 505 ceu
1872 481 1979 507 caeteris

1192 519 1321 552 scriptum
1345 520 1447 554 aliquid
1468 521 1632 549 invenimus.
1659 523 1754 550 Statim
1781 529 1810 551 ut
1830 524 1914 552 Jesus
1939 534 1980 552 ra-

1191 563 1275 591 diavit
1289 565 1315 591 in
1331 566 1444 599 mundo,
1459 567 1553 594 eduxit
1568 576 1660 595 secum
1679 570 1764 605 legem
1779 576 1805 597 ct
1817 572 1979 606 prophetas.

1191 615 1216 636 ct
1232 618 1293 637 vere
1307 612 1471 646 completum
1485 619 1526 640 est
1540 621 1547 639 :
1566 613 1731 649 Unguentum
1748 617 1864 650 e/fusum
1884 626 1980 644 nomen

1192 662 1274 684 tuum.

1286 702 1362 730 Vers.
1381 704 1409 731 3.
1430 704 1573 739 Propterea
1594 706 1743 740 jurenculaz
1765 708 1918 735 dilexerunt
1946 714 1983 736 te-

1191 748 1258 781 Quia
1278 757 1322 783 per
1335 749 1465 783 Spiritum
1485 756 1608 777 sanctum
1631 753 1746 780 clmrt'tas
1760 754 1808 780 Dei
1827 755 1930 788 diﬂ'usa
1943 761 1980 782 est

1191 794 1217 819 in
1232 794 1310 820 corda
1322 799 1413 822 nostra
1425 796 1459 828 “,
1474 803 1594 831 congrue
1619 805 1716 824 nomen
1734 799 1877 827 eﬂ'usionis
1897 800 1981 828 infer-

1192 844 1256 867 tur:
1272 839 1437 875 Unguentum
1452 843 1565 876 effusum
1585 851 1677 870 nomen
1697 851 1780 872 tuum.
1805 845 1868 874 Harc
1885 848 1981 875 dicens

1194 891 1296 918 sponsa
1311 885 1527 914 adulescentulas
1542 889 1684 923 conspicit.
1699 889 1814 922 Quando
1826 891 1871 918 illa
1883 894 1979 926 sponsi

1192 935 1295 963 patrem
1321 932 1447 966 rogabat,
1472 937 1497 959 et
1522 933 1554 960 ad
1578 934 1665 967 ipsum
1693 942 1822 969 sponsum
1851 939 1980 964 cominus

1157 966 1177 993 Β
1193 974 1375 1008 loquebatur,
1404 976 1517 1003 necdum
1547 966 1755 1006 adolescentulus
1779 981 1894 1008 aderant
1920 991 1926 1009 ε
1953 983 1978 1008 in

1190 1020 1289 1047 mediis
1324 1029 1388 1048 vero
1420 1022 1546 1056 precibus
1584 1024 1733 1059 ingreditur
1766 1026 1978 1060 juvencularuut

1190 1065 1291 1091 chorus
1318 1071 1344 1092 ct
1367 1074 1474 1100 sponsa:
1499 1068 1625 1095 laudatur
1647 1071 1773 1104 eloquiis.
1799 1071 1891 1106 (Vers.
1907 1074 1979 1109 5-4.)

1193 1109 1333 1144 Propterea
1343 1111 1491 1145 juvencula:
1507 1115 1656 1142 dilexerunt
1670 1121 1703 1149 te,
1716 1122 1741 1144 et
1757 1123 1930 1146 attraxerant
1943 1126 1977 1148 te.

1189 1156 1459 1193 Adolescentulzeque
1474 1161 1638 1194 respondent
1653 1171 1660 1188 :
1674 1161 1737 1189 Post
1750 1168 1774 1190 te
1789 1163 1816 1190 in
1829 1164 1910 1191 odore
1930 1173 1980 1191 un-

1189 1206 1344 1234 guentorum
1362 1207 1465 1230 tuorum
1481 1213 1625 1232 curremus.
1640 1206 1726 1239 Quam
1739 1207 1852 1242 pulchre
1867 1216 1979 1244 sponsa

1190 1247 1357 1281 pedissequae
1384 1249 1497 1276 necdum
1516 1250 1641 1277 ﬁduciam
1661 1252 1759 1280 habent
1778 1261 1888 1287 sponsa
1908 1256 1932 1289 (1
1942 1256 1977 1289 1).

1192 1290 1296 1325 Sponsa
1316 1300 1369 1319 non
1389 1297 1449 1327 post
1468 1300 1571 1329 tergum
1593 1296 1733 1330 sequitur,
1752 1298 1800 1324 sed
1823 1298 1978 1333 ingreditur

1188 1335 1283 1370 juncta
1300 1337 1389 1370 lateri,
1410 1341 1641 1376 apprehenditque
1663 1343 1803 1371 dexteram
1822 1346 1931 1379 sponsi,
1952 1351 1980 1373 et

1190 1389 1289 1409 manus
1312 1383 1373 1417 ejus
1397 1385 1489 1418 sponsi
1519 1386 1630 1414 dextera
1658 1389 1825 1416 continetur.
1854 1389 1980 1418 Famula:

1191 1435 1255 1455 vero
1280 1428 1471 1464 ingrediuntur
1494 1436 1555 1465 post
1579 1440 1650 1459 eam.
1679 1433 1825 1469 Sexaginta
1845 1442 1913 1463 sunt
1936 1445 1978 1465 re-

1191 1474 1260 1508 gina:
1274 1478 1302 1500 et
1317 1475 1452 1509 octoginta
1463 1478 1662 1511 concubinae,et
1672 1479 1835 1514 juvencule,
1854 1490 1976 1517 quarum

1192 1528 1246 1546 non
1263 1525 1305 1547 est
1319 1528 1450 1549 numerus
1463 1523 1497 1550 ".
1517 1522 1575 1550 Una
1592 1529 1633 1551 est
1652 1525 1775 1553 columba
1799 1536 1872 1560 mea,
1888 1531 1978 1563 perte-

1191 1570 1233 1592 cta
1252 1573 1322 1598 mea,
1336 1574 1389 1593 una
1403 1572 1445 1594 est
1459 1569 1537 1594 matri
1561 1577 1627 1601 sine,
1643 1578 1695 1597 una
1708 1576 1749 1598 est
1765 1572 1790 1599 ei
1805 1580 1868 1607 qua:
1885 1576 1979 1602 conci»

356 1614 420 1641 Jesu
437 1615 509 1642 venit
528 1615 554 1641 in
572 1616 713 1649 mundum,
735 1623 761 1645 et
782 1623 950 1653 unguentum
976 1619 1138 1653 praedicatur

1191 1611 1230 1644 pit
1249 1610 1333 1638 illam.
1349 1610 1413 1638 Post
1434 1616 1458 1639 te
1475 1620 1539 1647 ergo
1560 1614 1586 1641 in
1604 1616 1687 1642 odore
1701 1623 1903 1651 unguentorum
1919 1626 1979 1647 tuo-

355 1660 482 1687 cﬂ‘usum.
504 1659 532 1687 In
546 1660 691 1696 Evangclio
707 1670 815 1697 quoque
833 1664 856 1679 "
879 1663 975 1691 mulier
1000 1664 1136 1698 accipiens

356 1705 524 1732 alabastrum
543 1708 674 1741 unguenti
699 1709 775 1735 nardi
795 1709 882 1743 pistici
905 1710 1030 1744 pretiosi.
1057 1715 1137 1745 caput

359 1751 418 1778 lcsu
443 1751 577 1786 pedesque
606 1752 733 1787 perfudit.
760 1753 878 1781 Observa
903 1755 1044 1789 diligenter
1076 1764 1137 1790 quae

355 1798 389 1824 de
406 1797 512 1825 duabus
537 1805 619 1830 super
648 1803 727 1833 caput
749 1799 872 1827 ell‘uderit
895 1800 1044 1828 Salvatoris
1068 1808 1075 1826 :
1099 1803 1138 1828 si-

356 1843 463 1876 quidem
492 1843 628 1877 peccatrix
652 1852 732 1879 super
747 1846 826 1879 pedes
852 1846 885 1876 ",
897 1850 924 1872 et
934 1845 1139 1879 eaqmedicitur

357 1894 410 1913 non
437 1887 522 1915 fuisse
551 1889 688 1922 peccatrix
719 1898 801 1924 super
835 1896 915 1925 caput
947 1891 1007 1926 ejus
1035 1892 1139 1919 fudisse

358 1937 523 1959 uionstratur
541 1932 625 1969 "(10)
642 1931 761 1960 Observa
779 1933 905 1969 inquam,
918 1941 944 1962 et
968 1937 1088 1964 invenies
1111 1938 1137 1964 in

355 1977 511 2011 evangelica
528 1978 658 2011 lectione,
677 1987 729 2006 non
752 1979 857 2007 fabulas
876 1986 903 2008 et
920 1983 1088 2010 narrationes
1104 1984 1138 2011 ab

356 2022 537 2056 evangelistis,
554 2023 599 2049 sed
616 2025 742 2059 tnysteria
759 2033 819 2052 esse
840 2027 1004 2060 conscripta.
1027 2027 1137 2062 lmpleta

354 2071 397 2092 est
420 2066 510 2100 utique
532 2067 616 2094 odore
631 2069 761 2103 unguenti
784 2070 891 2098 domus.
916 2070 943 2097 Si
961 2071 1025 2106 quid
1041 2080 1137 2106 pecca-

354 2112 407 2139 trix
420 2113 523 2145 habuit,
540 2113 572 2140 ad
588 2113 668 2148 pedes
684 2114 852 2142 referendum
869 2121 925 2149 est;
944 2121 969 2143 et
989 2117 1011 2144 si
1026 2118 1090 2152 quid
1103 2126 1134 2145 ea

354 2166 414 2192 qua:
431 2166 484 2185 non
500 2159 647 2192 peccatrix,
667 2159 700 2186 ad
722 2165 812 2194 caput.
836 2159 889 2188 Nec
910 2162 1009 2188 mirum
1023 2163 1132 2190 domum

355 2203 439 2231 tuisse
456 2204 536 2231 odore
556 2205 735 2239 completam,
757 2214 817 2233 cum
839 2206 889 2233 hoc
905 2206 999 2233 ordine
1017 2208 1135 2235 mundus

353 2251 505 2284 completus
520 2251 566 2278 sit.
591 2250 723 2278 Scribitur
744 2251 771 2278 in
789 2252 881 2278 eodem
899 2252 957 2279 loco
974 2253 1007 2279 de
1024 2252 1134 2281 Simone

1191 1664 1251 1683 rum
1267 1664 1407 1684 curremus
1422 1678 1429 1684 .
1443 1658 1510 1685 Cum
1527 1659 1601 1686 omni
1617 1661 1759 1688 honestate
1774 1663 1979 1692 deambulanti-

1189 1703 1242 1731 buo
1254 1703 1356 1730 dictuln
1374 1709 1415 1731 est
1430 1713 1436 1730 :
1451 1704 1514 1732 Post
1531 1707 1595 1732 tein
1612 1708 1690 1734 odore
1704 1714 1899 1743 unguentorum
1922 1717 1979 1738 tuo-

1190 1757 1249 1776 rum
1273 1758 1422 1782 curremus,
1439 1751 1588 1778 secundum
1615 1752 1827 1780 illud:Cursum
1849 1764 1975 1783 comam-

1191 1796 1260 1821 mavt'
1272 1795 1305 1827 ",
1318 1802 1344 1821 et
1361 1795 1444 1822 illud:
1460 1796 1513 1828 Qui
1532 1797 1560 1823 in
1573 1798 1661 1824 stadio
1675 1806 1798 1832 currunt,
1814 1809 1907 1828 omne;
1921 1811 1976 1836 (μη-

1190 1841 1249 1868 dem
1270 1846 1389 1873 currunt,
1407 1849 1474 1868 unus
1496 1848 1584 1869 autem
1606 1844 1700 1878 accipit
1720 1845 1841 1872 brevium
1852 1847 1887 1874 ".
1914 1848 1978 1874 Bra-

1189 1887 1263 1914 vium
1279 1887 1406 1914 Christus
1426 1893 1477 1915 est.
1496 1888 1527 1916 Et
1550 1889 1607 1916 haec
1619 1890 1728 1924 quidem
1750 1892 1976 1922 adolescentulz.

1189 1940 1258 1967 quas
1280 1938 1389 1968 propter
1410 1934 1511 1961 amoris
1535 1936 1675 1962 exordium
1693 1935 1761 1963 foris
1780 1942 1858 1965 stare
1876 1946 1976 1973 cogno-

1190 1978 1303 2009 scimus,
1328 1978 1406 2012 juxta
1436 1978 1501 2005 illud
1531 1981 1683 2014 exemplum
1709 1988 1716 2006 :
1743 1983 1852 2010 Amicus
1888 1990 1975 2010 autem

1190 2024 1277 2057 sponsi
1297 2028 1370 2049 stans
1388 2028 1412 2049 et
1433 2024 1542 2050 audiens
1564 2033 1623 2051 cum
1642 2027 1740 2060 gaudio
1753 2029 1851 2061 gaudet
1870 2035 1977 2063 propter

1180 2072 1265 2091 vocem
1274 2067 1364 2099 προηιὶ
1372 2067 1404 2093 ⁸⁸.
1416 2066 1481 2095 Tale
1489 2069 1619 2103 quiddam
1630 2075 1658 2097 et
1667 2071 1884 2101 adolescentula
1894 2075 1976 2101 susti-

1179 2115 1245 2137 nent
1258 2120 1265 2137 :
1274 2112 1429 2141 introeunte
1436 2122 1536 2148 sponso
1545 2116 1696 2145 forinsecus
1705 2124 1863 2151 remanent,
1872 2127 1972 2154 sponsa

1179 2163 1246 2183 vero
1267 2157 1392 2193 508-9
1402 2161 1535 2192 speciosa,
1554 2163 1685 2196 perfecta,
1697 2164 1756 2191 sine
1772 2165 1896 2195 macula.
1914 2167 1973 2192 sine

1188 2212 1266 2239 ruga,
1283 2205 1310 2232 in
1327 2205 1419 2240 sponsi
1434 2205 1600 2238 cubiculum,
1615 2206 1640 2233 in
1656 2208 1758 2242 regium
1774 2211 1919 2242 penetrate
1933 2212 1974 2236 ί..-

1189 2255 1281 2281 gressa
1294 2249 1436 2275 revertitur
1455 2249 1488 2276 ad
1502 2250 1674 2283 juvenculas,
1690 2257 1717 2278 et
1735 2253 1843 2279 nuntiat
1859 2254 1900 2280 eis
1914 2262 1973 2288 qua

355 2293 462 2329 leprnso
476 2299 503 2321 et
524 2295 605 2321 domo
627 2295 696 2328 ejus.
723 2295 779 2331 Ego
793 2301 858 2330 puto
880 2296 1017 2332 leprosum
1041 2298 1132 2324 mundi
1151 2285 1172 2312 D
1187 2292 1244 2319 5013
1269 2295 1457 2327 οοηεΡειθΓῖιν
1484 2295 1602 2329 άὶοίιίιιιθ
1625 2295 1706 2330 (Vers-
1729 2297 1756 2331 ‘i
1781 2305 1787 2323 ³
1816 2297 1973 2326 humu"

356 2341 433 2368 istius
451 2348 511 2367 esse
531 2340 690 2374 principem,
712 2346 739 2369 et
752 2342 824 2369 hunc
845 2342 980 2375 leprosum
995 2342 1132 2370 Simonem

356 2386 516 2420 nuncupari,
530 2386 608 2420 cujus
624 2386 719 2414 domus
733 2386 766 2413 ad
782 2386 925 2414 adventum
941 2387 1042 2414 Christi
1056 2388 1132 2414 suavi

355 2430 438 2457 odore
454 2431 585 2465 completa
600 2431 636 2458 sit
650 2437 745 2466 agente
763 2432 949 2466 paenitentiam
971 2433 1132 2467 pcccatrice,

355 2481 382 2502 et
406 2480 498 2502 sancta
522 2479 603 2510 caput
620 2474 685 2503 Iesu
710 2476 841 2511 unguenti
866 2476 996 2504 odoribus
1021 2476 1133 2511 pertun-

356 2521 444 2548 dente.
462 2520 626 2555 Unguentum
639 2521 750 2555 effusum
765 2530 856 2549 nomen
879 2527 963 2549 tuum.
992 2523 1135 2555 Quomodo

357 2570 524 2599 unguentum
539 2566 610 2600 quod
628 2565 760 2593 eﬂusione
780 2573 829 2592 sua
846 2567 955 2593 odorem
972 2567 1051 2601 longe
1067 2567 1133 2594 late-

357 2618 409 2645 que
423 2611 562 2645 dispergit,
584 2611 623 2637 sic
640 2611 739 2638 Christi
762 2618 860 2638 nomen
885 2612 999 2639 eﬂ‘usum
1027 2617 1078 2639 cst.
1105 2612 1134 2639 In

358 2659 483 2686 universa
501 2663 569 2685 terra
583 2657 708 2685 Christus
723 2657 888 2690 nominatur,
902 2657 928 2683 in
940 2658 1012 2684 omni
1030 2659 1133 2684 mundo

395 2728 417 2763 ξι
432 2728 465 2755 Ill
482 2729 545 2763 Reg.
564 2731 603 2755 x.‘

359 2762 383 2779 ⁸⁷
401 2762 409 2784 1
427 2763 488 2790 Cor.
507 2762 542 2795 Ix,
559 2764 602 2790 24.

627 2729 648 2743 ⁸¹
663 2729 726 2754 Luc.
743 2736 788 2756 vn.
805 2728 846 2756 57,
863 2728 905 2754 58.

641 2763 662 2778 ⁸⁸
677 2763 753 2789 Ιοδη.
770 2770 808 2793 III,
821 2762 865 2788 29.

398 2829 453 2860 (10)
472 2828 561 2856 Codex
578 2829 739 2857 Beccensis:
757 2829 786 2857 Si
807 2830 937 2865 peccatrix
957 2839 1033 2865 super
1046 2831 1132 2865 pedes.

361 2869 387 2890 et
399 2873 428 2890 ea
439 2872 495 2898 qua:
506 2864 603 2900 dicitur
610 2865 690 2898 fuisse
699 2867 840 2898 peccatrix,
854 2874 903 2892 non
913 2864 1050 2900 peccatrix
1060 2873 1136 2899 super

363 2904 439 2925 caput
455 2900 510 2932 ejus
526 2899 625 2932 fudisse
640 2900 777 2926 invenitur.

399 2934 453 2966 (il)
480 2934 566 2960 Culex
587 2933 751 2961 Turonensis
778 2944 783 2961 :
810 2943 885 2968 quam
909 2934 1011 2969 pulchri
1036 2942 1136 2968 sponsa:

945 2728 966 2742 “
982 2727 1072 2753 Matth.
1091 2735 1162 2757 xxvt,
1179 2728 1203 2754 7.

1187 2345 1227 2364 me
1241 2346 1287 2365 rea:
1299 2339 1326 2365 in
1339 2339 1488 2365 cubiculum
1508 2348 1594 2367 suum.
1612 2339 1669 2367 Non
1687 2342 1734 2373 ait,
1757 2343 1910 2371 introduxit
1924 2353 1974 2372 nos

1187 2383 1279 2417 plures
1297 2383 1323 2410 in
1339 2385 1493 2411 cubiculum
1510 2392 1589 2412 suum
1605 2395 1612 2412 :
1627 2386 1718 2421 plures
1731 2386 1799 2415 foris
1819 2396 1971 2420 remanent,

1187 2429 1214 2455 in
1236 2429 1390 2456 cubiculum
1414 2431 1471 2456 sola
1497 2431 1646 2465 ingreditur
1677 2439 1795 2466 sponsa,
1828 2439 1858 2461 ut
1884 2436 1973 2462 rideat

1188 2475 1332 2502 thesauros
1353 2475 1525 2503 absconditos
1540 2481 1567 2503 et
1584 2477 1756 2509 tenebrosus,
1779 2481 1973 2515 renuntietque

1185 2520 1339 2554 juvenculis
1355 2529 1362 2546 :
1378 2519 1531 2547 Introduxit
1547 2529 1585 2548 me
1605 2529 1650 2548 rea;
1668 2522 1695 2548 in
1710 2523 1862 2550 cubiculum
1882 2534 1969 2553 suum.

1189 2564 1294 2591 Rursus
1315 2565 1530 2603 adolescentulaa,
1548 2565 1573 2592 id
1586 2571 1627 2592 est
1646 2573 1808 2600 sponsarum
1836 2569 1970 2604 incipien-

1188 2611 1255 2637 tium
1278 2610 1355 2637 turba
1382 2610 1598 2644 quamplurima.
1622 2612 1742 2645 ingressa
1766 2620 1867 2646 sponsa
1895 2615 1973 2641 cubi-

1188 2656 1279 2683 culum
1294 2656 1397 2686 sponsi.
1411 2661 1437 2683 et
1450 2655 1557 2683 vidente
1567 2656 1674 2684 divitias
1687 2657 1737 2684 viri
1749 2658 1804 2689 sui.
1819 2659 1885 2686 dum
1900 2661 1972 2688 illius

1243 2728 1265 2743 ’λ
1280 2728 1358 2756 Rom.
1375 2739 1399 2762 v,
1419 2731 1443 2757 5.
1484 2731 1505 2746 ⁵⁵
1517 2731 1593 2758 Cant.
1613 2739 1647 2762 \‘I,
1668 2732 1692 2757 7.
1729 2731 1751 2745 ³’
1768 2730 1787 2757 ll
1804 2732 1875 2758 Tun.
1895 2742 1930 2761 ιγ,
1945 2734 1970 2759 7.

1187 2833 1262 2870 pedes
1273 2841 1332 2868 qum
1356 2834 1469 2861 nondum
1495 2834 1620 2870 fiduciam
1636 2836 1742 2870 habens,
1760 2842 1812 2865 etc.
1837 2839 1888 2867 Alii
1908 2848 1971 2868 mss.

1189 2872 1219 2894 ut.
1246 2868 1277 2908 in_
1296 2874 1388 2896 nostro
1409 2874 1491 2897 textu.
1509 2869 1585 2898 Libb.
1604 2871 1666 2898 edit.
1682 2868 1741 2900 loco
1757 2875 1970 2905 sponsehahcnt

1189 2910 1287 2936 sponsx.

1516 3137 2059 3480 ,ε
