4210 6350
185 387 307 448 1181

1039 386 1513 445 l‘llAXSLATlO
1572 384 1833 445 llOMIL.
1877 382 2189 444 ORIGEN.
2239 380 2313 438 IN
2357 378 2646 441 CANTIC.

3296 378 3432 440 1182

191 503 593 569 jir'estolantur
626 507 938 572 adventum,
973 507 1106 560 latae
1138 506 1430 561 concinunt
1457 525 1469 559 :
1504 502 1760 558 Exsulta—
1788 503 1834 558 A
1861 501 2001 557 hanc
2021 509 2260 555 nostram
2292 496 2683 567 Ethiopissam
2713 498 3139 569 transmigravit.
3170 496 3418 556 Murmu-

194 595 362 650 bimus
408 607 461 651 et
504 598 809 653 latabimur
855 599 909 651 in
937 607 1003 652 te.
1058 598 1163 652 Pro
1193 613 1405 666 sponsa:
1436 596 1758 666 perfectione

194 685 469 741 laetantur.
500 686 621 741 Non
646 697 729 742 est
756 689 1025 742 aemulatio
1052 689 1104 742 in
1133 689 1438 743 virtutibus.
1465 688 1632 742 Amor
1659 688 1760 742 iste

197 777 460 841 mundus,
502 791 659 831 amor
702 778 801 833 iste
832 778 948 831 sine
973 780 1105 830 vitio
1136 787 1237 831 est.
1277 777 1674 832 Exsultabimus
1707 789 1754 832 et

196 866 499 921 lwtabimur
545 869 600 921 in
649 878 716 923 te.
780 868 1068 936 Diligentus
1121 868 1277 920 ubera
1327 880 1438 922 tua.
1494 869 1585 922 illa
1637 884 1759 938 qua:

195 956 369 1023 major
405 966 512 1021 est,
557 957 670 1025 jam
723 966 936 1010 tuorum
989 958 1212 1011 uberum
1260 957 1395 1012 lacte
1438 956 1755 1026 perfruitur,

192 1056 246 1101 et
277 1047 523 1115 loquitur
550 1048 826 1102 exsultans
850 1063 863 1098 :
892 1046 1040 1099 Bona
1065 1046 1221 1099 ubera
1254 1056 1344 1099 tua
1373 1064 1525 1115 super
1556 1048 1753 1102 vinum.

192 1138 312 1193 ista:
343 1154 471 1192 vero
503 1154 625 1208 qua:
662 1138 1075 1193 exsultationem
1112 1147 1165 1192 et
1205 1140 1441 1193 laetitiam
1484 1138 1753 1206 deferunt,

190 1233 614 1287 adolescentulis
661 1232 861 1303 quippe
907 1239 1067 1293 sunt,
1133 1231 1382 1285 deferunt
1412 1231 1752 1295 eharitatem,

186 1336 240 1379 et
278 1325 469 1379 dicunt
502 1344 515 1378 :
550 1326 947 1379 Exsultabimus
980 1333 1030 1379 et
1064 1325 1363 1379 la'labimur
1406 1325 1461 1377 in
1508 1336 1574 1379 te.
1616 1325 1754 1378 Dilio

185 1433 368 1484 gemas
402 1417 560 1470 ubera
593 1427 683 1468 tua
707 1432 861 1483 super
885 1417 1080 1468 vinum.
1134 1415 1450 1485 Diligemus,
1482 1415 1752 1483 inquiunt,

187 1521 299 1557 non
358 1504 659 1576 diligimus.
722 1505 925 1561 Deinde
977 1507 1274 1575 loquuntur
1337 1507 1401 1559 ad
1457 1522 1751 1575 sponsam:

184 1596 443 1665 .fquitas
491 1598 679 1649 dilexit
724 1607 789 1650 te.
842 1596 1089 1652 Laudant
1121 1613 1397 1665 sponsam,
1433 1615 1627 1651 nomen
1679 1597 1753 1650 illi

182 1689 463 1755 aequitatis
495 1703 525 1740 a
553 1689 782 1757 propriis
808 1689 1095 1744 virtutibus
1123 1690 1477 1758 imponentes.
1502 1687 1752 1758 .Equitas

183 1776 377 1828 dilexit
412 1785 478 1827 te.

1864 600 1945 644 ret
1990 591 2171 644 Aaron
2225 587 2584 643 sacerdotium
2630 585 2969 654 Iuda-orum,
3018 602 3317 644 murmuret
3368 600 3420 643 et

1865 676 2030 730 Maria
2078 693 2347 747 synagoga
2394 691 2613 741 eorum;
2658 674 2869 746 Moyses
2898 678 2962 730 de
2992 681 3421 734 murmuratione

1865 783 1972 821 non
2005 777 2178 831 curat,
2211 778 2354 821 amat
2374 765 2766 835 .Ethiopissam
2795 783 2974 835 suam,
2998 768 3063 821 de
3085 785 3190 837 qua
3214 780 3267 824 et
3290 770 3415 824 alibi

1863 858 2062 913 dicitur
2092 872 2183 926 per
2210 858 2525 925 prophetam
2560 873 2572 908 :
2606 855 2683 906 Ab
2716 857 2959 910 extremis
2987 856 3262 925 ﬂuminum
3290 860 3419 926 a/fe-

1864 954 1975 998 rent
2008 945 2208 997 hostias
2230 944 2295 995 “.
2326 943 2389 997 Et
2418 960 2630 998 rursum
2661 943 2976 1013 :A'Jtltiopia
3008 948 3280 1015 prwveniet
3306 965 3422 1001 ma—

1861 1052 1958 1088 nus
1988 1036 2099 1103 ejus
2132 1035 2233 1087 Deo
2259 1035 2325 1086 “.
2354 1033 2581 1087 Pulchre
2612 1035 2936 1105 praeveniet;
2966 1038 3236 1104 quomodo
3274 1040 3417 1092 enim

1861 1127 1915 1181 in
1958 1128 2247 1196 Evangelio
2279 1126 2475 1179 mulier
2506 1126 2591 1179 illa
2625 1143 2744 1195 qua:
2779 1127 3042 1197 sanguine
3080 1127 3293 1192 ﬂuebat,
3328 1146 3421 1182 ar-

1864 1219 2211 1290 chisynagogi
2243 1220 2406 1272 ﬁliam
2432 1218 2711 1271 curatione
2739 1220 2999 1286 praevenit
3022 1220 3087 1286 “,
3114 1221 3193 1272 sic
3214 1219 3423 1274 Ethio-

1860 1309 1947 1378 pia
1978 1309 2143 1361 lsrael
2168 1316 2461 1376 aegrotante
2496 1315 2687 1361 sanata
2720 1317 2821 1359 est.
2857 1305 3081 1359 ιιιοιυηι
3114 1307 3304 1361 delicto
3333 1325 3422 1361 8t:-

1858 1399 1941 1452 lus
1983 1400 2219 1468 gentibus
2272 1398 2413 1466 facta
2450 1409 2524 1451 est
2562 1399 2630 1450 ad
2665 1396 3019 1451 cumulandum
3047 1415 3131 1452 eos
3155 1399 3220 1452 “.
3248 1397 3421 1466 Nigra

1859 1507 1975 1542 sum
2004 1502 2050 1542 et
2076 1491 2327 1557 speciosa,
2357 1488 2482 1556 [ilitc
2511 1489 2864 1543 Hierusalem.
2893 1487 2956 1542 Et
2979 1499 3057 1551 tu,
3087 1492 3415 1545 ecclesiasti-

1860 1597 1919 1634 ca
1950 1582 2149 1641 anima,
2186 1583 2249 1633 ad
2284 1581 2421 1634 tilias
2451 1580 2785 1635 Hierusalem
2810 1591 3067 1635 converte
3089 1598 3417 1647 sermonem,

1857 1682 1911 1726 ct
1941 1674 2026 1727 die
2054 1692 2066 1726 :
2099 1672 2180 1725 Me
2229 1673 2349 1741 plus
2400 1682 2542 1725 amat
2593 1690 2847 1741 sponsus,
2899 1689 2984 1727 me
3030 1674 3203 1743 magis
3248 1674 3422 1742 diligit

1857 1782 2020 1833 quam
2067 1780 2180 1826 vos,
2228 1780 2349 1832 quae
2397 1764 2576 1817 multa:
2608 1766 2727 1817 lilia:
2757 1764 3114 1817 Hierusalem.
3148 1764 3255 1819 Vos
3286 1763 3421 1819 loris

260 1859 424 1929 510
445 1857 500 1911 6.
522 1855 763 1908 Rursum
783 1854 847 1907 ad
866 1853 1301 1909 adolescentulas
1325 1869 1526 1924 sponsa
1552 1850 1825 1923 respon-B
1856 1855 2034 1917 statis,
2061 1865 2111 1907 et
2136 1870 2386 1922 sponsam
2418 1856 2726 1908 cubiculum
2761 1856 2950 1907 videtis
2988 1856 3297 1908 intrantem.
3325 1854 3420 1909 Ne-

182 1953 282 2004 dct
310 1952 477 2015 (xers.
504 1948 559 2011 5,
594 1947 649 2011 6)
680 1962 693 1999 ε
724 1944 889 2015 Nigra
907 1963 1041 2007 sum,
1061 1956 1109 1998 et
1140 1948 1396 2012 speciosa.
1424 1945 1549 2013 filice
1578 1944 1774 1999 Hieru-

182 2043 381 2099 salem.
416 2050 471 2091 ut
510 2039 851 2092 tabernacula
904 2036 1096 2095 Cedar.
1140 2048 1195 2088 ut
1230 2037 1389 2101 pelles
1446 2036 1770 2091 Salomonis.

186 2134 275 2188 Ne
293 2137 609 2189 intueamini
636 2153 733 2199 me,
772 2139 895 2206 quia
927 2153 1017 2206 ego
1045 2154 1159 2191 sum
1181 2139 1476 2208 denigrala,
1504 2141 1751 2208 quoniam

181 2227 421 2295 despexit
451 2244 531 2280 me
570 2227 669 2282 sol.
703 2226 957 2297 Speciosa
982 2230 1196 2297 quidem
1228 2239 1330 2295 est,
1375 2240 1427 2283 et
1460 2246 1749 2299 possumus

182 2315 432 2369 invenire
479 2317 753 2385 quomodo
800 2319 1046 2386 speciosa
1080 2320 1151 2373 sit
1186 2335 1425 2388 sponsa;
1458 2322 1751 2389 quaerimus

182 2421 367 2461 autem
404 2409 680 2477 quomodo
712 2411 865 2479 nigra
895 2421 947 2464 et
984 2411 1102 2465 sine
1132 2413 1365 2465 candore
1399 2414 1469 2466 sit
1504 2413 1746 2482 pulchra.

183 2499 573 2555 Penitentiam
612 2503 721 2571 egit
744 2518 773 2555 a
801 2506 1034 2571 peccatis
1054 2546 1067 2570 ,
1100 2507 1329 2573 speciem
1361 2506 1407 2559 ei
1440 2507 1627 2574 largita
1669 2514 1752 2559 est

181 2593 492 2653 conversio,
517 2602 569 2645 et
594 2593 713 2646 ideo
735 2595 977 2661 speciosa
1012 2604 1281 2649 cantatur.
1308 2595 1445 2661 Quia
1471 2612 1595 2649 vero
1627 2611 1751 2649 nec-

180 2684 315 2735 dum
366 2685 609 2736 omnium
660 2695 1002 2753 peccatorum
1048 2689 1205 2740 sorde
1244 2696 1487 2756 purgata,
1520 2688 1748 2740 necdum

181 2774 295 2826 lota
327 2783 410 2827 est
442 2774 495 2827 in
525 2776 717 2839 salute,
764 2776 916 2844 nigra
958 2777 1172 2838 dicitur,
1207 2779 1298 2831 sed
1339 2780 1390 2830 in
1425 2787 1543 2830 atro
1569 2779 1751 2831 colore

181 2880 293 2917 non
333 2876 633 2934 permanet.
676 2864 863 2933 Itaque
904 2868 1132 2921 candida
1178 2868 1397 2937 quando
1439 2869 1503 2921 ad
1542 2868 1747 2936 majora

180 2955 485 3023 consurgit,
523 2965 575 3007 et
602 2971 722 3007 cum
763 2957 831 3009 ab
861 2958 1157 3011 humilibus
1180 2958 1367 3026 incipit
1394 2959 1458 3011 ad
1488 2958 1593 3010 alta
1624 2974 1750 3011 con-

180 3046 466 3107 scendere,
491 3045 795 3115 dieiturque
818 3046 885 3100 de
910 3062 969 3100 ea
996 3065 1011 3101 :
1047 3049 1176 3111 Quo:
1205 3059 1279 3102 est
1313 3051 1416 3101 ista
1440 3068 1556 3118 quae
1577 3068 1752 3103 ascen-

179 3138 259 3188 dit
298 3135 550 3188 dealbata
574 3137 638 3189 ”.
682 3136 746 3189 Et
789 3152 897 3205 quo
939 3138 1278 3191 manifestius
1309 3140 1409 3192 hoc
1432 3141 1747 3209 mysterium
1778 3169 1818 3225 ο

178 3226 543 3288 describatur,
574 3241 681 3279 non
707 3228 802 3291 ait,
838 3236 893 3280 ut
920 3227 972 3280 in
1005 3228 1275 3297 plerisque
1304 3232 1599 3295 codicibus,
1628 3234 1752 3301 legi-

180 3327 270 3368 tur
290 3333 305 3369 :
326 3314 522 3369 lnnixa
554 3332 707 3383 super
736 3318 1037 3384 fratruelem
1066 3337 1239 3383 suum,
1272 3322 1321 3372 id
1346 3332 1446 3386 est,
1470 3324 1751 3393 ἐπιστηρι-

178 3406 383 3475 ζομὲνη
412 3407 504 3458 ἐπὶ
526 3407 616 3458 τὸν
645 3406 950 3474 ἀδελφιδοῦν
968 3410 1152 3478 αὐτῆς,
1187 3411 1277 3464 sed
1298 3413 1748 3485 ὲπιστηριζομὲνη

178 3498 272 3549 ἐπὶ
302 3515 363 3549 το
390 3497 584 3567 στῆθος
612 3498 796 3561 αὑτοῦ,
830 3500 879 3551 id
908 3512 1008 3562 est,
1041 3517 1193 3567 super
1214 3512 1388 3567 pectus
1420 3503 1531 3568 ejus
1559 3519 1752 3554 recuru-

180 3590 327 3647 bens,
360 3587 833 3655 signiﬁcanterque
865 3589 930 3641 de
963 3590 1141 3642 anima
1174 3606 1384 3658 sponsa:
1412 3602 1465 3643 et
1498 3606 1751 3645 sermone

178 3678 399 3737 dicitur,
437 3692 599 3743 super
638 3688 825 3745 pectus
853 3678 996 3731 illius
1027 3682 1366 3741 recumbens,
1399 3682 1526 3750 quia
1551 3682 1751 3750 princi-

179 3768 299 3835 pale
331 3767 404 3818 ibi
436 3768 617 3820 cordis
648 3779 729 3820 est
756 3770 949 3822 nostri.
979 3768 1130 3824 Unde
1169 3787 1199 3824 a
1244 3773 1554 3827 carnalibus
1596 3789 1746 3826 rece-

176 3860 368 3910 dentes
393 3858 657 3925 spiritalia
686 3859 884 3911 sentire
912 3861 1191 3925 debemus,
1214 3871 1266 3915 et
1296 3863 1589 3930 intelligere
1615 3864 1748 3916 mul-

179 3958 234 4000 to
269 3948 467 4000 melius
496 3963 616 4000 esse
650 3949 727 4000 sic
758 3964 962 4011 amare,
1016 3966 1178 4018 quam
1229 3967 1413 4006 amare
1458 3954 1743 4008 desistere.

175 4036 440 4090 Ascendit
491 4037 653 4103 igitur
703 4040 1024 4091 recumbens
1060 4054 1221 4106 super
1253 4049 1438 4106 pectus
1473 4040 1747 4095 fratruelis

175 4124 260 4175 sui
289 4142 303 4177 :
342 4135 396 4178 et
425 4138 547 4192 qua:
579 4140 719 4177 nunc
748 4125 800 4176 in
825 4128 1047 4179 exordio
1077 4129 1272 4180 cantici
1306 4130 1454 4197 nigra
1502 4132 1742 4197 ponitur,

175 4217 227 4269 in
254 4214 595 4285 epithalamii
625 4214 725 4266 line
749 4214 814 4266 de
841 4226 903 4268 ea
936 4226 1182 4269 cantatur
1206 4235 1217 4272 :
1248 4218 1479 4280 Quw‘est
1504 4220 1607 4271 ista
1627 4236 1744 4287 qua

173 4309 412 4361 ascendit
450 4307 694 4358 dealbata
719 4307 794 4359 '°?
818 4307 1181 4362 Intelleximus
1210 4312 1482 4378 quomodo
1516 4320 1568 4363 et
1592 4314 1744 4380 nigra

173 4413 223 4454 et
260 4400 507 4453 formosa
549 4399 617 4451 sit
662 4414 880 4467 sponsa.
932 4399 987 4452 Si
1016 4410 1194 4453 autem
1240 4410 1293 4453 ct
1329 4410 1383 4453 tu
1426 4417 1530 4455 non
1569 4404 1743 4471 egeris

1854 1961 1944 1999 mo
1971 1946 2176 1999 dubitet
2200 1944 2404 2013 nigram
2430 1956 2675 1999 vocatam
2700 1961 2819 1998 esse
2847 1946 3164 1999 formosam.
3193 1944 3295 2011 Qui
3320 1960 3419 1999 nos

1854 2051 2064 2096 sumus,
2099 2044 2157 2087 ut
2187 2050 2577 2103 cognoscamus
2608 2035 2799 2093 Deum.
2854 2047 2910 2089 ut
2952 2037 3176 2090 Cantica
3222 2035 3421 2091 cantici

1852 2129 2226 2195 prazdicvmus,
2258 2136 2316 2179 ut
2342 2129 2409 2180 ab
2430 2127 2721 2195 Aithiopia:
2749 2128 2968 2191 liuibus,
2996 2138 3051 2179 ut
3080 2129 3146 2180 ab
3170 2136 3417 2181 extremo

1853 2226 2010 2271 terra:
2040 2218 2342 2271 venerimus
2365 2218 2683 2285 sapientiam
2717 2218 2825 2270 veri
2861 2219 3047 2271 audire
3078 2218 3421 2272 Salomonis?

1852 2307 1917 2362 Et
1959 2310 2177 2377 quando
2221 2309 2516 2363 Salvatoris
2563 2325 2660 2361 vox
2709 2310 3007 2363 iutonantis
3037 2312 3255 2363 auditur
3282 2327 3294 2362 :
3320 2310 3420 2363 Re-

1851 2402 1973 2470 gina
2015 2400 2196 2452 Austri
2235 2402 2397 2452 veniet
2440 2400 2493 2452 in
2528 2401 2818 2466 judicium,
2847 2410 2895 2452 et
2934 2401 3297 2455 condemnabit
3326 2402 3420 2455 Ito-

1850 2489 2015 2540 mines
2047 2488 2397 2555 generationis
2426 2488 2603 2555 liujus,
2652 2490 2775 2556 quia
2812 2490 2946 2542 venit
2979 2506 3011 2541 α
3037 2488 3230 2558 ﬁnibus
3266 2500 3418 2544 terra

1852 2580 2036 2630 audire
2072 2578 2383 2635 sapientiam
2412 2576 2733 2643 Salomonis,
2765 2590 2812 2631 et
2843 2596 2955 2632 ecce
2991 2578 3108 2647 plus
3140 2596 3298 2649 quant
3322 2581 3418 2635 Sa-

1851 2668 2027 2721 lomon
2064 2668 2217 2721 Inc“
2249 2686 2263 2722 :
2300 2670 2424 2721 audi
2471 2670 2699 2738 mystica
2747 2686 2868 2737 qua:
2911 2670 3183 2724 dicantur.
3213 2669 3417 2740 Regina

1850 2758 2035 2814 Austri
2070 2759 2214 2812 venit
2245 2775 2276 2811 a
2307 2760 2505 2812 tinihus
2536 2768 2693 2812 terrae
2716 2759 2976 2825 Ecclesia,
3006 2770 3059 2814 et
3092 2761 3418 2815 condemnat

1852 2855 2102 2907 homines
2135 2851 2503 2921 generationis
2530 2852 2715 2918 hujus.
2749 2852 2799 2903 id
2834 2860 2916 2905 est
2940 2849 3157 2905 Judaeos
3186 2851 3336 2905 carni
3364 2861 3417 2906 et

1851 2943 2102 3012 sanguini
2149 2943 2380 2996 deditos.
2423 2939 2582 2994 Venit
2613 2956 2644 2995 a
2677 2941 2876 2995 finibus
2916 2949 3073 2995 terrae
3110 2941 3298 2997 audire
3329 2957 3418 2997 sa—

1851 3035 2109 3103 pientiam
2148 3033 2477 3095 Salomonis,
2532 3048 2641 3086 non
2675 3033 2822 3086 illius
2856 3032 2948 3101 qui
2981 3033 3033 3085 in
3070 3032 3417 3087 Testamento

1853 3123 2033 3178 Veteri
2056 3125 2398 3193 prazdicatur.
2430 3126 2521 3177 sed
2551 3123 2713 3192 hujus
2736 3124 2828 3193 qui
2858 3125 2913 3176 in
2944 3122 3233 3194 Evangelio
3262 3123 3417 3178 Salo-

1854 3233 2013 3270 mone
2044 3218 2219 3285 major
2245 3228 2345 3270 est.
2388 3216 2559 3286 Nigra
2582 3234 2697 3270 sum
2721 3227 2770 3270 et
2793 3218 3046 3285 speciosa,
3072 3218 3201 3283 ﬁlia:
3229 3216 3418 3269 Hieru-

1851 3310 2036 3371 salem,
2082 3310 2233 3376 nigra
2276 3308 2410 3359 velut
2460 3308 2800 3361 tabernacula
2854 3307 3045 3371 Cedar,
3087 3310 3317 3375 speciosa
3359 3317 3417 3361 ut

1851 3398 2007 3465 pelles
2037 3398 2354 3452 Salomonis.
2396 3398 2511 3467 Ipsa
2548 3413 2767 3466 quoque
2798 3400 3015 3451 nomina
3050 3413 3174 3451 cum
3203 3411 3417 3465 sponse

1852 3492 2045 3544 decore
2073 3490 2420 3543 conveniunt.
2451 3490 2619 3541 Aiunt
2641 3488 2847 3542 Hebraei
2875 3486 3045 3542 Cedar
3072 3489 3413 3556 interpretari

1851 3582 2121 3636 tenebras.
2152 3580 2309 3649 Nigra
2353 3596 2473 3633 sum
2506 3595 2634 3649 ergo
2663 3589 2719 3633 ut
2758 3579 3103 3633 tabernacula
3136 3580 3327 3647 Cedar,
3356 3590 3416 3634 ut

1852 3672 2167 3739 Aithiopes;
2219 3672 2460 3739 Speciosa
2516 3679 2574 3722 ut
2623 3671 2786 3739 pelles
2830 3669 3137 3725 Salomonis
3179 3686 3314 3739 quas
3351 3687 3415 3724 eo

1849 3775 2089 3831 tempore
2112 3764 2163 3815 in
2190 3762 2519 3815 tabernaculi
2545 3772 2869 3813 ornamento
2890 3762 3213 3829 composuit,
3241 3776 3417 3828 quan-

1848 3855 1918 3907 do
1953 3836 2207 3921 templum
2241 3868 2456 3905 sununo
2481 3852 2662 3904 studio
2691 3862 2744 3903 et
2776 3851 2958 3905 labore
2992 3850 3287 3905 fabricatus
3309 3862 3408 3904 est.

1850 3943 2010 3998 Dives
2053 3947 2247 4011 quippe
2295 3942 2571 4005 Salomon,
2609 3952 2660 3995 et
2698 3943 2749 3994 in
2784 3942 2931 3994 omni
2970 3944 3231 4010 sapientia
3267 3943 3412 3995 illius

1851 4050 2008 4088 nemo
2048 4034 2319 4101 praecessit
2357 4033 2525 4085 illum.
2565 4031 2735 4100 Nigra
2766 4048 2881 4084 sum
2920 4041 2967 4085 et
3005 4034 3262 4099 speciosa,
3284 4033 3412 4100 ﬁlia

1849 4125 2205 4185 Hierusalem,
2240 4136 2293 4176 ut
2325 4123 2661 4175 tabernacula
2694 4122 2885 4182 Cedar.
2909 4133 2962 4174 ut
2985 4122 3142 4189 pelles
3169 4122 3415 4177 Salomo-

1847 4219 1951 4270 nis.
1992 4215 2073 4268 Νι
2104 4215 2418 4268 intueamini
2450 4230 2548 4277 me,
2577 4215 2699 4281 quia
2722 4229 2811 4281 ego
2839 4230 2954 4265 sum
2981 4212 3274 4280 denigrata.
3312 4212 3381 4269 Sa
3400 4242 3415 4253 -

1846 4306 2047 4360 tisfecit
2080 4304 2145 4357 de
2179 4305 2393 4370 nigrore
2425 4318 2545 4364 suo,
2573 4310 2625 4354 et
2654 4316 2747 4369 per
2789 4300 3157 4369 ptenitentiam
3187 4305 3255 4353 ad
3294 4318 3410 4355 me—

1848 4395 1985 4448 liora
2020 4407 2282 4445 conversa
2314 4392 2601 4443 annuntiat
2632 4406 2689 4444 se
2737 4388 2947 4442 ﬁliabus
2989 4388 3155 4443 Israel
3199 4390 3406 4459 nigram

173 4494 577 4561 panitentiam,
623 4507 753 4543 cave
796 4506 860 4543 ne
898 4493 1077 4545 anima
1126 4502 1215 4545 tua
1257 4494 1406 4561 nigra
1449 4494 1659 4547 dicatur
1689 4502 1742 4546 et
1776 4488 1818 4541 Ι)

1776 4488 1818 4541 Ι)
1848 4486 2061 4554 quidem
2098 4498 2239 4545 esse,
2284 4479 2377 4534 sed
2415 4481 2717 4550 pulchram,
2747 4479 3045 4534 secundum
3075 4480 3219 4548 quod
3248 4496 3412 4549 supe-

174 4585 370 4651 turpis,
410 4592 465 4634 et
501 4582 700 4648 duplici
731 4582 969 4635 lteditate
1015 4582 1248 4650 turpet-is
1286 4600 1297 4634 :
1328 4584 1476 4648 nigra
1527 4592 1742 4649 propter

173 4684 394 4741 peccata
428 4673 717 4741 praeterita,
770 4672 941 4739 turpis
985 4682 1201 4739 propter
1236 4672 1337 4722 hoe
1372 4675 1497 4738 quia
1540 4673 1591 4723 in
1634 4672 1715 4724 eis

173 4768 293 4817 dem
332 4764 480 4816 vitiis
519 4778 850 4829 perseveras.
890 4760 945 4814 Si
992 4778 1115 4813 vero
1144 4762 1512 4829 paenitentiam
1543 4750 1749 4830 egeris,

173 4859 325 4925 nigra
362 4857 467 4907 erit
509 4854 689 4906 anima
732 4864 821 4906 tua
864 4865 1079 4921 propter
1109 4854 1330 4921 antiqua
1366 4854 1580 4916 delicta,
1612 4870 1738 4921 pro-

174 4958 293 5014 pler
320 4944 693 5014 pceuitentiam
726 4960 850 4998 vero
882 4944 1096 4997 habebit
1118 4944 1341 5012 aliquid,
1366 4956 1420 4997 ut
1445 4946 1516 4997 ita
1541 4946 1738 5008 dicam,

176 5038 473 5106 Ethiopici
503 5037 730 5090 decoris.
767 5036 832 5090 Et
867 5038 991 5105 quia
1029 5038 1193 5090 semel
1234 5036 1534 5104 Ethiopem
1565 5037 1741 5088 nznni-

169 5130 320 5189 navi,
350 5130 475 5180 Volo
515 5136 703 5181 testem
742 5128 1075 5194 Scripturam
1105 5142 1268 5195 super
1304 5128 1446 5179 hunc
1477 5127 1742 5180 advocare

174 5233 506 5273 sermonem.
532 5215 707 5269 Aaron
732 5226 783 5269 et
817 5218 979 5270 Maria
1014 5224 1350 5267 murmurant
1382 5216 1507 5284 quia
1531 5214 1740 5279 Moyses

174 5309 572 5378 Aithiopissam
632 5307 793 5360 habet
853 5323 1074 5360 uxorem
1112 5308 1174 5358 ⁶¹.
1238 5306 1301 5359 Et
1327 5323 1468 5361 nunc
1526 5308 1736 5378 Moyses

178 5400 567 5467 [Ethioliissam
610 5398 758 5450 ducit
801 5413 1021 5451 uxorem
1054 5415 1067 5451 :
1110 5397 1374 5466 siquidem
1408 5399 1489 5451 lex
1522 5400 1639 5467 ejus
1670 5402 1734 5455 ad

1292 5550 1333 5581 ⁸⁸
1366 5548 1524 5601 Num.
1558 5566 1653 5609 xu,
1686 5552 1732 5601 l.

247 5556 288 5587 ⁵³
313 5558 476 5607 (lant.
513 5569 631 5619 vm,
671 5556 720 5605 ii.
775 5554 818 5583 ‘°
852 5553 1002 5604 Cant
1040 5566 1158 5607 vui.
1197 5553 1250 5605 ὅ.
1292 5553 1333 5581 ⁸⁸
1367 5553 1524 5601 Num.
1558 5566 1653 5609 xu,
1686 5553 1703 5601 l

247 5623 399 5673 Rom.
434 5640 505 5673 It.
544 5625 623 5673 ιι.
704 5625 746 5654 ⁸⁸
781 5624 963 5673 Matth.
993 5636 1086 5673 xu.
1118 5619 1205 5672 41.
1286 5621 1325 5650 ⁶⁷
1362 5620 1515 5673 Boni.
1547 5637 1619 5673 xi.
1656 5622 1711 5673 ll

1409 5637 1515 5673 υηι.
1547 5637 1619 5682 xi,

174 5610 217 5639 ⁸³
244 5623 399 5677 Rom.
434 5640 505 5685 Il,
544 5610 630 5675 ιι.’
704 5625 746 5654 ⁸⁸
781 5624 963 5674 Matth.
993 5636 1086 5681 XII,
1118 5619 1205 5672 “-

245 5766 355 5833 (1:2)
398 5762 553 5825 Mss"
589 5761 782 5826 excepi.
810 5758 960 5815 Libb.
991 5757 1144 5817 edit”
1177 5758 1369 5821 accepi.

1846 4578 1960 4629 rius
1984 4573 2358 4642 exposuimus,
2392 4580 2443 4624 et
2468 4571 2637 4624 dicit:
2669 4568 2748 4622 Ne
2788 4571 3098 4623 intueamini
3143 4588 3243 4633 me,
3283 4573 3407 4640 quia

1842 4681 1931 4733 ego
1964 4679 2079 4715 sum
2111 4662 2409 4726 denigrata.
2458 4657 2553 4721 Ne,
2599 4659 2792 4726 inquit,
2829 4656 3171 4710 admiremini
3207 4657 3407 4711 coloris

1843 4773 1963 4811 esse
2002 4770 2085 4808 me
2114 4755 2255 4815 tetri,
2292 4752 2370 4804 sol
2405 4750 2647 4817 despexit
2681 4764 2785 4802 me.
2822 4746 2988 4801 Pleno
3021 4748 3221 4816 quippe
3257 4749 3408 4801 radio

1845 4847 1896 4899 in
1933 4862 2017 4899 me
2049 4844 2271 4896 luminis
2303 4843 2385 4895 sui
2416 4840 2592 4909 fulgor
2630 4839 2826 4900 illuxit,
2869 4846 2926 4891 ut
2952 4837 3069 4906 ejus
3096 4838 3197 4889 sim
3225 4838 3405 4891 calore

1844 4935 2073 4989 fuscata.
2112 4932 2296 4999 Neque
2333 4931 2475 4985 enim
2511 4939 2568 4983 ut
2611 4928 2889 4993 decuerat,
2928 4936 2985 4981 ut
3014 4928 3143 4982 solis
3172 4927 3406 4995 dignitas

1843 5026 2144 5095 expetebat,
2188 5024 2330 5075 illius
2372 5022 2423 5073 iu
2454 5036 2538 5074 me
2580 5020 2761 5073 lumen
2807 5018 2990 5086 excepi
3018 5016 3127 5086 (12)
3157 5034 3169 5069 :
3198 5016 3404 5071 Delicta

1841 5133 2018 5170 eorum
2050 5116 2192 5166 salus
2225 5114 2459 5182 gentibus
2492 5112 2631 5177 facta
2666 5120 2741 5163 est
2766 5110 2845 5173 '7;
2881 5119 2932 5162 et
2960 5122 3148 5162 rursus
3184 5125 3197 5161 :
3227 5106 3405 5161 lucre-

1842 5208 2062 5261 dulitate
2106 5208 2331 5273 gentium
2386 5203 2603 5253 scicntia
2654 5200 2839 5253 Israel.
2897 5199 3070 5254 llabes
3115 5210 3404 5267 utrumque

1846 5301 1981 5369 apud
2013 5299 2347 5365 Apostolum.

1916 5393 1965 5447 7.
2010 5389 2163 5443 Vers.
2198 5389 2249 5439 6.
2289 5386 2418 5437 Filii
2454 5385 2639 5437 matris
2679 5398 2801 5436 mea:
2828 5389 3184 5450 pugnaverunt
3215 5380 3401 5433 adver-

1811 5548 2013 5602 "Psal.
2051 5561 2221 5608 sxw,
2261 5544 2341 5596 10.
2396 5541 2440 5572 ⁵³
2470 5539 2609 5595 Psal.
2636 5552 2823 5599 vaut,
2850 5536 2940 5590 51.
2994 5535 3037 5567 ⁸⁸
3067 5531 3255 5587 Matth.
3284 5544 3369 5588 ιχ.
