2073 3753
380 201 450 233 1183

975 198 1005 228 3.
1019 198 1170 228 EUSEBII
1194 198 1337 228 lllEiiOlV
1346 198 1411 228 mu

1937 200 2003 231 1184

394 267 454 286 sum
478 265 526 284 me.
548 253 778 283 Considerandum
799 253 936 288 quomodo
957 260 1053 286 sponsa
1079 251 1167 277 dicat:
1184 251 1207 277 A
1221 248 1328 284 Elquia
1343 252 1456 278 aliorum
1483 251 1613 280 erubesco
1640 259 1774 287 aspectus.
1794 254 1889 280 Iaciem
1905 262 1990 280 meam

403 304 464 330 lilii
490 302 581 329 nmtris
607 309 669 328 metu
698 303 874 334 pugnaverunt
899 298 1032 324 adversum
1061 305 1116 328 me;
1143 302 1170 324 et

399 353 504 381 quando
516 348 646 374 adversus
661 354 720 373 eam
735 345 846 372 l'ratrum
861 352 947 378 pugna
960 344 1087 370 surrexit.
1103 343 1170 370 Vide

396 395 509 422 Paulum
530 392 659 419 Ecclesia:
678 395 886 425 persecutorem,
907 393 933 415 et
953 388 1083 423 intelliges
1100 396 1168 422 quo-

398 439 477 465 modo
490 439 561 465 tilius
577 437 669 464 matris
689 437 748 470 ejus
765 434 924 469 pugnaverit
943 434 1084 460 adversum
1097 442 1166 460 eam.

395 484 586 512 i'crsccutores
601 481 725 507 Ecclesiae
741 484 852 514 egerunt
869 479 1066 513 paenitentiam.
1080 483 1106 505 et
1122 479 1170 505 ad-

396 529 510 555 versarii
523 528 581 562 ejus
593 534 700 554 rnrsutn
715 525 746 552 ad
762 525 865 552 sororis
877 525 951 559 signa
966 524 1086 551 conversi
1102 532 1169 559 prat-

397 573 552 600 ;licaverunt
569 572 646 599 fidem
662 579 742 606 quam
757 576 820 598 ante
836 571 1019 598 destruebant.
1037 570 1092 597 llnc
1108 579 1169 605 pro-

398 619 504 652 phetico
521 619 615 653 spiritu
631 625 730 652 sponsa
752 625 822 645 nunc
840 620 961 647 cantans.
979 617 1034 643 ait:
1052 616 1169 643 Dimica-

393 670 485 691 verunt
509 666 535 690 in
561 672 609 694 me.
634 668 773 698 posuerunt
801 671 839 688 me
865 662 997 689 custodem
1024 664 1050 688 in
1077 664 1167 690 vineis.

402 709 507 735 Vincunt
533 717 616 735 meam
644 717 693 735 non
719 708 855 734 custodiri.
883 707 938 742 Ego
965 707 1094 742 Ecclesia,
1120 716 1169 742 ego

397 761 503 788 sponsa.
520 762 569 788 ego
594 754 652 780 sine
673 754 787 783 macula.
809 753 985 787 plurimarum
1001 759 1093 781 cuslos
1108 762 1168 781 sutn

396 799 481 832 posita
498 799 636 825 vinearum
651 806 666 824 a
682 798 743 824 filiis
758 798 852 825 matris
867 806 942 829 meai.
962 799 1008 832 qui
1020 802 1113 825 contra
1126 806 1169 825 me

396 844 541 877 aliquando
561 848 754 877 pugnaverant.
778 843 836 875 Qua
853 844 1035 870 sollicitudine
1050 851 1169 878 curaque

396 888 526 919 districta,
537 889 598 914 dum
614 889 703 922 plures
717 889 839 914 custodio
850 889 951 920 vineas.
965 888 1067 915 vineam
1080 897 1167 915 meam
1185 909 1205 935 Β

395 941 449 960 non
465 934 580 960 servari.
599 934 717 966 lntellige
734 934 784 960 hoc
801 934 832 960 de
848 933 940 964 Paulo.
952 939 976 960 et
989 934 1040 960 alio
1051 943 1170 969 quocun-

395 985 448 1011 que
460 983 624 1009 sanctorum.
637 979 681 1012 qui
694 986 741 1012 pro
752 979 871 1005 omnium
883 979 917 1005 sit
927 979 1013 1005 salute
1021 979 1167 1012 sollicitus;

395 1027 421 1047 et
438 1022 540 1048 videbis
560 1022 695 1056 quomodo
716 1022 821 1048 vineam
838 1029 914 1048 suam
932 1029 984 1048 non
1003 1023 1167 1053 custodiens.

394 1067 508 1093 aliorum
529 1067 617 1093 vincta
638 1067 788 1098 custodiat;
811 1067 946 1100 quomodo
962 1067 1041 1092 etiam
1059 1071 1087 1093 ut
1100 1066 1168 1093 alios

395 1112 555 1144 lucrifaciat.
629 1112 722 1146 ipsein
735 1112 895 1145 quibusdatn
910 1111 1006 1137 damna
1017 1112 1166 1138 sustineat:

395 1159 493 1186 ctenim
511 1167 571 1186 cum
592 1158 671 1185 fuerit
685 1158 752 1184 liber
769 1166 801 1185 ex
825 1158 960 1187 omnibus.
978 1158 1095 1192 seipsum
1112 1166 1169 1185 ser-

394 1211 456 1229 vum
473 1203 544 1235 fecit.
563 1208 593 1230 ut
609 1211 701 1229 omnes
719 1202 885 1230 lucrifaceret
900 1213 905 1229 :
926 1203 1022 1229 Factus
1041 1211 1109 1234 sum,
1128 1205 1168 1229 in-

393 1249 462 1282 quit.
478 1248 598 1281 inﬁrmus
618 1249 740 1282 infirmis.
753 1247 854 1275 Iudaeis
870 1248 989 1279 Judwus.
1010 1249 1049 1274 liis
1064 1249 1107 1282 qui
1120 1248 1166 1275 sub

392 1293 448 1327 lege
467 1298 552 1324 erant.
573 1294 648 1327 quasi
669 1294 715 1320 sub
732 1294 785 1328 lege
795 1294 828 1325 ⁸⁸,
850 1300 876 1321 et
891 1299 1001 1326 cetera;
1019 1294 1144 1329 dicatque
1160 1304 1166 1322 :

399 1337 506 1366 Vineam
519 1347 602 1365 meum
616 1347 666 1365 non
679 1340 814 1366 custodiri.
829 1339 928 1365 Deinde
944 1340 1076 1374 conspicit
1090 1348 1169 1375 spon-

394 1392 466 1417 sum,
483 1385 528 1419 qui
548 1389 705 1418 conspectus
719 1385 848 1411 abscedit.
863 1384 893 1411 Et
910 1384 1063 1419 frequenter
1077 1386 1127 1412 hoc
1141 1386 1167 1412 in

396 1434 451 1455 loto
466 1429 585 1455 carmine
601 1428 675 1460 facit,
709 1429 779 1462 quod
798 1429 848 1454 nisi
873 1430 933 1462 quis
959 1430 1014 1463 ipse
1040 1431 1166 1462 patiatur.

395 1481 447 1499 nou
460 1477 548 1507 potest
567 1472 723 1506 intelligere.
738 1472 821 1506 Smpe,
841 1472 911 1499 Deus
926 1473 999 1499 testis
1017 1478 1066 1504 est,
1083 1481 1166 1507 sport-

396 1525 455 1544 sutn
469 1518 533 1543 mihi
547 1517 690 1543 adventare
701 1517 838 1551 conspexi,
851 1521 877 1543 et
887 1524 991 1543 mecum
1003 1525 1062 1545 esse
1072 1526 1168 1552 quam-

395 1562 557 1596 plurimum;
574 1568 628 1596 quo
644 1562 733 1588 subito
750 1562 897 1594 recedente,
916 1563 1034 1589 invenire
1054 1571 1106 1590 non
1119 1572 1166 1597 po-
1181 1566 1201 1594 C

397 1606 436 1634 tui
456 1607 527 1640 quod
550 1607 712 1640 quaerebam.
738 1606 842 1633 Rursus
866 1607 946 1640 igitur
969 1607 1092 1635 desidero
1108 1610 1166 1643 ejus

396 1653 550 1682 adventum,
567 1657 593 1677 et
608 1659 800 1685 nonnunquam
822 1652 919 1678 iterum
940 1653 1026 1684 venit;
1054 1658 1081 1680 et
1106 1662 1166 1681 cum

396 1697 560 1731 apparuerit.
580 1698 700 1730 meisque
715 1697 839 1723 manibus
852 1696 932 1723 fuerit
944 1699 1166 1732 comprehensus.

396 1750 503 1768 rursum
524 1742 649 1772 elabitur.
667 1747 694 1768 et
712 1750 772 1768 cum
794 1742 873 1769 fuerit
887 1745 1004 1776 elapsus.
1027 1752 1133 1771 rursum
1152 1754 1166 1772 a

396 1795 439 1814 me
453 1788 606 1822 inquiritur,
621 1793 647 1813 et
661 1787 711 1814 hoc
722 1788 816 1814 crebro
829 1788 901 1819 lat-it,
916 1788 1001 1815 donec
1017 1789 1090 1815 illum
1106 1797 1167 1816 vere

395 1837 514 1865 teneam,
539 1837 565 1858 et
582 1832 723 1859 ascendam
739 1833 830 1858 innixa
843 1833 897 1867 (15)
919 1841 1000 1867 super
1015 1833 1167 1861 I'ratruelem

395 1884 495 1904 meum.

427 1921 577 1955 511—13
588 1920 614 1947 8.
632 1920 710 1947 Vers.
726 1921 752 1947 'l.
769 1920 902 1946 Annuntia
917 1921 980 1947 milii
996 1928 1070 1955 quem
1087 1920 1179 1947 dilexit

391 1967 482 1992 anima
501 1974 570 1995 mea.
589 1965 633 1992 ubi
657 1967 755 2000 pascis.
772 1965 817 1992 ubi
831 1966 911 1991 cubas
930 1966 957 1991 in
980 1966 1098 1992 meridie.
1119 1965 1178 1991 Non

391 2019 483 2044 quaero
490 2011 540 2037 alia
550 2010 795 2045 tempora.quando
803 2011 1039 2043 vesperemuamlo
1047 2010 1178 2043 diluculo,

395 2051 504 2085 quando
521 2052 547 2078 in
569 2052 633 2078 solis
655 2053 743 2085 pascis
765 2053 906 2084 occubitu;
922 2054 986 2079 illud
1004 2059 1108 2089 tempus
1124 2058 1166 2082 in-

395 2097 483 2130 quiro.
505 2097 613 2131 quando
635 2097 744 2123 ﬂorente
768 2097 820 2127 die.
843 2099 951 2131 quando
973 2099 1050 2132 plena
1065 2100 1123 2127 luce
1140 2102 1165 2127 in

397 2141 544 2174 majestatis
569 2146 619 2167 tute
642 2141 784 2174 splendore
808 2143 933 2168 versaris.
958 2143 1090 2170 Annuntia
1104 2146 1167 2171 mihi

395 2194 469 2220 quem
486 2187 574 2212 dilexit
601 2187 688 2211 anima
714 2194 779 2217 mea,
797 2187 840 2212 ubi
865 2188 960 2220 pascis,
983 2188 1026 2214 ubi
1047 2190 1125 2216 cubas
1140 2191 1165 2216 in

1220 298 1299 328 atque
1325 303 1370 321 ora
1401 303 1462 323 mox
1492 301 1633 332 contegere
1660 299 1767 332 incipio.
1802 298 1866 325 Sum
1896 299 1993 333 quippe

1219 347 1317 374 sponsa
1345 340 1481 372 formosa.
1508 346 1534 369 et
1562 344 1621 370 aliis
1650 344 1747 371 nudam
1780 344 1874 372 facient
1907 351 1993 372 meam

1219 392 1272 410 non
1288 386 1409 418 ostendo,
1424 387 1475 413 nisi
1491 388 1536 414 tibi
1553 388 1602 415 soli
1614 397 1693 423 quem
1702 389 1863 424 jampridem
1880 390 1994 417 deoscu-

1219 428 1271 456 lata
1288 438 1358 456 sum.
1382 431 1514 458 Annuntia
1529 433 1591 459 milii
1608 442 1683 468 quem
1697 435 1789 461 dilexit
1811 437 1903 462 animo
1928 445 1994 464 meo.

1219 475 1262 501 ubi
1278 477 1373 508 pascis,
1387 477 1430 503 ubi
1443 478 1520 505 cubas
1535 479 1563 504 in
1574 479 1689 509 meridie.
1706 481 1840 514 nequando
1853 482 1917 515 ﬁam
1930 483 1997 509 sitth

1218 526 1338 554 (eriperm
1354 530 1430 556 super
1446 531 1532 558 greges
1549 525 1677 551 sodalium
1692 530 1805 552 tuorum.
1822 526 1856 554 Ut
1873 528 1927 554 ista
1943 536 1997 555 non

1218 565 1315 599 patiar,
1334 571 1426 594 utnon
1445 571 1505 595 liam
1518 574 1653 603 cooperta.
1671 575 1699 597 ut
1712 578 1758 597 ara
1774 579 1827 597 non
1842 577 1998 608 conbgam.

1218 616 1244 637 et
1267 612 1299 637 ad
1322 612 1389 639 alios
1410 620 1495 648 usque
1514 615 1681 648 perveniens.
1698 616 1824 651 incipiam
1840 617 1956 644 forsitan
1973 625 1998 645 ιιι

1218 663 1265 683 eos
1286 664 1377 684 amare
1391 665 1459 692 quos
1474 660 1582 691 nescio;
1604 660 1704 687 idcirco
1721 663 1850 689 annuutia
1869 665 1938 690 mihi
1953 666 1998 690 ulti

1220 706 1245 729 te
1260 710 1377 736 quieram
1399 709 1425 730 et
1452 705 1584 732 inveniam
1601 706 1627 732 in
1645 707 1764 739 meridie,
1789 716 1821 735 ne
1847 709 1918 737 forte
1936 710 1997 738 ﬁam

1219 747 1295 781 quasi
1311 752 1435 782 cooperta
1449 756 1530 783 super
1542 758 1635 785 greges
1648 752 1779 778 sodalium
1796 758 1920 781 tuorum.

1254 792 1280 818 9.
1298 792 1419 820 Posthac
1438 794 1518 821 verba
1544 802 1660 829 sponsus
1683 797 1707 823 ei
1731 801 1953 827 communicatur
1974 806 2000 828 et

1219 835 1303 863 dicit:
1320 837 1372 864 Aut
1390 846 1523 873 cognosce
1544 841 1712 875 temetipsum
1733 844 1862 876 quoniam
1884 847 1959 880 regis
1971 855 1999 873 es

1220 888 1329 915 sponsa.
1345 886 1371 909 et
1388 882 1515 914 formosa.
1535 890 1560 911 et
1576 893 1590 911 ιι
1609 893 1652 912 me
1672 886 1738 913 facta
1755 888 1893 922 formosa;
1911 892 1998 925 siqni-

1219 927 1279 953 dem
1301 934 1351 962 ego
1375 928 1438 956 mihi
1463 930 1572 958 exhibui
1593 930 1738 965 gloriosam
1760 932 1923 967 Ecclesiam.
1947 945 1998 966 ιιοιι

1221 972 1361 1000 habentem
1374 975 1516 1008 maculam,
1528 984 1613 1010 neque
1626 985 1718 1012 rugam
1732 980 1762 1005 ".
1775 981 1827 1007 Aut
1839 982 1923 1014 scito,
1938 984 1999 1017 quia

1219 1017 1241 1042 si
1257 1022 1281 1043 te
1293 1025 1345 1044 non
1359 1021 1526 1053 cognoveris.
1539 1026 1565 1048 ct
1578 1027 1649 1049 tuam
1663 1024 1755 1051 scieris
1766 1025 1942 1059 dignitatem.
1955 1035 1999 1061 pa-

1219 1060 1293 1087 tieris
1323 1061 1378 1089 huic
1404 1071 1464 1097 qua:
1490 1072 1649 1099 sequuntur.
1675 1068 1802 1099 Quaenam
1831 1071 1884 1098 ista
1917 1060 2001 1100 sunt?

1219 1103 1306 1137 (νει-ε.
1318 1104 1357 1138 8.)
1370 1105 1399 1133 Si
1412 1115 1462 1133 non
1477 1110 1621 1142 cognoveris
1631 1112 1800 1145 temetipsum.
1816 1122 1831 1139 0
1847 1114 1963 1148 pulchra
1974 1116 1999 1142 in

1219 1151 1381 1183 mulieribus.
1398 1153 1516 1187 egredere
1533 1159 1559 1180 tu
1573 1155 1600 1181 in
1616 1157 1730 1189 vestigiis
1745 1166 1862 1192 gregum.
1882 1165 1908 1186 et
1923 1169 1998 1193 pasce

1219 1203 1271 1221 non
1286 1204 1378 1230 greges
1399 1198 1502 1230 ovium.
1522 1207 1574 1226 non
1598 1208 1739 1235 agnorum.
1756 1205 1801 1229 sed
1818 1204 1911 1238 lutilos
1930 1212 1996 1233 suos.

1219 1240 1324 1268 Statuct
1339 1243 1436 1277 quippe
1452 1251 1516 1271 Oves
1532 1253 1547 1271 a
1562 1245 1673 1277 dextris.
1688 1252 1713 1273 et
1727 1255 1742 1274 a
1755 1249 1875 1276 sinistris
1893 1251 1997 1279 haedos.

1218 1285 1249 1312 Si
1264 1295 1314 1312 non
1334 1291 1480 1322 cogitaveris
1497 1292 1665 1324 temetipsum.
1681 1301 1696 1319 o
1712 1294 1819 1326 pulchro
1836 1296 1865 1321 in
1880 1297 1997 1323 mulieri-

1218 1331 1300 1364 ribus,
1314 1335 1433 1367 egredere
1448 1340 1474 1361 tu
1489 1336 1516 1361 in
1529 1337 1641 1370 vestigiis
1654 1346 1769 1372 gregum,
1783 1344 1807 1365 et
1820 1348 1899 1372 pasce
1910 1342 1997 1369 Medos

1219 1381 1276 1403 tuos
1302 1381 1329 1404 tn
1352 1379 1525 1407 tabernaculis
1545 1386 1689 1415 pastorum.
1708 1382 1734 1409 In
1751 1385 1882 1418 vestigiis.
1899 1387 1996 1422 inquit.

1218 1426 1353 1455 pastorum
1373 1425 1518 1451 novissima
1539 1426 1595 1457 fies.
1619 1435 1670 1453 non
1687 1427 1755 1454 inter
1769 1436 1845 1460 oves.
1862 1432 1911 1456 sed
1929 1432 1998 1457 inter

1220 1467 1310 1494 hzcdos
1328 1472 1398 1501 tuos,
1421 1478 1482 1496 cum
1500 1471 1598 1504 quibus
1616 1472 1737 1499 habitans
1757 1481 1808 1500 non
1825 1477 1929 1509 poteris
1944 1486 1998 1504 me-

1219 1521 1292 1544 cum.
1309 1514 1333 1540 id
1349 1520 1388 1541 est
1405 1523 1464 1541 cum
1482 1516 1552 1542 bono
1570 1522 1678 1550 pastore
1692 1525 1761 1545 esse.

1254 1558 1296 1585 10.
1318 1558 1391 1586 Vcrs.
1409 1560 1434 1586 9.
1454 1560 1587 1594 Equitatui
1599 1570 1653 1588 meo
1666 1563 1692 1588 in
1707 1564 1826 1590 turribus
1844 1564 1995 1594 Pharaonis

1218 1604 1363 1630 assimilavi
1375 1609 1408 1636 te.
1419 1606 1502 1631 amica
1519 1614 1584 1632 mea.
1595 1605 1623 1633 Si
1635 1607 1675 1634 vis
1687 1608 1845 1643 intelligere.
1857 1618 1874 1636 0
1884 1618 1997 1645 sponsa.

1218 1650 1354 1681 quomodo
1375 1650 1443 1676 scire
1466 1655 1491 1676 te
1507 1651 1615 1680 debeas.
1638 1659 1768 1685 cognosce
1780 1654 1823 1680 cui
1841 1660 1869 1682 te
1886 1664 1997 1691 compa-

1219 1694 1344 1720 raverim.
1370 1699 1395 1720 et
1413 1700 1475 1722 lllllc
1494 1696 1593 1722 videbis
1608 1697 1686 1723 talem
1706 1702 1731 1724 te
1744 1705 1804 1725 esse
1817 1703 1994 1733 quaturbar

1218 1746 1271 1765 non
1291 1739 1398 1770 debeas.
1424 1748 1485 1766 cum
1506 1745 1578 1767 tuam
1602 1742 1717 1775 speciem
1737 1746 1908 1777 cognoveris.
1927 1746 1996 1780 Quid

1217 1787 1258 1810 est
1278 1783 1357 1817 igitur
1373 1793 1379 1809 :
1398 1783 1532 1817 Equitatui
1546 1793 1600 1811 meo
1615 1787 1642 1811 in
1657 1787 1775 1814 turribus
1791 1788 1944 1817 Pharaonis
1954 1801 1997 1818 as-

1218 1828 1330 1855 similavi
1357 1829 1401 1855 te?
1424 1829 1486 1855 Scio
1509 1831 1626 1863 equitem
1653 1839 1781 1864 spousum
1801 1835 1933 1867 propheta
1954 1838 1995 1863 di-

1215 1876 1293 1900 cente
1309 1882 1316 1898 :
1333 1872 1366 1899 Et
1382 1874 1507 1908 equitatio
1519 1875 1575 1907 ejus
1591 1876 1662 1902 salus
1674 1877 1706 1903 ".
1724 1878 1878 1906 Assitnilata
1891 1889 1922 1907 es
1933 1889 1997 1917 ergo

1218 1918 1348 1949 equuatui
1364 1926 1423 1944 meo
1436 1918 1461 1944 in
1475 1919 1598 1946 curribus
1613 1919 1772 1949 Pharaonis.
1789 1923 1928 1955 Quantum
1946 1927 1998 1953 dif-

1218 1964 1269 1988 t'ert
1286 1963 1422 1996 equitatus
1441 1972 1516 1991 meus
1532 1965 1576 1997 qui
1599 1973 1658 1991 sum
1675 1966 1814 1998 Dominus.
1827 1975 1853 1995 rt
1867 1971 1997 2006 demergu-

1219 2005 1245 2032 in
1261 2006 1384 2033 fluetibus
1396 2006 1572 2039 Pharaonem.
1586 2015 1612 2036 et
1623 2011 1746 2037 cristatos
1761 2014 1800 2038 vel
1815 2016 1927 2049 aurigas
1941 2005 1996 2048 illa,

1218 2058 1276 2084 ejus
1294 2057 1320 2078 et
1343 2059 1500 2079 ascensores
1517 2054 1576 2087 ejus
1599 2059 1624 2081 et
1644 2063 1727 2089 equos
1750 2063 1775 2083 rt
1788 2066 1887 2086 currus
1905 2062 1968 2093 ejus
1989 2072 1995 2089 :

1218 2102 1360 2127 quantum.
1383 2096 1503 2130 inquam.
1529 2098 1615 2125 differt
1629 2100 1764 2133 equitatus
1778 2110 1855 2128 mens
1869 2106 1904 2130 ab
1915 2108 1995 2140 equis

1219 2138 1375 2170 Pharaonis,
1402 2145 1475 2166 lauto
1498 2141 1591 2167 mclior
1612 2150 1641 2168 es
1663 2144 1788 2171 omuilms
1812 2147 1921 2175 lilialms
1942 2138 1991 2177 itu.

1219 2191 1331 2216 sponsa.
1348 2188 1375 2210 tu
1392 2185 1571 2212 ecclesiastica
1590 2187 1689 2216 anima.
1707 2189 1834 2216 onmihns
1849 2194 1997 2221 auio-anu.

396 2231 511 2257 meridie.
536 2231 679 2265 Diligenter
702 2232 815 2258 observa
839 2232 883 2258 ubi
904 2234 1041 2260 meridiem
1058 2235 1163 2267 legeris.
1183 2227 1190 2254 1

1218 2235 1278 2262 qua
1301 2236 1354 2255 non
1379 2233 1442 2256 sunt
1461 2230 1657 2257 ecclesiasticae.
1674 2231 1756 2266 igitur
1770 2233 1791 2259 si
1808 2236 1995 2265 ('Ct‘it'siglslifu

395 2277 471 2312 Apud
495 2276 592 2310 Joseph
618 2276 728 2302 meridie
750 2275 846 2302 fratres
865 2277 1006 2310 prandium
1020 2279 1165 2307 celebrant.

395 2322 488 2356 Angeli
509 2322 619 2347 meridie
645 2321 757 2347 Abrahae
783 2321 969 2355 suscipiuntur
993 2323 1118 2357 hospitio,
1140 2330 1166 2351 et

396 2372 490 2394 caetera
513 2366 674 2392 istiusmodi.
696 2365 797 2399 Quaere,
809 2370 835 2392 et
856 2367 976 2394 invenies
998 2368 1163 2402 Scripturam

396 2412 513 2438 divinam
537 2419 590 2438 non
616 2411 714 2438 frustra
739 2419 785 2438 seu
812 2411 922 2438 fortuitu
947 2420 1165 2448 unumquemque

396 2463 527 2490 usurpare
543 2463 704 2482 sermonem.
719 2455 784 2487 Quis
800 2460 876 2489 putas
893 2460 934 2483 est
948 2456 1043 2490 dignus
1057 2466 1071 2484 e
1087 2459 1165 2485 nobis

396 2505 424 2527 ut
441 2501 472 2527 ad
490 2501 626 2526 meridiem
649 2508 733 2534 lisque
755 2501 901 2534 perveniat.
919 2506 945 2528 et
959 2502 1044 2528 videat
1058 2503 1101 2530 ubi
1118 2511 1165 2537 pa-

397 2550 464 2578 scat,
481 2546 537 2572 nbit
550 2545 630 2572 cubet
642 2545 771 2578 sp0nsus?
785 2546 915 2571 Animalia
933 2547 995 2572 milii
1010 2555 1084 2581 quem
1099 2549 1165 2575 dile-

395 2592 435 2616 xit
451 2591 539 2616 anima
556 2599 622 2621 mea,
646 2590 689 2615 ubi
715 2591 810 2623 pascis.
835 2590 878 2616 ubi
896 2592 975 2617 cubas
999 2600 1025 2617 tn
1047 2593 1164 2621 meridie.

396 2635 453 2662 Nisi
467 2635 537 2662 enim
556 2640 583 2660 tu
602 2634 666 2660 mihi
684 2635 892 2665 aununtiavcris.
906 2635 1004 2669 incipio
1014 2637 1164 2664 errabunda

394 2679 500 2714 jactari,
515 2684 539 2704 et
551 2679 612 2704 dum
626 2682 651 2703 te
663 2685 764 2711 qmcro,
778 2678 803 2703 in
815 2678 926 2705 aliorum
939 2687 1032 2714 greges
1044 2681 1164 2710 incurro.

433 2739 454 2754 ⁸⁸
465 2737 472 2762 l
484 2737 546 2763 Cor.
561 2743 597 2768 ts,
609 2735 653 2766 20,
667 2735 711 2768 Ἡ,
723 2735 766 2761 22.
788 2736 809 2751 θ’
821 2735 886 2769 Eph.
899 2736 976 2768 v,27.
998 2737 1020 2753 το
1032 2738 1112 2765 Abac.
1124 2748 1162 2771 lit,
1176 2743 1201 2769 8.

434 2795 488 2825 (13)
509 2794 582 2823 “$5.,
597 2793 696 2820 innixa.
713 2792 788 2818 lnhh.
801 2793 877 2824 edit..
894 2794 1008 2819 innixus.

436 2830 489 2854 ti-ii
517 2828 682 2863 i'e-‘um'iqus.
698 2828 835 2854 Omittilur
850 2829 876 2854 in
895 2828 957 2854 libi).
980 2828 1068 2858 editis,
1087 2829 1164 2854 rusti-

400 2870 482 2890 ιιιιιιη·
496 2874 508 2883 ι’
525 2871 578 2888 mss

1210 2272 1297 2299 anima
1317 2281 1356 2305 es.
1376 2275 1500 2302 omnibus
1516 2277 1657 2302 auiumbus
1676 2287 1705 2303 es
1723 2278 1816 2304 melior
1832 2287 1838 2304 :
1856 2280 1879 2305 si
1898 2288 1954 2307 non
1968 2288 1999 2308 es

1210 2317 1312 2348 melior,
1329 2326 1383 2345 non
1404 2328 1434 2346 es
1451 2321 1640 2348 ecclesiastica.
1658 2322 1794 2356 Equitatui
1811 2332 1869 2350 meo
1885 2326 1912 2351 in
1934 2334 1996 2352 car-

1209 2362 1279 2389 ribus
1296 2363 1442 2391 Pharaonis
1454 2366 1599 2392 ossimilari
1614 2371 1650 2397 te.
1666 2368 1784 2400 proxima
1804 2377 1874 2395 mea.
1893 2371 1997 2398 Deinde

1209 2408 1433 2442 pulchritudinem
1465 2418 1568 2444 sponse
1594 2412 1705 2446 spiritali
1730 2421 1823 2440 amore
1855 2415 1996 2442 describit.

1210 2453 1299 2486 (\‘ers.
1322 2455 1382 2488 10.)
1408 2455 1484 2481 Geme
1511 2461 1562 2482 tim:
1586 2462 1614 2482 ur
1637 2458 1755 2484 rnrtun‘s.
1786 2459 1896 2486 Faciem
1924 2461 1997 2487 illius

1217 2497 1317 2529 laudat,
1327 2502 1352 2523 et
1360 2505 1486 2532 genarum
1497 2497 1594 2524 rubore
1603 2500 1774 2525 succenditur
1785 2501 1852 2534 (l5).
1866 2501 1994 2531 Pulcltﬁ-

1218 2543 1281 2569 tudo
1298 2544 1395 2577 quippe
1413 2543 1554 2569 mulierum
1570 2544 1596 2570 in
1611 2544 1685 2577 genis
1701 2544 1800 2571 dicitur
1816 2554 1878 2573 esse
1896 2556 1994 2582 quam-

1217 2589 1342 2622 plurima.
1358 2588 1396 2614 lta
1411 2592 1436 2614 ct
1449 2596 1497 2614 nos
1510 2588 1733 2622 pulchritudinem
1750 2590 1849 2617 animo:
1864 2591 1995 2624 intelliga-

1218 2641 1278 2660 mus
1297 2634 1322 2660 in
1338 2634 1420 2668 genis.
1443 2633 1523 2660 Labia
1540 2640 1602 2659 vero
1617 2633 1685 2666 ejus.
1700 2638 1726 2659 et
1749 2634 1868 2667 linguam
1894 2636 1994 2663 inte“:-

1219 2681 1333 2715 geutiam
1357 2679 1541 2713 przetlicemus.
1566 2677 1668 2704 Collum
1684 2682 1756 2704 tuum
1778 2686 1806 2704 ιιι
1830 2681 1939 2707 monile.
1963 2680 1995 2709 L':

1255 2793 1308 2823 (13)
1330 2791 1417 2818 Codex
1442 2789 1590 2821 Bccceusis.
1616 2789 1792 2816 succenditur.
1815 2789 1892 2817 Lilli.
1918 2789 1986 2816 c422.

1219 2828 1329 2861 profund
1334 2827 1394 2852 itur.

2072 401 2073 428 1

2072 498 2073 549 1

2072 589 2073 646 1

2072 685 2073 744 1

2072 776 2073 841 1

2072 873 2073 939 1

2072 964 2073 1035 1

2072 1715 2073 1777 1

2071 1806 2073 1850 1

2071 2085 2073 2110 1

2071 2182 2073 2204 1

2072 2274 2073 2298 1

2072 2462 2073 2488 1

2072 2560 2073 2585 1

2072 2652 2073 2684 1

2072 2750 2073 2786 1

2072 2842 2073 2904 1
