4210 6350
186 375 211 436 1
224 372 324 437 185

1020 368 1495 430 TltANSLATlO
1540 366 1803 427 IlOMIL.
1852 364 2163 425 ORIGEN.
2212 364 2289 424 IN
2324 364 2618 426 CANTIC.

3306 360 3442 427 1186

200 487 588 531 ornamentum
622 477 765 544 quod
797 472 930 530 solet
962 477 1227 545 virginum
1256 476 1395 531 collo
1426 490 1679 545 pendere.
1714 487 1767 531 et
1795 486 1835 537 Α
1870 477 2101 529 recubita
2131 494 2224 529 suo
2254 488 2367 540 est;
2399 478 2472 529 ait
2524 480 2685 537 (vers.
2727 481 2804 549 l2)
2837 501 2851 535 ;
2887 479 3100 534 Nardus
3129 498 3239 535 mea
3277 486 3420 539 deait

200 578 551 635 nuncupatur
578 565 858 637 ὁρμίσκος,
900 566 971 618 ita
1019 568 1134 619 sine
1174 567 1274 618 hoc
1305 566 1496 618 decore
1528 574 1581 618 et
1612 576 1763 619 tuum

199 659 375 726 ipsum
406 657 609 710 coitum
640 666 721 709 est
752 664 1147 708 ornamentum.
1181 653 1426 707 Posthaec
1450 656 1506 707 tit
1534 671 1763 723 sponsus

199 751 251 802 in
289 747 565 804 recubitu.
599 744 879 815 Requievit
917 756 975 799 ut
1000 746 1103 805 leo,
1135 754 1192 798 ut
1220 744 1432 798 catulus
1466 745 1639 799 leonis
1667 746 1762 799 ob-

197 840 477 901 dormivit,
511 848 569 891 ut
589 839 842 907 deinceps
864 840 1035 907 possit
1063 838 1249 891 audire
1279 855 1291 891 :
1326 835 1455 901 Quis
1486 838 1759 890 suscitabit

196 929 420 983 um"?
470 928 593 994 Quo
641 928 853 981 interim
907 928 1207 981 dormiente
1254 936 1511 995 apparent
1550 943 1759 994 sponsa:

197 1022 385 1089 sponsi
416 1021 633 1075 sodales
664 1020 860 1089 angeli,
902 1030 957 1073 et
994 1019 1079 1072 his
1104 1034 1221 1072 eam
1255 1018 1596 1072 sermonibus
1628 1034 1759 1073 con-

196 1114 463 1165 solantur.
497 1110 606 1163 Nos
643 1110 736 1163 tibi
770 1125 935 1163 aurea
957 1122 1272 1163 ornamenta
1299 1107 1475 1162 Facere
1497 1125 1601 1163 non
1632 1124 1757 1179 pos-

194 1220 386 1259 sumus
414 1222 426 1256 :
456 1220 564 1256 non
614 1202 759 1256 enim
808 1210 916 1255 tam
962 1201 1155 1255 divites
1194 1216 1383 1255 sumus
1427 1209 1484 1253 ut
1526 1216 1755 1270 sponsus

194 1304 344 1358 tuus,
376 1295 469 1361 qui
506 1308 729 1345 aureum
766 1293 858 1346 tibi
889 1293 1087 1346 monile
1120 1292 1397 1360 largiatur.
1429 1290 1536 1345 Nos
1564 1292 1755 1345 simili-

194 1388 437 1439 tudinem
468 1388 587 1439 auri
625 1386 903 1447 faciemus,
935 1400 1041 1438 uon
1077 1384 1333 1437 habemus
1361 1398 1575 1436 aurum.
1608 1382 1671 1435 Et
1700 1384 1752 1435 in

194 1479 298 1531 hoc
323 1494 543 1546 quoque
576 1477 863 1529 laetandum
898 1486 999 1539 est,
1040 1475 1085 1526 si
1128 1475 1509 1527 similitudines
1535 1479 1673 1537 auri,
1707 1474 1751 1527 si

190 1569 443 1637 stigmata
484 1568 749 1621 faciamus
785 1568 1010 1635 argenti.
1042 1565 1216 1631 (Vers.
1244 1564 1353 1633 il.)
1372 1565 1751 1619 Similitudines

190 1661 313 1710 auri
345 1660 600 1726 faciemus
633 1660 750 1719 tibi,
788 1674 907 1709 cum
946 1658 1276 1724 stigmatibus
1313 1658 1529 1725 argenti,
1565 1672 1749 1708 verum

189 1765 298 1802 non
332 1749 481 1803 omni
511 1758 771 1817 tempore,
808 1749 901 1802 sed
932 1751 1102 1801 donec
1142 1763 1373 1815 sponsus
1415 1758 1538 1801 tuus
1565 1757 1751 1815 surgat

1869 570 2078 621 adorent
2109 586 2282 623 suum.
2322 568 2631 621 Fasciculus
2664 581 2823 639 gutta:
2852 573 3125 639 fratruelis
3152 590 3293 626 meus
3320 591 3420 626 mt-

1868 660 1942 723 hi,
1982 662 2034 711 in
2064 662 2229 712 medio
2260 660 2473 712 uberum
2503 677 2732 711 ineorum
2765 661 3138 717 demorabitur.
3181 663 3420 729 Quomo-

1867 748 1936 800 do
1980 750 2137 817 igitur
2172 751 2475 817 aptabimus
2509 750 2556 803 ei
2605 750 2653 803 id
2698 755 2840 818 quod
2875 756 3146 819 prascessit
3196 773 3207 805 :
3248 754 3418 806 Donec

1868 853 1958 888 rex
1992 838 2045 887 in
2078 840 2310 889 recubitu
2355 856 2449 892 suo
2475 850 2571 900 est,
2616 839 2664 891 id
2705 841 2844 907 quod
2877 840 3120 907 sequitur
3149 858 3161 892 :
3201 840 3415 894 Nardus

1865 943 1976 978 mea
2006 927 2147 978 dedit
2192 929 2400 979 odorem
2432 945 2603 980 suum.
2669 928 2931 995 Loquitur
2975 927 3321 996 Evangelium
3348 932 3414 995 ⁷³,

1861 1018 1988 1085 quia
2016 1018 2157 1070 venit
2188 1020 2375 1071 mulier
2409 1019 2612 1073 habens
2641 1020 2970 1073 alabastrum
3005 1022 3261 1090 unguenti
3290 1038 3413 1074 nar~

1861 1109 1911 1160 di
1945 1110 2115 1176 pistici
2150 1109 2392 1178 pretiosi.
2427 1126 2530 1163 non
2556 1112 2641 1163 illa
2670 1112 2937 1179 peccatrix
2957 1152 2970 1173 ,
2995 1114 3082 1164 sed
3115 1125 3323 1173 sancta,
3347 1113 3413 1165 de

1860 1216 1963 1267 qua
2006 1216 2148 1253 nunc
2191 1200 2320 1252 mihi
2364 1216 2541 1253 sermo
2567 1211 2667 1256 est.
2731 1203 2855 1255 Scio
2891 1202 3085 1270 quippe
3117 1202 3311 1257 Lucam
3348 1206 3412 1257 de

1860 1292 2176 1357 peccatrice,
2205 1291 2513 1346 Matthaaum
2562 1308 2688 1345 vero
2717 1303 2768 1347 et
2802 1294 3061 1347 Joannem
3088 1303 3141 1347 et
3174 1295 3407 1349 Marcum

1859 1396 1965 1432 non
1998 1380 2062 1433 de
2090 1383 2383 1448 peccatrice
2415 1383 2505 1435 illa
2533 1382 2753 1435 dixisse.
2821 1382 2969 1435 Venit
2996 1398 3123 1435 ervo
3158 1400 3261 1435 non
3295 1400 3405 1451 pec-

1857 1474 2049 1537 catrix,
2078 1474 2169 1527 sed
2206 1483 2412 1534 sancta,
2439 1474 2593 1541 cujus
2624 1488 2815 1525 nomen
2844 1488 3055 1540 quoque
3074 1471 3309 1525 Joannes
3334 1475 3412 1524 in-

1856 1563 2041 1615 seruit.
2114 1562 2281 1616 Maria
2317 1564 2513 1632 quippe
2548 1571 2664 1615 erat
2700 1564 2906 1614 habens
2940 1563 3266 1615 alabastrum
3312 1579 3412 1617 uu-

1855 1656 2035 1721 guenti
2068 1655 2225 1707 nardi
2260 1655 2436 1721 pistici
2466 1654 2721 1722 pretiosi,
2761 1663 2814 1705 et
2840 1652 3028 1705 etindit
3058 1668 3219 1722 super
3248 1663 3413 1721 caput

1854 1742 2003 1796 Jtrsu.
2040 1742 2243 1796 Deinde
2272 1758 2433 1811 super
2462 1744 2563 1795 hoc
2586 1743 2990 1811 indignantibus
3024 1758 3127 1795 non
3156 1744 3409 1798 omnibus

187 1852 218 1889 a
252 1837 459 1889 cubitu.
494 1836 633 1890 Cum
656 1838 799 1891 enim
825 1836 913 1888 ilic
932 1837 1245 1901 surrexerit,
1279 1837 1388 1905 ipse
1417 1838 1511 1889 tibi
1536 1852 1747 1898 aurum,
1786 1823 1824 1878 Β
1856 1834 2155 1901 discipulis,
2193 1834 2282 1887 sed
2318 1832 2454 1886 Juda
2489 1833 2604 1886 solo
2626 1833 2835 1885 dicente
2868 1850 2881 1886 :
2914 1831 3090 1885 Potuit
3121 1834 3409 1888 venundari

188 1930 304 1997 ipse
338 1928 497 1983 faciet
519 1940 827 1999 argentum.
854 1930 967 1997 ipse
994 1940 1141 1982 tuam
1168 1939 1397 1981 mentem
1424 1944 1749 1996 sensumque

186 2025 485 2086 decorabit,
514 2034 568 2077 et
599 2026 709 2078 eris
744 2042 865 2077 vere
892 2027 1043 2077 dives
1071 2024 1123 2076 in
1151 2025 1333 2091 sponsi
1364 2024 1526 2076 domo
1552 2040 1745 2091 Sponsa

188 2114 425 2169 formosa
451 2115 587 2184 (16),
631 2116 714 2169 cui
752 2125 834 2168 est
871 2114 1039 2184 gloria
1078 2118 1130 2167 in
1168 2116 1360 2168 saecula
1404 2116 1743 2168 steculorum.

184 2206 382 2259 Amen.

603 2308 899 2380 514-15
942 2306 1222 2361 ιιυιιιιιλ
1266 2308 1325 2357 n.

184 2418 265 2471 Ab
304 2436 362 2473 eo
402 2419 515 2474 loco
560 2423 614 2474 in
647 2437 749 2490 quo
773 2421 1022 2487 scriptum
1057 2429 1131 2472 est
1158 2440 1181 2482 ,υ
1215 2417 1420 2472 Nardus
1449 2433 1564 2471 mea
1599 2418 1743 2471 dedit

256 2492 477 2542 odorem
526 2507 723 2554 suum;
760 2505 919 2559 usque
959 2490 1027 2541 ad
1052 2506 1167 2559 eum
1197 2490 1366 2541 locum
1407 2490 1457 2539 in
1493 2504 1593 2555 quo
1620 2490 1739 2539 ait:

256 2560 393 2623 Quia
432 2576 532 2613 vox
587 2568 676 2614 tua
718 2560 931 2622 suavis,
974 2568 1027 2612 et
1068 2558 1239 2611 fututa
1286 2568 1373 2611 tua
1420 2559 1646 2621 decma,
1692 2566 1741 2609 ct

256 2639 469 2682 uetera.

253 2741 455 2795 Omnes
505 2741 698 2795 anima:
746 2741 1008 2794 motiones
1064 2738 1437 2791 univcrsitatis
1491 2740 1740 2791 conditor

183 2831 328 2883 Deus
357 2832 560 2884 creavit
586 2831 652 2883 ad
677 2830 877 2883 bonum
906 2847 918 2881 :
952 2831 1040 2882 sed
1071 2843 1167 2895 pro
1200 2844 1297 2880 usu
1335 2838 1515 2879 nostro
1554 2828 1608 2879 ﬁt
1640 2843 1738 2879 ste-

182 2937 250 2986 pe
283 2933 341 2972 ut
376 2936 465 2973 res
490 2935 610 2987 quin
645 2920 799 2973 bona:
831 2928 957 2971 sunt
996 2933 1087 2985 per
1121 2929 1365 2969 inituram
1389 2956 1403 2976 ,
1439 2919 1566 2969 dum
1602 2918 1737 2969 male

185 3014 270 3064 his
303 3012 614 3073 abutimur,
651 3026 751 3063 nos
795 3012 861 3061 ad
912 3020 1122 3077 peccata
1149 3009 1433 3061 deducant.
1494 3006 1642 3060 Unus
1672 3010 1737 3061 de

178 3100 378 3153 anima:
422 3100 661 3152 motibus
711 3112 865 3150 amor
912 3112 1023 3160 est,
1078 3111 1185 3163 quo
1237 3098 1368 3149 bene
1419 3098 1619 3148 utimur
1671 3096 1734 3148 ad

1850 1926 1945 1975 hoc
1980 1926 2215 1976 trecentis
2243 1925 2473 1977 denariis
2500 1936 2545 1975 et
2572 1925 2690 1974 dari
2716 1924 3027 1990 pauperibus
3056 1925 3133 1990 7‘;
3181 1940 3403 1992 respou-

1850 2016 1930 2068 st
1960 2014 2208 2084 Magister
2230 2028 2392 2083 atque
2418 2016 2664 2068 Salvator
2696 2034 2708 2067 :
2748 2014 2961 2081 Semper
2986 2031 3231 2082 pauperes
3258 2018 3410 2069 habe-

1850 2104 1971 2157 bitis
2003 2106 2285 2171 vobiscum,
2315 2122 2391 2158 me
2422 2115 2595 2157 autem
2620 2123 2719 2157 non
2746 2124 2944 2175 semper
2970 2110 3034 2163 ⁷⁷.
3079 2108 3405 2164 Ρταξυειιίριιε

1847 2197 2031 2263 quippe
2074 2198 2181 2249 ha'c
2214 2198 2265 2247 in
2303 2198 2442 2248 diem
2473 2197 2754 2263 sepulturae
2783 2214 2909 2251 mete
2938 2199 3079 2267 fecit.
3126 2200 3250 2253 Ideo
3288 2203 3405 2256 ubi-

1846 2302 2042 2353 cunque
2070 2289 2408 2353 prtedicatum
2438 2287 2595 2354 fuerit
2634 2288 2971 2358 Erangelium
2999 2292 3162 2355 istud,
3192 2294 3398 2346 dicetur

1842 2386 1890 2427 et
1921 2378 2056 2443 quod
2084 2377 2202 2443 fecit
2224 2378 2331 2429 haec
2357 2378 2410 2429 in
2437 2382 2739 2431 memoriam
2763 2384 2873 2448 ejus
2902 2382 2965 2433 ⁷⁸.
3002 2380 3056 2433 lu
3083 2384 3248 2451 figura
3272 2398 3402 2452 ergo

1844 2464 2003 2516 istius
2053 2480 2173 2531 qua:
2209 2480 2351 2518 nuuc
2383 2466 2621 2533 loquitur
2654 2487 2666 2521 :
2705 2466 2921 2519 Nardus
2948 2476 3061 2522 mea
3101 2472 3241 2523 dedit
3272 2474 3402 2526 odo-

1844 2569 1949 2605 rem
1974 2570 2124 2605 suum
2149 2593 2162 2613 ,
2211 2556 2295 2608 illa
2333 2572 2493 2624 super
2521 2569 2679 2625 caput
2712 2557 2923 2612 Domini
2970 2560 3104 2613 fudit
3157 2577 3402 2631 unguen-

1846 2653 1955 2696 tutn
1990 2663 2002 2697 :
2039 2656 2088 2697 et
2117 2655 2168 2697 tu
2198 2663 2412 2714 quoque
2459 2664 2676 2701 assume
2714 2650 2964 2711 nardum,
3018 2664 3073 2703 ut
3114 2662 3396 2720 postquam

1843 2746 2003 2801 caput
2030 2734 2156 2788 Jesu
2192 2738 2341 2788 suavi
2372 2740 2537 2790 odore
2586 2737 2907 2806 perfuderis,
2941 2742 3118 2809 possis
3142 2742 3399 2796 audacter

1842 2826 1987 2876 t‘ll‘ari
2024 2843 2036 2877 :
2078 2824 2291 2877 A'artlus
2340 2843 2453 2878 mea
2491 2828 2631 2878 dedit
2673 2829 2882 2880 odorem
2913 2846 3086 2891 suum,
3137 2840 3189 2883 et
3216 2831 3395 2886 alesu

1842 2918 2173 2984 reciprocum
2206 2919 2391 2969 audire
2421 2933 2745 2982 sermonem,
2778 2923 2901 2987 quia
2933 2923 3222 2991 ubicunque
3251 2941 3392 2991 pra:-

1839 3008 2075 3057 dicatunt
2106 3008 2261 3071 fuerit
2290 3010 2383 3059 hoc
2412 3007 2751 3076 Erangelium
2780 3011 2830 3061 in
2863 3022 2969 3061 toto
2997 3014 3209 3076 mundo,
3254 3016 3397 3067 dicc-

1842 3107 1926 3145 tur
1952 3106 1999 3147 ct
2022 3098 2158 3164 quod
2188 3098 2309 3163 {erit
2338 3099 2445 3150 [nec
2471 3101 2520 3149 in
2554 3101 2855 3151 memoriam
2885 3102 3017 3169 ejus.
3070 3102 3146 3154 Tu
3181 3121 3395 3174 quoque

1012 3154 1021 3160 -
1098 3154 1108 3163 .
2033 3154 2043 3164 .
2188 3154 2199 3163 .
2905 3154 2925 3169 ,
3190 3154 3392 3174 τμη--

179 3189 515 3274 ξηιαιιάιιιη,
566 3188 614 3241 si
664 3188 978 3255 sapientiam
1028 3204 1269 3240 amemus
1319 3195 1372 3239 et
1437 3188 1730 3240 veritatem.
1766 3154 1808 3210 Ο
1844 3188 2030 3249 facito,
2079 3189 2131 3239 in
2184 3190 2448 3242 universis
2484 3193 2731 3258 gentibus
2786 3194 3092 3260 praeuicato.
3164 3194 3392 3261 Quando

175 3280 409 3344 Quando
443 3294 572 3332 vero
603 3292 756 3330 amor
780 3287 960 3329 uoster
990 3278 1041 3329 in
1071 3277 1251 3345 pejora
1273 3278 1560 3340 corruerit,
1587 3292 1736 3328 ama-

178 3384 303 3421 mus
328 3384 546 3422 carnem
579 3378 633 3420 et
674 3367 1013 3435 sanguinem.
1071 3366 1147 3420 Tu
1180 3368 1337 3435 igitur
1366 3376 1424 3419 ut
1451 3368 1731 3435 spiritalis,

174 3458 302 3509 audi
347 3457 662 3524 spiritaliter
709 3457 972 3509 amatoria
1005 3456 1163 3509 verba
1199 3458 1442 3520 cantari,
1490 3467 1542 3511 et
1587 3459 1735 3511 disce

176 3556 384 3609 motum
427 3546 622 3599 anima:
653 3556 755 3598 tuae
774 3587 790 3609 ,
825 3556 878 3599 et
908 3547 1167 3599 naturalis
1195 3548 1394 3600 amoris
1424 3546 1730 3600 incendium

174 3638 241 3689 ad
278 3638 507 3688 meliora
541 3635 855 3702 transferre,
879 3639 1175 3691 secundum
1204 3638 1331 3691 illud
1360 3655 1373 3690 :
1405 3639 1536 3689 Ama
1560 3638 1729 3703 illaut,

171 3734 220 3776 et
247 3724 469 3784 servabit
508 3736 574 3787 te,
604 3725 871 3777 circumda
901 3726 1071 3789 illam,
1103 3735 1152 3778 et
1174 3726 1429 3778 exaltabit
1455 3737 1501 3779 te
1531 3727 1597 3780 ⁷⁸.
1642 3724 1729 3779 Vi-

175 3814 240 3874 ri,
266 3811 475 3879 diligite
506 3828 691 3865 uxores
719 3825 935 3875 vestras,
975 3815 1049 3865 ait
1074 3813 1361 3880 Apostolus
1391 3814 1455 3877 ",
1493 3815 1584 3867 sed
1622 3832 1727 3867 non

170 3898 321 3949 stetit
354 3898 408 3948 in
441 3913 507 3950 eo
534 3899 676 3965 quod
713 3899 921 3951 dixerat
948 3917 961 3952 :
1010 3899 1152 3963 Viri,
1197 3901 1405 3969 diligite
1435 3918 1619 3954 uxores
1650 3920 1732 3954 re-

170 3997 350 4043 strus;
401 4002 589 4039 verum
633 3988 811 4039 sciens
858 4004 976 4041 esse
1020 3988 1358 4042 dilectionem
1402 3990 1639 4043 virormu
1675 3996 1727 4043 iu

169 4077 406 4143 propriis
432 4092 648 4144 quoque
679 4078 937 4129 uxoribus
981 4078 1315 4130 inhonestam
1336 4116 1350 4138 ,
1402 4082 1577 4131 sciens
1610 4095 1727 4132 esse

170 4168 471 4235 placentem
508 4167 616 4219 Deo
640 4207 653 4229 ,
699 4169 880 4220 docuit
928 4170 1198 4234 quomodo
1244 4171 1343 4222 viri
1376 4187 1569 4224 uxores
1599 4186 1725 4223 suas

170 4274 356 4309 amare
385 4257 659 4317 deberent,
700 4256 933 4309 inferens
980 4275 993 4310 :
1044 4257 1171 4316 Viri,
1202 4259 1404 4326 diligite
1430 4276 1611 4311 uxores
1645 4277 1726 4312 ve-

168 4359 329 4407 stras,
360 4349 496 4397 sicut
547 4356 593 4397 et
638 4348 877 4398 Christus
922 4347 1232 4399 Ecclesiam.
1293 4348 1355 4400 Et
1385 4351 1484 4403 hoc
1508 4352 1720 4418 quidem

1837 3286 2015 3329 autem
2046 3279 2148 3331 hoc
2180 3277 2380 3331 facies?
2437 3279 2491 3331 Si
2518 3280 2693 3334 factus
2718 3282 2879 3337 lueris
2910 3293 2964 3335 ut
2994 3286 3305 3352 Apostolus,
3341 3298 3394 3342 et

1836 3368 2038 3420 dixeris
2068 3386 2079 3420 :
2112 3368 2308 3421 Christi
2352 3371 2512 3423 bonus
2559 3373 2688 3423 odor
2718 3390 2893 3425 sumus
2941 3377 2993 3427 in
3030 3380 3169 3429 omni
3195 3378 3308 3431 loco
3338 3382 3390 3433 in

1834 3456 1915 3508 his
1942 3459 2031 3524 qui
2054 3458 2345 3521 salvantur,
2377 3469 2423 3511 et
2453 3461 2507 3511 in
2534 3461 2615 3513 his
2647 3463 2734 3529 qui
2762 3475 2974 3529 pereunt
3005 3467 3047 3496 ⁷⁸
3070 3482 3084 3529 ;
3110 3468 3243 3519 bona
3271 3484 3393 3536 ope-

1837 3563 1894 3599 ra
1929 3558 2015 3601 tua
2049 3550 2248 3601 nardus
2276 3560 2419 3601 sunt.
2460 3552 2513 3603 Si
2549 3568 2674 3604 vero
2702 3556 3029 3619 pecca.eris,
3067 3570 3281 3625 pet-cata
3314 3571 3392 3614 te-

1836 3648 1919 3693 tro
1949 3638 2115 3691 odore
2145 3640 2646 3707 redolebunt;dicit
2674 3645 2870 3710 quippe
2899 3647 3162 3712 pmnitens
3188 3667 3201 3702 ;
3234 3648 3391 3703 Com.

1830 3741 2140 3800 putruerunt
2184 3744 2230 3784 et
2273 3745 2531 3801 corruptte
2574 3745 2695 3787 sunt
2739 3738 3010 3791 cicatrices
3049 3758 3172 3794 mea:
3197 3760 3229 3795 α
3254 3746 3390 3811 [acie

1830 3829 2147 3895 insipientia:
2182 3845 2304 3881 mete
2332 3830 2397 3879 ⁸⁰.
2466 3828 2579 3882 Non
2622 3832 2687 3883 de
2733 3833 2901 3883 nardo
2935 3837 3267 3901 propositum
3307 3850 3387 3891 est

1831 3932 1973 3969 nunc
2017 3916 2237 3984 Spiritui
2293 3930 2480 3972 sancto
2528 3921 2739 3982 dicere,
2793 3938 2963 3989 neque
2995 3928 3060 3975 de
3100 3924 3201 3975 hoc
3240 3930 3383 3993 quoi

1829 4007 2000 4058 oculis
2048 4007 2319 4057 intuemur
2352 4010 2673 4074 evangelista
2709 4010 2893 4062 scribit
2946 4022 3216 4075 unguento
3242 4054 3257 4077 ,
3289 4018 3382 4068 sed

1826 4097 1891 4147 de
1940 4097 2108 4149 nardo
2161 4099 2407 4164 spiritali,
2464 4100 2530 4152 de
2584 4102 2753 4152 nardo
2804 4118 2922 4169 quae
2967 4104 3113 4155 dedit
3159 4105 3381 4159 odorem

1826 4201 2006 4238 suum.

1893 4278 1944 4328 5.
1986 4275 2163 4345 (Vers.
2203 4279 2309 4329 15.)
2374 4278 2680 4332 Fusrirulus
2720 4294 2945 4344 stactes,
2988 4286 3036 4337 id
3070 4296 3151 4338 est
3194 4298 3379 4355 guttae,

1823 4368 1939 4420 sive
1972 4369 2143 4430 stillae,
2183 4369 2452 4431 fratruelis
2491 4390 2631 4423 muns
2660 4375 2802 4425 mihi.
2848 4376 3058 4428 Guttam
3099 4385 3379 4446 unguenti,

169 4438 222 4488 in
259 4436 527 4503 protentio
554 4452 737 4489 eorum
772 4454 889 4503 quae
921 4447 1103 4505 postea
1139 4440 1448 4492 disserenda
1484 4452 1606 4493 sunt
1636 4441 1719 4492 di-
1753 4474 1795 4525 η
1826 4476 1831 4503 ,

1714 4472 1719 4479 '
1753 4474 1795 4525 ι)
1826 4458 2048 4519 casiam,
2085 4459 2396 4523 galbanum,
2425 4460 2473 4509 in
2504 4459 2685 4512 Exodo
2718 4464 2945 4529 legimus
2978 4436 3243 4533 praecepto
3273 4436 3376 4522 Do;

168 4542 368 4579 xunos.

234 4617 290 4670 2.
331 4618 470 4681 Quia
505 4618 660 4669 amici
714 4618 895 4683 sponsi
942 4618 1068 4669 dum
1116 4634 1203 4669 rex
1255 4619 1305 4669 in
1343 4618 1581 4670 recubitu
1620 4635 1720 4671 suo

163 4718 247 4762 est
275 4709 621 4775 (requiescens
662 4709 805 4760 enim
853 4708 1094 4760 dormivit
1127 4718 1179 4759 ut
1205 4709 1302 4771 leo,
1353 4720 1399 4760 et
1432 4720 1485 4759 ut
1513 4709 1716 4761 catulus

162 4801 326 4851 leonis
358 4801 473 4867 ⁷⁸),
520 4813 731 4865 sponsae
778 4801 1136 4864 promiserant
1180 4800 1347 4851 donec
1379 4800 1717 4853 illeconsur-

163 4902 312 4961 geret
338 4905 396 4943 se
430 4889 808 4943 similitudines
836 4890 955 4941 auri
985 4899 1037 4941 et
1066 4891 1269 4956 argenti
1309 4906 1425 4944 esse
1456 4892 1712 4954 facturos,

162 4997 268 5035 nou
298 4982 557 5034 habentes
599 4996 790 5033 aurum
841 4989 898 5032 ut
941 4996 1193 5049 sponsus,
1238 4990 1289 5034 et
1318 4982 1713 5048 quodammodo

162 5074 282 5124 aliis
311 5074 490 5124 verbis
524 5072 709 5138 sponsi
744 5075 925 5139 passio
966 5073 1248 5139 praedicata
1279 5085 1355 5125 est
1388 5092 1401 5125 :
1436 5089 1539 5125 non
1573 5076 1711 5126 irra-

164 5161 487 5214 tionabiliter
517 5161 582 5213 ad
612 5160 723 5212 haec
747 5174 943 5227 sponsa
966 5163 1270 5228 respondet,
1291 5174 1341 5215 et
1370 5164 1479 5229 ipsa
1504 5165 1715 5233 dispen-

162 5253 420 5303 sationem
453 5250 740 5316 quamdam
774 5251 1042 5317 passionis
1076 5252 1372 5319 intelligens
1397 5254 1535 5306 adid
1566 5258 1707 5322 quod

160 5343 397 5392 audierat
428 5340 567 5407 (cap.
601 5356 801 5403 t,vcrs.
840 5341 925 5401 10,
979 5342 1062 5405 11)
1098 5360 1109 5393 :
1153 5339 1535 5395 Similitudines
1591 5348 1708 5397 auri

160 5434 413 5501 faciemus
448 5432 544 5483 tibi
572 5448 683 5482 cum
717 5434 1047 5501 stigmatibus
1074 5436 1293 5501 argenti,
1337 5438 1496 5487 donec
1536 5454 1622 5489 rex
1654 5441 1705 5491 in

1825 4546 1951 4597 mini
1991 4548 2043 4598 in
2088 4549 2411 4615 thymiama,
2451 4550 2498 4600 id
2545 4560 2626 4603 rst
2670 4553 2719 4602 in
2768 4556 3096 4607 sacerdotale
3140 4560 3373 4612 chrisma

1820 4633 2121 4686 confectum
2154 4635 2216 4684 '“.
2271 4636 2324 4686 Si
2358 4653 2485 4703 ergo
2521 4640 2717 4692 videris
2745 4642 3072 4695 Salvatorem
3102 4663 3275 4700 titetnn
3308 4654 3373 4703 ad

1821 4732 2029 4776 terrena
2063 4734 2153 4776 aut
2186 4726 2409 4777 humilia
2441 4729 2870 4794 descendentem,
2910 4735 3112 4787 videbis
3140 4752 3373 4804 quomo—

1820 4814 1888 4864 do
1921 4814 2116 4865 virtute
2152 4830 2340 4881 magna
2372 4824 2425 4867 et
2456 4820 2737 4884 majestate
2767 4822 2947 4873 divina
2980 4824 3044 4874 ad
3076 4841 3173 4878 nos
3202 4830 3373 4883 modi-

1821 4917 1879 4954 ca
1920 4904 2163 4970 quaedam
2211 4905 2349 4956 stilla
2393 4906 2696 4960 defluxerit.
2759 4908 2828 4962 De
2854 4913 2951 4963 hac
2978 4913 3120 4966 stilla
3162 4925 3214 4968 et
3246 4933 3371 4983 pro-

1820 4993 1974 5060 pheta
2019 4995 2229 5057 cecinit,
2259 4995 2443 5049 dicens
2491 5015 2502 5048 :
2562 4997 2622 5049 Et
2651 5002 2748 5051 erit
2781 5001 2841 5052 de
2878 5002 3025 5055 stilla
3052 5005 3230 5071 populi
3255 5008 3367 5074 ejus

1819 5084 2207 5150 congregandas
2257 5089 2657 5154 congregabitur
2683 5088 2845 5142 Jacob
2874 5090 2937 5144 ⁸⁸.
2998 5091 3061 5144 Et
3096 5095 3254 5148 sicuti
3283 5114 3368 5151 se-

1814 5177 2048 5225 cundum
2080 5175 2240 5225 alium
2267 5190 2481 5229 sensum
2520 5181 2656 5247 lapis
2682 5192 2793 5234 erat
2835 5184 3091 5250 praecisus
3126 5200 3155 5237 e
3188 5199 3368 5243 monte

1816 5263 1931 5313 sine
1969 5265 2215 5316 nianibUs
2260 5271 2426 5320 nostri
2460 5272 2509 5319 in
2539 5286 2701 5323 carne
2733 5270 3026 5327 Salvatoris
3052 5276 3315 5331 adventus
3348 5296 3361 5307 '

1817 5368 1986 5418 neque
2026 5355 2167 5405 enim
2203 5368 2342 5409 totus
2379 5374 2534 5413 mons
2570 5362 2667 5413 fuit
2696 5368 2783 5429 qui
2821 5365 3095 5418 llCSU‘ndll
3140 5368 3203 5419 ad
3254 5378 3360 5421 ter-

1816 5459 1939 5507 ras,
1992 5460 2088 5497 nec
2134 5458 2342 5514 poterat
2372 5452 2605 5503 humana
2659 5452 2920 5520 tragulas
2968 5457 3131 5508 totius
3164 5462 3361 5514 montis

226 5526 268 5556 "
300 5526 437 5606 G'eu.
468 5542 613 5606 xlix,
638 5527 691 5606 _9_.
727 5526 977 5606 ’j‘i’rov.
1008 5544 1077 5606 tv,
1218 5528 1263 5557 ⁷³
1300 5528 1624 5606 Colossgu,
1648 5534 1698 5587 9.
1731 5536 1996 5606 i’igNum.
2028 5555 2172 5601 xx-tv,
2210 5542 2260 5594 9.
2317 5544 2361 5572 ⁷⁵
2395 5543 2552 5597 Jnan.
2590 5562 2685 5604 xit,
2709 5545 2895 5600 Matth.
2931 5566 3074 5602 tum.
3108 5550 3154 5581 ⁷⁸
3172 5549 3358 5606 Matth.

161 5612 303 5656 xxvi,
348 5598 399 5648 9.
497 5595 538 5625 τ’
585 5598 703 5646 ibid.
746 5597 830 5657 T2,
869 5598 945 5649 l5.
1032 5599 1073 5625 η
1110 5596 1274 5648 Marc.
1353 5614 1468 5662 xw,
1508 5602 1561 5663 8,
1602 5602 1652 5654 9.

155 5666 198 5696 “
225 5664 387 5718 ldicb.
428 5679 485 5724 ιι,
536 5664 621 5726 ll,
654 5665 734 5715 l2.

225 5755 339 5822 illi)
385 5753 661 5809 Formosa.
703 5756 877 5807 Codex
917 5756 1262 5811 i‘iirnnensis.
1294 5760 1539 5824 perfecta,

1728 5605 1771 5635 ⁷⁹
1814 5604 1854 5656 ll
1891 5607 2015 5661 Cor.
2042 5624 2100 5674 ιι,
2136 5611 2221 5663 15.

2298 5612 2341 5642 ⁸ο
2382 5614 2522 5667 Psal.
2561 5632 2788 5680 xxxvui,
2818 5619 2872 5671 5.
2948 5620 2987 5650 ⁸⁸
3031 5618 3197 5671 Exod.
3232 5634 3358 5675 uv.
