2073 3775
355 220 420 251 1187

944 216 972 246 S.
984 212 1136 245 EUSEBII
1158 210 1374 242 llIEllONYMI

1906 207 1970 238 1158

357 272 567 306 magnitudinem
583 279 696 306 capere:
713 273 759 299 sed
775 272 841 307 lapis
854 280 884 298 cit
902 276 1001 302 monte,
1016 271 1083 303 lapis
1097 269 1134 295 of-
1149 272 1170 298 Α
1186 269 1339 303 regionibus
1350 269 1443 295 botrus
1455 268 1505 295 iste
1516 268 1552 296 sit
1563 275 1678 302 sponsae.
1695 266 1725 294 In
1735 268 1814 294 uincis
1827 266 1961 300 Enqaddi,

356 314 494 347 fenIionis,
504 320 529 342 et
545 320 617 349 petra
626 317 745 343 scandali
757 316 894 343 descendit
907 316 931 341 iii
948 314 1075 340 mundum
1089 314 1128 346 ’3;

356 361 397 387 sic
411 361 559 387 secundum
581 362 663 388 alium
681 362 843 388 intellectum
866 361 934 387 stilla
950 364 1129 393 nuncupatur.

354 406 500 439 Oportebat
514 407 612 441 quippe
629 412 656 433 ut
668 407 730 441 quia
747 414 832 432 omnes
842 412 929 440 gentes
943 406 968 431 in
983 405 1082 431 stillam
1098 404 1131 429 si-

355 450 418 477 tula
432 456 558 485 reputata:
571 458 631 478 sunt
644 453 676 484 ⁸⁸,
693 452 715 478 is
729 451 775 485 qui
792 459 840 485 pro
854 451 975 477 omnium
993 450 1077 477 salute
1093 448 1131 475 la-

353 499 415 522 ctus
437 500 477 522 est
492 497 581 522 omnia
595 517 601 527 ,
618 496 697 522 etiam
715 497 785 522 stilla
803 496 878 522 lieret
900 496 932 522 ad
948 501 994 522 eas
1015 495 1132 521 liberan-

353 539 412 566 das.
441 539 510 572 Quid
526 541 596 566 enim
614 548 663 575 pro
676 546 768 567 nostra
785 541 872 567 salute
894 549 946 567 non
973 540 1059 567 factus
1070 539 1131 565 est?

352 585 408 612 Nos
422 585 516 612 inanes
526 606 533 617 ,
556 590 582 612 ct
595 587 638 613 ille
652 587 799 613 exiiianivit
821 587 993 620 semetipsum
1016 586 1129 612 formam

352 631 422 656 servi
436 630 582 664 accipiens.
599 630 651 657 Νος
664 631 777 665 populus
791 631 890 657 stultus
902 635 928 656 ct
942 637 994 656 non
1011 630 1130 663 sapiens,

350 680 377 701 et
393 675 437 702 ille
453 675 541 703 factus
564 681 605 703 cst
628 677 738 703 stultitia
756 676 964 710 prmdicationis,
985 680 1012 701 ut
1027 675 1129 702 fatuum

351 720 397 747 Dei
411 722 560 755 sapientius
576 722 649 749 fieret
666 722 831 748 hominibus.
851 721 905 748 Nos
921 722 1033 752 inlirini,
1053 721 1129 747 inlir~

350 773 423 792 nium
436 766 482 792 Dei
498 766 595 794 fortius
613 767 768 794 hominibus
783 768 882 794 factum
896 773 945 793 est.
968 766 1035 799 Quia
1051 767 1130 799 igitur

350 811 480 837 universa!
504 816 590 845 gentes
612 817 639 838 ut
652 813 725 838 stilla
748 813 852 843 situlie,
875 817 898 838 et
923 817 949 837 ut
974 816 1130 837 momcnlum

349 859 455 880 stuterre
471 861 599 888 reputata:
621 861 680 881 sunt
697 856 718 871 ⁸⁸
733 864 739 887 ;
761 856 861 882 idcirco
886 855 973 881 factus
989 860 1029 882 est
1047 855 1128 885 stilla,

349 903 376 925 ut
391 906 438 933 per
452 907 513 926 cum
530 908 544 926 a
560 900 726 927 vestimentis
741 900 841 927 nostris
856 900 923 927 odor
941 900 1017 926 stillae
1033 907 1129 934 proce-

349 944 426 970 deri-t
443 953 450 970 :
465 944 541 977 juxta
554 945 617 981 illud
642 955 647 971 :
667 945 785 980 Myrr/ia,
802 950 826 972 et
838 945 922 976 stilla,
938 950 962 972 et
974 946 1045 971 casia
1059 954 1075 971 ιι
1087 953 1128 971 ue-

348 989 476 1015 stimentis
501 990 572 1022 tuis,
592 999 608 1016 a
627 991 744 1017 domibus
769 990 957 1025 elephantinis;
981 998 1012 1016 ex
1035 990 1127 1024 quibus

348 1033 545 1067 twtiﬁcareruiit
568 1040 592 1062 te
613 1036 676 1069 ﬁlim
698 1044 786 1070 regum
806 1037 830 1061 in
844 1036 938 1061 lionore
951 1040 994 1061 tuo
1008 1035 1048 1068 ⁸⁶;
1069 1042 1129 1069 quae

348 1077 375 1105 in
393 1087 453 1105 μιν
468 1080 572 1113 psalmo
597 1078 724 1107 dicuntur
748 1081 780 1107 ad
802 1088 940 1114 sponsam.
972 1080 1128 1107 Fasciculus

347 1124 428 1150 stilltz
443 1124 579 1157 fratruelis
593 1133 663 1151 meus
681 1126 754 1151 milii.
775 1125 985 1152 Consideremus
996 1126 1059 1159 quid
1076 1126 1128 1152 sibi

353 1170 490 1197 fratruelis
506 1172 616 1198 nomine
632 1171 783 1206 διε-ιε
798 1170 862 1198 velit
876 1171 1008 1202 Ecclesia,
1023 1178 1082 1205 quin
1096 1170 1142 1197 hic

353 1213 474 1249 loquitur
484 1216 517 1242 de
528 1216 665 1243 fratruele.
678 1216 732 1243 Nos
744 1224 838 1243 sumus
848 1225 879 1243 ex
892 1217 1018 1250 gentibus
1029 1223 1143 1251 congre-

352 1263 404 1295 gati
417 1271 423 1289 :
435 1263 557 1290 Salvator
566 1270 658 1290 noster
667 1272 769 1291 S'll'Ol'lS
777 1264 835 1298 ejus
843 1269 885 1292 est
892 1264 972 1296 ﬁlius,
982 1263 1008 1290 id
1018 1268 1067 1294 est,
1077 1271 1142 1297 syn-

349 1310 439 1336 ngogte
450 1325 457 1334 ,
475 1304 529 1331 duo
544 1305 642 1339 quippe
657 1313 765 1333 sorores
780 1311 857 1339 sunt,
880 1306 1000 1333 Ecclesia
1015 1311 1041 1333 et
1057 1306 1130 1341 Syn-

349 1355 444 1383 δεθείς.
466 1350 589 1376 Salvator
609 1358 683 1385 ergo,
702 1357 731 1379 ut
744 1353 881 1383 diximus,
898 1353 969 1380 ﬁlius
984 1361 1126 1388 synagogas

349 1394 466 1424 sororis,
483 1395 524 1420 vir
541 1394 682 1428 Ecclesia,
701 1404 817 1430 sponsus
831 1396 958 1424 Ecclesia’,
969 1416 976 1428 ,
993 1398 1128 1424 fratruelis

349 1443 387 1464 cst
408 1446 445 1472 spi
458 1447 513 1466 ιιδίυ
534 1449 601 1468 suae.
622 1440 778 1468 Fasciculus
798 1443 877 1469 stilla:
896 1443 1033 1476 fratruelis
1057 1452 1128 1469 nit-us

348 1486 410 1511 milii
435 1494 444 1513 :
467 1487 493 1512 in
523 1489 606 1514 medio
636 1490 743 1515 uberum
771 1498 885 1516 meorum
912 1491 1127 1518 commorabitur.

348 1530 413 1563 Quis
436 1532 471 1558 ita
493 1533 586 1559 beatus
613 1538 642 1560 ut
666 1534 763 1561 habeat
788 1536 920 1569 hospitem
944 1536 970 1562 in
986 1536 1127 1570 principali

1182 314 1253 346 quod
1279 314 1471 347 interpretatur
1505 314 1600 340 oculus
1623 313 1790 339 tentationis.
1819 313 1849 338 In
1877 312 1961 337 vincis

1184 359 1265 392 igitur
1277 358 1348 384 oculi
1364 357 1519 383 teiitationis
1533 357 1628 384 botrus
1645 357 1718 391 cypri
1733 356 1873 383 fratruelis
1887 363 1961 383 meus

1184 405 1260 431 inibi.
1282 403 1449 430 Tentationis
1464 403 1560 429 oculus
1576 402 1602 429 in
1615 403 1739 437 praesenti
1753 407 1793 429 est
1806 411 1812 427 ε
1827 401 1960 435 siquidem

1182 452 1208 477 in
1223 450 1369 476 tciitatione
1383 456 1521 475 moramur
1533 448 1560 474 in
1575 448 1625 474 hoc
1638 447 1747 479 mundo,
1763 452 1790 473 et
1803 447 1914 473 tentatio
1925 452 1960 473 est

1182 497 1235 522 vita
1251 496 1364 521 humana
1380 502 1456 528 super
1474 499 1569 520 terram
1585 493 1617 519 “.
1645 492 1711 519 Dum
1726 493 1751 519 in
1765 492 1815 519 hac
1828 492 1889 519 luce
1903 499 1961 518 ver-

1182 548 1274 568 samur
1285 560 1292 571 ,
1316 540 1342 566 in
1367 540 1452 566 vineis
1467 546 1561 565 sumus
1575 538 1705 573 Eiigaddi.
1726 537 1753 565 Si
1766 543 1857 564 autem
1872 545 1961 564 meru-

1182 587 1285 614 erimus
1319 590 1410 620 postea
1448 584 1658 619 transplantari,
1682 591 1696 610 a
1718 589 1810 611 nostro
1843 583 1959 616 agricola

1182 632 1388 659 transferemur.
1415 631 1467 658 Nec
1484 631 1590 657 dubites
1610 631 1675 665 quin
1690 631 1779 664 possis
1791 630 1824 656 de
1840 629 1960 664 EngadJi

1182 679 1266 706 vineis
1284 678 1316 704 ad
1340 680 1398 704 loca
1422 677 1533 703 meliora
1552 676 1701 703 transferri.
1731 676 1855 710 Agricola
1869 680 1961 702 noster

1180 726 1213 752 ad
1232 723 1444 751 transferendam
1467 723 1571 749 vineam
1593 722 1687 749 crebra
1711 722 1885 748 meditatione
1905 722 1960 756 jam

1181 771 1282 797 calluit.
1308 769 1416 796 Vincunt
1436 769 1506 795 enim
1522 775 1553 794 ex
1565 768 1678 803 ﬁgypto
1696 767 1869 798 transtulisti,
1882 768 1960 801 eject-

1180 816 1216 841 sti
1228 820 1325 849 gentes,
1347 819 1369 840 et
1382 812 1508 847 plantusti
1527 820 1595 839 eam.
1621 811 1728 844 Operiiit
1748 816 1846 837 montes
1869 811 1959 836 umbra

1179 860 1246 893 ejus,
1266 866 1290 886 et
1312 859 1418 885 arbusta
1439 858 1495 891 ejus
1519 857 1608 883 cedi-os
1621 855 1714 882 Libani
1724 856 1757 882 ".
1777 855 1808 881 Et
1827 856 1883 881 lizec
1902 855 1960 888 qui-

1180 906 1239 932 dem
1251 912 1310 938 qua:
1324 903 1510 938 exposuimus,
1527 902 1615 928 locuta
1634 901 1669 928 sit
1685 908 1784 935 sponsa
1802 901 1834 926 de
1849 907 1959 934 sponso.

1179 949 1332 984 signiﬁcatis
1350 955 1468 975 amorem
1483 954 1561 973 suuin
1575 951 1601 972 et
1615 946 1706 980 sponsi
1719 944 1852 971 venientis
1870 943 1961 976 hospi-

1180 996 1245 1021 tium
1259 1014 1266 1025 ,
1300 993 1437 1028 quomodo
1460 992 1486 1018 in
1512 991 1599 1017 medio
1624 991 1736 1017 uberum
1756 994 1783 1015 et
1805 989 1848 1015 sui
1871 989 1961 1014 cordis

1179 1047 1277 1066 arcano
1290 1045 1407 1073 SpOﬂSllS
1421 1037 1530 1063 veniens
1549 1039 1740 1062 commoretur.

1214 1082 1239 1109 4.
1262 1081 1365 1108 Rursus
1390 1080 1483 1114 sp0iisi
1499 1079 1532 1105 ad
1543 1084 1602 1105 eam
1618 1085 1707 1105 sermo
1723 1077 1858 1111 dirigitur,
1876 1080 1903 1102 et
1919 1075 1958 1102 di-

1179 1129 1214 1155 cit
1229 1130 1308 1159 (vers.
1335 1127 1378 1161 M)
1402 1135 1408 1152 :
1436 1125 1501 1151 Ecce
1524 1124 1638 1156 speciosa
1660 1123 1780 1156 proxima
1806 1130 1879 1151 mea.
1906 1128 1962 1147 ecce

1178 1174 1310 1208 speciosa,
1326 1172 1394 1198 oculi
1409 1172 1446 1197 tui
1459 1170 1595 1197 columbae.
1627 1168 1673 1195 llla
1691 1169 1729 1195 sic
1745 1167 1810 1194 dicit
1826 1168 1860 1193 ad
1878 1174 1960 1200 spon-

1179 1227 1237 1246 sum
1257 1227 1265 1245 .'
1284 1218 1349 1244 Ecce
1363 1218 1492 1251 speciosus
1510 1215 1642 1250 fratruelis
1656 1222 1744 1245 meus;
1762 1221 1815 1240 non
1829 1212 1962 1246 adjungit,

1179 1271 1204 1292 et
1217 1265 1357 1299 proximus
1372 1270 1457 1289 incus.
1489 1261 1537 1288 Hic
1553 1266 1642 1288 autem
1660 1261 1768 1294 quando
1791 1259 1913 1293 loquitur
1929 1258 1961 1284 ad

1178 1320 1236 1339 eaiii
1261 1310 1351 1337 :Ecce
1374 1308 1507 1342 speciosa,
1532 1307 1655 1341 adjungit
1679 1311 1721 1338 et,
1748 1306 1871 1338 proxima
1894 1312 1961 1331 mea.

1179 1358 1268 1390 Quare
1292 1360 1380 1381 autem
1399 1354 1442 1380 illa
1459 1361 1512 1379 non
1525 1353 1590 1380 dicit
1607 1361 1613 1378 :
1628 1352 1695 1378 Ecce
1710 1351 1852 1385 speciosus
1872 1350 1963 1384 proxi-

1179 1409 1239 1428 mus
1256 1399 1333 1431 mihi,
1361 1398 1406 1425 sed
1425 1403 1539 1429 tantum,
1560 1405 1616 1423 ecce
1630 1396 1786 1430 speciosus?
1810 1394 1901 1427 Quare
1920 1394 1963 1420 ille

1178 1454 1232 1473 non
1248 1445 1347 1475 solum,
1362 1444 1484 1477 speciosa
1498 1450 1538 1474 es,
1560 1442 1636 1473 dicit,
1655 1441 1712 1473 sed,
1728 1441 1845 1475 speciosa
1859 1447 1884 1466 es
1901 1447 1963 1473 pro-

1178 1493 1252 1519 xima
1266 1490 1343 1517 mea?
1358 1490 1462 1523 Sponsa
1480 1488 1502 1514 si
1519 1488 1595 1522 longe
1609 1487 1689 1513 fuerit
1704 1494 1718 1512 a
1732 1493 1844 1520 sponso,
1859 1493 1911 1512 non
1923 1489 1963 1511 est

1179 1537 1319 1572 speciosa;
1337 1541 1401 1562 tunc
1415 1534 1526 1568 pulchra
1540 1535 1567 1560 tit
1579 1553 1586 1565 ,
1604 1533 1713 1568 quando
1728 1533 1775 1559 Dei
1795 1534 1880 1560 verbo
1897 1539 1964 1559 con-

348 1577 447 1608 cordis,
464 1577 490 1604 in
505 1578 592 1605 medio
606 1579 731 1612 ubertim,
749 1581 774 1606 in
789 1586 895 1614 pectore
911 1588 960 1607 suo
974 1588 1125 1608 sermonem
1140 1599 1161 1627 ε
1175 1583 1309 1618 jungitur.
1331 1581 1363 1607 Et
1382 1582 1478 1607 merito
1493 1587 1565 1606 nunc
1578 1580 1690 1606 docetur
1703 1586 1718 1605 a
1732 1586 1844 1613 sponso,
1861 1584 1890 1605 ut
1904 1586 1964 1613 pro-

348 1621 415 1648 Dei?
435 1621 498 1649 Tale
515 1629 555 1649 est
570 1624 668 1658 quippe
686 1625 757 1658 quod
773 1626 880 1652 canitur
899 1635 905 1653 :
922 1625 955 1652 lit
968 1626 1052 1652 medio
1068 1627 1127 1653 ube-

348 1672 403 1690 rum
421 1673 534 1691 ineorum
551 1669 764 1695 commorabitur.
796 1668 825 1696 Si
845 1678 894 1696 non
912 1670 1009 1703 fuerint
1032 1672 1125 1705 [ructre

348 1717 467 1736 inanima:
483 1715 534 1737 tua:
556 1719 565 1737 :
583 1713 608 1738 iii
623 1713 710 1739 medio
727 1721 820 1740 earum
835 1714 966 1741 habitabit
981 1722 1070 1742 sermo
1085 1717 1125 1742 di-

345 1755 435 1780 vinus.
457 1755 572 1783 Decebzit
588 1757 614 1783 iii
629 1758 749 1785 carmine
765 1760 875 1793 nuptiali
891 1768 1023 1787 mammas
1036 1762 1125 1795 potius

348 1800 488 1834 appellari,
504 1809 585 1835 quain
601 1808 704 1836 pectus.
738 1804 770 1830 Et
785 1806 955 1839 perspicuum
971 1812 1012 1833 est
1028 1815 1076 1833 cur
1091 1808 1125 1834 ad

346 1847 541 1880 expositionem
556 1848 616 1882 ejus
631 1850 677 1883 qui
691 1850 756 1876 dicit
771 1858 777 1877 ξ
795 1849 827 1876 In
846 1852 929 1878 medio
944 1853 1050 1878 uberum
1076 1860 1126 1880 me-

346 1902 421 1920 orum
437 1897 641 1923 commorabitur
655 1905 663 1924 :
682 1899 716 1925 sit
731 1904 914 1933 assumptum,
927 1902 949 1926 si
965 1909 1014 1927 riori
1029 1902 1125 1936 fuerint

347 1939 440 1974 fracta:
456 1949 577 1968 mammae
592 1947 653 1974 tuac,
670 1943 702 1969 de
717 1943 867 1972 Ezechiele.
890 1946 916 1971 In
930 1953 961 1972 eo
977 1947 1075 1981 quippe
1087 1947 1126 1973 lo-

346 1993 378 2011 co
392 1986 436 2012 ubi
461 1985 627 2013 Hierusalem
642 1987 780 2016 Dorniiiica
801 1991 947 2024 corripitur
963 1999 1039 2023 voce,
1056 1993 1125 2018 inter

347 2036 442 2057 cetera
455 2031 554 2058 dicitur
567 2032 598 2058 ad
611 2040 668 2058 eam
683 2042 690 2059 :
704 2033 736 2059 In
748 2034 862 2069 As'gypto
874 2036 967 2069 fracta:
975 2042 1033 2062 sunt
1048 2045 1127 2062 mam-

348 2084 397 2103 ma:
422 2081 473 2103 tute
489 2077 521 2102 ⁸⁷.
543 2078 683 2105 Castarum
701 2080 781 2106 ubera
804 2081 858 2115 (l7)
875 2089 926 2108 non
942 2082 1100 2116 franguntur
1117 2091 1123 2108 :

348 2122 393 2148 scd
408 2122 579 2149 meretricum
593 2124 675 2149 ubera
690 2124 757 2151 laxis
770 2126 883 2158 pellibus
898 2127 1052 2160 irrigantur.
1073 2126 1126 2153 Pu-
1143 2137 1146 2139 ·

348 2166 469 2192 dicarutn
484 2172 572 2193 erecta
589 2173 654 2194 sunt
676 2168 774 2199 ubera,
791 2175 816 2196 et
833 2171 956 2204 virginali
973 2172 1070 2198 robore
1082 2178 1125 2199 tu-

350 2211 459 2237 mentia.
489 2211 646 2246 Suscipiunt
668 2221 821 2241 sermonem
843 2216 946 2249 sponsi,
965 2222 990 2244 et
1005 2217 1099 2244 dicunt
1118 2228 1124 2245 :

1178 1628 1250 1655 lima
1266 1629 1310 1659 sit,
1323 1631 1349 1653 et
1364 1635 1378 1652 :i
1395 1634 1445 1652 suo
1460 1626 1541 1651 latere
1555 1632 1607 1651 non
1621 1624 1736 1651 recedat.
1764 1623 1830 1650 Ecce
1845 1626 1963 1658 speciosa

1178 1674 1299 1708 proxima
1322 1680 1395 1703 mea,
1418 1678 1474 1697 ecce
1494 1670 1623 1704 speciosa.
1648 1669 1747 1703 Incipis
1768 1670 1880 1704 quidem
1904 1677 1963 1696 esse

1179 1718 1301 1753 speciosa
1319 1725 1352 1743 ex
1376 1724 1408 1743 eo
1438 1715 1509 1750 quod
1532 1714 1656 1749 proxima
1670 1714 1734 1740 milii
1748 1722 1776 1741 es
1791 1723 1798 1740 ε
1817 1720 1961 1749 postquam

1178 1767 1267 1790 autem
1283 1761 1398 1796 cmperis
1413 1768 1473 1788 esse
1483 1760 1618 1794 speciosa,
1629 1760 1708 1785 etiam
1721 1759 1780 1786 sine
1795 1760 1962 1786 additamen-

1178 1814 1205 1836 to
1228 1809 1376 1842 proximae,
1401 1805 1524 1832 absolute
1545 1812 1575 1831 es
1601 1803 1732 1838 speciosa.
1763 1802 1829 1829 Ecce
1843 1804 1962 1837 speciosa

1177 1854 1298 1888 proxima
1313 1860 1379 1883 mea,
1394 1859 1451 1877 ecce
1464 1850 1590 1884 speciosa.
1610 1848 1752 1875 Videamus
1765 1853 1791 1874 et
1806 1849 1888 1874 aliain
1904 1848 1962 1874 lau-

1178 1899 1238 1925 dem
1256 1896 1394 1932 speciosae,
1415 1900 1442 1922 ut
1469 1899 1496 1922 et
1519 1901 1567 1921 nos
1582 1893 1740 1920 aemulemur
1757 1893 1889 1926 speciosae
1906 1893 1961 1925 (IS)

1179 1943 1246 1969 ﬁeri.
1278 1941 1355 1968 Oculi
1370 1941 1407 1966 tui
1429 1939 1564 1965 columbam
1595 1937 1647 1969 Qui
1660 1938 1753 1963 viderit
1775 1938 1912 1963 mulierem
1928 1939 1961 1962 ιιι

1179 1987 1411 2022 concupiscendum
1426 1994 1483 2011 eant
1493 2005 1499 2015 ,
1511 1986 1569 2016 jam
1585 1983 1726 2009 nitet/talus
1738 1987 1776 2008 est
1790 1990 1848 2008 eum
1864 1983 1888 2007 in
1902 1991 1962 2007 cui-

1179 2035 1210 2060 dc
1227 2041 1273 2059 sua
1285 2033 1317 2058 '°.
1338 2031 1437 2058 Oculos
1454 2037 1507 2055 non
1525 2028 1604 2054 habet
1618 2027 1758 2053 columba}.
1782 2025 1809 2051 Si
1822 2028 1884 2059 quis
1900 2035 1963 2052 iero

1179 2079 1274 2105 oculos
1290 2076 1422 2104 columba:
1440 2082 1492 2101 non
1518 2073 1609 2104 habet,
1627 2072 1736 2098 domum
1753 2071 1846 2097 fratris
1860 2072 1902 2097 sui
1922 2072 1963 2096 in-

1178 2123 1298 2158 greditur
1315 2121 1418 2150 infelix,
1435 2127 1487 2145 non
1507 2126 1618 2145 servans
1638 2118 1703 2144 illud
1720 2118 1791 2151 quod
1806 2117 1834 2143 in
1848 2116 1963 2143 Prorei-

1180 2169 1231 2195 hiis
1247 2173 1289 2195 est
1304 2172 1464 2201 praeceptum
1485 2174 1491 2191 :
1512 2163 1544 2190 1η
1559 2164 1664 2189 domum
1678 2163 1771 2197 fratris
1784 2164 1822 2188 tui
1836 2171 1867 2188 ne
1881 2163 1961 2188 intra

1179 2213 1272 2247 infelix
1283 2212 1315 2238 “.
1338 2210 1389 2237 Pro
1404 2217 1437 2236 eo
1450 2209 1522 2243 quod
1539 2208 1731 2242 Septuaginta,
1748 2208 1859 2240 infelix,
1877 2208 1962 2233 inter—

350 2254 380 2281 Iii
405 2256 489 2281 nirdio
511 2258 616 2282 uberum
643 2266 757 2284 meorum
781 2261 996 2288 commorabitur.
1030 2262 1124 2289 Botrits
1142 2267 1162 2293 Ι)
1180 2259 1274 2293 PFGU!"
1289 2261 1369 2287 sum:
1388 2254 1483 2289 Αίὶυίίδ
1497 2253 1636 2280 Hebraea!“
1650 2253 1804 2286 “Prima”s
1820 2253 1961 2278 "frium"

348 2303 418 2335 cypri
434 2302 569 2334 fratruelis
587 2311 656 2328 mens
674 2304 747 2330 milii.
769 2305 876 2331 Initium
894 2310 935 2333 est
948 2309 1080 2334 sermonis
1098 2308 1124 2334 in

349 2347 487 2380 germine:
503 2351 528 2372 (ι
543 2347 647 2374 initium
662 2349 747 2382 cypri,
762 2349 786 2375 id
801 2354 855 2380 est,
872 2349 1013 2377 ﬂorilionis
1028 2352 1053 2377 iii
1067 2359 1126 2377 ver—

350 2392 393 2422 bo,
412 2392 482 2417 unde
498 2393 534 2418 ait
557 2401 562 2418 :
579 2392 674 2419 Botrus
699 2396 782 2427 cypri,
804 2395 829 2421 id
845 2401 894 2425 est.
914 2395 1056 2422 lloriIionis
1070 2397 1126 2430 frc-

350 2436 440 2463 truelis
455 2445 525 2462 incus
542 2437 615 2463 milii.
646 2437 703 2464 Non
721 2439 847 2465 omnibus
867 2445 908 2466 est
931 2441 1025 2467 botrus
1040 2443 1125 2476 cypri,

348 2482 395 2509 sed
409 2482 450 2508 his
461 2482 506 2515 qui
517 2482 576 2515 ejus
588 2482 652 2509 [lore
663 2483 735 2517 digni
748 2489 820 2510 sunt.
835 2484 902 2511 Aliis
916 2493 967 2512 ura
980 2487 1053 2513 varia
1068 2491 1107 2513 est
1119 2496 1124 2512 :

352 2528 413 2553 huic
429 2527 477 2553 soli
492 2535 552 2560 qua:
568 2529 644 2562 nigra
655 2534 696 2555 est
708 2534 734 2555 et
751 2528 885 2561 formosa,
903 2531 929 2557 in
944 2531 1018 2558 lloris
1031 2532 1127 2559 decore

351 2579 380 2598 se
394 2573 503 2605 praebet.
532 2571 629 2600 Ilutrus
645 2574 718 2607 cypri
730 2574 865 2608 fratruelis
881 2584 950 2602 meus
965 2577 1038 2603 iiii/ii.
1068 2576 1125 2604 Non

350 2617 508 2651 simpliciter
526 2618 563 2644 ait
584 2627 590 2644 :
611 2618 707 2645 Butrns
732 2621 803 2654 cypri
823 2621 955 2654 fratruelis
970 2631 1056 2654 meus,
1080 2623 1125 2650 sed

351 2670 412 2688 cum
437 2662 630 2694 atlditanieiito,
657 2665 737 2695 milii;
761 2671 789 2692 ut
811 2667 920 2694 doceret
934 2676 986 2695 non
1001 2670 1126 2696 omnibus

351 2715 412 2733 eiiiii
427 2715 487 2734 esse
502 2708 607 2734 botruni
621 2710 705 2743 cypri.
728 2708 871 2739 Videamus
884 2718 973 2739 autem
987 2714 1012 2740 in
1028 2715 1127 2749 quibus

385 2773 409 2788 ⁸⁸
429 2773 495 2800 Dan.
510 2781 539 2804 Ii.
560 2774 603 2801 55.
649 2774 672 2790 ⁸⁸
689 2775 793 2806 lsai.\i..
811 2776 852 2803 l5.

906 2778 928 2793 ⁸⁵
948 2777 1009 2806 lsai.
1027 2787 1068 2810 XL,
1086 2780 1128 2807 l5.

353 2807 374 2823 5’
393 2807 462 2833 Psiil.
478 2816 557 2839 Lx-xr,
572 2810 597 2838 8,
614 2810 653 2834 ill.

691 2811 714 2824 νο
734 2810 869 2842 .‘1.Iilll.\',
890 2812 933 2838 ξς,

391 2876 443 2909 (εἷ)
468 2875 560 2901 Iliun.
575 2877 661 2902 (ἶυιῐικ
681 2878 857 2909 Ἰίιιυιιιιιδιδ,
882 2888 1007 2904 ιηιτιιιηπίιν.

983 2814 1001 2828 ⁰¹
1024 2814 1089 2840 Ῐλιυ»
1126 2822 1195 2839 .\it\it
1210 2833 1215 2843 ,
1234 2812 1275 2837 ill.

1178 2305 1306 2338 ἀγρηικός
1323 2306 1421 2336 posuit.
1441 2300 1491 2332 Qui
1509 2304 1598 2326 autem
1612 2299 1691 2325 habet
1704 2299 1798 2325 oculos
1815 2298 1960 2325 columba.

1179 2350 1250 2376 videt
1265 2353 1349 2378 recta,
1374 2352 1399 2373 et
1420 2345 1631 2373 misericordiam
1652 2348 1831 2378 promeretur.
1860 2342 1962 2369 Videtis

1178 2381 1276 2429 quippe
1307 2397 1377 2419 recta
1404 2390 1617 2417 misericordiam
1642 2394 1833 2422 consequetur.
1865 2388 1961 2417 l’orro,

1179 2440 1240 2474 quis
1262 2439 1333 2465 Videt
1357 2442 1429 2463 recta
1449 2436 1499 2462 nisi
1516 2435 1562 2470 qui
1585 2439 1659 2461 casto
1680 2439 1826 2467 conspectu
1843 2438 1870 2459 et
1885 2433 1962 2467 puris

1180 2486 1298 2511 intuetur
1312 2482 1418 2509 oculis?
1437 2481 1497 2507 Noli
1513 2481 1594 2514 igitur
1608 2479 1674 2505 mihi
1687 2479 1720 2505 de
1734 2479 1776 2504 liis
1787 2483 1893 2504 tantum
1905 2485 1963 2504 car-

1179 2531 1221 2557 nis
1235 2530 1320 2557 oeulis
1336 2529 1484 2562 intelligere
1504 2534 1564 2560 (lux
1582 2527 1651 2552 dicta
1667 2529 1740 2555 sunt,
1756 2525 1817 2551 licet
1832 2529 1858 2551 et
1873 2525 1906 2550 de
1920 2524 1962 2550 bis

1179 2575 1345 2602 intellexisse
1357 2581 1409 2600 non
1427 2573 1519 2599 inutile
1534 2572 1569 2598 sit
1584 2581 1590 2598 ι
1607 2572 1652 2598 sed
1668 2571 1822 2606 ingrediens
1842 2572 1877 2597 ad
1893 2577 1961 2597 inte-

1179 2622 1251 2649 riora
1276 2620 1365 2647 cordis
1388 2619 1425 2646 iui
1436 2639 1443 2651 ,
1457 2623 1483 2645 et
1497 2620 1563 2645 alios
1576 2619 1670 2645 oculos
1684 2623 1773 2644 mente
1787 2617 1960 2651 perquirens,

1179 2667 1225 2701 qui
1239 2671 1263 2692 et
1275 2674 1289 2692 ιι
1304 2665 1349 2691 Dei
1365 2665 1491 2691 mandato
1506 2663 1701 2694 illuininaiitur,
1714 2663 1869 2688 mandatum
1886 2662 1961 2697 quip»

1180 2720 1211 2746 pe
1230 2711 1277 2737 Dei
1293 2710 1447 2736 illuminans
1462 2710 1550 2736 oculos
1566 2709 1603 2741 ",
1628 2708 1692 2735 illtid
1708 2709 1830 2740 enitere,
1855 2707 1960 2739 labora,

1179 2779 1200 2794 "
1220 2777 1293 2804 Psal.
1310 2784 1381 2807 ιιιν,
1393 2776 1419 2802 9.
1457 2776 1478 2791 ετ
1497 2775 1594 2803 Ezecli.
1614 2776 1719 2809 uni,5.
1758 2776 1781 2792 ⁵⁸
1795 2775 1847 2802 Job
1871 2785 1921 2808 \‘tl,
1936 2778 1958 2803 t.

1323 2812 1345 2826 τ⁷¹
1367 2811 1436 2836 Psal.
1453 2819 1508 2843 χιχ,
1524 2811 1549 2837 8.

1223 2881 1276 2913 (ιδ)
1299 2879 1375 2909 5155.,
1392 2880 1525 2908 sumitur;
1545 2880 1606 2905 lbb.
1623 2880 1696 2908 uilli,
1714 2888 1758 2912 spo
1779 2888 1825 2907 δι’.

218 3242 257 3291 ,Ἰ
1918 3244 1922 3245 ,
1979 3239 2022 3740 |
