4210 6350
159 385 284 451 1189

926 380 1405 444 TilANSLATlO
1444 378 1718 440 llUMlL.
1767 377 2078 436 OlllGEN.
2128 375 2205 434 [Ν
2249 371 2545 432 CANTIC.

3267 367 3406 433 1190

159 493 438 555 contende,
484 504 548 548 ut
590 506 777 548 sancte
824 495 1090 566 intelligas
1138 513 1386 550 universa
1431 512 1551 564 qua‘
1584 497 1726 549 dicta
1760 502 1802 556 Α
1833 496 1922 564 qui
1955 496 2006 550 in
2036 496 2171 548 valle
2200 509 2370 556 eram,
2405 489 2681 544 descendit
2710 489 2763 542 in
2791 489 3006 545 vallem.
3034 498 3089 540 et
3117 487 3166 540 in
3204 491 3394 545 vallem

159 594 296 644 sunt,
349 593 402 637 et
451 586 656 639 similis
702 586 911 654 spiritui
945 589 993 641 ei
1027 589 1119 657 qui
1150 587 1201 640 in
1237 588 1414 655 specie
1450 586 1722 640 descendit

155 676 436 738 columbae,
472 677 670 730 audias
699 678 822 745 quia
855 678 997 732 oculi
1030 679 1104 731 lui
1128 677 1411 731 columine.
1451 677 1503 730 Si
1533 677 1724 730 intelli-

157 768 232 834 gis
262 767 431 836 legem
465 768 844 834 spiritualiter,
878 769 1018 821 oculi
1049 769 1124 820 tui
1157 767 1419 821 columbae
1454 777 1601 821 sunt.
1665 767 1723 820 Si

155 857 406 924 intelligis
429 855 784 924 Evangelium
811 867 867 909 ut
895 873 951 910 se
982 859 1092 910 vult
1122 858 1341 928 intelligi
1371 857 1720 928 E\3llgt'lllllll

153 956 201 998 ei.
237 947 551 1014 praedicari,
580 947 733 1001 vides
765 945 949 999 Jesum
980 965 1196 1003 omnem
1225 950 1533 1016 languorem
1559 959 1610 1001 et
1637 949 1722 999 in-

154 1033 464 1088 ﬁrmitatem
519 1051 632 1089 non
676 1036 849 1090 solum
887 1051 950 1089 eo
992 1045 1230 1105 tempore
1281 1055 1389 1106 quo
1437 1038 1726 1091 carnaliter

152 1125 287 1178 facta
324 1136 497 1189 sunt,
541 1125 712 1182 fuisse
738 1126 1060 1181 medicatum
1082 1170 1095 1190 ,
1127 1129 1216 1182 sed
1258 1128 1524 1196 hodieque
1555 1128 1723 1180 inedi-

149 1227 382 1290 cantem,
417 1229 472 1274 et
495 1235 603 1273 non
641 1231 846 1277 tantum
883 1233 1010 1277 tunc
1041 1221 1104 1274 ad
1142 1223 1388 1275 homines
1416 1222 1725 1277 descendis-

151 1326 204 1364 se
225 1351 238 1372 ,
289 1312 384 1366 sed
434 1313 709 1383 hodieque
742 1316 1066 1370 descendere
1085 1354 1100 1378 ,
1129 1323 1182 1366 et
1211 1328 1330 1366 esse
1383 1323 1720 1380 praesentem.

153 1397 280 1451 Ecce
310 1401 496 1463 enim,
546 1403 754 1470 inquit,
791 1404 1053 1456 vobiscum
1100 1417 1213 1452 sum
1257 1404 1494 1453 omnibus
1542 1400 1723 1453 diebus

152 1506 310 1554 μδᾳπτε
337 1490 408 1540 ad
437 1503 946 1543 consummationem
978 1491 1158 1545 steruli
1181 1491 1245 1543 ⁸³.

221 1574 376 1628 Oculi
428 1579 511 1630 tui
551 1577 805 1631 columine
837 1589 977 1632 sunt.
1045 1579 1174 1631 Ecce
1207 1582 1440 1646 speciosa
1480 1578 1723 1645 proxima

153 1684 283 1727 mea.
337 1685 456 1720 ecce
505 1671 762 1735 speciosa,
813 1671 952 1723 oculi
975 1673 1050 1722 tui
1096 1671 1367 1722 rolumbce.
1434 1669 1539 1724 llas
1567 1669 1632 1722 de
1666 1684 1723 1722 se

151 1775 349 1824 sponsa
398 1761 634 1814 audiens
681 1761 867 1815 laudes
918 1775 1119 1829 sponsi»
1157 1762 1322 1812 vicem
1373 1761 1424 1812 in
1471 1759 1721 1813 laudibus

1829 589 2049 641 veniens
2097 587 2153 638 fit
2207 585 2412 641 lilium:
2455 597 2552 650 pro
2584 581 2724 648 ligno
2755 581 2873 634 vitte
2921 581 3066 649 quod
3099 581 3397 648 plumatum

1827 689 1910 730 est
1947 678 1997 729 in
2059 677 2306 745 paradiso
2356 672 2489 737 Dei,
2542 671 2707 723 totius
2754 672 2960 738 campi,
3011 671 3062 723 id
3103 682 3186 725 est
3231 672 3402 727 totius

1828 769 2035 830 mundi,
2065 780 2116 820 et
2146 767 2410 820 universa:
2440 775 2596 818 terrae
2623 760 2722 814 ﬂos
2746 759 2919 814 factus
2945 773 3046 815 est.
3080 763 3219 829 Quid
3254 767 3403 819 enim

1830 861 1906 912 sic
1941 868 2114 927 potest
2166 876 2283 911 esse
2319 859 2416 910 llos
2464 853 2673 916 mundi,
2727 862 2784 906 ut
2812 853 3134 907 vocabulum
3169 855 3408 910 Christi?

1829 947 2170 1018 Unguentum
2221 950 2449 1002 ell'usum
2504 963 2701 1001 nomen
2763 946 2899 1015 ejus.
2948 945 3120 1001 Aliter
3168 949 3406 1016 idipsum

1827 1042 2069 1095 dicitur:
2117 1039 2224 1109 Ego
2271 1041 2368 1106 [los
2399 1039 2590 1106 campi,
2637 1049 2684 1090 et
2727 1039 2898 1090 lilium
2941 1039 3306 1102 convallium,
3357 1052 3410 1092 rt

1829 1135 1940 1186 lnee
1977 1133 2192 1201 quidem
2222 1132 2285 1184 de
2310 1129 2620 1198 semetipso.
2655 1127 2856 1181 Deinde
2883 1143 3138 1196 sponsam
3177 1130 3410 1184 laudans

1825 1224 1899 1276 ait
1937 1241 1948 1276 :
1985 1224 2147 1290 (vers.
2180 1221 2234 1290 2)
2274 1217 2340 1273 Ut
2377 1218 2548 1271 lilium
2576 1217 2628 1268 in
2657 1215 2824 1268 medio
2854 1217 3148 1284 spinarum,
3179 1218 3254 1270 sic
3285 1235 3410 1286 pro-

1824 1319 1971 1366 xima
2006 1331 2117 1366 mea
2144 1314 2195 1364 in
2227 1311 2390 1362 medio
2419 1310 2671 1377 ﬁliarum.
2701 1306 2854 1359 Sicut
2885 1307 3056 1360 lilium
3092 1323 3196 1360 non
3229 1317 3411 1376 potest

1827 1406 1997 1473 spinis
2026 1401 2352 1470 comparari,
2388 1401 2527 1452 inter
2569 1413 2706 1467 quas
2753 1413 2964 1465 semper
2994 1399 3266 1459 exoritur,
3311 1415 3410 1450 eo-

1827 1497 1950 1548 dem
1984 1493 2144 1548 modo
2179 1492 2424 1558 proxima
2473 1503 2592 1542 mea
2630 1502 2794 1556 super
2839 1503 3030 1540 omnes
3065 1489 3203 1542 ﬁlias
3231 1489 3406 1542 lilium

1826 1596 1909 1639 est
1950 1585 2004 1638 in
2036 1583 2212 1636 medio
2240 1581 2540 1650 spinarum.
2577 1577 2683 1632 Ista
2729 1579 2955 1631 audiens
2999 1593 3196 1645 sponsa
3232 1581 3407 1632 vicem

1828 1675 2001 1730 reddit
2053 1687 2273 1743 sponso,
2321 1680 2374 1725 et
2415 1671 2657 1724 sentiens
2691 1668 2834 1722 illius
2867 1669 3028 1721 etiam
3081 1670 3404 1722 suavitatem

1832 1767 1884 1819 in
1921 1780 2104 1818 vocem
2137 1761 2410 1816 laudantis
2457 1759 2711 1828 erumpit.
2753 1757 3163 1828 Unguentorum
3203 1759 3406 1827 quippe

155 1844 370 1902 tribuit.
408 1859 521 1897 non
560 1860 667 1912 quo
699 1847 745 1900 ei
777 1848 920 1910 quod
969 1861 1074 1898 non
1121 1847 1278 1899 habet
1327 1861 1426 1900 suo
1469 1822 1800 1911 praeconioB
1832 1857 2008 1911 Odm-1

1832 1858 1965 1911 odor
1995 1857 2118 1909 licet
2149 1853 2388 1907 suaviter
2419 1852 2602 1920 spiret.
2633 1860 2686 1902 et
2731 1865 2951 1903 sensum
2988 1850 3154 1902 odore
3187 1849 3399 1902 demul-

158 1936 447 2004 largiatur,
504 1939 600 1990 se-d
644 1937 957 2000 intelligens
993 1939 1240 1990 llt'Cllrt'lll
1271 1938 1388 2000 ejus
1416 1948 1580 2002 atque
1614 1951 1746 1991 con-

155 2030 397 2097 spiciens
437 2033 512 2082 ait
547 2037 714 2090 (vers.
776 2029 862 2085 l5)
916 2045 929 2080 :

155 2119 444 2182 fratruelis
511 2133 654 2170 meus
720 2120 958 2184 equiden
1042 2119 1275 2186 pull,,.,._

155 2211 452 2261 umbrosus.
475 2210 673 2272 Quaero
694 2213 893 2262 lectum
926 2208 977 2262 in
1010 2224 1118 2278 quo
1137 2225 1370 2277 Sponsus
1387 2226 1506 2263 cum
1529 2227 1724 2278 sponsa

152 2298 495 2365 requiescat;
536 2307 589 2350 et
618 2338 629 2358 ,
675 2300 725 2350 ni
777 2297 962 2362 fallor,
1015 2316 1210 2366 corpus
1253 2301 1546 2352 humanum
1594 2311 1674 2352 rst
1710 2317 1723 2352 :

155 2391 424 2455 siquidem
486 2389 575 2441 ille
638 2390 687 2440 in
746 2390 1029 2458 Evangelio
1081 2391 1302 2460 paraiyti
1343 2407 1404 2444 ns
1451 2392 1540 2455 qui
1581 2392 1724 2455 jace-

155 2478 242 2530 bat
281 2479 338 2532 in
370 2479 531 2542 lecto,
583 2488 634 2532 et
668 2481 815 2532 abire
843 2481 894 2531 in
919 2481 1138 2532 domum
1170 2498 1323 2534 suam
1357 2481 1571 2532 sublato
1603 2494 1727 2547 gra-

154 2569 278 2622 bato
321 2585 454 2624 voce
491 2571 681 2640 jussus
725 2580 806 2624 est
852 2571 1165 2632 Salvatoris,
1221 2582 1509 2638 antequam
1567 2587 1727 2623 suna-

158 2671 346 2727 retur,
403 2678 570 2731 super
613 2661 788 2715 debile
831 2661 1196 2714 membrorum
1248 2677 1468 2714 suorum
1528 2675 1725 2730 corpus

151 2745 390 2820 jacebat,
419 2753 565 2822 quod
602 2761 788 2820 postea
820 2751 910 2805 Dei
946 2753 1142 2804 virtute
1172 2753 1457 2805 solidatam
1493 2762 1588 2805 est.
1637 2750 1726 2804 Sic

153 2860 252 2914 ego
295 2847 538 2913 intelligo
594 2862 606 2897 :
663 2841 805 2896 Tolle
846 2843 1122 2912 grabatum
1172 2855 1336 2906 tuum,
1399 2854 1445 2896 et
1496 2844 1622 2896 vade
1671 2844 1726 2895 in

153 2937 369 2989 domum
399 2947 544 2988 tuam
579 2936 646 2988 ⁸⁵.
694 2934 878 3003 Neque
911 2935 1052 2988 enim
1097 2935 1158 2987 ad
1200 2937 1302 2988 hoc
1334 2934 1502 2989 Filius
1535 2933 1626 2987 Dei
1661 2934 1727 2987 de

153 3025 471 3079 caelestibus
505 3026 572 3078 ad
605 3035 814 3077 terrena
862 3022 1245 3084 descenderat,
1297 3034 1353 3074 ut
1400 3023 1465 3076 de
1517 3023 1725 3077 lectulis

157 3115 489 3183 imperaret,
556 3124 610 3168 et
655 3124 1062 3183 consurgentem
1107 3115 1174 3166 ab
1223 3116 1576 3183 mgrotatione
1623 3129 1721 3168 sua

157 3208 272 3261 sine
315 3207 515 3261 lectulo
567 3220 676 3258 non
716 3214 988 3274 pateretur
1022 3205 1314 3259 ascendere
1366 3224 1378 3258 :
1421 3204 1598 3270 Tolle,
1643 3205 1727 3258 in-

156 3301 374 3366 quiens,
407 3297 686 3368 grabatum
725 3306 890 3362 tuum,
919 3306 964 3349 et
988 3295 1114 3349 vade
1153 3297 1205 3349 in
1235 3296 1443 3350 domum
1470 3306 1634 3350 tuam.
1665 3297 1728 3350 Et

159 3402 211 3443 tu
252 3390 419 3460 igitur
444 3406 473 3443 a
507 3389 787 3442 Salvatore
826 3398 1046 3442 sanatus
1080 3388 1204 3443 tolle
1238 3389 1519 3458 grabatum
1552 3398 1726 3452 tuum,

157 3490 209 3534 et
243 3482 377 3535 vade
412 3481 466 3533 in
490 3481 711 3533 domum
747 3490 916 3543 tuam,
949 3489 1008 3533 ut
1036 3495 1158 3532 cum
1189 3480 1255 3532 ad
1297 3489 1346 3532 te
1387 3481 1534 3533 velut
1564 3494 1728 3548 spon-

159 3589 273 3627 sam
306 3574 516 3626 venerit
543 3587 795 3640 sponsus,
834 3581 885 3623 et
920 3572 971 3623 in
1001 3586 1065 3624 eo
1098 3580 1272 3624 tecum
1311 3571 1469 3625 fuerit
1499 3571 1729 3624 reclina-

158 3673 265 3724 tus,
295 3663 448 3716 dicas
485 3681 498 3716 :
543 3661 678 3713 Ecce
711 3677 926 3728 sponsus
968 3661 1238 3728 fratruelis
1275 3677 1452 3722 meus,
1493 3660 1728 3728 equidem

158 3755 406 3821 pulcher,
463 3753 742 3804 acclinatio
776 3761 953 3802 nostra
984 3749 1245 3802 umbrosa.
1283 3747 1420 3803 Ecce
1450 3751 1730 3817 speciosus

162 3843 438 3898 fratruelis
466 3859 640 3905 meus,
670 3842 782 3908 ipse
813 3851 864 3892 et
891 3841 1166 3906 speciosus
1199 3849 1301 3904 est,
1337 3848 1389 3892 et
1414 3840 1725 3893 umbrosus.

163 3935 266 3988 Per
307 3936 445 3987 diem
486 3933 684 4000 quippe
725 3930 802 3982 sol
836 3946 937 3981 non
985 3941 1092 3981 uret
1150 3938 1231 3994 te,
1277 3945 1439 3997 neque
1475 3929 1602 3981 luna
1641 3943 1730 3995 per

161 4039 364 4080 noctem
403 4025 470 4077 ".

231 4118 286 4172 5.
329 4113 484 4169 Vers.
528 4111 614 4167 16.
660 4109 849 4164 Trabes
882 4110 1153 4161 domorum
1203 4118 1503 4162 nostrarum
1550 4109 1727 4172 cedri,

163 4206 531 4263 multitudinis
564 4204 721 4258 verba
771 4210 919 4255 sunt.
955 4199 1215 4254 Videntur
1249 4212 1426 4255 autem
1467 4201 1594 4254 mihi
1630 4201 1727 4253 viri

163 4303 279 4355 haec
309 4299 486 4353 dicere
529 4296 619 4364 qui
658 4310 780 4346 cum
818 4308 1016 4360 sponso
1046 4304 1190 4355 sunt,
1240 4293 1304 4344 de
1348 4293 1544 4360 quibus
1577 4306 1733 4358 supe-

164 4394 279 4445 rius
325 4400 504 4442 sermo
553 4383 807 4453 praefatus
837 4392 939 4436 est.
983 4381 1185 4434 Domus
1219 4383 1452 4437 cedrinis
1487 4383 1729 4435 trabibus

992 2027 1122 2081 Ecce
1167 2046 1388 2096 sponsus
1443 2027 1749 2098 519-20

1359 2124 1518 2173 lectus
1574 2129 1751 2173 noster

1828 1959 1965 2012 ceat,
2003 1960 2109 1998 non
2135 1953 2312 1997 tamen
2347 1941 2612 2009 ejusmodi
2639 1949 2741 2002 est,
2773 1948 2833 1992 ut
2860 1953 3022 1991 suave
3047 1937 3117 1990 sit
3143 1938 3207 1990 ad
3245 1938 3401 1991 eden-

1827 2039 1979 2092 dum.
2033 2037 2128 2089 Est
2163 2043 2336 2086 autem
2373 2031 2518 2086 aliud
2557 2031 2700 2099 quod
2746 2029 2934 2097 optimi
2971 2029 3182 2096 saporis
3236 2042 3307 2080 sn.
3347 2037 3402 2083 et

1827 2127 2032 2188 odoris,
2067 2126 2115 2177 i;l
2146 2133 2246 2188 est,
2283 2133 2341 2175 ut
2377 2123 2564 2175 fauces
2599 2120 2822 2173 duit-ore
2847 2118 3094 2182 delectet,
3140 2127 3194 2170 et
3237 2118 3400 2187 spiri-

1827 2224 1938 2268 tum
1974 2215 2203 2268 tnnlceat
2245 2212 2472 2265 odoratu
2509 2229 2520 2263 :
2556 2209 2660 2262 tale
2711 2218 2793 2262 est
2845 2207 3068 2273 malum,
3105 2216 3158 2260 et
3207 2209 3394 2263 istius-

1831 2307 1970 2358 modi
1994 2314 2073 2358 est
2104 2313 2331 2367 natura},
2363 2311 2422 2355 ut
2456 2310 2683 2368 utraque
2710 2301 2763 2353 in
2789 2319 2845 2354 se
2875 2300 3166 2369 possideat.
3195 2300 3398 2356 Idcirco

1828 2401 2012 2452 volens
2046 2411 2152 2449 non
2191 2395 2363 2446 solum
2397 2393 2822 2446 benevolentiam
2853 2394 3124 2448 sermonis
3148 2433 3162 2458 ,
3209 2395 3301 2448 Sed
3345 2406 3399 2449 et

1827 2491 2102 2543 dulcorem
2142 2487 2261 2554 ejus
2301 2500 2497 2553 sponsa
2547 2485 2800 2547 laudare,
2839 2485 2913 2537 ait
2963 2503 2974 2538 :
3018 2486 3182 2549 (vers.
3227 2487 3278 2554 3)
3329 2486 3397 2539 Ut

1828 2583 2024 2634 malum
2060 2580 2112 2630 in
2147 2578 2301 2646 lignis
2336 2576 2515 2641 silete,
2563 2576 2635 2628 ita
2666 2576 2938 2644 fratruelis
2971 2591 3112 2628 meus
3147 2578 3198 2628 in
3230 2579 3396 2629 medio

1826 2673 2079 2742 ﬁliorum.
2121 2668 2314 2721 Omnia
2344 2667 2508 2735 ligna,
2543 2681 2733 2719 omnes
2760 2665 2982 2718 arbores
3009 2666 3119 2733 (‘20)
3151 2667 3214 2717 ad
3247 2682 3397 2718 com-

1829 2761 2156 2830 parationem
2183 2757 2451 2811 sermonis
2491 2756 2580 2809 Dei
2612 2756 2760 2809 silva:
2789 2755 3052 2809 inferaces
3078 2756 3383 2810 existiman-

1830 2863 1936 2916 tur,
1986 2853 2050 2905 ad
2092 2849 2368 2905 Christum
2401 2849 2572 2902 saltus
2606 2857 2688 2900 est
2729 2862 2888 2899 omne
2914 2847 3056 2914 quod
3086 2849 3308 2907 dixeris,
3339 2853 3395 2901 et

1830 2943 2167 2996 infructuosa
2199 2951 2326 2994 sunt
2355 2940 2554 2993 omnia.
2591 2937 2721 3003 Quae
2751 2939 2892 2990 enim
2932 2947 3157 3005 possunt
3187 2938 3292 2992 dici
3328 2940 3397 2992 ad

1829 3050 1952 3088 eum
1996 3041 2305 3100 comparata
2352 3030 2664 3084 fructifera?
2711 3029 2882 3081 Etiam
2917 3029 3056 3096 ligna
3091 3045 3211 3096 quae
3250 3029 3399 3082 vide-

1752 3147 1795 3204 ο
1832 3127 2027 3180 bantur
2058 3125 2322 3178 fructibus
2347 3123 2638 3185 incurvari,
2669 3121 3103 3192 ad‘collationem
3135 3120 3398 3174 adventus

1829 3219 1946 3286 ejus
2001 3215 2334 3269 infructuosa
2384 3221 2684 3266 monstrata
2734 3219 2880 3262 sunt.
2933 3209 3052 3261 Ideo
3107 3219 3162 3260 ut
3198 3208 3397 3261 malum

1829 3307 1883 3358 in
1951 3305 2105 3375 lignis
2167 3304 2354 3368 silvte,
2419 3303 2495 3356 ita
2554 3301 2820 3372 fratruelis
2891 3320 3032 3356 meus
3107 3300 3162 3357 in
3229 3301 3396 3356 medio

1833 3395 2083 3463 ﬁliorum.
2157 3391 2225 3446 In
2295 3393 2480 3446 umbra
2560 3394 2672 3459 ejus
2739 3392 3007 3459 concupiui
3053 3432 3067 3457 ,
3147 3401 3196 3444 et
3263 3391 3392 3444 sedi.

1833 3488 2004 3551 Quam
2036 3487 2257 3554 pulchre
2291 3501 2399 3538 non
2432 3487 2508 3538 ait
2553 3486 2608 3538 in
2655 3485 2841 3538 umbra
2874 3485 3017 3538 illius
3047 3483 3392 3551 concupisco,

1832 3579 1959 3642 sed,
2003 3578 2056 3629 in
2091 3575 2276 3628 umbra
2321 3576 2431 3642 ejus
2484 3576 2783 3643 concupiui;
2817 3582 2869 3628 et
2913 3590 3019 3628 non
3064 3573 3256 3634 sedeo,
3301 3575 3392 3626 sed

1832 3671 1964 3723 sedi.
2010 3667 2284 3737 Siquidem
2334 3667 2387 3718 in
2417 3667 2679 3734 principio
2713 3680 2819 3719 non
2851 3680 3141 3733 possumus
3173 3679 3295 3716 cum
3329 3679 3395 3716 eo

1832 3761 2108 3829 proprium
2145 3757 2391 3810 conferre
2421 3770 2746 3820 sermonem,
2782 3771 2966 3811 verum
3011 3755 3064 3808 in
3106 3756 3391 3823 principio.

1830 3860 1889 3904 ut
1923 3850 1995 3903 ita
2025 3849 2220 3910 (ἰὴ-ειη,
2255 3845 2487 3913 quadam
2518 3845 2817 3912 majestatis
2863 3845 3008 3898 illius
3041 3845 3230 3897 umbra
3275 3860 3394 3910 per-

1831 3939 2083 4001 fruimur,
2113 3936 2253 3988 unde
2275 3945 2328 3988 et
2358 3936 2409 3988 in
2442 3933 2718 4002 prophetis
2761 3934 2991 4002 legitur:
3037 3932 3265 4001 Spiritus
3305 3935 3393 4002 fa-

1833 4031 1929 4082 ciei
1965 4036 2156 4079 nostra?
2181 4025 2417 4079 Christus
2451 4024 2721 4086 Dominus,
2753 4027 2836 4078 cui
2869 4026 3097 4078 diximus
3134 4040 3151 4076 :
3191 4023 3252 4076 In
3279 4043 3394 4078 uin-

1833 4117 1926 4169 bra
1959 4117 2068 4184 ejus
2089 4117 2309 4168 vivemus
2339 4117 2392 4165 in
2413 4113 2649 4181 gentibus
2675 4114 2742 4180 ";
2773 4124 2844 4176 et,
2878 4114 2943 4166 ab
2973 4113 3160 4166 umbra
3188 4115 3252 4166 ad
3284 4130 3395 4166 utn-

1833 4209 1984 4261 bram
2033 4207 2193 4258 aliam
2259 4206 2728 4271 transmigramus.
2780 4202 3088 4256 Sedentibus
3137 4205 3280 4256 enim
3339 4204 3392 4256 in

1834 4298 2035 4364 regione
2060 4303 2104 4345 et
2131 4293 2312 4344 umbra
2339 4295 2541 4353 mut'lis,
2575 4291 2664 4341 lux
2694 4303 2810 4342 orta
2837 4301 2910 4343 est
2936 4291 3008 4342 eis
3034 4293 3096 4342 ³⁷.
3128 4290 3192 4342 Ει
3218 4301 3395 4343 trans-

1835 4402 2021 4439 eamus
2051 4384 2117 4436 ab
2150 4384 2340 4434 umbra
2371 4393 2556 4433 mortis
2604 4380 2668 4432 ad
2709 4380 2954 4432 umbram
2986 4380 3126 4433 vita}.
3173 4379 3394 4448 Semper

165 4485 385 4537 intextae
408 4489 557 4538 sunt.
590 4487 641 4530 et
665 4475 932 4547 cypressis
955 4475 1418 4543 contignat:e(l9).
1451 4475 1728 4543 Siquidem
1765 4473 1805 4526 D
1837 4475 2140 4530 istiusmodi
2193 4482 2317 4526 sunt
2362 4471 2652 4540 prolectus,
2689 4478 2744 4521 ut
2775 4471 2826 4522 in
2859 4471 3083 4522 exordio
3131 4471 3396 4525 desideret

163 4587 263 4641 pro
289 4571 429 4625 stibe
462 4565 705 4621 ascendit
740 4578 1046 4630 cypressus,
1081 4571 1131 4614 et
1155 4576 1249 4628 pro
1272 4567 1454 4614 eoniza
1491 4561 1736 4615 ascendit

165 4672 395 4734 myrtus.
444 4657 744 4726 Requirens
797 4655 956 4722 igitur
1002 4653 1156 4720 cujus
1208 4661 1410 4705 natura:
1459 4653 1558 4705 ista
1607 4663 1735 4706 sunt

165 4757 333 4824 ligna,
357 4760 407 4804 et
440 4749 659 4803 cedrum
691 4744 1091 4812 imputribilem,
1125 4751 1175 4794 et
1205 4757 1516 4810 cypressum
1551 4743 1734 4799 odoris

163 4839 356 4912 optimi
406 4834 831 4906 deprehendens,
867 4834 1048 4885 labora
1113 4840 1164 4884 et
1206 4841 1259 4882 tu
1299 4833 1367 4884 ita
1411 4835 1729 4901 contiguam

162 4937 390 4989 domum
420 4940 588 4991 tuam,
630 4935 688 4978 ut
719 4927 783 4978 de
813 4933 863 4977 te
895 4938 1109 4992 quoque
1146 4923 1315 4990 possit
1343 4923 1446 4977 dici
1486 4941 1497 4972 ι
1537 4921 1726 4976 Trabes

162 5028 418 5079 domuum
451 5027 748 5070 nostrarum
789 5013 960 5077 cedri,
999 5021 1047 5065 et
1087 5013 1496 5079 contignationes
1538 5026 1747 5067 nostra:-

162 5114 416 5184 cypressi.

238 5205 288 5259 6.
328 5203 458 5256 Post
497 5200 609 5252 hac
647 5209 880 5265 sponsus
909 5193 1148 5262 loquitur
1183 5193 1324 5263 (cap.
1360 5211 1419 5260 ll,
1455 5211 1596 5250 vers.
1633 5196 1682 5261 l)
1717 5214 1731 5251 ;

169 5298 280 5367 Ego
314 5295 412 5364 ﬂos
456 5291 648 5359 campi,
698 5297 746 5340 et
789 5286 961 5338 lilium
1005 5284 1338 5340 convallium.
1385 5287 1609 5357 Pr0pter
1649 5303 1733 5342 me

227 5457 272 5489 ”
303 5455 493 5509 Matth.
527 5446 819 5511 xxvmﬂO.
882 5448 927 5477 "
956 5446 1142 5500 Matth.
1177 5460 1251 5510 ix,
1282 5448 1334 5500 6.

237 5597 350 5667 (ιο)
391 5593 545 5667 Mss.,
594 5589 774 5667 domus
809 5588 1031 5667 red-cinis
1082 5586 1314 5667 trabibus
1343 5593 1556 5667 intexta:
1586 5601 1727 5667 sunt,

167 5678 214 5721 ct
238 5656 492 5734 cgp'ressis
515 5660 842 5737 contiguum.
897 5656 1079 5736 Editt.,
1107 5656 1286 5710 domos
1306 5662 1541 5714 cedi-inus
1565 5661 1730 5714 trabi-

171 5746 257 5788 bus
287 5740 516 5787 intextus
545 5740 588 5780 et
617 5735 864 5795 cypressis
889 5735 1236 5792 contignatas.

1410 5450 1454 5480 ⁸³⁵
1488 5447 1629 5502 Psal.
1659 5463 1806 5512 cui,
1839 5447 1888 5500 6.

1831 4565 2098 4633 quispiam
2130 4564 2314 4616 saltem
2360 4562 2411 4612 in
2444 4560 2700 4611 virtutum
2727 4560 2916 4610 umbra
2939 4559 3252 4610 consistere.
3285 4557 3394 4626 Ego

1831 4665 1959 4725 puts.
1993 4656 2110 4706 ideo
2138 4663 2189 4705 et
2225 4652 2555 4704 nativitatem
2586 4648 2711 4702 Jesu
2740 4649 2807 4702 ab
2845 4651 3030 4701 un'ibra
3058 4649 3306 4715 cwpisse,
3345 4661 3398 4703 et

1830 4762 1935 4798 non
1974 4747 2024 4797 in
2061 4744 2269 4803 umbra,
2326 4743 2415 4794 sed
2467 4742 2516 4792 in
2552 4741 2772 4793 veritate
2820 4740 3023 4792 [initam
3063 4757 3073 4791 :
3122 4737 3352 4806 Spiritus
3379 4780 3394 4804 ,

1829 4836 2045 4902 inquit,
2097 4843 2305 4884 sanctus
2358 4833 2516 4883 veniet
2573 4832 2625 4882 in
2684 4839 2770 4893 te,
2813 4837 2861 4881 et
2920 4836 3082 4882 virtus
3134 4830 3395 4882 Altissimi

1834 4923 2159 4976 obumbmbit
2211 4923 2302 4975 tibi
2370 4923 2430 4976 ’⁸.
2494 4922 2758 4976 Nativitas
2812 4921 3012 4975 Christi
3079 4922 3146 4975 ab
3209 4921 3396 4974 umbra

1837 5016 2064 5084 sumpsit
2112 5016 2393 5069 exordium
2434 5033 2445 5067 :
2477 5031 2582 5067 non
2614 5017 2789 5067 solum
2829 5022 3006 5068 autem
3047 5013 3097 5065 in
3131 5012 3295 5066 Maria
3331 5014 3398 5066 ab

1837 5108 2026 5158 umbra
2073 5105 2193 5171 ejus
2241 5107 2493 5159 nativitas
2534 5104 2716 5172 ('(Bpit,
2745 5105 2838 5159 sed
2869 5112 2922 5157 et
2952 5105 3003 5156 in
3036 5113 3084 5156 te
3128 5105 3172 5158 si
3203 5103 3398 5171 dignus

1837 5197 2004 5251 lueris
2035 5202 2279 5250 nascitur
2308 5211 2485 5250 sermo
2514 5194 2624 5248 Dei.
2682 5193 2790 5251 Fac
2824 5195 2987 5263 igitur
3013 5204 3069 5247 ut
3103 5194 3280 5262 possis
3308 5209 3400 5245 ca-

1836 5304 1960 5357 pere
2001 5289 2248 5342 umbram
2287 5288 2422 5354 ejus,
2473 5296 2526 5339 et
2577 5302 2700 5340 cum
2756 5287 2944 5341 umbra
2989 5285 3155 5340 fueris
3205 5285 3400 5354 dignus

1965 5451 2010 5482 9°
2037 5447 2235 5500 Thren.
2271 5463 2341 5513 iv,
2381 5448 2472 5500 ‘30.
2546 5448 2589 5477 ⁸⁷
2619 5446 2719 5499 lsa.
2754 5463 2830 5511 ix,
2866 5445 2918 5498 2.
2994 5446 3040 5478 ’⁸
3075 5445 3208 5502 Luc.
3239 5458 3279 5508 l,
3309 5443 3398 5498 35.

1907 5591 2016 5660 {‘20)
2059 5591 2211 5646 Libb.
2256 5595 2408 5647 editt.
2438 5634 2451 5653 ,
2501 5608 2676 5645 omnes
2727 5595 2872 5647 silrtc
2915 5593 3162 5660 arbores,
3211 5592 3303 5649 sed
3345 5591 3397 5648 ia

1839 5677 1968 5717 mss.
1997 5664 2250 5716 omnibus
2281 5665 2544 5716 omittitur
2570 5660 2736 5717 silem.
