4146 7054
756 430 885 499 Mill

1880 429 1936 487 Β.
1976 423 2280 485 EUSIEBH
2336 421 2378 477 ll
2398 415 2771 476 HERONYMI

3809 408 3945 471 1199

750 564 989 614 etfectus.
1021 558 1191 610 veniet
1217 558 1279 609 ad
1312 567 1380 619 te,
1427 567 1481 608 ut
1515 558 1584 609 ita
1615 555 1811 609 dicam,
1844 568 2036 615 rtu‘pus
2063 552 2197 613 ejus,
2226 562 2287 597 ex
2317 553 2364 606 Α
2397 562 2497 598 non
2544 547 2592 597 in
2642 560 2747 597 uno
2776 542 2985 610 spil‘ttu.
3042 540 3172 592 Ama
3199 548 3249 591 et
3280 538 3464 599 Deum,
3508 533 3599 588 sed
3632 548 3753 586 ama
3802 533 3949 584 ilium

750 665 856 719 quo
885 650 1070 703 umbra
1099 649 1355 699 nascitur.
1392 645 1520 697 Nam
1567 646 1617 697 iu
1665 643 1869 696 nodico
1919 640 2103 699 litlclis,
2148 647 2198 687 et
2238 638 2288 687 in

750 736 1043 804 majoribus
1081 734 1182 787 crit
1227 735 1414 785 fidelis.
1469 732 1528 783 In
1573 732 1753 783 umbra
1796 729 1905 791 ejus
1946 725 2206 789 concupiri
2245 733 2291 774 rt

748 826 877 881 sedi.
921 825 1077 878 Vides
1125 828 1249 893 quia
1283 842 1385 875 non
1419 838 1625 887 semper
1665 820 1713 871 iri
1752 818 1937 870 umbra
1988 817 2153 874 stetit,
2203 814 2291 865 sed

750 915 869 967 inde
905 915 967 966 ad
1001 915 1220 966 meliora
1249 912 1537 971 transi-rit,
1584 909 1766 960 dicens
1795 924 1805 959 :
1846 904 1906 957 Et
1949 908 2148 972 [ructus
2182 905 2291 969 ejus

747 1002 916 1054 dulcis
964 1005 1016 1054 in
1066 1014 1269 1071 gutture
1313 1016 1439 1051 meo.
1491 998 1619 1066 ligo,
1660 998 1866 1064 inquit,
1911 995 2204 1047 tlcsidcttni
2242 996 2291 1045 iu

752 1096 936 1145 umbra
969 1094 1082 1159 ejus
1111 1094 1464 1158 requiescere,
1497 1089 1586 1142 scd
1620 1098 1897 1156 pOstquam
1933 1102 2014 1137 me
2044 1101 2137 1136 sua
2175 1101 2295 1151 pro-

749 1186 877 1235 trait
906 1185 1112 1243 umbra,
1151 1183 1308 1233 etiam
1363 1180 1537 1233 fructu
1582 1180 1724 1231 illius
1764 1187 2033 1229 saturatos
2062 1192 2201 1236 sunt,
2243 1183 2296 1225 et

749 1274 951 1327 fructus.
978 1288 1095 1338 eius
1126 1271 1298 1324 dulcts
1323 1271 1373 1323 in
1406 1279 1616 1338 gutture
1644 1282 1779 1319 meo.

818 1363 866 1416 7.
909 1362 1061 1416 Vers.
1099 1364 1149 1413 ιι.
1189 1361 1513 1412 Introtlucite
1547 1374 1622 1409 me
1654 1358 1704 1409 in
1729 1356 1938 1407 domum
1978 1356 2101 1407 rini.
2145 1353 2294 1405 Foris

748 1455 893 1507 stetit
920 1469 1168 1520 Sponsus,
1192 1463 1243 1504 et
1275 1453 1340 1504 ab
1371 1465 1566 1519 sponsa
1592 1458 1875 1517 susceptus
1905 1458 2004 1499 est.
2030 1444 2085 1499 in
2120 1446 2294 1499 medio

749 1546 944 1611 quippe
994 1544 1216 1594 uberum
1255 1542 1397 1594 illius
1440 1543 1718 1608 requievit.
1771 1541 2032 1593 Proximae
2066 1541 2176 1609 (21)
2209 1541 2296 1608 ju-

750 1634 983 1685 veneula:
1030 1649 1132 1684 nou
1168 1644 1294 1685 sunt
1326 1633 1628 1687 istiusmodi
1666 1642 1724 1685 ut
1749 1646 2001 1699 sponsum
2032 1632 2293 1698 hospitem

745 1716 942 1769 habere
974 1726 1310 1769 mereantur.
1338 1716 1663 1769 Multitudini
1701 1719 1830 1771 feris
1858 1721 1905 1771 iu
1939 1721 2211 1787 parabolis
2245 1722 2327 1773 lo-

744 1806 957 1874 quitur.
1002 1808 1170 1871 Quam
1202 1820 1397 1859 vereor
1436 1822 1504 1860 ne
1537 1810 1717 1860 multae
1738 1808 2157 1865 adolescentulis
2179 1813 2317 1866 forte

744 1912 841 1950 nos.
862 1897 1055 1951 simus.
1085 1895 1414 1951 Introducite
1435 1915 1510 1978 m'e
1530 1903 1580 1950 in
1600 1901 1812 1953 domum
1832 1904 1947 1955 vini.
1976 1902 2087 1955 Cur
2107 1916 2137 1954 ις
2160 1920 2213 1957 in
2237 1907 2321 1955 tliu

746 1989 876 2040 furis
930 1987 1165 2041 iumen?
1231 1989 1368 2042 Ecce
1416 2000 1501 2042 sto
1547 2000 1674 2046 ante
1708 1993 1908 2047 ostium
1964 2003 2017 2047 et
2055 1994 2227 2061 pulso.
2266 1995 2322 2048 Si

742 2082 867 2145 quis
900 2078 1031 2130 mihi
1068 2077 1365 2144 aperuerit,
1402 2080 1675 2148 ingrediar
1707 2083 1772 2135 ad
1810 2102 1954 2143 cum,
1991 2094 2045 2137 et
2086 2087 2320 2141 ctrnabo

746 2185 869 2222 cum
904 2185 992 2229 eo,
1027 2179 1082 2223 et
1118 2170 1228 2237 ipse
1264 2186 1499 2224 mecum.
1536 2171 1859 2228 Introducile
1889 2175 2186 2247 521-24
2215 2194 2316 2231 me.

752 2253 815 2307 Et
861 2270 1001 2307 nunc
1030 2258 1215 2306 callem
1248 2254 1377 2305 dicit
1408 2267 1585 2305 sermo
1613 2252 1843 2315 divinus,
1887 2268 2011 2307 ecce
2052 2255 2301 2309 Christus

753 2345 1005 2410 loquitur,
1035 2343 1356 2395 introducite
1398 2358 1494 2393 me.
1535 2342 1698 2395 Vobis
1720 2359 1933 2412 quoque
1962 2345 2302 2399 catechume-

752 2434 833 2487 nis
869 2435 1106 2501 loquitur
1132 2451 1143 2486 :
1172 2432 1491 2485 lntroducite
1522 2449 1623 2486 me.
1663 2433 2005 2497 lntroducite,
2036 2452 2141 2491 non
2175 2437 2304 2492 situ-

752 2525 959 2592 pliciter
1004 2526 1055 2576 iu
1105 2523 1345 2587 domum,
1400 2525 1492 2579 sed
1522 2525 1573 2576 in
1616 2526 1832 2578 domum
1860 2527 1991 2591 vini,
2020 2528 2304 2596 impleatur

753 2616 875 2666 riuo
918 2615 1130 2677 laetitiae,
1182 2615 1304 2666 vino
1349 2614 1579 2681 Spiritus
1612 2616 1781 2669 sancti
1814 2619 1991 2669 anima
2020 2628 2215 2684 vestra,
2252 2628 2304 2672 ct

750 2708 829 2759 sic
848 2708 1167 2759 introducite
1193 2706 1244 2758 in
1269 2706 1483 2759 domum
1501 2716 1729 2760 vestram
1755 2723 2032 2775 sponsum,
2059 2711 2300 2775 verbum,

749 2796 1085 2866 sapientiam,
1112 2797 1405 2849 veritatem.
1434 2796 1611 2850 Potest
1634 2808 1807 2850 autem
1832 2800 1960 2852 etad
1988 2816 2081 2854 eos
2096 2801 2302 2870 diciqui

750 2888 983 2939 nondum
1006 2887 1221 2954 perfecti
1243 2897 1365 2940 sunt
1393 2905 1404 2939 :
1430 2885 1750 2941 lntroducitc
1779 2906 1855 2940 me
1880 2890 1931 2941 in
1946 2890 2154 2942 domum
2179 2894 2303 2950 viui.

819 2978 871 3031 8.
914 2977 1063 3031 Vers.
1100 2978 1151 3030 4.
1194 2976 1529 3031 Ordinate'in
1557 2994 1635 3030 me
1663 2980 1993 3033 charitatcm.
2025 2980 2305 3050 Eleganter

750 3065 962 3118 locutus
987 3075 1087 3126 est,
1118 3067 1376 3131 ordinate,
1401 3068 1753 3141 plurimorum
1778 3072 1974 3138 quippe
2004 3072 2303 3127 inordinata

2396 653 2499 688 Itott
2533 645 2587 687 ut
2610 649 2822 688 carnem
2854 641 2905 685 et
2931 631 3267 699 sanguinem,
3318 630 3408 682 sed
3442 638 3499 682 ut
3524 627 3800 695 spiritum.
3852 622 3951 686 Qui

2394 725 2534 775 enim
2583 725 2811 775 att/iteret
2847 720 2968 783 Deo,
3017 737 3146 772 unus
3188 720 3402 786 spiritus
3442 729 3516 771 cst
3557 718 3597 769 ’.
3656 716 3827 783 [gitur
3867 728 3955 765 or-

2392 814 2575 864 dinata
2632 822 2712 864 est
2777 812 3012 864 charitas
3062 810 3115 862 in
3157 807 3422 876 perfectis.
3479 804 3544 858 L't
3593 816 3777 858 autem
3833 811 3953 869 post

2400 902 2564 953 Deum
2600 910 2758 952 etiam
2802 900 2938 952 inter
2966 913 3064 950 nos
3092 897 3223 949 ordo
3255 903 3501 962 ponatur,
3534 894 3771 960 primum
3803 904 3953 941 man-

2395 994 2577 1044 tlatum
2616 1001 2726 1049 est,
2772 999 2829 1041 ut
2873 989 3163 1057 diligamus
3206 995 3495 1052 parentes,
3548 983 3848 1034 secundum
3899 990 3953 1030 ut

2398 1084 2572 1142 lilios,
2629 1080 2841 1133 tertium
2884 1088 2942 1131 ut
2991 1079 3315 1131 domesticos
3371 1084 3604 1127 nostros.
3660 1073 3717 1125 Si
3773 1080 3951 1123 autem

2401 1174 2543 1225 filius
2577 1173 2751 1224 malus
2792 1179 2893 1231 est,
2931 1179 2981 1222 et
3007 1170 3334 1223 domesticus
3380 1167 3584 1227 bonus,
3622 1164 3955 1215 domesticus

2397 1264 2447 1315 in
2485 1263 2748 1315 cbaritate
2772 1261 2861 1313 lilii
2897 1260 3200 1313 collocetur.
3237 1258 3298 1310 Et
3331 1259 3401 1310 ita
3438 1260 3524 1309 tiet
3551 1265 3607 1307 ut
3642 1264 3952 1307 saneturtuu

2395 1353 2642 1405 ordinata
2674 1351 2741 1404 sit
2770 1353 3025 1405 charitas.
3062 1348 3309 1418 Magister
3340 1362 3555 1415 quoque
3600 1356 3653 1398 et
3696 1343 3955 1395 Dominus

2396 1454 2576 1498 nester
2636 1443 2690 1496 in
2735 1442 3025 1511 Evangelio
3080 1452 3341 1510 prmcepta
3401 1441 3465 1492 de
3511 1439 3780 1491 charitate
3832 1450 3957 1489 con-

2397 1535 2625 1589 stituens
2678 1534 2741 1585 ad
2796 1534 3223 1602 uniusrujusque
3281 1532 3621 1585 dilectionem
3679 1531 3954 1598 preprimn

2396 1626 2595 1692 aliquid
2625 1624 2890 1692 apposuit.
2940 1634 2992 1675 et
3017 1625 3161 1676 dedit
3194 1624 3595 1691 intelligentiam
3628 1622 3836 1673 ordinis
3880 1620 3960 1671 hzs

2397 1715 2486 1781 qui
2519 1724 2743 1781 possunt
2774 1715 2960 1767 audire
2991 1714 3323 1781 Seripturam
3353 1715 3620 1765 dicentem
3656 1731 3671 1765 ;
3707 1710 3957 1764 Ordinute

2397 1803 2449 1853 iu
2482 1818 2560 1854 me
2588 1803 2917 1856 cltaritatem.
2962 1803 3156 1871 Diliges
3190 1803 3465 1854 Dominum
3513 1802 3675 1853 Deum
3716 1812 3862 1852 tuum
3902 1815 3960 1851 es

2399 1902 2503 1943 toto
2551 1894 2705 1945 corde
2756 1904 2861 1955 tuo,
2905 1903 2951 1946 et
2998 1910 3060 1945 ea:
3116 1905 3226 1945 tota
3273 1905 3437 1945 mente
3480 1905 3605 1953 tua,
3654 1904 3703 1944 e‘t
3742 1910 3805 1945 ex
3858 1903 3961 1944 tt-ta

2399 1983 2575 2031 anima
2615 1994 2727 2044 tua,
2761 1992 2807 2033 et
2840 1998 2902 2034 ei:
2939 1991 3047 2034 tota
3089 1984 3278 2034 rirtnte
3320 1992 3407 2033 tua
3449 1983 3487 2034 '.
3526 1980 3587 2033 Et
3619 1982 3811 2051 diliges
3845 1999 3963 2046 pro.

2398 2070 2597 2121 trimum
2656 2082 2800 2122 tuum
2856 2072 2989 2123 sicut
3037 2072 3254 2139 teipsum
3281 2072 3321 2125 ⁵.
3374 2069 3488 2123 “Non
3544 2075 3856 2140 proximum
3900 2090 3961 2126 cx

2401 2171 2511 2212 toto
2540 2161 2721 2225 corde,
2758 2176 2822 2214 cit
2852 2170 2961 2214 tota
2994 2163 3195 2223 anima,
3239 2172 3291 2215 et
3322 2178 3384 2213 ex
3419 2173 3525 2214 tota
3564 2164 3786 2226 \irtute,
3820 2174 3870 2217 et
3901 2181 3960 2218 ex

2401 2261 2508 2303 tota
2553 2264 2751 2305 mente.
2805 2251 3043 2317 Rursus,
3093 2254 3265 2322 inquit
3302 2273 3315 2306 :
3347 2254 3559 2321 Diligite
3605 2256 3853 2308 ὁηὶιηὶι-ιε
3884 2274 3964 2309 re-

2400 2349 2535 2392 stros
2580 2340 2635 2405 ',
2672 2350 2723 2393 et
2760 2357 2865 2394 non
2902 2343 3165 2411 apposuit,
3223 2357 3288 2395 ex
3329 2354 3442 2395 toto
3481 2344 3666 2395 corde.
3718 2342 3835 2395 Non
3887 2357 3965 2399 est

2404 2429 2736 2482 inordinatus
2770 2444 2950 2482 sermo
2989 2432 3235 2492 divinus,
3286 2446 3382 2483 nec
3429 2432 3787 2497 impossibilia
3835 2450 3965 2501 βικιι-

2403 2521 2551 2587 cipit,
2591 2536 2689 2573 nec
2717 2521 2866 2581 dicit,
2896 2521 3100 2589 diligite
3126 2522 3373 2575 inimicos
3398 2533 3605 2577 vestros
3642 2536 3701 2578 ut
3734 2534 3967 2578 Vesmet-

2404 2610 2569 2676 ipsos,
2601 2610 2691 2663 sed
2722 2619 2926 2662 tantum
2954 2628 2966 2663 :
2997 2610 3213 2679 Diligite
3241 2614 3478 2664 inimicos
3504 2626 3739 2677 vestros;
3778 2616 3968 2669 sumeit

2402 2702 2544 2767 quod
2595 2716 2689 2754 eos
2721 2701 3013 2771 diligimus,
3046 2711 3099 2755 et
3128 2704 3252 2756 odio
3297 2719 3402 2756 nou
3450 2706 3733 2758 habemus.
3778 2705 3965 2759 Proxi-

2405 2807 2549 2843 nuuu
2578 2806 2705 2843 vero
2734 2802 2789 2844 ut
2825 2794 3071 2861 teipsum.
3114 2792 3283 2846 Porro
3316 2793 3481 2848 Deum
3519 2812 3586 2849 ex
3625 2808 3741 2849 toto
3783 2799 3963 2861 corde,

2404 2893 2453 2933 et
2480 2897 2545 2935 ex
2574 2892 2681 2936 tota
2713 2884 2912 2941 anima.
2946 2896 2998 2936 et
3038 2900 3102 2937 ex
3144 2894 3255 2938 tota
3286 2896 3483 2941 mente.
3527 2899 3575 2939 et
3610 2903 3678 2941 ex
3717 2899 3830 2941 tota
3866 2892 3969 2941 ιιι-

2404 2983 2533 3026 tute.
2580 2974 2635 3026 Si
2680 2977 2790 3028 hzec
2832 2976 3179 3035 intellexeris,
3211 2988 3263 3030 et
3288 2979 3553 3032 intellecta
3584 2982 3965 3048 cmnplevetis,

2405 3068 2578 3122 fecisti
2607 3071 2750 3137 quod
2781 3072 2965 3138 sponsi
2994 3086 3243 3125 sermone
3273 3073 3578 3140 praecipitur
3604 3092 3615 3125 :
3638 3073 3967 3129 Introa'ncitc

750 3165 832 3210 est
875 3158 1149 3222 Charitas;
1203 3160 1417 3226 quando
1457 3160 1595 3226 quod
1639 3160 1688 3212 in
1730 3162 1903 3227 ptimo
1949 3161 2066 3213 loco
2113 3162 2305 3216 debent
2331 3181 2373 3238 ρ
2407 3175 2485 3211 nte
2515 3161 2565 3210 in
2595 3162 2803 3212 domum
2836 3162 2960 3225 riui,
3000 3162 3240 3214 ordinate
3277 3164 3326 3214 iu
3361 3181 3437 3214 me
3467 3168 3803 3217 charitatem.
3839 3168 3965 3230 Quis

749 3250 987 3318 diligere,
1017 3250 1243 3317 diligunt
1272 3252 1323 3303 in
1357 3254 1623 3316 secundo;
1660 3253 1800 3321 quod
1837 3254 1888 3306 in
1925 3254 2181 3314 secundo.
2221 3256 2302 3309 di-

750 3340 917 3409 ligunt
953 3341 1004 3393 in
1041 3343 1245 3407 primo;
1281 3352 1333 3395 et
1366 3342 1507 3409 quod
1548 3354 1753 3410 Oportet
1794 3360 1975 3397 amare
2004 3347 2055 3398 in
2088 3359 2302 3415 quarto,

750 3439 932 3483 amant
973 3431 1023 3482 in
1059 3432 1247 3495 tertio;
1287 3440 1338 3483 et
1374 3448 1560 3485 rursus
1585 3433 1795 3486 tertium
1824 3434 1876 3486 in
1908 3445 2121 3502 quarto.
2145 3447 2196 3490 et
2221 3449 2304 3493 est

751 3522 804 3574 in
850 3520 1116 3587 plerisque
1156 3521 1434 3574 charitatis
1464 3523 1598 3589 ordo
1626 3538 1931 3590 pervorsus.
1977 3524 2298 3583 Sanctorum

753 3626 878 3664 vero
923 3610 1161 3663 Charitas
1193 3611 1438 3663 ordinata
1491 3620 1593 3665 est.
1637 3610 1769 3667 Volo
1798 3616 1863 3668 ad
1898 3619 2298 3691 intelligendum

752 3702 851 3754 hoc
882 3702 1025 3769 quod
1056 3702 1256 3753 dictum
1307 3710 1389 3753 est
1421 3721 1434 3754 :
1475 3703 1727 3756 Ordinate
1770 3707 1822 3758 in
1866 3724 1943 3761 me
1973 3711 2299 3779 cltaritatem,

750 3790 927 3851 aliqua
962 3791 1201 3857 exempla
1255 3790 1531 3857 replicare.
1588 3789 1662 3845 Te
1718 3794 1829 3847 vult
1875 3797 2088 3853 divinus
2122 3816 2301 3855 sermo

750 3879 971 3947 diligere
988 3890 1219 3945 patrem,
1254 3879 1440 3942 lilium,
1468 3881 1651 3943 tiliam,
1678 3884 1791 3936 vult
1816 3895 1866 3936 te
1890 3902 2066 3941 sermo
2087 3890 2302 3945 divinus

753 3968 974 4037 diligere
1004 3968 1301 4032 Christum,
1332 3985 1430 4022 nec
1461 3970 1589 4023 dicit
1619 3974 1737 4035 tibi,
1769 3990 1832 4027 ne
1861 3976 2051 4045 diligas
2081 3978 2298 4041 liberos,

753 4074 819 4112 ne
871 4062 1179 4125 parentibus
1231 4059 1493 4113 charitate
1536 4064 1798 4131 jungaris.
1854 4064 1957 4117 Sed
2007 4069 2133 4135 quid
2173 4070 2304 4123 dicit,

753 4151 883 4204 tibi?
922 4166 987 4203 ne
1022 4150 1377 4203 inordinatam
1432 4154 1630 4207 habeas
1676 4156 2030 4221 charitatem,
2079 4174 2144 4212 ne
2187 4162 2299 4228 pri-

753 4258 899 4294 mum
946 4250 1147 4309 patrem
1207 4250 1299 4294 aut
1326 4252 1572 4307 matrem,
1615 4245 1807 4299 deinde
1847 4260 1933 4298 me
1963 4246 2183 4316 diligas,
2236 4267 2302 4303 ne

753 4331 845 4385 ﬁlii
879 4341 929 4384 et
959 4334 1075 4387 lilire
1122 4333 1404 4399 plusquam
1458 4335 1560 4386 tnei
1607 4336 1868 4387 charitate
1902 4340 2150 4391 tenearis.
2198 4341 2299 4403 Qui

750 4429 894 4473 autat
942 4428 1139 4486 patrem
1173 4432 1261 4471 aut
1302 4430 1517 4473 matrem
1546 4438 1697 4489 super
1727 4440 1822 4487 me,
1861 4436 2064 4478 nonest
2100 4438 2178 4479 'me
2210 4429 2296 4478 di-

750 4528 901 4581 gnus.
935 4509 1035 4572 Qui
1086 4521 1223 4561 autat
1256 4510 1423 4575 ﬁlium
1458 4522 1548 4563 aut
1578 4514 1745 4581 ﬁliam
1776 4531 1927 4581 super
1964 4532 2059 4575 me,
2088 4534 2189 4569 non
2224 4528 2298 4570 est
2332 4506 2374 4558 Ῑ)
2406 4524 2544 4562 rei”!
2588 4528 2683 4563 διιιι
2710 4513 2927 4563 Servavi!
2974 4530 3079 4573 me.
3123 4526 3170 4566 ει
3201 4516 3336 4567 diri!
3384 4519 3509 4568 milli
3544 4533 3562 4569 .'

752 4621 828 4655 me
868 4604 1052 4670 dignus
1085 4604 1148 4655 °’.
1197 4600 1387 4655 Recole
1438 4604 1815 4655 conscientiam
1864 4615 2008 4657 tuam
2042 4607 2104 4657 de
2134 4608 2300 4672 patris

754 4692 1002 4744 matrisve
1033 4691 1246 4755 affectu,
1282 4700 1333 4743 et
1362 4691 1641 4744 considera
1674 4692 1884 4759 qualem
1921 4693 2062 4745 circa
2095 4710 2298 4746 sermo-

752 4800 871 4835 nem
908 4782 997 4833 Dei
1024 4792 1071 4834 et
1106 4780 1231 4834 .lesu
1278 4782 1474 4834 habeas
1504 4782 1839 4841 eharitatem.
1890 4785 2067 4834 statim
2109 4784 2300 4851 deprc-

754 4876 952 4927 hentles
1006 4874 1175 4941 magis
1220 4882 1268 4926 te
1317 4874 1481 4925 lilium
1528 4884 1619 4926 aut
1665 4875 1825 4925 tiliam
1878 4874 2096 4941 diligi-re
2136 4892 2296 4944 quam

755 4963 1007 5025 Verbum,
1047 4964 1212 5031 magis
1242 4972 1291 5016 te
1321 4975 1565 5030 parentes
1597 4980 1779 5017 amare
1808 4980 1967 5032 quam
2000 4964 2296 5019 Christum.

752 5052 883 5119 Quis
923 5062 1077 5119 putas
1121 5053 1189 5103 ita
1236 5054 1443 5120 prolicit
1476 5069 1538 5105 ex
1576 5054 1748 5115 nobis,
1793 5062 1851 5106 ut
1895 5054 2217 5121 przccipuam
2250 5065 2301 5106 et

754 5147 975 5211 primatu
1021 5146 1158 5197 inter
1201 5147 1377 5196 omnia
1408 5146 1673 5197 sermonis
1710 5144 1797 5197 Dei
1844 5146 2034 5197 habeat
2072 5146 2304 5197 Charita-

752 5235 899 5287 tem?
949 5235 1039 5301 qui
1098 5236 1149 5285 in
1200 5236 1437 5287 secundo
1489 5236 1615 5309 loco,
1653 5236 1849 5288 liberos
1908 5236 2106 5303 ponat?
2143 5235 2302 5290 Juxta

756 5324 898 5373 hunc
942 5324 1157 5374 modum
1196 5338 1317 5375 ama
1364 5338 1582 5375 uxorem
1641 5333 1805 5376 tuam.
1875 5323 2070 5376 Nullus
2120 5326 2304 5392 quippe

754 5413 1032 5479 aliquando
1062 5430 1209 5464 suam
1246 5430 1450 5465 carnem
1489 5416 1606 5465 odio
1650 5415 1858 5478 habuit,
1912 5416 2001 5468 sed
2056 5425 2198 5467 amat
2247 5426 2305 5467 ιιι

754 5515 965 5552 carnem
1002 5518 1014 5551 :
1049 5499 1113 5551 Et
1148 5512 1315 5563 erunt,
1360 5501 1562 5568 inquit,
1602 5505 1701 5553 duo
1746 5504 1797 5553 in
1836 5519 1990 5554 carne
2025 5519 2127 5555 una
2164 5505 2200 5563 ί,
2250 5513 2302 5557 et

828 5611 868 5640 ⁸⁹
901 5609 1083 5663 Matth.
1120 5613 1276 5669 x,37.
1344 5613 1585 5680 ‘,Ephes.
1624 5630 1674 5677 ν,
1703 5616 1790 5675 ‘29,
1828 5617 1913 5668 Si.

759 5678 776 5706 ‘
810 5678 908 5729 Isa.
942 5696 1081 5739 xmx,
1115 5680 1167 5740 2,
1204 5682 1253 5732 l3.
1332 5683 1347 5709 "
1383 5678 1510 5734 Luc.
1541 5699 1684 5743 xxw,
1724 5684 1809 5736 5:2.

828 5772 934 5841 (Ξῖ)
982 5772 1255 5826 Ργυεεὶιιιακ
1287 5774 1463 5829 Codex
1503 5777 1735 5842 Deliae,
1767 5777 2022 5845 plurimr.

500 6478 947 6854 Γ

1985 5617 2160 5671 'ltlor.
2191 5633 2262 5680 γι,
2308 5618 2387 5669 17.

2403 3260 2563 3318 putas
2607 3266 2636 3302 e
2683 3252 2837 3304 nobis
2881 3252 3160 3307 charitatis
3203 3265 3284 3307 est
3326 3256 3624 3309 ordinatae?
3661 3256 3844 3325 ιὶέινε.
3895 3259 3965 3325 ὅ.)

2404 3340 2719 3410 Conﬁrmata
2752 3359 2831 3394 me
2863 3344 2915 3394 in
2957 3345 3248 3412 unguentis,
3300 3361 3439 3399 unus
3476 3347 3541 3399 de
3575 3348 3964 3416 interpretibus

2403 3433 2584 3499 posuit
2604 3431 2930 3485 οἰνανθίνων.
2960 3432 3081 3486 llam
3108 3444 3285 3487 autem
3318 3450 3515 3503 sponsa
3551 3437 3797 3505 quttitttr
3826 3458 3839 3491 :
3868 3438 3967 3491 Su"-

2402 3530 2519 3586 pate
2564 3537 2643 3572 me
2680 3522 2732 3571 in
2779 3523 2949 3574 malis.
2994 3521 3049 3574 In
3084 3523 3280 3591 quibus
3329 3524 3519 3577 malis?
3559 3524 3624 3577 (ξι
3672 3528 3872 3577 malum
3919 3546 3964 3576 tu

2401 3609 2555 3678 lignis
2582 3610 2757 3675 silvre,
2802 3613 2878 3663 ita
2925 3612 3194 3679 fratruelis
3234 3629 3376 3667 meus
3410 3615 3463 3665 in
3504 3617 3673 3666 medio
3710 3616 3965 3682 ριιυνε-ιςε.

2402 3698 2606 3751 Idcirco
2646 3701 2699 3751 in
2741 3701 2892 3752 malis
2941 3701 3053 3768 ejus
3084 3703 3276 3766 stipata
3334 3718 3444 3765 me,
3499 3705 3623 3772 quia
3681 3706 3967 3757 referrent:

2399 3788 2674 3843 charitatis
2704 3807 2813 3859 ego.
2860 3791 3030 3856 Quam
3070 3793 3353 3859 pulchrum
3378 3803 3480 3851 est.
3515 3808 3677 3859 quam
3711 3797 3964 3849 decorum

2401 3897 2430 3933 a
2463 3882 2722 3934 charitate
2754 3884 2946 3935 vulnus
2984 3884 3242 3949 aeripere.
3295 3883 3444 3935 Alius
3490 3884 3733 3949 jaculuui
3783 3890 3965 3940 rami

2402 3971 2604 4023 amoris
2633 3973 2870 4039 excepit,
2914 3974 3053 4025 alius
3098 3982 3309 4025 terreno
3347 3975 3595 4040 cupidine
3648 3979 3965 4030 Vulneretus

2401 4071 2501 4125 est,
2533 4070 2586 4113 tu
2635 4063 2776 4114 unda
2808 4063 3047 4114 membra
3079 4073 3189 4121 tua.
3237 4074 3289 4115 et
3319 4066 3492 4131 praebe
3532 4079 3581 4118 te
3622 4068 3811 4133 jaculo
3857 4072 3962 4121 fm-

2400 4165 2553 4204 moso
2603 4150 2866 4218 siquidem
2922 4149 3063 4204 Deus
3110 4153 3415 4220 sagittarius
3462 4163 3563 4206 est.
3630 4159 3773 4209 Αιιείἱ
3824 4159 3966 4212 Scai-

2400 4254 2611 4311 pturam
2657 4244 2721 4295 de
2771 4245 2871 4295 hoc
2918 4244 3103 4296 eodem
3146 4244 3324 4310 jacu‘lo
3372 4245 3715 4313 loquentem,
3756 4250 3868 4303 imo
3912 4264 3964 4303 ut

2401 4334 2631 4399 amplius
2677 4332 2997 4395 admireris,
3051 4334 3175 4385 audi
3221 4335 3393 4401 ipsum
3432 4336 3671 4401 jaculum
3715 4341 3848 4404 quid
3894 4343 3963 4392 la-

2402 4434 2598 4489 quatur
2636 4440 2648 4475 :
2687 4423 2865 4474 l’osuit
2917 4438 2994 4474 me
3038 4424 3090 4474 in
3124 4436 3371 4491 sagittam
3399 4426 3641 4487 electam,
3679 4439 3728 4479 et
3758 4431 3809 4480 in
3848 4433 3963 4490 νέω·

3601 4518 3855 4586 Jlagnun:
3894 4534 3959 4572 εοι

2407 4600 2502 4651 tibi
2545 4601 2636 4651 ltoc
2678 4602 2849 4652 vocari
2892 4617 3105 4666 puerum
3156 4620 3317 4655 meum
3358 4605 3396 4655 ⁸.
3442 4604 3679 4674 Ιιιιειίἱέε
3714 4611 3959 4678 sagittam

2407 4688 2535 4756 quid
2570 4690 2747 4751 dicat,
2794 4701 2843 4742 et
2883 4692 3155 4758 quomodo
3197 4707 3225 4744 a
3276 4691 3379 4743 Deo
3426 4695 3491 4745 sit
3552 4696 3747 4747 electu.
3796 4700 3959 4761 Quam

2407 4780 2621 4831 beatum
2663 4790 2740 4833 est
2792 4781 2890 4832 hoc
2921 4782 3099 4848 jaeulo
3145 4784 3429 4836 vulnerari.
3480 4784 3590 4838 Hac
3628 4792 3827 4857 sagitta
3862 4792 3963 4841 \ni-

2408 4869 2575 4921 iterati
2602 4868 2815 4921 fuerent
2850 4870 2923 4921 illi
2956 4870 3046 4938 qui
3072 4871 3209 4923 inter
3234 4888 3290 4924 se
3324 4873 3549 4925 invicem
3579 4876 3957 4931 conferebant:

2409 4952 2593 5005 Nonne
2623 4971 2710 5005 cor
2749 4970 2987 5007 nostrum
3020 4958 3205 5009 ardens
3244 4970 3354 5009 erat
3393 4960 3442 5011 in
3483 4962 3566 5012 ria
3596 4980 3715 5015 tum
3746 4970 3959 5033 aperiret

2404 5050 2549 5100 nobis
2581 5047 2881 5117 Scripturus
2906 5053 2965 5103 7?
3004 5050 3059 5103 Si
3093 5052 3213 5119 quis
3249 5067 3493 5107 sermone
3522 5068 3735 5123 nostro,
3772 5060 3817 5112 si
3845 5062 3959 5127 quis

2407 5139 2690 5208 Scripturm
2733 5144 2925 5194 diuum
2977 5145 3282 5211 magisterio
3328 5146 3661 5210 vulneratur,
3692 5158 3749 5201 et
3796 5162 3957 5215 potest

2405 5231 2580 5283 dicere
2611 5231 2735 5297 quia
2787 5231 2926 5283 vuln-
2947 5238 3074 5285 ratae
3100 5234 3376 5286 charitatis
3405 5250 3526 5301 ego,
3570 5237 3717 5291 hunc
3744 5249 3797 5291 et
3835 5242 3956 5291 tiiut.‘

2406 5322 2629 5375 forsitan
2680 5323 2956 5389 sequitur,
2999 5325 3123 5391 quid
3162 5324 3381 5379 forsitan
3416 5328 3578 5381 dco?
3621 5333 3953 5386 manifestam

2409 5426 2596 5477 promo
2621 5413 2959 5465 sententiam.

2479 5503 2527 5554 9,
2560 5501 2711 5555 Vrrs.
2745 5500 2797 5552 6.
2829 5500 3053 5554 Sinistra
3077 5503 3185 5568 ejus
3211 5503 3301 5555 sub
3328 5506 3492 5569 rapite
3517 5522 3652 5569 meo,
3681 5518 3728 5559 et
3751 5517 3956 5564 deﬂere

2927 5620 2948 5649 ⁸
2980 5618 3165 5670 Matth.
3200 5634 3331 5681 nu,
3360 5619 3446 5672 59.

2465 5616 2484 5648 ³
2513 5617 2663 5670 Deut.
2698 5633 2771 5682 τι,
2927 5620 2948 5649 ⁸
2980 5618 3165 5670 Matth.
3200 5634 3331 5681 nu,
3360 5619 3446 5672 59.
3527 5621 3547 5652 ⁸
3586 5622 3774 5677 Matth.
3801 5640 3847 5679 τ,
3870 5624 3953 5679 ἐξ.

2796 6380 4100 6808 “Id
