  <div class='ocr_page' id='page_1' title='image "/cluster/home/n/w/nwhite01/storage/ocr_20150623/23/hvd.32044012674545/608.png"; bbox 0 0 4210 6350; ppageno 0'>
   <div class='ocr_carea' id='block_1_1' title="bbox 200 370 352 438">
    <p class='ocr_par' dir='ltr' id='par_1_1' title="bbox 200 370 352 438">
     <span class='ocr_line' id='line_1_1' title="bbox 200 370 352 438; baseline 0.046 -7"><span class='ocrx_word' id='word_1_1' title='bbox 200 370 352 438; x_wconf 76' lang='grc'><strong>1193</strong></span> 
     </span>
    </p>
   </div>
   <div class='ocr_carea' id='block_1_2' title="bbox 1008 359 2607 432">
    <p class='ocr_par' dir='ltr' id='par_1_2' title="bbox 1008 359 2607 432">
     <span class='ocr_line' id='line_1_2' title="bbox 1008 359 2607 432; baseline -0.011 0"><span class='ocrx_word' id='word_1_2' title='bbox 1008 371 1487 432; x_wconf 59' lang='lat' dir='ltr'><strong>TRANSLA&#39;i&#39;lO</strong></span> <span class='ocrx_word' id='word_1_3' title='bbox 1532 367 1795 425; x_wconf 51' lang='lat' dir='ltr'><strong>“Citii!”</strong></span> <span class='ocrx_word' id='word_1_4' title='bbox 1836 361 2151 422; x_wconf 60' lang='grc' dir='ltr'><strong>(ιίἶίιῖῐζῗιέ.</strong></span> <span class='ocrx_word' id='word_1_5' title='bbox 2203 360 2271 416; x_wconf 54' lang='lat' dir='ltr'><strong>liti</strong></span> <span class='ocrx_word' id='word_1_6' title='bbox 2321 359 2607 418; x_wconf 61' lang='lat' dir='ltr'><strong>(J.&#39;\N&quot;l‘lC.</strong></span> 
     </span>
    </p>
   </div>
   <div class='ocr_carea' id='block_1_3' title="bbox 3298 354 3428 415">
    <p class='ocr_par' dir='ltr' id='par_1_3' title="bbox 3298 354 3428 415">
     <span class='ocr_line' id='line_1_3' title="bbox 3298 354 3428 415; baseline -0.031 -1"><span class='ocrx_word' id='word_1_7' title='bbox 3298 354 3428 415; x_wconf 63' lang='lat' dir='ltr'><strong>ltili</strong></span> 
     </span>
    </p>
   </div>
   <div class='ocr_carea' id='block_1_4' title="bbox 206 475 3423 551">
    <p class='ocr_par' dir='ltr' id='par_1_4' title="bbox 206 475 3423 551">
     <span class='ocr_line' id='line_1_4' title="bbox 206 475 3423 551; baseline -0.001 -19"><span class='ocrx_word' id='word_1_8' title='bbox 206 482 352 533; x_wconf 66' lang='lat' dir='ltr'><strong>illius</strong></span> <span class='ocrx_word' id='word_1_9' title='bbox 390 483 788 549; x_wconf 65' lang='lat' dir='ltr'><strong>amp/arabitur</strong></span> <span class='ocrx_word' id='word_1_10' title='bbox 837 499 933 536; x_wconf 78' lang='lat' dir='ltr'><strong>me.</strong></span> <span class='ocrx_word' id='word_1_11' title='bbox 985 482 1148 537; x_wconf 76' lang='lat' dir='ltr'><strong>liabet</strong></span> <span class='ocrx_word' id='word_1_12' title='bbox 1187 494 1237 536; x_wconf 90' lang='lat' dir='ltr'><strong>et</strong></span> <span class='ocrx_word' id='word_1_13' title='bbox 1284 484 1331 535; x_wconf 83' lang='lat' dir='ltr'><strong>in</strong></span> <span class='ocrx_word' id='word_1_14' title='bbox 1372 486 1585 535; x_wconf 56' lang='lat' dir='ltr'><strong>sinistra</strong></span> <span class='ocrx_word' id='word_1_15' title='bbox 1629 493 1676 535; x_wconf 75' lang='lat' dir='ltr'><strong>et</strong></span> <span class='ocrx_word' id='word_1_16' title='bbox 1725 484 1773 534; x_wconf 88' lang='lat' dir='ltr'><strong>in</strong></span> <span class='ocrx_word' id='word_1_17' title='bbox 1810 493 1847 546; x_wconf 62' lang='grc' dir='ltr'><strong>Α</strong></span> <span class='ocrx_word' id='word_1_18' title='bbox 1882 499 2093 551; x_wconf 64' lang='lat' dir='ltr'><strong>sponsm</strong></span> <span class='ocrx_word' id='word_1_19' title='bbox 2128 500 2359 535; x_wconf 69' lang='lat' dir='ltr'><strong>anznzazn</strong></span> <span class='ocrx_word' id='word_1_20' title='bbox 2401 484 2604 531; x_wconf 63' lang='lat' dir='ltr'><strong>ircatnm</strong></span> <span class='ocrx_word' id='word_1_21' title='bbox 2652 494 2804 547; x_wconf 49' lang='lat' dir='ltr'><strong>atque</strong></span> <span class='ocrx_word' id='word_1_22' title='bbox 2857 475 3172 548; x_wconf 63' lang='lat' dir='ltr'><strong>perlectam,</strong></span> <span class='ocrx_word' id='word_1_23' title='bbox 3202 495 3322 549; x_wconf 65' lang='lat' dir='ltr'><strong>qua:</strong></span> <span class='ocrx_word' id='word_1_24' title='bbox 3348 497 3423 535; x_wconf 84' lang='lat' dir='ltr'><strong>cr-</strong></span> 
     </span>
    </p>
   </div>
   <div class='ocr_carea' id='block_1_5' title="bbox 204 569 1773 640">
    <p class='ocr_par' dir='ltr' id='par_1_5' title="bbox 204 569 1773 640">
     <span class='ocr_line' id='line_1_5' title="bbox 204 569 1773 640; baseline 0 -17"><span class='ocrx_word' id='word_1_25' title='bbox 204 570 428 623; x_wconf 72' lang='lat' dir='ltr'><strong>destera</strong></span> <span class='ocrx_word' id='word_1_26' title='bbox 464 586 651 624; x_wconf 82' lang='lat' dir='ltr'><strong>sermo</strong></span> <span class='ocrx_word' id='word_1_27' title='bbox 680 569 771 625; x_wconf 85' lang='lat' dir='ltr'><strong>Dei</strong></span> <span class='ocrx_word' id='word_1_28' title='bbox 806 574 1142 640; x_wconf 79' lang='lat' dir='ltr'><strong>sapientiam,</strong></span> <span class='ocrx_word' id='word_1_29' title='bbox 1175 589 1291 640; x_wconf 65' lang='lat' dir='ltr'><strong>quin</strong></span> <span class='ocrx_word' id='word_1_30' title='bbox 1324 588 1445 626; x_wconf 91' lang='lat' dir='ltr'><strong>cum</strong></span> <span class='ocrx_word' id='word_1_31' title='bbox 1489 588 1583 639; x_wconf 85' lang='lat' dir='ltr'><strong>pro</strong></span> <span class='ocrx_word' id='word_1_32' title='bbox 1623 572 1773 623; x_wconf 71' lang='lat' dir='ltr'><strong>int-cl-</strong></span> 
     </span>
    </p>
   </div>
   <div class='ocr_carea' id='block_1_6' title="bbox 206 661 1769 730">
    <p class='ocr_par' dir='ltr' id='par_1_6' title="bbox 206 661 1769 730">
     <span class='ocr_line' id='line_1_6' title="bbox 206 661 1769 730; baseline 0.001 -19"><span class='ocrx_word' id='word_1_33' title='bbox 206 663 375 714; x_wconf 78' lang='lat' dir='ltr'><strong>|.(tus</strong></span> <span class='ocrx_word' id='word_1_34' title='bbox 404 662 666 714; x_wconf 57' lang='lat' dir='ltr'><strong>varietate</strong></span> <span class='ocrx_word' id='word_1_35' title='bbox 695 661 763 716; x_wconf 88' lang='lat' dir='ltr'><strong>sit</strong></span> <span class='ocrx_word' id='word_1_36' title='bbox 796 663 1089 730; x_wconf 77' lang='lat' dir='ltr'><strong>multiplcv,</strong></span> <span class='ocrx_word' id='word_1_37' title='bbox 1127 664 1175 714; x_wconf 92' lang='lat' dir='ltr'><strong>in</strong></span> <span class='ocrx_word' id='word_1_38' title='bbox 1207 662 1502 729; x_wconf 84' lang='lat' dir='ltr'><strong>subjacenti</strong></span> <span class='ocrx_word' id='word_1_39' title='bbox 1538 678 1640 714; x_wconf 86' lang='lat' dir='ltr'><strong>una</strong></span> <span class='ocrx_word' id='word_1_40' title='bbox 1671 670 1769 713; x_wconf 71' lang='lat' dir='ltr'><strong>est.</strong></span> 
     </span>
    </p>
   </div>
   <div class='ocr_carea' id='block_1_7' title="bbox 206 748 1770 818">
    <p class='ocr_par' dir='ltr' id='par_1_7' title="bbox 206 748 1770 818">
     <span class='ocr_line' id='line_1_7' title="bbox 206 748 1770 818; baseline 0.001 -19"><span class='ocrx_word' id='word_1_41' title='bbox 206 748 321 817; x_wconf 59' lang='lat' dir='ltr'><strong>ipse</strong></span> <span class='ocrx_word' id='word_1_42' title='bbox 366 748 555 802; x_wconf 73' lang='lat' dir='ltr'><strong>Salom</strong></span> <span class='ocrx_word' id='word_1_43' title='bbox 582 766 629 801; x_wconf 65' lang='grc' dir='ltr'><strong>λιι</strong></span> <span class='ocrx_word' id='word_1_44' title='bbox 661 749 726 802; x_wconf 87' lang='lat' dir='ltr'><strong>de</strong></span> <span class='ocrx_word' id='word_1_45' title='bbox 756 750 884 803; x_wconf 80' lang='lat' dir='ltr'><strong>Leva</strong></span> <span class='ocrx_word' id='word_1_46' title='bbox 916 762 965 804; x_wconf 88' lang='lat' dir='ltr'><strong>et</strong></span> <span class='ocrx_word' id='word_1_47' title='bbox 1004 752 1220 803; x_wconf 66' lang='lat' dir='ltr'><strong>dextera</strong></span> <span class='ocrx_word' id='word_1_48' title='bbox 1266 750 1538 818; x_wconf 69' lang='lat' dir='ltr'><strong>sapientia:</strong></span> <span class='ocrx_word' id='word_1_49' title='bbox 1570 750 1770 811; x_wconf 80' lang='lat' dir='ltr'><strong>decuit,</strong></span> 
     </span>
    </p>
   </div>
   <div class='ocr_carea' id='block_1_8' title="bbox 204 839 1772 909">
    <p class='ocr_par' dir='ltr' id='par_1_8' title="bbox 204 839 1772 909">
     <span class='ocr_line' id='line_1_8' title="bbox 204 839 1772 909; baseline 0 -17"><span class='ocrx_word' id='word_1_50' title='bbox 204 841 391 893; x_wconf 63' lang='lat' dir='ltr'><strong>riicvns</strong></span> <span class='ocrx_word' id='word_1_51' title='bbox 426 860 437 893; x_wconf 93' lang='lat'><em>:</em></span> <span class='ocrx_word' id='word_1_52' title='bbox 471 839 766 909; x_wconf 78' lang='lat' dir='ltr'><strong>Langituda</strong></span> <span class='ocrx_word' id='word_1_53' title='bbox 814 844 949 894; x_wconf 83' lang='lat' dir='ltr'><strong>enim</strong></span> <span class='ocrx_word' id='word_1_54' title='bbox 976 884 989 905; x_wconf 89' lang='lat'><strong>,</strong></span> <span class='ocrx_word' id='word_1_55' title='bbox 1041 852 1088 893; x_wconf 85' lang='lat' dir='ltr'><strong>et</strong></span> <span class='ocrx_word' id='word_1_56' title='bbox 1136 843 1258 894; x_wconf 82' lang='lat' dir='ltr'><strong>anui</strong></span> <span class='ocrx_word' id='word_1_57' title='bbox 1302 842 1419 895; x_wconf 77' lang='lat' dir='ltr'><strong>vita:</strong></span> <span class='ocrx_word' id='word_1_58' title='bbox 1467 843 1518 894; x_wconf 86' lang='lat' dir='ltr'><strong>in</strong></span> <span class='ocrx_word' id='word_1_59' title='bbox 1562 842 1772 893; x_wconf 69' lang='lat' dir='ltr'><strong>dextera</strong></span> 
     </span>
    </p>
   </div>
   <div class='ocr_carea' id='block_1_9' title="bbox 202 930 1769 998">
    <p class='ocr_par' dir='ltr' id='par_1_9' title="bbox 202 930 1769 998">
     <span class='ocr_line' id='line_1_9' title="bbox 202 930 1769 998; baseline -0.001 -15"><span class='ocrx_word' id='word_1_60' title='bbox 202 932 355 997; x_wconf 66' lang='lat' dir='ltr'><strong>ejus,</strong></span> <span class='ocrx_word' id='word_1_61' title='bbox 411 932 467 981; x_wconf 84' lang='lat' dir='ltr'><strong>in</strong></span> <span class='ocrx_word' id='word_1_62' title='bbox 520 931 738 982; x_wconf 72' lang='lat' dir='ltr'><strong>sinistra</strong></span> <span class='ocrx_word' id='word_1_63' title='bbox 781 942 953 983; x_wconf 82' lang='lat' dir='ltr'><strong>autem</strong></span> <span class='ocrx_word' id='word_1_64' title='bbox 986 930 1147 998; x_wconf 84' lang='lat' dir='ltr'><strong>ipsius</strong></span> <span class='ocrx_word' id='word_1_65' title='bbox 1193 932 1387 983; x_wconf 73' lang='lat' dir='ltr'><strong>divitia:</strong></span> <span class='ocrx_word' id='word_1_66' title='bbox 1426 940 1474 983; x_wconf 88' lang='lat' dir='ltr'><strong>et</strong></span> <span class='ocrx_word' id='word_1_67' title='bbox 1514 930 1679 997; x_wconf 75' lang='lat' dir='ltr'><strong>gloria</strong></span> <span class='ocrx_word' id='word_1_68' title='bbox 1731 930 1769 982; x_wconf 73' lang='grc'><strong>⁸.</strong></span> 
     </span>
    </p>
   </div>
   <div class='ocr_carea' id='block_1_10' title="bbox 207 1020 1773 1091">
    <p class='ocr_par' dir='ltr' id='par_1_10' title="bbox 207 1020 1773 1091">
     <span class='ocr_line' id='line_1_10' title="bbox 207 1020 1773 1091; baseline 0.001 -17"><span class='ocrx_word' id='word_1_69' title='bbox 207 1022 378 1089; x_wconf 71' lang='lat' dir='ltr'><strong>igitur</strong></span> <span class='ocrx_word' id='word_1_70' title='bbox 410 1023 541 1075; x_wconf 73' lang='lat' dir='ltr'><strong>lzeva</strong></span> <span class='ocrx_word' id='word_1_71' title='bbox 572 1023 686 1090; x_wconf 86' lang='lat' dir='ltr'><strong>ejus</strong></span> <span class='ocrx_word' id='word_1_72' title='bbox 719 1024 820 1078; x_wconf 88' lang='lat' dir='ltr'><strong>sub</strong></span> <span class='ocrx_word' id='word_1_73' title='bbox 851 1025 1022 1091; x_wconf 87' lang='lat' dir='ltr'><strong>capite</strong></span> <span class='ocrx_word' id='word_1_74' title='bbox 1062 1038 1210 1085; x_wconf 90' lang='lat' dir='ltr'><strong>meo,</strong></span> <span class='ocrx_word' id='word_1_75' title='bbox 1256 1032 1311 1076; x_wconf 86' lang='lat' dir='ltr'><strong>ut</strong></span> <span class='ocrx_word' id='word_1_76' title='bbox 1358 1021 1518 1074; x_wconf 86' lang='lat' dir='ltr'><strong>faciat</strong></span> <span class='ocrx_word' id='word_1_77' title='bbox 1564 1020 1773 1088; x_wconf 74' lang='lat' dir='ltr'><strong>requ&#39;c-</strong></span> 
     </span>
    </p>
   </div>
   <div class='ocr_carea' id='block_1_11' title="bbox 205 1111 1774 1180">
    <p class='ocr_par' dir='ltr' id='par_1_11' title="bbox 205 1111 1774 1180">
     <span class='ocr_line' id='line_1_11' title="bbox 205 1111 1774 1180; baseline -0.003 -15"><span class='ocrx_word' id='word_1_78' title='bbox 205 1125 381 1174; x_wconf 61' lang='lat' dir='ltr'><strong>secre,</strong></span> <span class='ocrx_word' id='word_1_79' title='bbox 432 1121 485 1164; x_wconf 92' lang='lat' dir='ltr'><strong>ct</strong></span> <span class='ocrx_word' id='word_1_80' title='bbox 521 1112 796 1165; x_wconf 68' lang='lat' dir='ltr'><strong>lrravirinm</strong></span> <span class='ocrx_word' id='word_1_81' title='bbox 829 1112 1014 1180; x_wconf 87' lang='lat' dir='ltr'><strong>sponsi</strong></span> <span class='ocrx_word' id='word_1_82' title='bbox 1057 1112 1142 1165; x_wconf 83' lang='lat' dir='ltr'><strong>lial</strong></span> <span class='ocrx_word' id='word_1_83' title='bbox 1191 1111 1418 1165; x_wconf 87' lang='lat' dir='ltr'><strong>cervical</strong></span> <span class='ocrx_word' id='word_1_84' title='bbox 1458 1126 1669 1171; x_wconf 89' lang='lat' dir='ltr'><strong>meum,</strong></span> <span class='ocrx_word' id='word_1_85' title='bbox 1722 1118 1774 1162; x_wconf 87' lang='lat' dir='ltr'><strong>et</strong></span> 
     </span>
    </p>
   </div>
   <div class='ocr_carea' id='block_1_12' title="bbox 205 1199 1767 1270">
    <p class='ocr_par' dir='ltr' id='par_1_12' title="bbox 205 1199 1767 1270">
     <span class='ocr_line' id='line_1_12' title="bbox 205 1199 1767 1270; baseline 0 -19"><span class='ocrx_word' id='word_1_86' title='bbox 205 1200 501 1253; x_wconf 70' lang='lat' dir='ltr'><strong>recline-tur</strong></span> <span class='ocrx_word' id='word_1_87' title='bbox 542 1200 731 1253; x_wconf 80' lang='lat' dir='ltr'><strong>aninne</strong></span> <span class='ocrx_word' id='word_1_88' title='bbox 775 1201 1064 1269; x_wconf 76' lang='lat' dir='ltr'><strong>principale</strong></span> <span class='ocrx_word' id='word_1_89' title='bbox 1114 1216 1273 1270; x_wconf 78' lang='lat' dir='ltr'><strong>super</strong></span> <span class='ocrx_word' id='word_1_90' title='bbox 1314 1216 1433 1253; x_wconf 49' lang='lat' dir='ltr'><strong>ser:</strong></span> <span class='ocrx_word' id='word_1_91' title='bbox 1461 1216 1615 1252; x_wconf 79' lang='lat' dir='ltr'><strong>onem</strong></span> <span class='ocrx_word' id='word_1_92' title='bbox 1659 1199 1767 1251; x_wconf 87' lang='lat' dir='ltr'><strong>Dei.</strong></span> 
     </span>
    </p>
   </div>
   <div class='ocr_carea' id='block_1_13' title="bbox 208 1285 1773 1359">
    <p class='ocr_par' dir='ltr' id='par_1_13' title="bbox 208 1285 1773 1359">
     <span class='ocr_line' id='line_1_13' title="bbox 208 1285 1773 1359; baseline 0.001 -20"><span class='ocrx_word' id='word_1_93' title='bbox 208 1285 361 1341; x_wconf 59' lang='lat' dir='ltr'><strong>Lucra</strong></span> <span class='ocrx_word' id='word_1_94' title='bbox 394 1290 509 1356; x_wconf 78' lang='lat' dir='ltr'><strong>ejus</strong></span> <span class='ocrx_word' id='word_1_95' title='bbox 550 1291 640 1341; x_wconf 88' lang='lat' dir='ltr'><strong>sub</strong></span> <span class='ocrx_word' id='word_1_96' title='bbox 674 1292 841 1357; x_wconf 67' lang='lat' dir='ltr'><strong>(cpite</strong></span> <span class='ocrx_word' id='word_1_97' title='bbox 882 1306 1009 1343; x_wconf 85' lang='lat' dir='ltr'><strong>meo.</strong></span> <span class='ocrx_word' id='word_1_98' title='bbox 1052 1288 1167 1343; x_wconf 74' lang='lat' dir='ltr'><strong>Non</strong></span> <span class='ocrx_word' id='word_1_99' title='bbox 1208 1293 1421 1359; x_wconf 72' lang='lat' dir='ltr'><strong>expedit</strong></span> <span class='ocrx_word' id='word_1_100' title='bbox 1454 1291 1544 1343; x_wconf 74' lang='lat' dir='ltr'><strong>tibi</strong></span> <span class='ocrx_word' id='word_1_101' title='bbox 1579 1291 1773 1341; x_wconf 85' lang='lat' dir='ltr'><strong>habere</strong></span> 
     </span>
    </p>
   </div>
   <div class='ocr_carea' id='block_1_14' title="bbox 205 1377 1775 1449">
    <p class='ocr_par' dir='ltr' id='par_1_14' title="bbox 205 1377 1775 1449">
     <span class='ocr_line' id='line_1_14' title="bbox 205 1377 1775 1449; baseline 0 -21"><span class='ocrx_word' id='word_1_102' title='bbox 205 1377 500 1430; x_wconf 68' lang='lat' dir='ltr'><strong>cervicalia</strong></span> <span class='ocrx_word' id='word_1_103' title='bbox 546 1394 664 1447; x_wconf 70' lang='lat' dir='ltr'><strong>qum</strong></span> <span class='ocrx_word' id='word_1_104' title='bbox 706 1379 1016 1432; x_wconf 83' lang='lat' dir='ltr'><strong>lamentatio</strong></span> <span class='ocrx_word' id='word_1_105' title='bbox 1069 1391 1344 1449; x_wconf 87' lang='lat' dir='ltr'><strong>sequatur.</strong></span> <span class='ocrx_word' id='word_1_106' title='bbox 1392 1381 1449 1431; x_wconf 86' lang='lat' dir='ltr'><strong>In</strong></span> <span class='ocrx_word' id='word_1_107' title='bbox 1496 1378 1775 1430; x_wconf 81' lang='lat' dir='ltr'><strong>Ezechiele</strong></span> 
     </span>
    </p>
   </div>
   <div class='ocr_carea' id='block_1_15' title="bbox 206 1468 1772 1539">
    <p class='ocr_par' dir='ltr' id='par_1_15' title="bbox 206 1468 1772 1539">
     <span class='ocr_line' id='line_1_15' title="bbox 206 1468 1772 1539; baseline -0.002 -17"><span class='ocrx_word' id='word_1_108' title='bbox 206 1470 473 1536; x_wconf 80' lang='lat' dir='ltr'><strong>scrip&#39;um</strong></span> <span class='ocrx_word' id='word_1_109' title='bbox 506 1480 587 1523; x_wconf 90' lang='lat' dir='ltr'><strong>est</strong></span> <span class='ocrx_word' id='word_1_110' title='bbox 625 1488 636 1523; x_wconf 95' lang='lat'><strong>:</strong></span> <span class='ocrx_word' id='word_1_111' title='bbox 687 1470 773 1523; x_wconf 73' lang='lat' dir='ltr'><strong>Va&#39;</strong></span> <span class='ocrx_word' id='word_1_112' title='bbox 811 1472 875 1523; x_wconf 88' lang='lat' dir='ltr'><strong>iis</strong></span> <span class='ocrx_word' id='word_1_113' title='bbox 915 1487 1030 1539; x_wconf 73' lang='lat' dir='ltr'><strong>qum</strong></span> <span class='ocrx_word' id='word_1_114' title='bbox 1072 1481 1326 1524; x_wconf 87' lang='lat' dir='ltr'><strong>consuunt</strong></span> <span class='ocrx_word' id='word_1_115' title='bbox 1360 1470 1635 1523; x_wconf 72' lang='lat' dir='ltr'><strong>cervicalia</strong></span> <span class='ocrx_word' id='word_1_116' title='bbox 1681 1468 1772 1520; x_wconf 85' lang='lat' dir='ltr'><strong>sub</strong></span> 
     </span>
    </p>
   </div>
   <div class='ocr_carea' id='block_1_16' title="bbox 205 1560 1772 1623">
    <p class='ocr_par' dir='ltr' id='par_1_16' title="bbox 205 1560 1772 1623">
     <span class='ocr_line' id='line_1_16' title="bbox 205 1560 1772 1623; baseline 0 -12"><span class='ocrx_word' id='word_1_117' title='bbox 205 1561 350 1613; x_wconf 81' lang='lat' dir='ltr'><strong>omni</strong></span> <span class='ocrx_word' id='word_1_118' title='bbox 406 1562 583 1613; x_wconf 80' lang='lat' dir='ltr'><strong>cubitu</strong></span> <span class='ocrx_word' id='word_1_119' title='bbox 633 1577 814 1613; x_wconf 84' lang='lat' dir='ltr'><strong>manus</strong></span> <span class='ocrx_word' id='word_1_120' title='bbox 857 1562 897 1613; x_wconf 88' lang='lat'><strong>’.</strong></span> <span class='ocrx_word' id='word_1_121' title='bbox 953 1560 1072 1614; x_wconf 82' lang='lat' dir='ltr'><strong>Noli</strong></span> <span class='ocrx_word' id='word_1_122' title='bbox 1129 1576 1392 1614; x_wconf 88' lang='lat' dir='ltr'><strong>consuerc</strong></span> <span class='ocrx_word' id='word_1_123' title='bbox 1443 1561 1725 1614; x_wconf 79' lang='lat' dir='ltr'><strong>cervicalia</strong></span> <span class='ocrx_word' id='word_1_124' title='bbox 1758 1601 1772 1623; x_wconf 95' lang='lat'><strong>,</strong></span> 
     </span>
    </p>
   </div>
   <div class='ocr_carea' id='block_1_17' title="bbox 206 1652 1772 1723">
    <p class='ocr_par' dir='ltr' id='par_1_17' title="bbox 206 1652 1772 1723">
     <span class='ocr_line' id='line_1_17' title="bbox 206 1652 1772 1723; baseline 0.001 -22"><span class='ocrx_word' id='word_1_125' title='bbox 206 1654 314 1703; x_wconf 84' lang='lat' dir='ltr'><strong>noli</strong></span> <span class='ocrx_word' id='word_1_126' title='bbox 363 1655 525 1720; x_wconf 85' lang='lat' dir='ltr'><strong>capiti</strong></span> <span class='ocrx_word' id='word_1_127' title='bbox 573 1653 786 1706; x_wconf 86' lang='lat' dir='ltr'><strong>aliunde</strong></span> <span class='ocrx_word' id='word_1_128' title='bbox 817 1653 1055 1722; x_wconf 83' lang='lat' dir='ltr'><strong>requiem</strong></span> <span class='ocrx_word' id='word_1_129' title='bbox 1106 1669 1364 1723; x_wconf 64' lang='lat' dir='ltr'><strong>quaerere,</strong></span> <span class='ocrx_word' id='word_1_130' title='bbox 1409 1653 1546 1706; x_wconf 86' lang='lat' dir='ltr'><strong>habe</strong></span> <span class='ocrx_word' id='word_1_131' title='bbox 1591 1652 1772 1717; x_wconf 81' lang='lat' dir='ltr'><strong>sponsi</strong></span> 
     </span>
    </p>
   </div>
   <div class='ocr_carea' id='block_1_18' title="bbox 207 1740 3507 1813">
    <p class='ocr_par' dir='ltr' id='par_1_18' title="bbox 207 1740 3507 1813">
     <span class='ocr_line' id='line_1_18' title="bbox 207 1740 3507 1813; baseline 0 -11"><span class='ocrx_word' id='word_1_132' title='bbox 207 1749 403 1802; x_wconf 72' lang='lat' dir='ltr'><strong>lev&#39;am</strong></span> <span class='ocrx_word' id='word_1_133' title='bbox 460 1747 563 1802; x_wconf 85' lang='lat' dir='ltr'><strong>sub</strong></span> <span class='ocrx_word' id='word_1_134' title='bbox 601 1744 776 1813; x_wconf 90' lang='lat' dir='ltr'><strong>capite</strong></span> <span class='ocrx_word' id='word_1_135' title='bbox 810 1755 935 1812; x_wconf 92' lang='lat' dir='ltr'><strong>tuo,</strong></span> <span class='ocrx_word' id='word_1_136' title='bbox 969 1753 1023 1798; x_wconf 87' lang='lat' dir='ltr'><strong>et</strong></span> <span class='ocrx_word' id='word_1_137' title='bbox 1066 1743 1155 1799; x_wconf 90' lang='lat' dir='ltr'><strong>dic</strong></span> <span class='ocrx_word' id='word_1_138' title='bbox 1188 1759 1205 1801; x_wconf 84' lang='lat'><strong>;</strong></span> <span class='ocrx_word' id='word_1_139' title='bbox 1242 1742 1397 1797; x_wconf 72' lang='lat' dir='ltr'><strong>La’va</strong></span> <span class='ocrx_word' id='word_1_140' title='bbox 1427 1741 1541 1809; x_wconf 87' lang='lat' dir='ltr'><strong>ejus</strong></span> <span class='ocrx_word' id='word_1_141' title='bbox 1570 1740 1665 1794; x_wconf 87' lang='lat' dir='ltr'><strong>sub</strong></span> <span class='ocrx_word' id='word_1_142' title='bbox 1705 1757 1795 1794; x_wconf 87' lang='lat' dir='ltr'><strong>ca-</strong></span> <span class='ocrx_word' id='word_1_143' title='bbox 1876 1745 2109 1799; x_wconf 89' lang='lat' dir='ltr'><strong>transilit</strong></span> <span class='ocrx_word' id='word_1_144' title='bbox 2141 1760 2301 1813; x_wconf 80' lang='lat' dir='ltr'><strong>super</strong></span> <span class='ocrx_word' id='word_1_145' title='bbox 2331 1754 2560 1807; x_wconf 88' lang='lat' dir='ltr'><strong>montes,</strong></span> <span class='ocrx_word' id='word_1_146' title='bbox 2590 1760 2691 1797; x_wconf 90' lang='lat' dir='ltr'><strong>non</strong></span> <span class='ocrx_word' id='word_1_147' title='bbox 2729 1747 2851 1799; x_wconf 88' lang='lat' dir='ltr'><strong>salit</strong></span> <span class='ocrx_word' id='word_1_148' title='bbox 2887 1762 3049 1812; x_wconf 82' lang='lat' dir='ltr'><strong>super</strong></span> <span class='ocrx_word' id='word_1_149' title='bbox 3079 1749 3259 1799; x_wconf 80' lang='lat' dir='ltr'><strong>colles.</strong></span> <span class='ocrx_word' id='word_1_150' title='bbox 3296 1748 3425 1801; x_wconf 68' lang='lat' dir='ltr'><strong>lc‘ecc</strong></span> <span class='ocrx_word' id='word_1_151' title='bbox 3504 1800 3507 1803; x_wconf 72' lang='lat'><strong>.</strong></span> 
     </span>
    </p>
   </div>
   <div class='ocr_carea' id='block_1_19' title="bbox 1876 571 3416 639">
    <p class='ocr_par' dir='ltr' id='par_1_19' title="bbox 1876 571 3416 639">
     <span class='ocr_line' id='line_1_19' title="bbox 1876 571 3416 639; baseline -0.001 -13"><span class='ocrx_word' id='word_1_152' title='bbox 1876 576 1981 626; x_wconf 73' lang='lat' dir='ltr'><strong>tius</strong></span> <span class='ocrx_word' id='word_1_153' title='bbox 2028 574 2219 631; x_wconf 82' lang='lat' dir='ltr'><strong>videat,</strong></span> <span class='ocrx_word' id='word_1_154' title='bbox 2269 573 2426 624; x_wconf 75' lang='lat' dir='ltr'><strong>cities</strong></span> <span class='ocrx_word' id='word_1_155' title='bbox 2474 571 2737 621; x_wconf 66' lang='lat' dir='ltr'><strong>setmonis</strong></span> <span class='ocrx_word' id='word_1_156' title='bbox 2787 572 3170 639; x_wconf 75' lang='lat' dir='ltr'><strong>contempletur</strong></span> <span class='ocrx_word' id='word_1_157' title='bbox 3219 571 3416 625; x_wconf 88' lang='lat' dir='ltr'><strong>adven-</strong></span> 
     </span>
    </p>
   </div>
   <div class='ocr_carea' id='block_1_20' title="bbox 1875 662 3418 732">
    <p class='ocr_par' dir='ltr' id='par_1_20' title="bbox 1875 662 3418 732">
     <span class='ocr_line' id='line_1_20' title="bbox 1875 662 3418 732; baseline -0.001 -16"><span class='ocrx_word' id='word_1_158' title='bbox 1875 674 2006 726; x_wconf 91' lang='lat' dir='ltr'><strong>tum,</strong></span> <span class='ocrx_word' id='word_1_159' title='bbox 2033 681 2150 732; x_wconf 68' lang='lat' dir='ltr'><strong>qum</strong></span> <span class='ocrx_word' id='word_1_160' title='bbox 2181 665 2278 717; x_wconf 65' lang='lat' dir='ltr'><strong>siiri</strong></span> <span class='ocrx_word' id='word_1_161' title='bbox 2312 662 2626 729; x_wconf 49' lang='lat' dir='ltr'><strong>sapientiam</strong></span> <span class='ocrx_word' id='word_1_162' title='bbox 2662 662 2865 715; x_wconf 81' lang='lat' dir='ltr'><strong>venisse</strong></span> <span class='ocrx_word' id='word_1_163' title='bbox 2906 665 3133 727; x_wconf 76' lang='lat' dir='ltr'><strong>sentiat,</strong></span> <span class='ocrx_word' id='word_1_164' title='bbox 3167 671 3219 716; x_wconf 92' lang='lat' dir='ltr'><strong>et</strong></span> <span class='ocrx_word' id='word_1_165' title='bbox 3243 664 3418 715; x_wconf 74' lang='lat' dir='ltr'><strong>chart-</strong></span> 
     </span>
    </p>
   </div>
   <div class='ocr_carea' id='block_1_21' title="bbox 1874 752 3417 815">
    <p class='ocr_par' dir='ltr' id='par_1_21' title="bbox 1874 752 3417 815">
     <span class='ocr_line' id='line_1_21' title="bbox 1874 752 3417 815; baseline -0.003 -6"><span class='ocrx_word' id='word_1_166' title='bbox 1874 768 2063 815; x_wconf 86' lang='lat' dir='ltr'><strong>tatem,</strong></span> <span class='ocrx_word' id='word_1_167' title='bbox 2113 766 2165 807; x_wconf 72' lang='lat' dir='ltr'><strong>et</strong></span> <span class='ocrx_word' id='word_1_168' title='bbox 2208 756 2348 807; x_wconf 83' lang='lat' dir='ltr'><strong>dicat</strong></span> <span class='ocrx_word' id='word_1_169' title='bbox 2405 769 2506 805; x_wconf 83' lang='lat' dir='ltr'><strong>non</strong></span> <span class='ocrx_word' id='word_1_170' title='bbox 2545 753 2848 805; x_wconf 71' lang='lat' dir='ltr'><strong>videntibus</strong></span> <span class='ocrx_word' id='word_1_171' title='bbox 2897 770 2908 804; x_wconf 91' lang='lat'><strong>:</strong></span> <span class='ocrx_word' id='word_1_172' title='bbox 2959 752 3085 805; x_wconf 79' lang='lat' dir='ltr'><strong>Ecce</strong></span> <span class='ocrx_word' id='word_1_173' title='bbox 3132 756 3213 806; x_wconf 78' lang='lat' dir='ltr'><strong>hic</strong></span> <span class='ocrx_word' id='word_1_174' title='bbox 3263 755 3417 808; x_wconf 78' lang='lat' dir='ltr'><strong>venit.</strong></span> 
     </span>
    </p>
   </div>
   <div class='ocr_carea' id='block_1_22' title="bbox 1871 842 3419 913">
    <p class='ocr_par' dir='ltr' id='par_1_22' title="bbox 1871 842 3419 913">
     <span class='ocr_line' id='line_1_22' title="bbox 1871 842 3419 913; baseline 0 -14"><span class='ocrx_word' id='word_1_175' title='bbox 1871 844 2029 899; x_wconf 75' lang='lat' dir='ltr'><strong>Orate</strong></span> <span class='ocrx_word' id='word_1_176' title='bbox 2060 857 2115 897; x_wconf 91' lang='lat' dir='ltr'><strong>nt</strong></span> <span class='ocrx_word' id='word_1_177' title='bbox 2147 856 2193 897; x_wconf 88' lang='lat' dir='ltr'><strong>ct</strong></span> <span class='ocrx_word' id='word_1_178' title='bbox 2242 860 2339 913; x_wconf 68' lang='lat' dir='ltr'><strong>ego</strong></span> <span class='ocrx_word' id='word_1_179' title='bbox 2386 846 2586 912; x_wconf 83' lang='lat' dir='ltr'><strong>possim</strong></span> <span class='ocrx_word' id='word_1_180' title='bbox 2625 845 2801 897; x_wconf 82' lang='lat' dir='ltr'><strong>dicere</strong></span> <span class='ocrx_word' id='word_1_181' title='bbox 2832 860 2842 894; x_wconf 91' lang='lat'>:</span> <span class='ocrx_word' id='word_1_182' title='bbox 2892 842 3019 897; x_wconf 72' lang='lat' dir='ltr'><strong>Ecce</strong></span> <span class='ocrx_word' id='word_1_183' title='bbox 3064 846 3145 896; x_wconf 73' lang='lat' dir='ltr'><strong>liic</strong></span> <span class='ocrx_word' id='word_1_184' title='bbox 3180 848 3329 899; x_wconf 77' lang='lat' dir='ltr'><strong>venit.</strong></span> <span class='ocrx_word' id='word_1_185' title='bbox 3364 846 3419 901; x_wconf 85' lang='lat' dir='ltr'><strong>Si</strong></span> 
     </span>
    </p>
   </div>
   <div class='ocr_carea' id='block_1_23' title="bbox 1872 935 3423 1005">
    <p class='ocr_par' dir='ltr' id='par_1_23' title="bbox 1872 935 3423 1005">
     <span class='ocr_line' id='line_1_23' title="bbox 1872 935 3423 1005; baseline -0.001 -16"><span class='ocrx_word' id='word_1_186' title='bbox 1872 938 2012 989; x_wconf 86' lang='lat' dir='ltr'><strong>enim</strong></span> <span class='ocrx_word' id='word_1_187' title='bbox 2042 946 2267 1005; x_wconf 87' lang='lat' dir='ltr'><strong>potuero</strong></span> <span class='ocrx_word' id='word_1_188' title='bbox 2299 935 2385 987; x_wconf 86' lang='lat' dir='ltr'><strong>Dei</strong></span> <span class='ocrx_word' id='word_1_189' title='bbox 2412 936 2673 988; x_wconf 76' lang='lat' dir='ltr'><strong>disserere</strong></span> <span class='ocrx_word' id='word_1_190' title='bbox 2702 951 2997 996; x_wconf 54' lang='lat' dir='ltr'><strong>Sermones,</strong></span> <span class='ocrx_word' id='word_1_191' title='bbox 3027 936 3423 1003; x_wconf 79' lang='lat' dir='ltr'><strong>quodammodo</strong></span> 
     </span>
    </p>
   </div>
   <div class='ocr_carea' id='block_1_24' title="bbox 1871 1024 3422 1096">
    <p class='ocr_par' dir='ltr' id='par_1_24' title="bbox 1871 1024 3422 1096">
     <span class='ocr_line' id='line_1_24' title="bbox 1871 1024 3422 1096; baseline 0 -16"><span class='ocrx_word' id='word_1_192' title='bbox 1871 1036 1923 1080; x_wconf 85' lang='lat' dir='ltr'><strong>et</strong></span> <span class='ocrx_word' id='word_1_193' title='bbox 1947 1042 2045 1096; x_wconf 66' lang='lat' dir='ltr'><strong>ego</strong></span> <span class='ocrx_word' id='word_1_194' title='bbox 2078 1026 2251 1079; x_wconf 84' lang='lat' dir='ltr'><strong>dicam</strong></span> <span class='ocrx_word' id='word_1_195' title='bbox 2284 1045 2294 1078; x_wconf 87' lang='lat'><strong>:</strong></span> <span class='ocrx_word' id='word_1_196' title='bbox 2326 1024 2454 1077; x_wconf 81' lang='lat' dir='ltr'><strong>Ecce</strong></span> <span class='ocrx_word' id='word_1_197' title='bbox 2485 1026 2565 1076; x_wconf 75' lang='grc' dir='ltr'><em>Ιείε</em></span> <span class='ocrx_word' id='word_1_198' title='bbox 2598 1028 2749 1077; x_wconf 76' lang='lat' dir='ltr'><strong>reuit.</strong></span> <span class='ocrx_word' id='word_1_199' title='bbox 2792 1027 2944 1090; x_wconf 72' lang='lat' dir='ltr'><strong>Qtur?</strong></span> <span class='ocrx_word' id='word_1_200' title='bbox 2973 1025 3085 1079; x_wconf 63' lang='lat' dir='ltr'><strong>Non</strong></span> <span class='ocrx_word' id='word_1_201' title='bbox 3118 1029 3301 1095; x_wconf 87' lang='lat' dir='ltr'><strong>utique</strong></span> <span class='ocrx_word' id='word_1_202' title='bbox 3337 1030 3422 1089; x_wconf 81' lang='lat' dir='ltr'><strong>ubi</strong></span> 
     </span>
    </p>
   </div>
   <div class='ocr_carea' id='block_1_25' title="bbox 1870 1115 3423 1181">
    <p class='ocr_par' dir='ltr' id='par_1_25' title="bbox 1870 1115 3423 1181">
     <span class='ocr_line' id='line_1_25' title="bbox 1870 1115 3423 1181; baseline 0.001 -13"><span class='ocrx_word' id='word_1_203' title='bbox 1870 1118 2043 1179; x_wconf 75' lang='lat' dir='ltr'><strong>vallis,</strong></span> <span class='ocrx_word' id='word_1_204' title='bbox 2093 1132 2198 1170; x_wconf 88' lang='lat' dir='ltr'><strong>non</strong></span> <span class='ocrx_word' id='word_1_205' title='bbox 2254 1116 2341 1168; x_wconf 82' lang='lat' dir='ltr'><strong>ubi</strong></span> <span class='ocrx_word' id='word_1_206' title='bbox 2389 1115 2613 1169; x_wconf 83' lang='lat' dir='ltr'><strong>humilia</strong></span> <span class='ocrx_word' id='word_1_207' title='bbox 2662 1117 2797 1168; x_wconf 77' lang='lat' dir='ltr'><strong>loca.</strong></span> <span class='ocrx_word' id='word_1_208' title='bbox 2849 1117 2964 1181; x_wconf 74' lang='lat' dir='ltr'><strong>Quo</strong></span> <span class='ocrx_word' id='word_1_209' title='bbox 3002 1116 3174 1169; x_wconf 65' lang='lat' dir='ltr'><strong>venit?</strong></span> <span class='ocrx_word' id='word_1_210' title='bbox 3223 1115 3423 1169; x_wconf 83' lang='lat' dir='ltr'><strong>Salieus</strong></span> 
     </span>
    </p>
   </div>
   <div class='ocr_carea' id='block_1_26' title="bbox 1870 1206 3507 1275">
    <p class='ocr_par' dir='ltr' id='par_1_26' title="bbox 1870 1206 3507 1275">
     <span class='ocr_line' id='line_1_26' title="bbox 1870 1206 3507 1275; baseline 0 -14"><span class='ocrx_word' id='word_1_211' title='bbox 1870 1224 2022 1275; x_wconf 88' lang='lat' dir='ltr'><strong>super</strong></span> <span class='ocrx_word' id='word_1_212' title='bbox 2048 1218 2256 1267; x_wconf 68' lang='lat' dir='ltr'><strong>montes,</strong></span> <span class='ocrx_word' id='word_1_213' title='bbox 2282 1206 2584 1259; x_wconf 65' lang='lat' dir='ltr'><strong>transiliens</strong></span> <span class='ocrx_word' id='word_1_214' title='bbox 2609 1222 2760 1271; x_wconf 78' lang='lat' dir='ltr'><strong>super</strong></span> <span class='ocrx_word' id='word_1_215' title='bbox 2781 1223 2818 1256; x_wconf 66' lang='lat' dir='ltr'><strong>co</strong></span> <span class='ocrx_word' id='word_1_216' title='bbox 2842 1207 2952 1259; x_wconf 84' lang='lat' dir='ltr'><strong>llcs.</strong></span> <span class='ocrx_word' id='word_1_217' title='bbox 2975 1207 3029 1259; x_wconf 87' lang='lat' dir='ltr'><strong>Si</strong></span> <span class='ocrx_word' id='word_1_218' title='bbox 3061 1207 3223 1259; x_wconf 62' lang='lat' dir='ltr'><strong>fueris</strong></span> <span class='ocrx_word' id='word_1_219' title='bbox 3248 1222 3421 1268; x_wconf 87' lang='lat' dir='ltr'><strong>mons,</strong></span> <span class='ocrx_word' id='word_1_220' title='bbox 3506 1258 3507 1261; x_wconf 45' lang='grc' dir='ltr'><strong>η</strong></span> 
     </span>
    </p>
   </div>
   <div class='ocr_carea' id='block_1_27' title="bbox 1872 1296 3422 1356">
    <p class='ocr_par' dir='ltr' id='par_1_27' title="bbox 1872 1296 3422 1356">
     <span class='ocr_line' id='line_1_27' title="bbox 1872 1296 3422 1356; baseline -0.001 -5"><span class='ocrx_word' id='word_1_221' title='bbox 1872 1299 1997 1351; x_wconf 90' lang='lat' dir='ltr'><strong>salit</strong></span> <span class='ocrx_word' id='word_1_222' title='bbox 2036 1298 2087 1349; x_wconf 90' lang='lat' dir='ltr'><strong>in</strong></span> <span class='ocrx_word' id='word_1_223' title='bbox 2132 1308 2179 1351; x_wconf 83' lang='lat' dir='ltr'><strong>te</strong></span> <span class='ocrx_word' id='word_1_224' title='bbox 2231 1314 2408 1351; x_wconf 83' lang='lat' dir='ltr'><strong>sermo</strong></span> <span class='ocrx_word' id='word_1_225' title='bbox 2452 1296 2562 1351; x_wconf 89' lang='lat' dir='ltr'><strong>Dei.</strong></span> <span class='ocrx_word' id='word_1_226' title='bbox 2614 1297 2667 1348; x_wconf 86' lang='lat' dir='ltr'><strong>Si</strong></span> <span class='ocrx_word' id='word_1_227' title='bbox 2702 1313 2804 1349; x_wconf 89' lang='lat' dir='ltr'><strong>non</strong></span> <span class='ocrx_word' id='word_1_228' title='bbox 2843 1298 3072 1350; x_wconf 86' lang='lat' dir='ltr'><strong>valueris</strong></span> <span class='ocrx_word' id='word_1_229' title='bbox 3098 1314 3215 1349; x_wconf 74' lang='lat' dir='ltr'><strong>esse</strong></span> <span class='ocrx_word' id='word_1_230' title='bbox 3246 1315 3422 1356; x_wconf 76' lang='lat' dir='ltr'><strong>mons.</strong></span> 
     </span>
    </p>
   </div>
   <div class='ocr_carea' id='block_1_28' title="bbox 1873 1385 3425 1456">
    <p class='ocr_par' dir='ltr' id='par_1_28' title="bbox 1873 1385 3425 1456">
     <span class='ocr_line' id='line_1_28' title="bbox 1873 1385 3425 1456; baseline -0.001 -15"><span class='ocrx_word' id='word_1_231' title='bbox 1873 1386 1966 1441; x_wconf 91' lang='lat' dir='ltr'><strong>sed</strong></span> <span class='ocrx_word' id='word_1_232' title='bbox 2001 1385 2165 1439; x_wconf 85' lang='lat' dir='ltr'><strong>fueris</strong></span> <span class='ocrx_word' id='word_1_233' title='bbox 2192 1389 2366 1447; x_wconf 75' lang='lat' dir='ltr'><strong>collis,</strong></span> <span class='ocrx_word' id='word_1_234' title='bbox 2393 1387 2659 1441; x_wconf 86' lang='lat' dir='ltr'><strong>secundus</strong></span> <span class='ocrx_word' id='word_1_235' title='bbox 2691 1401 2718 1439; x_wconf 90' lang='lat' dir='ltr'><strong>a</strong></span> <span class='ocrx_word' id='word_1_236' title='bbox 2748 1395 2945 1447; x_wconf 88' lang='lat' dir='ltr'><strong>monte,</strong></span> <span class='ocrx_word' id='word_1_237' title='bbox 2983 1389 3241 1440; x_wconf 78' lang='lat' dir='ltr'><strong>transiliet</strong></span> <span class='ocrx_word' id='word_1_238' title='bbox 3266 1404 3425 1456; x_wconf 72' lang='lat' dir='ltr'><strong>super</strong></span> 
     </span>
    </p>
   </div>
   <div class='ocr_carea' id='block_1_29' title="bbox 1876 1477 3426 1545">
    <p class='ocr_par' dir='ltr' id='par_1_29' title="bbox 1876 1477 3426 1545">
     <span class='ocr_line' id='line_1_29' title="bbox 1876 1477 3426 1545; baseline 0 -14"><span class='ocrx_word' id='word_1_239' title='bbox 1876 1488 1946 1532; x_wconf 85' lang='lat' dir='ltr'><strong>te.</strong></span> <span class='ocrx_word' id='word_1_240' title='bbox 1981 1477 2153 1542; x_wconf 83' lang='lat' dir='ltr'><strong>Quam</strong></span> <span class='ocrx_word' id='word_1_241' title='bbox 2185 1493 2309 1529; x_wconf 85' lang='lat' dir='ltr'><strong>vero</strong></span> <span class='ocrx_word' id='word_1_242' title='bbox 2345 1478 2563 1545; x_wconf 74' lang='lat' dir='ltr'><strong>pulchra</strong></span> <span class='ocrx_word' id='word_1_243' title='bbox 2602 1489 2653 1530; x_wconf 90' lang='lat' dir='ltr'><strong>et</strong></span> <span class='ocrx_word' id='word_1_244' title='bbox 2690 1477 3059 1529; x_wconf 75' lang='lat' dir='ltr'><strong>convenientia</strong></span> <span class='ocrx_word' id='word_1_245' title='bbox 3084 1480 3241 1530; x_wconf 83' lang='lat' dir='ltr'><strong>rebus</strong></span> <span class='ocrx_word' id='word_1_246' title='bbox 3272 1495 3426 1531; x_wconf 75' lang='lat' dir='ltr'><strong>voca-</strong></span> 
     </span>
    </p>
   </div>
   <div class='ocr_carea' id='block_1_30' title="bbox 1877 1567 3423 1636">
    <p class='ocr_par' dir='ltr' id='par_1_30' title="bbox 1877 1567 3423 1636">
     <span class='ocr_line' id='line_1_30' title="bbox 1877 1567 3423 1636; baseline 0.001 -16"><span class='ocrx_word' id='word_1_247' title='bbox 1877 1570 2026 1621; x_wconf 88' lang='lat' dir='ltr'><strong>bula!</strong></span> <span class='ocrx_word' id='word_1_248' title='bbox 2086 1567 2220 1621; x_wconf 87' lang='lat' dir='ltr'><strong>Salit</strong></span> <span class='ocrx_word' id='word_1_249' title='bbox 2278 1583 2437 1635; x_wconf 85' lang='lat' dir='ltr'><strong>super</strong></span> <span class='ocrx_word' id='word_1_250' title='bbox 2489 1578 2726 1628; x_wconf 88' lang='lat' dir='ltr'><strong>montes,</strong></span> <span class='ocrx_word' id='word_1_251' title='bbox 2778 1569 2901 1636; x_wconf 89' lang='lat' dir='ltr'><strong>quia</strong></span> <span class='ocrx_word' id='word_1_252' title='bbox 2953 1568 3183 1634; x_wconf 83' lang='lat' dir='ltr'><strong>majores</strong></span> <span class='ocrx_word' id='word_1_253' title='bbox 3236 1578 3359 1621; x_wconf 74' lang='lat' dir='ltr'><strong>sunt</strong></span> <span class='ocrx_word' id='word_1_254' title='bbox 3411 1586 3423 1621; x_wconf 92' lang='lat'>:</span> 
     </span>
    </p>
   </div>
   <div class='ocr_carea' id='block_1_31' title="bbox 1877 1658 3421 1726">
    <p class='ocr_par' dir='ltr' id='par_1_31' title="bbox 1877 1658 3421 1726">
     <span class='ocr_line' id='line_1_31' title="bbox 1877 1658 3421 1726; baseline 0 -14"><span class='ocrx_word' id='word_1_255' title='bbox 1877 1659 2110 1712; x_wconf 75' lang='lat' dir='ltr'><strong>transilit</strong></span> <span class='ocrx_word' id='word_1_256' title='bbox 2166 1672 2328 1725; x_wconf 79' lang='lat' dir='ltr'><strong>super</strong></span> <span class='ocrx_word' id='word_1_257' title='bbox 2399 1658 2597 1722; x_wconf 81' lang='lat' dir='ltr'><strong>Colles,</strong></span> <span class='ocrx_word' id='word_1_258' title='bbox 2652 1659 2775 1726; x_wconf 84' lang='lat' dir='ltr'><strong>quia</strong></span> <span class='ocrx_word' id='word_1_259' title='bbox 2823 1658 3059 1711; x_wconf 81' lang='lat' dir='ltr'><strong>minores</strong></span> <span class='ocrx_word' id='word_1_260' title='bbox 3109 1668 3247 1711; x_wconf 86' lang='lat' dir='ltr'><strong>sunt.</strong></span> <span class='ocrx_word' id='word_1_261' title='bbox 3307 1659 3421 1712; x_wconf 72' lang='lat' dir='ltr'><strong>Non</strong></span> 
     </span>
    </p>
   </div>
   <div class='ocr_carea' id='block_1_32' title="bbox 207 1822 3427 1909">
    <p class='ocr_par' dir='ltr' id='par_1_32' title="bbox 207 1822 3427 1909">
     <span class='ocr_line' id='line_1_32' title="bbox 207 1822 3427 1909; baseline -0.001 -17"><span class='ocrx_word' id='word_1_262' title='bbox 207 1844 318 1909; x_wconf 49' lang='lat' dir='ltr'><strong>pite</strong></span> <span class='ocrx_word' id='word_1_263' title='bbox 345 1855 498 1903; x_wconf 78' lang='lat' dir='ltr'><strong>meo;</strong></span> <span class='ocrx_word' id='word_1_264' title='bbox 530 1854 690 1906; x_wconf 74' lang='lat' dir='ltr'><strong>quam</strong></span> <span class='ocrx_word' id='word_1_265' title='bbox 726 1852 849 1891; x_wconf 91' lang='lat' dir='ltr'><strong>cum</strong></span> <span class='ocrx_word' id='word_1_266' title='bbox 888 1836 1162 1896; x_wconf 86' lang='lat' dir='ltr'><strong>habueris.</strong></span> <span class='ocrx_word' id='word_1_267' title='bbox 1194 1833 1380 1889; x_wconf 88' lang='lat' dir='ltr'><strong>omnia</strong></span> <span class='ocrx_word' id='word_1_268' title='bbox 1407 1832 1503 1885; x_wconf 89' lang='lat' dir='ltr'><strong>tihi</strong></span> <span class='ocrx_word' id='word_1_269' title='bbox 1533 1847 1651 1901; x_wconf 60' lang='lat' dir='ltr'><strong>quae</strong></span> <span class='ocrx_word' id='word_1_270' title='bbox 1674 1822 1847 1886; x_wconf 72' lang='lat' dir='ltr'><strong>suntB</strong></span> <span class='ocrx_word' id='word_1_271' title='bbox 1879 1835 1959 1887; x_wconf 81' lang='lat' dir='ltr'><strong>Iric</strong></span> <span class='ocrx_word' id='word_1_272' title='bbox 2003 1835 2136 1887; x_wconf 85' lang='lat' dir='ltr'><strong>rcuit</strong></span> <span class='ocrx_word' id='word_1_273' title='bbox 2192 1833 2383 1888; x_wconf 85' lang='lat' dir='ltr'><strong>saliens</strong></span> <span class='ocrx_word' id='word_1_274' title='bbox 2436 1849 2589 1901; x_wconf 80' lang='lat' dir='ltr'><strong>super</strong></span> <span class='ocrx_word' id='word_1_275' title='bbox 2639 1845 2832 1888; x_wconf 78' lang='lat' dir='ltr'><strong>nrontcs</strong></span> <span class='ocrx_word' id='word_1_276' title='bbox 2854 1876 2867 1897; x_wconf 95' lang='lat'><strong>,</strong></span> <span class='ocrx_word' id='word_1_277' title='bbox 2924 1837 3224 1889; x_wconf 84' lang='lat' dir='ltr'><strong>transiliens</strong></span> <span class='ocrx_word' id='word_1_278' title='bbox 3275 1853 3427 1905; x_wconf 79' lang='lat' dir='ltr'><strong>super</strong></span> 
     </span>
    </p>
   </div>
   <div class='ocr_carea' id='block_1_33' title="bbox 214 1923 2052 1997">
    <p class='ocr_par' dir='ltr' id='par_1_33' title="bbox 214 1923 2052 1997">
     <span class='ocr_line' id='line_1_33' title="bbox 214 1923 2052 1997; baseline -0.004 -13"><span class='ocrx_word' id='word_1_279' title='bbox 214 1935 267 1985; x_wconf 91' lang='lat' dir='ltr'><strong>in</strong></span> <span class='ocrx_word' id='word_1_280' title='bbox 292 1933 429 1984; x_wconf 74' lang='lat' dir='ltr'><strong>lteva</strong></span> <span class='ocrx_word' id='word_1_281' title='bbox 456 1931 786 1984; x_wconf 88' lang='lat' dir='ltr'><strong>tribuuntur.</strong></span> <span class='ocrx_word' id='word_1_282' title='bbox 813 1929 957 1983; x_wconf 78' lang='lat' dir='ltr'><strong>Dicis</strong></span> <span class='ocrx_word' id='word_1_283' title='bbox 981 1927 1217 1997; x_wconf 86' lang='lat' dir='ltr'><strong>quippe:</strong></span> <span class='ocrx_word' id='word_1_284' title='bbox 1251 1923 1313 1979; x_wconf 88' lang='lat' dir='ltr'><strong>In</strong></span> <span class='ocrx_word' id='word_1_285' title='bbox 1333 1926 1549 1979; x_wconf 83' lang='lat' dir='ltr'><strong>sinistra</strong></span> <span class='ocrx_word' id='word_1_286' title='bbox 1580 1925 1694 1991; x_wconf 86' lang='lat' dir='ltr'><strong>ejus</strong></span> <span class='ocrx_word' id='word_1_287' title='bbox 1716 1923 1800 1976; x_wconf 77' lang='grc' dir='ltr'><strong>(ιί-</strong></span> <span class='ocrx_word' id='word_1_288' title='bbox 1877 1925 2052 1977; x_wconf 83' lang='lat' dir='ltr'><strong>colles.</strong></span> 
     </span>
    </p>
   </div>
   <div class='ocr_carea' id='block_1_34' title="bbox 210 2012 1796 2090">
    <p class='ocr_par' dir='ltr' id='par_1_34' title="bbox 210 2012 1796 2090">
     <span class='ocr_line' id='line_1_34' title="bbox 210 2012 1796 2090; baseline -0.004 -15"><span class='ocrx_word' id='word_1_289' title='bbox 210 2024 353 2075; x_wconf 51' lang='lat' dir='ltr'><strong>tritior</strong></span> <span class='ocrx_word' id='word_1_290' title='bbox 375 2030 423 2073; x_wconf 75' lang='lat' dir='ltr'><strong>et</strong></span> <span class='ocrx_word' id='word_1_291' title='bbox 448 2019 636 2090; x_wconf 84' lang='lat' dir='ltr'><strong>gloria,</strong></span> <span class='ocrx_word' id='word_1_292' title='bbox 656 2036 695 2072; x_wconf 74' lang='grc' dir='ltr'><strong>ες</strong></span> <span class='ocrx_word' id='word_1_293' title='bbox 720 2020 933 2071; x_wconf 75' lang='lat' dir='ltr'><strong>dextera</strong></span> <span class='ocrx_word' id='word_1_294' title='bbox 956 2018 1068 2086; x_wconf 86' lang='lat' dir='ltr'><strong>ejus</strong></span> <span class='ocrx_word' id='word_1_295' title='bbox 1097 2014 1484 2084; x_wconf 66' lang='lat' dir='ltr'><strong>amplexabitur</strong></span> <span class='ocrx_word' id='word_1_296' title='bbox 1503 2012 1796 2083; x_wconf 74' lang='lat'><strong>525-27</strong></span> 
     </span>
    </p>
   </div>
   <div class='ocr_carea' id='block_1_35' title="bbox 209 2103 1796 2177">
    <p class='ocr_par' dir='ltr' id='par_1_35' title="bbox 209 2103 1796 2177">
     <span class='ocr_line' id='line_1_35' title="bbox 209 2103 1796 2177; baseline -0.006 -11"><span class='ocrx_word' id='word_1_297' title='bbox 209 2131 314 2167; x_wconf 83' lang='lat' dir='ltr'><strong>me.</strong></span> <span class='ocrx_word' id='word_1_298' title='bbox 350 2113 548 2166; x_wconf 85' lang='lat' dir='ltr'><strong>Totum</strong></span> <span class='ocrx_word' id='word_1_299' title='bbox 599 2110 859 2176; x_wconf 59' lang='lat' dir='ltr'><strong>tusmnsi</strong></span> <span class='ocrx_word' id='word_1_300' title='bbox 911 2110 1129 2162; x_wconf 78' lang='lat' dir='ltr'><strong>dx&#39;era</strong></span> <span class='ocrx_word' id='word_1_301' title='bbox 1188 2109 1603 2177; x_wconf 70' lang='lat' dir='ltr'><strong>complectatur.</strong></span> <span class='ocrx_word' id='word_1_302' title='bbox 1648 2103 1796 2157; x_wconf 76' lang='lat' dir='ltr'><strong>Lan-</strong></span> 
     </span>
    </p>
   </div>
   <div class='ocr_carea' id='block_1_36' title="bbox 208 2187 1772 2263">
    <p class='ocr_par' dir='ltr' id='par_1_36' title="bbox 208 2187 1772 2263">
     <span class='ocr_line' id='line_1_36' title="bbox 208 2187 1772 2263; baseline -0.003 -19"><span class='ocrx_word' id='word_1_303' title='bbox 208 2194 400 2263; x_wconf 68' lang='lat' dir='ltr'><strong>gimdo</strong></span> <span class='ocrx_word' id='word_1_304' title='bbox 427 2193 625 2263; x_wconf 87' lang='lat' dir='ltr'><strong>quippe</strong></span> <span class='ocrx_word' id='word_1_305' title='bbox 659 2204 709 2247; x_wconf 87' lang='lat' dir='ltr'><strong>et</strong></span> <span class='ocrx_word' id='word_1_306' title='bbox 735 2194 861 2247; x_wconf 88' lang='lat' dir='ltr'><strong>anni</strong></span> <span class='ocrx_word' id='word_1_307' title='bbox 890 2193 1010 2247; x_wconf 66' lang='lat' dir='ltr'><strong>vitae</strong></span> <span class='ocrx_word' id='word_1_308' title='bbox 1039 2193 1089 2245; x_wconf 93' lang='lat' dir='ltr'><strong>in</strong></span> <span class='ocrx_word' id='word_1_309' title='bbox 1120 2192 1338 2246; x_wconf 77' lang='lat' dir='ltr'><strong>dextera</strong></span> <span class='ocrx_word' id='word_1_310' title='bbox 1375 2190 1492 2256; x_wconf 86' lang='lat' dir='ltr'><strong>ejus</strong></span> <span class='ocrx_word' id='word_1_311' title='bbox 1525 2197 1610 2243; x_wconf 87' lang='lat' dir='ltr'><strong>:et</strong></span> <span class='ocrx_word' id='word_1_312' title='bbox 1637 2188 1706 2242; x_wconf 91' lang='lat' dir='ltr'><strong>ob</strong></span> <span class='ocrx_word' id='word_1_313' title='bbox 1723 2187 1772 2241; x_wconf 90' lang='lat' dir='ltr'><strong>id</strong></span> 
     </span>
    </p>
   </div>
   <div class='ocr_carea' id='block_1_37' title="bbox 207 2280 1770 2352">
    <p class='ocr_par' dir='ltr' id='par_1_37' title="bbox 207 2280 1770 2352">
     <span class='ocr_line' id='line_1_37' title="bbox 207 2280 1770 2352; baseline -0.003 -15"><span class='ocrx_word' id='word_1_314' title='bbox 207 2286 387 2352; x_wconf 68' lang='lat' dir='ltr'><strong>longa:</strong></span> <span class='ocrx_word' id='word_1_315' title='bbox 415 2285 555 2347; x_wconf 65' lang='lat' dir='ltr'><strong>vitae,</strong></span> <span class='ocrx_word' id='word_1_316' title='bbox 590 2292 641 2336; x_wconf 89' lang='lat' dir='ltr'><strong>et</strong></span> <span class='ocrx_word' id='word_1_317' title='bbox 670 2284 961 2337; x_wconf 87' lang='lat' dir='ltr'><strong>multorum</strong></span> <span class='ocrx_word' id='word_1_318' title='bbox 995 2284 1201 2336; x_wconf 88' lang='lat' dir='ltr'><strong>dierum</strong></span> <span class='ocrx_word' id='word_1_319' title='bbox 1241 2280 1349 2334; x_wconf 89' lang='lat' dir='ltr'><strong>eris</strong></span> <span class='ocrx_word' id='word_1_320' title='bbox 1384 2294 1545 2348; x_wconf 85' lang='lat' dir='ltr'><strong>super</strong></span> <span class='ocrx_word' id='word_1_321' title='bbox 1577 2288 1770 2332; x_wconf 84' lang='lat' dir='ltr'><strong>terram</strong></span> 
     </span>
    </p>
   </div>
   <div class='ocr_carea' id='block_1_38' title="bbox 210 2371 1771 2445">
    <p class='ocr_par' dir='ltr' id='par_1_38' title="bbox 210 2371 1771 2445">
     <span class='ocr_line' id='line_1_38' title="bbox 210 2371 1771 2445; baseline -0.004 -15"><span class='ocrx_word' id='word_1_322' title='bbox 210 2377 411 2429; x_wconf 74' lang='lat' dir='ltr'><strong>bonam</strong></span> <span class='ocrx_word' id='word_1_323' title='bbox 444 2390 603 2445; x_wconf 86' lang='lat' dir='ltr'><strong>quam</strong></span> <span class='ocrx_word' id='word_1_324' title='bbox 636 2375 895 2428; x_wconf 83' lang='lat' dir='ltr'><strong>Dominus</strong></span> <span class='ocrx_word' id='word_1_325' title='bbox 926 2374 1066 2428; x_wconf 88' lang='lat' dir='ltr'><strong>Deus</strong></span> <span class='ocrx_word' id='word_1_326' title='bbox 1099 2384 1223 2427; x_wconf 90' lang='lat' dir='ltr'><strong>tuus</strong></span> <span class='ocrx_word' id='word_1_327' title='bbox 1250 2372 1342 2425; x_wconf 89' lang='lat' dir='ltr'><strong>dat</strong></span> <span class='ocrx_word' id='word_1_328' title='bbox 1370 2372 1482 2425; x_wconf 88' lang='lat' dir='ltr'><strong>tibi.</strong></span> <span class='ocrx_word' id='word_1_329' title='bbox 1520 2371 1771 2439; x_wconf 84' lang='lat' dir='ltr'><strong>Adjurari</strong></span> 
     </span>
    </p>
   </div>
   <div class='ocr_carea' id='block_1_39' title="bbox 210 2462 1768 2535">
    <p class='ocr_par' dir='ltr' id='par_1_39' title="bbox 210 2462 1768 2535">
     <span class='ocr_line' id='line_1_39' title="bbox 210 2462 1768 2535; baseline -0.004 -14"><span class='ocrx_word' id='word_1_330' title='bbox 210 2485 321 2529; x_wconf 65' lang='lat' dir='ltr'><strong>eos,</strong></span> <span class='ocrx_word' id='word_1_331' title='bbox 348 2466 481 2535; x_wconf 65' lang='lat' dir='ltr'><strong>ﬁlice</strong></span> <span class='ocrx_word' id='word_1_332' title='bbox 526 2466 873 2531; x_wconf 77' lang='lat' dir='ltr'><strong>Hierusalem,</strong></span> <span class='ocrx_word' id='word_1_333' title='bbox 901 2465 955 2518; x_wconf 86' lang='lat' dir='ltr'><strong>iu</strong></span> <span class='ocrx_word' id='word_1_334' title='bbox 998 2465 1295 2527; x_wconf 68' lang='lat' dir='ltr'><strong>uirtutibus,</strong></span> <span class='ocrx_word' id='word_1_335' title='bbox 1334 2474 1381 2517; x_wconf 80' lang='lat' dir='ltr'><strong>et</strong></span> <span class='ocrx_word' id='word_1_336' title='bbox 1409 2464 1602 2516; x_wconf 84' lang='lat' dir='ltr'><strong>viribus</strong></span> <span class='ocrx_word' id='word_1_337' title='bbox 1635 2462 1768 2530; x_wconf 87' lang='lat' dir='ltr'><strong>agri.</strong></span> 
     </span>
    </p>
   </div>
   <div class='ocr_carea' id='block_1_40' title="bbox 209 2552 1773 2626">
    <p class='ocr_par' dir='ltr' id='par_1_40' title="bbox 209 2552 1773 2626">
     <span class='ocr_line' id='line_1_40' title="bbox 209 2552 1773 2626; baseline -0.004 -17"><span class='ocrx_word' id='word_1_338' title='bbox 209 2557 349 2623; x_wconf 65' lang='lat' dir='ltr'><strong>Quid</strong></span> <span class='ocrx_word' id='word_1_339' title='bbox 393 2557 605 2625; x_wconf 88' lang='lat' dir='ltr'><strong>adjurat</strong></span> <span class='ocrx_word' id='word_1_340' title='bbox 659 2572 855 2626; x_wconf 90' lang='lat' dir='ltr'><strong>sponsa</strong></span> <span class='ocrx_word' id='word_1_341' title='bbox 907 2556 1043 2609; x_wconf 85' lang='lat' dir='ltr'><strong>filias</strong></span> <span class='ocrx_word' id='word_1_342' title='bbox 1075 2554 1445 2609; x_wconf 89' lang='lat' dir='ltr'><strong>Hierusalem?</strong></span> <span class='ocrx_word' id='word_1_343' title='bbox 1483 2553 1542 2607; x_wconf 87' lang='lat' dir='ltr'><strong>Si</strong></span> <span class='ocrx_word' id='word_1_344' title='bbox 1576 2552 1773 2605; x_wconf 83' lang='lat' dir='ltr'><strong>levave-</strong></span> 
     </span>
    </p>
   </div>
   <div class='ocr_carea' id='block_1_41' title="bbox 210 2645 1771 2714">
    <p class='ocr_par' dir='ltr' id='par_1_41' title="bbox 210 2645 1771 2714">
     <span class='ocr_line' id='line_1_41' title="bbox 210 2645 1771 2714; baseline -0.002 -14"><span class='ocrx_word' id='word_1_345' title='bbox 210 2650 349 2714; x_wconf 83' lang='lat' dir='ltr'><strong>ritis,</strong></span> <span class='ocrx_word' id='word_1_346' title='bbox 382 2661 430 2702; x_wconf 83' lang='lat' dir='ltr'><strong>et</strong></span> <span class='ocrx_word' id='word_1_347' title='bbox 469 2649 850 2701; x_wconf 80' lang='lat' dir='ltr'><strong>suscitareritis</strong></span> <span class='ocrx_word' id='word_1_348' title='bbox 888 2647 1216 2699; x_wconf 77' lang='lat' dir='ltr'><strong>clraritatem.</strong></span> <span class='ocrx_word' id='word_1_349' title='bbox 1259 2645 1506 2711; x_wconf 86' lang='lat' dir='ltr'><strong>Quandiu</strong></span> <span class='ocrx_word' id='word_1_350' title='bbox 1537 2645 1771 2697; x_wconf 69' lang='lat' dir='ltr'><strong>cbaritas</strong></span> 
     </span>
    </p>
   </div>
   <div class='ocr_carea' id='block_1_42' title="bbox 208 2737 1771 2802">
    <p class='ocr_par' dir='ltr' id='par_1_42' title="bbox 208 2737 1771 2802">
     <span class='ocr_line' id='line_1_42' title="bbox 208 2737 1771 2802; baseline -0.003 -11"><span class='ocrx_word' id='word_1_351' title='bbox 208 2740 411 2792; x_wconf 78' lang='lat' dir='ltr'><strong>dormit</strong></span> <span class='ocrx_word' id='word_1_352' title='bbox 442 2740 494 2792; x_wconf 91' lang='lat' dir='ltr'><strong>in</strong></span> <span class='ocrx_word' id='word_1_353' title='bbox 527 2740 698 2802; x_wconf 81' lang='lat' dir='ltr'><strong>vobis,</strong></span> <span class='ocrx_word' id='word_1_354' title='bbox 730 2755 761 2792; x_wconf 86' lang='grc' dir='ltr'>ο</span> <span class='ocrx_word' id='word_1_355' title='bbox 796 2740 915 2793; x_wconf 73' lang='lat' dir='ltr'><strong>ﬁlia:</strong></span> <span class='ocrx_word' id='word_1_356' title='bbox 950 2738 1309 2802; x_wconf 88' lang='lat' dir='ltr'><strong>Hierusalem,</strong></span> <span class='ocrx_word' id='word_1_357' title='bbox 1340 2754 1372 2791; x_wconf 92' lang='grc' dir='ltr'>ο</span> <span class='ocrx_word' id='word_1_358' title='bbox 1401 2737 1771 2789; x_wconf 77' lang='lat' dir='ltr'><strong>adolescentu-</strong></span> 
     </span>
    </p>
   </div>
   <div class='ocr_carea' id='block_1_43' title="bbox 209 2825 1769 2894">
    <p class='ocr_par' dir='ltr' id='par_1_43' title="bbox 209 2825 1769 2894">
     <span class='ocr_line' id='line_1_43' title="bbox 209 2825 1769 2894; baseline -0.001 -16"><span class='ocrx_word' id='word_1_359' title='bbox 209 2825 293 2889; x_wconf 62' lang='grc' dir='ltr'><strong>ιω,</strong></span> <span class='ocrx_word' id='word_1_360' title='bbox 329 2841 449 2893; x_wconf 65' lang='lat' dir='ltr'><strong>qure</strong></span> <span class='ocrx_word' id='word_1_361' title='bbox 504 2826 554 2877; x_wconf 92' lang='lat' dir='ltr'><strong>in</strong></span> <span class='ocrx_word' id='word_1_362' title='bbox 610 2841 692 2879; x_wconf 90' lang='lat' dir='ltr'><strong>me</strong></span> <span class='ocrx_word' id='word_1_363' title='bbox 743 2841 849 2878; x_wconf 89' lang='lat' dir='ltr'><strong>non</strong></span> <span class='ocrx_word' id='word_1_364' title='bbox 895 2827 1112 2889; x_wconf 87' lang='lat' dir='ltr'><strong>dormit,</strong></span> <span class='ocrx_word' id='word_1_365' title='bbox 1160 2826 1286 2894; x_wconf 86' lang='lat' dir='ltr'><strong>quia</strong></span> <span class='ocrx_word' id='word_1_366' title='bbox 1334 2826 1608 2877; x_wconf 82' lang='lat' dir='ltr'><strong>vulnerata</strong></span> <span class='ocrx_word' id='word_1_367' title='bbox 1652 2840 1769 2877; x_wconf 80' lang='lat' dir='ltr'><strong>sum</strong></span> 
     </span>
    </p>
   </div>
   <div class='ocr_carea' id='block_1_44' title="bbox 207 2916 1771 2985">
    <p class='ocr_par' dir='ltr' id='par_1_44' title="bbox 207 2916 1771 2985">
     <span class='ocr_line' id='line_1_44' title="bbox 207 2916 1771 2985; baseline -0.003 -16"><span class='ocrx_word' id='word_1_368' title='bbox 207 2916 515 2970; x_wconf 85' lang='lat' dir='ltr'><strong>charitate?</strong></span> <span class='ocrx_word' id='word_1_369' title='bbox 549 2916 605 2968; x_wconf 88' lang='lat' dir='ltr'><strong>ln</strong></span> <span class='ocrx_word' id='word_1_370' title='bbox 637 2917 789 2969; x_wconf 84' lang='lat' dir='ltr'><strong>vobis</strong></span> <span class='ocrx_word' id='word_1_371' title='bbox 823 2926 999 2969; x_wconf 84' lang='lat' dir='ltr'><strong>autem</strong></span> <span class='ocrx_word' id='word_1_372' title='bbox 1028 2932 1147 2985; x_wconf 59' lang='lat' dir='ltr'><strong>quae</strong></span> <span class='ocrx_word' id='word_1_373' title='bbox 1174 2917 1353 2985; x_wconf 87' lang='lat' dir='ltr'><strong>plures</strong></span> <span class='ocrx_word' id='word_1_374' title='bbox 1386 2916 1534 2973; x_wconf 90' lang='lat' dir='ltr'><strong>estis.</strong></span> <span class='ocrx_word' id='word_1_375' title='bbox 1561 2924 1613 2969; x_wconf 87' lang='lat' dir='ltr'><strong>ct</strong></span> <span class='ocrx_word' id='word_1_376' title='bbox 1640 2916 1771 2967; x_wconf 80' lang='lat' dir='ltr'><strong>ado-</strong></span> 
     </span>
    </p>
   </div>
   <div class='ocr_carea' id='block_1_45' title="bbox 212 3007 1775 3073">
    <p class='ocr_par' dir='ltr' id='par_1_45' title="bbox 212 3007 1775 3073">
     <span class='ocr_line' id='line_1_45' title="bbox 212 3007 1775 3073; baseline -0.001 -11"><span class='ocrx_word' id='word_1_377' title='bbox 212 3008 555 3067; x_wconf 64' lang='lat' dir='ltr'><strong>lt-scr-rrtulm.</strong></span> <span class='ocrx_word' id='word_1_378' title='bbox 607 3017 660 3061; x_wconf 80' lang='lat' dir='ltr'><strong>et</strong></span> <span class='ocrx_word' id='word_1_379' title='bbox 708 3007 830 3061; x_wconf 68' lang='lat' dir='ltr'><strong>tiliae</strong></span> <span class='ocrx_word' id='word_1_380' title='bbox 878 3007 1240 3073; x_wconf 79' lang='lat' dir='ltr'><strong>Hierusalem,</strong></span> <span class='ocrx_word' id='word_1_381' title='bbox 1292 3007 1488 3061; x_wconf 86' lang='lat' dir='ltr'><strong>dormit</strong></span> <span class='ocrx_word' id='word_1_382' title='bbox 1539 3008 1775 3061; x_wconf 78' lang='lat' dir='ltr'><strong>(harilas</strong></span> 
     </span>
    </p>
   </div>
   <div class='ocr_carea' id='block_1_46' title="bbox 211 3098 1775 3168">
    <p class='ocr_par' dir='ltr' id='par_1_46' title="bbox 211 3098 1775 3168">
     <span class='ocr_line' id='line_1_46' title="bbox 211 3098 1775 3168; baseline -0.001 -16"><span class='ocrx_word' id='word_1_383' title='bbox 211 3100 422 3168; x_wconf 88' lang='lat' dir='ltr'><strong>sponsi.</strong></span> <span class='ocrx_word' id='word_1_384' title='bbox 458 3099 713 3166; x_wconf 80' lang='lat' dir='ltr'><strong>Adjuravi</strong></span> <span class='ocrx_word' id='word_1_385' title='bbox 762 3114 889 3167; x_wconf 84' lang='lat' dir='ltr'><strong>ergo</strong></span> <span class='ocrx_word' id='word_1_386' title='bbox 928 3114 1020 3153; x_wconf 89' lang='lat' dir='ltr'><strong>vos</strong></span> <span class='ocrx_word' id='word_1_387' title='bbox 1041 3140 1053 3162; x_wconf 88' lang='lat'><strong>,</strong></span> <span class='ocrx_word' id='word_1_388' title='bbox 1098 3099 1218 3152; x_wconf 80' lang='lat' dir='ltr'><strong>lilia:</strong></span> <span class='ocrx_word' id='word_1_389' title='bbox 1244 3098 1595 3162; x_wconf 79' lang='lat' dir='ltr'><strong>Hierusalem,</strong></span> <span class='ocrx_word' id='word_1_390' title='bbox 1626 3099 1670 3152; x_wconf 90' lang='lat' dir='ltr'><strong>si</strong></span> <span class='ocrx_word' id='word_1_391' title='bbox 1701 3098 1775 3151; x_wconf 87' lang='lat' dir='ltr'><strong>lc-</strong></span> 
     </span>
    </p>
   </div>
   <div class='ocr_carea' id='block_1_47' title="bbox 210 3190 1773 3251">
    <p class='ocr_par' dir='ltr' id='par_1_47' title="bbox 210 3190 1773 3251">
     <span class='ocr_line' id='line_1_47' title="bbox 210 3190 1773 3251; baseline -0.001 -10"><span class='ocrx_word' id='word_1_392' title='bbox 210 3192 489 3249; x_wconf 83' lang='lat' dir='ltr'><strong>vaveritis,</strong></span> <span class='ocrx_word' id='word_1_393' title='bbox 517 3199 568 3243; x_wconf 89' lang='lat' dir='ltr'><strong>et</strong></span> <span class='ocrx_word' id='word_1_394' title='bbox 608 3205 712 3241; x_wconf 90' lang='lat' dir='ltr'><strong>non</strong></span> <span class='ocrx_word' id='word_1_395' title='bbox 744 3190 917 3243; x_wconf 87' lang='lat' dir='ltr'><strong>solum</strong></span> <span class='ocrx_word' id='word_1_396' title='bbox 950 3190 1269 3251; x_wconf 86' lang='lat' dir='ltr'><strong>levaveritis,</strong></span> <span class='ocrx_word' id='word_1_397' title='bbox 1302 3190 1393 3243; x_wconf 87' lang='lat' dir='ltr'><strong>sed</strong></span> <span class='ocrx_word' id='word_1_398' title='bbox 1439 3199 1491 3242; x_wconf 91' lang='lat' dir='ltr'><strong>et</strong></span> <span class='ocrx_word' id='word_1_399' title='bbox 1539 3190 1773 3242; x_wconf 85' lang='lat' dir='ltr'><strong>suscita-</strong></span> 
     </span>
    </p>
   </div>
   <div class='ocr_carea' id='block_1_48' title="bbox 211 3278 1771 3344">
    <p class='ocr_par' dir='ltr' id='par_1_48' title="bbox 211 3278 1771 3344">
     <span class='ocr_line' id='line_1_48' title="bbox 211 3278 1771 3344; baseline -0.001 -12"><span class='ocrx_word' id='word_1_400' title='bbox 211 3282 421 3344; x_wconf 80' lang='lat' dir='ltr'><strong>vcritis,</strong></span> <span class='ocrx_word' id='word_1_401' title='bbox 449 3295 568 3344; x_wconf 59' lang='lat' dir='ltr'><strong>«iure</strong></span> <span class='ocrx_word' id='word_1_402' title='bbox 608 3280 659 3334; x_wconf 90' lang='lat' dir='ltr'><strong>in</strong></span> <span class='ocrx_word' id='word_1_403' title='bbox 702 3281 856 3333; x_wconf 80' lang='lat' dir='ltr'><strong>vobis</strong></span> <span class='ocrx_word' id='word_1_404' title='bbox 892 3289 993 3344; x_wconf 85' lang='lat' dir='ltr'><strong>est,</strong></span> <span class='ocrx_word' id='word_1_405' title='bbox 1031 3280 1371 3333; x_wconf 85' lang='lat' dir='ltr'><strong>clraritatcm.</strong></span> <span class='ocrx_word' id='word_1_406' title='bbox 1401 3280 1618 3333; x_wconf 79' lang='lat' dir='ltr'><strong>Creator</strong></span> <span class='ocrx_word' id='word_1_407' title='bbox 1653 3278 1771 3332; x_wconf 86' lang='lat' dir='ltr'><strong>uni-</strong></span> 
     </span>
    </p>
   </div>
   <div class='ocr_carea' id='block_1_49' title="bbox 212 3366 1773 3431">
    <p class='ocr_par' dir='ltr' id='par_1_49' title="bbox 212 3366 1773 3431">
     <span class='ocr_line' id='line_1_49' title="bbox 212 3366 1773 3431; baseline 0.002 -14"><span class='ocrx_word' id='word_1_408' title='bbox 212 3370 490 3421; x_wconf 73' lang='lat' dir='ltr'><strong>vcrsitatis</strong></span> <span class='ocrx_word' id='word_1_409' title='bbox 538 3383 658 3421; x_wconf 90' lang='lat' dir='ltr'><strong>cum</strong></span> <span class='ocrx_word' id='word_1_410' title='bbox 712 3384 810 3423; x_wconf 88' lang='lat' dir='ltr'><strong>vos</strong></span> <span class='ocrx_word' id='word_1_411' title='bbox 858 3368 1133 3431; x_wconf 83' lang='lat' dir='ltr'><strong>conderet,</strong></span> <span class='ocrx_word' id='word_1_412' title='bbox 1164 3369 1391 3421; x_wconf 86' lang='lat' dir='ltr'><strong>inseruit</strong></span> <span class='ocrx_word' id='word_1_413' title='bbox 1424 3369 1474 3419; x_wconf 92' lang='lat' dir='ltr'><strong>in</strong></span> <span class='ocrx_word' id='word_1_414' title='bbox 1519 3366 1773 3420; x_wconf 77' lang='lat' dir='ltr'><strong>cordibus</strong></span> 
     </span>
    </p>
   </div>
   <div class='ocr_carea' id='block_1_50' title="bbox 212 3455 1770 3520">
    <p class='ocr_par' dir='ltr' id='par_1_50' title="bbox 212 3455 1770 3520">
     <span class='ocr_line' id='line_1_50' title="bbox 212 3455 1770 3520; baseline -0.001 -12"><span class='ocrx_word' id='word_1_415' title='bbox 212 3459 412 3511; x_wconf 74' lang='lat' dir='ltr'><strong>vestris</strong></span> <span class='ocrx_word' id='word_1_416' title='bbox 459 3458 663 3510; x_wconf 86' lang='lat' dir='ltr'><strong>semina</strong></span> <span class='ocrx_word' id='word_1_417' title='bbox 693 3459 990 3512; x_wconf 87' lang='lat' dir='ltr'><strong>charitatis.</strong></span> <span class='ocrx_word' id='word_1_418' title='bbox 1036 3456 1189 3512; x_wconf 78' lang='lat' dir='ltr'><strong>Nunc</strong></span> <span class='ocrx_word' id='word_1_419' title='bbox 1235 3467 1434 3520; x_wconf 87' lang='lat' dir='ltr'><strong>autem,</strong></span> <span class='ocrx_word' id='word_1_420' title='bbox 1479 3457 1617 3511; x_wconf 83' lang='lat' dir='ltr'><strong>sicut</strong></span> <span class='ocrx_word' id='word_1_421' title='bbox 1645 3455 1770 3510; x_wconf 83' lang='lat' dir='ltr'><strong>alibi</strong></span> 
     </span>
    </p>
   </div>
   <div class='ocr_carea' id='block_1_51' title="bbox 212 3547 1773 3613">
    <p class='ocr_par' dir='ltr' id='par_1_51' title="bbox 212 3547 1773 3613">
     <span class='ocr_line' id='line_1_51' title="bbox 212 3547 1773 3613; baseline -0.001 -12"><span class='ocrx_word' id='word_1_422' title='bbox 212 3550 414 3601; x_wconf 80' lang='lat' dir='ltr'><strong>dititur</strong></span> <span class='ocrx_word' id='word_1_423' title='bbox 449 3564 462 3598; x_wconf 89' lang='lat'><strong>:</strong></span> <span class='ocrx_word' id='word_1_424' title='bbox 498 3547 721 3601; x_wconf 71' lang='lat' dir='ltr'><strong>Iustitia</strong></span> <span class='ocrx_word' id='word_1_425' title='bbox 751 3550 993 3601; x_wconf 74' lang='lat' dir='ltr'><strong>dormivit</strong></span> <span class='ocrx_word' id='word_1_426' title='bbox 1026 3551 1078 3600; x_wconf 87' lang='lat' dir='ltr'><strong>iu</strong></span> <span class='ocrx_word' id='word_1_427' title='bbox 1114 3566 1173 3600; x_wconf 78' lang='lat' dir='ltr'><strong>ea</strong></span> <span class='ocrx_word' id='word_1_428' title='bbox 1204 3550 1265 3613; x_wconf 76' lang='lat'><strong>‘°,</strong></span> <span class='ocrx_word' id='word_1_429' title='bbox 1296 3549 1375 3601; x_wconf 88' lang='lat' dir='ltr'><strong>sic</strong></span> <span class='ocrx_word' id='word_1_430' title='bbox 1402 3548 1616 3601; x_wconf 80' lang='lat' dir='ltr'><strong>dilectio</strong></span> <span class='ocrx_word' id='word_1_431' title='bbox 1647 3548 1773 3601; x_wconf 87' lang='lat' dir='ltr'><strong>dor-</strong></span> 
     </span>
    </p>
   </div>
   <div class='ocr_carea' id='block_1_52' title="bbox 213 3638 1770 3707">
    <p class='ocr_par' dir='ltr' id='par_1_52' title="bbox 213 3638 1770 3707">
     <span class='ocr_line' id='line_1_52' title="bbox 213 3638 1770 3707; baseline 0.001 -16"><span class='ocrx_word' id='word_1_432' title='bbox 213 3640 369 3691; x_wconf 90' lang='lat' dir='ltr'><strong>mitat</strong></span> <span class='ocrx_word' id='word_1_433' title='bbox 400 3639 451 3689; x_wconf 91' lang='lat' dir='ltr'><strong>in</strong></span> <span class='ocrx_word' id='word_1_434' title='bbox 485 3640 668 3703; x_wconf 87' lang='lat' dir='ltr'><strong>vobis;</strong></span> <span class='ocrx_word' id='word_1_435' title='bbox 694 3639 845 3706; x_wconf 76' lang='lat' dir='ltr'><strong>juxta</strong></span> <span class='ocrx_word' id='word_1_436' title='bbox 877 3639 1019 3707; x_wconf 87' lang='lat' dir='ltr'><strong>qrrod</strong></span> <span class='ocrx_word' id='word_1_437' title='bbox 1042 3651 1093 3692; x_wconf 87' lang='lat' dir='ltr'><strong>et</strong></span> <span class='ocrx_word' id='word_1_438' title='bbox 1123 3639 1247 3692; x_wconf 79' lang='lat' dir='ltr'><strong>alibi</strong></span> <span class='ocrx_word' id='word_1_439' title='bbox 1271 3640 1467 3693; x_wconf 87' lang='lat' dir='ltr'><strong>dicitur</strong></span> <span class='ocrx_word' id='word_1_440' title='bbox 1496 3656 1507 3689; x_wconf 93' lang='lat'>:</span> <span class='ocrx_word' id='word_1_441' title='bbox 1542 3638 1770 3705; x_wconf 82' lang='lat' dir='ltr'><strong>Sponsus</strong></span> 
     </span>
    </p>
   </div>
   <div class='ocr_carea' id='block_1_53' title="bbox 215 3727 1768 3796">
    <p class='ocr_par' dir='ltr' id='par_1_53' title="bbox 215 3727 1768 3796">
     <span class='ocr_line' id='line_1_53' title="bbox 215 3727 1768 3796; baseline -0.001 -16"><span class='ocrx_word' id='word_1_442' title='bbox 215 3728 465 3796; x_wconf 76' lang='lat' dir='ltr'><strong>requierit</strong></span> <span class='ocrx_word' id='word_1_443' title='bbox 501 3737 556 3778; x_wconf 89' lang='lat' dir='ltr'><strong>ut</strong></span> <span class='ocrx_word' id='word_1_444' title='bbox 607 3728 709 3788; x_wconf 74' lang='lat' dir='ltr'><strong>leo,</strong></span> <span class='ocrx_word' id='word_1_445' title='bbox 758 3740 802 3780; x_wconf 83' lang='lat' dir='ltr'><strong>et</strong></span> <span class='ocrx_word' id='word_1_446' title='bbox 844 3738 897 3779; x_wconf 91' lang='lat' dir='ltr'><strong>ut</strong></span> <span class='ocrx_word' id='word_1_447' title='bbox 948 3728 1152 3780; x_wconf 76' lang='lat' dir='ltr'><strong>catulus</strong></span> <span class='ocrx_word' id='word_1_448' title='bbox 1193 3728 1356 3781; x_wconf 79' lang='lat' dir='ltr'><strong>leonis</strong></span> <span class='ocrx_word' id='word_1_449' title='bbox 1400 3730 1461 3780; x_wconf 84' lang='lat'><strong>“.</strong></span> <span class='ocrx_word' id='word_1_450' title='bbox 1496 3728 1686 3779; x_wconf 78' lang='lat' dir='ltr'><strong>Adhuc</strong></span> <span class='ocrx_word' id='word_1_451' title='bbox 1716 3727 1768 3779; x_wconf 87' lang='lat' dir='ltr'><strong>in</strong></span> 
     </span>
    </p>
   </div>
   <div class='ocr_carea' id='block_1_54' title="bbox 216 3816 1772 3883">
    <p class='ocr_par' dir='ltr' id='par_1_54' title="bbox 216 3816 1772 3883">
     <span class='ocr_line' id='line_1_54' title="bbox 216 3816 1772 3883; baseline -0.001 -13"><span class='ocrx_word' id='word_1_452' title='bbox 216 3818 550 3879; x_wconf 49' lang='lat' dir='ltr'><strong>i.,tide|ibus,</strong></span> <span class='ocrx_word' id='word_1_453' title='bbox 586 3825 638 3869; x_wconf 85' lang='lat' dir='ltr'><strong>et</strong></span> <span class='ocrx_word' id='word_1_454' title='bbox 667 3818 717 3868; x_wconf 93' lang='lat' dir='ltr'><strong>in</strong></span> <span class='ocrx_word' id='word_1_455' title='bbox 745 3817 827 3869; x_wconf 88' lang='lat' dir='ltr'><strong>his</strong></span> <span class='ocrx_word' id='word_1_456' title='bbox 850 3819 938 3883; x_wconf 89' lang='lat' dir='ltr'><strong>qui</strong></span> <span class='ocrx_word' id='word_1_457' title='bbox 975 3818 1135 3870; x_wconf 77' lang='lat' dir='ltr'><strong>corde</strong></span> <span class='ocrx_word' id='word_1_458' title='bbox 1167 3827 1289 3870; x_wconf 88' lang='lat' dir='ltr'><strong>sunt</strong></span> <span class='ocrx_word' id='word_1_459' title='bbox 1322 3817 1486 3870; x_wconf 84' lang='lat' dir='ltr'><strong>dubio</strong></span> <span class='ocrx_word' id='word_1_460' title='bbox 1517 3816 1772 3869; x_wconf 81' lang='lat' dir='ltr'><strong>dormitat</strong></span> 
     </span>
    </p>
   </div>
   <div class='ocr_carea' id='block_1_55' title="bbox 215 3907 1772 3974">
    <p class='ocr_par' dir='ltr' id='par_1_55' title="bbox 215 3907 1772 3974">
     <span class='ocr_line' id='line_1_55' title="bbox 215 3907 1772 3974; baseline 0.001 -12"><span class='ocrx_word' id='word_1_461' title='bbox 215 3922 396 3962; x_wconf 80' lang='lat' dir='ltr'><strong>sermo</strong></span> <span class='ocrx_word' id='word_1_462' title='bbox 431 3907 664 3968; x_wconf 80' lang='lat' dir='ltr'><strong>divinus,</strong></span> <span class='ocrx_word' id='word_1_463' title='bbox 690 3908 873 3974; x_wconf 72' lang='lat' dir='ltr'><strong>vigilat</strong></span> <span class='ocrx_word' id='word_1_464' title='bbox 916 3908 967 3958; x_wconf 91' lang='lat' dir='ltr'><strong>in</strong></span> <span class='ocrx_word' id='word_1_465' title='bbox 1019 3908 1248 3969; x_wconf 87' lang='lat' dir='ltr'><strong>sanctis;</strong></span> <span class='ocrx_word' id='word_1_466' title='bbox 1289 3908 1544 3960; x_wconf 85' lang='lat' dir='ltr'><strong>dormitat</strong></span> <span class='ocrx_word' id='word_1_467' title='bbox 1590 3908 1642 3959; x_wconf 88' lang='lat' dir='ltr'><strong>in</strong></span> <span class='ocrx_word' id='word_1_468' title='bbox 1688 3910 1772 3963; x_wconf 89' lang='lat' dir='ltr'><strong>his</strong></span> 
     </span>
    </p>
   </div>
   <div class='ocr_carea' id='block_1_56' title="bbox 218 3993 1770 4062">
    <p class='ocr_par' dir='ltr' id='par_1_56' title="bbox 218 3993 1770 4062">
     <span class='ocr_line' id='line_1_56' title="bbox 218 3993 1770 4062; baseline 0 -15"><span class='ocrx_word' id='word_1_469' title='bbox 218 3996 311 4062; x_wconf 91' lang='lat' dir='ltr'><strong>qui</strong></span> <span class='ocrx_word' id='word_1_470' title='bbox 347 3995 757 4062; x_wconf 76' lang='lat' dir='ltr'><strong>tempestatibus</strong></span> <span class='ocrx_word' id='word_1_471' title='bbox 790 3993 1078 4056; x_wconf 84' lang='lat' dir='ltr'><strong>ﬂuctuant,</strong></span> <span class='ocrx_word' id='word_1_472' title='bbox 1106 3996 1397 4048; x_wconf 89' lang='lat' dir='ltr'><strong>suscitatur</strong></span> <span class='ocrx_word' id='word_1_473' title='bbox 1431 4012 1556 4049; x_wconf 89' lang='lat' dir='ltr'><strong>vero</strong></span> <span class='ocrx_word' id='word_1_474' title='bbox 1585 4012 1770 4049; x_wconf 87' lang='lat' dir='ltr'><strong>eorum</strong></span> 
     </span>
    </p>
   </div>
   <div class='ocr_carea' id='block_1_57' title="bbox 219 4084 1773 4153">
    <p class='ocr_par' dir='ltr' id='par_1_57' title="bbox 219 4084 1773 4153">
     <span class='ocr_line' id='line_1_57' title="bbox 219 4084 1773 4153; baseline 0.002 -18"><span class='ocrx_word' id='word_1_475' title='bbox 219 4086 446 4138; x_wconf 79' lang='lat' dir='ltr'><strong>vocibus</strong></span> <span class='ocrx_word' id='word_1_476' title='bbox 481 4084 569 4153; x_wconf 91' lang='lat' dir='ltr'><strong>qui</strong></span> <span class='ocrx_word' id='word_1_477' title='bbox 602 4086 826 4151; x_wconf 80' lang='lat' dir='ltr'><strong>cupiunt</strong></span> <span class='ocrx_word' id='word_1_478' title='bbox 856 4085 1106 4153; x_wconf 80' lang='lat' dir='ltr'><strong>vigilante</strong></span> <span class='ocrx_word' id='word_1_479' title='bbox 1154 4100 1354 4152; x_wconf 88' lang='lat' dir='ltr'><strong>sponso</strong></span> <span class='ocrx_word' id='word_1_480' title='bbox 1399 4086 1615 4139; x_wconf 88' lang='lat' dir='ltr'><strong>salvari.</strong></span> <span class='ocrx_word' id='word_1_481' title='bbox 1650 4085 1773 4138; x_wconf 87' lang='lat' dir='ltr'><strong>Sta-</strong></span> 
     </span>
    </p>
   </div>
   <div class='ocr_carea' id='block_1_58' title="bbox 218 4175 1771 4243">
    <p class='ocr_par' dir='ltr' id='par_1_58' title="bbox 218 4175 1771 4243">
     <span class='ocr_line' id='line_1_58' title="bbox 218 4175 1771 4243; baseline 0 -14"><span class='ocrx_word' id='word_1_482' title='bbox 218 4179 313 4229; x_wconf 88' lang='lat' dir='ltr'><strong>tim</strong></span> <span class='ocrx_word' id='word_1_483' title='bbox 365 4176 423 4229; x_wconf 85' lang='lat' dir='ltr'><strong>frt</strong></span> <span class='ocrx_word' id='word_1_484' title='bbox 465 4190 530 4228; x_wconf 91' lang='lat' dir='ltr'><strong>eo</strong></span> <span class='ocrx_word' id='word_1_485' title='bbox 573 4175 823 4243; x_wconf 73' lang='lat' dir='ltr'><strong>vigilante</strong></span> <span class='ocrx_word' id='word_1_486' title='bbox 865 4176 1256 4243; x_wconf 81' lang='lat' dir='ltr'><strong>tranquillitas,</strong></span> <span class='ocrx_word' id='word_1_487' title='bbox 1286 4176 1464 4228; x_wconf 88' lang='lat' dir='ltr'><strong>statim</strong></span> <span class='ocrx_word' id='word_1_488' title='bbox 1508 4176 1771 4229; x_wconf 81' lang='lat' dir='ltr'><strong>undarum</strong></span> 
     </span>
    </p>
   </div>
   <div class='ocr_carea' id='block_1_59' title="bbox 218 4266 1774 4335">
    <p class='ocr_par' dir='ltr' id='par_1_59' title="bbox 218 4266 1774 4335">
     <span class='ocr_line' id='line_1_59' title="bbox 218 4266 1774 4335; baseline -0.002 -14"><span class='ocrx_word' id='word_1_489' title='bbox 218 4269 391 4321; x_wconf 87' lang='lat' dir='ltr'><strong>moles</strong></span> <span class='ocrx_word' id='word_1_490' title='bbox 443 4271 861 4335; x_wconf 85' lang='lat' dir='ltr'><strong>conquiescunt,</strong></span> <span class='ocrx_word' id='word_1_491' title='bbox 896 4267 1174 4334; x_wconf 89' lang='lat' dir='ltr'><strong>spiritibus</strong></span> <span class='ocrx_word' id='word_1_492' title='bbox 1220 4266 1507 4319; x_wconf 85' lang='lat' dir='ltr'><strong>contrariis</strong></span> <span class='ocrx_word' id='word_1_493' title='bbox 1551 4280 1774 4319; x_wconf 89' lang='lat' dir='ltr'><strong>concre-</strong></span> 
     </span>
    </p>
   </div>
   <div class='ocr_carea' id='block_1_60' title="bbox 218 4355 1774 4429">
    <p class='ocr_par' dir='ltr' id='par_1_60' title="bbox 218 4355 1774 4429">
     <span class='ocr_line' id='line_1_60' title="bbox 218 4355 1774 4429; baseline -0.002 -20"><span class='ocrx_word' id='word_1_494' title='bbox 218 4368 395 4429; x_wconf 84' lang='lat' dir='ltr'><strong>patur,</strong></span> <span class='ocrx_word' id='word_1_495' title='bbox 428 4356 683 4409; x_wconf 77' lang='lat' dir='ltr'><strong>fluctuum</strong></span> <span class='ocrx_word' id='word_1_496' title='bbox 712 4356 887 4408; x_wconf 87' lang='lat' dir='ltr'><strong>rabies</strong></span> <span class='ocrx_word' id='word_1_497' title='bbox 925 4356 1043 4408; x_wconf 84' lang='lat' dir='ltr'><strong>silet</strong></span> <span class='ocrx_word' id='word_1_498' title='bbox 1076 4371 1088 4405; x_wconf 88' lang='lat'><strong>:</strong></span> <span class='ocrx_word' id='word_1_499' title='bbox 1122 4357 1213 4407; x_wconf 91' lang='lat' dir='ltr'><strong>illo</strong></span> <span class='ocrx_word' id='word_1_500' title='bbox 1246 4355 1544 4408; x_wconf 82' lang='lat' dir='ltr'><strong>dormiente</strong></span> <span class='ocrx_word' id='word_1_501' title='bbox 1571 4364 1774 4423; x_wconf 86' lang='lat' dir='ltr'><strong>tempe—</strong></span> 
     </span>
    </p>
   </div>
   <div class='ocr_carea' id='block_1_61' title="bbox 1945 2014 3424 2087">
    <p class='ocr_par' dir='ltr' id='par_1_61' title="bbox 1945 2014 3424 2087">
     <span class='ocr_line' id='line_1_61' title="bbox 1945 2014 3424 2087; baseline 0.003 -18"><span class='ocrx_word' id='word_1_502' title='bbox 1945 2018 2028 2069; x_wconf 81' lang='grc' dir='ltr'><strong>Η.</strong></span> <span class='ocrx_word' id='word_1_503' title='bbox 2068 2016 2217 2069; x_wconf 61' lang='lat' dir='ltr'><strong>VCI&#39;S.</strong></span> <span class='ocrx_word' id='word_1_504' title='bbox 2254 2017 2305 2071; x_wconf 89' lang='lat'><strong>9.</strong></span> <span class='ocrx_word' id='word_1_505' title='bbox 2355 2014 2556 2069; x_wconf 76' lang='lat' dir='ltr'><strong>Similis</strong></span> <span class='ocrx_word' id='word_1_506' title='bbox 2598 2026 2673 2069; x_wconf 86' lang='lat' dir='ltr'><strong>est</strong></span> <span class='ocrx_word' id='word_1_507' title='bbox 2707 2017 2982 2084; x_wconf 74' lang='lat' dir='ltr'><strong>fratruelis</strong></span> <span class='ocrx_word' id='word_1_508' title='bbox 3034 2034 3172 2069; x_wconf 80' lang='lat' dir='ltr'><strong>meus</strong></span> <span class='ocrx_word' id='word_1_509' title='bbox 3205 2035 3424 2087; x_wconf 79' lang='lat' dir='ltr'><strong>caprca&#39;,</strong></span> 
     </span>
    </p>
   </div>
   <div class='ocr_carea' id='block_1_62' title="bbox 1875 2108 3429 2165">
    <p class='ocr_par' dir='ltr' id='par_1_62' title="bbox 1875 2108 3429 2165">
     <span class='ocr_line' id='line_1_62' title="bbox 1875 2108 3429 2165; baseline 0 -4"><span class='ocrx_word' id='word_1_510' title='bbox 1875 2120 1963 2161; x_wconf 87' lang='lat' dir='ltr'><strong>aut</strong></span> <span class='ocrx_word' id='word_1_511' title='bbox 1998 2108 2213 2161; x_wconf 75' lang='lat' dir='ltr'><strong>[tinnula</strong></span> <span class='ocrx_word' id='word_1_512' title='bbox 2243 2124 2505 2161; x_wconf 75' lang='lat' dir='ltr'><strong>terrorum</strong></span> <span class='ocrx_word' id='word_1_513' title='bbox 2545 2111 2597 2161; x_wconf 86' lang='lat' dir='ltr'><strong>in</strong></span> <span class='ocrx_word' id='word_1_514' title='bbox 2636 2111 2895 2161; x_wconf 86' lang='lat' dir='ltr'><strong>montibus</strong></span> <span class='ocrx_word' id='word_1_515' title='bbox 2944 2109 3137 2162; x_wconf 78' lang='lat' dir='ltr'><strong>Bel/rel.</strong></span> <span class='ocrx_word' id='word_1_516' title='bbox 3174 2108 3295 2165; x_wconf 58' lang='lat' dir='ltr'><strong>Harc</strong></span> <span class='ocrx_word' id='word_1_517' title='bbox 3323 2114 3429 2164; x_wconf 88' lang='lat' dir='ltr'><strong>duo</strong></span> 
     </span>
    </p>
   </div>
   <div class='ocr_carea' id='block_1_63' title="bbox 1874 2201 3428 2270">
    <p class='ocr_par' dir='ltr' id='par_1_63' title="bbox 1874 2201 3428 2270">
     <span class='ocr_line' id='line_1_63' title="bbox 1874 2201 3428 2270; baseline 0 -15"><span class='ocrx_word' id='word_1_518' title='bbox 1874 2202 2124 2255; x_wconf 80' lang='lat' dir='ltr'><strong>animalia</strong></span> <span class='ocrx_word' id='word_1_519' title='bbox 2162 2203 2213 2253; x_wconf 92' lang='lat' dir='ltr'><strong>in</strong></span> <span class='ocrx_word' id='word_1_520' title='bbox 2251 2201 2544 2267; x_wconf 84' lang='lat' dir='ltr'><strong>Seripturis</strong></span> <span class='ocrx_word' id='word_1_521' title='bbox 2587 2201 2919 2270; x_wconf 80' lang='lat' dir='ltr'><strong>frequentius</strong></span> <span class='ocrx_word' id='word_1_522' title='bbox 2966 2203 3341 2265; x_wconf 86' lang='lat' dir='ltr'><strong>nominantur;</strong></span> <span class='ocrx_word' id='word_1_523' title='bbox 3379 2212 3428 2255; x_wconf 83' lang='lat' dir='ltr'><strong>et</strong></span> 
     </span>
    </p>
   </div>
   <div class='ocr_carea' id='block_1_64' title="bbox 1873 2290 3425 2361">
    <p class='ocr_par' dir='ltr' id='par_1_64' title="bbox 1873 2290 3425 2361">
     <span class='ocr_line' id='line_1_64' title="bbox 1873 2290 3425 2361; baseline 0.003 -18"><span class='ocrx_word' id='word_1_524' title='bbox 1873 2306 1981 2358; x_wconf 90' lang='lat' dir='ltr'><strong>quo</strong></span> <span class='ocrx_word' id='word_1_525' title='bbox 2021 2290 2251 2357; x_wconf 85' lang='lat' dir='ltr'><strong>amplius</strong></span> <span class='ocrx_word' id='word_1_526' title='bbox 2299 2290 2602 2352; x_wconf 82' lang='lat' dir='ltr'><strong>admireris,</strong></span> <span class='ocrx_word' id='word_1_527' title='bbox 2658 2291 2852 2358; x_wconf 73' lang='lat' dir='ltr'><strong>smpius</strong></span> <span class='ocrx_word' id='word_1_528' title='bbox 2897 2293 3079 2359; x_wconf 88' lang='lat' dir='ltr'><strong>juncta</strong></span> <span class='ocrx_word' id='word_1_529' title='bbox 3134 2306 3425 2361; x_wconf 87' lang='lat' dir='ltr'><strong>pornrntnr.</strong></span> 
     </span>
    </p>
   </div>
   <div class='ocr_carea' id='block_1_65' title="bbox 1876 2379 3425 2450">
    <p class='ocr_par' dir='ltr' id='par_1_65' title="bbox 1876 2379 3425 2450">
     <span class='ocr_line' id='line_1_65' title="bbox 1876 2379 3425 2450; baseline 0.003 -20"><span class='ocrx_word' id='word_1_530' title='bbox 1876 2379 1941 2430; x_wconf 81' lang='lat' dir='ltr'><strong>Et</strong></span> <span class='ocrx_word' id='word_1_531' title='bbox 1980 2380 2086 2431; x_wconf 77' lang='lat' dir='ltr'><strong>lucc</strong></span> <span class='ocrx_word' id='word_1_532' title='bbox 2114 2389 2254 2441; x_wconf 84' lang='lat' dir='ltr'><strong>sunt,</strong></span> <span class='ocrx_word' id='word_1_533' title='bbox 2291 2379 2382 2440; x_wconf 87' lang='lat' dir='ltr'><strong>ait,</strong></span> <span class='ocrx_word' id='word_1_534' title='bbox 2420 2394 2531 2447; x_wconf 78' lang='lat' dir='ltr'><strong>qua:</strong></span> <span class='ocrx_word' id='word_1_535' title='bbox 2559 2380 2894 2431; x_wconf 88' lang='lat' dir='ltr'><strong>manducabis</strong></span> <span class='ocrx_word' id='word_1_536' title='bbox 2922 2380 2985 2443; x_wconf 65' lang='lat' dir='ltr'><strong>‘l’,</strong></span> <span class='ocrx_word' id='word_1_537' title='bbox 3014 2392 3126 2447; x_wconf 86' lang='lat' dir='ltr'><strong>post</strong></span> <span class='ocrx_word' id='word_1_538' title='bbox 3152 2382 3425 2450; x_wconf 85' lang='lat' dir='ltr'><strong>paululum</strong></span> 
     </span>
    </p>
   </div>
   <div class='ocr_carea' id='block_1_66' title="bbox 1875 2466 3427 2539">
    <p class='ocr_par' dir='ltr' id='par_1_66' title="bbox 1875 2466 3427 2539">
     <span class='ocr_line' id='line_1_66' title="bbox 1875 2466 3427 2539; baseline 0.003 -20"><span class='ocrx_word' id='word_1_539' title='bbox 1875 2466 2110 2520; x_wconf 81' lang='lat' dir='ltr'><strong>inferens</strong></span> <span class='ocrx_word' id='word_1_540' title='bbox 2162 2482 2406 2536; x_wconf 86' lang='lat' dir='ltr'><strong>capream</strong></span> <span class='ocrx_word' id='word_1_541' title='bbox 2443 2478 2494 2520; x_wconf 89' lang='lat' dir='ltr'><strong>et</strong></span> <span class='ocrx_word' id='word_1_542' title='bbox 2527 2483 2766 2521; x_wconf 81' lang='lat' dir='ltr'><strong>cervum.</strong></span> <span class='ocrx_word' id='word_1_543' title='bbox 2808 2467 2863 2520; x_wconf 90' lang='lat' dir='ltr'><strong>In</strong></span> <span class='ocrx_word' id='word_1_544' title='bbox 2915 2471 3161 2537; x_wconf 79' lang='lat' dir='ltr'><strong>przesenti</strong></span> <span class='ocrx_word' id='word_1_545' title='bbox 3213 2487 3427 2539; x_wconf 83' lang='lat' dir='ltr'><strong>quoque</strong></span> 
     </span>
    </p>
   </div>
   <div class='ocr_carea' id='block_1_67' title="bbox 1874 2559 3428 2628">
    <p class='ocr_par' dir='ltr' id='par_1_67' title="bbox 1874 2559 3428 2628">
     <span class='ocr_line' id='line_1_67' title="bbox 1874 2559 3428 2628; baseline 0.002 -16"><span class='ocrx_word' id='word_1_546' title='bbox 1874 2559 2011 2612; x_wconf 79' lang='lat' dir='ltr'><strong>libro</strong></span> <span class='ocrx_word' id='word_1_547' title='bbox 2039 2560 2237 2627; x_wconf 88' lang='lat' dir='ltr'><strong>pariter</strong></span> <span class='ocrx_word' id='word_1_548' title='bbox 2270 2560 2579 2612; x_wconf 89' lang='lat' dir='ltr'><strong>nominatur</strong></span> <span class='ocrx_word' id='word_1_549' title='bbox 2604 2575 2794 2613; x_wconf 84' lang='lat' dir='ltr'><strong>cervus</strong></span> <span class='ocrx_word' id='word_1_550' title='bbox 2826 2568 2878 2613; x_wconf 90' lang='lat' dir='ltr'><strong>et</strong></span> <span class='ocrx_word' id='word_1_551' title='bbox 2910 2576 3121 2628; x_wconf 84' lang='lat' dir='ltr'><strong>caprea.</strong></span> <span class='ocrx_word' id='word_1_552' title='bbox 3154 2562 3428 2627; x_wconf 83' lang='lat' dir='ltr'><strong>Quodam-</strong></span> 
     </span>
    </p>
   </div>
   <div class='ocr_carea' id='block_1_68' title="bbox 1875 2650 3425 2719">
    <p class='ocr_par' dir='ltr' id='par_1_68' title="bbox 1875 2650 3425 2719">
     <span class='ocr_line' id='line_1_68' title="bbox 1875 2650 3425 2719; baseline 0.001 -17"><span class='ocrx_word' id='word_1_553' title='bbox 1875 2651 2034 2703; x_wconf 82' lang='lat' dir='ltr'><strong>modo</strong></span> <span class='ocrx_word' id='word_1_554' title='bbox 2063 2650 2202 2702; x_wconf 88' lang='lat' dir='ltr'><strong>cnim</strong></span> <span class='ocrx_word' id='word_1_555' title='bbox 2233 2659 2455 2719; x_wconf 81' lang='lat' dir='ltr'><strong>cognata</strong></span> <span class='ocrx_word' id='word_1_556' title='bbox 2492 2650 2593 2703; x_wconf 91' lang='lat' dir='ltr'><strong>sibi</strong></span> <span class='ocrx_word' id='word_1_557' title='bbox 2636 2658 2780 2712; x_wconf 88' lang='lat' dir='ltr'><strong>sunt,</strong></span> <span class='ocrx_word' id='word_1_558' title='bbox 2805 2659 2856 2702; x_wconf 89' lang='lat' dir='ltr'><strong>et</strong></span> <span class='ocrx_word' id='word_1_559' title='bbox 2883 2651 3053 2703; x_wconf 86' lang='lat' dir='ltr'><strong>vicina</strong></span> <span class='ocrx_word' id='word_1_560' title='bbox 3087 2654 3185 2705; x_wconf 85' lang='lat' dir='ltr'><strong>ista</strong></span> <span class='ocrx_word' id='word_1_561' title='bbox 3217 2653 3425 2704; x_wconf 82' lang='lat' dir='ltr'><strong>anima-</strong></span> 
     </span>
    </p>
   </div>
   <div class='ocr_carea' id='block_1_69' title="bbox 1873 2739 3427 2807">
    <p class='ocr_par' dir='ltr' id='par_1_69' title="bbox 1873 2739 3427 2807">
     <span class='ocr_line' id='line_1_69' title="bbox 1873 2739 3427 2807; baseline 0.003 -14"><span class='ocrx_word' id='word_1_562' title='bbox 1873 2742 1961 2793; x_wconf 86' lang='lat' dir='ltr'><strong>lia.</strong></span> <span class='ocrx_word' id='word_1_563' title='bbox 1989 2740 2215 2807; x_wconf 84' lang='lat' dir='ltr'><strong>Caprea,</strong></span> <span class='ocrx_word' id='word_1_564' title='bbox 2248 2740 2297 2792; x_wconf 86' lang='lat' dir='ltr'><strong>id</strong></span> <span class='ocrx_word' id='word_1_565' title='bbox 2328 2748 2410 2791; x_wconf 90' lang='lat' dir='ltr'><strong>est</strong></span> <span class='ocrx_word' id='word_1_566' title='bbox 2442 2739 2653 2799; x_wconf 88' lang='lat' dir='ltr'><strong>dorcas,</strong></span> <span class='ocrx_word' id='word_1_567' title='bbox 2705 2742 3014 2794; x_wconf 70' lang='lat' dir='ltr'><strong>acutissime</strong></span> <span class='ocrx_word' id='word_1_568' title='bbox 3039 2743 3195 2795; x_wconf 75' lang='lat' dir='ltr'><strong>videt.</strong></span> <span class='ocrx_word' id='word_1_569' title='bbox 3225 2742 3427 2796; x_wconf 81' lang='lat' dir='ltr'><strong>Cervus</strong></span> 
     </span>
    </p>
   </div>
   <div class='ocr_carea' id='block_1_70' title="bbox 1874 2830 3427 2903">
    <p class='ocr_par' dir='ltr' id='par_1_70' title="bbox 1874 2830 3427 2903">
     <span class='ocr_line' id='line_1_70' title="bbox 1874 2830 3427 2903; baseline 0.003 -19"><span class='ocrx_word' id='word_1_570' title='bbox 1874 2830 2188 2884; x_wconf 80' lang='lat' dir='ltr'><strong>interfector</strong></span> <span class='ocrx_word' id='word_1_571' title='bbox 2220 2842 2524 2898; x_wconf 76' lang='lat' dir='ltr'><strong>serpentum</strong></span> <span class='ocrx_word' id='word_1_572' title='bbox 2556 2840 2655 2884; x_wconf 88' lang='lat' dir='ltr'><strong>est.</strong></span> <span class='ocrx_word' id='word_1_573' title='bbox 2692 2830 2824 2895; x_wconf 87' lang='lat' dir='ltr'><strong>Quis</strong></span> <span class='ocrx_word' id='word_1_574' title='bbox 2861 2840 3017 2900; x_wconf 81' lang='lat' dir='ltr'><strong>putas</strong></span> <span class='ocrx_word' id='word_1_575' title='bbox 3062 2844 3143 2885; x_wconf 88' lang='lat' dir='ltr'><strong>est</strong></span> <span class='ocrx_word' id='word_1_576' title='bbox 3176 2834 3367 2903; x_wconf 79' lang='lat' dir='ltr'><strong>dignus</strong></span> <span class='ocrx_word' id='word_1_577' title='bbox 3397 2852 3427 2888; x_wconf 83' lang='lat' dir='ltr'><strong>e</strong></span> 
     </span>
    </p>
   </div>
   <div class='ocr_carea' id='block_1_71' title="bbox 1876 2922 3425 2994">
    <p class='ocr_par' dir='ltr' id='par_1_71' title="bbox 1876 2922 3425 2994">
     <span class='ocr_line' id='line_1_71' title="bbox 1876 2922 3425 2994; baseline 0.004 -21"><span class='ocrx_word' id='word_1_578' title='bbox 1876 2922 2067 2983; x_wconf 89' lang='lat' dir='ltr'><strong>nobis,</strong></span> <span class='ocrx_word' id='word_1_579' title='bbox 2118 2924 2209 2990; x_wconf 92' lang='lat' dir='ltr'><strong>qui</strong></span> <span class='ocrx_word' id='word_1_580' title='bbox 2254 2923 2407 2991; x_wconf 78' lang='lat' dir='ltr'><strong>juxta</strong></span> <span class='ocrx_word' id='word_1_581' title='bbox 2464 2923 2776 2989; x_wconf 69' lang='lat' dir='ltr'><strong>dignitatem</strong></span> <span class='ocrx_word' id='word_1_582' title='bbox 2832 2922 2931 2975; x_wconf 88' lang='lat' dir='ltr'><strong>loci</strong></span> <span class='ocrx_word' id='word_1_583' title='bbox 2982 2932 3139 2991; x_wconf 87' lang='lat' dir='ltr'><strong>atque</strong></span> <span class='ocrx_word' id='word_1_584' title='bbox 3189 2927 3425 2994; x_wconf 76' lang='lat' dir='ltr'><strong>mysterii</strong></span> 
     </span>
    </p>
   </div>
   <div class='ocr_carea' id='block_1_72' title="bbox 1875 3013 3423 3082">
    <p class='ocr_par' dir='ltr' id='par_1_72' title="bbox 1875 3013 3423 3082">
     <span class='ocr_line' id='line_1_72' title="bbox 1875 3013 3423 3082; baseline 0.003 -17"><span class='ocrx_word' id='word_1_585' title='bbox 1875 3013 2084 3081; x_wconf 88' lang='lat' dir='ltr'><strong>plenam</strong></span> <span class='ocrx_word' id='word_1_586' title='bbox 2121 3013 2289 3081; x_wconf 81' lang='lat' dir='ltr'><strong>possit</strong></span> <span class='ocrx_word' id='word_1_587' title='bbox 2336 3014 2606 3082; x_wconf 78' lang='lat' dir='ltr'><strong>explicare</strong></span> <span class='ocrx_word' id='word_1_588' title='bbox 2652 3014 2948 3066; x_wconf 88' lang='lat' dir='ltr'><strong>rationem?</strong></span> <span class='ocrx_word' id='word_1_589' title='bbox 2986 3013 3213 3069; x_wconf 81' lang='lat' dir='ltr'><strong>Oremus</strong></span> <span class='ocrx_word' id='word_1_590' title='bbox 3247 3014 3423 3069; x_wconf 78' lang='lat' dir='ltr'><strong>Domi-</strong></span> 
     </span>
    </p>
   </div>
   <div class='ocr_carea' id='block_1_73' title="bbox 1877 3104 3427 3173">
    <p class='ocr_par' dir='ltr' id='par_1_73' title="bbox 1877 3104 3427 3173">
     <span class='ocr_line' id='line_1_73' title="bbox 1877 3104 3427 3173; baseline 0.003 -17"><span class='ocrx_word' id='word_1_591' title='bbox 1877 3121 2044 3168; x_wconf 90' lang='lat' dir='ltr'><strong>num,</strong></span> <span class='ocrx_word' id='word_1_592' title='bbox 2098 3113 2153 3157; x_wconf 92' lang='lat' dir='ltr'><strong>ut</strong></span> <span class='ocrx_word' id='word_1_593' title='bbox 2208 3104 2365 3157; x_wconf 77' lang='lat' dir='ltr'><strong>nobis</strong></span> <span class='ocrx_word' id='word_1_594' title='bbox 2423 3104 2679 3173; x_wconf 80' lang='lat' dir='ltr'><strong>largiatur</strong></span> <span class='ocrx_word' id='word_1_595' title='bbox 2722 3119 2936 3158; x_wconf 87' lang='lat' dir='ltr'><strong>sensum</strong></span> <span class='ocrx_word' id='word_1_596' title='bbox 2991 3105 3053 3157; x_wconf 89' lang='lat' dir='ltr'><strong>ad</strong></span> <span class='ocrx_word' id='word_1_597' title='bbox 3112 3106 3427 3173; x_wconf 69' lang='lat' dir='ltr'><strong>aperiendas</strong></span> 
     </span>
    </p>
   </div>
   <div class='ocr_carea' id='block_1_74' title="bbox 1876 3193 3430 3264">
    <p class='ocr_par' dir='ltr' id='par_1_74' title="bbox 1876 3193 3430 3264">
     <span class='ocr_line' id='line_1_74' title="bbox 1876 3193 3430 3264; baseline 0.003 -18"><span class='ocrx_word' id='word_1_598' title='bbox 1876 3193 2205 3263; x_wconf 87' lang='lat' dir='ltr'><strong>Scripturas.</strong></span> <span class='ocrx_word' id='word_1_599' title='bbox 2250 3204 2303 3247; x_wconf 91' lang='lat' dir='ltr'><strong>ct</strong></span> <span class='ocrx_word' id='word_1_600' title='bbox 2348 3195 2617 3262; x_wconf 87' lang='lat' dir='ltr'><strong>possimus</strong></span> <span class='ocrx_word' id='word_1_601' title='bbox 2651 3195 2825 3246; x_wconf 87' lang='lat' dir='ltr'><strong>dicere</strong></span> <span class='ocrx_word' id='word_1_602' title='bbox 2861 3210 2873 3244; x_wconf 88' lang='lat'>:</span> <span class='ocrx_word' id='word_1_603' title='bbox 2912 3193 3192 3258; x_wconf 59' lang='lat' dir='ltr'><strong>Quomodo</strong></span> <span class='ocrx_word' id='word_1_604' title='bbox 3217 3200 3430 3264; x_wconf 78' lang='lat' dir='ltr'><strong>aperuit</strong></span> 
     </span>
    </p>
   </div>
   <div class='ocr_carea' id='block_1_75' title="bbox 1874 3282 3429 3352">
    <p class='ocr_par' dir='ltr' id='par_1_75' title="bbox 1874 3282 3429 3352">
     <span class='ocr_line' id='line_1_75' title="bbox 1874 3282 3429 3352; baseline 0.002 -14"><span class='ocrx_word' id='word_1_605' title='bbox 1874 3285 2029 3338; x_wconf 74' lang='lat' dir='ltr'><strong>nobis</strong></span> <span class='ocrx_word' id='word_1_606' title='bbox 2077 3283 2234 3336; x_wconf 83' lang='lat' dir='ltr'><strong>.Iesus</strong></span> <span class='ocrx_word' id='word_1_607' title='bbox 2288 3282 2594 3351; x_wconf 67' lang='lat' dir='ltr'><strong>Scriptores</strong></span> <span class='ocrx_word' id='word_1_608' title='bbox 2641 3285 2704 3333; x_wconf 71' lang='grc'><strong>⁸⁵.</strong></span> <span class='ocrx_word' id='word_1_609' title='bbox 2739 3283 2876 3349; x_wconf 86' lang='lat' dir='ltr'><strong>Quid</strong></span> <span class='ocrx_word' id='word_1_610' title='bbox 2940 3284 3139 3352; x_wconf 71' lang='lat' dir='ltr'><strong>igitur?</strong></span> <span class='ocrx_word' id='word_1_611' title='bbox 3198 3287 3429 3344; x_wconf 64' lang='lat' dir='ltr'><strong>dicimus</strong></span> 
     </span>
    </p>
   </div>
   <div class='ocr_carea' id='block_1_76' title="bbox 1874 3373 3424 3447">
    <p class='ocr_par' dir='ltr' id='par_1_76' title="bbox 1874 3373 3424 3447">
     <span class='ocr_line' id='line_1_76' title="bbox 1874 3373 3424 3447; baseline 0.001 -20"><span class='ocrx_word' id='word_1_612' title='bbox 1874 3375 1998 3441; x_wconf 87' lang='lat' dir='ltr'><strong>quia</strong></span> <span class='ocrx_word' id='word_1_613' title='bbox 2034 3373 2250 3437; x_wconf 81' lang='lat' dir='ltr'><strong>dorcas,</strong></span> <span class='ocrx_word' id='word_1_614' title='bbox 2292 3374 2392 3427; x_wconf 80' lang='lat' dir='ltr'><strong>hoc</strong></span> <span class='ocrx_word' id='word_1_615' title='bbox 2422 3383 2501 3426; x_wconf 87' lang='lat' dir='ltr'><strong>est</strong></span> <span class='ocrx_word' id='word_1_616' title='bbox 2526 3389 2713 3441; x_wconf 89' lang='lat' dir='ltr'><strong>caprea</strong></span> <span class='ocrx_word' id='word_1_617' title='bbox 2740 3374 3033 3427; x_wconf 83' lang='lat' dir='ltr'><strong>secundum</strong></span> <span class='ocrx_word' id='word_1_618' title='bbox 3065 3390 3251 3429; x_wconf 89' lang='lat' dir='ltr'><strong>eorum</strong></span> <span class='ocrx_word' id='word_1_619' title='bbox 3291 3378 3424 3447; x_wconf 78' lang='lat' dir='ltr'><strong>phy-</strong></span> 
     </span>
    </p>
   </div>
   <div class='ocr_carea' id='block_1_77' title="bbox 1874 3464 3429 3536">
    <p class='ocr_par' dir='ltr' id='par_1_77' title="bbox 1874 3464 3429 3536">
     <span class='ocr_line' id='line_1_77' title="bbox 1874 3464 3429 3536; baseline 0.001 -17"><span class='ocrx_word' id='word_1_620' title='bbox 1874 3466 2152 3534; x_wconf 77' lang='lat' dir='ltr'><strong>siologiam</strong></span> <span class='ocrx_word' id='word_1_621' title='bbox 2182 3466 2273 3533; x_wconf 84' lang='lat' dir='ltr'><strong>qui</strong></span> <span class='ocrx_word' id='word_1_622' title='bbox 2309 3465 2373 3517; x_wconf 85' lang='lat' dir='ltr'><strong>dc</strong></span> <span class='ocrx_word' id='word_1_623' title='bbox 2409 3465 2614 3517; x_wconf 85' lang='lat' dir='ltr'><strong>naturis</strong></span> <span class='ocrx_word' id='word_1_624' title='bbox 2637 3464 2875 3517; x_wconf 88' lang='lat' dir='ltr'><strong>onrnium</strong></span> <span class='ocrx_word' id='word_1_625' title='bbox 2903 3465 3214 3519; x_wconf 87' lang='lat' dir='ltr'><strong>animalium</strong></span> <span class='ocrx_word' id='word_1_626' title='bbox 3244 3468 3429 3536; x_wconf 79' lang='lat' dir='ltr'><strong>dispu-</strong></span> 
     </span>
    </p>
   </div>
   <div class='ocr_carea' id='block_1_78' title="bbox 1876 3555 3425 3623">
    <p class='ocr_par' dir='ltr' id='par_1_78' title="bbox 1876 3555 3425 3623">
     <span class='ocr_line' id='line_1_78' title="bbox 1876 3555 3425 3623; baseline 0.001 -13"><span class='ocrx_word' id='word_1_627' title='bbox 1876 3566 2009 3620; x_wconf 86' lang='lat' dir='ltr'><strong>tant,</strong></span> <span class='ocrx_word' id='word_1_628' title='bbox 2038 3572 2101 3608; x_wconf 78' lang='lat' dir='ltr'><strong>ex</strong></span> <span class='ocrx_word' id='word_1_629' title='bbox 2138 3556 2299 3610; x_wconf 79' lang='lat' dir='ltr'><strong>insita</strong></span> <span class='ocrx_word' id='word_1_630' title='bbox 2330 3556 2430 3609; x_wconf 83' lang='lat' dir='ltr'><strong>sibi</strong></span> <span class='ocrx_word' id='word_1_631' title='bbox 2467 3555 2513 3607; x_wconf 88' lang='lat' dir='ltr'><strong>vi</strong></span> <span class='ocrx_word' id='word_1_632' title='bbox 2544 3570 2737 3607; x_wconf 90' lang='lat' dir='ltr'><strong>nomen</strong></span> <span class='ocrx_word' id='word_1_633' title='bbox 2771 3556 3051 3623; x_wconf 89' lang='lat' dir='ltr'><strong>acceperit.</strong></span> <span class='ocrx_word' id='word_1_634' title='bbox 3084 3555 3165 3608; x_wconf 86' lang='lat' dir='ltr'><strong>Ah</strong></span> <span class='ocrx_word' id='word_1_635' title='bbox 3196 3571 3260 3609; x_wconf 93' lang='lat' dir='ltr'><strong>eo</strong></span> <span class='ocrx_word' id='word_1_636' title='bbox 3284 3558 3425 3611; x_wconf 89' lang='lat' dir='ltr'><strong>enim</strong></span> 
     </span>
    </p>
   </div>
   <div class='ocr_carea' id='block_1_79' title="bbox 1875 3642 3424 3718">
    <p class='ocr_par' dir='ltr' id='par_1_79' title="bbox 1875 3642 3424 3718">
     <span class='ocr_line' id='line_1_79' title="bbox 1875 3642 3424 3718; baseline -0.001 -19"><span class='ocrx_word' id='word_1_637' title='bbox 1875 3649 2018 3716; x_wconf 87' lang='lat' dir='ltr'><strong>quod</strong></span> <span class='ocrx_word' id='word_1_638' title='bbox 2056 3648 2269 3701; x_wconf 86' lang='lat' dir='ltr'><strong>acutius</strong></span> <span class='ocrx_word' id='word_1_639' title='bbox 2292 3646 2488 3704; x_wconf 82' lang='lat' dir='ltr'><strong>videat,</strong></span> <span class='ocrx_word' id='word_1_640' title='bbox 2519 3645 2567 3697; x_wconf 90' lang='lat' dir='ltr'><strong>id</strong></span> <span class='ocrx_word' id='word_1_641' title='bbox 2610 3654 2690 3697; x_wconf 85' lang='lat' dir='ltr'><strong>est</strong></span> <span class='ocrx_word' id='word_1_642' title='bbox 2731 3645 2876 3713; x_wconf 71' lang='grc' dir='ltr'>παρὰ</span> <span class='ocrx_word' id='word_1_643' title='bbox 2910 3645 2967 3697; x_wconf 83' lang='grc' dir='ltr'><strong>τὸ</strong></span> <span class='ocrx_word' id='word_1_644' title='bbox 3006 3642 3168 3708; x_wconf 78' lang='grc' dir='ltr'><strong>ὀξέως</strong></span> <span class='ocrx_word' id='word_1_645' title='bbox 3198 3646 3424 3718; x_wconf 82' lang='grc' dir='ltr'><strong>δέρκειν,</strong></span> 
     </span>
    </p>
   </div>
   <div class='ocr_carea' id='block_1_80' title="bbox 1872 3733 3426 3803">
    <p class='ocr_par' dir='ltr' id='par_1_80' title="bbox 1872 3733 3426 3803">
     <span class='ocr_line' id='line_1_80' title="bbox 1872 3733 3426 3803; baseline -0.002 -13"><span class='ocrx_word' id='word_1_646' title='bbox 1872 3738 2063 3789; x_wconf 80' lang='lat' dir='ltr'><strong>dorcas</strong></span> <span class='ocrx_word' id='word_1_647' title='bbox 2099 3736 2357 3803; x_wconf 83' lang='lat' dir='ltr'><strong>appellata</strong></span> <span class='ocrx_word' id='word_1_648' title='bbox 2390 3742 2493 3787; x_wconf 88' lang='lat' dir='ltr'><strong>est.</strong></span> <span class='ocrx_word' id='word_1_649' title='bbox 2524 3733 2727 3786; x_wconf 79' lang='lat' dir='ltr'><strong>Cervus</strong></span> <span class='ocrx_word' id='word_1_650' title='bbox 2760 3748 2884 3783; x_wconf 83' lang='lat' dir='ltr'><strong>vero</strong></span> <span class='ocrx_word' id='word_1_651' title='bbox 2907 3745 3210 3800; x_wconf 82' lang='lat' dir='ltr'><strong>serpentum</strong></span> <span class='ocrx_word' id='word_1_652' title='bbox 3244 3735 3426 3787; x_wconf 80' lang='lat' dir='ltr'><strong>inimi-</strong></span> 
     </span>
    </p>
   </div>
   <div class='ocr_carea' id='block_1_81' title="bbox 1872 3823 3425 3892">
    <p class='ocr_par' dir='ltr' id='par_1_81' title="bbox 1872 3823 3425 3892">
     <span class='ocr_line' id='line_1_81' title="bbox 1872 3823 3425 3892; baseline -0.001 -12"><span class='ocrx_word' id='word_1_653' title='bbox 1872 3842 1968 3880; x_wconf 90' lang='lat' dir='ltr'><strong>cus</strong></span> <span class='ocrx_word' id='word_1_654' title='bbox 1992 3840 2053 3878; x_wconf 91' lang='lat' dir='ltr'><strong>ac</strong></span> <span class='ocrx_word' id='word_1_655' title='bbox 2080 3824 2373 3877; x_wconf 81' lang='lat' dir='ltr'><strong>debellator</strong></span> <span class='ocrx_word' id='word_1_656' title='bbox 2403 3833 2503 3885; x_wconf 90' lang='lat' dir='ltr'><strong>est,</strong></span> <span class='ocrx_word' id='word_1_657' title='bbox 2552 3823 2621 3876; x_wconf 90' lang='lat' dir='ltr'><strong>ita</strong></span> <span class='ocrx_word' id='word_1_658' title='bbox 2650 3833 2707 3876; x_wconf 91' lang='lat' dir='ltr'><strong>ut</strong></span> <span class='ocrx_word' id='word_1_659' title='bbox 2744 3823 2931 3892; x_wconf 63' lang='lat' dir='ltr'><strong>spiritu</strong></span> <span class='ocrx_word' id='word_1_660' title='bbox 2958 3823 3166 3875; x_wconf 86' lang='lat' dir='ltr'><strong>narium</strong></span> <span class='ocrx_word' id='word_1_661' title='bbox 3199 3839 3291 3876; x_wconf 75' lang='lat' dir='ltr'><strong>eos</strong></span> <span class='ocrx_word' id='word_1_662' title='bbox 3330 3842 3425 3878; x_wconf 72' lang='lat' dir='ltr'><strong>ex-</strong></span> 
     </span>
    </p>
   </div>
   <div class='ocr_carea' id='block_1_82' title="bbox 1875 3911 3423 3980">
    <p class='ocr_par' dir='ltr' id='par_1_82' title="bbox 1875 3911 3423 3980">
     <span class='ocr_line' id='line_1_82' title="bbox 1875 3911 3423 3980; baseline 0 -13"><span class='ocrx_word' id='word_1_663' title='bbox 1875 3914 2051 3967; x_wconf 85' lang='lat' dir='ltr'><strong>trahat</strong></span> <span class='ocrx_word' id='word_1_664' title='bbox 2080 3914 2145 3967; x_wconf 83' lang='lat' dir='ltr'><strong>de</strong></span> <span class='ocrx_word' id='word_1_665' title='bbox 2174 3913 2439 3973; x_wconf 89' lang='lat' dir='ltr'><strong>cavernis,</strong></span> <span class='ocrx_word' id='word_1_666' title='bbox 2477 3922 2529 3965; x_wconf 90' lang='lat' dir='ltr'><strong>et</strong></span> <span class='ocrx_word' id='word_1_667' title='bbox 2559 3921 2807 3980; x_wconf 83' lang='lat' dir='ltr'><strong>superata</strong></span> <span class='ocrx_word' id='word_1_668' title='bbox 2849 3911 3081 3980; x_wconf 82' lang='lat' dir='ltr'><strong>pernicie</strong></span> <span class='ocrx_word' id='word_1_669' title='bbox 3108 3915 3293 3966; x_wconf 79' lang='lat' dir='ltr'><strong>veneni</strong></span> <span class='ocrx_word' id='word_1_670' title='bbox 3329 3930 3423 3969; x_wconf 87' lang='lat' dir='ltr'><strong>eo—</strong></span> 
     </span>
    </p>
   </div>
   <div class='ocr_carea' id='block_1_83' title="bbox 1876 4002 3425 4070">
    <p class='ocr_par' dir='ltr' id='par_1_83' title="bbox 1876 4002 3425 4070">
     <span class='ocr_line' id='line_1_83' title="bbox 1876 4002 3425 4070; baseline 0.002 -14"><span class='ocrx_word' id='word_1_671' title='bbox 1876 4019 1994 4056; x_wconf 90' lang='lat' dir='ltr'><strong>rum</strong></span> <span class='ocrx_word' id='word_1_672' title='bbox 2046 4003 2241 4070; x_wconf 81' lang='lat' dir='ltr'><strong>pabulo</strong></span> <span class='ocrx_word' id='word_1_673' title='bbox 2299 4002 2608 4055; x_wconf 89' lang='lat' dir='ltr'><strong>delectetur.</strong></span> <span class='ocrx_word' id='word_1_674' title='bbox 2665 4002 2905 4054; x_wconf 83' lang='lat' dir='ltr'><strong>Forsitan</strong></span> <span class='ocrx_word' id='word_1_675' title='bbox 2965 4002 3207 4055; x_wconf 84' lang='lat' dir='ltr'><strong>Salvator</strong></span> <span class='ocrx_word' id='word_1_676' title='bbox 3273 4020 3425 4059; x_wconf 89' lang='lat' dir='ltr'><strong>meus</strong></span> 
     </span>
    </p>
   </div>
   <div class='ocr_carea' id='block_1_84' title="bbox 1876 4090 3425 4163">
    <p class='ocr_par' dir='ltr' id='par_1_84' title="bbox 1876 4090 3425 4163">
     <span class='ocr_line' id='line_1_84' title="bbox 1876 4090 3425 4163; baseline 0 -16"><span class='ocrx_word' id='word_1_677' title='bbox 1876 4109 2066 4162; x_wconf 86' lang='lat' dir='ltr'><strong>caprea</strong></span> <span class='ocrx_word' id='word_1_678' title='bbox 2094 4097 2147 4145; x_wconf 86' lang='lat' dir='ltr'><strong>tit</strong></span> <span class='ocrx_word' id='word_1_679' title='bbox 2182 4093 2333 4161; x_wconf 79' lang='lat' dir='ltr'><strong>juxta</strong></span> <span class='ocrx_word' id='word_1_680' title='bbox 2363 4090 2611 4163; x_wconf 81' lang='grc' dir='ltr'><strong>Θεωρίαν,</strong></span> <span class='ocrx_word' id='word_1_681' title='bbox 2647 4093 3009 4160; x_wconf 65' lang='lat' dir='ltr'><strong>cervusjuxta</strong></span> <span class='ocrx_word' id='word_1_682' title='bbox 3047 4108 3229 4158; x_wconf 80' lang='lat' dir='ltr'><strong>opera.</strong></span> <span class='ocrx_word' id='word_1_683' title='bbox 3265 4093 3425 4159; x_wconf 64' lang='grc' dir='ltr'><strong>ρυειτ-</strong></span> 
     </span>
    </p>
   </div>
   <div class='ocr_carea' id='block_1_85' title="bbox 1877 4181 3426 4250">
    <p class='ocr_par' dir='ltr' id='par_1_85' title="bbox 1877 4181 3426 4250">
     <span class='ocr_line' id='line_1_85' title="bbox 1877 4181 3426 4250; baseline 0.001 -15"><span class='ocrx_word' id='word_1_684' title='bbox 1877 4199 2000 4236; x_wconf 86' lang='lat' dir='ltr'><strong>nam</strong></span> <span class='ocrx_word' id='word_1_685' title='bbox 2034 4184 2133 4235; x_wconf 87' lang='lat' dir='ltr'><strong>ista</strong></span> <span class='ocrx_word' id='word_1_686' title='bbox 2164 4191 2288 4235; x_wconf 91' lang='lat' dir='ltr'><strong>sunt</strong></span> <span class='ocrx_word' id='word_1_687' title='bbox 2314 4182 2511 4248; x_wconf 87' lang='lat' dir='ltr'><strong>opera?</strong></span> <span class='ocrx_word' id='word_1_688' title='bbox 2540 4181 2789 4233; x_wconf 84' lang='lat' dir='ltr'><strong>lntertieit</strong></span> <span class='ocrx_word' id='word_1_689' title='bbox 2812 4182 2923 4250; x_wconf 79' lang='lat' dir='ltr'><strong>ipse</strong></span> <span class='ocrx_word' id='word_1_690' title='bbox 2960 4192 3255 4250; x_wconf 85' lang='lat' dir='ltr'><strong>serpentes,</strong></span> <span class='ocrx_word' id='word_1_691' title='bbox 3293 4200 3426 4237; x_wconf 79' lang='lat' dir='ltr'><strong>con-</strong></span> 
     </span>
    </p>
   </div>
   <div class='ocr_carea' id='block_1_86' title="bbox 1878 4271 3427 4339">
    <p class='ocr_par' dir='ltr' id='par_1_86' title="bbox 1878 4271 3427 4339">
     <span class='ocr_line' id='line_1_86' title="bbox 1878 4271 3427 4339; baseline 0 -12"><span class='ocrx_word' id='word_1_692' title='bbox 1878 4275 2070 4327; x_wconf 86' lang='lat' dir='ltr'><strong>trarias</strong></span> <span class='ocrx_word' id='word_1_693' title='bbox 2107 4271 2441 4325; x_wconf 75' lang='lat' dir='ltr'><strong>for-titmlincs</strong></span> <span class='ocrx_word' id='word_1_694' title='bbox 2467 4271 2696 4339; x_wconf 79' lang='lat' dir='ltr'><strong>jugulat,</strong></span> <span class='ocrx_word' id='word_1_695' title='bbox 2732 4272 2848 4324; x_wconf 82' lang='lat' dir='ltr'><strong>ideo</strong></span> <span class='ocrx_word' id='word_1_696' title='bbox 2876 4273 3048 4324; x_wconf 72' lang='lat' dir='ltr'><strong>dicam</strong></span> <span class='ocrx_word' id='word_1_697' title='bbox 3078 4274 3122 4324; x_wconf 89' lang='lat' dir='ltr'><strong>ei</strong></span> <span class='ocrx_word' id='word_1_698' title='bbox 3156 4291 3166 4324; x_wconf 93' lang='lat'><strong>:</strong></span> <span class='ocrx_word' id='word_1_699' title='bbox 3202 4273 3275 4326; x_wconf 74' lang='lat' dir='ltr'><strong>Tu</strong></span> <span class='ocrx_word' id='word_1_700' title='bbox 3306 4290 3427 4327; x_wconf 79' lang='lat' dir='ltr'><strong>cou-</strong></span> 
     </span>
    </p>
   </div>
   <div class='ocr_carea' id='block_1_87' title="bbox 1877 4362 3426 4432">
    <p class='ocr_par' dir='ltr' id='par_1_87' title="bbox 1877 4362 3426 4432">
     <span class='ocr_line' id='line_1_87' title="bbox 1877 4362 3426 4432; baseline 0.001 -16"><span class='ocrx_word' id='word_1_701' title='bbox 1877 4365 2069 4417; x_wconf 74' lang='lat' dir='ltr'><strong>trivisti</strong></span> <span class='ocrx_word' id='word_1_702' title='bbox 2108 4364 2287 4432; x_wconf 75' lang='lat' dir='ltr'><strong>capita</strong></span> <span class='ocrx_word' id='word_1_703' title='bbox 2324 4362 2536 4414; x_wconf 78' lang='lat' dir='ltr'><strong>dracon;</strong></span> <span class='ocrx_word' id='word_1_704' title='bbox 2564 4378 2611 4412; x_wconf 90' lang='lat' dir='ltr'><strong>m</strong></span> <span class='ocrx_word' id='word_1_705' title='bbox 2642 4378 2794 4429; x_wconf 79' lang='lat' dir='ltr'><strong>super</strong></span> <span class='ocrx_word' id='word_1_706' title='bbox 2826 4379 3007 4430; x_wconf 68' lang='lat' dir='ltr'><strong>aquius,</strong></span> <span class='ocrx_word' id='word_1_707' title='bbox 3055 4374 3107 4415; x_wconf 89' lang='lat' dir='ltr'><strong>tu</strong></span> <span class='ocrx_word' id='word_1_708' title='bbox 3138 4366 3426 4417; x_wconf 74' lang='lat' dir='ltr'><strong>contrivisti</strong></span> 
     </span>
    </p>
   </div>
   <div class='ocr_carea' id='block_1_88' title="bbox 218 4447 2382 4519">
    <p class='ocr_par' dir='ltr' id='par_1_88' title="bbox 218 4447 2382 4519">
     <span class='ocr_line' id='line_1_88' title="bbox 218 4447 2382 4519; baseline -0.001 -19"><span class='ocrx_word' id='word_1_709' title='bbox 218 4460 354 4506; x_wconf 80' lang='lat' dir='ltr'><strong>stas,</strong></span> <span class='ocrx_word' id='word_1_710' title='bbox 391 4463 557 4509; x_wconf 89' lang='lat' dir='ltr'><strong>mors,</strong></span> <span class='ocrx_word' id='word_1_711' title='bbox 608 4456 659 4499; x_wconf 91' lang='lat' dir='ltr'><strong>et</strong></span> <span class='ocrx_word' id='word_1_712' title='bbox 693 4448 993 4514; x_wconf 86' lang='lat' dir='ltr'><strong>desperatio</strong></span> <span class='ocrx_word' id='word_1_713' title='bbox 1029 4455 1108 4501; x_wconf 83' lang='lat' dir='ltr'><strong>est</strong></span> <span class='ocrx_word' id='word_1_714' title='bbox 1140 4448 1202 4498; x_wconf 83' lang='grc'><strong>¹¹.</strong></span> <span class='ocrx_word' id='word_1_715' title='bbox 1242 4447 1441 4515; x_wconf 84' lang='lat' dir='ltr'><strong>Adjuro</strong></span> <span class='ocrx_word' id='word_1_716' title='bbox 1485 4462 1612 4511; x_wconf 69' lang='lat' dir='ltr'><strong>ergo</strong></span> <span class='ocrx_word' id='word_1_717' title='bbox 1661 4463 1763 4507; x_wconf 80' lang='lat' dir='ltr'><strong>vos,</strong></span> <span class='ocrx_word' id='word_1_718' title='bbox 1805 4456 1844 4508; x_wconf 84' lang='grc' dir='ltr'><strong>ι)</strong></span> <span class='ocrx_word' id='word_1_719' title='bbox 1873 4462 2025 4519; x_wconf 74' lang='lat' dir='ltr'><strong>caput</strong></span> <span class='ocrx_word' id='word_1_720' title='bbox 2055 4453 2295 4503; x_wconf 77' lang='lat' dir='ltr'><strong>draconis</strong></span> <span class='ocrx_word' id='word_1_721' title='bbox 2320 4452 2382 4503; x_wconf 71' lang='grc' dir='ltr'><strong>ιθ.</strong></span> 
     </span>
    </p>
   </div>
   <div class='ocr_carea' id='block_1_89' title="bbox 220 4534 1767 4604">
    <p class='ocr_par' dir='ltr' id='par_1_89' title="bbox 220 4534 1767 4604">
     <span class='ocr_line' id='line_1_89' title="bbox 220 4534 1767 4604; baseline 0.002 -17"><span class='ocrx_word' id='word_1_722' title='bbox 220 4537 349 4604; x_wconf 71' lang='lat' dir='ltr'><strong>ﬁlim</strong></span> <span class='ocrx_word' id='word_1_723' title='bbox 387 4534 733 4596; x_wconf 77' lang='lat' dir='ltr'><strong>Hierusalem,</strong></span> <span class='ocrx_word' id='word_1_724' title='bbox 786 4538 841 4587; x_wconf 83' lang='lat' dir='ltr'><strong>in</strong></span> <span class='ocrx_word' id='word_1_725' title='bbox 882 4537 1156 4588; x_wconf 68' lang='lat' dir='ltr'><strong>virtutibus</strong></span> <span class='ocrx_word' id='word_1_726' title='bbox 1202 4546 1250 4589; x_wconf 85' lang='lat' dir='ltr'><strong>et</strong></span> <span class='ocrx_word' id='word_1_727' title='bbox 1294 4538 1343 4587; x_wconf 89' lang='lat' dir='ltr'><strong>iu</strong></span> <span class='ocrx_word' id='word_1_728' title='bbox 1385 4536 1579 4587; x_wconf 87' lang='lat' dir='ltr'><strong>viribus</strong></span> <span class='ocrx_word' id='word_1_729' title='bbox 1632 4537 1767 4603; x_wconf 84' lang='lat' dir='ltr'><strong>agri.</strong></span> 
     </span>
    </p>
   </div>
   <div class='ocr_carea' id='block_1_90' title="bbox 220 4624 1769 4694">
    <p class='ocr_par' dir='ltr' id='par_1_90' title="bbox 220 4624 1769 4694">
     <span class='ocr_line' id='line_1_90' title="bbox 220 4624 1769 4694; baseline -0.001 -17"><span class='ocrx_word' id='word_1_730' title='bbox 220 4626 391 4690; x_wconf 77' lang='lat' dir='ltr'><strong>(Zujus</strong></span> <span class='ocrx_word' id='word_1_731' title='bbox 422 4625 568 4693; x_wconf 73' lang='lat' dir='ltr'><strong>agri?</strong></span> <span class='ocrx_word' id='word_1_732' title='bbox 593 4625 787 4692; x_wconf 59' lang='lat' dir='ltr'><strong>Nempe</strong></span> <span class='ocrx_word' id='word_1_733' title='bbox 823 4626 964 4678; x_wconf 81' lang='lat' dir='ltr'><strong>illius</strong></span> <span class='ocrx_word' id='word_1_734' title='bbox 995 4627 1105 4694; x_wconf 76' lang='lat' dir='ltr'><strong>agri</strong></span> <span class='ocrx_word' id='word_1_735' title='bbox 1152 4626 1313 4694; x_wconf 66' lang='lat' dir='ltr'><strong>pleni,</strong></span> <span class='ocrx_word' id='word_1_736' title='bbox 1359 4640 1516 4692; x_wconf 88' lang='lat' dir='ltr'><strong>quem</strong></span> <span class='ocrx_word' id='word_1_737' title='bbox 1555 4624 1769 4677; x_wconf 88' lang='lat' dir='ltr'><strong>benedi-</strong></span> 
     </span>
    </p>
   </div>
   <div class='ocr_carea' id='block_1_91' title="bbox 222 4714 677 4767">
    <p class='ocr_par' dir='ltr' id='par_1_91' title="bbox 222 4714 677 4767">
     <span class='ocr_line' id='line_1_91' title="bbox 222 4714 677 4767; baseline -0.007 0"><span class='ocrx_word' id='word_1_738' title='bbox 222 4717 296 4767; x_wconf 66' lang='lat' dir='ltr'><strong>slt</strong></span> <span class='ocrx_word' id='word_1_739' title='bbox 332 4714 591 4766; x_wconf 86' lang='lat' dir='ltr'><strong>Dominus</strong></span> <span class='ocrx_word' id='word_1_740' title='bbox 620 4715 677 4764; x_wconf 79' lang='grc'><strong>⁸³.</strong></span> 
     </span>
    </p>
   </div>
   <div class='ocr_carea' id='block_1_92' title="bbox 300 4803 1768 4864">
    <p class='ocr_par' dir='ltr' id='par_1_92' title="bbox 300 4803 1768 4864">
     <span class='ocr_line' id='line_1_92' title="bbox 300 4803 1768 4864; baseline -0.003 -9"><span class='ocrx_word' id='word_1_741' title='bbox 300 4806 379 4856; x_wconf 83' lang='lat' dir='ltr'><strong>l0.</strong></span> <span class='ocrx_word' id='word_1_742' title='bbox 414 4803 565 4856; x_wconf 51' lang='grc' dir='ltr'><strong>ἵξις.</strong></span> <span class='ocrx_word' id='word_1_743' title='bbox 602 4804 649 4864; x_wconf 83' lang='lat'><strong>7,</strong></span> <span class='ocrx_word' id='word_1_744' title='bbox 682 4806 731 4856; x_wconf 86' lang='lat'><strong>8.</strong></span> <span class='ocrx_word' id='word_1_745' title='bbox 770 4804 825 4856; x_wconf 86' lang='lat' dir='ltr'><strong>Si</strong></span> <span class='ocrx_word' id='word_1_746' title='bbox 857 4804 1145 4857; x_wconf 70' lang='lat' dir='ltr'><strong>lceareritis</strong></span> <span class='ocrx_word' id='word_1_747' title='bbox 1180 4816 1223 4856; x_wconf 84' lang='lat' dir='ltr'><strong>ct</strong></span> <span class='ocrx_word' id='word_1_748' title='bbox 1249 4804 1618 4856; x_wconf 77' lang='lat' dir='ltr'><strong>suscitat‘et&#39;itis</strong></span> <span class='ocrx_word' id='word_1_749' title='bbox 1648 4803 1768 4853; x_wconf 84' lang='lat' dir='ltr'><strong>clm-</strong></span> 
     </span>
    </p>
   </div>
   <div class='ocr_carea' id='block_1_93' title="bbox 221 4892 1770 4962">
    <p class='ocr_par' dir='ltr' id='par_1_93' title="bbox 221 4892 1770 4962">
     <span class='ocr_line' id='line_1_93' title="bbox 221 4892 1770 4962; baseline -0.001 -18"><span class='ocrx_word' id='word_1_750' title='bbox 221 4896 453 4953; x_wconf 76' lang='lat' dir='ltr'><strong>rit’tlem,</strong></span> <span class='ocrx_word' id='word_1_751' title='bbox 484 4895 656 4962; x_wconf 83' lang='lat' dir='ltr'><strong>quoad</strong></span> <span class='ocrx_word' id='word_1_752' title='bbox 708 4911 863 4961; x_wconf 73' lang='lat' dir='ltr'><strong>usque</strong></span> <span class='ocrx_word' id='word_1_753' title='bbox 896 4895 1013 4946; x_wconf 77' lang='lat' dir='ltr'><strong>velit</strong></span> <span class='ocrx_word' id='word_1_754' title='bbox 1044 4910 1138 4946; x_wconf 78' lang='lat' dir='ltr'><strong>eoa:</strong></span> <span class='ocrx_word' id='word_1_755' title='bbox 1179 4893 1449 4961; x_wconf 76' lang='lat' dir='ltr'><strong>fratruelis</strong></span> <span class='ocrx_word' id='word_1_756' title='bbox 1488 4895 1601 4945; x_wconf 79' lang='lat' dir='ltr'><strong>nei.</strong></span> <span class='ocrx_word' id='word_1_757' title='bbox 1640 4892 1770 4944; x_wconf 68' lang='lat' dir='ltr'><strong>Ifcce</strong></span> 
     </span>
    </p>
   </div>
   <div class='ocr_carea' id='block_1_94' title="bbox 226 4982 1770 5051">
    <p class='ocr_par' dir='ltr' id='par_1_94' title="bbox 226 4982 1770 5051">
     <span class='ocr_line' id='line_1_94' title="bbox 226 4982 1770 5051; baseline 0 -17"><span class='ocrx_word' id='word_1_758' title='bbox 226 4988 305 5037; x_wconf 68' lang='lat' dir='ltr'><strong>hic</strong></span> <span class='ocrx_word' id='word_1_759' title='bbox 337 4985 468 5037; x_wconf 77' lang='lat' dir='ltr'><strong>reuit</strong></span> <span class='ocrx_word' id='word_1_760' title='bbox 507 4985 698 5036; x_wconf 76' lang='lat' dir='ltr'><strong>saliens</strong></span> <span class='ocrx_word' id='word_1_761' title='bbox 727 5000 877 5050; x_wconf 85' lang='lat' dir='ltr'><strong>super</strong></span> <span class='ocrx_word' id='word_1_762' title='bbox 919 4994 1131 5036; x_wconf 80' lang='lat' dir='ltr'><strong>montes.</strong></span> <span class='ocrx_word' id='word_1_763' title='bbox 1177 4982 1297 5037; x_wconf 67' lang='lat' dir='ltr'><strong>Hice</strong></span> <span class='ocrx_word' id='word_1_764' title='bbox 1328 4982 1498 5036; x_wconf 81' lang='lat' dir='ltr'><strong>adhuc</strong></span> <span class='ocrx_word' id='word_1_765' title='bbox 1534 4982 1770 5051; x_wconf 86' lang='lat' dir='ltr'><strong>loquitur</strong></span> 
     </span>
    </p>
   </div>
   <div class='ocr_carea' id='block_1_95' title="bbox 227 5072 1768 5139">
    <p class='ocr_par' dir='ltr' id='par_1_95' title="bbox 227 5072 1768 5139">
     <span class='ocr_line' id='line_1_95' title="bbox 227 5072 1768 5139; baseline -0.003 -13"><span class='ocrx_word' id='word_1_766' title='bbox 227 5076 488 5131; x_wconf 69' lang='lat' dir='ltr'><strong>Ecclesia.</strong></span> <span class='ocrx_word' id='word_1_767' title='bbox 538 5074 826 5126; x_wconf 59' lang='lat' dir='ltr'><strong>exhortans</strong></span> <span class='ocrx_word' id='word_1_768' title='bbox 872 5072 1324 5137; x_wconf 74' lang='lat' dir='ltr'><strong>adolescentulus,</strong></span> <span class='ocrx_word' id='word_1_769' title='bbox 1369 5086 1425 5125; x_wconf 90' lang='lat' dir='ltr'><strong>ut</strong></span> <span class='ocrx_word' id='word_1_770' title='bbox 1470 5073 1533 5124; x_wconf 89' lang='lat' dir='ltr'><strong>ad</strong></span> <span class='ocrx_word' id='word_1_771' title='bbox 1586 5072 1768 5139; x_wconf 89' lang='lat' dir='ltr'><strong>sponsi</strong></span> 
     </span>
    </p>
   </div>
   <div class='ocr_carea' id='block_1_96' title="bbox 226 5162 1768 5232">
    <p class='ocr_par' dir='ltr' id='par_1_96' title="bbox 226 5162 1768 5232">
     <span class='ocr_line' id='line_1_96' title="bbox 226 5162 1768 5232; baseline -0.001 -17"><span class='ocrx_word' id='word_1_772' title='bbox 226 5174 590 5232; x_wconf 74' lang='lat' dir='ltr'><strong>prrepare..tur</strong></span> <span class='ocrx_word' id='word_1_773' title='bbox 626 5164 939 5227; x_wconf 89' lang='lat' dir='ltr'><strong>adventum;</strong></span> <span class='ocrx_word' id='word_1_774' title='bbox 996 5164 1037 5215; x_wconf 89' lang='lat' dir='ltr'><strong>si</strong></span> <span class='ocrx_word' id='word_1_775' title='bbox 1079 5172 1251 5214; x_wconf 68' lang='lat' dir='ltr'><strong>tamin</strong></span> <span class='ocrx_word' id='word_1_776' title='bbox 1303 5164 1483 5215; x_wconf 85' lang='lat' dir='ltr'><strong>venire</strong></span> <span class='ocrx_word' id='word_1_777' title='bbox 1541 5162 1768 5215; x_wconf 85' lang='lat' dir='ltr'><strong>voluerit</strong></span> 
     </span>
    </p>
   </div>
   <div class='ocr_carea' id='block_1_97' title="bbox 223 5252 1766 5323">
    <p class='ocr_par' dir='ltr' id='par_1_97' title="bbox 223 5252 1766 5323">
     <span class='ocr_line' id='line_1_97' title="bbox 223 5252 1766 5323; baseline -0.005 -14"><span class='ocrx_word' id='word_1_778' title='bbox 223 5266 273 5309; x_wconf 81' lang='lat' dir='ltr'><strong>ct</strong></span> <span class='ocrx_word' id='word_1_779' title='bbox 306 5271 462 5309; x_wconf 87' lang='lat' dir='ltr'><strong>suum</strong></span> <span class='ocrx_word' id='word_1_780' title='bbox 498 5254 603 5306; x_wconf 78' lang='lat' dir='ltr'><strong>iliis</strong></span> <span class='ocrx_word' id='word_1_781' title='bbox 628 5255 863 5321; x_wconf 69' lang='lat' dir='ltr'><strong>prmLere</strong></span> <span class='ocrx_word' id='word_1_782' title='bbox 893 5254 1238 5321; x_wconf 83' lang='lat' dir='ltr'><strong>colloquium.</strong></span> <span class='ocrx_word' id='word_1_783' title='bbox 1276 5254 1462 5305; x_wconf 83' lang='lat' dir='ltr'><strong>Adhuc</strong></span> <span class='ocrx_word' id='word_1_784' title='bbox 1496 5253 1657 5323; x_wconf 83' lang='lat' dir='ltr'><strong>igitur</strong></span> <span class='ocrx_word' id='word_1_785' title='bbox 1690 5252 1766 5303; x_wconf 91' lang='lat' dir='ltr'><strong>lo-</strong></span> 
     </span>
    </p>
   </div>
   <div class='ocr_carea' id='block_1_98' title="bbox 222 5346 1773 5414">
    <p class='ocr_par' dir='ltr' id='par_1_98' title="bbox 222 5346 1773 5414">
     <span class='ocr_line' id='line_1_98' title="bbox 222 5346 1773 5414; baseline 0 -17"><span class='ocrx_word' id='word_1_786' title='bbox 222 5357 418 5414; x_wconf 87' lang='lat' dir='ltr'><strong>quente</strong></span> <span class='ocrx_word' id='word_1_787' title='bbox 447 5362 530 5404; x_wconf 89' lang='lat' dir='ltr'><strong>ea,</strong></span> <span class='ocrx_word' id='word_1_788' title='bbox 567 5346 702 5397; x_wconf 85' lang='lat' dir='ltr'><strong>venit</strong></span> <span class='ocrx_word' id='word_1_789' title='bbox 741 5360 989 5412; x_wconf 84' lang='lat' dir='ltr'><strong>sponsus.</strong></span> <span class='ocrx_word' id='word_1_790' title='bbox 1025 5360 1180 5411; x_wconf 87' lang='lat' dir='ltr'><strong>quem</strong></span> <span class='ocrx_word' id='word_1_791' title='bbox 1213 5346 1379 5414; x_wconf 82' lang='lat' dir='ltr'><strong>digito</strong></span> <span class='ocrx_word' id='word_1_792' title='bbox 1409 5352 1691 5409; x_wconf 88' lang='lat' dir='ltr'><strong>monstrat,</strong></span> <span class='ocrx_word' id='word_1_793' title='bbox 1720 5354 1773 5397; x_wconf 93' lang='lat' dir='ltr'><strong>ct</strong></span> 
     </span>
    </p>
   </div>
   <div class='ocr_carea' id='block_1_99' title="bbox 223 5433 1771 5501">
    <p class='ocr_par' dir='ltr' id='par_1_99' title="bbox 223 5433 1771 5501">
     <span class='ocr_line' id='line_1_99' title="bbox 223 5433 1771 5501; baseline -0.001 -12"><span class='ocrx_word' id='word_1_794' title='bbox 223 5437 355 5489; x_wconf 78' lang='lat' dir='ltr'><strong>dicit</strong></span> <span class='ocrx_word' id='word_1_795' title='bbox 392 5453 404 5487; x_wconf 78' lang='grc' dir='ltr'>ε</span> <span class='ocrx_word' id='word_1_796' title='bbox 440 5434 568 5486; x_wconf 79' lang='lat' dir='ltr'><strong>Ecce</strong></span> <span class='ocrx_word' id='word_1_797' title='bbox 593 5436 673 5485; x_wconf 79' lang='lat' dir='ltr'><strong>hic</strong></span> <span class='ocrx_word' id='word_1_798' title='bbox 705 5436 833 5485; x_wconf 78' lang='lat' dir='ltr'><strong>renit</strong></span> <span class='ocrx_word' id='word_1_799' title='bbox 863 5436 1053 5486; x_wconf 85' lang='lat' dir='ltr'><strong>saliens</strong></span> <span class='ocrx_word' id='word_1_800' title='bbox 1089 5451 1238 5500; x_wconf 80' lang='lat' dir='ltr'><strong>super</strong></span> <span class='ocrx_word' id='word_1_801' title='bbox 1272 5444 1485 5487; x_wconf 84' lang='lat' dir='ltr'><strong>montes.</strong></span> <span class='ocrx_word' id='word_1_802' title='bbox 1537 5433 1771 5501; x_wconf 81' lang='lat' dir='ltr'><strong>lntellige</strong></span> 
     </span>
    </p>
   </div>
   <div class='ocr_carea' id='block_1_100' title="bbox 290 5642 731 5702">
    <p class='ocr_par' dir='ltr' id='par_1_100' title="bbox 290 5642 731 5702">
     <span class='ocr_line' id='line_1_100' title="bbox 290 5642 731 5702; baseline 0 -8"><span class='ocrx_word' id='word_1_803' title='bbox 290 5644 311 5672; x_wconf 80' lang='lat'><strong>&quot;</strong></span> <span class='ocrx_word' id='word_1_804' title='bbox 343 5642 501 5695; x_wconf 80' lang='lat' dir='ltr'><strong>Prov.</strong></span> <span class='ocrx_word' id='word_1_805' title='bbox 545 5660 620 5702; x_wconf 83' lang='lat' dir='ltr'><strong>In,</strong></span> <span class='ocrx_word' id='word_1_806' title='bbox 654 5642 731 5694; x_wconf 81' lang='lat' dir='ltr'><strong>i6.</strong></span> 
     </span>
    </p>
   </div>
   <div class='ocr_carea' id='block_1_101' title="bbox 224 5711 679 5767">
    <p class='ocr_par' dir='ltr' id='par_1_101' title="bbox 224 5711 679 5767">
     <span class='ocr_line' id='line_1_101' title="bbox 224 5711 679 5767; baseline 0.002 -6"><span class='ocrx_word' id='word_1_807' title='bbox 224 5712 266 5744; x_wconf 69' lang='grc' dir='ltr'><strong>υ</strong></span> <span class='ocrx_word' id='word_1_808' title='bbox 296 5711 451 5766; x_wconf 64' lang='lat' dir='ltr'><strong>item.</strong></span> <span class='ocrx_word' id='word_1_809' title='bbox 490 5728 598 5767; x_wconf 70' lang='lat' dir='ltr'><strong>MV.</strong></span> <span class='ocrx_word' id='word_1_810' title='bbox 632 5713 679 5763; x_wconf 59' lang='grc' dir='ltr'>ί..</span> 
     </span>
    </p>
   </div>
   <div class='ocr_carea' id='block_1_102' title="bbox 834 5642 1359 5697">
    <p class='ocr_par' dir='ltr' id='par_1_102' title="bbox 834 5642 1359 5697">
     <span class='ocr_line' id='line_1_102' title="bbox 834 5642 1359 5697; baseline 0.004 -3"><span class='ocrx_word' id='word_1_811' title='bbox 834 5646 851 5672; x_wconf 78' lang='grc'>⁹</span> <span class='ocrx_word' id='word_1_812' title='bbox 901 5644 1088 5697; x_wconf 69' lang='grc' dir='ltr'><strong>Είρςέι.</strong></span> <span class='ocrx_word' id='word_1_813' title='bbox 1120 5658 1236 5696; x_wconf 74' lang='lat' dir='ltr'><strong>xm.</strong></span> <span class='ocrx_word' id='word_1_814' title='bbox 1276 5642 1359 5696; x_wconf 74' lang='lat'><strong>18.</strong></span> 
     </span>
    </p>
   </div>
   <div class='ocr_carea' id='block_1_103' title="bbox 764 5712 1367 5770">
    <p class='ocr_par' dir='ltr' id='par_1_103' title="bbox 764 5712 1367 5770">
     <span class='ocr_line' id='line_1_103' title="bbox 764 5712 1367 5770; baseline 0 -7"><span class='ocrx_word' id='word_1_815' title='bbox 764 5714 802 5742; x_wconf 67' lang='grc'><strong>’⁵</strong></span> <span class='ocrx_word' id='word_1_816' title='bbox 832 5712 959 5765; x_wconf 72' lang='lat' dir='ltr'><strong>Luc.</strong></span> <span class='ocrx_word' id='word_1_817' title='bbox 1013 5729 1161 5770; x_wconf 53' lang='grc' dir='ltr'><strong>μιν,</strong></span> <span class='ocrx_word' id='word_1_818' title='bbox 1190 5714 1274 5763; x_wconf 70' lang='lat'><strong>3.3.</strong></span> <span class='ocrx_word' id='word_1_819' title='bbox 1357 5715 1367 5742; x_wconf 89' lang='grc'>¹</span> 
     </span>
    </p>
   </div>
   <div class='ocr_carea' id='block_1_104' title="bbox 436 5825 989 5881">
    <p class='ocr_par' dir='ltr' id='par_1_104' title="bbox 436 5825 989 5881">
     <span class='ocr_line' id='line_1_104' title="bbox 436 5825 989 5881; baseline -0.014 0"><span class='ocrx_word' id='word_1_820' title='bbox 436 5832 704 5881; x_wconf 50' lang='lat' dir='ltr'><strong>Mrito!“</strong></span> <span class='ocrx_word' id='word_1_821' title='bbox 758 5825 989 5878; x_wconf 53' lang='lat' dir='ltr'><strong>.s‘li‘t.</strong></span> 
     </span>
    </p>
   </div>
   <div class='ocr_carea' id='block_1_105' title="bbox 1468 5646 1819 5703">
    <p class='ocr_par' dir='ltr' id='par_1_105' title="bbox 1468 5646 1819 5703">
     <span class='ocr_line' id='line_1_105' title="bbox 1468 5646 1819 5703; baseline 0.006 -7"><span class='ocrx_word' id='word_1_822' title='bbox 1468 5646 1508 5676; x_wconf 79' lang='grc'>¹⁶</span> <span class='ocrx_word' id='word_1_823' title='bbox 1537 5646 1635 5699; x_wconf 89' lang='lat' dir='ltr'><strong>lsa.</strong></span> <span class='ocrx_word' id='word_1_824' title='bbox 1666 5662 1701 5703; x_wconf 84' lang='grc' dir='ltr'><strong>ι.</strong></span> <span class='ocrx_word' id='word_1_825' title='bbox 1734 5646 1819 5698; x_wconf 66' lang='lat'><strong>2|.</strong></span> 
     </span>
    </p>
   </div>
   <div class='ocr_carea' id='block_1_106' title="bbox 1378 5712 1975 5777">
    <p class='ocr_par' dir='ltr' id='par_1_106' title="bbox 1378 5712 1975 5777">
     <span class='ocr_line' id='line_1_106' title="bbox 1378 5712 1975 5777; baseline 0 -11"><span class='ocrx_word' id='word_1_826' title='bbox 1378 5714 1394 5734; x_wconf 52' lang='grc' dir='ltr'><strong>’τ</strong></span> <span class='ocrx_word' id='word_1_827' title='bbox 1424 5712 1558 5767; x_wconf 71' lang='lat' dir='ltr'><strong>i‘sal.</strong></span> <span class='ocrx_word' id='word_1_828' title='bbox 1596 5732 1773 5774; x_wconf 72' lang='lat' dir='ltr'><strong>vaiv,</strong></span> <span class='ocrx_word' id='word_1_829' title='bbox 1810 5716 1892 5777; x_wconf 72' lang='lat' dir='ltr'><strong>i5,</strong></span> <span class='ocrx_word' id='word_1_830' title='bbox 1926 5716 1975 5767; x_wconf 50' lang='lat' dir='ltr'><strong>xi.</strong></span> 
     </span>
    </p>
   </div>
   <div class='ocr_carea' id='block_1_107' title="bbox 1949 4540 3426 4610">
    <p class='ocr_par' dir='ltr' id='par_1_107' title="bbox 1949 4540 3426 4610">
     <span class='ocr_line' id='line_1_107' title="bbox 1949 4540 3426 4610; baseline 0.002 -15"><span class='ocrx_word' id='word_1_831' title='bbox 1949 4542 2035 4595; x_wconf 68' lang='grc'><strong>12.</strong></span> <span class='ocrx_word' id='word_1_832' title='bbox 2068 4540 2270 4595; x_wconf 82' lang='lat' dir='ltr'><strong>Similis</strong></span> <span class='ocrx_word' id='word_1_833' title='bbox 2298 4551 2371 4592; x_wconf 85' lang='lat' dir='ltr'><strong>est</strong></span> <span class='ocrx_word' id='word_1_834' title='bbox 2401 4541 2666 4608; x_wconf 86' lang='lat' dir='ltr'><strong>fratruelis</strong></span> <span class='ocrx_word' id='word_1_835' title='bbox 2696 4558 2835 4595; x_wconf 87' lang='lat' dir='ltr'><strong>meus</strong></span> <span class='ocrx_word' id='word_1_836' title='bbox 2861 4560 3075 4610; x_wconf 71' lang='lat' dir='ltr'><strong>raprear,</strong></span> <span class='ocrx_word' id='word_1_837' title='bbox 3109 4546 3183 4597; x_wconf 82' lang='lat' dir='ltr'><strong>rcl</strong></span> <span class='ocrx_word' id='word_1_838' title='bbox 3212 4545 3426 4598; x_wconf 81' lang='lat' dir='ltr'><strong>Iriunulo</strong></span> 
     </span>
    </p>
   </div>
   <div class='ocr_carea' id='block_1_108' title="bbox 1876 4629 3426 4701">
    <p class='ocr_par' dir='ltr' id='par_1_108' title="bbox 1876 4629 3426 4701">
     <span class='ocr_line' id='line_1_108' title="bbox 1876 4629 3426 4701; baseline 0.003 -20"><span class='ocrx_word' id='word_1_839' title='bbox 1876 4646 2141 4681; x_wconf 69' lang='lat' dir='ltr'><strong>carrorum</strong></span> <span class='ocrx_word' id='word_1_840' title='bbox 2172 4644 2323 4694; x_wconf 80' lang='lat' dir='ltr'><strong>super</strong></span> <span class='ocrx_word' id='word_1_841' title='bbox 2370 4638 2564 4679; x_wconf 85' lang='lat' dir='ltr'><strong>montes</strong></span> <span class='ocrx_word' id='word_1_842' title='bbox 2614 4629 2798 4681; x_wconf 84' lang='lat' dir='ltr'><strong>domus</strong></span> <span class='ocrx_word' id='word_1_843' title='bbox 2829 4630 2925 4682; x_wconf 75' lang='lat' dir='ltr'><strong>L‘ei</strong></span> <span class='ocrx_word' id='word_1_844' title='bbox 2961 4648 2977 4684; x_wconf 90' lang='lat'><strong><em>:</em></strong></span> <span class='ocrx_word' id='word_1_845' title='bbox 3011 4630 3189 4684; x_wconf 72' lang='lat' dir='ltr'><strong>iletliel</strong></span> <span class='ocrx_word' id='word_1_846' title='bbox 3232 4634 3426 4701; x_wconf 62' lang='lat' dir='ltr'><strong>quippe</strong></span> 
     </span>
    </p>
   </div>
   <div class='ocr_carea' id='block_1_109' title="bbox 1878 4716 3426 4785">
    <p class='ocr_par' dir='ltr' id='par_1_109' title="bbox 1878 4716 3426 4785">
     <span class='ocr_line' id='line_1_109' title="bbox 1878 4716 3426 4785; baseline 0.003 -17"><span class='ocrx_word' id='word_1_847' title='bbox 1878 4719 2255 4785; x_wconf 82' lang='lat' dir='ltr'><strong>interpretatur</strong></span> <span class='ocrx_word' id='word_1_848' title='bbox 2284 4718 2476 4769; x_wconf 88' lang='lat' dir='ltr'><strong>domus</strong></span> <span class='ocrx_word' id='word_1_849' title='bbox 2516 4716 2629 4769; x_wconf 86' lang='lat' dir='ltr'><strong>Dei.</strong></span> <span class='ocrx_word' id='word_1_850' title='bbox 2679 4717 2790 4770; x_wconf 76' lang='lat' dir='ltr'><strong>Non</strong></span> <span class='ocrx_word' id='word_1_851' title='bbox 2838 4736 3025 4772; x_wconf 76' lang='lat' dir='ltr'><strong>omnes</strong></span> <span class='ocrx_word' id='word_1_852' title='bbox 3076 4733 3284 4774; x_wconf 83' lang='lat' dir='ltr'><strong>montes</strong></span> <span class='ocrx_word' id='word_1_853' title='bbox 3333 4724 3426 4773; x_wconf 67' lang='grc' dir='ltr'><strong>(Ι.)-</strong></span> 
     </span>
    </p>
   </div>
   <div class='ocr_carea' id='block_1_110' title="bbox 1878 4807 3424 4874">
    <p class='ocr_par' dir='ltr' id='par_1_110' title="bbox 1878 4807 3424 4874">
     <span class='ocr_line' id='line_1_110' title="bbox 1878 4807 3424 4874; baseline 0.004 -15"><span class='ocrx_word' id='word_1_854' title='bbox 1878 4824 1997 4861; x_wconf 88' lang='lat' dir='ltr'><strong>mus</strong></span> <span class='ocrx_word' id='word_1_855' title='bbox 2030 4807 2120 4859; x_wconf 81' lang='lat' dir='ltr'><strong>Dei</strong></span> <span class='ocrx_word' id='word_1_856' title='bbox 2151 4818 2297 4865; x_wconf 86' lang='lat' dir='ltr'><strong>sunt,</strong></span> <span class='ocrx_word' id='word_1_857' title='bbox 2334 4810 2423 4859; x_wconf 85' lang='lat' dir='ltr'><strong>sed</strong></span> <span class='ocrx_word' id='word_1_858' title='bbox 2453 4808 2540 4874; x_wconf 86' lang='lat' dir='ltr'><strong>qui</strong></span> <span class='ocrx_word' id='word_1_859' title='bbox 2577 4819 2783 4861; x_wconf 86' lang='lat' dir='ltr'><strong>montes</strong></span> <span class='ocrx_word' id='word_1_860' title='bbox 2818 4808 3064 4862; x_wconf 70' lang='lat' dir='ltr'><strong>Ecclesire</strong></span> <span class='ocrx_word' id='word_1_861' title='bbox 3098 4820 3240 4863; x_wconf 83' lang='lat' dir='ltr'><strong>sunt.</strong></span> <span class='ocrx_word' id='word_1_862' title='bbox 3281 4811 3424 4865; x_wconf 73' lang='lat' dir='ltr'><strong>lme-</strong></span> 
     </span>
    </p>
   </div>
   <div class='ocr_carea' id='block_1_111' title="bbox 1879 4898 3423 4970">
    <p class='ocr_par' dir='ltr' id='par_1_111' title="bbox 1879 4898 3423 4970">
     <span class='ocr_line' id='line_1_111' title="bbox 1879 4898 3423 4970; baseline 0.002 -20"><span class='ocrx_word' id='word_1_863' title='bbox 1879 4898 2100 4950; x_wconf 89' lang='lat' dir='ltr'><strong>niuntur</strong></span> <span class='ocrx_word' id='word_1_864' title='bbox 2130 4899 2324 4967; x_wconf 82' lang='lat' dir='ltr'><strong>quippe</strong></span> <span class='ocrx_word' id='word_1_865' title='bbox 2354 4908 2405 4951; x_wconf 88' lang='lat' dir='ltr'><strong>et</strong></span> <span class='ocrx_word' id='word_1_866' title='bbox 2438 4899 2526 4950; x_wconf 89' lang='lat' dir='ltr'><strong>alii</strong></span> <span class='ocrx_word' id='word_1_867' title='bbox 2564 4908 2771 4953; x_wconf 89' lang='lat' dir='ltr'><strong>montes</strong></span> <span class='ocrx_word' id='word_1_868' title='bbox 2804 4901 2986 4961; x_wconf 83' lang='lat' dir='ltr'><strong>erecti,</strong></span> <span class='ocrx_word' id='word_1_869' title='bbox 3018 4910 3069 4952; x_wconf 90' lang='lat' dir='ltr'><strong>et</strong></span> <span class='ocrx_word' id='word_1_870' title='bbox 3097 4916 3423 4970; x_wconf 64' lang='lat' dir='ltr'><strong>consurgen-</strong></span> 
     </span>
    </p>
   </div>
   <div class='ocr_carea' id='block_1_112' title="bbox 1880 4988 3424 5060">
    <p class='ocr_par' dir='ltr' id='par_1_112' title="bbox 1880 4988 3424 5060">
     <span class='ocr_line' id='line_1_112' title="bbox 1880 4988 3424 5060; baseline 0.005 -21"><span class='ocrx_word' id='word_1_871' title='bbox 1880 4998 1956 5040; x_wconf 85' lang='lat' dir='ltr'><strong>tes</strong></span> <span class='ocrx_word' id='word_1_872' title='bbox 1987 4988 2245 5042; x_wconf 85' lang='lat' dir='ltr'><strong>adversus</strong></span> <span class='ocrx_word' id='word_1_873' title='bbox 2270 4991 2547 5044; x_wconf 85' lang='lat' dir='ltr'><strong>scientiam</strong></span> <span class='ocrx_word' id='word_1_874' title='bbox 2583 4990 2692 5053; x_wconf 91' lang='lat' dir='ltr'><strong>Dei,</strong></span> <span class='ocrx_word' id='word_1_875' title='bbox 2734 5000 2938 5043; x_wconf 80' lang='lat' dir='ltr'><strong>montes</strong></span> <span class='ocrx_word' id='word_1_876' title='bbox 2969 4990 3340 5060; x_wconf 59' lang='lat' dir='ltr'><strong>{Egyptiorum</strong></span> <span class='ocrx_word' id='word_1_877' title='bbox 3374 5003 3424 5046; x_wconf 91' lang='lat' dir='ltr'><strong>et</strong></span> 
     </span>
    </p>
   </div>
   <div class='ocr_carea' id='block_1_113' title="bbox 1877 5076 3423 5147">
    <p class='ocr_par' dir='ltr' id='par_1_113' title="bbox 1877 5076 3423 5147">
     <span class='ocr_line' id='line_1_113' title="bbox 1877 5076 3423 5147; baseline 0.008 -22"><span class='ocrx_word' id='word_1_878' title='bbox 1877 5076 2301 5145; x_wconf 59' lang='lat' dir='ltr'><strong>Allophylorum.</strong></span> <span class='ocrx_word' id='word_1_879' title='bbox 2336 5078 2428 5132; x_wconf 83' lang='lat' dir='ltr'><strong>Vis</strong></span> <span class='ocrx_word' id='word_1_880' title='bbox 2459 5082 2595 5133; x_wconf 85' lang='lat' dir='ltr'><strong>scire</strong></span> <span class='ocrx_word' id='word_1_881' title='bbox 2651 5080 2774 5147; x_wconf 87' lang='lat' dir='ltr'><strong>quia</strong></span> <span class='ocrx_word' id='word_1_882' title='bbox 2812 5080 3004 5133; x_wconf 83' lang='lat' dir='ltr'><strong>similis</strong></span> <span class='ocrx_word' id='word_1_883' title='bbox 3035 5091 3114 5132; x_wconf 84' lang='lat' dir='ltr'><strong>est</strong></span> <span class='ocrx_word' id='word_1_884' title='bbox 3156 5082 3423 5138; x_wconf 75' lang='lat' dir='ltr'><strong>fratruelis</strong></span> 
     </span>
    </p>
   </div>
   <div class='ocr_carea' id='block_1_114' title="bbox 1874 5170 3423 5238">
    <p class='ocr_par' dir='ltr' id='par_1_114' title="bbox 1874 5170 3423 5238">
     <span class='ocr_line' id='line_1_114' title="bbox 1874 5170 3423 5238; baseline 0.007 -21"><span class='ocrx_word' id='word_1_885' title='bbox 1874 5181 2023 5219; x_wconf 90' lang='lat' dir='ltr'><strong>meus</strong></span> <span class='ocrx_word' id='word_1_886' title='bbox 2058 5183 2279 5234; x_wconf 77' lang='lat' dir='ltr'><strong>caprere,</strong></span> <span class='ocrx_word' id='word_1_887' title='bbox 2316 5181 2406 5222; x_wconf 90' lang='lat' dir='ltr'><strong>aut</strong></span> <span class='ocrx_word' id='word_1_888' title='bbox 2452 5170 2674 5222; x_wconf 84' lang='lat' dir='ltr'><strong>lrinnulo</strong></span> <span class='ocrx_word' id='word_1_889' title='bbox 2706 5186 2985 5222; x_wconf 83' lang='lat' dir='ltr'><strong>cervorum</strong></span> <span class='ocrx_word' id='word_1_890' title='bbox 3021 5187 3183 5238; x_wconf 88' lang='lat' dir='ltr'><strong>super</strong></span> <span class='ocrx_word' id='word_1_891' title='bbox 3214 5185 3423 5228; x_wconf 87' lang='lat' dir='ltr'><strong>montes</strong></span> 
     </span>
    </p>
   </div>
   <div class='ocr_carea' id='block_1_115' title="bbox 1878 5257 3420 5328">
    <p class='ocr_par' dir='ltr' id='par_1_115' title="bbox 1878 5257 3420 5328">
     <span class='ocr_line' id='line_1_115' title="bbox 1878 5257 3420 5328; baseline 0.006 -19"><span class='ocrx_word' id='word_1_892' title='bbox 1878 5257 2095 5309; x_wconf 77' lang='lat' dir='ltr'><strong>Bellrel?</strong></span> <span class='ocrx_word' id='word_1_893' title='bbox 2126 5257 2252 5311; x_wconf 75' lang='lat' dir='ltr'><strong>Ele</strong></span> <span class='ocrx_word' id='word_1_894' title='bbox 2283 5275 2438 5312; x_wconf 90' lang='lat' dir='ltr'><strong>mons</strong></span> <span class='ocrx_word' id='word_1_895' title='bbox 2466 5261 2878 5323; x_wconf 76' lang='lat' dir='ltr'><strong>ecclesiaSticus,</strong></span> <span class='ocrx_word' id='word_1_896' title='bbox 2913 5280 3063 5316; x_wconf 82' lang='lat' dir='ltr'><strong>mons</strong></span> <span class='ocrx_word' id='word_1_897' title='bbox 3089 5265 3281 5318; x_wconf 73' lang='lat' dir='ltr'><strong>(ionius</strong></span> <span class='ocrx_word' id='word_1_898' title='bbox 3310 5264 3420 5328; x_wconf 74' lang='lat' dir='ltr'><strong>Dei,</strong></span> 
     </span>
    </p>
   </div>
   <div class='ocr_carea' id='block_1_116' title="bbox 1878 5347 3421 5419">
    <p class='ocr_par' dir='ltr' id='par_1_116' title="bbox 1878 5347 3421 5419">
     <span class='ocr_line' id='line_1_116' title="bbox 1878 5347 3421 5419; baseline 0.006 -20"><span class='ocrx_word' id='word_1_899' title='bbox 1878 5357 1929 5401; x_wconf 90' lang='lat' dir='ltr'><strong>et</strong></span> <span class='ocrx_word' id='word_1_900' title='bbox 1960 5347 2132 5399; x_wconf 84' lang='lat' dir='ltr'><strong>veniet</strong></span> <span class='ocrx_word' id='word_1_901' title='bbox 2155 5349 2218 5399; x_wconf 89' lang='lat' dir='ltr'><strong>ad</strong></span> <span class='ocrx_word' id='word_1_902' title='bbox 2259 5357 2306 5399; x_wconf 88' lang='lat' dir='ltr'><strong>te</strong></span> <span class='ocrx_word' id='word_1_903' title='bbox 2332 5363 2562 5416; x_wconf 83' lang='lat' dir='ltr'><strong>sponsus</strong></span> <span class='ocrx_word' id='word_1_904' title='bbox 2592 5351 2782 5405; x_wconf 84' lang='lat' dir='ltr'><strong>similis</strong></span> <span class='ocrx_word' id='word_1_905' title='bbox 2820 5368 3041 5419; x_wconf 79' lang='lat' dir='ltr'><strong>capreae,</strong></span> <span class='ocrx_word' id='word_1_906' title='bbox 3077 5355 3155 5406; x_wconf 90' lang='lat' dir='ltr'><strong>vel</strong></span> <span class='ocrx_word' id='word_1_907' title='bbox 3197 5356 3421 5408; x_wconf 78' lang='lat' dir='ltr'><strong>hinnule</strong></span> 
     </span>
    </p>
   </div>
   <div class='ocr_carea' id='block_1_117' title="bbox 1878 5441 3419 5513">
    <p class='ocr_par' dir='ltr' id='par_1_117' title="bbox 1878 5441 3419 5513">
     <span class='ocr_line' id='line_1_117' title="bbox 1878 5441 3419 5513; baseline 0.005 -22"><span class='ocrx_word' id='word_1_908' title='bbox 1878 5452 2156 5492; x_wconf 79' lang='lat' dir='ltr'><strong>cervorum</strong></span> <span class='ocrx_word' id='word_1_909' title='bbox 2204 5453 2364 5506; x_wconf 87' lang='lat' dir='ltr'><strong>super</strong></span> <span class='ocrx_word' id='word_1_910' title='bbox 2419 5450 2629 5494; x_wconf 83' lang='lat' dir='ltr'><strong>montes</strong></span> <span class='ocrx_word' id='word_1_911' title='bbox 2681 5441 2877 5495; x_wconf 83' lang='lat' dir='ltr'><strong>Betlrel.</strong></span> <span class='ocrx_word' id='word_1_912' title='bbox 2930 5444 3112 5496; x_wconf 78' lang='lat' dir='ltr'><strong>Cernit</strong></span> <span class='ocrx_word' id='word_1_913' title='bbox 3166 5460 3419 5513; x_wconf 83' lang='lat' dir='ltr'><strong>sponsum</strong></span> 
     </span>
    </p>
   </div>
   <div class='ocr_carea' id='block_1_118' title="bbox 3042 5642 3417 5698">
    <p class='ocr_par' dir='ltr' id='par_1_118' title="bbox 3042 5642 3417 5698">
     <span class='ocr_line' id='line_1_118' title="bbox 3042 5642 3417 5698; baseline 0 0"><span class='ocrx_word' id='word_1_914' title='bbox 3042 5644 3083 5674; x_wconf 89' lang='grc'><strong>¹³</strong></span> <span class='ocrx_word' id='word_1_915' title='bbox 3113 5642 3243 5698; x_wconf 86' lang='lat' dir='ltr'><strong>Gen.</strong></span> <span class='ocrx_word' id='word_1_916' title='bbox 3271 5658 3417 5698; x_wconf 73' lang='lat' dir='ltr'><strong>sxw.</strong></span> 
     </span>
    </p>
   </div>
   <div class='ocr_carea' id='block_1_119' title="bbox 3000 5779 3073 5835">
    <p class='ocr_par' dir='ltr' id='par_1_119' title="bbox 3000 5779 3073 5835">
     <span class='ocr_line' id='line_1_119' title="bbox 3000 5779 3073 5835; baseline -0.014 0"><span class='ocrx_word' id='word_1_917' title='bbox 3000 5779 3073 5835; x_wconf 55' lang='grc' dir='ltr'><strong><em>ἃᾶ</em></strong></span> 
     </span>
    </p>
   </div>
   <div class='ocr_carea' id='block_1_120' title="bbox 1928 5642 2937 5708">
    <p class='ocr_par' dir='ltr' id='par_1_120' title="bbox 1928 5642 2937 5708">
     <span class='ocr_line' id='line_1_120' title="bbox 1928 5642 2937 5708; baseline 0 -12"><span class='ocrx_word' id='word_1_918' title='bbox 1928 5648 1964 5676; x_wconf 85' lang='grc'>¹¹</span> <span class='ocrx_word' id='word_1_919' title='bbox 1994 5642 2154 5698; x_wconf 77' lang='lat' dir='ltr'><strong>Num.</strong></span> <span class='ocrx_word' id='word_1_920' title='bbox 2199 5659 2341 5708; x_wconf 58' lang='grc' dir='ltr'><strong>χχιι,</strong></span> <span class='ocrx_word' id='word_1_921' title='bbox 2367 5645 2417 5698; x_wconf 83' lang='lat'><strong>9.</strong></span> <span class='ocrx_word' id='word_1_922' title='bbox 2526 5646 2565 5676; x_wconf 85' lang='grc'>¹¹</span> <span class='ocrx_word' id='word_1_923' title='bbox 2600 5644 2784 5698; x_wconf 76' lang='lat' dir='ltr'><strong>Matth.</strong></span> <span class='ocrx_word' id='word_1_924' title='bbox 2821 5660 2937 5696; x_wconf 85' lang='lat' dir='ltr'><strong>vni.</strong></span> 
     </span>
    </p>
   </div>
  </div>
