2073 3732
383 184 453 219 1195

963 187 993 217 S.
1011 186 1164 217 EUSEBll
1178 187 1402 225 _IllERONYMI

1904 194 1976 227 1196

384 230 610 266 appropinquasse
634 232 765 265 vicinius,
791 234 836 267 qui
863 240 923 261 ante
947 243 1026 269 super
1051 242 1154 263 montes
1170 239 1191 266 Α
1207 238 1269 270 pulli
1286 238 1469 264 columbarum
1485 238 1516 263 ¹¹.
1533 236 1598 264 Nam
1611 237 1679 264 idem
1692 237 1789 267 valent.
1803 239 1831 262 et.
1843 243 1981 271 nunquam

383 275 541 302 versabatur
559 281 586 303 et
604 277 697 310 colles,
715 278 854 306 assimulat
874 286 934 305 eum
959 281 1150 308 transilientem

383 321 463 355 atque
474 320 623 349 salientem.
640 321 671 348 Et
687 327 747 357 post
762 323 816 350 haec
833 323 865 349 ad
883 330 911 350 se
922 328 948 350 et
962 324 994 350 ad
1008 325 1074 352 alias
1088 326 1152 352 ado-

382 363 545 392 Iescentulas
567 367 707 400 advenisse
719 376 896 403 cognoscens,
911 370 976 397 dicit
1000 380 1006 397 :
1030 371 1094 397 Ecce
1111 371 1152 397 hic

383 416 452 438 retro
474 418 531 447 post
549 413 674 448 parietem
692 420 819 442 nostrum.
834 415 862 442 Si
877 416 1049 444 aadilicaveris
1065 417 1152 451 parie-

382 461 447 490 tem,
461 463 487 484 et
498 457 590 485 feceris
603 459 802 487 :editieauonem
819 460 876 493 Dei,
892 462 977 488 veniet
993 466 1052 495 post
1068 462 1153 495 parie-

382 505 436 530 lem
453 507 538 530 tuum.
557 503 720 538 Prospicicns
743 513 788 539 per
808 506 942 540 fenestras.
960 505 1016 532 Una
1038 505 1152 534 fenestra

382 555 453 574 unus
467 552 508 574 est
532 555 639 581 sensus,
663 557 710 584 per
727 550 798 576 hunc
817 551 944 585 prospicit
960 559 1086 586 sponsus,
1101 553 1152 579 alia

382 592 498 620 fenestra
515 594 584 621 alius
599 599 639 621 est
658 603 764 628 sensus,
784 600 809 622 et
823 603 870 630 per
886 596 956 624 hunc
972 605 1086 631 sponsus
1101 599 1154 624 sol-

382 638 454 665 licite
478 644 627 666 contuetur.
654 639 704 666 Per
724 647 793 674 quos
821 648 917 669 sensus
946 651 998 669 non
1026 643 1154 678 prospicit

383 691 471 709 sermo
484 683 528 710 Dei
539 685 549 709 ?
560 684 627 716 Quid
643 685 676 711 sit
690 690 777 711 autem
792 686 941 720 prospicere
955 696 1001 722 per
1012 688 1152 720 fenestras,

383 734 408 755 et
425 730 560 762 quomodo
574 738 621 764 per
635 739 681 758 eas
705 740 819 766 sponsus
835 733 960 767 aspiciat.
976 742 1090 768 sequens
1106 735 1154 761 do-

382 774 451 800 cebit
472 776 635 810 exemplum.
657 775 705 803 Ubi
729 785 781 804 non
809 779 937 812 prospicit
961 787 1091 813 sponsus,
1118 780 1153 806 ibi

383 826 456 846 mors
475 820 610 847 invenitur
627 822 784 853 ascendens,
801 828 830 850 ut
846 823 960 858 legimus
975 825 1000 851 in
1016 825 1129 851 Jeremia
1146 834 1152 851 :

385 863 448 891 Ecce
468 874 536 893 mors
550 868 664 893 ascendit
679 876 724 902 per
738 869 862 902 fencm'as
880 875 981 896 nostms
994 872 1025 897 "’.
1042 871 1154 902 Quando

377 908 478 934 videris
490 909 629 936 mulierem
642 909 676 938 ad
687 912 936 946 concupiscendum
947 920 1016 944 eam,
1026 913 1080 948 jam
1090 904 1189 943 morsB

376 954 499 980 ascendit
511 962 558 988 per
571 955 705 984 fenestras
718 957 787 985 lu'as.
802 959 925 986 Eminens
938 968 984 993 per
996 960 1162 988 rctia.httel-

375 999 427 1034 lige
448 1002 509 1036 quia
525 1003 552 1029 in
577 1004 666 1030 medio
693 1006 849 1037 laqueorum
870 1006 1002 1038 ambulas,
1025 1012 1053 1034 et
1068 1008 1163 1035 subtus

375 1047 515 1074 machinas
524 1048 673 1083 528-30
683 1054 806 1077 transe..s
818 1051 1001 1080 imminentes.
1011 1053 1107 1081 Omnia
1121 1062 1163 1082 re-

380 1090 452 1118 tibus
466 1091 542 1125 plena
553 1096 625 1123 sutlt,
643 1092 766 1119 diabolus
783 1094 878 1128 laqueo
893 1099 987 1121 cuncta
999 1096 1150 1130 complevit.

380 1134 407 1161 Si
422 1141 509 1162 atllcm
527 1137 628 1163 venerit
643 1137 689 1163 tibi
705 1146 792 1164 sermo
809 1139 863 1170 Dei,
876 1144 901 1165 et
913 1141 1022 1174 emperil
1035 1143 1152 1170 eminere

379 1180 411 1207 de
427 1182 538 1213 retibus,
550 1182 622 1208 dices
636 1190 641 1207 :
655 1183 749 1209 Anima
767 1188 854 1208 nostra
869 1190 956 1217 erepta
967 1190 1005 1211 est
1019 1186 1049 1211 de
1062 1186 1151 1220 laqueo

380 1226 537 1253 venantium.
550 1226 667 1260 Laqueus
684 1228 809 1254 contritus
826 1233 874 1259 est,
889 1234 912 1254 et
934 1237 977 1255 uos
990 1230 1092 1257 liberali
1107 1240 1152 1257 su-

379 1279 445 1296 mus.
464 1270 597 1296 Benedicti
621 1279 663 1297 vos
685 1280 700 1297 (ι
727 1271 835 1298 Domino
859 1272 903 1306 qui
929 1273 988 1307 ferit
1017 1275 1107 1300 ca’lum
1127 1280 1151 1302 et

379 1319 476 1340 terram
489 1315 521 1341 ".
539 1314 648 1342 Eminet
665 1315 746 1348 igitur
767 1324 882 1350 sponsus
905 1324 951 1350 per
967 1319 1030 1345 retia
1049 1320 1095 1346 tibi
1111 1321 1151 1346 vi-

380 1364 434 1386 tam
451 1359 559 1386 faciens.
576 1359 654 1387 Jesus
675 1361 812 1387 descendit
828 1362 859 1388 ad
887 1367 979 1394 terras,
994 1364 1108 1398 suljccit
1124 1374 1152 1393 se

379 1404 482 1430 retibus
499 1406 605 1436 mundi;
631 1406 723 1432 videns
745 1413 870 1440 magnum
892 1407 1030 1435 hominum
1045 1417 1150 1444 gregem

378 1449 481 1477 retibus
499 1449 666 1484 impeditum,
690 1459 746 1478 nec.
758 1460 789 1478 ca
811 1453 844 1478 ab
867 1453 920 1479 alio
935 1454 986 1480 nisi
1003 1462 1017 1480 a
1031 1462 1059 1481 se
1074 1463 1151 1489 posse

378 1496 528 1526 conscindi,
545 1496 615 1522 venit
635 1497 666 1523 ad
683 1499 758 1529 retia,
776 1505 916 1525 assumens
937 1506 1035 1534 corpus
1058 1500 1152 1528 huma-

379 1548 454 1573 num,
471 1541 541 1575 quod
564 1541 733 1568 inimicaruin
753 1542 937 1570 fortituilinum
958 1544 1060 1578 laqueis
1076 1550 1149 1572 tene-

378 1586 467 1619 batur,
482 1595 511 1614 ea
539 1587 585 1614 tibi
609 1588 722 1621 dirupit,
741 1593 767 1614 et
787 1588 924 1622 loqueris:
944 1589 1009 1616 Ecce
1026 1591 1066 1617 hic
1083 1597 1151 1618 retro

377 1637 434 1666 past
459 1634 583 1667 parietem
613 1640 730 1660 nostrum
753 1635 910 1668 proapiciens
937 1644 981 1669 per
1007 1636 1150 1670 fenestras,

376 1679 490 1704 eminens
512 1687 557 1713 per
576 1680 652 1706 retia.
676 1680 742 1706 Cum
756 1680 909 1711 eminuerit,
930 1681 994 1707 dicit
1010 1681 1056 1707 libi
1072 1682 1151 1715 (vers.

380 1724 422 1756 IO)
438 1733 444 1750 :
460 1724 601 1758 Respondet
616 1725 749 1759 fratruelis
763 1733 843 1757 meus,
860 1730 883 1752 et
891 1726 954 1751 dicit
962 1734 971 1751 .'
979 1725 1070 1760 Surge,
1085 1728 1150 1756 veni.

378 1770 498 1799 proxima
514 1777 580 1802 mea,
593 1769 662 1796 viam
677 1769 722 1796 tibi
738 1768 799 1801 feci,
813 1770 931 1797 conscidi
948 1771 1024 1801 retia,
1039 1771 1077 1797 sic
1094 1772 1152 1797 veni

379 1814 411 1840 ad
429 1821 486 1846 me,
504 1814 625 1848 proxima
648 1821 716 1840 mea.
742 1813 833 1849 Surge,
852 1815 923 1845 veni,
949 1815 1069 1848 prox-ima
1085 1824 1152 1846 mea,

379 1859 493 1893 speciosa
517 1868 584 1892 mea,
603 1859 722 1886 columba
741 1868 807 1887 mea.
831 1859 885 1887 Cur
910 1861 963 1892 ait,
989 1861 1085 1895 surge?
1106 1870 1153 1888 ctir

379 1906 508 1939 propera?
522 1904 578 1939 Ego
595 1913 642 1939 pro
663 1910 688 1932 te
707 1906 823 1933 sustinui
841 1906 940 1933 rabiem
956 1911 1153 1940 tempestatum,

378 1958 427 1985 ego
442 1950 538 1977 ﬂuctus
557 1950 602 1985 qui
628 1951 672 1977 tibi
697 1950 861 1977 debebantur
876 1951 979 1985 excepi.
998 1951 1091 1978 Tristis
1117 1958 1153 1978 est

379 1995 448 2021 facta
475 1995 562 2021 anima
591 2002 647 2021 mea
669 2000 777 2028 propter
794 2000 818 2021 te
841 2003 920 2029 usque
942 1995 976 2021 ad
998 2002 1106 2022 mortem
1121 1996 1154 2022 η.

380 2039 492 2067 Snrrexi
508 2048 523 2066 a
538 2040 651 2067 mortuis
667 2040 761 2066 fractis
778 2040 872 2066 mortis
891 2040 992 2074 januis,
1009 2045 1034 2067 el
1057 2041 1154 2068 inferni

379 2086 494 2112 vinculis
509 2085 660 2113 dissolutis.
689 2085 749 2112 ideo
769 2085 829 2112 dico
851 2085 899 2112 tibi
913 2084 999 2113 (γει-ε.
1021 2086 1063 2118 10,
1090 2087 1153 2120 ll):

380 2131 474 2166 Surge,
495 2132 560 2162 veni,
582 2131 701 2165 proxima
722 2139 787 2162 mea,
809 2130 924 2165 speciosa
948 2135 1019 2162 mea,
1037 2132 1155 2157 columba

379 2184 448 2208 mea,
473 2176 534 2210 quia
549 2176 629 2202 ltiems
646 2176 775 2207 transivit,
802 2175 889 2209 pluvia
913 2176 987 2207 abiit,
1009 2176 1086 2210 ﬂores
1107 2177 1154 2202 visi

1206 282 1305 309 dictum
1328 288 1369 310 est
1393 283 1535 317 separatim
1559 290 1608 317 par
1632 282 1817 309 tantummodo
1840 281 1981 309 columba:

1205 333 1276 355 rum.
1295 327 1339 353 sed
1363 334 1409 361 par
1423 331 1575 359 turturum,
1592 331 1618 353 et
1640 327 1708 353 duos
1731 327 1818 360 pullos
1838 326 1978 353 columba.

1206 377 1276 396 rum.
1295 370 1424 398 Columba
1439 371 1555 405 Spiritus
1571 376 1681 397 sanctus
1692 376 1741 397 est.
1758 370 1876 404 Spiritus
1893 376 1978 397 autem

1205 419 1314 442 sanctus
1330 416 1438 449 quando
1457 416 1489 442 de
1509 416 1612 450 magnis
1634 420 1660 442 ct
1684 416 1877 443 occultioribus
1894 423 1980 443 sacra-

1206 461 1313 492 mentis,
1329 465 1354 487 el
1368 468 1427 494 quae
1442 461 1517 487 multi
1534 468 1629 495 capere
1650 468 1703 487 non
1722 466 1835 494 possunt
1854 462 1978 495 loquitur,

1207 506 1233 533 in
1252 506 1363 533 tnrturis
1380 506 1558 540 appellatione
1575 506 1706 541 signatur,
1722 506 1746 532 id
1772 511 1812 533 est
1836 506 1896 540 ejus
1917 507 1979 539 avis,

1206 560 1265 586 qnze.
1281 560 1384 586 semper
1397 553 1422 578 in
1436 553 1565 580 montium
1578 553 1649 588 jugis
1660 558 1686 579 et
1697 553 1824 580 arborum
1837 554 1980 581 verticibus

1206 603 1397 624 commoratur.
1416 597 1443 624 In
1462 598 1576 624 vallibus
1591 603 1679 625 autem
1703 602 1729 625 et
1746 598 1787 625 his
1809 606 1871 632 qua:
1886 599 1919 625 ad
1936 599 1980 626 ho-

1206 643 1292 669 mines
1309 651 1393 677 usque
1406 644 1574 678 perveniunt.
1588 644 1712 670 columba
1730 645 1890 671 aSsumilur.
1911 644 1979 671 Drui-

1205 694 1257 721 que
1273 686 1396 714 Salvator
1410 688 1474 722 quia
1490 688 1624 714 hominem
1639 692 1680 714 est
1695 689 1821 723 dignatus
1833 696 1977 721 assumere,

1206 735 1232 758 et
1250 731 1321 758 venit
1339 732 1372 757 ad
1391 737 1486 763 terras,
1509 732 1639 766 multique
1657 737 1720 758 tunc
1747 733 1819 760 circa
1839 733 1979 759 Jorilanein

1206 781 1360 809 peccatores
1384 780 1477 806 erant,
1495 775 1596 803 idcirco
1620 776 1736 810 Spiritus
1758 781 1870 803 sanctus
1890 778 1979 803 nonin

1208 825 1337 846 turturem
1356 821 1478 852 vertitur,
1495 821 1539 847 sed
1553 821 1676 847 columba
1694 821 1732 849 tit.
1758 821 1828 847 inter
1850 830 1899 847 nos
1922 831 1979 856 pio-

1207 869 1266 898 pler
1289 864 1427 891 hominum
1446 864 1646 891 multitudinem
1664 865 1721 891 avis
1738 866 1907 892 mansuetior
1922 874 1979 891 (on-

1205 913 1338 936 versatur.
1352 909 1452 936 Turtur
1467 914 1555 936 autem
1570 909 1684 941 videtur,
1701 909 1772 936 verbi
1789 909 1886 944 gratia.
1899 909 1978 944 Moysi

1205 958 1231 980 et
1247 955 1292 981 uni
1309 955 1418 981 cuilibet
1432 955 1622 989 prophetarum
1640 955 1819 981 recedentium
1841 956 1867 980 in
1882 960 1979 982 mmlr-s

1204 1004 1230 1026 et
1245 999 1362 1031 deserta,
1378 1005 1403 1026 cl
1417 1000 1453 1026 ibi
1471 1000 1658 1034 accipientium
1672 1007 1809 1026 sermones
1822 999 1880 1026 Dei.
1898 999 1937 1027 (γι
1947 1007 1980 1026 rs.

1206 1045 1248 1076 1‘2,
1262 1046 1317 1079 l5.)
1333 1045 1387 1072 Vos
1403 1053 1466 1079 ergo
1479 1046 1589 1072 turturis
1601 1045 1691 1071 audita
1704 1050 1741 1071 est
1756 1046 1782 1070 in
1801 1051 1871 1071 terra
1885 1051 1980 1072 nostra.

1207 1090 1287 1116 Ficus
1300 1091 1422 1124 produxit
1440 1098 1542 1124 gressa:
1556 1098 1627 1116 suos.
1643 1091 1662 1117 Α
1681 1090 1731 1123 ﬁcu
1746 1090 1891 1124 dignasn‘te
1905 1099 1980 1124 para-

1205 1136 1289 1162 bolam
1303 1144 1312 1162 :
1329 1144 1386 1162 cum
1401 1144 1488 1162 ramus
1503 1136 1558 1170 ejus
1582 1140 1652 1162 tener
1665 1138 1750 1169 factus
1771 1136 1862 1169 fuerit,
1881 1142 1904 1162 et
1920 1136 1981 1169 fot'ia

1205 1180 1317 1210 miserit,
1331 1181 1422 1206 scitote
1443 1180 1503 1214 quia
1517 1180 1596 1213 juxta
1616 1184 1654 1205 est
1677 1185 1754 1207 testas
1775 1182 1807 1205 ".
1827 1179 1890 1206 Vult
1908 1182 1948 1206 ηοξ
1961 1182 1980 1208 is

1205 1222 1251 1249 Dei
1270 1224 1405 1258 eloquium
1419 1224 1553 1256 nuntiare,
1566 1228 1626 1258 post
1640 1224 1765 1256 hiemem,
1779 1229 1838 1258 post
1853 1225 1980 1259 procellas

1204 1269 1356 1296 animarum
1375 1270 1604 1303 appropinquasse
1621 1277 1746 1301 messem,
1772 1275 1798 1296 et
1815 1271 1854 1296 ait
1873 1280 1879 1297 :
1904 1270 1979 1296 Ficta

1204 1313 1327 1348 produxit
1343 1322 1445 1348 grossos
1461 1322 1531 1344 suos.
1545 1314 1607 1340 cites
1620 1314 1769 1348 florescunt,
1784 1315 1910 1342 dederunt
1924 1316 1982 1342 odu-

1204 1367 1275 1390 rcm;
1296 1359 1318 1386 si
1343 1359 1397 1393 jam
1422 1363 1585 1393 rumpuntur
1609 1359 1636 1385 in
1659 1358 1768 1391 ﬂorem,
1784 1365 1890 1387 tempus
1906 1361 1981 1387 adve-

1204 1405 1269 1437 niet,
1284 1410 1311 1432 ct
1328 1408 1407 1432 erunt
1420 1412 1488 1431 uvae.

1225 1457 1303 1493 531
1323 1458 1348 1491 2
1365 1457 1408 1482 15.
1423 1456 1517 1491 Surge,
1532 1457 1600 1488 veni,
1622 1455 1743 1489 proxima
1765 1447 1834 1483 mea.
1861 1459 1976 1484 specum

1191 1512 1260 1537 mea,
1275 1503 1396 1530 columba
1410 1511 1478 1530 mea.
1500 1502 1560 1529 Iltec
1576 1509 1637 1536 quae
1654 1500 1778 1535 superius
1790 1499 1977 1534 exposui-nm,

1192 1556 1310 1584 sponsus
1325 1556 1377 1576 non
1401 1548 1577 1575 audientibus
1605 1546 1826 1577 adolescentulis,
1854 1545 1901 1571 sed
1923 1545 1977 1570 sola

1192 1602 1294 1631 sponsa
1310 1595 1439 1622 audiente
1452 1594 1583 1628 loquitur.
1596 1593 1729 1619 Vol-imus
1741 1596 1831 1618 autem
1848 1596 1874 1617 et
1893 1590 1979 1624 ipsius

1189 1643 1244 1676 jam
1257 1641 1350 1668 audire
1361 1647 1516 1668 sermonem
1538 1638 1675 1673 loquentis
1690 1638 1722 1665 ad
1749 1643 1879 1671 sponsam
1897 1641 1978 1668 (vers.

1203 1684 1247 1716 l3,
1263 1683 1304 1718 Η)
1316 1692 1323 1709 :
1337 1682 1428 1717 Surge,
1444 1682 1509 1713 t'eni,
1524 1681 1643 1716 proxima
1657 1689 1723 1711 mea,
1737 1681 1850 1714 speciosa
1860 1688 1930 1710 mea,
1941 1687 1981 1705 co—

1203 1728 1289 1754 lumba
1308 1736 1374 1758 mea,
1388 1732 1412 1753 et
1428 1726 1493 1757 veni,
1516 1725 1636 1752 columba
1658 1733 1724 1755 mea,
1749 1724 1795 1750 sub
1812 1725 1924 1758 tegmine
1942 1732 1982 1756 pe-

1204 1779 1261 1800 tra'.
1287 1772 1319 1799 Et
1343 1772 1448 1807 Moyses
1471 1771 1522 1798 sub
1550 1770 1665 1805 tegmine
1694 1774 1774 1804 petra:
1802 1770 1931 1811 ponitur,
1956 1774 1982 1794 ut

1203 1819 1292 1846 videat
1303 1818 1450 1852 posteriora
1467 1817 1523 1843 Dei.
1544 1815 1575 1842 In
1598 1815 1707 1850 tegmine
1727 1815 1912 1841 antemuralis.
1927 1813 1982 1840 Pri—

1203 1872 1275 1891 mum
1293 1864 1353 1890 veni
1369 1862 1401 1889 ad
1419 1862 1444 1889 id
1467 1861 1539 1896 quod
1561 1866 1623 1888 ante
1641 1868 1748 1887 murum
1770 1865 1825 1891 est,
1843 1864 1870 1886 et
1889 1864 1981 1893 postea

1203 1909 1303 1943 poteris
1318 1909 1429 1935 introire
1452 1908 1497 1934 ubi
1512 1914 1606 1933 murus
1619 1910 1661 1933 est
1678 1910 1768 1940 petrae.
1788 1905 1900 1932 Ostende
1922 1906 1982 1930 milli

1205 1953 1297 1986 faciem
1324 1957 1406 1978 tuam.
1431 1951 1521 1985 Usque
1546 1950 1579 1976 ad
1605 1954 1764 1984 praesentem
1788 1949 1861 1976 diem
1885 1949 1982 1976 similia

1204 1999 1329 2025 dicuntur
1346 1997 1378 2024 ad
1394 2004 1519 2031 sponsam
1543 2005 1549 2022 :
1566 1996 1680 2022 necdum
1694 1995 1765 2021 enim
1784 1994 1901 2022 habebat
1918 1996 1983 2022 ﬁdu-

1203 2044 1285 2075 ciam,
1299 2048 1327 2070 nt
1342 2042 1458 2069 revelata
1481 2041 1548 2068 facie
1570 2041 1682 2076 gloriam
1698 2040 1803 2066 Domini
1817 2040 1983 2074 contemplr

1204 2092 1288 2114 retur.
1303 2086 1371 2119 Quia
1385 2093 1448 2113 vero
1462 2085 1516 2120 jam
1540 2089 1636 2112 ornata
1657 2089 1699 2111 est
1715 2090 1795 2119 atque
1815 2086 1965 2119 composita
1975 2104 1981 2115 .

1204 2135 1301 2161 dicitur
1323 2133 1347 2160 ei
1374 2140 1382 2158 ι
1403 2132 1514 2159 Ostende
1538 2131 1602 2157 mihi
1630 2130 1723 2164 faciem
1748 2136 1830 2156 tuam.
1860 2129 1981 2156 Nondum

1206 2184 1262 2206 erat
1276 2179 1347 2205 enim
1363 2186 1413 2204 vox
1427 2177 1485 2212 ejus
1499 2177 1534 2204 ita
1549 2177 1651 2209 suavis,
1668 2181 1697 2203 ut
1709 2180 1859 2203 mereretur
1872 2176 1896 2202 ei
1910 2175 1961 2201 dici
1975 2184 1980 2200 :

378 2226 439 2248 sunt
462 2222 487 2247 in
511 2225 590 2247 terra.
608 2219 662 2254 Ego
687 2227 701 2246 a
727 2220 839 2246 mortuis
865 2227 977 2254 surgens
999 2225 1155 2254 tempestate
1172 2231 1192 2258 υ
1207 2224 1304 2251 Audire
1328 2232 1367 2250 me
1390 2224 1431 2258 fac
1450 2231 1534 2249 vocem
1558 2228 1641 2249 tuam.
1664 2221 1776 2254 Quando
1802 2227 1869 2255 ergo
1894 2220 1982 2246 didicit

380 2273 534 2300 compressa
557 2265 775 2299 tranquillitatem
798 2264 910 2291 reddidi.
932 2264 963 2291 Et
977 2265 1038 2299 quia
1056 2273 1152 2292 secun-

379 2312 442 2338 dum
459 2312 684 2345 dispensationem
698 2312 787 2338 carnis
805 2319 836 2338 ex
852 2311 968 2346 Virgine,
981 2316 1007 2338 et
1017 2312 1153 2339 voluntate

379 2357 466 2384 l'atris
490 2357 572 2389 crevi,
589 2361 614 2383 et
636 2357 777 2391 sapientia,
795 2362 821 2384 et
840 2361 916 2384 actate
945 2356 1056 2391 profeci,
1070 2358 1151 2390 (vers.

379 2402 422 2435 ἐξ)
438 2403 514 2436 ﬂores
539 2403 587 2428 risi
603 2407 662 2428 sunt
684 2403 710 2427 in
728 2407 807 2435 terra,
824 2407 922 2435 tempus
935 2402 1054 2428 sectionis
1068 2403 1151 2428 adest.

381 2447 470 2474 Sectio
483 2448 607 2474 remissio
632 2452 800 2481 peccatorum
816 2452 866 2474 est.
889 2446 1001 2474 Omnem
1023 2447 1094 2473 cnim
1111 2454 1153 2474 ra-

382 2500 465 2525 mum,
480 2492 527 2523 ait,
546 2493 571 2518 in
590 2500 631 2519 me
649 2497 811 2524 manentem,
826 2498 852 2519 et
867 2492 1021 2519 aiferentem
1037 2491 1152 2518 fructum

380 2537 457 2564 Pater
471 2544 546 2563 meus
564 2537 685 2567 mundat.
709 2543 736 2563 ut
758 2536 860 2563 fructus
881 2537 996 2571 majores
1013 2537 1105 2564 aﬂ‘erat
1121 2537 1152 2562 ’¹¹.

382 2583 482 2609 Haliclo
510 2584 622 2613 fllH‘lllS,
640 2588 663 2609 et
689 2585 774 2616 priora
801 2592 859 2616 quze
882 2584 906 2608 ill
934 2590 957 2608 te
986 2584 1151 2609 infructuosa

382 2635 443 2655 sunt
469 2630 635 2655 auferuntur.
666 2629 771 2662 Tempus
796 2630 893 2663 quippe
920 2630 1035 2654 δμιιίηιιὶς
1063 2630 1152 2659 (illest,

382 2683 428 2700 r01
451 2676 558 2700 turturis
585 2675 674 2699 audita
693 2680 727 2699 est
757 2683 781 2698 t/l
806 2680 873 2699 terra
896 2679 992 2699 mslra,
1018 2673 1073 2697 Non
1099 2674 1153 2697 sine

382 2729 461 2746 ςίιιιει
482 2722 505 2745 in
522 2721 651 2745 mallii-io
665 2725 802 2745 usslluiilill
826 2728 870 2751 par
884 2724 919 2744 lut
930 2724 1027 2749 lill'iliii,
1045 2724 1089 2743 ant
1102 2719 1152 2742 duo

700 2818 719 2830 νδ
736 2816 803 2841 l‘szil.
821 2824 908 2847 cxxlv,
929 2817 951 2846 7,
966 2818 990 2842 κ,

547 2851 566 2865 ’³
582 2851 649 2875 Pani.
667 2859 717 2878 (ιγ,
736 2851 777 2875 34.

419 2817 436 2829 Γ
454 2816 545 2841 lt-telll.
565 2824 599 2842 l\.
617 2817 658 2841 Ἡ,

384 2860 452 2879 ικη,
470 2852 501 2876 3;!

1044 2819 1063 2831 ‘”
1079 2816 1169 2841 Mulli).

1206 2270 1289 2304 loqui.
1305 2268 1375 2296 Tace
1390 2269 1472 2301 enilu,
1488 2269 1536 2300 ait.
1549 2273 1575 2295 et
1592 2267 1654 2294 audi
1677 2266 1769 2297 Israel,
1784 2270 1811 2292 et
1835 2266 1907 2292 scito
1923 2264 1981 2298 quid

1205 2316 1300 2349 loquar
1315 2322 1320 2339 :
1336 2320 1362 2341 ct
1374 2315 1464 2341 suavis
1480 2314 1549 2341 facta
1564 2319 1604 2340 est
1616 2321 1668 2340 vox
1682 2314 1740 2346 ejus
1758 2319 1871 2345 sponsa,
1890 2319 1982 2338 secun-

1206 2363 1272 2389 dum
1294 2360 1362 2388 illud
1386 2360 1572 2395 propheticum
1593 2369 1599 2386 :
1619 2358 1710 2386 Suam
1727 2358 1772 2392 ﬁat
1794 2357 1818 2383 ei
1840 2357 1981 2390 postulatio

1205 2414 1262 2432 mea
1276 2406 1315 2432 “'3
1340 2411 1402 2432 tunc
1423 2405 1456 2430 ad
1476 2412 1534 2431 eam
1559 2411 1674 2438 sponsus
1697 2402 1794 2429 elfatur
1811 2411 1817 2427 :
1835 2400 1870 2426 Et
1894 2402 1981 2426 audire

1204 2458 1243 2476 me
1264 2450 1305 2484 fac
1328 2457 1411 2476 vocent
1437 2454 1524 2480 tuam,
1546 2448 1607 2482 quia
1628 2455 1677 2474 vox
1700 2452 1745 2472 tua
1769 2447 1858 2473 suavis
1882 2451 1931 2472 ut.
1955 2442 1979 2470 Si

1203 2492 1341 2524 aperueris
1357 2499 1387 2518 os
1411 2497 1486 2518 ttlum
1508 2492 1589 2518 verbo
1611 2490 1667 2523 Dei,
1690 2490 1760 2517 dicet
1774 2490 1822 2517 tibi
1844 2497 1978 2524 sponsus:

1210 2538 1265 2564 Vo:
1281 2543 1324 2563 tua
1342 2539 1428 2563 suavis
1443 2543 1491 2568 cst,
1507 2543 1531 2563 et
1548 2543 1664 2570 aspectus
1681 2542 1740 2561 tuus
1757 2536 1900 2568 speciosus.
1914 2534 1980 2567 Quae

1205 2588 1311 2617 propter
1341 2587 1536 2615 consurgentes
1562 2583 1735 2615 deprecemur
1765 2579 1929 2608 Dominum.
1956 2585 1980 2605 ut

1205 2628 1276 2660 digni
1293 2629 1438 2653 ellicinluur
1463 2628 1554 2660 sponsi
1574 2635 1708 2656 serlllone,
1728 2626 1861 2659 sapientia
1879 2626 1979 2651 Christo

1206 2673 1279 2704 Jesn,
1299 2674 1341 2699 cui
1359 2678 1397 2698 est
1412 2673 1495 2705 gloria
1514 2679 1538 2698 et
1558 2673 1738 2705 imperiumin
1759 2672 1856 2697 meeum
1873 2671 1979 2697 saxulu-

1207 2728 1275 2745 lntn.
1297 2721 1388 2744 .\llttjll.

1620 2818 1639 2830 “
1661 2817 1743 2842 Luit.
1760 2825 1807 2841 \il,
1849 2818 1870 2830 “
1891 2815 1971 2840 \fatzli.

1186 2825 1258 2845 \vvi,
1276 2818 1316 2841 3?.
1358 2819 1377 2831 εδ
1395 2818 1471 2841 .Ι‹›ῖιει.
1489 2826 1530 2848 \v,
1547 2818 1570 2843 Ξ.

124 3308 136 3316 s
166 3286 194 3320 ’ἓν

1545 3720 1550 3721 γ
1559 3720 1563 3721 γ
1578 3720 1622 3721 7
1640 3720 1643 3721 ν
1778 3688 1952 3722 ἱξέείεῑεκ
