4210 6350
132 298 279 367 1197
1038 292 1497 352 FRAGMENTA
1545 289 1749 347 LIBRI

1710 291 1749 345 il
1802 287 2077 345 NOMIN.
2126 281 2481 342 IIEDRMC.
3237 273 3372 336 1198

2222 433 2471 443 ..-.---

1658 440 1718 449 ..ρ
1744 440 1925 449 ηις-α--
1962 437 2219 447 —————-————-—

1100 622 2421 803 APPENDIX

1404 934 1591 995 TOMI
1644 933 1737 995 lIl
1796 931 2119 992 OPERUM

707 1118 847 1231 8.
910 1116 1622 1232 EUSEBII
1724 1099 2803 1226 HIERONYMI

912 1366 1061 1477 ΙΝ
1139 1358 1829 1486 EDITIONE
1918 1352 2664 1469 VALLARSI.

1725 1616 1789 1626 .—

1353 1764 1638 1851 PARS
1742 1759 2163 1877 PRIMA,

282 1968 347 2023 ΙΝ
388 1969 525 2036 ρϋκ
562 1964 742 2020 LIBRI
780 1959 1095 2019 NOMINUM
1137 1957 1627 2016 IIEBRHCORUM
1666 1953 2362 2011 INTERPRETATIONES
2412 1955 2661 2009 GRAECE
2704 1955 3231 2012 RECENSENTL‘R.

1658 440 1718 449 ..ρ
1744 440 1925 449 -~—-——
1962 440 2415 447 ———————-—————fr
2822 440 2845 441 κγ

162 440 3359 479 W

1530 2275 2035 2336 ADMONITIO-

1717 2466 1773 2477 ..ο

221 2599 489 2654 subnexa:
521 2597 803 2665 farraginis
858 2592 1166 2648 Crteearum
1205 2592 1425 2658 Λέξεων
1450 2612 1547 2648 ms.
1582 2591 1848 2657 exemplar
1875 2592 1928 2642 in
1969 2588 2261 2642 Parisicnsi
2288 2588 2597 2641 bibliotheca
2627 2586 2787 2655 Regia
2817 2596 3003 2640 nactus
3040 2602 3116 2643 est
3160 2588 3384 2644 Martia-

137 2706 314 2749 nctus,
353 2700 398 2741 et
428 2686 629 2754 publici
658 2685 794 2753 juris
828 2684 1029 2750 primus
1059 2683 1201 2752 fecit,
1237 2683 1372 2735 etde
1404 2684 1519 2751 ejus
1556 2681 1779 2734 raritate
1804 2694 1863 2731 ac
1905 2679 2217 2745 prtestantia
2250 2676 2431 2730 multis
2464 2676 2735 2729 disseruit.
2763 2673 2830 2728 Et
2860 2691 2976 2729 vero
3031 2678 3151 2745 fecit
3212 2694 3383 2746 opera:

133 2778 389 2842 pretiun,
435 2774 849 2839 Hieronyminno
878 2770 1014 2823 libro
1044 2772 1108 2823 de
1140 2769 1481 2823 Iiebrrrornm
1517 2769 1801 2823 Nominum
1885 2764 2322 2829 interpretatione
2373 2766 2482 2816 haec
2535 2778 2736 2831 quoque
2790 2775 3017 2816 veterum
3080 2763 3382 2818 linteorum

135 2861 460 2931 Frag-neum
493 2866 797 2921 annectens,
829 2867 873 2909 et
912 2856 1240 2921 cumprimis
1269 2856 1373 2909 dno
1417 2857 1621 2923 integra
1653 2852 1893 2922 Origenis
1932 2850 2119 2904 Lexica
2151 2868 2167 2902 :
2225 2850 2483 2919 siquidem
2521 2849 2637 2919 jam
2692 2851 2934 2904 licentes:
2982 2852 3192 2905 illorum
3227 2869 3379 2907 sensu

135 2952 371 3002 rationes
404 2962 587 3001 cocum
621 2946 926 3012 expendere.
968 2943 1033 2995 ad
1059 2959 1276 3011 quorum
1302 2943 1590 3010 judicium.
1624 2957 1741 2993 cum
1789 2938 1901 3006 ejus
1960 2939 2081 2991 libri
2122 2940 2415 2991 versionem
2452 2936 2802 3006 Hieronymus
2858 2938 3189 3002 adornaret,
3229 2956 3379 2993 suam

136 3052 272 3100 s.r.--pe
302 3036 461 3101 fidem
494 3032 756 3085 liberavit.
794 3030 979 3083 Verum
1014 3040 1117 3082 tam
1152 3040 1200 3083 et
1230 3032 1399 3083 multa
1448 3040 1495 3082 ct
1526 3030 1710 3099 gravia
1736 3029 2036 3081 insederant
2066 3031 2117 3080 in
2149 3028 2242 3080 illo
2271 3027 2558 3096 exemplari
2588 3026 2814 3082 Graeculi
2851 3031 3193 3082 amanuensis
3223 3032 3369 3092 vitia.

140 3121 510 3187 trajectianes,
546 3121 768 3178 lacunar,
803 3126 857 3169 ut
892 3118 1153 3185 negatium
1188 3134 1321 3182 sa'pe
1352 3117 1666 3185 facesserent
1703 3115 2041 3169 Benedictino
2073 3116 2285 3180 editori,
2319 3116 2410 3183 qui
2461 3123 2635 3169 tenues
2665 3130 2729 3167 ex
2779 3115 3079 3170 litterarum
3110 3118 3381 3172 vicinitate

138 3209 479 3274 conjecturas
505 3218 794 3270 supponere
820 3220 1021 3256 necesse
1053 3203 1234 3255 habuit
1266 3220 1282 3257 :
1328 3220 1483 3273 reque
1518 3205 1631 3270 ipsa
1664 3202 1763 3255 nisi
1792 3204 2009 3257 alterius
2035 3203 2229 3256 codicis
2252 3218 2349 3254 ms.
2378 3218 2471 3268 ope
2490 3200 2758 3255 emendari
2789 3203 3103 3269 potuissent,
3131 3205 3381 3257 utilitatis

138 3296 351 3363 exigue?
380 3292 451 3345 ad
486 3291 611 3343 illas
646 3290 986 3360 etymologias
1019 3291 1363 3358 explicandas
1426 3290 1910 3358 componendasque
1960 3306 2075 3342 cum
2129 3288 2545 3359 Iliet'onymiana
2598 3289 3030 3355 interpretatione
3083 3292 3379 3345 uidebatur.

160 3381 369 3432 il.liori
403 3382 501 3431 hac
533 3378 612 3430 uti
654 3380 884 3442 fortuna.
918 3378 1055 3447 quod
1090 3394 1414 3446 summopere
1444 3380 1496 3431 in
1530 3378 1660 3431 votis
1690 3386 1823 3439 erat,
1864 3378 1992 3430 mihi
2027 3376 2210 3428 datum
2261 3384 2335 3429 est
2377 3374 2661 3428 Vaticanos
2714 3376 2914 3443 pluteos
2967 3376 3147 3429 sedulo
3197 3396 3381 3446 perve-

143 3467 392 3536 stiganti,
424 3466 631 3519 cuinon
653 3465 916 3531 antiquius
947 3464 1246 3526 solum,aut
1277 3466 1437 3531 paulo
1455 3466 1716 3517 duntaxat
1760 3463 2104 3523 emendatius,
2138 3461 2225 3515 sed
2254 3462 2404 3533 longe
2428 3462 2921 3530 praestantissimum
2943 3464 3207 3531 exemplar
3222 3482 3381 3517 mem-

144 3556 468 3606 branaceum
501 3550 750 3609 vcem-rit,
786 3552 921 3618 quod
946 3557 993 3602 et
1018 3552 1125 3601 haec
1151 3550 1264 3617 ipsa
1291 3550 1607 3617 glossemata
1635 3553 1825 3605 rectius
1857 3559 2006 3619 longe
2037 3551 2263 3612 exhibet,
2294 3560 2341 3604 et
2372 3550 2616 3619 pleraque
2641 3549 2747 3602 alia
2766 3564 3037 3602 sacrorum
3067 3548 3379 3618 Nominum,

141 3657 261 3707 qua!
288 3640 521 3691 nondum
558 3640 608 3689 in
648 3637 811 3690 lucem
835 3638 1165 3705 prodierunt,
1194 3637 1443 3692 adtexit:
1480 3639 1701 3707 denique
1730 3640 1907 3692 multis
1964 3639 2287 3707 argumentis
2348 3641 2515 3705 ipsum
2564 3655 2617 3692 se
2664 3639 2839 3706 prodit
2885 3653 2990 3691 esse
3044 3624 3381 3709 archetypum

140 3745 205 3782 ex
237 3745 341 3796 quo
365 3727 559 3797 Regius
591 3726 717 3778 liber
748 3737 986 3791 exceptus
1018 3734 1114 3788 est,
1155 3726 1367 3779 tametsi
1399 3727 1450 3778 in
1477 3728 1756 3796 plerisque,
1796 3726 1931 3794 quod
1974 3728 2248 3778 usuveuire
2290 3727 2425 3780 solet
2465 3726 2808 3794 exscriptoris
2838 3725 3067 3789 inscitia,
3097 3742 3211 3780 eum
3244 3728 3382 3781 male

143 3817 366 3883 referat.
409 3814 504 3867 Est
539 3830 693 3881 porro
720 3814 854 3883 idem
894 3817 999 3878 ipse
1029 3814 1192 3867 codex
1245 3815 1335 3883 qui
1362 3814 1574 3868 Eusebii
1607 3815 1797 3866 librum

1713 3831 1797 3866 um
1826 3815 2084 3884 περὶτῶν
2113 3814 2369 3867 Τοπικῶν
2409 3815 2691 3884 ὀνομάτων
2723 3852 2738 3875 ,
2769 3814 2874 3867 sive
2899 3813 2965 3868 dc
3012 3813 3169 3868 Locis
3203 3815 3375 3869 Palm-

145 3904 332 3962 stitzaz,
382 3902 631 3965 continet,
654 3900 717 3952 de
740 3900 887 3967 cujus
917 3900 1113 3952 eximia
1145 3900 1368 3953 raritate
1393 3900 1622 3953 diximus
1647 3902 1701 3953 in
1733 3900 2055 3970 Praefutione
2081 3920 2092 3962 ς
2129 3902 2327 3970 fuitque
2358 3901 2481 3953 olim
2506 3900 2820 3954 celeberrimi
2848 3901 3139 3954 cardiualis
3170 3898 3378 3965 Sirleti,

143 3988 288 4056 quod
324 3988 433 4052 ipse
490 4002 649 4037 manu
681 3990 893 4051 propria
925 3988 979 4037 in
1010 3986 1205 4053 prioris
1246 3986 1455 4055 paginae
1495 3987 1614 4039 albo
1646 3994 1868 4042 testatus
1905 3998 1979 4041 est
2014 4004 2029 4041 :
2073 4005 2211 4041 nunc
2244 3989 2300 4040 in
2358 3988 2617 4041 Vaticana
2674 3986 2983 4045 bibliothecz
3039 4003 3188 4039 num.
3243 3989 3382 4041 1450

140 4074 452 4127 denotatur.
491 4070 571 4123 Ex
601 4072 694 4124 hoc
728 4073 890 4141 igitur
923 4088 1053 4125 novo
1077 4072 1305 4139 quodam
1340 4074 1666 4141 autographo
1697 4074 1900 4127 libellos
1935 4078 2066 4128 istos
2092 4092 2156 4128 ex
2186 4077 2383 4144 integro
2446 4081 2783 4143 reprwsento,
2816 4074 3088 4143 ipsumque
3118 4076 3248 4129 adeo
3278 4075 3383 4130 La-

143 4164 315 4215 tinam
345 4160 855 4227 interpretationem,
886 4176 1047 4229 quam
1083 4159 1437 4213 Martianteus
1476 4160 1851 4225 adornaverat,
1884 4164 1952 4215 ad
1982 4164 2114 4214 hanc
2151 4162 2401 4214 amussim
2447 4177 2584 4229 sape
2610 4163 2803 4229 swpius
2842 4161 2993 4230 exigo
3051 4171 3099 4215 et
3156 4164 3378 4232 castigo.

140 4248 410 4302 Continuo
442 4246 556 4313 ejus
584 4245 957 4299 Annotationes
988 4244 1255 4307 subnecto,
1284 4263 1411 4312 non,
1442 4248 1884 4313 quemadmodum
1916 4251 1966 4301 in
2002 4250 2203 4302 cceteris
2238 4248 2381 4301 libris
2414 4252 2611 4315 factum
2644 4258 2747 4309 est,
2787 4265 2847 4301 ac
2868 4260 3113 4317 perpetuo
3140 4250 3379 4318 deinceps

139 4334 254 4401 ﬁet,
292 4350 383 4386 eas
413 4348 617 4400 quoque
643 4331 717 4383 ad
750 4334 877 4384 tomi
909 4333 1108 4385 calcem
1150 4332 1377 4399 rejicio;
1405 4349 1523 4386 cum
1556 4335 1692 4387 enim
1721 4336 1908 4403 oppido
1946 4336 2126 4387 inultm
2158 4335 2281 4396 sint,
2304 4350 2364 4387 ac
2390 4335 2609 4389 subinde
2632 4335 2841 4406 reliquis
2873 4336 3378 4404 dil:'gentiores,ipso

138 4422 303 4473 etiam
335 4418 577 4487 periculo
612 4419 797 4481 didici,
825 4419 871 4471 si
900 4419 1105 4488 longius
1140 4420 1579 4482 amandarentur,
1613 4435 1678 4473 ex
1712 4436 1896 4474 earum
1923 4438 2141 4475 occursu
2172 4463 2182 4483 ,
2218 4438 2334 4493 qua:
2380 4422 2435 4475 in
2473 4424 2828 4492 cognominem
2873 4423 3066 4475 librum
3113 4423 3379 4494 Hierony-

138 4508 379 4559 mianum
410 4499 786 4571 scripltz'sunt,
812 4503 1065 4573 confundi
1116 4504 1277 4558 bonos
1317 4504 1533 4558 lectores
1564 4522 1739 4575 posse.
1774 4506 1925 4561 Meas
1962 4506 2324 4564 Sarracenicis
2366 4510 2503 4562 notis
2533 4510 2809 4563 distinctas
2840 4509 3096 4579 adjungo,
3156 4527 3271 4579 qui:
3325 4514 3371 4565 si

135 4597 417 4659 pauciores
447 4594 676 4664 fortasse
702 4595 974 4647 videantur
1025 4609 1184 4663 quam
1220 4591 1517 4645 Nominum
1565 4596 1787 4647 istorum
1820 4599 1954 4649 ratio
1985 4606 2139 4665 atque
2192 4596 2484 4650 obscuritas
2516 4597 2801 4665 postulent,
2829 4600 2970 4652 scias
2996 4637 3011 4664 ,
3042 4608 3089 4651 et
3121 4599 3252 4651 nihil
3302 4618 3380 4653 me

136 4692 329 4748 pra'ter
360 4697 489 4734 mss.
530 4680 685 4749 fidem
712 4689 1026 4747 pertentare,
1068 4690 1118 4733 et
1146 4680 1379 4733 eamdem
1403 4680 1693 4734 subdititiis
1727 4681 1877 4737 libris
1915 4701 1977 4737 ac
2014 4685 2253 4753 genuinis
2290 4700 2500 4752 operam
2532 4702 2631 4739 non
2663 4688 2959 4754 impendere
2983 4701 3002 4739 :
3039 4686 3173 4738 nulli
3234 4688 3373 4739 deni-

135 4785 233 4837 que
260 4767 540 4823 industrie
573 4776 765 4822 nostra:
790 4770 1040 4821 tenuitate
1066 4768 1279 4835 prmripi
1316 4767 1487 4820 locum
1524 4770 1861 4836 restituendi,
1901 4774 1945 4825 si
1974 4789 2079 4841 qua
2122 4774 2308 4834 desint,
2341 4785 2431 4826 aut
2469 4773 2690 4828 meliora
2728 4775 3048 4844 reponendi,
3077 4776 3123 4829 si
3163 4777 3369 4828 inventa

138 4856 359 4924 fuerint.
