2073 3659
389 216 460 251 1255
1143 219 1348 249 APPENDIX.
1948 221 2008 258 ηδε

645 393 766 450 .DE
835 392 1352 450 ORIGENIANO
1427 392 1735 451 LEXlCO

807 515 1101 561 NOMINUM
1140 516 1582 562 HEBRAICOBUM

743 621 791 659 ι).
809 618 1024 658 JOANNIS
1045 617 1342 658 ΜΑΒΤΙᾹΝᾹΞΙ
1381 618 1644 662 PHIEFATIO

394 299 502 306 ...___——

422 792 459 820 Ut
474 797 642 825 compertum
658 792 704 820 iiat
718 793 844 820 omnibus
862 791 1004 822 studiosis.
1024 791 1170 827 Origenem
1195 791 1352 819 condidisse
1366 791 1463 818 librum
1491 790 1636 817 Nominum
1659 789 1864 823 Hebraicorum,
1882 794 1908 818 et
1931 791 1957 817 in
1972 797 2000 817 eo

387 837 485 870 sapius
501 835 633 863 violentas
649 844 680 863 ac
698 837 823 863 inductas
841 835 1019 870 etymologias
1037 836 1225 870 proposuisse,
1247 840 1343 862 testem
1362 835 1497 870 proferam
1515 835 1602 861 virum
1617 835 1819 866 doctissimum,
1836 835 1871 862 de
1889 836 1999 869 Origene

386 879 496 913 quidem
513 880 613 913 optime
626 879 753 906 meritum
773 900 780 910 .
799 879 846 907 sed
863 878 985 913 ejusdem
1003 879 1144 906 erroribus
1158 887 1329 913 nequaquam
1348 879 1542 906 blandientem.
1560 877 1664 905 Pravia
1681 878 1761 913 hujus
1776 879 1909 905 Auctoris
1923 879 1999 906 testi-

387 923 512 950 ficatione
528 923 633 950 facilius
644 923 710 950 mihi
727 923 804 951 venia
821 922 1001 954 concedetur,
1037 922 1058 949 si
1079 923 1188 956 quando
1201 924 1364 951 necessitate
1383 924 1559 957 veritatisque
1572 922 1676 957 jttdicio
1691 923 1860 957 compulsus.
1875 922 2000 957 Origenis

386 965 549 999 redarguero
567 966 766 1002 etymologiae...
786 967 899 1000 ejusque
916 965 1053 992 inscitiam
1072 966 1097 991 in
1116 966 1206 1000 lingua
1230 966 1362 993 Hebraica
1381 967 1555 993 manifestam
1574 967 1662 993 facere
1688 966 1840 1001 legentibus
1854 973 1911 993 non
1930 974 2002 993 recu-

385 1017 452 1036 sem.
470 1010 563 1043 itaque
578 1010 802 1043 Orlgenianorum
823 1009 892 1036 libro
909 1009 1001 1042 tertio,
1021 1016 1081 1042 cap.
1101 1009 1129 1041 3,
1146 1017 1173 1035 ιι.
1193 1008 1219 1041 7,
1237 1009 1270 1035 de
1286 1009 1413 1043 ιιι-περιιιί
1428 1010 1606 1044 ὃγιιῑιιευιιιιε
1627 1009 1792 1037 ἱιειδὶεβετὶι
1816 1010 1914 1036 Daniel
1933 1009 2001 1036 Hue-

384 1053 459 1081 tius:
483 1062 491 1078 ι
506 1054 784 1087 Aliarum~praaterea,
802 1054 901 1088 inquit,
926 1053 1108 1087 quarumdam
1129 1053 1307 1087 scriptionum
1326 1053 1450 1087 Origenis
1470 1053 1634 1079 mentionem
1651 1053 1723 1088 apud
1753 1057 1860 1080 veteres
1882 1053 2000 1080 invenio.

383 1096 460 1123 Philo
476 1096 584 1124 Judaeus
601 1098 723 1125 ediderat
737 1098 835 1124 librum
857 1097 1047 1124 Hebraicorum
1059 1096 1202 1122 Nontinum
1223 1096 1320 1123 Veteris
1340 1096 1516 1129 Testamenli,
1532 1103 1683 1131 eorumque
1706 1096 1889 1132 etymologia
1915 1101 1945 1124 et
1963 1097 2000 1123 in-

384 1141 593 1174 terpretationes
621 1141 758 1175 adjecerat
777 1149 784 1167 :
803 1148 882 1175 quem
910 1141 1009 1167 librum
1031 1139 1125 1165 Latina
1150 1140 1275 1167 oratione
1297 1139 1480 1174 Hieronymus
1504 1141 1650 1174 expressit.
1671 1139 1747 1172 Quod
1774 1140 1801 1166 in
1824 1139 2000 1168 Testamento

383 1183 475 1211 Veteri
490 1185 589 1212 fecerat
605 1184 690 1215 Philo.
703 1185 773 1211 idem
791 1185 817 1211 in
835 1184 909 1211 Novo
922 1184 1057 1210 factitavit
1071 1183 1211 1217 Origenes,
1222 1191 1357 1218 suumque
1372 1192 1441 1218 opus
1465 1184 1497 1211 ad
1511 1191 1580 1218 opus
1592 1184 1715 1212 Philonis
1727 1183 1861 1219 adiunxit,
1872 1185 1900 1211 in
1917 1192 2000 1219 eoque

385 1228 580 1263 Hieronymum
602 1229 766 1255 imitatorem
795 1228 888 1255 habuit
908 1237 914 1254 :
931 1228 1009 1261 cujus
1029 1227 1110 1254 verba
1131 1227 1186 1254 hate
1201 1233 1263 1254 sunt
1279 1227 1306 1255 in
1323 1227 1431 1256 Praefat.
1448 1228 1481 1255 ad
1494 1228 1621 1255 Hebraic.
1634 1227 1745 1255 Nomia.
1759 1228 1862 1256 librum
1880 1236 1890 1256 :
1924 1230 1961 1255 Ac
1971 1237 1999 1255 ne

383 1272 451 1306 forte
468 1276 649 1299 consummato
663 1273 776 1306 (edi/icio
791 1273 867 1304 quasi
884 1276 1003 1298 extrema
1017 1271 1114 1297 deesset
1129 1280 1232 1304 manus,
1249 1270 1317 1298 Νουί
1345 1271 1507 1299 Testamenti
1533 1272 1610 1299 verba
1626 1276 1650 1298 et
1669 1272 1778 1299 nomina
1804 1273 1998 1306 interpretatus

382 1324 450 1349 sum,
468 1317 569 1342 imitari
586 1316 671 1342 volens
690 1324 721 1342 ex
736 1321 812 1350 parte
832 1315 984 1351 Origenem,
1008 1323 1083 1350 quem
1099 1320 1159 1349 post
1183 1316 1313 1349 apostolos
1330 1315 1507 1342 Ecclesiarum
1526 1316 1685 1350 magistrum
1703 1324 1777 1342 nemo
1789 1316 1844 1343 nisi
1860 1317 1997 1350 imperitus

383 1365 470 1395 negat.
490 1360 564 1387 Inter
578 1364 672 1387 cmtct’u
688 1363 756 1386 enim
774 1361 870 1394 ingenii
885 1361 927 1386 sui
944 1360 1078 1393 prteclara
1094 1365 1262 1386 ntonumenta
1273 1360 1393 1386 etiamin
1409 1360 1457 1386 hoc
1469 1359 1611 1391 laboravit,
1624 1360 1738 1393 utquod
1753 1359 1834 1386 Philo
1851 1362 1935 1394 quasi
1947 1360 1997 1386 Ju-

382 1405 455 1430 dwus
473 1405 608 1433 omiserat.
626 1404 667 1430 hic
687 1410 713 1430 ut
741 1404 908 1431 Christianus
932 1404 1062 1437 impleret.
1090 1403 1161 1430 Libri
1177 1404 1300 1438 ejusdem
1317 1403 1442 1431 meminit
1456 1409 1551 1431 attctor
1566 1403 1750 1436 Quintianum
1770 1403 1805 1429 ad
1817 1403 1996 1434 Orthodoxu.

382 1448 428 1482 qui
446 1448 514 1475 falso
530 1448 658 1474 tribuitur
671 1448 793 1479 .lustino.
813 1448 917 1480 Quaest.
935 1448 969 1474 82
983 1452 1009 1474 et
1027 1448 1071 1478 86,
1089 1448 1116 1473 iu
1134 1455 1219 1481 eoque
1236 1452 1332 1482 prater
1347 1446 1482 1474 Hebraica
1510 1447 1633 1477 nomina,
1650 1454 1793 1474 mensuras
1811 1447 1896 1474 etiam
1916 1448 1997 1474 inter-

382 1497 501 1526 pretatas
514 1500 574 1519 esse
589 1493 678 1519 docet.
698 1491 792 1518 Videat
808 1499 873 1525 ergo
893 1492 1018 1524 Rufinus,
1036 1499 1087 1525 qua
1107 1492 1157 1517 title
1166 1492 1308 1525 scripserit
1324 1491 1423 1518 luvect.
1438 1491 1456 1518 2
1473 1491 1499 1518 in
1514 1490 1722 1526 Hieronymum,
1737 1499 1771 1519 ne
1787 1499 1874 1518 unum
1888 1493 1995 1527 quidem

383 1537 529 1571 Scriptura:
546 1536 657 1562 verbum
674 1535 818 1570 Origenem
846 1535 971 1561 vertisse.
990 1545 998 1560 I

419 1580 561 1606 Auctorem
579 1579 638 1605 libri
666 1578 808 1605 Nominum
831 1575 1021 1604 Hebraicorum
1038 1579 1064 1604 in
1081 1577 1154 1604 Novo
1174 1577 1352 1609 Testamento,
1370 1577 1428 1604 viro
1444 1577 1606 1604 eruditionis
1631 1577 1702 1604 fama
1723 1578 1906 1606 celeberrimo
1930 1585 1995 1607 atte-

382 1628 482 1654 stante,
500 1623 554 1656 jam
572 1624 642 1649 uasti
656 1622 800 1655 Origenem
820 1629 827 1648 :
845 1630 917 1649 nunc
940 1630 1065 1656 quamam
1083 1622 1164 1648 fuerit
1180 1621 1206 1647 iu
1225 1623 1319 1649 eodem
1339 1621 1455 1656 Origene
1473 1621 1571 1655 lingua
1598 1620 1739 1649 Hebraiea
1758 1623 1869 1656 peritia,
1903 1624 1994 1657 paucis

382 1672 409 1694 te
420 1669 516 1694 doceat
528 1668 596 1693 idem
615 1666 712 1693 Petrus
726 1666 819 1693 Daniel
836 1665 951 1693 Huetius
969 1666 1197 1700 OrigenianOrutn
1215 1666 1284 1693 libro
1300 1666 1433 1698 secundo.
1446 1672 1507 1700 cap.
1525 1666 1550 1699 Ι,
1571 1673 1602 1693 ιι.
1618 1666 1647 1693 Η
1668 1676 1675 1693 :
1696 1675 1706 1691 ι
1720 1666 1797 1699 Quod
1814 1668 1837 1694 si
1854 1669 1918 1702 plus
1936 1677 1993 1696 sese

382 1710 537 1745 (Origenes)
554 1713 579 1737 iu
596 1710 738 1736 Hebraicis
756 1709 936 1741 exercuisset,
957 1709 1144 1743 majoremque
1162 1709 1262 1744 lingua:
1280 1710 1360 1745 hujus
1376 1709 1471 1737 fuisset
1492 1710 1618 1745 peritiam
1635 1716 1808 1742 consecutus.
1826 1712 1897 1738 nihil
1914 1713 1939 1739 ei
1961 1714 1992 1739 ad

382 1757 528 1787 perlectam
564 1753 653 1780 Sacrae
682 1752 759 1787 [ἀρεῖς
787 1752 971 1787 cognitionem
1001 1751 1145 1779 defuisset.
1171 1751 1225 1779 Sed
1259 1758 1365 1780 tantum
1393 1753 1528 1788 decerpsit
1554 1761 1586 1780 es
1610 1761 1641 1780 ea
1672 1753 1767 1788 gloria,
1801 1759 1938 1789 quantum
1963 1763 1993 1782 ex

382 1799 495 1832 loquelae
532 1798 614 1832 hujus
646 1797 737 1824 studio
776 1796 906 1823 detraxit.
934 1795 1026 1823 Dicam
1070 1796 1142 1823 enim
1175 1803 1237 1823 vere
1272 1804 1279 1823 :
1308 1797 1348 1823 vel
1378 1796 1530 1824 Hebraismi
1560 1804 1656 1831 parum
1690 1797 1809 1825 scientes
1844 1803 1922 1831 sunt,
1954 1802 1991 1825 ret

381 1839 408 1868 in
422 1842 537 1868 lectione
553 1841 777 1875 Origeuianorum
795 1847 908 1874 operum
938 1839 1121 1874 perfunctorie
1141 1841 1246 1872 versati,
1267 1840 1313 1874 qui
1334 1841 1464 1867 eximium
1480 1840 1546 1875 quid
1562 1841 1626 1875 ipsi,
1653 1841 1696 1867 vel
1711 1842 1737 1867 in
1764 1846 1865 1868 sanctae
1883 1842 1989 1876 lingua,

381 1886 423 1912 vel
437 1886 463 1912 in
487 1893 592 1915 earum,
618 1892 678 1918 qua:
692 1892 724 1910 ex
749 1884 802 1911 hoc
819 1883 892 1910 fonte
917 1883 1043 1918 proiecta;
1060 1888 1132 1914 sunt,
1155 1883 1331 1910 dialectorum
1357 1885 1454 1918 peritia
1484 1884 1620 1912 tribuunt.
1655 1884 1712 1912 Nec
1738 1886 1862 1919 opinioni
1894 1891 1991 1915 nostra

380 1929 541 1956 contradicit
558 1929 740 1963 Hieronymus
760 1927 853 1962 (epist.
869 1927 914 1959 25,
931 1928 965 1953 ad
986 1926 1124 1959 Paulum),
1141 1928 1192 1953 etsi
1210 1926 1317 1954 videtur
1343 1928 1542 1958 contradicere,
1556 1936 1618 1955 cuin
1644 1929 1681 1955 ait
1693 1930 1858 1963 singularem
1876 1930 1989 1965 loquela:

380 1973 462 2007 hujus
478 1973 600 1999 notitiam
614 1972 773 1998 demiratum
791 1971 860 1998 ineo
877 1970 962 1997 fuisse
974 1975 1059 1997 totam
1074 1969 1207 1997 Graeciam
1226 1979 1233 1997 :
1250 1971 1348 1997 mirum
1361 1971 1387 1997 id
1399 1971 1499 2006 quippe
1514 1972 1599 1999 videri
1619 1973 1707 2006 potuit
1718 1972 1819 2000 Grecis
1834 1973 1988 2001 Hebraismi

380 2016 494 2043 rudibus
522 2020 549 2042 et
576 2015 721 2049 imperitis,
741 2021 790 2041 nec
814 2019 945 2048 quantum
964 2014 991 2040 in
1029 2020 1062 2039 eo
1077 2012 1234 2047 profecisset
1248 2013 1381 2048 Origenes
1406 2015 1564 2042 existimare
1593 2017 1755 2043 scientibus.
1784 2016 1898 2044 Minime
1926 2027 1989 2045 vero

379 2067 458 2087 suam
474 2059 530 2093 ipse
547 2059 645 2093 linguae
660 2058 742 2092 hujus
761 2057 960 2092 ignorationem
978 2056 1135 2083 dissimulat
1149 2055 1248 2083 Homil.
1268 2057 1302 2083 Η
1320 2058 1345 2084 in
1361 2057 1443 2084 Num.
1460 2067 1467 2085 :
1484 2059 1566 2085 Aiunt
1578 2067 1650 2094 ergo.
1668 2061 1766 2094 inquit,
1780 2061 1826 2095 qui
1842 2061 1987 2088 chnias

379 2104 482 2132 litteras
499 2103 596 2138 legunt,
615 2103 641 2129 in
654 2103 700 2128 lioc
713 2102 779 2133 loco.
794 2101 876 2134 Deus,
886 2110 936 2128 non
953 2101 1000 2127 sub
1015 2102 1089 2135 signa
1107 2102 1318 2135 tetragrummatt‘
1333 2109 1389 2128 esse
1405 2103 1520 2136 positum
1533 2112 1543 2130 :
1555 2103 1587 2129 de
1600 2111 1662 2137 quo,
1674 2106 1718 2138 qui
1730 2110 1829 2138 potest.
1856 2108 1985 2140 requirat.

379 2149 460 2176 Multa
474 2149 500 2175 in
519 2147 756 2174 observationibus
772 2147 874 2173 nostris
889 2146 1143 2177 animadvertimus,
1156 2153 1216 2179 quae
1231 2145 1369 2172 inscitiam
1385 2146 1444 2180 ejus
1457 2147 1483 2173 in
1501 2147 1642 2175 Hebraicis
1658 2148 1851 2176 demonstrant
1865 2158 1873 2182 ;
1892 2151 1986 2183 cujus-

380 2193 453 2219 mudi
467 2196 509 2218 est
526 2191 620 2217 frivola
640 2190 684 2217 illa
700 2190 849 2221 distinctio,
865 2189 981 2223 οὐρανὸν
1007 2189 1078 2215 inter
1093 2191 1119 2215 et
1135 2189 1198 2222 οὐρα

1168 2189 1275 2222 ρανοὺς,
1292 2197 1372 2223 quam
1390 2190 1606 2217 comminiscitur
1630 2192 1662 2217 ad
1678 2192 1775 2219 Matth.
1796 2201 1876 2225 xviii,
1895 2194 1941 2226 18,
1960 2200 1983 2221 et

379 2237 411 2263 ad
431 2243 510 2270 quam
525 2235 662 2261 Christum
679 2234 833 2267 respexisse
848 2233 942 2265 tradit,
959 2233 1037 2266 quasi
1055 2233 1123 2258 hanc
1141 2232 1348 2259 distinctionem
1365 2232 1433 2259 ferat
1453 2233 1564 2268 Syriaca
1591 2234 1731 2267 dialectos,
1753 2244 1835 2270 quam
1857 2236 1983 2264 Christus

379 2279 528 2313 usurpabat
544 2286 550 2304 :
566 2276 719 2311 cujusmodi
741 2281 783 2303 est
801 2276 867 2303 falsa
894 2276 937 2302 illa
955 2275 1073 2301 nominis
1089 2276 1154 2301 Aser
1174 2275 1374 2309 interpretatio,
1390 2284 1449 2308 qum
1467 2277 1581 2303 habetur
1598 2278 1623 2304 in
1651 2278 1805 2307 Comment.
1826 2280 1861 2306 ad
1887 2280 1980 2308 ﬂaua,

379 2331 454 2353 mn,
473 2322 515 2353 i9,
533 2321 610 2355 quasi
625 2321 763 2347 derivetur
780 2329 793 2346 a
807 2324 857 2348 107
872 2321 997 2351 erudiuit,
1018 2327 1078 2346 cum
1098 2319 1142 2345 liat
1156 2319 1190 2345 ab
1202 2324 1263 2347 ’θῦε
1280 2320 1382 2353 ligauit.
1399 2320 1560 2354 Quanquam
1575 2321 1737 2348 auctoritate
1757 2330 1856 2348 senum
1871 2324 1981 2358 Septua-

379 2372 449 2400 κιιιιτι
468 2365 591 2392 excusari
608 2365 633 2390 id
651 2369 749 2399 potest,
766 2365 811 2397 qui
826 2370 885 2392 Ἕκ
901 2364 1049 2400 aliquando
1074 2364 1109 2389 ita
1128 2362 1314 2393 reddiderunt,
1333 2364 1412 2396 quasi
1439 2363 1509 2389 idem
1529 2368 1602 2389 esset
1619 2371 1650 2390 ac
1664 2368 1726 2392 Ἕν.
1753 2364 1789 2391 Ut
1816 2369 1914 2399 psalm.
1940 2376 1977 2394 cn

378 2410 471 2444 (llcln'.
488 2410 541 2443 αι’),
558 2408 602 2438 22,
623 2415 670 2442 pro
686 2407 799 2434 Hebraeo
813 2411 882 2436 πνηω
895 2399 994 2435 ἾἹῡΝίἹ.
1008 2406 1107 2432 habent
1123 2406 1167 2431 τοῦ
1186 2415 1196 2431 τ

1161 2406 1167 2431 5
1186 2405 1331 2432 παιδεῦσαι
1344 2407 1407 2436 τοὺς
1422 2406 1557 2440 ἄρχοντας
1572 2407 1663 2433 αὐτοῦ.
1678 2406 1804 2442 Vulgata.
1822 2407 1858 2435 Ut
1866 2411 1979 2437 erudirrt

380 2455 512 2486 principes
531 2452 597 2486 rjus.
617 2451 648 2477 Et
665 2450 711 2478 Os.
730 2459 756 2483 ι,
772 2450 815 2483 10,
829 2455 923 2479 mem
940 2459 946 2481 ;
965 2449 1047 2481 LXX,
1072 2449 1198 2475 παιδεῦσς

1161 2449 1215 2475 iam.
1231 2449 1327 2479 αὐτούς
1347 2459 1352 2480 ;
1373 2449 1498 2484 Vulgata,
1521 2451 1672 2484 Corripiaut
1687 2459 1729 2478 eos
1744 2460 1753 2477 :
1768 2453 1924 2485 cuiusmodi
1944 2461 1979 2481 est

377 2500 522 2532 depravata
540 2497 583 2522 illa
609 2496 688 2522 lectio
699 2495 751 2522 loci
767 2494 944 2529 lnterpretum
962 2492 1043 2532 Liui,
1058 2493 1078 2519 ll
1097 2492 1173 2518 Esdr.
1192 2501 1195 2519 ι

1160 2501 1173 2518 ·.
1192 2501 1209 2521 ι,
1224 2493 1267 2524 ll.
1286 2493 1414 2527 εὖνῡῦχος
1431 2494 1469 2527 τῷ
1483 2494 1599 2528 βασιλεῖ.
1617 2495 1692 2529 Quod
1711 2498 1734 2522 si
1746 2495 1771 2521 in
1783 2496 1928 2524 Hebraicis
1939 2505 1978 2525 ut-

377 2528 483 2575 cunque
501 2540 598 2566 fuisset
621 2547 754 2570 versatus,
772 2546 831 2572 quae
851 2539 951 2564 habent
964 2528 1041 2577 15D5
1052 2541 1151 2578 apum,
1168 2543 1191 2562 ei

1168 2537 1352 2567 emendasset,
1370 2536 1463 2569 utique
1479 2537 1504 2562 itt
1522 2538 1577 2567 τοῖς
1595 2536 1634 2567 Ο’,
1659 2538 1780 2571 οἰνοχόος
1798 2539 1838 2572 τῷ
1865 2541 1977 2574 βασιλεῖ.

376 2586 398 2611 si
421 2586 497 2611 modo
518 2586 590 2610 hunc
610 2583 666 2616 ipse
686 2590 804 2609 errorem
820 2590 873 2608 non
892 2582 1007 2612 invexd,
1024 2580 1068 2614 qui
1088 2584 1162 2606 certe
1181 2580 1206 2606 in
1232 2579 1301 2605 LXX
1322 2580 1461 2606 seniorum
1487 2581 1689 2614 exemplaribus
1715 2584 1841 2616 nuspiam
1867 2590 1976 2610 emat:

374 2628 524 2662 Cujusmodi
538 2631 578 2654 est
594 2627 682 2660 inepta
694 2627 738 2652 illa
749 2626 883 2660 expositio
895 2625 1029 2656 vocabuli,
1041 2623 1247 2657 Joatmes,quod
1259 2623 1370 2649 formari
1381 2623 1570 2650 existimarint
1582 2625 1755 2653 nominem-59
1769 2627 1881 2660 ρι-τῃιο
1892 2632 1977 2670 eum.

373 2680 435 2698 cum
445 2679 478 2697 ex
487 2671 595 2713 solopn
609 2668 725 2702 pnefixis
733 2669 875 2695 servilibus
886 2670 984 2695 litteris
993 2668 1145 2694 derivatum
1156 2668 1200 2692 sit.
1212 2666 1374 2699 Plerumque
1385 2666 1475 2692 itidem
1485 2672 1576 2699 peccat
1589 2667 1616 2693 iu
1626 2669 1828 2699 perscrutandis
1838 2666 1977 2696 nominum

376 2710 570 2742 ilebraicorum
580 2714 742 2748 originibus.
755 2712 877 2738 Proclive
889 2713 915 2738 id
929 2720 1026 2745 nempe
1039 2713 1088 2737 init
1112 2717 1169 2736 ιλιι-ο
1179 2710 1212 2738 ad
1223 2711 1402 2736 tnutuatitiam
1415 2710 1501 2736 lucun
1514 2711 1625 2745 vestigia
1642 2719 1690 2738 sua
1707 2712 1810 2739 inlocis
1822 2713 1924 2746 ignotis
1939 2722 1979 2740 κ-

374 2761 446 2794 genti
461 2767 467 2784 :
481 2758 625 2790 prmstabat
637 2761 726 2782 autem
740 2756 827 2782 lucem
839 2755 948 2781 Judaeus
961 2755 1049 2787 Philo,
1059 2757 1104 2790 qui
1114 2754 1245 2781 Hebraica
1256 2753 1363 2779 Veteris
1376 2754 1541 2780 Testainenti
1553 2755 1661 2781 nomina
1669 2756 1798 2789 peculiari
1810 2756 1882 2783 libro
1893 2757 1977 2784 fuerat

372 2806 564 2835 iutcrprrtatus
582 2809 589 2827 :
606 2800 649 2826 cui
675 2800 743 2825 libro
761 2807 851 2831 parem
876 2799 1016 2832 snhjuniit
1031 2800 1170 2832 Origenes,
1191 2798 1383 2824 Hebraicorum
1411 2797 1480 2823 Novi
1504 2796 1669 2825 Testamenti
1686 2800 1886 2832 expositionem
1903 2809 1977 2827 com-

372 2846 491 2880 plexum.
507 2844 559 2876 Qui
578 2851 642 2869 vero
660 2851 711 2869 non
728 2842 887 2868 oﬂ'endisset
906 2843 1045 2874 Origenes,
1069 2840 1209 2868 thlunem
1230 2848 1346 2873 sequens
1363 2841 1469 2872 ducem,
1488 2842 1533 2874 qui
1549 2841 1660 2869 Jttdl‘lls
1679 2842 1753 2876 licet,
1781 2843 1885 2871 Judaei;
1918 2852 1976 2878 pro.

373 2894 525 2925 gnatus,nc
542 2886 674 2913 mediocri
695 2886 804 2920 quidem
827 2887 976 2912 litterarum
999 2885 1194 2912 llebraicaruiu
1217 2891 1294 2915 aura,
1311 2884 1348 2908 uti
1374 2891 1461 2916 neque
1487 2883 1643 2911 Hellenistte
1670 2885 1724 2912 fere
1750 2887 1860 2921 reliqui.
1891 2888 1974 2914 fuerat

373 2932 478 2959 adlatus
492 2932 502 2957 τ’
518 2930 543 2957 id
559 2930 581 2958 si
597 2930 686 2957 minus
708 2930 734 2956 iu
751 2930 906 2956 hominibus
923 2929 1095 2956 Alexandriae
1113 2930 1182 2956 natis
1203 2932 1229 2955 et
1248 2926 1372 2954 educatis
1389 2934 1489 2955 norum
1506 2933 1560 2960 est,
1575 2936 1690 2963 quorum
1704 2935 1808 2958 natura
1826 2937 1973 2966 repugnare

307 3074 2061 3652 i
