4210 6350
179 351 323 416 1957
1405 353 1550 413 LEX
1567 346 1735 410 ICON
1781 351 1841 408 Ol

1783 349 2362 411 OBIGE‘NIANUM.
3305 347 3445 416 1258

171 465 380 518 Scribit
411 464 784 535 liieronymus
821 465 1097 534 ("IEROI'L,
1128 467 1188 518 de
1224 465 1483 534 Scriptor.
1524 463 1723 516 Erclas.
1756 465 1807 515 in
1851 463 2128 533 Origene).
2190 462 2505 514 lli-biaicam
2559 461 2791 530 linguam
2828 460 3130 524 addiscere,
3168 473 3263 527 pro
3294 474 3443 511 more

173 553 511 607 lira-corum
540 554 813 618 omnium,
860 555 950 622 qui
989 555 1292 620 linguarum
1323 554 1663 606 cxoticarum
1716 553 1953 604 studium
2005 554 2280 617 aspernari
2337 561 2750 604 consueverunt
2802 560 2902 614 ;at
2949 552 3003 603 in
3054 549 3295 620 Josepho
3347 549 3444 602 illo

175 639 423 696 ilcbrmo
463 641 768 696 Mattatliiae
801 642 908 695 lilio
944 640 1104 710 plane
1136 642 1332 694 mirum
1368 639 1539 691 videri
1568 640 1728 692 debet
1761 654 1775 700 ;
1817 640 1974 693 facile
2006 642 2203 708 quippe
2231 656 2295 692 ex
2347 639 2466 708 ejus
2500 638 2721 706 scriptis
2758 638 3160 704 deprehendere
3189 639 3334 698 licet,
3374 636 3442 688 ad

175 747 444 800 magnam
502 732 650 785 illam
717 743 771 785 et
822 728 1153 800 singularem
1203 727 1552 782 Judaicarnm
1603 728 1877 794 originum
1921 729 2283 796 cognitionem
2341 743 2444 780 non
2500 742 2684 794 parem
2739 727 2912 794 ipsum
2971 727 3160 792 patriai
3211 725 3442 794 loquelae

175 820 442 887 peritiam
498 822 819 884 contulisse,
862 819 1110 889 quamvis
1147 833 1205 872 se
1239 817 1493 870 nonnulla
1561 815 1828 871 lli-.biaicc
1881 817 2170 884 scripsisse
2219 816 2381 882 dicat,
2439 832 2558 884 qua:
2596 815 2743 884 lapsu
2797 823 3104 884 temporum
3147 813 3440 868 intercide-

173 917 336 961 runt.
389 927 409 960 ο

249 993 406 1058 Quid
441 995 510 1047 ad
543 994 658 1049 hac
696 1006 964 1063 reponunt
991 992 1218 1061 Iosephi
1245 1003 1549 1047 assertores
1583 990 1806 1056 indocti,
1836 990 1927 1059 qui
1987 992 2073 1044 vix
2106 991 2396 1060 quamdam
2449 992 2693 1044 surulaui
2725 993 3108 1046 liebraicarum
3140 991 3441 1044 litterarum

173 1083 502 1147 capientes.
531 1082 600 1135 de
635 1083 842 1135 intimis
875 1097 1044 1136 sacrm.
1078 1082 1236 1151 Legis
1267 1082 1524 1135 sensibus
1554 1079 1817 1148 judicium
1854 1079 1992 1132 ferre
2029 1095 2134 1132 non
2169 1088 2448 1140 verentur,
2477 1089 2529 1131 et
2565 1080 2688 1132 huic
2729 1081 3000 1133 ascribere
3061 1080 3310 1146 scriptori
3346 1093 3437 1146 pe-

181 1169 373 1222 ritiam
413 1167 625 1223 Hebraei
662 1171 955 1233 sermonis.
986 1187 1147 1240 Quam
1186 1185 1288 1223 nec
1313 1167 1417 1237 ipsi
1449 1183 1474 1220 a
1507 1169 1663 1236 longe.
1695 1167 2042 1221 salutarunt?
2074 1168 2143 1220 At
2175 1167 2377 1222 sufﬁcit
2407 1165 2487 1220 eis
2520 1166 2585 1219 ad
2623 1166 2870 1228 plausum
2909 1166 3252 1234 popularem,
3287 1176 3343 1218 ut
3370 1179 3438 1218 ex

179 1258 289 1312 hac
324 1260 630 1314 oceasione
662 1259 872 1328 longam
908 1261 1287 1326 ingrediantur
1313 1258 1757 1324 disputationum.
1790 1265 1842 1308 et
1871 1265 1928 1306 ut
1955 1263 2101 1306 tanta
2129 1255 2481 1322 operositate,
2519 1254 2660 1323 quod
2696 1254 2884 1306 volunt
2915 1251 3168 1320 intelligi.
3204 1259 3431 1304 utantur

180 1342 596 1410 persuadendi.
627 1357 826 1410 quanta
863 1358 1076 1411 semper
1107 1341 1315 1395 falsitas
1347 1341 1575 1410 indiget.
1606 1351 1667 1394 ut
1699 1355 1820 1391 vera
1856 1340 2121 1396 videatur.
2151 1339 2259 1394 Nos
2289 1350 2467 1393 autem
2500 1340 2851 1393 cordatorum
2880 1339 3186 1400 hominum,
3223 1353 3286 1391 ac
3317 1354 3440 1391 eru-

183 1430 445 1482 ditorum
483 1431 770 1483 sententiis
807 1430 1167 1489 adhaerentes,
1206 1443 1304 1481 nec
1338 1427 1644 1487 Philonem.
1679 1442 1780 1482 nec
1812 1424 2129 1494 Joseplium,
2165 1442 2265 1481 nec
2296 1429 2605 1497 Origenem,
2641 1429 2964 1494 ubicunque
2997 1427 3249 1480 veritatis
3303 1429 3443 1480 ratio

183 1518 593 1584 postulaverit,
635 1515 1032 1584 reprehendere
1069 1517 1529 1582 pertimescimus.
1572 1514 1675 1568 Sed
1712 1530 1778 1567 ne
1813 1515 2219 1582 reprehensioni
2257 1529 2357 1567 nos
2390 1529 2610 1583 quoque
2649 1514 2934 1568 videamur
2971 1515 3191 1567 obnoxii
3219 1515 3270 1566 iti
3313 1529 3441 1582 pro-

186 1606 460 1670 ponendo
495 1602 826 1668 Origeniano
861 1600 1081 1666 Lexico,
1119 1603 1377 1655 nonnulla
1410 1603 1476 1654 de
1509 1617 1572 1654 eo
1600 1603 1898 1665 generatim
1936 1603 2022 1656 hic
2051 1604 2435 1657 observamus.

266 1693 435 1743 I‘rior
471 1691 672 1756 quippe
706 1691 975 1742 notandus
1010 1690 1154 1742 venit
1184 1690 1318 1742 ordo
1346 1687 1721 1742 llebraicorum
1754 1687 2067 1750 Nomi’num,
2095 1706 2215 1758 qua:
2242 1692 2394 1757 juxta
2426 1692 2621 1743 seriem
2652 1691 2951 1743 litterarum
2980 1689 3256 1759 alpliabeti
3291 1689 3440 1744 Grae-

189 1793 396 1830 coruni
431 1779 608 1845 posita
642 1777 892 1845 leguntur
924 1777 976 1828 in
1011 1786 1124 1829 toto
1160 1775 1416 1843 praedicto
1449 1775 1802 1841 Dictiouario,
1838 1778 1982 1829 nulla
2017 1775 2155 1830 facta
2218 1779 2566 1831 distinctione
2601 1793 2697 1830 nec
2735 1779 3004 1829 mentione
3034 1793 3314 1829 sacrorum
3347 1792 3441 1829 vo-

189 1865 502 1916 luminum.
537 1865 618 1915 An
649 1879 777 1915 vero
807 1861 1072 1931 Origenes
1105 1863 1223 1928 ipse
1260 1862 1403 1914 hunc
1436 1863 1682 1915 ordinem
1715 1874 2027 1930 persecutus
2057 1865 2148 1926 sit,
2196 1880 2302 1917 non
2337 1867 2471 1920 satis
2507 1867 2686 1919 elucet
2723 1883 2735 1918 :
2766 1864 2895 1933 quin
2933 1865 3094 1918 etiam
3148 1865 3438 1919 verosimi-

193 1954 304 2004 liur
333 1959 562 2017 apparet
588 1951 773 2016 opinio
804 1949 1098 2010 contraria,
1132 1961 1243 2001 tuin
1282 1964 1347 2002 ex
1388 1947 1715 2015 Hieronymo
1747 1952 1995 2018 Origenis
2029 1953 2256 2019 vestigia
2291 1954 2487 2022 saepius
2527 1962 2778 2018 terente,
2811 1963 2919 2005 tum
2950 1968 3016 2007 ex
3055 1953 3245 2008 Graeco
3304 1952 3439 2006 Fra-

194 2048 435 2106 gmento
464 2036 798 2106 Origeniano
825 2051 986 2103 supra
1019 2053 1047 2088 a
1081 2038 1233 2087 nobis
1273 2035 1438 2097 edito,
1462 2041 1605 2103 quod
1640 2038 1854 2087 nomina
1883 2038 2143 2092 Ilebraica
2171 2040 2602 2108 uniuscujusque
2634 2041 2980 2109 evangelista:
3026 2041 3248 2092 seorsim
3280 2038 3441 2091 habet

196 2128 385 2193 posita
420 2125 724 2179 secundum
753 2125 950 2176 seriem
997 2125 1392 2177 elementorum
1430 2123 1604 2176 Graeci
1650 2123 1956 2186 alphabeti.
2007 2125 2083 2178 ita
2125 2139 2181 2178 ut
2220 2142 2338 2194 quae
2380 2127 2432 2179 in
2481 2126 2734 2181 Matthaso
2773 2128 3016 2196 legentur
3058 2125 3434 2192 hujuscemodi

199 2215 502 2274 vocabula.
539 2224 662 2266 ante
694 2221 888 2266 caetera
921 2213 1120 2281 scripta
1153 2215 1285 2274 sint.
1319 2211 1514 2266 deinde
1543 2226 1662 2278 quae
1690 2219 1817 2264 sunt
1847 2211 2032 2277 Marci,
2068 2223 2122 2266 et
2158 2214 2240 2268 sic
2269 2225 2665 2281 consequenter
2702 2229 2874 2282 usque
2911 2215 2974 2266 ad
3012 2213 3301 2267 Joannem.
3333 2211 3431 2267 Vix

199 2315 390 2356 autem
426 2300 622 2355 adduci
666 2315 886 2368 possum
933 2309 990 2351 ut
1021 2298 1149 2350 mihi
1182 2302 1534 2364 persuadeam
1570 2299 1886 2351 distinctum
1919 2314 1981 2352 ex
2017 2300 2171 2354 libris
2209 2303 2383 2355 sacris
2410 2304 2657 2355 ordinem
2690 2303 3020 2356 observasse
3055 2301 3345 2372 Origenem
3382 2303 3432 2354 in

199 2389 544 2458 Fragueuto
587 2389 708 2440 libri
750 2388 1059 2446 Nominum,
1095 2387 1230 2437 etin
1279 2384 1499 2446 Lexico,
1539 2385 1680 2453 quod
1724 2397 1971 2452 superest
2013 2386 2310 2452 integrum,
2341 2389 2503 2440 aliam
2545 2390 2685 2439 viain
2733 2389 3058 2457 ingressum,
3097 2398 3156 2440 ιιι
3212 2389 3437 2441 confuse

200 2490 258 2532 et
309 2480 623 2546 promiscue
653 2476 756 2530 sub
788 2490 1115 2542 unaquaque
1151 2475 1329 2527 littera
1372 2474 1610 2526 omnium
1643 2474 1906 2527 librorum
1953 2474 2164 2529 Veteris
2213 2492 2277 2528 ac
2324 2475 2458 2530 Novi
2489 2476 2825 2531 Testauieuti
2868 2477 3086 2531 nomina
3121 2477 3432 2531 collocaret.

202 2564 456 2618 Facilius
496 2564 660 2635 igitur
689 2563 991 2626 crederem,
1028 2563 1338 2629 importuna
1369 2559 1679 2612 Graicornm
1713 2562 2072 2628 quorumdam
2106 2563 2382 2634 diligentia
2421 2566 2519 2617 lioc
2554 2564 2789 2618 chicon
2818 2565 3203 2618 concinnatum
3236 2563 3436 2627 fuisse,

205 2652 308 2706 sed
343 2663 520 2705 totum
555 2658 863 2703 mutuatum
897 2665 960 2702 ex
995 2647 1324 2718 Origeniano
1354 2646 1494 2700 bbro
1527 2645 1814 2701 i‘ioiiiinum
1845 2648 2242 2714 [tabuit-orum,
2283 2667 2443 2722 quem
2487 2652 2601 2722 ipse
2629 2667 2753 2707 cum
2785 2652 3160 2716 distinctione,
3194 2663 3248 2707 et
3279 2652 3433 2706 velu-

206 2755 424 2793 minuui
455 2738 776 2804 Scriptum,
803 2745 858 2790 et
892 2739 1279 2790 vocabulorum
1314 2736 1576 2788 ediderat.
1614 2736 1669 2787 ln
1698 2751 1813 2789 eam
1853 2741 2174 2793 sententiam
2205 2755 2270 2794 eo
2306 2743 2475 2809 magis
2515 2741 2844 2810 propendeo,
2884 2757 2991 2808 quo
3023 2744 3225 2795 certior
3256 2741 3432 2794 factus

207 2843 336 2881 sum
369 2827 695 2880 Latinorum
730 2824 995 2893 quosdam
1029 2825 1081 2877 id
1120 2825 1393 2877 factitasse
1422 2826 1474 2876 in
1520 2824 1658 2877 libro
1691 2824 2109 2894 Hierouyiuiano
2149 2824 2436 2878 Nominnm
2478 2828 2877 2880 llebraicorum.
2910 2825 3042 2880 Nam
3080 2827 3298 2882 Venetii’s
3333 2843 3426 2894 per

209 2917 416 2984 fratres
452 2913 717 2966 Joannem
747 2923 796 2966 et
854 2913 1162 2980 Gregorium
1201 2912 1264 2962 de
1299 2910 1580 2980 Gregoriis,
1619 2929 1752 2963 anno
1787 2911 1994 2965 Domini
2028 2913 2183 2977 N98,
2215 2914 2299 2966 die
2336 2914 2405 2967 25
2436 2916 2677 2983 Augusti,
2720 2931 2842 2968 cum
2880 2917 2982 2970 liric
3023 2918 3437 2982 perturbatione

209 3020 280 3058 ac
316 3003 679 3058 subversione
717 2999 914 3068 prodiit
948 3001 1090 3051 inter
1119 2997 1294 3065 Opera
1323 2997 1630 3065 Hieronymi
1666 2999 1800 3052 liber
1827 2999 2110 3053 Nominum
2133 3001 2544 3062 Hebraicorum,
2567 3003 2620 3054 in
2652 3018 2757 3069 quo
2790 3003 3002 3056 sublata
3067 3008 3319 3056 universa
3351 3005 3435 3055 di-

215 3091 525 3146 stiuctione
560 3102 624 3140 ac
663 3086 934 3140 mentione
980 3089 1309 3138 voluminum
1356 3085 1667 3154 Sciipturzv,
1699 3089 1879 3138 omnia
1913 3103 2135 3153 prorsus
2171 3089 2425 3142 vocabula
2463 3097 2569 3140 tant
2610 3087 2842 3148 Veteris.
2879 3105 3040 3152 quam
3075 3091 3205 3142 Novi
3244 3089 3435 3143 Testa-

216 3180 390 3233 iuenti
424 3175 528 3230 sub
558 3175 736 3228 littera
770 3188 930 3240 quam
967 3173 1164 3226 habent
1200 3173 1266 3225 sb
1308 3172 1486 3235 initio,
1522 3174 1697 3239 posita
1734 3174 2003 3242 leguntur.
2040 3175 2222 3229 Series
2257 3178 2423 3244 igitur
2459 3177 2739 3228 nominum
2793 3177 2844 3228 iu
2880 3175 3078 3230 Lexico
3109 3177 3435 3246 Origeniauo

215 3265 521 3320 adi-entitis
547 3273 651 3324 est.
681 3270 734 3315 et
760 3260 1106 3315 subversoris
1133 3259 1366 3313 Graeculi
1399 3261 1704 3325 cujusdam,
1731 3263 1820 3327 qui
1851 3261 2094 3312 ordinem
2125 3277 2464 3328 perversum.
2502 3277 2610 3315 non
2650 3264 2890 3315 nativum
2928 3273 3168 3327 secutuS,
3200 3280 3229 3316 e
3259 3269 3436 3316 inedi.»

216 3355 449 3410 sustulit
493 3349 969 3406 adnotatiunculas
1033 3362 1083 3401 et
1116 3350 1402 3401 citationes
1441 3347 1726 3413 librorum,
1764 3359 1821 3400 ut
1851 3363 1970 3413 qum-
2005 3349 2258 3402 distincte
2291 3365 2353 3403 ac
2387 3353 2581 3418 partite
2628 3352 2830 3418 scriptzi
2867 3351 3079 3405 fuerant
3122 3355 3263 3419 apud
3301 3350 3432 3403 Ρ-ιὶ-

223 3447 411 3497 Ionem
478 3456 540 3493 ac
570 3438 880 3508 Origeueui,
923 3439 1034 3506 ip~e
1071 3436 1254 3488 saliva:
1286 3435 1516 3502 propriae
1553 3434 1857 3502 indulgens,
1891 3448 2136 3504 separata
2169 3441 2504 3499 consociare.
2557 3439 2924 3507 distinctaque
2957 3439 3293 3494 confundere
3331 3441 3436 3495 sibi

216 3531 583 3599 permitteret.
620 3526 721 3577 Sed
755 3523 856 3577 etsi
887 3523 1024 3575 ordo
1058 3522 1340 3574 nominum
1369 3524 1600 3574 vitiosus
1629 3524 1701 3574 sit
1729 3525 1780 3576 in
1808 3523 2024 3590 chico,
2060 3538 2146 3578 res
2180 3533 2360 3580 tamen
2392 3535 2445 3579 et
2477 3528 2959 3592 interpretationes
2989 3528 3290 3581 dictionum
3321 3547 3435 3582 oui-

216 3619 353 3669 nino
394 3615 644 3682 genuina:
697 3620 845 3672 sunt,
886 3624 1094 3678 aquave
1123 3625 1187 3662 ex
1234 3625 1336 3661 suo
1374 3607 1520 3660 fonte
1583 3610 1783 3668 nativa.
1830 3611 1984 3674 Quod
2040 3612 2389 3672 manifestum
2441 3623 2732 3683 ratumque
2784 3615 2921 3667 facio
2950 3631 2980 3667 e
3034 3614 3253 3673 duobus
3300 3617 3435 3673 locis

217 3702 588 3768 Questionum
617 3709 666 3753 et
697 3696 1104 3763 Responsionum
1138 3692 1205 3747 ad
1238 3694 1566 3750 Orthodoxos
1598 3696 1732 3748 falso
1761 3701 2124 3766 ascriptarum
2156 3697 2374 3753 Justino
2403 3701 2645 3770 Martyri.

291 3794 371 3843 Ad
405 3790 767 3854 Quaestionetn
805 3786 968 3852 igitur
999 3784 1085 3846 82,
1121 3784 1248 3845 Qure
1279 3787 1345 3834 sit
1387 3783 1612 3834 nominis
1648 3782 1930 3836 Beelzebub
1960 3786 2212 3850 expositio
2236 3827 2251 3848 ,
2292 3789 2414 3839 talis
2449 3789 2725 3856 responsio
2755 3791 2823 3842 ab
2866 3800 3088 3845 ancterii
3138 3791 3322 3845 Graeco
3351 3805 3436 3845 est

217 3879 467 3932 adhibita
502 3892 517 3928 :
552 3875 659 3929 Τοῦ
682 3890 741 3926 τε
770 3871 1118 3934 Βεελζεσοὺλ,
1152 3872 1246 3922 καὶ
1274 3870 1367 3922 τοῦ
1398 3872 1621 3939 Βελίαρ,
1659 3873 1808 3935 λέγει
1834 3875 1901 3923 τὰ
1950 3873 2190 3939 ὀνόματα
2210 3912 2224 3926 .
2252 3914 2263 3924 .
2303 3914 2315 3925 .
2347 3878 2565 3945 εἴρηται
2601 3878 2656 3928 δὲ
2682 3877 2760 3946 τῷ
2791 3878 3055 3945 Ὠριγένει
3091 3882 3294 3930 τούτων
3325 3884 3433 3930 τῶν

216 3966 508 4032 ὀνομάτων
547 3962 867 4030 ήέρμηνεὶα.
893 3961 949 4011 ἑν
971 3962 1035 4027 τῇ
1081 3956 1382 4026 Ἐρμηνείᾳ
1417 3958 1526 4023 uini
1564 3957 1868 4024 Ἑϐραϊκῶν

1769 3957 1868 4008 κῶν
1903 3956 2204 4023 ὀνομάτων.
2243 3957 2296 4009 ld
2327 3966 2409 4010 est
2429 3995 2444 4017 ,
2477 3957 2740 4026 Exprimit
2775 3974 2888 4011 rero
2917 3959 3128 4010 nomina
3158 3958 3431 4014 Beelzebul

214 4065 268 4110 et
301 4053 600 4106 Betiar.....
639 4049 838 4100 dicitur
865 4056 1038 4098 autem
1071 4045 1136 4096 ab
1175 4043 1399 4112 Origene
1447 4044 1631 4097 liorum
1674 4046 1944 4096 nominum
1999 4048 2364 4112 interpretatio
2425 4045 2478 4096 in
2522 4043 2962 4111 Interpretatione
3003 4045 3286 4098 Nominum
3333 4053 3431 4100 lle-

218 4146 546 4198 braicorum.
585 4138 709 4192 Haec
743 4137 915 4190 Graeci
947 4133 1249 4203 scriptoris,
1281 4134 1596 4202 quicunque
1623 4133 1806 4194 fuerit,
1833 4133 2116 4198 responsio
2152 4147 2274 4182 vera
2305 4133 2529 4186 omnino
2572 4136 2960 4201 comprobatur
2985 4147 3048 4186 ex
3080 4133 3279 4186 Lexico
3308 4132 3430 4188 Ori-

218 4232 457 4301 geniano
493 4241 617 4279 mox
650 4223 1041 4290 consequenti,
1075 4221 1164 4273 tibi
1203 4221 1421 4272 nomina
1455 4219 1722 4272 Beelzebul
1773 4231 1825 4272 et
1863 4219 2040 4270 Beliar
2083 4228 2340 4282 corrupte
2381 4218 2634 4285 leguntur
2662 4220 3032 4288 eodemplaue
3077 4219 3238 4274 modo
3272 4236 3336 4275 ac
3375 4222 3427 4275 iu

219 4314 605 4385 Responsione
639 4312 883 4371 recitata,
916 4311 1270 4371 diversasque
1304 4308 1434 4360 inibi
1471 4309 1670 4359 habent
1701 4309 2175 4371 interpretationes
2202 4304 2269 4355 ab
2305 4302 2539 4372 Origene
2571 4307 2907 4373 subjunctas.

291 4396 536 4464 Quaestio
569 4394 657 4457 86,
693 4392 822 4458 ρυω
855 4401 929 4443 est
963 4391 1324 4454 interpretatio
1358 4392 1725 4441 vocabulorum
1763 4391 2006 4452 istorum,
2055 4387 2196 4451 Mna,
2232 4388 2388 4456 Ephi,
2431 4389 2616 4454 Nebel,
2651 4390 2869 4454 Gomor,
2906 4393 3102 4456 Siclus,
3135 4395 3426 4452 Basiliccn.

221 4487 512 4545 Sanctum,
550 4481 754 4537 Stater.
789 4477 1078 4536 Dracbnia,
1112 4475 1425 4540 Quadraus,
1462 4475 1799 4538 Ilorniiscus.
1843 4475 2188 4539 Didraclinia,
2224 4473 2534 4536 Talentum.
2569 4479 2743 4543 Assis,
2780 4481 3086 4550 Serapiiiin,
3119 4483 3296 4544 Bezel.
3332 4483 3430 4537 Sa-

222 4573 418 4628 baoth.
455 4569 688 4626 Adouai,
727 4563 956 4631 Eplitid?
996 4561 1340 4630 Utiorumqus
1370 4562 1506 4614 enim
1540 4565 1682 4614 nobis
1715 4563 2102 4630 pernecessaria
2131 4571 2208 4614 est
2243 4565 2469 4632 cognitio
2502 4581 2519 4618 :
2552 4577 2771 4634 utraque
2797 4585 3017 4636 namque
3047 4569 3100 4620 in
3148 4569 3431 4636 Scripturis

217 4661 576 4714 continentur.

297 4765 633 4833 Responsio:
674 4762 903 4831 Εἴρηται
932 4760 1010 4828 τῷ
1037 4759 1332 4828 Ὠριγένει,
1360 4759 1515 4829 ἀνδρὶ
1541 4759 1889 4829 ἐπισταμένῳ
1904 4763 2003 4832 τὴν
2029 4763 2136 4814 τῶν
2177 4762 2445 4829 Ἐϐραίων
2473 4762 2778 4826 διάλεκτον,
2818 4766 3034 4816 πάντων
3081 4767 3188 4815 τῶν
3219 4769 3272 4816 ἐν
3312 4774 3427 4831 ταῖς

220 4856 400 4913 θείαις
428 4853 669 4921 Γραφιίς
697 4849 1012 4917 φερομένων
1068 4847 1369 4915 Ἐὀραῖκῶν
1417 4848 1754 4916 ὀνομάτωνῆ
1822 4855 2089 4919 pars.qu
2125 4850 2421 4917 ἑρμηνεία·
2472 4852 2686 4918 ἐκείνην
2754 4852 3019 4920 ζητήσας,
3072 4855 3324 4923 εὑρήσεις
3371 4860 3429 4909 ὲν

223 4944 366 5011 αὐτῇ
404 4943 503 5007 τὴν
530 4940 749 4991 πάντων
781 4937 1078 5005 ἑρμηνείαν
1106 4929 1178 4988 ὧν
1211 4935 1507 5004 ἐζήτησας.
1543 4934 1653 4988 Hoc
1685 4946 1789 4998 est,
1829 4935 1885 4986 E:

1775 4977 1789 4998 ,
1829 4935 2081 4998 Exposita
2118 4947 2190 4989 est
2217 4940 2278 4988 ab
2313 4937 2552 5005 Origene,
2586 4941 2696 4991 viro
2727 4940 3001 4994 llebraica:
3029 4943 3217 5008 lingua:
3243 4949 3430 5013 perito,

221 5035 455 5082 omnium
491 5040 606 5092 qua
635 5027 689 5075 in
726 5026 893 5075 sacris
936 5021 1220 5090 Scripturis
1260 5022 1505 5088 feruntur
1552 5019 1935 5072 Hebraicui'um
1984 5027 2250 5075 nominum
2286 5038 2332 5076 et
2373 5042 2735 5084 mensurarum
2784 5029 3165 5097 interpretatio.
3211 5033 3345 5088 [iam
3384 5041 3431 5088 si

223 5116 547 5184 requisiuit,
581 5115 634 5165 in
662 5128 724 5164 ea
755 5111 984 5162 invenies
1018 5111 1248 5162 omnium
1276 5125 1474 5169 eorum,
1510 5109 1571 5159 de
1603 5110 1785 5175 quibus
1821 5111 2129 5176 qumsivisti,
2161 5113 2580 5178 explanationem
2615 5114 2921 5168 Nominum.

293 5203 554 5257 Lexicum
585 5211 729 5252 certe
758 5199 900 5265 quod
932 5195 1320 5264 Origenianum
1357 5195 1493 5257 dixi,
1529 5209 1634 5246 non
1672 5196 1846 5247 solum
1880 5198 2233 5265 etymologias
2263 5199 2649 5253 Ile‘nraicorutn
2684 5205 2988 5266 nominum,
3024 5205 3116 5257 sed
3145 5222 3431 5260 mensura-

223 5310 343 5344 rum
374 5292 536 5344 etiam
569 5286 1039 5353 interpretationes
1071 5284 1454 5352 complectitur
1485 5302 1498 5337 :
1537 5285 1679 5336 unde
1717 5285 2054 5350 ipsissinium
2091 5288 2304 5337 Videtur
2332 5302 2466 5353 opus
2490 5289 2816 5355 Adauiantii,
2845 5293 3093 5357 quamvis
3124 5296 3429 5356 nominum,

221 5390 280 5432 ut
307 5389 466 5431 antea
501 5373 881 5434 Observabam,
922 5368 1186 5422 Confusus
1217 5372 1287 5422 sit
1316 5371 1449 5423 ordo
1479 5381 1640 5436 atque
1675 5380 1940 5423 mutatus.
1973 5370 2179 5433 Quibus
2213 5377 2254 5424 si
2294 5372 2479 5438 addas,
2535 5376 2749 5429 nomina
2783 5377 3041 5432 Hebraica
3073 5380 3200 5434 Novi
3237 5381 3425 5436 Testa-

221 5465 397 5520 Inenti
436 5465 489 5515 in
523 5461 711 5514 eodem
747 5457 948 5510 Lexico
981 5457 1182 5524 scripta
1215 5471 1334 5508 esse
1385 5465 1439 5508 ct
1472 5457 1846 5523 interpretata,
1885 5457 2061 5508 nullus
2094 5459 2401 5526 ambigendi
2441 5463 2590 5515 locus
2623 5465 2964 5534 relinquitur,
2997 5469 3124 5536 quin
3155 5469 3254 5522 hoc
3287 5484 3426 5538 opus

219 5559 502 5619 parentem
550 5546 803 5599 habuerit
847 5542 1176 5610 Origenem,
1222 5543 1314 5611 qui
1369 5552 1426 5595 ut
1470 5543 1808 5597 Christianus
1856 5545 2194 5612 suppleverat
2234 5549 2454 5602 nomina
2497 5565 2525 5602 a
2564 5549 2749 5605 iudico
2782 5553 3008 5610 Philone
3044 5560 3426 5624 praetermissa.

222 5639 448 5692 Prcviis
479 5636 657 5700 itaque
689 5631 836 5684 hisce
866 5631 1212 5696 generalibus
1244 5631 1588 5684 documentis
1627 5633 1690 5684 ad
1722 5632 1954 5684 Lexicou
1987 5634 2164 5698 ipsum
2205 5649 2419 5689 manum
2463 5639 2740 5694 mittamus
2762 5680 2776 5706 ,
2813 5644 2993 5697 multis
3024 5643 3144 5695 aliis
3175 5645 3424 5712 peculia-

221 5725 381 5778 ribus
429 5736 531 5789 pro
563 5718 781 5771 modqu
813 5727 998 5770 nostro
1027 5717 1254 5771 inferius
1286 5717 1660 5770 illustrandum
1687 5720 2144 5772 adnotationibus.

460 5815 730 5872 Panos.
787 5807 1006 5866 XXIII.

2929 5821 3003 5880 to
