4198 6350
803 319 937 383 1355

1033 439 1291 506 lntcrpres
1332 439 1570 492 Latinus.

795 556 1056 619 Zsbulon,
1095 563 1286 625 captus
1322 555 1556 624 pignori.

792 740 873 795 sic
899 741 1259 812 Hieronymus
1287 742 1377 811 qui
1410 742 1641 796 litteram
1668 749 1707 799 κ
1737 738 1909 793 Tsade
1935 740 2240 812 numeravit
2268 740 2351 793 in-

793 825 873 865 tcr
918 824 1024 865 trea
1059 810 1265 865 litteras
1309 810 1346 867 S
1382 813 1727 865 Hebrzcorum
1764 827 1778 867 :
1810 812 2011 880 quique
2050 810 2117 864 de
2158 813 2348 865 eodem

794 886 1013 937 nomine
1044 882 1181 936 Zoor
1217 884 1297 938 sic
1329 884 1601 938 scribebat
1632 898 1793 951 supra
1822 882 1931 937 col.
1962 881 2029 936 16
2057 900 2073 951 :7
2106 900 2123 931 ι
2156 882 2345 945 Segor,

793 956 959 1018 inquit
987 996 1000 1014 .
1050 970 1214 1024 parva
1253 970 1267 1009 :
1299 955 1410 1024 ipsa
1459 960 1544 1006 est
1586 950 1711 1021 que
1740 963 1793 1007 et
1842 967 2002 1021 Supra
2054 950 2209 1024 Sper.
2244 952 2349 1005 Sed

793 1022 1071 1078 sciendum
1106 1029 1246 1095 quod
1280 1022 1321 1077 G
1356 1024 1588 1095 litteram
1635 1026 1685 1076 in
1734 1024 1916 1095 medio
1956 1038 2061 1095 non
2088 1023 2289 1095 habeat
2333 1039 2345 1075 :

791 1089 1163 1163 scribitnrqne
1192 1096 1333 1160 apud
1368 1093 1619 1148 liehra-os
1650 1109 1745 1163 per
1772 1092 2010 1145 vocalem
2041 1092 2160 1163 Ain.
2198 1110 2215 1143 ι
2252 1089 2352 1145 So-

793 1182 919 1219 num
955 1161 1183 1231 deniijue
1220 1166 1413 1219 litterze
1456 1161 1691 1220 Hebaeée
1722 1162 1863 1217 Sade
1891 1201 1905 1219 .
1937 1177 2097 1217 aures
2128 1161 2351 1217 Latino-

792 1254 909 1289 rum
964 1235 1318 1290 reformidare
1367 1239 1519 1290 testis
1558 1244 1638 1287 cst
1685 1234 1791 1287 col.
1828 1233 1913 1287 15.
1950 1231 2120 1298 Quem
2168 1233 2348 1288 locum

790 1306 998 1357 consuli
1029 1307 1186 1360 velim
1220 1309 1285 1360 ab
1312 1308 1527 1360 erudito
1556 1306 1885 1370 curioseque
1919 1304 2141 1357 lectore.

862 1377 876 1405 ¹
906 1375 1046 1430 Male
1073 1394 1137 1430 ac
1165 1377 1421 1429 violenter
1446 1376 1832 1443 interpretatur
1859 1374 2128 1442 loseplius
2152 1389 2347 1428 nomen

789 1469 1069 1533 Zabulon;
1109 1471 1367 1539 quoniam
1415 1468 1692 1522 llebrmum
1722 1451 1841 1539 ξπιτ
1878 1466 2047 1522 Zebul
2071 1512 2084 1532 ,
2124 1477 2216 1521 aut
2240 1450 2348 1539 A511

789 1540 975 1599 Zabal.
1012 1537 1300 1594 tinnireth
1332 1546 1557 1593 vertitur
1590 1554 1684 1607 per
1713 1537 1957 1592 Cra-cuni
2022 1537 2347 1606 ἐνεχυράξο-

790 1628 907 1676 μαι.
943 1610 992 1663 id
1028 1620 1130 1674 est,
1158 1612 1489 1678 oppigneror,
1524 1612 1666 1662 unde
1701 1608 2164 1676 ἠνεχυρκτμένος,
2202 1608 2348 1669 oppi-

785 1691 1031 1747 gnerntus
1056 1721 1071 1742 ,
1102 1682 1413 1747 vel_captus
1444 1682 1670 1747 piqnori.
1713 1678 2148 1745 llieronymianm
2184 1679 2348 1745 igitur

786 1752 1120 1817 etymologia:
1144 1752 1549 1813 adliciendum,
1574 1765 1691 1817 qu.e
1720 1748 1892 1813 posita
1923 1750 2169 1802 noscitur
2189 1748 2343 1817 juxta

788 1822 945 1872 iidem
976 1822 1365 1883 elementorum
1402 1820 1812 1873 ilcbraicorutn.

855 1887 1150 1957 Joseplium
1188 1906 1329 1943 nunc
1361 1892 1403 1943 si
1436 1904 1555 1942 cum
1582 1887 1837 1951 Philone,
1870 1903 1931 1941 ac
1961 1904 2085 1941 cum
2115 1895 2347 1957 utroque

789 1957 1170 2028 lLeronymum
1200 1960 1721 2021 eomparaverimus,
1749 1960 1908 2010 modo
1936 1959 2109 2025 ipsum
2142 1975 2169 2009 a
2192 1956 2347 2028 10st:-

790 2028 896 2095 pho
919 2067 933 2089 ,
984 2025 1143 2083 modo
1178 2046 1205 2081 a
1237 2029 1462 2082 Philone
1496 2030 1787 2082 dissentire
1820 2028 2144 2090 fatebimur;
2186 2025 2351 2081 modo

787 2114 907 2149 cum
944 2100 1213 2153 ambobus
1250 2101 1561 2154 consentire
1584 2140 1596 2159 ,
1642 2100 1734 2153 sed
1770 2099 1948 2152 rarius
1982 2097 2344 2151 inveniemus.

784 2168 1067 2222 Consentit
1122 2169 1268 2225 vetbi
1326 2172 1498 2241 gratia
1548 2168 1907 2239 Hieronymus
1959 2182 2083 2221 cum
2141 2166 2347 2221 Jndaais

2212 323 2616 386 APPENDIX.

2255 439 2535 506 Joscplitts.

1853 553 1865 582 '
1899 548 2212 618 Ζαϐουλὼν,
2236 553 2700 622 ὴνεχυρασμένος,
2731 569 2784 622 p.
2815 554 2904 607 3|.

3918 318 4024 382 1356

3320 441 3718 510 Hieronymus.

2988 554 3251 618 Zalnilon,
3274 555 3664 609 habitaculum
3687 556 3762 607 to:
3780 553 4021 617 tituJinis,

3058 628 3139 682 Vci
3169 626 3597 697 jusjurandum,
3633 637 3746 679 etc.

2454 738 2814 809 scriptoribus
2857 740 3299 812 jngctymologia
3372 740 3653 812 nominis;
3683 740 3850 801 Abel,
3896 745 4019 811 quo!

2455 808 2652 864 luctum
2686 812 2826 878 apud
2856 808 3140 866 Philonem
3172 808 3321 880 mque
3355 822 3414 865 ut
3447 813 3593 875 apud
3628 808 3923 878 Jusephnni
3957 818 4019 866 si.

2454 883 2691 945 gnitlcat.
2729 881 2991 935 Similiter
3015 892 3067 935 et
3100 883 3150 935 in
3184 883 3405 936 nomine
3438 881 3631 945 Babel,
3661 882 3779 934 sive
3816 883 4022 952 Babyio-

2455 952 2555 1015 nis,
2582 951 2726 1019 quod
2756 952 3113 1021 confusionem
3144 954 3586 1020 interpretantur
3616 954 3773 1017 juvta
3808 951 4021 1020 proprie-

2452 1028 2617 1073 tatem
2653 1023 2924 1078 sermonis
2955 1023 3184 1077 llehrmi.
3218 1028 3283 1075 At
3314 1024 3366 1075 in
3401 1024 3789 1077 famo~issimo
3823 1030 4020 1080 nomine

2454 1088 2660 1153 Israel,
2703 1093 2771 1145 ab
2804 1103 3039 1163 utroque
3073 1093 3330 1149 dissentit
3364 1093 3777 1164 Hieronymus;
3816 1102 3935 1158 quin
3977 1112 4019 1149 et

2452 1178 2638 1216 eorum
2690 1176 2903 1217 errores
2952 1165 3182 1231 castigat
3227 1165 3370 1218 libro
3400 1163 3781 1229 Quintianum
3817 1168 4020 1220 Hebrai-

2453 1250 2636 1287 carum
2668 1234 2722 1287 in
2751 1231 3029 1288 Geneslm.
3067 1233 3316 1289 Philonis
3352 1237 3580 1298 quidem
3614 1238 3893 1301 redarguit
3921 1254 4019 1290 ett-

2455 1304 2745 1373 mologiam
2804 1308 2856 1358 in
2908 1305 3174 1358 vocabulo
3223 1305 3438 1367 Israel,
3492 1309 3640 1373 quod
3690 1308 3823 1360 illud
3868 1312 4017 1361 ridens

2455 1373 2621 1444 Deum
2656 1375 2996 1427 transtulerit
3025 1391 3039 1430 ζ
3069 1374 3295 1444 Iosephi
3344 1385 3530 1429 autem
3572 1376 3813 1431 dicentis
3846 1379 3895 1431 id
3938 1385 4020 1431 lii-

2456 1442 2585 1516 bere
2618 1444 3035 1516 sign_iticautiam
3071 1442 3386 1499 reluctantis
3421 1450 3615 1516 angelo
3659 1445 3781 1500 Dei.
3816 1448 3924 1500 Non
3953 1452 4018 1503 sic

2454 1513 2506 1565 in
2545 1530 2675 1568 voce
2711 1513 2861 1578 Eva;
2898 1516 2950 1567 in
2985 1516 3083 1570 hac
3112 1518 3256 1569 enim
3294 1513 3603 1569 concordat
3635 1531 3763 1570 cum
3797 1516 4018 1576 Philum,

2452 1584 2783 1639 dissentiens
2814 1600 2842 1636 a
2874 1583 3111 1654 Josepho
3134 1626 3147 1647 ,
3183 1586 3275 1655 qui
3315 1586 3487 1640 voluit
3529 1585 3703 1639 Eram
3736 1590 4019 1655 signiﬁcare

2459 1666 2680 1708 matrem
2714 1664 3023 1707 cunctorum
3060 1657 3369 1719 virentium;
3403 1673 3530 1709 cum
3559 1658 3718 1725 juxta
3748 1664 3903 1711 tidem
3937 1662 4024 1711 eli--

2454 1738 2759 1778 mentorum
2809 1725 2911 1778 hoc
2948 1726 3219 1793 signiticet
3264 1729 3465 1792 vitam,
3505 1729 3650 1779 nihil
3690 1730 3939 1783 addendo
3974 1732 4025 1784 de

2450 1794 2571 1847 aliis
2604 1794 2825 1862 Iosephi
2867 1798 3074 1852 verbis.

2527 1883 2631 1939 Sed
2672 1901 2737 1939 ne
2773 1886 3049 1953 superﬂue
3092 1887 3230 1941 dicta
3270 1888 3353 1941 vel
3394 1889 3637 1943 dicenda
3675 1889 4021 1953 inculcemus,

2453 1955 2670 2009 lectoris
2700 1954 2881 2009 studio
2913 1958 3226 2024 liujusmodi
3256 1964 3721 2026 comparationes
3754 1964 4023 2014 Auctorem

2452 2028 2755 2096 permitto;
2812 2036 2870 2098 ut
2914 2032 3103 2098 eadem
3156 2028 3325 2083 semel
3380 2038 3435 2083 et
3488 2029 3701 2083 iterum
3760 2032 4025 2098 repiicasse

2455 2107 2767 2170 contentus,
2802 2096 3026 2170 dealiis
3060 2098 3300 2170 nondum
3331 2101 3613 2168 expositis
3647 2096 3942 2170 proclivior
3974 2102 4028 2155 sit

2457 2168 2590 2220 mihi
2628 2181 2690 2220 ac
2722 2168 3020 2237 expeditior
3053 2171 3189 2221 ratio
3222 2168 3576 2238 disputandi.

1401 2391 3414 2424 Μ’-
2672 2393 2989 2404 Ἥ-
2995 2390 4018 2428 *κῆρ-..Ἥ

1643 2600 3163 2789 APPENDICIS

1946 2916 2233 3005 PARS
2308 2916 2809 3042 ALTERA,

1484 3114 2031 3177 COMPLECTENS
2108 3114 2386 3176 LATINA
2474 3117 2817 3189 QU.‘EDAM
2894 3118 3293 3181 OPUSCULA

799 2388 2555 2421 mm

1218 3276 1279 3336 S.
1322 3276 1711 3353 Hieronymo
1764 3269 1914 3333 olim
1951 3269 2107 3332 falso
2144 3276 2273 3334 tum
2331 3271 2394 3332 in
2420 3270 2605 3334 editis
2646 3288 2793 3334 cum
2841 3289 2991 3335 mss.
3035 3272 3207 3337 libris
3261 3277 3599 3343 attributa.

1564 3612 2046 3677 ΑΠΜΟΝΙΤΙΟ
2097 3614 2196 3676 ΙΝ
2245 3611 2743 3677 SUBJECTUM
2788 3614 3245 3677 LIBELLUM.

864 3949 1018 4005 llunc
1044 3963 1179 4004 sane
1202 3946 1509 4015 diligentem
1569 3953 1736 4013 atque
1759 3947 2029 4002 eruditum
2057 3949 2299 4003 libellum
2326 3960 2534 4005 veteres
2564 3953 2803 4005 editores
2831 3950 3251 4017 llieronymiauo
3276 3955 3601 4024 cognomini
3632 3957 3783 4013 libro
3804 3958 3868 4012 de
3893 3956 4020 4010 Locis

789 4037 1049 4090 continuo
1075 4034 1457 4095 subdiderunt,
1494 4041 1677 4100 utpote
1707 4048 1890 4101 quem,
1923 4036 2045 4088 licet
2088 4036 2145 4091 S.
2183 4038 2432 4091 DOctoris
2486 4038 2655 4092 fetum
2686 4055 2791 4093 non
2824 4054 2945 4092 esse
3000 4039 3154 4093 bonis
3194 4043 3538 4108 argumentis
3587 4044 3933 4113 colligerent,
3967 4049 4021 4098 ad

786 4126 905 4190 ejus
946 4134 1125 4179 tamen
1162 4137 1383 4191 operum
1433 4119 1813 4173 collectionem
1864 4123 2139 4188 pertinere
2173 4138 2276 4176 non
2311 4122 2664 4192 ignorarent,
2713 4140 2809 4179 nec
2844 4126 3062 4194 penitus
3108 4128 3396 4194 repudiare
3428 4141 3629 4185 contra
3677 4137 4016 4187 vetustiorum

791 4215 1097 4267 testimonia
1130 4213 1391 4265 auderent
1422 4226 1434 4261 :
1471 4208 1616 4277 quod
1652 4218 1854 4261 temere
1886 4209 2088 4263 tactum
2138 4226 2166 4263 a
2199 4212 2509 4263 Martianaeo
2532 4249 2546 4271 ,
2580 4212 2671 4280 qui
2705 4212 2853 4263 illum
2892 4213 3018 4265 hinc
3045 4213 3208 4279 jussit
3238 4215 3531 4280 ex5ulare,
3583 4233 3755 4272 nemo
3790 4237 3894 4273 non
3927 4224 4014 4272 im-

790 4300 1053 4363 pruharit.
1086 4298 1147 4350 Et
1192 4312 1318 4351 vero
1352 4296 1599 4364 qiuedam
1632 4296 1805 4362 ipsius
1835 4297 2017 4363 operis
2051 4298 2466 4365 germanitatem
2503 4298 2787 4352 videantur
2819 4313 3069 4353 asserere
3092 4340 3107 4364 ,
3152 4312 3315 4362 atque
3351 4303 3468 4356 haec
3507 4314 3645 4357 sunt
3698 4322 3753 4359 in
3799 4310 3975 4376 primis
4005 4326 4016 4359 :

788 4390 1079 4439 Auctorem
1114 4386 1281 4437 videri
1315 4384 1536 4452 Syriace
1572 4383 1711 4434 scire
1747 4401 1760 4435 :
1794 4391 1907 4435 tum
1945 4398 2065 4451 quc
2099 4384 2166 4436 de
2200 4382 2430 4453 Sychem
2461 4393 2514 4437 et
2553 4384 2794 4438 Saronna
2826 4387 3013 4468 tradit.
3042 4386 3283 4442 Iudaica:
3323 4389 3476 4442 illum
3508 4395 3872 4462 geographiae
3898 4400 4014 4449 satis

788 4474 1020 4542 peritum
1051 4472 1373 4539 designare;
1422 4486 1542 4539 qine
1575 4469 1684 4523 duo
1730 4480 1994 4539 quantum
2034 4486 2144 4540 prae
2176 4472 2386 4525 cwteris
2442 4471 2769 4543 llierOnymo
2803 4475 3168 4537 conveniant,
3216 4492 3323 4529 non
3356 4487 3442 4531 est
3480 4480 3577 4547 qui
3623 4482 3863 4550 ignoret.
3897 4482 4013 4536 Nam

787 4561 930 4628 quod
968 4560 1033 4613 de
1066 4561 1292 4629 Smyrna
1326 4558 1502 4627 Lyciae
1537 4558 1756 4613 civitate
1791 4558 2058 4626 loquens,
2096 4560 2269 4627 ipsum
2306 4558 2371 4613 de
2409 4561 2627 4612 nomine
2661 4563 2837 4612 laudet
2874 4559 3286 4630 Hieronymum,
3324 4580 3445 4631 qua!
3476 4568 3755 4632 palmaris
3790 4573 4015 4625 erudito-

790 4660 907 4697 rum
939 4654 1017 4697 est
1051 4647 1191 4698 ratio
1214 4684 1226 4707 ,
1261 4654 1317 4697 ut
1352 4644 1493 4697 hunc
1523 4644 1591 4697 ab
1624 4642 1953 4714 Hieronymo
1986 4645 2184 4698 librum
2250 4645 2585 4713 abjndicent,
2618 4661 2724 4698 non
2769 4661 2941 4715 usque
2971 4648 3104 4701 aleo
3152 4646 3365 4701 ﬁrmum
3412 4664 3815 4720 argumentum
3864 4661 4015 4709 visum

787 4742 869 4787 cst
902 4733 1125 4789 Erasmo
1152 4778 1164 4796 ,
1201 4732 1641 4802 quandoquidem
1678 4735 1855 4802 potuit
1890 4735 1972 4787 illa
2011 4734 2237 4788 studiosi
2270 4732 2501 4799 alicujus
2537 4732 2745 4785 notatio
2778 4749 2844 4785 ex
2885 4734 3127 4803 margine
3159 4734 3212 4787 in
3244 4746 3453 4789 textum
3504 4740 3831 4809 irrepsisse.
3883 4745 4016 4809 Quoi

786 4822 1002 4887 quidem
1034 4836 1098 4875 eo
1136 4821 1191 4873 lit
1222 4821 1611 4882 verosimilius,
1644 4823 1783 4889 quod
1822 4836 1927 4874 non
1960 4821 2149 4874 iisdem
2204 4831 2367 4889 atque
2393 4818 2533 4887 apud
2574 4818 2631 4871 S.
2670 4820 2955 4873 Doctorem
2989 4822 3169 4883 verbis
3199 4824 3465 4877 recitatur
3503 4827 3596 4881 hic
3631 4829 3791 4883 locus
3822 4850 3835 4883 :
3871 4831 4015 4884 Porro

786 4907 1134 4976 Hieronymus
1167 4909 1216 4960 in
1251 4907 1398 4960 libris
1438 4906 1780 4960 Hebraeorum
1817 4906 2109 4961 Nominum
2141 4911 2287 4976 ponit
2315 4907 2605 4977 myrrham,
2633 4916 2681 4957 et
2711 4909 3090 4975 interpretatur
3116 4926 3383 4964 amaram.
3418 4911 3533 4968 Nec
3557 4915 3773 4972 desunt
3801 4920 4013 4987 denique

784 4994 1067 5050 doctorum
1108 4996 1391 5049 hominum
1426 4996 1738 5049 testimonia
1762 5035 1777 5057 ,
1814 5007 1973 5062 atque
2006 5011 2197 5049 eorum
2232 5011 2356 5049 cum
2391 4994 2578 5063 primis
2603 5034 2615 5053 .
2654 4998 2745 5062 qui
2787 4995 2994 5048 critica!
3030 4998 3167 5049 artis
3198 4997 3428 5064 gloriam
3462 5005 3866 5059 sustinuerunt
3892 5047 3905 5068 .
3933 5007 4015 5059 Ca-

789 5082 1016 5135 sauboni
1084 5083 1493 5151 Scaliger-ique,
1548 5098 1786 5151 quorum
1827 5083 1963 5133 alter
2006 5084 2267 5137 miraculo
2300 5086 2387 5139 hic
2415 5089 2672 5137 enarrato
2721 5081 2881 5135 ﬁdem
2918 5090 3178 5152 tanquam
3221 5098 3287 5137 ex
3323 5085 3658 5159 Hieronymi
3711 5096 4013 5147 auctoritate

786 5164 1031 5227 adhibet,
1064 5168 1199 5220 alter
1234 5178 1513 5221 auctorem
1546 5166 1789 5233 impense
1826 5166 2030 5217 laudat.

860 5302 1246 5366 Nihilosecius,
1297 5318 1415 5372 qua:
1455 5303 1574 5369 ejus
1614 5311 1895 5353 auctorem
1936 5316 2038 5353 non
2073 5316 2196 5356 esse
2231 5302 2617 5372 Hieronymum
2656 5310 3044 5377 persuadeant,
3080 5314 3287 5383 potiora
3331 5324 3463 5369 sunt
3494 5317 3669 5371 nobis
3729 5330 4009 5372 momenta.

788 5390 1077 5444 Enimvero
1109 5391 1286 5452 Bedae,
1323 5393 1374 5444 in
1416 5393 1569 5459 cujus
1601 5404 1820 5458 quoque
1847 5389 2106 5456 operibus
2142 5393 2452 5443 continetur
2508 5396 2866 5464 vulgatusque
2898 5408 3000 5463 est,
3040 5402 3211 5455 multo
3249 5402 3434 5455 verius
3475 5407 3773 5467 tribuitur,
3809 5422 3923 5459 nam
3965 5412 4007 5455 rt

794 5496 854 5532 ea
890 5490 1151 5547 tempora.
1204 5488 1257 5533 et
1308 5479 1426 5547 ejus
1456 5479 1714 5533 Auctoris
1755 5476 2038 5544 ingenium
2082 5485 2193 5529 tota
2246 5479 2561 5543 scriptionis
2594 5484 2763 5537 series
2802 5501 2863 5539 ac
2896 5488 3073 5555 Stylus
3116 5488 3299 5543 refert.
3340 5490 3379 5543 E
3420 5496 3717 5547 contrario
3749 5496 3871 5562 quis
3914 5494 4006 5545 hac

794 5576 942 5634 putet
974 5568 1037 5619 ad
1073 5566 1382 5635 Hieronymi
1414 5582 1590 5618 mrum
1619 5576 1891 5630 speetarc,
1924 5564 2013 5613 ubi
2047 5567 2111 5615 de
2145 5566 2405 5619 Damasco
2433 5569 2663 5635 loquens
2697 5575 2920 5631 Auctor,
2951 5573 3123 5636 Nunc,
3164 5576 3358 5644 inquit,
3388 5577 3802 5637 Saracenorum
3837 5590 4006 5632 metro-

784 5654 915 5720 polis
966 5670 1073 5705 csse
1109 5655 1421 5719 perhibetur.
1451 5651 1599 5704 Unde
1642 5662 1684 5704 et
1728 5668 1819 5702 rex
1862 5668 2043 5703 eorum
2076 5652 2307 5704 Narrias
2338 5655 2595 5720 famosam
2625 5660 2676 5708 in
2708 5673 2767 5709 ea
2800 5660 2896 5709 sibi
2949 5677 3159 5730 sua’qtte
3204 5667 3346 5732 genti
3393 5667 3686 5721 basilicum
3728 5668 4004 5728 dedicarit,

786 5743 1098 5797 Christianis
1136 5744 1186 5795 in
1232 5744 1455 5795 circuitu
1489 5743 1679 5795 civibus
1721 5740 1981 5808 Baptista’
2014 5740 2236 5793 Joannis
2268 5747 2539 5797 ecclesiam
2572 5745 3022 5813 frcquentautibns
3052 5767 3069 5801 :
3102 5764 3221 5803 cum
3260 5752 3451 5805 taudiu
3495 5768 3625 5824 post
3681 5758 3739 5811 S.
3786 5751 4002 5812 Doctotis
