4198 6350
176 366 305 435 1351

174 602 294 657 quae
322 600 350 638 a
383 583 597 640 Graecis
615 580 976 653 scriptoribus
1001 577 1189 632 llellas
1220 583 1411 630 vocata
1433 582 1540 632 est.
1570 575 1620 629 in
1645 592 1751 645 qua

174 681 403 735 Atticum
437 677 638 734 civitas
671 682 779 743 est,
816 672 1093 746 quondam
1137 668 1315 723 Attica
1361 667 1501 722 dicta
1534 668 1576 721 ‘.

950 764 993 819 η
1418 768 1426 779 ,

244 865 625 923 Hadrumetus
656 864 797 937 (Act.
830 878 1005 927 xxvii,
1038 858 1119 931 2),
1143 858 1336 914 civitas
1364 857 1416 912 in
1436 854 1649 910 Bazatio
1679 869 1760 910 rc-

175 961 335 1029 gione
385 958 605 1014 Africae.

245 1052 448 1108 Hadria
501 1052 648 1118 (Act.
684 1065 857 1117 xxvu,
905 1048 1022 1119 27).
1077 1063 1272 1103 nomen
1337 1045 1507 1102 maris
1566 1057 1757 1100 contra

178 1146 518 1210 Ravennam,
573 1144 721 1214 quod
779 1159 874 1214 per
923 1142 1062 1197 ostia
1113 1142 1243 1196 Padi
1292 1140 1439 1195 ﬂuvii
1500 1139 1755 1205 intratur,

174 1250 395 1309 sumpto
422 1238 701 1294 vocabulo
752 1236 819 1291 ab
846 1236 1046 1291 Hadria
1079 1234 1327 1307 proxima
1374 1232 1614 1298 civitate,
1638 1250 1760 1303 qua:

174 1336 315 1390 idem
355 1334 494 1389 mari
529 1346 735 1386 nomen
770 1327 1063 1384 Hadriatici
1106 1328 1271 1383 dedit.

245 1427 589 1483 Hierusalem
642 1425 784 1491 (Act.
816 1439 873 1487 ιι,
923 1422 998 1487 5;
1037 1437 1110 1486 tv,
1153 1421 1226 1488 5;
1256 1436 1307 1485 v,
1350 1419 1457 1485 16;
1496 1435 1602 1483 xxi,
1640 1417 1756 1485 21),

174 1520 497 1591 metropolis
553 1516 828 1588 quondam
882 1516 1050 1570 totius
1096 1512 1315 1578 ludicre,
1362 1527 1483 1581 quae
1517 1526 1661 1566 nunc
1692 1510 1760 1565 ab

172 1614 319 1669 Allia
362 1612 609 1665 Adriano
658 1606 894 1671 Caesare,
931 1606 1078 1676 quod
1117 1620 1235 1660 eam
1274 1619 1304 1659 a
1364 1603 1493 1658 Tito
1546 1604 1761 1659 destru-

173 1719 317 1762 ctam
381 1705 577 1759 latiore
609 1702 719 1757 situ
756 1699 1158 1763 instauraverit,
1203 1696 1342 1752 Elia
1378 1697 1759 1766 cognmninata

170 1809 298 1854 est:
333 1798 491 1864 cujus
530 1808 699 1864 opere
751 1791 955 1847 factum
985 1800 1092 1854 est,
1128 1799 1186 1845 ut
1230 1787 1374 1844 Loca
1424 1789 1648 1851 Sancta,
1702 1788 1754 1842 id

172 1902 257 1946 est
294 1889 600 1944 Domiuiem
645 1885 925 1940 Passionis
969 1895 1022 1938 et
1079 1880 1543 1940 Resurrectionis,
1574 1881 1670 1935 sed
1703 1889 1757 1933 et

173 1980 512 2039 lnventionis
530 1979 587 2034 S.
609 1978 802 2035 Crucis
823 1979 1095 2046 quondam
1120 1988 1275 2029 extra
1301 1973 1484 2028 urbem
1499 1972 1759 2041 jacentia,

173 2091 324 2131 nunc
353 2072 601 2141 ejusdem
657 2070 814 2127 urbis
851 2084 1010 2125 muro
1060 2066 1475 2141 septentrionali
1523 2064 1759 2122 circuiu-

171 2173 395 2226 dentur.
967 2197 970 2201 ’

240 2259 430 2317 Iudaea
460 2258 601 2329 (Act.
635 2272 674 2321 ι,
695 2257 763 2323 8;
798 2270 861 2319 ιι.
891 2255 960 2321 9;
988 2270 1065 2319 ix,
1098 2254 1161 2309 31
1194 2269 1211 2319 ;
1244 2268 1299 2316 x,
1320 2250 1435 2320 57),
1465 2250 1758 2315 aliquando

173 2363 285 2409 tota
314 2365 461 2407 terra
490 2349 778 2405 duodecim
802 2348 1046 2402 tribuum
1073 2344 1418 2416 appellatur;
1460 2343 1757 2411 aliquando

173 2451 296 2502 dine
331 2454 549 2500 tantum
593 2443 792 2505 tribus,
830 2455 953 2511 quae
989 2439 1263 2508 quondam
1298 2436 1436 2491 Iuda
1484 2437 1758 2492 vocaban-

173 2548 285 2599 tur,
320 2535 388 2588 ad
463 2532 879 2588 distinctionem
926 2529 1156 2585 Galilaea:
1201 2538 1256 2583 et
1290 2528 1570 2588 Samaria.
1622 2527 1755 2581 alia-

173 2641 407 2695 rumque
435 2625 491 2678 in
522 2633 666 2679 terra
700 2620 1150 2690 repromissionis
1180 2618 1490 2685 regionum.
1545 2616 1612 2672 Et
1651 2634 1753 2672 no-

173 2720 403 2774 tandum
436 2716 580 2788 apud
617 2715 930 2776 historicos,
963 2714 1110 2782 quod
1141 2709 1324 2766 Judaea
1352 2709 1517 2779 (Act.'
1540 2726 1617 2777 ix,
1660 2712 1751 2781 51)

173 2812 239 2866 ad
275 2810 650 2871 Palaestinam,
677 2806 896 2862 Galilaa
929 2820 1058 2860 vero
1093 2815 1147 2860 et
1178 2803 1426 2859 Samaria
1461 2803 1527 2857 ad
1585 2803 1751 2858 Plum-

171 2904 353 2958 nieem
422 2900 749 2971 pertineant.

242 2996 416 3065 Joppe
445 2991 584 3063 (Aci.
619 3007 695 3059 ix,
731 2990 847 3059 '56),
877 2989 1135 3060 Oppidum
1187 2987 1488 3043 Palatstinae
1537 2987 1751 3042 mariti-

174 3102 320 3140 mum
352 3086 409 3141 in
442 3087 586 3139 tribu
616 3084 727 3137 Dan
755 3102 770 3140 :
797 3084 887 3137 ubi
918 3081 1076 3137 hodie
1121 3096 1251 3136 saxa
1284 3087 1667 3134 monstrantur
1698 3078 1751 3131 in

1282 361 1586 426 NOMINA
1628 361 1986 423 LOCORUM
2030 367 2125 426 EX
2168 368 2406 431 ACTIS.

248 490 463 549 Gracia
494 490 639 561 (Act.
678 505 769 557 xx,
806 486 886 559 2).
921 483 1199 558 provincia
1227 482 1474 554 quaedam
1507 483 1751 549 Achaiae,
1787 492 1829 548 Α

3296 375 3439 438 1362

2628 489 2674 543 δι

1943 580 2096 636 Mons
2119 583 2311 639 Oliveti
2343 584 2481 641 (Act.
2536 600 2574 648 ι,
2617 582 2706 655 12)
2742 585 2805 638 ad
2856 596 3122 642 orientem
3178 585 3441 642 Hieroso-

1863 676 2041 745 lyma),
2103 686 2343 733 torrente
2406 678 2621 733 Cedron
2682 677 3050 741 interﬂuente,
3111 681 3200 736 ubi
3245 680 3437 735 ul.im:t

1862 769 2091 840 vestigia
2153 769 2365 823 Domini
2416 772 2582 826 humo
2634 770 2901 840 impressa
2958 771 3226 841 hodieque
3275 787 3435 826 mon-

1862 869 2111 917 strantur
2168 863 2308 932 (Act.
2354 861 2416 933 t).
2461 863 2709 935 Cumque
2740 871 2883 918 terra
2911 864 3100 919 eadem
3135 864 3371 934 quotidie
3404 881 3432 918 a

1868 951 2225 1007 credentibus
2260 952 2568 1019 hauriatur,
2631 953 2989 1009 nihilominus
3026 963 3207 1009 tamen
3245 957 3431 1010 cadent

1861 1050 2049 1097 sancta
2086 1046 2311 1114 vestigia
2395 1046 2682 1116 pristinum
2735 1058 2933 1104 statum
2990 1049 3256 1103 continuo
3299 1050 3436 1104 reci-

1862 1133 2039 1203 piunt.
2078 1132 2322 1203 Denique
2348 1152 2474 1193 cum
2506 1138 2761 1203 ecclesia,
2799 1141 2850 1194 in
2883 1139 3042 1211 cujus
3074 1141 3252 1195 medio
3308 1154 3437 1196 sunt

1862 1225 2101 1279 rotundo
2132 1226 2432 1296 schemate,
2470 1240 2521 1285 et
2554 1229 2927 1301 pulcherrimo
2966 1249 3131 1303 opere
3172 1235 3435 1288 condere.

1861 1324 1974 1391 tur,
1998 1331 2273 1371 summum
2304 1325 2515 1374 tantum
2539 1335 2824 1387 cacumen,
2849 1331 2902 1373 nt
2943 1322 3263 1390 perhibent,
3309 1337 3436 1393 pio-

1863 1416 1984 1478 ptcr
2008 1410 2273 1468 Dominici
2302 1415 2542 1484 corporis
2570 1424 2809 1471 meatum
2842 1416 2991 1469 nullo
3038 1419 3196 1472 modo
3220 1421 3434 1489 contegi

1862 1509 1916 1556 et
1949 1505 2327 1560 concamerari
2372 1507 2546 1575 potuit
2578 1526 2591 1562 :
2631 1513 2723 1563 sed
2767 1510 3033 1565 transitus
3072 1509 3194 1580 ejus
3219 1526 3248 1563 a
3294 1521 3433 1565 terra

1863 1592 1929 1647 ad
1962 1593 2161 1648 cmlum
2199 1611 2373 1666 usque
2424 1605 2568 1666 patet
2598 1610 2869 1666 apertum.

1932 1682 2073 1738 Medi
2107 1684 2242 1754 (Act.
2277 1702 2337 1762 ιι,
2378 1685 2491 1755 9),a
2531 1686 2702 1741 Madai
2749 1688 2859 1744 [ilio
2893 1689 3092 1761 .lapliet
3133 1691 3431 1761 appellati:

1861 1785 1988 1830 sunt
2018 1786 2198 1832 autem
2234 1777 2377 1834 inter
2408 1780 2608 1836 ﬂumen
2667 1779 2856 1835 Indum
2888 1794 2942 1838 et
2976 1785 3178 1839 ﬂumen
3225 1784 3431 1855 Tigrim

1864 1867 2113 1933 regiones
2159 1866 2299 1933 istae,
2350 1884 2379 1923 a
2434 1879 2619 1924 monte
2658 1869 2910 1925 Caucaso
2965 1888 3140 1942 usque
3190 1875 3255 1926 ad
3288 1890 3435 1930 mare

1864 1958 2107 2012 Rubrum
2141 1959 2535 2030 pertingentes,
2572 1963 2860 2030 Aracusia,
2897 1962 3143 2031 Parthia,
3180 1968 3427 2038 Assyria,

1860 2049 2043 2108 Persis
2073 2052 2112 2116 ³,
2140 2061 2195 2107 et
2222 2052 2395 2109 Media
2427 2071 2442 2109 :
2471 2070 2609 2126 quas
2633 2057 2917 2129 Scriptura
2938 2072 3093 2115 sacra
3148 2061 3436 2115 universas

1859 2159 2002 2215 sape
2046 2145 2233 2203 Media:
2256 2150 2482 2205 nomine
2518 2158 2696 2205 vocat.

1930 2260 2317 2333 Mesopotamia
2343 2267 2483 2338 (Act.
2516 2281 2575 2330 ιι,
2609 2266 2688 2336 9.),
2721 2266 2870 2338 regio
2917 2267 3059 2322 inter
3089 2266 3311 2324 ﬂumina
3341 2268 3435 2325 Ti-

1860 2355 1996 2425 grim
2024 2365 2079 2411 et
2109 2355 2460 2427 Euphratem,
2497 2374 2617 2428 quae
2649 2368 2703 2413 et
2752 2360 2871 2423 ipso
2916 2360 3183 2415 vocabulo
3243 2361 3436 2419 Graeco

1860 2449 1913 2504 in
1949 2449 2127 2504 medio
2173 2449 2459 2505 ﬂuminum
2510 2464 2632 2505 esse
2678 2452 2852 2520 posita
2902 2462 3256 2508 monstratur.
3294 2451 3435 2508 Hine

1858 2541 1923 2597 ad
1961 2541 2243 2598 meridiem
2274 2542 2593 2614 Babylonia,
2628 2543 2827 2599 deinde
2876 2542 3075 2612 Cedar,
3133 2546 3432 2603 novissime

1856 2637 2054 2691 Arabia
2108 2635 2420 2691 Eudaemon.

1926 2727 2141 2782 Madian
2176 2728 2319 2800 (Act.
2356 2744 2453 2793 vn,
2489 2728 2603 2798 29),
2647 2730 2842 2785 civitas
2868 2731 3023 2801 juxta
3060 2733 3336 2787 Arnonem
3370 2744 3425 2788 et

1856 2819 2193 2891 Areopolim,
2225 2821 2382 2889 cujus
2409 2836 2554 2875 nunc
2588 2825 2761 2876 ruina:
2793 2824 3178 2879 tantummodo
3200 2826 3432 2879 demou-

1855 2922 2123 2978 strantur,
2154 2914 2241 2967 ubi
2274 2913 2489 2985 Moyses
2522 2916 2664 2984 apud
2715 2915 2906 2971 Jethro
2956 2933 3208 2973 socerum
3265 2933 3426 2974 suum

1855 3003 2139 3058 exsulabat
2178 3004 2375 3074 (Exod.
2414 3021 2472 3069 ιι,
2504 3005 2626 3073 15).

1926 3091 2113 3148 Μωςίιι
2145 3094 2286 3163 (Act.
2316 3109 2425 3158 xvr,
2460 3094 2537 3163 7),
2575 3095 2854 3164 provincia
2888 3097 3029 3153 Asiae
3061 3116 3074 3152 :
3104 3116 3248 3155 nunc
3296 3100 3433 3158 1E0-

174 3182 381 3240 littore,
409 3178 463 3232 in
489 3177 688 3245 quibus
716 3176 1061 3230 Andromeda
1082 3174 1316 3243 relegata
1343 3170 1450 3243 [ΑΙ.
1474 3170 1742 3240 religata],

1856 3181 1922 3235 lis
1968 3182 2137 3236 dicta.
2188 3182 2283 3238 Est
2334 3196 2519 3238 autem
2569 3197 2623 3240 et
2663 3185 2833 3239 altera
2888 3188 3134 3256 ejusdem
3192 3196 3434 3249 nominis

174 3271 360 3326 Persei
416 3268 695 3340 quondam
746 3267 848 3321 viri
908 3264 991 3321 sui
1054 3265 1225 3319 fertur
1280 3262 1507 3317 liberata
1584 3260 1752 3314 fuisse

174 3364 457 3433 przesidio.

248 3455 497 3511 Iconium
527 3453 667 3523 (Act.
696 3468 823 3514 xiii.
844 3451 932 3516 5|;
968 3466 1081 3514 xvr,
1108 3448 1220 3517 ιε),
1247 3448 1447 3505 civitas
1466 3444 1757 3502 celeberri-

172 3565 259 3604 ma
288 3546 598 3618 Lycaoniae,
624 3555 679 3600 et
704 3553 787 3599 est
836 3544 1004 3598 altera
1038 3543 1092 3596 in
1121 3542 1330 3597 Cilicia.

249 3640 403 3694 Italia
457 3638 599 3708 (Act.
644 3652 815 3703 xxvii,
869 3636 943 3704 1),
984 3635 1133 3704 regio
1166 3644 1217 3688 et
1269 3632 1443 3703 patria
1480 3632 1753 3685 Romano-

174 3749 296 3787 rum
324 3732 391 3784 ab
429 3729 562 3783 ltalo
592 3742 717 3798 rege
748 3726 1070 3782 vocabulum
1108 3725 1297 3787 traxit,
1322 3740 1444 3791 quae
1470 3729 1537 3777 ab
1561 3722 1746 3777 Africo

172 3838 228 3879 rt
263 3840 293 3879 a
319 3824 495 3876 Borea
528 3821 659 3873 mari
700 3818 895 3889 Magno
925 3818 1124 3881 cincta,
1155 3818 1364 3886 reliqua
1396 3816 1611 3884 Alpium
1653 3814 1746 3869 ob-

168 3917 375 3985 jicibus
409 3911 633 3965 obtrusa
673 3919 778 3963 est.

946 3996 984 4049 L

250 4096 436 4165 Libyae
467 4090 757 4160 provinciae
778 4088 898 4144 dure
928 4096 1076 4151 sunt,
1110 4100 1210 4140 una
1236 4084 1401 4156 Libya
1420 4082 1748 4153 Cyreneaca,

172 4192 242 4243 de
277 4202 380 4257 qua
407 4186 616 4239 dictum
650 4193 730 4237 est
761 4181 869 4240 :Et
897 4191 1074 4246 partes
1106 4179 1310 4249 Libyae,
1341 4192 1458 4246 qua:
1503 4183 1578 4228 est
1610 4175 1750 4226 circa

173 4283 435 4350 (ﬁgi-enen:
472 4278 613 4345 (,lct.
646 4290 706 4340 ιι,
748 4273 858 4344 10).
894 4274 1020 4327 Haec
1058 4280 1211 4339 porta
1243 4268 1459 4338 A'Zgypti
1505 4266 1559 4320 in
1596 4272 1752 4335 parte

172 4372 374 4425 Africae
403 4368 575 4437 prima
601 4375 704 4428 est,
745 4374 801 4418 et
835 4363 968 4416 mari
1002 4360 1207 4432 Libyco
1232 4373 1534 4431 cognomen
1564 4356 1746 4413 dedit:

173 4467 297 4528 post
335 4469 499 4525 quam
542 4452 711 4523 Libya
761 4449 1109 4520 Ethiopum,
1148 4463 1321 4521 usque
1372 4448 1438 4503 ad
1497 4446 1749 4503 meridia-

174 4568 306 4606 num
342 4548 660 4619 pertingens
698 4543 1003 4600 Oceanum.

246 4640 430 4712 Lydda
472 4639 611 4708 (Act.
648 4654 724 4701 ix,
761 4637 877 4704 52),
913 4635 1111 4689 civitas
1142 4631 1439 4688 Paltestina:
1472 4632 1524 4687 in
1570 4631 1751 4686 littore

184 4733 366 4802 Magni
404 4731 571 4785 maris
601 4731 728 4791 sita,
764 4743 884 4798 qua:
920 4726 1228 4796 Diespolis’
1266 4725 1587 4796 appellatur.

246 4824 521 4893 Lycaonia
563 4820 706 4891 (Act.
745 4837 859 4885 xw,
904 4818 981 4887 6),
1023 4818 1303 4889 provincia
1344 4818 1486 4872 Asia.-
1534 4827 1618 4873 est
1653 4834 1665 4874 ς
1696 4826 1750 4872 et

169 4915 418 4985 ejusdem
446 4911 686 4966 nominis
712 4910 903 4965 civitas
937 4917 1020 4962 est
1049 4909 1103 4960 in
1140 4904 1373 4977 Phrygia
1406 4906 1638 4959 minore.

247 5006 437 5073 Lystra
473 5002 609 5072 (Act.
646 5016 756 5065 xiv,
789 5001 866 5068 6),
896 5000 1088 5054 civitas
1122 4998 1428 5069 Lycaoniae.

242 5097 406 5167 Lycia
440 5094 580 5162 (Αςι.
613 5107 778 5153 xxvu.
805 5092 887 5159 5),
922 5092 1199 5160 provincia
1233 5090 1396 5145 Asiae.

244 5185 456 5247 Laszea,
492 5182 686 5236 civitas
718 5181 987 5234 littoraria
1024 5179 1197 5232 Cretae
1240 5178 1434 5231 insulae
1461 5177 1616 5246 juxta
1664 5176 1747 5231 lo-

168 5289 293 5329 cum
353 5274 444 5342 qui
474 5280 698 5324 vocatur
728 5270 857 5322 Boni
890 5269 1112 5333 Portus,
1146 5278 1203 5322 ut
1232 5268 1347 5337 ipse
1372 5266 1547 5323 Lucas
1583 5283 1747 5337 expo-

170 5369 250 5419 nit
309 5364 456 5433 (Act.
516 5376 684 5423 xxvii,
740 5359 844 5427 8):
889 5375 985 5428 pro
1042 5373 1148 5427 qua
1217 5358 1435 5425 quidam
1493 5370 1747 5429 corrupte

171 5455 432 5510 Thalam:
471 5455 654 5523 legunt
680 5451 842 5522 (Ibid.
873 5452 914 5521 ).

212 5612 257 5691 .‘
299 5608 467 5675 Idem,
509 5607 655 5662 haud
723 5617 900 5662 tamen
965 5616 1134 5672 recte,
1185 5608 1457 5677 quondam
1521 5610 1742 5676 antiqua

166 5685 270 5731 (liCI
320 5720 332 5733 .

238 5752 255 5779 ²
278 5697 515 5802 “Rursus
553 5745 714 5803 idem.
750 5764 864 5812 quo:
895 5763 1033 5800 nunc
1065 5746 1358 5811 Diospolis.
1389 5755 1498 5802 ctc.

238 5821 259 5851 ⁸
297 5820 354 5873 1n
391 5832 511 5873 meo
548 5832 671 5883 ms.,
702 5817 942 5883 I’crsidu,
976 5817 1433 5887 quemadmodum
1468 5827 1517 5873 ct
1548 5817 1611 5871 ab
1646 5816 1741 5872 lsi-

1858 3274 2010 3343 juvta
2047 3275 2268 3330 ﬂuvium
2325 3277 2660 3333 Danubium.
2714 3282 2965 3351 Suntque
3019 3294 3296 3348 auctores,
3337 3289 3433 3356 qui

1859 3365 2046 3421 dicant
2088 3367 2350 3423 transisse
2396 3384 2461 3423 ex
2518 3368 2736 3440 Europa
2773 3371 2971 3438 Mesas,
3006 3384 3057 3427 et
3100 3373 3324 3445 Brygas,
3379 3388 3433 3431 ct

1862 3459 2113 3525 Hunnos,
2146 3476 2174 3516 a
2204 3461 2405 3532 quibus
2438 3463 2778 3534 appellantur
2806 3467 2861 3519 in
2899 3467 3027 3521 Asia
3059 3466 3218 3538 Mysi,
3257 3470 3430 3542 Phry.

1858 3567 1950 3621 ges
1978 3561 2033 3607 et
2064 3552 2322 3625 Bithytiii.

1929 3645 2244 3701 Macedonia
2298 3647 2442 3716 (Act.
2499 3664 2588 3715 xx,
2647 3650 2722 3719 1),
2784 3653 3061 3721 provincia
3111 3654 3428 3712 Graecorum

1858 3737 2226 3804 nobilissima,
2255 3749 2310 3793 et
2340 3741 2636 3797 virtutibus
2667 3745 2960 3799 Alexandri
2985 3746 3162 3818 Magni
3194 3748 3428 3804 nobilior

1855 3827 2018 3883 facta.

1928 3922 2182 3992 Mitylene
2215 3926 2358 3992 (Act.
2388 3939 2478 3989 xx,
2509 3926 2620 3994 11),
2647 3927 2826 3983 insula
2858 3941 3047 3985 contra
3078 3931 3426 4002 Asinm,qttu:

1857 4028 1885 4068 a
1922 4016 2167 4084 proxima
2199 4016 2515 4072 continente
2543 4017 2698 4074 abest
2720 4021 3018 4093 quingenta
3058 4032 3270 4093 septem
3300 4027 3425 4080 inil-

1856 4107 1925 4160 lia
1958 4123 2175 4177 passus.

1925 4219 2136 4277 Miletus
2162 4221 2299 4294 (Act.
2329 4240 2417 4290 xx,
2452 4225 2561 4295 15).
2606 4227 2801 4283 civitas
2839 4229 2897 4285 in
2942 4232 3067 4285 Asia
3123 4234 3421 4297 maritima,

1856 4312 2039 4365 decem
2071 4312 2262 4367 stadiis
2288 4315 2355 4368 ab
2379 4316 2521 4370 ostio
2547 4316 2801 4372 Maeandri
2836 4321 3015 4374 amnis
3051 4335 3287 4390 secreta,
3332 4327 3421 4378 ubi

1857 4401 2056 4457 Paulus
2082 4402 2444 4472 Ephesiorum
2473 4408 2706 4478 majores
2729 4410 3039 4481 alloquitur:
3068 4422 3150 4469 est
3172 4427 3223 4467 et
3246 4417 3422 4470 insula

1784 4525 1826 4581 ο
1860 4511 1966 4549 non
2019 4495 2276 4566 ignobilis
2306 4501 2327 4529 ⁸
2375 4499 2610 4557 nominis
2657 4501 2904 4572 ejusdem
2959 4507 3014 4559 in
3064 4505 3198 4560 mari
3234 4505 3421 4579 :Egaeo

1858 4588 1939 4643 vel
1966 4588 2139 4645 Ionio.

1925 4820 2189 4875 Nazaretli
2227 4820 2364 4891 (Act.
2401 4836 2453 4888 x,
2489 4821 2603 4889 38),
2638 4822 2852 4879 viculus
2901 4824 2954 4878 in
3005 4826 3224 4882 Galilaea
3267 4830 3420 4900 juxta

1855 4924 2091 4967 montem
2134 4913 2373 4978 Thabor,
2415 4915 2559 4968 unde
2603 4926 2658 4969 et
2709 4916 2973 4973 Dominus
3022 4930 3210 4975 noster
3259 4919 3422 4979 Jesus

1851 5004 2104 5062 Christus
2135 5005 2453 5061 Nazareuus
2498 5017 2722 5062 vocatus
2752 5016 2837 5062 est
2874 5025 2887 5063 :
2931 5011 3203 5081 habetque
3246 5016 3423 5069 eccle-

1853 5096 1988 5151 siam
2024 5097 2224 5150 inloco
2285 5112 2395 5167 quo
2422 5100 2644 5167 angelus
2678 5099 2741 5151 ad
2775 5102 2985 5153 beatam
3015 5102 3233 5157 Mariam
3260 5122 3422 5160 cvan-

1852 5188 2180 5254 gelizaturus
2228 5187 2500 5247 intravit:
2546 5189 2735 5245 sedet
2766 5190 2949 5259 aliam,
3009 5194 3103 5249 ubi
3154 5195 3421 5255 Dominus

1850 5290 1933 5333 est
1959 5280 2221 5333 nutritus.

1922 5367 2173 5437 Neapolis
2208 5370 2345 5437 (Act.
2392 5386 2503 5436 xvr,
2552 5371 2669 5442 11),
2721 5373 2909 5429 civitas
2952 5372 3147 5443 Cariae,
3177 5393 3296 5450 qua:
3335 5388 3422 5435 est

1851 5461 2126 5532 provincia
2162 5459 2272 5531 [AL
2310 5464 2627 5537 provinciae]
2652 5467 2818 5521 Asiae.

1849 5618 1984 5672 duro
2016 5617 2225 5685 llispal.
2262 5620 2528 5675 scribitur
2562 5624 2612 5676 in
2648 5633 2820 5679 recto.

1922 5688 1940 5718 ⁸
1982 5688 2217 5767 Negandi
2271 5692 2532 5767 particula
2588 5695 2639 5746 in
2700 5712 2820 5747 meo
2871 5714 2973 5752 ms.
3015 5717 3119 5753 non
3175 5708 3280 5767 est,
3316 5701 3412 5756 scd

1850 5761 2125 5814 contrario
2163 5775 2327 5815 sensu
2390 5762 2607 5829 dicitur,
2646 5766 2819 5817 imula
2857 5770 3123 5837 ignobilis,
3156 5782 3262 5829 etc.
