4198 6350
814 350 949 417 1367

2227 342 2631 408 APPENDIX.

3943 343 4049 407 1368

808 465 1019 530 multis,
1051 464 1296 531 quaedam
1333 463 1464 518 huic
1509 463 1657 534 operi
1693 463 1925 532 adjectis
1956 463 2374 535 iuterpretatio-
2405 462 2454 523 Α
2482 471 2733 516 sanctum
2782 460 3004 533 Moysen
3041 476 3138 531 per
3196 461 3457 531 angelum
3496 466 3586 514 est
3633 456 3889 521 delatum;
3926 477 4050 527 quae.

809 562 968 614 nibus
995 560 1340 627 interponere
1372 559 1577 623 studui;
1610 558 2001 614 vocabulorum
2035 559 2179 613 enim
2214 572 2380 627 expo-

809 654 935 708 sitio
974 653 1112 708 satis
1160 653 1389 719 indicat,
1430 654 1561 722 quid
1597 654 1767 709 velint
1804 652 2053 722 intelligi.
2084 652 2141 706 In
2171 652 2378 722 princi-

810 747 897 811 pio
930 754 1113 800 autem
1144 746 1329 801 decem
1391 753 1615 801 nomina
1666 748 1941 816 ponimus,
1991 745 2193 817 quibus
2235 746 2378 817 apud

808 837 1068 894 llebraos
1099 840 1240 894 Deus
1271 850 1521 894 vocatur.

880 932 1124 987 Primum
1170 934 1311 1001 apud
1344 933 1599 990 ilebrreos
1651 933 1743 990 Dei
1791 948 1987 990 nomen
2016 934 2091 989 Et.
2151 935 2376 1001 dicitur,

805 1026 949 1093 quod
983 1026 1072 1080 alii
1102 1024 1293 1090 Deum,
1319 1027 1412 1080 alii
1440 1026 1823 1097 etymologiam
1842 1026 1961 1096 ejus
1990 1028 2375 1097 exprimentes,

808 1119 1028 1173 Schiros
1060 1117 1206 1191 [ιφ.
1258 1118 1546 1191 Ἰσχυρδς],
1595 1120 1644 1173 id
1674 1133 1779 1184 εει,
1815 1120 2002 1188 fortem
2034 1118 2376 1189 interpretati

806 1221 954 1277 sunt,
982 1230 1047 1267 eo
1072 1214 1213 1283 quod
1240 1212 1385 1266 nulla
1416 1212 1733 1268 inlirmitate
1764 1213 2114 1284 opprimitur,
2139 1212 2233 1268 sed
2266 1213 2378 1268 l'ur-

810 1308 879 1361 tis
942 1316 1024 1361 est
1073 1315 1126 1361 et
1175 1307 1459 1361 sulliciens
1506 1306 1572 1359 ad
1637 1307 1821 1359 omnia
1858 1306 2245 1377 perpetranda.
2283 1306 2379 1363 Sc-

806 1399 1041 1451 euntlum
1071 1414 1294 1464 nomen,
1315 1399 1507 1453 ELom.
1530 1398 1965 1462 Tertittm,ELoe.
1992 1398 2143 1465 Quod
2171 1409 2379 1455 utrum-

806 1508 912 1561 que
933 1491 985 1545 in
1016 1490 1269 1547 Latinum
1296 1492 1433 1544 Deus
1457 1491 1677 1546 dicitur.
1710 1493 1804 1547 Est
1830 1502 2009 1547 autem
2041 1493 2091 1547 in
2122 1491 2375 1547 Latinum

802 1600 864 1636 vx
896 1582 1081 1638 Graeca
1104 1583 1467 1653 appellatione
1492 1586 1840 1645 translatum.
1879 1601 2003 1639 nam
2029 1585 2169 1639 Deus
2191 1584 2376 1639 Graeco

805 1676 1008 1737 'l'heos.
1043 1679 1202 1731 lebos
1245 1674 1402 1747 [Lege
1425 1676 1616 1747 30660;]
1668 1678 1889 1739 dicitur,
1930 1677 1981 1730 id
2038 1684 2142 1742 est,
2196 1676 2374 1733 timor.

806 1768 958 1822 Unde
1008 1778 1245 1823 tractum
1282 1777 1365 1823 est
1397 1771 1564 1835 Dens,
1616 1769 1761 1839 quod
1794 1786 1916 1825 cum
1961 1771 2270 1825 colentibus
2300 1772 2372 1826 sit

804 1862 987 1915 timor.
1030 1860 1169 1916 Deus
1217 1869 1395 1914 autem
1452 1863 1671 1938 proprie
1702 1878 1901 1917 nomen
1932 1873 2014 1917 cst
2062 1864 2369 1929 Trinitatis,

803 1955 1078 2021 pertinens
1102 1953 1166 2007 ad
1199 1951 1438 2019 Patrem,
1470 1963 1524 2008 et
1550 1955 1745 2009 Filium
1771 1997 1785 2019 ,
1832 1966 1887 2010 et
1930 1955 2190 2026 Spiritum
2244 1972 2373 2012 san-

798 2057 978 2101 ctum.
1032 2046 1105 2101 Ad
1142 2062 1308 2116 quam
1344 2045 1672 2101 Trinitatem
1708 2050 1870 2102 etiam
1902 2050 2132 2117 reliqua,
2169 2065 2290 2119 qua:
2319 2052 2371 2104 in

801 2140 1031 2195 Domino
1062 2140 1203 2195 intra
1237 2149 1364 2194 sunt
1388 2142 1561 2209 posita
1591 2141 1851 2194 vocabula
1890 2141 2157 2196 referunt.

869 2230 1144 2296 Quartum
1179 2245 1374 2285 nomen
1408 2230 1632 2288 dicitur.
1666 2229 1938 2295 SABAOTH,
1968 2234 2113 2302 quod
2139 2235 2372 2289 vertitur

800 2326 851 2377 in
890 2325 1170 2387 Latinum,
1216 2325 1563 2377 exercituum.
1593 2322 1733 2377 Sunt
1776 2324 1921 2377 enim
1953 2325 2006 2378 in
2054 2324 2367 2394 hujusmodi

800 2416 1143 2471 ordinatione
1176 2416 1407 2471 virtutes
1439 2414 1735 2478 inultm..ut
1773 2416 1989 2485 Angeli,
2022 2416 2368 2487 Archangeli,

797 2510 1142 2577 I’riucipalus
1209 2517 1263 2563 et
1334 2509 1659 2571 Potestates,
1748 2510 2042 2576 cunctique
2127 2510 2370 2565 caelestis

799 2603 1007 2657 militia:
1039 2602 1283 2666 ordines,
1316 2616 1549 2671 quorum
1595 2608 1775 2655 tamen
1814 2600 1900 2654 ille
1947 2599 2211 2655 Dominus
2246 2610 2368 2656 est:

797 2710 990 2749 ontnes
1020 2694 1166 2749 enim
1194 2693 1296 2748 sub
1325 2696 1440 2762 ipso
1472 2700 1623 2757 sunt,
1657 2693 1883 2763 ejusque
1910 2692 2213 2747 duminatui
2242 2694 2370 2748 sub-

793 2787 998 2855 jacent.

874 2878 1158 2944 Quintum,
1195 2879 1390 2944 Ervom,
1431 2878 1575 2949 quod
1636 2880 2029 2949 interpretatur
2092 2881 2368 2943 excelsus.

796 2973 921 3039 quia
960 2988 1126 3042 super
1176 2974 1346 3027 ccelos
1401 2987 1508 3035 est,
1550 2976 1692 3027 sicut
1737 2974 2003 3041 scriptum
2035 2973 2217 3028 estde
2263 2989 2366 3028 eo:

800 3064 1058 3119 Excelstts
1115 3065 1392 3130 Dominus,
1425 3082 1586 3135 supra
1619 3066 1774 3120 calas
1828 3066 1999 3136 gloria
2028 3068 2141 3136 ejus
2174 3064 2366 3136 (Psal.

2486 555 2628 609 renti
2680 554 2854 620 enim,
2883 555 3027 624 quod
3058 564 3140 609 est
3194 571 3400 608 nou'eu
3444 552 3597 620 ejus.
3642 553 3734 619 qui
3790 567 3903 606 eun:
3948 567 4048 621 per-

2483 662 2613 718 gere
2644 646 2995 717 praecipiebat
3051 646 3118 699 ad
3160 645 3425 715 populum
3453 662 3519 700 es
3565 645 3802 714 zEgypto
3842 645 4048 699 liberan-

2484 742 2635 806 dum,
2667 740 2956 809 respondit
2985 756 2997 792 :
3043 738 3152 810 Ego
3181 757 3299 793 sum
3326 740 3422 809 qui
3454 756 3577 793 sum
3602 737 3803 807 (Exod.
3838 755 3909 803 ut,
3942 740 4043 798 Hi:

2481 844 2556 897 et,
2595 832 2747 888 Dices
2787 834 2918 901 ﬁliis
2957 832 3183 889 Israel:
3239 832 3344 899 Qui
3390 844 3465 890 est
3529 834 3673 886 misit
3733 850 3809 887 me
3858 837 3921 887 ad
3976 851 4047 886 res

2483 926 2704 998 (lbid.),
2744 937 3007 997 tanquant
3042 929 3094 983 in
3127 929 3251 998 ejus
3282 928 3766 999 comparationem
3802 928 3886 995 qui
3938 942 4044 979 vere

2478 1030 2586 1087 est,
2617 1022 2743 1090 quia
2772 1021 3241 1077 incommutabilis
3272 1029 3379 1084 est,
3414 1037 3481 1076 ea
3506 1036 3635 1091 quae
3663 1020 4041 1075 commutabilis

2483 1112 2622 1169 facta
2652 1122 2804 1179 sunt,
2835 1113 2992 1183 quasi
3016 1129 3122 1167 non
3152 1114 3301 1168 sint:
3337 1117 3489 1184 quod
3519 1115 3670 1167 enim
3696 1114 3908 1176 dicitur,
3938 1112 4038 1175 fuit,

2482 1224 2585 1263 non
2619 1217 2742 1275 est;
2777 1214 2833 1262 et
2878 1208 3025 1277 quod
3064 1207 3292 1273 dicitur,
3323 1209 3456 1271 erit,
3496 1206 3747 1261 nondum
3779 1213 3877 1259 est.
3925 1206 4043 1259 Deus

2479 1314 2662 1359 autem
2700 1318 2825 1358 esse
2863 1312 3073 1358 tantum
3100 1302 3269 1364 novit,
3310 1302 3510 1365 inisse,
3541 1301 3791 1355 futurum
3818 1316 4040 1354 essenon

2478 1394 2653 1448 nmit.
2679 1393 2843 1449 Solus
2869 1402 3049 1447 autem
3070 1393 3230 1447 Pater
3250 1409 3376 1447 cum
3407 1392 3555 1446 Filio
3573 1403 3629 1447 et
3656 1391 3854 1462 Spiritu
3880 1402 4042 1446 sancto

2479 1492 2749 1544 veraciter
2808 1496 2912 1553 est,
2970 1487 3130 1556 cujus
3192 1487 3457 1542 essentiae
3512 1499 3888 1555 comparatum
3936 1502 4040 1540 esse

2478 1592 2721 1636 nostruru
2792 1596 2897 1635 non
2934 1595 3058 1636 esse
3090 1590 3195 1636 est.
3234 1578 3391 1636 Unde
3441 1588 3498 1635 et
3530 1582 3586 1635 in
3612 1582 3882 1647 colloquio
3922 1582 4041 1633 dici.

2480 1691 2620 1739 mus,
2661 1673 2805 1727 Vivit
2864 1673 3028 1739 Deus,
3084 1676 3209 1743 quia
3249 1676 3495 1730 essentia
3549 1677 3661 1729 vita
3710 1676 3857 1738 vivit,
3904 1688 4040 1745 quam

2483 1784 2632 1822 mors
2666 1784 2775 1823 non
2808 1768 2995 1823 habet.

2555 1861 2892 1931 Septimum,
2926 1861 3149 1922 Anosst.
3186 1860 3334 1929 quod
3366 1860 3712 1929 generaliter
3744 1860 4042 1925 interpreta-

2480 1965 2569 2010 tur
2595 1956 2876 2018 Dominus,
2900 1958 3044 2025 quod
3078 1955 3398 2009 dominetur
3417 1967 3696 2010 creaturae
3728 1954 4040 2015 CtlltClil‘HVei

2476 2049 2622 2119 quod
2658 2059 2906 2104 creatura
2938 2048 3119 2102 omnis
3146 2047 3457 2103 dominatui
3483 2048 3606 2117 ejus
3641 2050 3929 2103 deserviat.
3953 2048 4041 2101 Dn-

2477 2143 2662 2197 minus
2710 2157 2841 2211 ergo
2889 2141 3093 2195 dicitur
3123 2152 3176 2195 et
3230 2142 3400 2204 Deus.
3441 2142 3526 2196 vel
3575 2145 3723 2211 quod
3759 2144 4042 2198 dominetur

2476 2234 2756 2297 oumihus,
2786 2234 2867 2289 vel
2897 2233 3043 2303 quod
3075 2233 3331 2287 timeatur
3364 2250 3393 2288 a
3431 2238 3679 2289 cunctis.

2546 2326 2832 2391 Octavum,
2867 2325 2965 2389 IA,
3022 2326 3168 2395 quod
3206 2328 3259 2381 in
3315 2326 3487 2381 Deum
3546 2337 3769 2383 tantum
3823 2331 4035 2399 p0uitur,

2475 2419 2619 2490 quod
2653 2418 2818 2472 etiam
2855 2419 3075 2472 alleluia
3110 2419 3164 2473 in
3204 2419 3501 2473 novissima
3533 2420 3749 2491 syllaba
3781 2432 3948 2475 sonat.

2550 2510 2789 2575 Nonum,
2826 2509 3010 2565 ΤετκΑ
3054 2527 3403 2577 assumtus,
3439 2512 3545 2567 hoc
3578 2523 3690 2577 est,
3727 2526 3938 2582 qualum
3970 2517 4039 2567 lit-

2478 2617 2755 2668 terarum,
2816 2606 2963 2675 quod
3030 2607 3249 2675 proprie
3306 2609 3448 2677 apud
3508 2607 3782 2664 ilebrmos
3843 2611 3893 2663 iu
3950 2612 4040 2664 Deo

2474 2701 2719 2771 ponitur,
2764 2698 2818 2752 id
2846 2710 2930 2753 est
2964 2699 3179 2755 duabus
3207 2716 3278 2762 la,
3326 2716 3450 2769 qua:
3478 2702 3763 2773 duplicata
3797 2705 4040 2759 inrﬂahile

2474 2790 2610 2845 illud
2656 2800 2710 2843 et
2758 2788 3057 2857 gloriosum
3098 2788 3189 2844 Dei
3246 2805 3444 2845 nomen
3504 2793 3819 2849 efﬁciunt:
3869 2797 4039 2850 dicitur

2473 2890 2652 2934 autem
2714 2878 3051 2945 ineﬂ'abilis,
3089 2882 3353 2949 nonquia
3406 2881 3517 2935 dici
3568 2898 3683 2937 non
3742 2896 3932 2955 potest,
3964 2888 4039 2938 sed

2472 2972 2600 3042 quia
2666 2971 2808 3025 (iniri
2842 2987 3005 3025 sensu
3051 2982 3105 3026 et
3140 2972 3417 3028 intellectu
3472 2974 3726 3029 humano
3763 2977 4040 3030 nuléatqus

2474 3072 2700 3135 potest;
2742 3065 2864 3119 ideo
2917 3063 3055 3118 nihil
3111 3064 3179 3119 de
3208 3080 3273 3120 eo
3325 3066 3491 3135 digne
3545 3067 3660 3122 dici
3707 3080 3905 3138 potest,
3934 3070 4038 3137 quia

796 3173 924 3222 cstt,
960 3158 1036 3225 ὁ).
1071 3157 1335 3213 Excelsus
1366 3166 1547 3211 autem
1581 3156 1805 3221 dicitur,
1845 3173 1943 3228 pro
1968 3161 2124 3214 valde
2155 3159 2361 3222 celsus,
2396 3176 2439 3231 ο
2479 3156 2764 3210 ineﬂ'abilis
2781 3164 2889 3211 est.

801 3248 1219 3312 sicuteximius,
1254 3249 1409 3317 quasi
1442 3250 1591 3304 valde
1610 3250 1880 3304 eminens.

864 3340 1110 3405 Sextum,
1147 3341 1333 3405 Ensis,
1369 3342 1419 3395 id
1453 3350 1557 3406 est,
1590 3344 1777 3409 quiest
1806 3357 1823 3394 :
1869 3342 2013 3397 Deus
2040 3344 2183 3396 enim
2218 3344 2366 3400 solus

798 3433 925 3499 quia
951 3442 1187 3486 aeternus
1208 3442 1315 3495 est,
1341 3433 1443 3486 hoc
1467 3441 1569 3495 est,
1602 3435 1725 3500 quia
1746 3434 2030 3487 exordium
2059 3450 2164 3488 non
2188 3434 2366 3497 habet,

798 3524 1097 3579 esscntium
1138 3538 1335 3579 nomen
1390 3539 1519 3578 vere
1551 3532 1717 3578 tenet.
1750 3522 1861 3579 [Ioc
1892 3525 2036 3579 enim
2073 3540 2269 3579 nomen
2300 3524 2366 3579 ad

2550 3245 2855 3310 Decimum,
2902 3245 3127 3312 SADDAI,
3160 3246 3211 3301 id
3265 3256 3371 3312 est,
3405 3249 3751 3317 omnipotens
3806 3260 4037 3311 voratur;

2475 3348 2704 3393 vocatur
2757 3347 2943 3394 autem
2997 3340 3388 3409 omnipotens,
3437 3342 3567 3410 quia
3622 3344 3814 3396 omnia
3865 3353 4035 3412 potrst.

2476 3433 2569 3487 sed
2606 3431 2861 3488 faciendo
2900 3432 3043 3503 quod
3094 3432 3243 3501 vult,
3298 3447 3407 3488 non
3459 3434 3736 3506 patiendo
3783 3436 4036 3500 quodnon

2475 3525 2609 3579 Vult.

900 3764 3855 3795 wm
3864 3782 3949 3793 -“

1306 3936 1898 4014 ADMONITIO
1959 3936 2068 4013 IN
2151 3937 2813 4030 SUBSEQUENS
2888 3937 3559 4017 OPUSCULUM.

871 4285 1074 4339 Nedum
1102 4286 1450 4358 Hieronymo.
1482 4288 1785 4358 Augustino
1819 4288 1980 4343 etiam
2016 4286 2278 4343 tribuitur
2314 4288 2522 4344 libellus
2550 4289 2651 4344 iste
2688 4288 2761 4342 De
2794 4287 3240 4343 benedictionibus
3269 4286 3461 4354 Jacob,
3496 4304 3625 4344 cum
3666 4291 3720 4345 in
3751 4307 3907 4355 mss.,
3942 4304 4032 4347 tum

802 4376 855 4427 iu
891 4375 1121 4444 vulgatis
1146 4391 1287 4445 saepe
1313 4377 1493 4433 libris;
1526 4377 1793 4430 Nimirum
1822 4392 1886 4431 ex
1923 4379 2210 4447 utriusque
2244 4376 2427 4433 Patris
2453 4378 2851 4442 Quwstionibus
2888 4378 2939 4429 in
2976 4373 3213 4429 Cenesim
3238 4374 3557 4444 descriptus
3586 4380 3829 4435 subinde
3856 4394 3931 4436 e.~t
3958 4399 3968 4433 :
3995 4392 4035 4434 et

802 4464 950 4531 prior
977 4463 1197 4534 quidem
1220 4466 1487 4530 expositio
1511 4464 1775 4519 historica
1810 4467 2037 4521 totidem
2062 4466 2173 4521 fere
2194 4468 2376 4523 verbis
2396 4482 2462 4521 ex
2499 4466 2828 4536 Hieronymo
2858 4464 3157 4533 excipitur,
3184 4464 3387 4534 quibus
3426 4468 3699 4522 nonnulla
3740 4486 3807 4523 ex
3866 4475 4028 4538 Augu-

800 4554 944 4605 stino
979 4552 1463 4606 intermiscentur:
1500 4555 1694 4616 altera,
1728 4554 1840 4606 sive
1885 4554 2201 4623 allegorica.
2258 4554 2715 4622 quemadmodum
2752 4552 2841 4605 cll.
2882 4551 3219 4605 Benedictini
3252 4553 3801 4621 Augustinianorum
3835 4574 4031 4626 operum

800 4641 1039 4694 editores
1063 4647 1307 4704 monent,
1340 4641 1481 4708 apud
1515 4640 1836 4710 Gregorium
1871 4640 1923 4693 itt
1959 4641 2109 4696 libris
2152 4640 2441 4694 Moralium
2487 4642 2539 4694 in
2570 4639 2667 4694 Job
2702 4640 2997 4692 invenitur.
3036 4637 3183 4705 Opus
3218 4652 3344 4690 vero
3392 4640 3577 4708 ipsum
3616 4642 3691 4695 ita
3724 4647 3794 4697 ab
3830 4646 4031 4697 Alt‘uinu

798 4728 1241 4783 consarcinatum
1315 4744 1422 4782 non
1452 4736 1535 4782 est
1564 4730 1655 4795 qui
1692 4729 1924 4793 dubitet,
1955 4730 2057 4784 sub
2088 4731 2248 4799 cujus
2276 4744 2490 4799 quoque
2527 4726 2748 4781 nomine
2776 4726 3050 4792 vulgatum
3081 4735 3165 4779 est
3193 4725 3243 4777 iu
3276 4725 3395 4793 ejus
3418 4740 3657 4795 operum
3693 4732 4027 4791 collectione;

801 4809 1042 4878 tametsi,
1071 4816 1123 4869 id
1155 4816 1297 4886 quod
1318 4817 1523 4871 laudati
1553 4817 1895 4873 Benedictini
1928 4827 2218 4878 annotant.
2252 4827 2481 4886 utraque
2508 4830 2573 4869 ex
2608 4814 2822 4883 integro
2846 4812 3137 4881 expositio,
3164 4812 3261 4867 sed
3288 4815 3484 4867 ordine
3526 4818 3791 4871 nonnihil
3814 4819 4025 4877 diverso.

800 4912 961 4973 atque
994 4905 1201 4974 aliquot
1229 4905 1552 4974 permutatis
1603 4906 1833 4960 vocibus
1864 4908 2130 4961 habeatur
2154 4908 2208 4961 in
2238 4907 2400 4961 tertio
2433 4904 2573 4957 lihro
2616 4900 3156 4955 Commentariorum
3191 4899 3245 4953 in
3300 4899 3595 4965 Genesim,
3653 4906 3751 4973 qui
3786 4904 4027 4959 Eucherio

804 4992 1147 5061 Lugdunensi
1184 4994 1370 5046 tributi
1406 4993 1533 5047 olim
1571 4993 1710 5047 falso
1746 4994 1917 5059 fuere,
1950 4995 2190 5062 etlitique
2221 4994 2276 5047 in
2312 4991 2631 5045 Bibliotheca
2680 4986 2928 5041 Patrum.
2968 4986 3109 5053 Quin
3150 4987 3298 5041 aliud
3337 5004 3566 5059 quoque
3597 4991 3850 5058 ejusdem
3883 5010 4025 5062 espo-

800 5081 1015 5135 sitionis
1066 5080 1342 5148 exemplar
1396 5083 1660 5146 occurrit,
1714 5082 1858 5151 quod
1898 5099 1925 5134 a
1983 5082 2299 5135 Martianteo
2363 5089 2511 5132 torno
2558 5076 2600 5128 ν
2651 5076 3202 5147 llieronymianorum
3240 5090 3492 5145 operum,
3553 5081 3647 5147 qui
3702 5084 4026 5152 sttppnsitilia

801 5170 1062 5233 continet,
1098 5169 1405 5235 exhibetur,
1437 5170 1755 5239 inscriptum
1784 5170 2177 5223 Beuedictioues
2202 5171 2266 5222 de
2323 5169 2447 5236 ﬁliis
2472 5166 2661 5231 Iacob,
2682 5176 2733 5221 et
2765 5166 2911 5219 brevi
2939 5165 3352 5219 PrtelzttiuncItla
3385 5171 3813 5236 pmmuuitum,
3840 5185 3890 5226 et
3916 5188 4020 5239 pos-

807 5266 972 5308 trema
1000 5257 1083 5309 sui
1119 5265 1269 5325 parte
1293 5257 1358 5309 dc
1392 5258 1560 5312 verbo
1590 5259 1652 5310 ad
1684 5253 1906 5311 verbum
1942 5273 2003 5309 ex
2033 5257 2090 5311 S.
2121 5256 2352 5310 Doctore
2380 5270 2721 5326 expressum.
2758 5252 2867 5307 Nos
2885 5254 2975 5322 qui
3007 5256 3157 5323 prius
3184 5253 3325 5307 istud
3350 5259 3639 5327 exemplar
3673 5276 3739 5314 ex
3767 5258 4021 5329 Augustini

803 5342 1042 5398 editione
1067 5360 1095 5397 a
1124 5344 1489 5400 Denedictinis
1519 5346 1782 5399 adornata
1830 5346 2219 5409 describimus,
2272 5355 2328 5400 et
2358 5344 2719 5414 supposititiis
2744 5341 3059 5413 Hieronymi
3117 5341 3340 5412 scriptis
3376 5345 3627 5414 primum
3668 5364 4022 5406 accensemus.

805 5433 1035 5485 alterum
1068 5448 1283 5503 quoque
1310 5436 1415 5489 huc
1447 5435 1709 5489 duximus
1738 5434 2171 5491 transferendum
2199 5473 2213 5499 ,
2253 5443 2311 5489 ut
2372 5447 2438 5488 ne
2485 5432 2613 5500 quid
2647 5444 2812 5494 esset.
2845 5430 2987 5499 «ιυοιΙ
3021 5429 3145 5500 jure
3179 5444 3208 5483 a
3241 5430 3401 5486 nobis
3439 5432 3620 5490 lector
3653 5447 3751 5491 aut
3808 5438 4022 5492 eruditus

809 5533 901 5576 aut
939 5520 1239 5578 ineruditus
1264 5520 1621 5577 desideraret.
