4198 6350
176 386 325 449 I389

1274 388 1370 449 DE
1416 390 2128 453 BENEDICTIONIBUS
2169 392 2405 453 JACOB

3328 399 3461 463 l370

181 520 3315 543 W

455 668 602 756 DE
702 665 1832 759 BENEDICTIONIBUS
1904 669 2265 760 JACOB
2347 669 3198 764 PATRIABCH/E.

256 1038 405 1106 Quid
444 1038 863 1109 intelligendum
895 1046 979 1092 est
1021 1035 1088 1091 de
1115 1036 1614 1094 benet..ctou.uus,
1648 1029 1771 1097 qui-
1802 1030 1847 1084 Α
1875 1032 2163 1087 cervicibus
2216 1028 2550 1085 inimicorum
2608 1045 2858 1097 tuorum;
2908 1034 3210 1088 adorabunt
3259 1045 3307 1089 te
3351 1038 3454 1105 filii

172 1134 286 1188 lius
316 1133 494 1188 Jacob
527 1134 841 1200 patriarcha
874 1130 1147 1186 benedixit
1177 1129 1317 1183 ﬁlios
1351 1141 1522 1181 suos:
1562 1140 1629 1178 an
1687 1123 1779 1175 hi-

180 1227 395 1280 smrice
453 1226 535 1280 vel
569 1226 864 1294 allegorice
898 1222 1262 1292 intelligenda:
1292 1221 1421 1286 sint,
1461 1218 1589 1272 dum
1622 1216 1778 1277 dicit.

176 1318 621 1388 Congregamini,
673 1318 775 1387 ﬁlii
800 1316 991 1380 Iacob,
1050 1327 1106 1369 ut
1141 1314 1448 1368 annuntiem
1494 1312 1636 1365 vobis
1662 1325 1780 1381 qua:

179 1420 413 1463 ventura
452 1420 576 1464 sunt
601 1412 657 1463 in
690 1410 982 1463 novissimis
1012 1410 1189 1462 diebus
1224 1406 1377 1477 (Cen.
1415 1420 1559 1466 sttx,
1590 1403 1684 1469 9.);
1726 1410 1779 1455 et

177 1502 230 1555 si
270 1503 495 1557 videtur
525 1520 589 1556 ex
640 1504 727 1556 his
762 1502 944 1555 verbis
1000 1499 1173 1568 magis
1225 1498 1537 1567 allegoriam
1582 1512 1778 1549 sonare

178 1614 356 1665 quam
393 1598 685 1651 historiam
713 1596 738 1650 ?
767 1596 1074 1661 Utrumque
1110 1608 1239 1645 vero
1264 1631 1277 1655 ,
1324 1602 1377 1645 et
1414 1590 1695 1645 historiam
1727 1596 1782 1641 et

182 1691 560 1758 allegoriam:
602 1688 887 1743 historiam
947 1689 1012 1741 de
1060 1686 1332 1739 divisione
1386 1694 1544 1738 terrae
1595 1696 1780 1750 repro-

190 1778 510 1843 missionis,
541 1793 663 1845 quae
686 1775 951 1831 divisione
975 1776 1280 1829 dividendae
1302 1782 1457 1828 erant
1493 1774 1778 1841 nepotilms

185 1885 390 1923 eorum
430 1888 443 1922 :
487 1882 541 1924 et
565 1871 887 1933 allegoriam
916 1869 982 1923 de
1011 1869 1229 1922 Christo
1266 1877 1317 1920 et
1354 1867 1419 1920 de
1458 1864 1697 1918 Ecclesia
1725 1867 1775 1917 in

187 1962 521 2016 novissimis
571 1963 912 2030 temperibus
947 1960 1154 2015 futura.
1195 1959 1298 2013 Sed
1362 1956 1513 2026 prius
1541 1956 1777 2011 historia:

192 2055 559 2108 fundamenta
592 2056 840 2121 ponenda
873 2062 1022 2119 sunt,
1064 2062 1119 2105 ut
1151 2053 1333 2120 aptius
1367 2050 1641 2120 allegoriae
1659 2050 1776 2102 culv

190 2166 321 2203 tuen
347 2149 516 2217 priori
545 2158 838 2202 structura!
865 2156 1283 2215 superponatur.

270 2243 453 2297 [iuben
487 2243 867 2311 primogenitus
894 2257 1061 2303 meus,
1095 2251 1149 2293 tu
1177 2239 1436 2308 fortitudo
1460 2253 1597 2298 mea,
1628 2238 1776 2304 prin-

192 2341 395 2408 cipium
425 2338 624 2390 doloris
662 2337 761 2389 mei
797 2351 814 2388 :
844 2336 986 2405 prior
1011 2334 1063 2387 in
1103 2333 1285 2397 donis,
1323 2333 1500 2400 major
1536 2332 1772 2401 imperio.

194 2430 420 2497 Effusas
458 2447 511 2484 es
547 2430 686 2482 sicut
717 2444 892 2497 aqua:
926 2442 1023 2479 non
1048 2442 1272 2496 crescas.
1333 2426 1458 2493 quia
1495 2423 1777 2477 ascendisti

194 2525 367 2577 rubi’e
410 2524 583 2590 patris
630 2522 734 2584 tui,
782 2530 830 2574 et
877 2519 1166 2573 maculasti
1198 2528 1428 2572 stratum
1464 2520 1575 2584 ejus
1622 2514 1776 2586 (Gen.

198 2631 347 2680 sus,
372 2616 427 2678 5,
463 2616 542 2681 4).
576 2614 670 2668 Est
696 2622 873 2667 autem
902 2627 1098 2666 sensus
1128 2611 1215 2665 hic
1244 2613 1284 2666 ¹;
1315 2610 1393 2664 Ttt
1426 2627 1483 2665 es
1511 2610 1780 2679 primoge-

197 2713 352 2765 nitus
387 2725 563 2766 meus.
600 2708 772 2778 major
805 2708 855 2759 iu
889 2706 1099 2768 liberis,
1128 2715 1181 2759 et
1212 2703 1470 2766 debebas,
1500 2704 1657 2771 juxta
1692 2716 1780 2755 or-

195 2804 384 2858 dinem
422 2802 732 2857 nativitatis
760 2810 890 2865 tuae,
920 2799 1317 2860 hazreditatem,
1352 2811 1471 2865 qum
1502 2796 1781 2864 primoge-

204 2898 337 2951 uitis
378 2896 503 2964 jure
541 2891 870 2956 debebatur,
917 2890 1287 2945 Sacerdotium
1330 2888 1577 2956 accipere
1618 2897 1671 2941 et
1701 2901 1782 2940 re-

198 3007 393 3060 gnum.
425 2986 538 3041 lloc
566 2988 767 3055 quippe
791 2986 842 3038 iu
870 2983 1141 3054 portando
1169 2982 1378 3035 honore
1404 2978 1551 3050 [lege
1574 2975 1777 3048 onere]

197 3093 255 3136 et.
306 3081 607 3151 praevalido
656 3078 854 3131 robore
907 3078 1339 3130 demonstratur.
1389 3072 1589 3126 Verum
1650 3072 1778 3139 quia

198 3174 461 3245 peccasti,
496 3182 550 3227 et
589 3171 744 3240 quasi
786 3185 926 3238 aqua
961 3183 1079 3237 qua:
1128 3166 1373 3236 quolibet
1411 3163 1638 3218 vasculo
1672 3178 1778 3217 non

198 3248 439 3327 tenetur,
488 3263 785 3332 voluptatis
838 3262 1045 3315 ellusus
1101 3275 1159 3315 es
1230 3260 1459 3328 impetu,
1575 3256 1781 3311 idcirco

200 3362 465 3432 praecipio
499 3359 619 3421 tibi,
661 3365 719 3409 ut
752 3356 890 3409 ultra
940 3371 1044 3407 non
1084 3369 1302 3422 pecces,
1346 3354 1532 3423 sisque
1576 3355 1626 3408 iu
1670 3352 1781 3405 fra-

202 3465 350 3507 trum
398 3464 655 3509 numero.
704 3463 893 3517 poenas
925 3446 1134 3514 peccati
1169 3445 1351 3508 luens,
1400 3445 1543 3515 quod
1578 3444 1780 3513 primo-

200 3544 375 3613 geniti
409 3539 659 3595 ordinem
699 3538 1009 3608 perdidisti.
1045 3534 1423 3606 [Principium
1459 3544 1641 3589 autem
1686 3534 1779 3587 do-

204 3638 339 3693 loris
370 3645 454 3692 est
488 3634 667 3690 omnis
700 3632 1116 3702 primogenitus,
1146 3630 1272 3698 quia
1316 3644 1413 3695 pro
1443 3644 1507 3681 eo
1538 3641 1781 3682 commo-

1882 1126 2053 1196 patris
2105 1127 2204 1179 tui.
2257 1125 2479 1180 Catulus
2529 1126 2694 1179 leonis
2741 1126 2906 1193 Juda,
2958 1127 3027 1181 ad
3076 1129 3331 1195 prmdam,
3378 1132 3457 1197 [ili

1882 1225 1974 1288 mi,
2029 1222 2335 1283 ascendisti,
2405 1223 2733 1291 requiescens
2792 1224 3086 1277 accubuiin
3142 1234 3197 1277 ut
3252 1225 3349 1285 leo,
3407 1239 3456 1277 et

1882 1318 2035 1384 quasi
2060 1318 2251 1369 lea'na.
2294 1313 2423 1379 Quis
2457 1315 2739 1368 suscitabil
2769 1330 2883 1367 eum
2920 1316 3070 1377 (Cen.
3105 1334 3249 1382 xm,
3283 1319 3337 1382 8,
3363 1317 3458 1385 9)?

1883 1409 2020 1473 Quia
2054 1408 2191 1462 Juda
2224 1409 2484 1477 confessio
2543 1412 2658 1462 sive
2707 1409 2822 1463 laus
2858 1410 3272 1476 interpretatur,
3312 1421 3456 1464 recte

1881 1501 2140 1557 Scribitur
2162 1502 2227 1555 de
2257 1502 2415 1566 Juda,
2437 1502 2837 1570 Confitebuntur
2858 1505 2950 1556 tibi
2972 1504 3189 1572 fratres,
3218 1506 3298 1557 vel
3330 1506 3454 1558 lau-

1884 1596 2088 1646 dabunt
2138 1602 2208 1648 te.
2258 1593 2324 1646 Et
2372 1596 2495 1649 licet
2530 1598 2593 1649 dc
2632 1595 2852 1650 Christo
2896 1599 3099 1664 grande
3136 1600 3452 1667 mysterium

1882 1686 1973 1745 sit,
2018 1697 2195 1739 tamen
2227 1688 2530 1740 secundum
2576 1688 2813 1741 litteram
2851 1689 3140 1755 signiﬁcat,
3178 1691 3323 1758 quod
3360 1705 3456 1758 per

1882 1779 2050 1831 David
2084 1779 2310 1847 stirpem
2346 1789 2742 1844 getterareutur
2775 1796 2954 1849 reges,
2983 1791 3035 1833 et
3066 1786 3209 1850 quod
3249 1778 3451 1835 adora-

1884 1880 2007 1924 rent
2042 1887 2165 1925 eum
2198 1886 2391 1925 omnes
2425 1870 2622 1925 tribus.
2665 1870 2779 1924 Non
2823 1874 2965 1925 enim
3000 1873 3093 1935 ait,
3139 1873 3229 1924 lilii
3262 1873 3454 1925 matris

1886 1973 2030 2026 tum,
2082 1963 2199 2027 sed,
2255 1962 2357 2029 ﬁlii
2401 1965 2571 2031 patris
2623 1963 2720 2016 tui.
2775 1963 2838 2015 Et
2874 1966 3015 2030 quod
3056 1964 3322 2031 sequitur,
3371 1965 3451 2016 Ad

1881 2055 2143 2126 pra'dam,
2179 2054 2257 2119 ﬁli
2298 2057 2389 2118 mi,
2428 2055 2738 2119 ascendisti,
2772 2054 3005 2108 ostendit
3048 2070 3169 2107 eum
3207 2053 3452 2123 captivos

1884 2148 2118 2219 populos
2173 2161 2296 2201 esse
2354 2147 2670 2211 ducturum,
2727 2156 2780 2201 ct
2823 2147 2975 2216 juxta
3042 2147 3450 2214 intelligentiam

1883 2235 2241 2290 Sacratiorem
2305 2236 2623 2289 ascendisse
2686 2236 2739 2289 in
2798 2238 3011 2300 altum,
3067 2248 3121 2288 et
3180 2240 3450 2305 captivam

1885 2331 2105 2385 duxisse
2131 2328 2497 2397 captivitatem
2524 2328 2696 2398 (Psal.
2724 2345 2893 2393 vatt,
2923 2330 3020 2396 19;
3056 2329 3243 2396 [Ep/tes.
3276 2346 3345 2389 IV.
3373 2331 3450 2393 8).

1885 2426 2032 2490 Sive,
2071 2425 2217 2493 quod
2285 2425 2480 2477 melius
2541 2432 2708 2489 puto,
2766 2426 3053 2491 captivitas
3116 2426 3453 2493 passionem,

1882 2534 2143 2571 ascensus
2194 2518 2651 2570 resurremiouem
2740 2517 3035 2582 signiﬁcat.
3091 2518 3334 2586 Alligans
3386 2520 3456 2569 ad

1884 2612 2087 2662 vineam
2140 2609 2345 2677 pullum
2399 2625 2576 2671 suum,
2618 2619 2663 2659 et
2698 2610 2765 2660 ad
2813 2609 2967 2660 vitem
3017 2609 3226 2661 asinam
3280 2624 3452 2662 suam.

1884 2704 2035 2769 Quod
2075 2703 2328 2756 videlicet
2377 2703 2584 2772 pullum
2640 2702 2809 2754 asina:
2851 2700 3034 2769 (Joan.
3071 2717 3171 2763 κει,
3208 2702 3316 2769 Η),
3366 2701 3453 2755 cui

1883 2795 2191 2863 supersedit
2213 2793 2396 2853 Jesus,
2417 2795 2517 2847 hoc
2539 2800 2648 2861 est,
2668 2794 2950 2861 gentilium
2978 2794 3257 2860 populum,
3285 2792 3457 2846 vineae

1896 2887 2298 2956 apostolorum.
2334 2885 2427 2955 qui
2456 2903 2520 2939 cx
2544 2884 2747 2939 Judaeis
2793 2894 2943 2947 sunt,
2979 2884 3358 2951 c0pulaverit;
3403 2894 3457 2938 et

1884 2984 1950 3035 ad
1988 2980 2178 3042 vitem,
2237 2979 2370 3039 sive,
2407 2988 2466 3031 ut
2497 2978 2549 3031 in
2599 2973 2825 3031 Hebrrco
2858 2978 3113 3039 habetur,
3141 2975 3369 3035 Sorech.
3403 2976 3453 3029 id

1883 3082 1988 3135 est,
2036 3072 2261 3125 electam
2298 3071 2476 3133 vitem,
2524 3068 2828 3137 alligaverit
2868 3067 3102 3129 asinarr,
3139 3067 3223 3120 cui
3266 3081 3456 3135 super-

1884 3166 2029 3219 sedit
2078 3163 2324 3218 Ecclesia
2360 3178 2423 3216 ex
2451 3162 2767 3215 natiOuihus
2795 3169 3146 3228 congregata.
3180 3160 3332 3224 Quod
3359 3174 3455 3211 au-

1883 3266 1989 3311 tem
2018 3257 2172 3319 dicit,
2207 3253 2316 3307 Fili
2375 3255 2467 3314 mi,
2529 3253 2945 3306 conversionem
2985 3250 3048 3302 ad
3080 3249 3357 3303 Christum
3389 3248 3456 3303 de

1885 3353 2002 3419 ipso
2042 3349 2184 3404 Juda
2242 3347 2433 3410 iacit”,
2470 3362 2534 3399 eo
2582 3346 2727 3413 quod
2781 3343 3034 3398 Christus
3085 3344 3154 3397 sit
3199 3343 3452 3395 universa

1884 3446 2153 3499 facturus.
2221 3439 2413 3512 [Quod
2472 3448 2653 3492 autem
2703 3437 2924 3499 dicitur,
2991 3436 3112 3488 Non
3180 3435 3453 3502 auferetur

1882 3548 2141 3605 sceptrum
2177 3534 2239 3586 de
2289 3532 2455 3593 Juda,
2490 3541 2539 3584 et
2570 3533 2678 3582 dua:
2706 3530 2769 3581 de
2799 3529 3084 3598 femoribus
3118 3529 3251 3594 ejus,
3289 3527 3455 3579 donec

1883 3631 2058 3684 veniat
2093 3627 2185 3680 ille
2214 3625 2303 3693 qui
2334 3623 2622 3675 mittendus
2674 3630 2749 3673 est
2776 3637 2792 3683 ;
2829 3626 2878 3671 et
2910 3619 3021 3684 ipse
3053 3618 3149 3669 erit
3179 3626 3451 3683 exspecta-

204 3744 404 3788 vcntur
430 3731 641 3784 viscera
666 3734 956 3796 parentum
984 3722 1065 3793 ’.]
1095 3722 1307 3776 Simeon
1330 3734 1376 3775 et
1410 3720 1534 3775 Levi
1556 3722 1773 3790 fratres,
1805 3704 1851 3764 C
1886 3726 1956 3777 ιῖο
2004 3723 2239 3791 genuum
2276 3717 2431 3787 (σεη,
2479 3731 2627 3775 nix,
2681 3713 2792 3779 ιο),
2838 3711 3109 3780 signiﬁcat
3159 3710 3300 3774 quod
3345 3722 3449 3759 non

207 3842 334 3879 rasa
386 3823 685 3891 iniquitatis
741 3818 989 3872 bellantia
1020 3832 1037 3868 :
1073 3816 1124 3867 in
1156 3814 1433 3867 consilium
1464 3830 1642 3867 eorum
1674 3829 1775 3865 non

206 3920 377 3971 veniat
410 3917 595 3968 anima
631 3928 766 3973 mea,
802 3919 849 3962 et
882 3910 933 3960 in
966 3918 1101 3960 coetu
1134 3907 1346 3959 illorum
1380 3922 1480 3957 non
1507 3908 1575 3958 sit
1608 3905 1775 3973 gloria

211 4027 323 4062 una
372 4025 389 4060 :
428 4007 553 4075 quia
599 4020 653 4056 in
687 4004 867 4064 furore
915 4016 1007 4053 suo
1057 3999 1353 4052 occiderunt
1388 3998 1579 4059 rirum,
1646 4005 1692 4047 et
1728 3998 1779 4047 in

210 4106 482 4155 voluntate
519 4114 615 4150 sua
650 4095 978 4163 su/Iodernnl
1023 4107 1249 4143 murum.
1285 4088 1597 4142 Male'lictus
1629 4086 1781 4154 furor

212 4211 418 4258 eorum,
474 4192 601 4259 quia
650 4189 933 4256 pertinax;
979 4194 1026 4238 et
1066 4184 1362 4251 indignatio
1408 4197 1611 4241 eorum,
1658 4180 1782 4247 quia

212 4290 370 4342 dura.
425 4282 668 4336 Dividam
715 4295 800 4333 eos
833 4279 885 4330 in
916 4275 1105 4337 Jacob,
1138 4285 1188 4326 et
1221 4274 1525 4343 dispergam
1569 4270 1687 4325 illos
1726 4272 1780 4323 in

217 4377 389 4433 Israel
429 4374 585 4446 (Gen.
640 4387 788 4435 xux,
839 4371 914 4437 5).
972 4366 1260 4438 Signiﬁcat
1306 4374 1486 4419 autem
1541 4380 1647 4418 non
1699 4362 1782 4417 sui

213 4471 428 4527 consilii
486 4467 681 4530 fuisse,
731 4462 873 4530 quod
914 4460 1133 4515 Siehem
1183 4469 1237 4512 et
1273 4459 1438 4512 Emor
1491 4456 1785 4513 fcederatos

217 4566 363 4617 viros
400 4558 815 4618 interfererunt,
850 4562 904 4608 et
937 4562 1129 4607 contra
1168 4550 1250 4605 fas
1300 4551 1352 4604 in
1386 4549 1537 4618 pacis
1567 4556 1619 4603 et
1650 4550 1785 4602 ami-

216 4658 473 4711 eitiarmn
502 4662 745 4718 tempore
775 4647 1095 4713 sanguinem
1126 4642 1387 4697 fuderunt
1416 4641 1782 4705 innocentem,

216 4762 269 4806 et
308 4748 463 4816 quasi
511 4746 747 4813 quodam
800 4740 1007 4802 furore,
1063 4738 1145 4792 sic
1187 4735 1514 4789 crudelitate
1560 4736 1781 4805 raptati,

218 4856 405 4896 usuros
458 4837 686 4905 hospita:
731 4832 880 4887 ttrhis
930 4837 1244 4885 everterunt
1292 4827 1444 4895 (Gen.
1498 4843 1682 4892 xxxiv,
1715 4828 1787 4881 23

216 4936 384 5003 seqq).
436 4928 587 4986 Unde
633 4928 814 4982 dicit:
853 4924 1168 4978 illa/edictus
1221 4921 1373 4991 furor
1402 4938 1604 4985 eorum,
1659 4923 1784 4989 grtia

218 5030 491 5095 pertinax,
525 5031 579 5075 et
629 5021 860 5088 reliqua.
899 5017 965 5070 Et
997 5016 1298 5084 dispergam
1335 5014 1456 5067 illos
1489 5014 1542 5066 in
1589 5010 1783 5066 Israel.

220 5119 347 5175 Levi
381 5118 529 5172 enim
565 5112 931 5167 hmreditatem
969 5109 1243 5179 propriam
1282 5122 1386 5160 non
1422 5105 1653 5174 accepit,
1687 5106 1781 5159 sed

223 5215 275 5267 in
315 5209 568 5265 omnibus
595 5205 824 5273 sceptris
853 5217 1053 5271 paucas
1083 5199 1247 5253 urbes
1272 5200 1337 5251 ad
1372 5196 1782 5261 inhabitandum

224 5302 435 5357 habuit.
468 5298 542 5352 De
570 5297 822 5349 Simeoue
851 5309 979 5346 vero
1016 5292 1069 5345 iu
1102 5287 1379 5344 lihroJcsu
1412 5288 1672 5356 scriptum
1708 5295 1791 5339 est

225 5394 404 5461 (ἔσθητε
438 5406 550 5455 six,
584 5389 637 5454 1,
666 5389 745 5455 2),
777 5386 918 5454 quod
950 5394 1002 5438 et
1029 5384 1144 5452 ipse
1176 5380 1453 5450 proprium
1486 5377 1786 5434 funiculum

226 5506 329 5543 non
360 5483 658 5553 acceperit.
710 5479 804 5535 sed
833 5478 897 5531 de
930 5475 1073 5530 tribu
1107 5473 1244 5527 Juda
1272 5471 1533 5541 quiddam
1560 5484 1789 5536 accepe-

227 5585 293 5635 rit
325 5598 340 5635 :
377 5578 543 5640 Iuda,
586 5584 634 5629 te
661 5570 952 5627 laudabunt
987 5569 1179 5636 fratres
1229 5566 1329 5626 tui,
1365 5581 1546 5617 manus
1595 5572 1696 5615 tua:
1733 5562 1783 5613 in

299 5694 315 5722 ¹
360 5691 432 5743 Ex
469 5688 819 5744 llierouvtuo,
847 5682 942 5735 lib.
978 5679 1177 5745 Qua'st.
1207 5678 1253 5729 ir
1285 5675 1469 5731 Cenes.

299 5767 315 5794 ’
355 5762 474 5813 llmc
510 5744 721 5812 uncinis
755 5754 959 5807 int-lusa
1004 5744 1108 5801 nou
1144 5759 1268 5802 sunt
1307 5744 1633 5809 lliernuvmi.

303 5834 315 5857 ³
357 5832 575 5884 Ηιιδιόιι.
629 5839 678 5883 ει
718 5844 821 5880 tua.
867 5820 1081 5877 Corbei.
1121 5820 1461 5885 apostrophen
1501 5818 1568 5865 ml
1619 5831 1782 5878 tuum

1882 3816 2178 3870 deﬁcerent
2209 3809 2569 3881 priueipesdc
2601 3806 2741 3859 tribu
2776 3803 2914 3857 .luda
2939 3817 3109 3867 usque
3127 3802 3191 3853 ad
3215 3808 3447 3862 tempus,

1881 3923 1991 3979 quo
2023 3917 2182 3960 natus
2199 3915 2282 3958 est
2306 3901 2575 3963 Christus,
2596 3897 2685 3963 qtti
2706 3896 2907 3949 missus
2925 3908 2952 3946 a
2986 3892 3141 3945 Patre
3171 3899 3452 3955 cxspecta~

1884 3997 1957 4049 tio
1987 4004 2066 4048 est
2092 3987 2412 4061 getttittttt".]
2433 3987 2669 4040 Zabulon
2700 3986 2751 4037 in
2772 3983 2948 4035 littore
2984 3982 3143 4033 maris
3175 3979 3449 4040 habitabit,

1884 4097 1932 4141 et
1965 4090 2015 4138 in
2048 4087 2273 4137 statione
2306 4080 2539 4141 narium,
2566 4077 2859 4144 pertingens
2888 4089 3046 4141 usque
3077 4071 3144 4123 ad
3178 4069 3448 4124 Sidonem.

1890 4178 2117 4232 Isacliar
2148 4176 2331 4229 asinus
2368 4173 2546 4239 fortis,
2578 4168 2838 4221 accubans
2870 4168 3004 4217 inter
3030 4162 3453 4225 lerminosﬁvidit

1888 4271 2116 4340 requiem
2162 4266 2302 4334 quod
2337 4273 2473 4319 esset
2507 4264 2662 4322 bona,
2699 4270 2746 4312 et
2789 4268 2979 4311 terram
3019 4256 3156 4324 quod
3206 4256 3402 4323 optima
3434 4269 3450 4307 :

1886 4376 1933 4421 et
1966 4360 2239 4431 supposuit
2270 4362 2542 4411 humerum
2575 4370 2729 4407 suqu
2756 4352 2824 4404 ad
2864 4350 3203 4421 portandum,
3247 4350 3450 4416 factus-

1888 4475 1985 4527 que
2016 4465 2090 4509 est
2136 4451 2346 4507 tributis
2387 4449 2617 4502 serviens
2651 4444 2804 4515 (Gen.
2858 4460 3000 4507 xux,
3042 4442 3248 4506 15-15).
3315 4441 3449 4505 Quia

1889 4564 2050 4618 supra
2084 4544 2329 4600 Zahulon
2380 4542 2611 4602 dixerat,
2650 4539 2792 4606 quod
2844 4537 3012 4589 maris
3048 4534 3224 4603 Magni
3268 4532 3449 4587 littora

1889 4651 2039 4696 esset
2099 4648 2482 4705 possessor-us,
2544 4630 2801 4684 Sidouem
2856 4641 3072 4695 quoque
3122 4636 3174 4679 et
3214 4624 3453 4693 reliquas

1890 4732 2175 4789 Phreuices
2207 4728 2368 4781 urbes
2424 4723 2782 4791 contingeret,
2843 4734 2986 4773 nunc
3022 4719 3086 4772 ad
3137 4718 3451 4773 mediterra-

1890 4839 2046 4881 ﬂeam
2112 4817 2456 4891 provinciam
2518 4814 2678 4872 redit,
2734 4824 2787 4867 et
2849 4810 3098 4875 lsarhar,
3164 4810 3254 4879 qui
3299 4808 3450 4876 juxta

1892 4912 2236 4985 Nephthalim
2302 4906 2725 4977 pulcherrimam
2778 4902 2830 4957 iu
2893 4901 3113 4955 Calilaaa
3172 4900 3451 4971 regionem

1891 5021 2245 5080 posscssurus
2262 5010 2363 5069 est,
2388 4998 2767 5053 benedictione
2789 5010 2887 5049 sua
2912 4994 3273 5047 habitatorem
3302 4992 3449 5047 facit.

1892 5103 2118 5158 Asinum
2156 5105 2336 5150 autem
2370 5107 2589 5148 osseum
2624 5091 2707 5143 vel
2742 5092 2933 5141 lorteut
2972 5096 3147 5152 vocat,
3182 5098 3234 5140 et
3265 5087 3453 5140 hume-

1893 5213 2011 5252 rum
2047 5194 2176 5247 dicit
2225 5187 2579 5258 supposuisse
2610 5184 2674 5236 ad
2708 5180 3070 5251 portandum;
3123 5181 3249 5248 quia
3288 5180 3339 5232 in
3372 5180 3451 5233 la-

1892 5290 2024 5345 bore
2077 5298 2235 5340 terra:
2280 5290 2336 5336 et
2383 5277 2642 5333 vehendis
2696 5275 2762 5329 ad
2814 5288 2985 5336 mare,
3016 5288 3135 5341 qua:
3169 5275 3219 5326 in
3255 5273 3451 5325 ﬁnibus

1894 5382 2008 5438 suis
2064 5378 2466 5437 nascebantur,
2523 5370 2815 5440 plurimum
2881 5368 3172 5432 laboraret,
3236 5367 3452 5434 regibus

1894 5487 2111 5542 quoque
2174 5469 2379 5523 tributa
2440 5472 2812 5533 comportaus.
2870 5460 3033 5513 Aiunt
3087 5457 3297 5514 Hebrzei
3358 5473 3454 5525 per

1896 5564 2267 5633 metaphoram
2322 5556 2645 5628 signiﬁcari,
2696 5552 2841 5622 quod
2874 5550 3186 5621 Scripturas
3236 5558 3454 5605 sanctas

1893 5676 2087 5729 Judatn
2117 5673 2262 5739 facit.

1970 5748 1983 5774 "
2018 5733 2130 5797 Non
2165 5750 2291 5795 sunt
2323 5741 2432 5794 hinc
2472 5733 2807 5805 llict‘uuvmi.
