2102 3624
352 206 419 239 1371

1040 200 1245 232 APPENDIX.

1910 196 1979 230 i372

353 272 387 295 ue
404 266 449 293 die
473 273 504 292 ac
527 269 606 292 nocte.
630 264 766 292 meditans
799 264 921 291 studium
938 269 1019 291 suum
1038 259 1144 289 dederit
1161 259 1182 287 Α
1201 260 1300 288 \‘erutn
1323 266 1418 287 arcum
1437 263 1515 286 tuum
1532 262 1559 286 et
1573 264 1649 285 arnta
1661 256 1799 292 pugnandi
1818 256 1937 291 posuisti
1959 257 1985 282 in

354 313 388 340 ad
419 310 594 339 laborandum
615 319 621 336 :
643 315 669 336 et
690 310 795 337 idcirco
824 310 848 336 ci
879 315 976 336 omnes
1005 307 1140 340 serviunt,

355 359 434 393 quasi
447 357 579 392 magistro
591 357 661 383 dona
674 360 824 390 portantes.
842 355 898 382 Dan
909 354 1046 389 judicabit
1060 362 1143 388 popu-

357 406 410 432 lum
430 413 518 437 suum,
534 404 601 430 sicut
616 408 638 430 et
656 403 712 429 alia
734 403 817 429 tribus
840 403 867 428 in
887 401 988 429 Israel.
1007 401 1067 428 Fiat
1084 400 1142 427 Dan

356 452 463 479 coluber
477 452 502 478 in
521 452 573 482 via,
589 453 704 476 cerastes
720 451 747 476 in
768 449 873 480 semita,
893 449 1016 475 mordens
1030 448 1142 482 ungulas

355 498 427 533 equi,
447 502 475 524 ut
493 498 572 523 cadat
590 504 714 523 ascenwr
732 496 790 530 ejus
817 500 898 522 retro.
920 494 1044 521 Salutare
1069 498 1142 520 tuum

356 543 521 579 exspectabo,
539 543 648 571 Domine
657 542 738 577 (Ibid.
758 542 862 574 16-18).
877 542 991 569 Samson
1016 540 1098 575 judex
1116 540 1142 567 itt

357 591 439 618 lsrael
451 591 484 618 de
497 591 567 618 tribu
584 591 640 617 Dan
658 590 709 617 fuit
723 589 799 625 (Iud.
815 590 874 621 nit,
889 588 928 618 Ξ).
943 587 1001 615 lloc
1016 595 1080 623 ergo
1104 588 1145 614 di-

356 638 403 666 cit:
416 638 493 666 Nunc
503 639 595 665 videns
608 638 634 664 in
645 637 740 673 spiritu
753 644 857 664 comant
869 635 973 664 nutrire
984 635 1144 662 Samsonem

359 685 517 712 Nazarmum
546 690 635 716 tuum,
656 685 792 718 caesisque
820 683 947 711 hostibus
976 681 1146 717 triumphare

359 731 459 767 (.Iudic.
486 739 541 761 xvt,
570 730 629 764 29),
658 730 730 765 quod
757 730 784 756 in
805 729 1013 757 similitudinem
1041 728 1146 756 colubri

360 779 502 812 regulique
524 777 653 804 obsidens
669 776 728 804 vias
745 777 849 804 nullum
881 783 928 809 per
943 780 1044 803 terram
1062 775 1146 802 lsrael

360 823 476 851 transire
501 823 665 858 permittat:
683 821 730 849 sed
747 822 828 848 etiam
843 821 865 848 si
883 820 945 855 quis
971 819 1144 851 temerarius,

361 871 462 897 virtute
482 878 531 897 sua
558 870 637 904 quasi
661 869 806 899 velocitate
833 868 897 902 equi
927 867 1059 898 conlisus,
1086 872 1144 892 eam

361 918 477 944 voluerit
488 917 625 952 praedonis
638 922 713 942 more
725 914 865 950 populari,
879 921 932 942 non
942 913 1062 948 eﬂ‘ugere
1074 911 1146 938 vale-

360 963 410 990 bit.
435 962 535 989 Totum
561 966 653 989 autem
671 969 718 995 per
745 960 932 997 metaphoram
956 957 1093 993 serpentis
1119 963 1147 985 et

361 1009 463 1043 equitis
475 1008 605 1043 loquitur.
621 1007 722 1034 Videtis
733 1013 797 1040 ergo
808 1009 863 1032 tam
876 1004 974 1032 fortem
988 1004 1147 1031 Nazarmum

362 1060 449 1088 tuttm,
464 1054 537 1089 qttod
554 1055 613 1089 ipse
634 1059 742 1088 propter
758 1051 931 1079 meretricem
953 1055 1080 1078 mortuus
1097 1054 1148 1083 est,

361 1106 387 1127 et
402 1101 521 1128 moriens
535 1106 642 1127 nostros
652 1099 753 1126 occidit
766 1098 905 1129 inimicos,
921 1096 1024 1131 putavi.
1035 1103 1052 1123 ο
1066 1095 1150 1128 Deus,

363 1148 452 1179 ipsum
471 1155 533 1174 esse
558 1146 697 1173 Christum
712 1144 810 1171 Filium
839 1148 941 1170 tttttm:
965 1149 1058 1169 verum
1085 1142 1149 1176 quia

362 1201 487 1221 tttorluus
504 1199 556 1226 est,
577 1197 604 1219 et
625 1200 678 1219 ttou
705 1191 909 1223 resttrrcxit,'et
926 1198 1035 1217 rursum
1053 1190 1150 1216 ductus

363 1240 494 1267 estlsrael
505 1238 737 1273 iucaptivitatcm,
748 1237 818 1264 alius
831 1236 897 1263 ntibi
909 1235 1034 1262 Salvator
1057 1235 1151 1263 tnundi

363 1293 391 1313 et
409 1287 459 1313 mei
477 1286 584 1320 generis
601 1284 804 1319 prmstolandus
820 1287 872 1315 est,
891 1287 921 1309 ut
935 1281 1025 1309 veniat
1049 1282 1091 1309 cui
1110 1289 1152 1309 re-

365 1333 482 1367 positum
507 1335 560 1362 est.
586 1335 613 1357 et
641 1330 697 1370 ipse
727 1329 902 1364 exspectatio
933 1327 1066 1363 gentium.
1093 1326 1152 1354 Gad

365 1378 499 1404 accinctus
525 1377 691 1411 prwliabitnr
709 1380 769 1402 ante
789 1383 859 1407 eunt,
880 1379 904 1401 et
924 1375 979 1409 ipse
1000 1375 1154 1408 accingetur

367 1429 511 1450 retrorsum
536 1422 612 1457 (Cen.
640 1430 715 1452 χιιι,
740 1421 794 1455 l9).
815 1420 968 1455 Signiﬁcat,
994 1420 1066 1453 quod
1083 1419 1153 1451 Gad.

368 1468 463 1496 Ruben
496 1472 522 1495 ct
538 1467 650 1495 dimidia
680 1467 769 1505 tribus
794 1465 919 1492 Manasse
935 1465 969 1492 ad
985 1465 1067 1496 filios,
1085 1472 1154 1499 quos

368 1521 442 1543 trans
467 1514 614 1541 Jordauem
639 1515 666 1540 in
681 1507 894 1547 possessionem
922 1512 1073 1543 dimiserat,
1093 1514 1155 1544 post

368 1560 575 1595 quatuordecim
592 1566 678 1586 annos
695 1562 849 1590 rcvertetts,
871 1557 995 1591 praelium
1021 1557 1154 1583 adversus

1197 308 1250 335 Deo
1281 316 1286 333 :
1318 306 1365 340 qui
1398 305 1477 333 fortis
1502 310 1543 332 est
1571 309 1730 339 pugnator:
1751 310 1777 331 et
1793 303 1905 330 vincula
1930 308 1984 334 tua,

1196 353 1297 388 quibus
1322 357 1347 380 te
1372 352 1471 380 fratres
1492 352 1657 387 ligaverunt,
1677 351 1710 377 ab
1726 350 1787 385 ipso
1805 349 1896 377 soluta
1923 354 1985 377 suttt

1195 406 1222 428 ct
1237 401 1375 435 disrupta,
1392 405 1420 427 ut
1433 408 1465 427 ex
1479 404 1525 427 tuo
1542 399 1646 426 semine
1662 398 1750 431 tribus
1764 401 1898 424 nascatur
1918 395 1987 430 Eph-

1195 448 1263 475 raint
1283 448 1361 475 fortis
1376 452 1402 475 et
1413 446 1531 478 stabilis,
1554 451 1581 473 et
1595 446 1682 473 instar
1697 444 1795 479 lapidis
1806 443 1932 471 durioris
1951 444 1986 469 in—

1196 496 1280 527 victa,
1309 495 1451 529 imperans
1481 500 1591 528 quoque
1618 493 1710 519 decem
1740 491 1866 518 tribubus
1892 490 1985 517 lsrael.

1201 541 1351 576 Beujamin,
1373 539 1451 574 lupus
1468 547 1564 571 rapax.
1579 547 1657 565 ntaue
1669 539 1786 564 comedet
1810 537 1944 571 prtedam,
1965 542 1987 562 ct

1195 596 1304 622 vespere
1329 588 1424 614 diuidet
1454 585 1539 622 spolia
1569 586 1644 618 (Ceu.
1670 593 1743 617 $th,
1761 584 1818 619 Ξῖ).
1841 584 1933 617 Quam
1955 583 1987 610 de

1197 634 1321 668 apostolo
1334 633 1420 660 Paulo
1435 639 1496 667 quae
1509 632 1580 659 dicta
1597 637 1662 659 sunt
1675 632 1747 666 (Act.
1765 637 1826 662 vnt,
1841 629 1874 662 3;
1891 628 1952 656 Cal.
1969 637 1986 661 t,

1199 680 1258 715 l3),
1274 679 1500 707 manifestissima
1521 679 1557 706 sit
1574 678 1727 713 prophetia,
1749 678 1877 704 omnibus
1903 681 1986 709 patet,

1197 728 1269 763 quod
1293 727 1320 753 in
1339 726 1525 754 adolescentia
1548 729 1710 759 persecutus
1727 724 1763 751 sit
1780 723 1945 754 Ecclesium,
1961 723 1985 748 in

1197 778 1342 802 senectute
1359 772 1521 808 praedicator
1548 770 1686 806 Evangelii
1703 770 1795 798 fuerit.
1815 769 1924 796 Hebraei
1942 777 1988 795 au-

1198 825 1252 848 tem
1279 820 1315 847 ita
1340 819 1496 846 dixerunt:
1516 817 1609 844 Altare
1636 817 1663 844 in
1691 823 1746 850 quo
1769 815 1987 842 immolabantur

1199 866 1295 895 hostire
1321 871 1348 893 et
1374 865 1548 892 victimarum
1582 864 1693 899 sanguis
1717 863 1750 890 ad
1794 862 1881 889 basim
1916 862 1988 889 illius

1161 931 1185 961 Β
1200 913 1377 945 fundebatur,
1404 911 1430 939 in
1449 915 1524 946 parte
1548 911 1637 938 tribus
1661 911 1803 945 Benjamin
1831 909 1900 942 fuit;
1927 910 1987 940 hoc.

1200 960 1350 994 inquiunt,
1381 958 1516 993 signiticet
1544 958 1617 992 quod
1653 957 1811 985 sacerdotes
1845 957 1991 983 iuuuolant

1201 1013 1281 1032 mane
1309 1004 1426 1038 hostias,
1443 1004 1477 1031 ad
1494 1010 1635 1038 vesperam
1650 1003 1777 1030 dividunt
1789 1010 1832 1034 ea,
1849 1010 1912 1036 qute
1938 1002 1990 1029 sibi

1201 1058 1233 1078 ex
1248 1050 1319 1085 Lege
1332 1049 1432 1078 collata
1447 1054 1521 1082 sunt,
1540 1050 1636 1084 lupum
1658 1049 1879 1083 sanguinarium,
1899 1048 1991 1083 lupum

1201 1104 1328 1124 voracem
1346 1104 1429 1131 super
1449 1096 1543 1123 altaris
1556 1096 1783 1130 interpretatione
1800 1100 1948 1130 ponentes.
1967 1100 1992 1121 et

1203 1144 1355 1179 spoliorum
1372 1143 1522 1170 divisorem
1549 1150 1632 1178 super
1647 1142 1852 1174 sacerdotibus,
1875 1143 1921 1177 qui
1938 1150 1993 1169 ser-

1204 1193 1311 1220 vientes
1332 1191 1425 1224 altari,
1442 1191 1539 1218 vivunt
1559 1190 1592 1218 de
1608 1190 1700 1217 altari.
1720 1189 1783 1217 Hac
1796 1193 1889 1216 autem
1907 1188 1992 1215 histo-

1204 1240 1261 1267 rice
1275 1240 1297 1266 ί.

1241 1285 1409 1320 Spiritaliter
1420 1289 1511 1311 autem
1524 1283 1551 1311 in
1563 1283 1658 1310 Ruben
1673 1282 1772 1318 prioris
1784 1281 1879 1317 populi
1891 1281 1995 1309 Judae-

1205 1341 1265 1360 rutn
1282 1332 1402 1360 ostendit
1417 1339 1476 1359 esse
1492 1337 1648 1366 personant.
1666 1330 1709 1357 cui
1720 1337 1734 1357 a
1748 1330 1866 1357 Domino
1883 1329 1991 1358 dicitur.

1204 1378 1292 1406 Israel
1315 1378 1506 1413 primogenita:
1532 1385 1606 1404 meus
1623 1376 1723 1411 (Exod.
1745 1384 1783 1409 tv,
1802 1376 1874 1408 2'2);
1898 1374 1995 1402 etenim

1204 1425 1282 1460 juxta
1308 1425 1380 1459 quod
1408 1423 1591 1458 primogettito
1620 1423 1784 1454 debebatur,
1817 1423 1908 1456 ipsius
1940 1426 1996 1448 erat

1206 1471 1330 1505 accipere
1346 1469 1528 1497 sacerdotium
1546 1474 1572 1496 et
1584 1476 1710 1503 regnum.
1728 1467 1856 1500 Additur,
1871 1471 1901 1493 tu
1917 1468 1996 1493 virtu

1206 1524 1264 1543 mea
1280 1514 1378 1551 (Ibid.)
1398 1514 1498 1548 Utique
1513 1514 1583 1548 quod
1598 1522 1631 1541 ex
1648 1515 1706 1548 ipso
1721 1513 1822 1548 populo
1837 1512 1997 1540 fundamen-

1209 1558 1266 1589 tum
1295 1561 1367 1594 fidei,
1395 1568 1426 1588 ex
1455 1561 1514 1595 ipso
1535 1560 1624 1588 virtus
1651 1560 1709 1590 Dei,
1736 1560 1781 1594 qui
1804 1564 1847 1586 est
1872 1559 1997 1586 Christus

367 1616 414 1634 eos
431 1607 550 1641 gentium
578 1606 729 1632 vicinarum
749 1605 853 1639 grande.
871 1603 1014 1638 repererit,
1031 1608 1058 1630 et
1075 1603 1148 1630 victis

1206 1608 1227 1641 (l
1253 1607 1316 1635 Car.
1341 1615 1360 1639 ι,
1383 1607 1430 1642 Ἡ)
1458 1607 1580 1634 advenit.
1609 1608 1753 1640 Quomodo
1773 1611 1864 1633 autent
1891 1608 1949 1640 Ipse
1966 1605 1998 1632 sit

369 1654 493 1680 hostibus
522 1653 629 1679 fortiter
656 1650 837 1678 dimicaverit.
865 1649 935 1684 Lege
961 1648 1055 1676 Jesum
1079 1647 1153 1675 Nave

368 1699 457 1730 (Iosue
485 1706 542 1730 ιιιιι1
563 1698 588 1731 7)
608 1702 635 1723 et
650 1695 876 1730 Paralipomenon
900 1694 919 1729 (I
934 1693 1028 1721 Paral.
1045 1701 1072 1723 ν.
1096 1693 1153 1729 18).

369 1744 531 1779 Neptltaliut,
550 1750 640 1769 ceruus
656 1742 779 1772 entissus,
793 1740 860 1766 dans
883 1739 989 1773 eloquia
1004 1738 1153 1773 pulchritu-

368 1792 456 1822 dinis;
470 1790 526 1816 sive
538 1788 709 1822 Neplulmlim
720 1796 783 1822 agcr
795 1787 912 1822 irrigans
923 1785 1000 1821 (Gen.
1013 1792 1084 1816 χιιι,
1096 1784 1153 1818 21).

372 1836 523 1869 Utrumque
548 1834 683 1867 significat
701 1832 842 1859 Hebraeum
870 1831 994 1864 verbum,
1015 1838 1094 1858 AtALa
1111 1839 1154 1858 stt-

371 1890 438 1909 ιυιιλ
466 1881 491 1915 (I
521 1880 615 1907 Parul.
640 1888 666 1912 v,
703 1879 760 1913 18).
786 1877 929 1913 Significat
958 1880 1058 1909 autem,
1082 1877 1156 1911 quod

371 1935 447 1961 aquze
463 1927 557 1954 calida:
574 1926 631 1960 ipsa
649 1929 795 1951 nascantur
814 1924 897 1955 tribu,
913 1923 971 1950 sive
985 1922 1057 1957 quod
1073 1930 1156 1956 super

374 1975 460 2000 locum
479 1972 601 2000 Genesar
620 1971 722 1998 fluento
744 1969 871 1997 Iordanis
886 1974 959 1996 esset
974 1969 1076 2002 irrigua
1101 1969 1155 2005 [AL

372 2018 522 2054 irriguos].
549 2017 653 2044 Hebraei
672 2021 763 2043 atttem
780 2016 876 2043 volunt
894 2019 1005 2049 propter
1027 2014 1156 2042 Tiberia-

373 2066 446 2098 dem,
463 2072 522 2100 qute
538 2064 617 2098 chis
634 2063 778 2090 videbatur
792 2062 893 2089 habere
908 2062 1043 2094 notitiam,
1062 2069 1157 2096 agrum

373 2112 507 2147 irriguum
534 2116 560 2137 et
573 2110 678 2143 eloquia
692 2108 902 2143 pulchritudinis
915 2107 1082 2141 propltetari.
1095 2107 1159 2134 Cer-

375 2166 424 2184 vus
442 2162 532 2184 autent
553 2156 671 2183 cntissus
693 2159 885 2188 temporaucas
901 2153 994 2188 fruges
1015 2157 1041 2179 et
1056 2153 1159 2180 veloci-

376 2210 457 2231 tatem
480 2208 560 2230 terra:
581 2202 716 2229 uberioris
734 2200 862 2227 ostendit.
884 2198 937 2225 Sed
961 2199 1068 2231 melius,
1086 2199 1109 2225 si
1127 2199 1159 2225 ad

375 2251 529 2278 doctrinam
556 2248 707 2275 Salvatoris
736 2251 834 2273 cuncta
852 2245 1015 2277 referamus,
1035 2246 1105 2280 quod
1125 2245 1161 2272 ibi

378 2297 418 2323 vel
449 2296 568 2322 maxime
596 2293 720 2321 docuerit
747 2292 882 2323 Salvator,
915 2296 944 2318 ttt
964 2292 990 2318 itt
1016 2291 1163 2324 Evangelia

379 2343 488 2378 gluttu.
506 2351 542 2374 tv,
563 2341 606 2375 l5)
631 2347 739 2375 qunque
761 2339 891 2373 scriptum
916 2341 969 2364 cst.
993 2337 1077 2364 Filius
1094 2345 1166 2364 utens

378 2390 471 2423 Jaacplt
488 2396 648 2418 accrescens.
660 2386 731 2421 ﬁlius
757 2393 829 2411 meas
845 2392 996 2411 accrescens
1013 2388 1037 2410 et
1052 2383 1164 2410 decorus

379 2442 483 2470 aspectu
495 2444 503 2467 ;
516 2436 579 2470 [ilice
590 2434 762 2461 decurrerunt
775 2440 853 2466 super
863 2439 985 2463 murum;
1000 2432 1044 2458 sed
1055 2439 1166 2466 exaspe-

381 2487 504 2510 rat'eruttt
520 2490 589 2513 eum,
602 2485 625 2507 et
637 2479 740 2514 jurgati
756 2484 827 2511 sunt,
843 2479 1045 2513 inviderunlque
1060 2478 1101 2504 illi
1115 2478 1164 2504 Ita-

381 2531 468 2555 bentes
485 2527 588 2561 jncnla.
608 2525 680 2552 Sedit
698 2526 725 2551 in
740 2525 805 2558 [orti
823 2533 898 2551 arcus
914 2525 982 2559 ejus,
996 2529 1021 2550 et
1035 2524 1166 2550 dissoluta

383 2580 443 2602 sunt
457 2573 561 2600 vincula
579 2572 745 2598 brachiorum
761 2576 784 2598 et
798 2579 925 2597 manuum
941 2571 998 2605 ejus
1014 2579 1060 2604 per
1074 2577 1166 2597 manus

383 2621 495 2655 potentis
510 2618 602 2646 Jacob.
616 2617 683 2644 Inde
696 2622 786 2649 pastor
803 2625 923 2651 egressus
935 2623 971 2643 est
987 2617 1054 2650 lapis
1070 2616 1166 2643 Israel.

386 2666 462 2701 (Gen.
478 2674 552 2696 ius,
569 2665 677 2697 ἓξὲξ-24.)
692 2663 713 2690 Ο
744 2663 779 2689 fili
796 2662 908 2697 Josepb,
924 2663 969 2697 qtti
987 2668 1040 2689 tant
1056 2663 1169 2697 pulcher

386 2721 427 2744 es,
455 2717 485 2739 ut
512 2717 536 2739 te
557 2716 610 2738 tota
637 2711 669 2737 de
691 2710 777 2736 muris
799 2714 826 2736 ct
849 2709 970 2736 turribtts
987 2716 1018 2736 ac
1045 2709 1169 2736 fenestris

388 2760 541 2795 puellarum
569 2757 678 2792 [Egypti
710 2756 789 2783 turba
815 2760 981 2790 prospectet,
1012 2755 1171 2783 inviderunt

390 2806 450 2838 tibi,
467 2805 533 2832 etad
552 2804 722 2831 iracundiam
734 2808 759 2830 te
775 2806 991 2837 provocaverunt
1005 2801 1102 2829 fratres
1120 2802 1169 2834 tui,

390 2852 520 2880 habentes
536 2850 628 2879 livoris
651 2850 774 2885 sagittas,
794 2853 820 2876 et
837 2848 885 2876 zcli
903 2848 1002 2883 iaculis
1022 2849 1170 2876 vulnerati.

428 2944 436 2960 ⁸
453 2945 594 2978 limusque
612 2954 618 2964 ι
632 2953 641 2969 ι
663 2943 834 2969 iiirtotutno.

1208 1654 1372 1689 principium
1390 1653 1526 1686 dolorum,
1547 1653 1599 1680 ttisi
1629 1654 1691 1680 dum
1717 1651 1791 1679 Patri
1817 1652 1872 1679 Deo
1891 1660 1996 1686 semper

1208 1699 1371 1735 irrogaverit
1390 1698 1520 1733 iniuriam
1539 1706 1548 1726 :
1568 1698 1633 1726 dttnt
1651 1699 1786 1726 convertit
1806 1699 1840 1725 ad
1857 1706 1920 1725 eum
1939 1698 1997 1725 dor-

1212 1754 1284 1777 sum.
1302 1750 1329 1773 et
1347 1753 1400 1772 non
1421 1745 1529 1772 faciem.
1548 1744 1602 1772 iste
1618 1744 1693 1779 prior
1710 1744 1736 1770 in
1755 1744 1849 1776 donis,
1867 1745 1931 1778 quia
1948 1744 1998 1778 pri-

1212 1799 1286 1818 ntum
1305 1791 1372 1826 ipsis
1398 1790 1501 1818 credita
1522 1796 1586 1818 sunt
1603 1790 1711 1824 eloquia
1730 1789 1777 1816 Dei
1795 1790 1886 1823 ζΒυιη.
1906 1798 1945 1821 ιιι,
1959 1789 1997 1823 2),

1210 1842 1237 1865 et
1253 1836 1397 1872 legislatio.
1414 1841 1441 1863 et
1453 1836 1658 1864 Testamentum
1673 1836 1729 1862 sive
1743 1836 1895 1870 promissio
1912 1835 1996 1870 (nam.

1210 1891 1248 1915 ιιι,
1264 1884 1302 1915 4).
1317 1882 1370 1910 iste
1391 1883 1477 1917 major
1493 1882 1626 1915 imperio;
1645 1882 1737 1916 utique
1750 1889 1798 1915 pro
1814 1883 1997 1915 tttagnitudiuc

1211 1929 1310 1955 virium
1327 1929 1390 1963 quia
1409 1927 1549 1962 copiosius
1564 1927 1672 1955 caeteris
1691 1927 1716 1954 itt
1735 1929 1785 1954 hoc
1797 1929 1901 1956 saculo
1917 1937 1996 1964 popu-

1211 1975 1254 2002 lus
1270 1975 1340 2001 idern
1364 1974 1496 2008 regnavit.
1525 1973 1633 2001 Effusus
1651 1977 1693 2001 est
1716 1980 1806 2000 autent
1833 1976 1997 2009 sientaqua,

1214 2020 1352 2056 peccando
1374 2020 1400 2046 itt
1419 2020 1569 2052 Christum,
1590 2027 1650 2054 quin
1666 2021 1777 2048 vasculo
1797 2029 1851 2048 non
1872 2026 1998 2049 t--nctnr:

1214 2067 1362 2101 voluptatis
1381 2065 1483 2094 effusus
1508 2071 1549 2094 est
1574 2067 1687 2101 impetu,
1707 2073 1733 2094 ct
1759 2067 1863 2095 idcirco
1887 2069 1997 2098 addidit,

1216 2112 1293 2141 Ultra
1321 2121 1373 2139 non
1401 2119 1501 2139 crescat
1533 2112 1610 2147 (Gen.
1635 2121 1708 2145 λιιι,
1729 2114 1770 2146 l):
1801 2115 1866 2147 quia
1889 2115 1999 2148 populus

1215 2160 1273 2193 ipse
1300 2163 1445 2194 postquam
1475 2159 1500 2185 itt
1527 2160 1653 2186 universo
1682 2160 1749 2186 orbe
1775 2159 1922 2194 dispersus
1951 2166 1999 2191 est,

1215 2205 1294 2232 valde
1318 2205 1480 2231 imminutus
1499 2209 1551 2231 cst.
1576 2204 1628 2231 Sed
1645 2212 1729 2239 quare
1756 2205 1820 2232 talia
1839 2206 1953 2237 meruit,
1970 2207 2000 2231 ita

1216 2251 1333 2286 subjecit
1352 2258 1359 2276 :
1378 2250 1446 2282 Quia
1473 2250 1617 2276 ascendisti
1643 2249 1727 2276 cubile
1747 2251 1833 2282 patri:
1855 2251 1894 2277 tui
1917 2250 1999 2283 (Ibid).

1218 2297 1410 2331 Primogcnitae
1423 2300 1513 2322 autettt
1531 2295 1618 2329 plebis
1633 2296 1774 2322 audaciam
1792 2298 1935 2330 prredicat,
1948 2304 2001 2331 qum

1218 2343 1340 2370 ascendit
1360 2342 1450 2369 cubile
1481 2343 1568 2376 patris
1593 2341 1647 2373 sui,
1666 2346 1692 2367 et
1713 2342 1862 2369 maculavit
1892 2349 1999 2370 stratum

1217 2389 1287 2423 ejus,
1305 2388 1415 2423 quando
1429 2395 1530 2422 corpus
1548 2386 1731 2420 Dominieum,
1749 2390 1774 2414 iu
1793 2396 1850 2422 quo
1867 2390 2001 2423 plenitudo

1217 2434 1370 2461 divinitatis
1395 2433 1586 2468 requiescebat
1612 2434 1726 2468 (Colusr.
1747 2443 1776 2466 tl,
1794 2435 1833 2466 9],
1854 2442 1961 2470 raptum
1978 2437 2000 2462 in

1217 2488 1299 2508 cruce
1315 2480 1470 2515 suspettdit,
1484 2485 1510 2506 et
1530 2480 1604 2507 ferro
1619 2481 1842 2507 commaculavit.
1867 2481 1968 2509 Simecu
1980 2487 2000 2506 et

1219 2527 1280 2554 Levi
1295 2529 1401 2561 fratres,
1419 2534 1479 2553 vasa
1496 2527 1643 2561 iniquitatis
1653 2526 1776 2554 bellantia
1790 2527 1869 2559 (Cen.
1886 2536 1955 2558 ηις,
1968 2527 2000 2558 Et).

1220 2574 1271 2601 Per
1293 2573 1401 2600 Simcou
1423 2578 1449 2600 et
1468 2572 1529 2599 Levi
1551 2572 1654 2600 Scriba
1671 2578 1696 2600 et
1714 2573 1848 2601 Pharisaei
1875 2580 1901 2601 et
1918 2581 2001 2601 sacer-

1220 2619 1298 2646 dotes
1330 2618 1436 2645 Iudaici
1466 2619 1558 2654 populi
1588 2618 1787 2654 ittteliigutttur.
1817 2620 1855 2647 De
1883 2620 2000 2646 Simeone

1221 2667 1292 2694 enim
1322 2666 1426 2693 Scribze
1442 2671 1520 2693 crant
1535 2666 1704 2697 Judaaortttu,
1718 2666 1751 2693 de
1767 2666 1843 2693 tribu
1868 2675 1931 2693 tero
1944 2665 2000 2692 Leti

1221 2711 1356 2746 principes
1381 2711 1566 2744 sacerdotum,
1588 2711 1633 2745 qui
1651 2711 1795 2738 consilium
1825 2711 1960 2739 fecerunt,
1976 2715 2001 2735 ut

1219 2758 1311 2785 Jesuttt
1338 2758 1400 2785 dolo
1430 2762 1553 2784 tenerent
1573 2762 1599 2784 et
1614 2758 1782 2785 occiderent.
1811 2758 1849 2785 De
1870 2766 1923 2792 quo
1945 2766 2001 2783 toti.

1220 2805 1282 2832 siiio
1309 2805 1373 2830 ditit
1392 2812 1398 2831 :
1418 2803 1449 2830 In
1472 2804 1613 2830 consilium
1639 2812 1728 2830 eorum
1746 2812 1777 2830 ne
1803 2805 1896 2831 renint
1920 2804 1999 2830 animo

1222 2858 1277 2877 ἠειι
1307 2849 1384 2879 (Ibid.
1410 2849 1448 2883 6).
1469 2847 1602 2877 Ilotrcbat
1622 2849 1695 2877 cnim
1721 2854 1796 2877 tanta
1816 2850 2001 2882 sccl-13,1,“

384 3110 2066 3620 ‘—
