4198 6350
164 406 298 469 1373

1245 410 1336 470 DE
1373 408 1917 471 BENEDICTIONI
1935 409 2076 468 BUS
2117 409 2197 467 J.\
2211 409 2374 467 C013.

3286 407 3423 475 1371

160 513 488 568 novissimis
540 516 879 585 temporibus
918 515 1116 572 facturi
1157 526 1316 573 erant
1365 518 1560 574 Judaei.
1601 520 1740 585 Quia
1774 526 1812 579 Α
1847 514 2293 570 manifestissime
2325 516 2389 569 ad
2415 514 2608 570 .lmlam
2639 514 2896 567 rclertur.
2929 512 3024 567 Diti
3060 514 3203 568 enim
3228 517 3324 568 fuit
3351 534 3415 570 es

159 607 208 656 in
241 607 425 675 furore
456 623 554 661 suo
587 608 887 663 occiderunt
920 612 1086 665 virum
1117 609 1327 681 (Ibid),
1366 612 1418 665 id
1450 622 1531 666 est
1584 614 1741 666 Chri-

159 708 326 763 s'um,
360 701 428 752 de
461 714 572 768 quo
611 701 808 757 dicitur
839 720 854 758 :
891 702 1021 757 Ecce
1057 705 1155 768 eir,
1198 706 1368 759 oriens
1400 721 1586 759 nomen
1628 706 1740 774 ejus

160 786 345 855 (Zaclt.
383 807 434 845 vr
475 791 587 860 19.).
626 792 683 845 Et
718 793 845 848 alibi
882 812 896 849 :
935 792 1155 848 Femina
1190 797 1542 851 circumdabit
1572 801 1742 852 virum

161 882 380 939 t'Jerem.
412 902 568 946 χχχι,
596 889 707 956 22).
737 888 1070 957 Sir/foderunt
1094 906 1299 944 murum
1320 892 1468 959 (Gen.
1495 908 1637 957 sm,
1662 893 1740 963 6),

162 978 210 1029 id
244 988 353 1042 est,
396 980 555 1033 illum
590 981 892 1049 spiritalem
948 981 1313 1040 fortissimum
1352 1000 1590 1051 murmn,
1648 987 1738 1056 qni

160 1073 408 1125 custodit
466 1074 661 1138 Israel,
725 1075 911 1130 lancea
972 1076 1361 1134 confoderunt.
1427 1078 1741 1135 Maledicta:

160 1162 532 1229 furoreorum,
553 1168 680 1235 quia
704 1169 966 1236 pertinax.
985 1166 1152 1236 (Ibid.
1202 1170 1280 1233 7),
1312 1170 1499 1240 utique
1522 1172 1742 1242 quando

162 1256 347 1311 furore
388 1261 610 1315 accensi
643 1272 697 1315 et
728 1264 830 1327 ira,
875 1263 1194 1319 obtulerunt
1237 1265 1513 1321 Christum
1549 1268 1743 1323 Pontio

161 1350 332 1404 Pilato
357 1355 608 1412 dicentes
636 1372 651 1410 :
676 1359 964 1428 Cruciﬁge,
993 1363 1273 1433 cruciﬁge,
1307 1362 1492 1433 (Joan.
1523 1381 1639 1429 nx,
1661 1365 1738 1432 6).

164 1444 222 1497 Ιίι
244 1448 548 1515 indignatio
566 1455 911 1522 eorum,quia
933 1459 1069 1508 dura
1100 1455 1255 1525 (Gen.
1287 1472 1435 1521 XLII,
1472 1459 1525 1528 7)
1562 1475 1577 1514 :
1610 1458 1740 1514 dum

165 1536 463 1594 Barraltaut
515 1542 783 1597 latronem
842 1554 1114 1613 peterent,
1154 1556 1208 1600 et
1256 1550 1562 1618 principem
1620 1552 1744 1607 vita:

161 1633 597 1703 crna-iligcnrlum
629 1638 972 1704 postularent
1002 1639 1221 1708 (.llatth.
1253 1657 1423 1705 χχιιι,
1451 1643 1567 1712 21).
1602 1643 1744 1699 Divi-

161 1723 283 1775 dam
311 1740 397 1777 eos
432 1727 485 1778 in
512 1725 702 1792 Iacob,
737 1739 784 1781 et
813 1730 1110 1796 dispergam
1146 1732 1263 1786 illos
1293 1735 1349 1789 in
1380 1733 1554 1789 Israel
1589 1734 1741 1803 (Cen.

1847 612 2056 665 semine
2084 609 2232 663 illius
2275 608 2593 661 intemerata
2619 607 2759 675 apud
2788 603 3007 660 Iudaeos
3035 609 3309 661 successio
3338 626 3419 662 re-

1846 705 1956 771 gni,
2012 704 2185 757 donec
2236 701 2489 756 Christus
2537 711 2873 765 nasceretur,
2902 700 3046 755 sicut
3082 716 3243 768 supra
3276 702 3415 754 dixi-

1848 809 1989 847 mus.
2023 796 2265 865 Alligans
2293 794 2360 847 ad
2398 797 2599 847 vineam
2632 792 2833 858 pullum
2874 810 3029 847 suum
3081 791 3247 861 (Ibid.
3304 795 3413 849 1|).

1848 884 2034 940 Pullus
2070 903 2202 942 suus
2254 888 2488 956 populus
2529 896 2613 940 est
2654 901 2716 939 ex
2755 888 3029 953 gentibus,
3088 887 3177 940 cui
3236 887 3413 940 adhuc

1846 995 2122 1046 nunquam
2164 979 2338 1034 fuerat
2365 981 2496 1045 legis
2526 995 2668 1033 Olllls
2698 980 3034 1048 impositum.
3067 980 3221 1033 llunc
3250 995 3415 1044 copu-

1845 1074 1972 1129 lavit
2000 1074 2065 1129 ad
2103 1072 2337 1132 vineam.
2388 1073 2451 1126 ad
2504 1074 2782 1141 apostolos
2832 1073 3062 1138 scilicet,
3102 1074 3193 1140 qui
3221 1090 3288 1127 ex
3319 1071 3415 1125 Ju-

1845 1168 1976 1223 ἀπεὶς
2029 1178 2176 1223 sunt.
2258 1166 2390 1220 Nam
2455 1166 2611 1220 vinea
2669 1167 2880 1220 Domini
2925 1165 3161 1220 Sabaoth
3217 1166 3414 1220 doiuus

1844 1261 2009 1316 Israel
2061 1271 2144 1316 est
2196 1259 2336 1330 (lsa.
2382 1275 2430 1326 ν,
2488 1260 2563 1325 7).
2614 1260 2677 1312 Et
2729 1261 2795 1312 ad
2830 1262 2982 1314 vitem
3026 1260 3231 1313 asinam
3260 1276 3413 1312 suam

1846 1354 1996 1423 (Gen.
2055 1355 2347 1424 xttx,12).
2405 1356 2522 1421 Ipse
2574 1354 2727 1418 dicit,
2788 1356 2893 1423 ligo
2943 1372 3060 1408 sum
3118 1356 3236 1408 vitis
3290 1370 3413 1406 vera

1847 1447 2031 1514 (Joan.
2088 1462 2179 1511 xv,
2213 1448 2286 1515 1).
2324 1448 2400 1500 Ad
2439 1447 2577 1500 hanc
2610 1461 2740 1515 ergo
2794 1446 2959 1498 vitem
2991 1447 3175 1515 alligat
3202 1443 3413 1497 asinam

1845 1556 2020 1603 suam,
2072 1537 2408 1610 Synagogam
2462 1540 2832 1609 tardigradam
2884 1540 3113 1601 scilicet,
3153 1550 3208 1591 et
3264 1539 3413 1604 gravi

1844 1633 1977 1700 legis
2037 1632 2274 1700 pondere
2333 1633 2668 1701 depressam.
2742 1631 2893 1684 Larit
2943 1633 2996 1685 in
3047 1633 3164 1685 vino
3224 1631 3414 1683 stolam

1846 1742 1998 1779 suam
2045 1724 2197 1795 (Cen.
2251 1740 2397 1788 χιιι,
2436 1725 2544 1793 11).
2577 1725 2695 1779 sive
2745 1739 2965 1777 carnem
3000 1739 3154 1775 suam
3204 1726 3256 1776 in
3286 1737 3413 1775 sau-

163 1824 307 1875 sux,
348 1810 401 1867 7)
433 1829 445 1867 :
480 1813 607 1881 quia
627 1817 868 1871 nonnulli
888 1834 948 1871 ex
974 1818 1106 1888 ipsis
1125 1822 1491 1890 crediderunt,
1523 1826 1740 1894 quidam
1779 1858 1820 1913 Β
1847 1817 2007 1883 guine
2040 1818 2333 1887 paSsionis,
2365 1817 2479 1871 sive
2519 1828 2759 1871 sanctam
2815 1814 3111 1869 Ecclesium
3146 1816 3235 1869 illo
3264 1806 3411 1879 vino,

162 1900 213 1951 in
249 1901 578 1959 inﬁdelitate
610 1921 1052 1974 permanserunt.
1092 1913 1362 1967 Dicuntur
1398 1915 1541 1968 enim
1578 1917 1737 1972 divisi

160 1994 221 2057 ii,
263 1996 358 2064 qui
415 1997 483 2052 ab
530 1998 610 2052 eis
658 2012 1004 2069 separantur,
1043 2015 1094 2059 et
1124 2006 1350 2062 veniunt
1403 2008 1470 2063 ad
1523 2010 1736 2067 ﬁdem:

158 2087 401 2158 dispersi
428 2102 633 2160 autem,
662 2112 894 2166 quorum
924 2099 1099 2167 patria
1121 2102 1427 2169 temploque
1449 2104 1736 2171 subverso,

163 2196 266 2249 per
326 2187 515 2240 orhem
580 2198 737 2245 terrze
800 2192 1144 2246 incredulum
1207 2210 1379 2258 genus
1435 2198 1736 2268 spargitur.

158 2272 330 2339 Juda,
378 2288 429 2333 te
461 2280 755 2336 laudabunt
801 2284 996 2351 fratres
1043 2285 1120 2338 liti
1157 2285 1319 2351 (Ibid.
1345 2289 1422 2357 8).
1458 2288 1561 2343 Per
1595 2290 1741 2347 hunc

157 2363 359 2422 ludam
409 2386 573 2429 verus
624 2374 914 2430 confessor
952 2379 1279 2446 exprimitur
1328 2382 1604 2451 Christus,
1642 2386 1735 2454 qui

158 2472 224 2512 ex
259 2461 383 2526 ejus
412 2465 554 2518 tribu
588 2468 888 2522 secundum
923 2485 1144 2526 carnem
1175 2484 1258 2529 est
1287 2477 1527 2543 genitus.
1560 2477 1735 2546 Ipsum

160 2550 464 2609 laudabunt
520 2556 719 2615 fratres
762 2562 866 2622 sui,
911 2565 1144 2630 apostoli
1193 2568 1425 2632 scilicet,
1461 2580 1516 2624 et
1549 2588 1737 2628 omnes

158 2646 479 2703 coheredes
513 2651 654 2719 ejus,
702 2656 795 2723 qui
833 2671 928 2720 per
976 2658 1325 2723 adoptionem
1386 2661 1582 2729 l‘atris,
1642 2668 1736 2721 lilii

164 2737 259 2792 Dei
312 2740 492 2795 effecti
544 2757 694 2811 sunt,
733 2758 784 2801 et
825 2748 1025 2803 Christi
1084 2750 1278 2807 fratres
1333 2769 1429 2822 per
1481 2756 1736 2825 gratiam,

160 2847 401 2897 quorum
436 2835 551 2903 ipsc
581 2849 664 2894 est
702 2839 961 2895 Dominus
990 2857 1084 2909 per
1105 2854 1382 2898 naturam.
1416 2846 1605 2900 Manus
1639 2858 1739 2903 true

159 2924 215 2976 .‘n
264 2928 554 2981 cervicibus
603 2931 941 2985 inimicorum
1001 2942 1211 2988 tuorum
1243 2936 1455 3006 (Ibid.).
1519 2939 1735 2995 Eisdem

160 3020 308 3070 enim
341 3021 597 3074 manilius
639 3033 797 3088 atque
828 3027 1021 3080 eodem
1061 3029 1242 3082 crucis
1282 3039 1484 3100 tropaeo
1521 3042 1574 3088 et
1606 3050 1737 3091 suos

164 3110 323 3170 texit,
371 3119 425 3163 et
463 3112 717 3168 inimicos
766 3125 819 3169 et
858 3117 1208 3173 adversarios
1250 3132 1551 3189 potestates
1601 3140 1739 3178 cur-

164 3202 333 3255 vavit.
394 3202 555 3256 Juxta
603 3207 746 3273 quod
778 3216 833 3260 et
880 3206 1044 3262 Pater
1102 3214 1369 3279 promittit
1400 3215 1447 3268 ei
1488 3216 1677 3271 dicens
1714 3235 1727 3273 :

165 3291 301 3346 Sede
357 3296 425 3346 ad
474 3297 745 3350 dexteram
796 3315 988 3364 meant,
1030 3301 1193 3355 donec
1244 3319 1437 3369 ponam
1496 3309 1737 3361 inimicos

166 3398 282 3439 tuos
331 3388 619 3440 sca/)clluni
655 3390 842 3453 pedum
875 3401 1085 3444 tuorum
1121 3392 1293 3458 (Psal.
1327 3411 1437 3460 ctx,
1482 3398 1550 3466 l).
1628 3398 1737 3452 Ad-

163 3477 398 3528 orabunt
436 3488 484 3528 te
528 3479 627 3545 lilii
653 3482 822 3545 patris
858 3484 934 3534 tui
986 3481 1138 3553 (Cen.
1174 3500 1320 3547 xmx,
1375 3487 1429 3557 8)
1467 3503 1481 3541 ε
1518 3492 1738 3557 quando

170 3570 325 3621 multi
366 3587 427 3623 cs
467 3571 590 3625 ﬁliis
632 3573 801 3627 Jacob
834 3577 1067 3628 adorant
1097 3592 1247 3643 cum,
1283 3593 1379 3647 per
1414 3581 1737 3637 electionem

168 3662 358 3729 gratiae
392 3663 527 3717 salvi
565 3664 690 3718 facti
722 3665 900 3735 (Rom.
939 3683 1016 3725 ιι.
1050 3667 1127 3735 5).
1161 3669 1383 3725 Catulus
1410 3672 1573 3727 leonis
1596 3673 1742 3728 Juda

168 3757 333 3824 (Ibid.
374 3758 449 3825 9).
490 3760 719 3824 Quando
780 3763 1058 3815 nascendo
1104 3764 1279 3819 factus
1325 3774 1408 3819 est
1462 3767 1740 3834 parvulus,

168 3855 313 3908 sicut
374 3855 639 3921 scriptum
693 3864 771 3907 est
831 3872 842 3907 ;
905 3857 1167 3910 Parvulas
1246 3868 1401 3911 natus
1449 3869 1526 3911 est
1590 3860 1739 3912 nobis

173 3945 307 4013 (Isa.
343 3961 419 4007 ix,
459 3944 537 4007 6).
569 3946 647 3997 Atl
674 3949 931 4014 pra'dam,
966 3948 1044 4016 [ili
1078 3950 1169 4013 nti,
1208 3951 1514 4014 ascendisti,
1551 3952 1601 4004 id
1637 3961 1742 4017 est,

169 4038 477 4091 ascendens
510 4037 561 4089 in
599 4052 839 4097 crucem.
876 4041 1121 4107 captivos
1154 4042 1384 4108 populos
1421 4041 1699 4095 redemisti
1728 4058 1742 4105 ;

171 4144 224 4185 ct
269 4146 411 4199 quos
474 4130 560 4183 ille
611 4132 917 4185 contrarius
953 4132 1242 4197 invaserat,
1286 4143 1339 4185 tn
1378 4134 1615 4187 moriens
1640 4134 1746 4188 eri-

173 4224 338 4293 puisti
383 4241 395 4277 :
436 4222 665 4291 denique
724 4224 938 4277 rediens
984 4224 1052 4277 ab
1105 4224 1314 4285 inferis,
1348 4224 1644 4277 ascentliSIi
1692 4224 1743 4276 in

174 4317 366 4375 altern,
396 4313 669 4379 captivam
698 4314 900 4368 duxisti
936 4315 1303 4379 captivitatem
1350 4315 1524 4379 (Psal.
1575 4332 1742 4375 vau.

178 4412 287 4466 19).
344 4408 681 4473 Requiescens
746 4408 1034 4459 accubuiin
1066 4416 1117 4458 ut
1143 4407 1222 4459 leo
1273 4406 1428 4475 (Cen.
1469 4424 1615 4474 XLIX,
1666 4408 1743 4475 9).

170 4498 620 4555 Manifestissime
677 4497 926 4552 Christus
988 4498 1041 4550 in
1114 4500 1368 4563 passione
1445 4500 1741 4565 accubuit,

1850 1909 1992 1976 quod
2034 1925 2131 1979 pro
2159 1910 2346 1963 multis
2372 1908 2682 1962 effundatur
2718 1910 2769 1960 in
2804 1907 3185 1961 remissionem
3220 1919 3415 1973 pecca-

1852 2009 2025 2057 torum
2061 2002 2279 2069 (Jlatth.
2333 2017 2480 2065 xxvi,
2509 2000 2622 2069 28).
2685 2000 2748 2053 Et
2783 2002 2837 2053 in
2865 2001 3122 2069 sanguine
3162 2015 3273 2051 uva:
3301 1996 3418 2067 pal-

1850 2090 1978 2145 lium
2031 2110 2186 2147 suum
2227 2093 2383 2162 (Ceu.
2440 2109 2588 2158 χιιι,
2645 2092 2731 2162 11)
2790 2092 3016 2145 Pallium
3046 2101 3233 2160 gentes
3262 2099 3415 2155 sunt,

1848 2200 1983 2253 quas
2013 2186 2231 2254 corpori
2266 2186 2589 2255 suojunxit,
2621 2187 2763 2240 sicut
2795 2185 3054 2239 scribitur
3086 2201 3100 2238 ι
3140 2184 3267 2238 Vivo
3302 2200 3418 2252 ego,

1847 2279 1975 2332 dicit
2024 2277 2300 2344 Dominus,
2350 2280 2452 2332 nisi
2504 2282 2593 2331 hos
2644 2295 2821 2331 omnes
2854 2279 3073 2330 induam
3103 2278 3237 2330 sicut
3264 2278 3421 2331 vesti-

1847 2380 2077 2426 mentum
2110 2370 2249 2441 (lsa.
2283 2387 2431 2430 χιιι,
2466 2370 2576 2439 18).
2615 2370 2948 2424 Pulchriores
2995 2371 3133 2422 oculi
3161 2370 3274 2438 ejus
3305 2371 3419 2424 uino

1849 2462 2001 2532 (Gen.
2037 2479 2184 2528 xm,
2214 2462 2323 2522 12).
2351 2460 2505 2517 Oculi
2533 2461 2734 2517 Christi
2762 2462 2992 2529 apostoli
3022 2471 3151 2515 sunt
3174 2472 3224 2514 et
3255 2476 3419 2515 evan-

1846 2557 2077 2628 gelistte.
2124 2556 2215 2624 qui
2266 2557 2445 2609 lumen
2503 2556 2745 2611 Scientite
2803 2554 3057 2609 Ecclesia:
3114 2565 3416 2621 praestant:

1847 2663 2080 2719 quorum
2135 2660 2401 2718 praecepta
2454 2650 2832 2703 anSteritatcm
2877 2648 2988 2701 vini
3041 2646 3235 2715 priscae
3282 2648 3418 2716 legis

1847 2752 2127 2812 superant,
2178 2742 2305 2810 quia
2354 2741 2513 2807 longe
2561 2742 2760 2797 leviora
2800 2751 2947 2796 sunt.
2995 2741 3060 2794 Et
3095 2745 3271 2794 dentes
3303 2741 3417 2809 ejus

1849 2835 1985 2889 lacte
2027 2835 2358 2887 candidiores
2403 2833 2618 2905 (lbid.).
2660 2832 2855 2886 Dentes
2881 2843 3243 2900 prreccptores
3292 2842 3420 2886 sunt

1849 2925 2046 2989 sancti,
2077 2926 2167 2995 qui
2198 2924 2497 2992 pratcidunt
2524 2923 2591 2977 ab
2615 2924 2895 2976 erroribus
2933 2924 3203 2985 homines,
3239 2933 3292 2976 et
3323 2938 3417 2976 eos

1848 3020 2003 3089 quasi
2053 3018 2392 3073 comedendo
2447 3017 2500 3069 in
2551 3016 2752 3071 Christi
2783 3031 2982 3085 corpus
3017 3016 3415 3070 transmittunt.

1850 3107 2205 3163 Candidiores
2249 3117 2432 3161 autem
2487 3105 2667 3160 cﬂecti
2709 3115 2834 3158 sunt
2861 3105 3117 3159 dot-tores
3160 3104 3415 3157 Ecclesiae

1850 3199 1988 3255 lacte
2014 3201 2213 3255 veteris
2241 3200 2396 3268 legis.
2434 3198 2677 3251 Zubulon
2712 3199 2965 3252 habitavit
3000 3202 3050 3251 in
3080 3199 3256 3251 littore
3300 3215 3416 3250 ma-

1843 3293 1939 3355 ris,
1980 3304 2027 3347 et
2066 3294 2119 3346 in
2151 3294 2379 3346 statione
2410 3294 2619 3345 navium
2651 3290 2806 3361 (Gen.
2838 3309 2984 3354 xux,
3022 3294 3130 3353 15).
3170 3291 3411 3346 Zalutlon

1844 3385 2234 3454 interpretatur
2262 3386 2623 3439 habitaculum
2658 3388 3007 3455 fortitudinis,
3036 3396 3089 3438 et
3114 3386 3410 3439 Ecclesiam

1844 3478 2135 3548 signiﬁcat.
2170 3480 2295 3533 Haec
2326 3479 2379 3532 in
2415 3479 2595 3533 littore
2650 3478 2815 3532 maris
2850 3479 3058 3531 habitat
3107 3487 3160 3530 et
3213 3480 3264 3530 in
3305 3485 3417 3530 sta-

1845 3569 1989 3623 tione
2017 3570 2256 3635 navium,
2289 3577 2348 3622 ut
2370 3568 2722 3623 credentibus
2763 3568 2835 3620 sit
2870 3568 3165 3635 refugium,
3199 3578 3250 3620 et
3281 3569 3419 3637 peri-

1844 3663 2161 3717 clitantihns
2209 3662 2551 3717 demonstret
2597 3661 2719 3715 ﬁdei
2770 3670 3007 3729 portum.
3059 3662 3183 3715 llaec
3228 3668 3419 3715 contra

1844 3768 2033 3806 omnes
2063 3754 2305 3817 turbines
2330 3754 2511 3807 saeculi
2565 3753 2895 3807 inconcussa
2942 3755 3196 3807 ﬁrmitate
3243 3752 3417 3807 solida

1844 3853 2050 3911 spectat
2075 3844 2416 3913 naufragium
2441 3843 2776 3907 Judceorum,
2809 3856 2862 3899 et
2887 3847 3263 3899 luereticornm
3295 3860 3418 3912 pro-

1846 3935 2033 3997 cellas,
2097 3934 2187 4003 qui
2233 3934 2702 3987 circumferuntur
2749 3934 2897 3988 omni
2929 3945 3091 3989 vento
3132 3936 3417 4001 doctrina},

1847 4038 2079 4094 quorum
2152 4024 2252 4078 etsi
2307 4024 2556 4077 tunditur
2594 4024 2871 4089 ﬂuctibus,
2910 4041 3016 4079 non
3051 4034 3230 4078 tamen
3268 4026 3424 4078 fran-

1849 4118 2009 4184 gitur.
2051 4117 2319 4171 Per-tendit
2360 4127 2536 4170 autent
2577 4133 2739 4185 usque
2777 4120 2846 4170 ad
2906 4117 3155 4172 Sidonem
3195 4116 3409 4188 (lbid.),

1850 4209 1953 4262 hoc
1978 4218 2083 4272 est,
2120 4225 2292 4278 usque
2336 4209 2401 4261 ad
2458 4217 2667 4277 gentes.
2714 4207 2931 4277 Legitur
2965 4210 3126 4264 etiam
3162 4212 3211 4264 in
3245 4210 3422 4264 Evan-

1848 4300 1988 4367 gelio
2042 4300 2164 4352 inde
2216 4311 2521 4368 assumptus
2560 4314 2678 4352 esse
2736 4304 3010 4365 apostolos
3058 4302 3267 4371 aliquos
3302 4345 3315 4369 ,
3364 4312 3417 4357 et

1849 4393 1981 4458 ipsis
2013 4392 2139 4444 locis
2173 4391 2458 4443 Dmninum
2498 4410 2637 4461 saepe
2656 4396 2931 4460 docuisse,
2976 4395 3119 4449 sicut
3150 4396 3414 4463 scriptum

1850 4492 1954 4543 est,
1993 4482 2149 4534 Terra
2196 4479 2457 4546 anulon,
2513 4493 2560 4537 et
2603 4495 2741 4538 terra
2797 4484 3158 4553 Nephthaliin,
3194 4486 3419 4554 populus

171 4590 395 4659 quando
423 4588 680 4642 inclinato
699 4586 872 4653 capite
900 4586 1120 4639 tradidit
1142 4588 1392 4655 spiritum
1417 4588 1601 4651 (Joan.
1630 4606 1739 4653 XIX,

1851 4573 1938 4639 qui
1969 4572 2177 4625 sedebat
2207 4576 2257 4623 iu
2288 4573 2527 4634 tenebris,
2559 4575 2687 4627 vidit
2736 4574 2904 4627 lucem
2934 4592 3175 4642 magnam
3207 4575 3419 4646 (Matth.

173 4682 291 4747 50),
344 4688 398 4733 et
422 4677 643 4747 quando
684 4678 736 4731 in
772 4677 1027 4738 sepulcro
1058 4692 1306 4741 securus,
1336 4679 1481 4733 velut
1507 4680 1742 4747 quodam

175 4774 428 4841 corporis
463 4784 655 4824 Somno
682 4770 910 4838 quievit.
943 4768 1047 4823 Sed
1080 4783 1252 4835 quare
1285 4780 1343 4823 ut
1377 4770 1480 4834 leo,
1524 4780 1576 4825 et
1605 4771 1746 4825 velut

175 4866 395 4919 catulus
423 4862 630 4916 leonis?
653 4862 707 4915 In
741 4877 934 4916 somno
964 4863 1107 4915 enim
1139 4876 1238 4915 suo
1268 4863 1347 4917 leo
1380 4862 1500 4927 fuit,
1528 4864 1746 4932 quando

176 4971 287 5009 non
321 4954 668 5016 lieressitate,
699 4953 790 5008 sed
814 4961 1081 5022 potestate
1107 4953 1209 5007 hoc
1229 4955 1404 5022 ipsum
1431 4954 1745 5022 c0mplevit,

178 5052 322 5103 sicut
355 5050 470 5115 ipze
510 5048 682 5100 dicit:
720 5047 886 5099 Nemo
925 5047 1059 5099 tollit
1086 5064 1117 5099 a
1164 5064 1245 5099 me
1288 5048 1525 5101 animam
1558 5063 1746 5110 meam,

94 5158 99 5163 '
178 5141 269 5195 sed
295 5157 385 5209 ego
419 5156 554 5207 pono
584 5154 698 5190 eam
740 5137 924 5207 (Joan.
965 5154 1018 5200 x,
1051 5138 1162 5206 18).
1195 5138 1349 5204 Quod
1399 5154 1527 5193 vero
1576 5138 1747 5204 addit,

179 5243 228 5286 et
260 5242 311 5285 ut
344 5230 555 5282 catulus
598 5228 760 5281 leonis
793 5245 809 5281 :
839 5228 963 5280 inde
996 5229 1141 5280 enim
1185 5239 1431 5283 mortuus
1466 5228 1610 5282 unde
1659 5244 1752 5282 na-

185 5339 297 5379 tus.
350 5325 496 5376 Bene
551 5337 680 5390 ergo
712 5321 962 5374 Christus
991 5331 1047 5375 ut
1081 5322 1162 5375 leo
1194 5322 1478 5390 requievit,
1518 5322 1607 5390 qui
1641 5338 1747 5376 non

182 5420 364 5472 solum
426 5414 617 5467 Inertis
664 5412 1015 5465 acerbitatem
1073 5427 1177 5464 non
1237 5412 1437 5477 timuit,
1482 5414 1657 5467 sedet
1696 5414 1748 5467 in

186 5511 301 5577 ipsa
330 5518 503 5558 morte
526 5503 712 5556 monis
738 5502 1022 5570 imperium
1049 5501 1197 5555 vicit.
1220 5500 1374 5566 Quod
1394 5511 1570 5557 autem
1598 5502 1749 5568 dicit,

186 5601 317 5665 Quis
349 5597 625 5651 sus-citabit
657 5595 942 5663 enm(Ccn.
964 5610 1107 5657 XLIX,
1140 5594 1241 5656 9)?
1269 5594 1405 5660 Quia
1438 5597 1617 5649 nullus
1650 5596 1751 5651 nisi

189 5696 327 5760 ipse,
359 5693 512 5756 juxta
552 5688 692 5755 quo]
747 5688 860 5754 ipse
894 5687 967 5738 ait
1003 5703 1015 5737 :
1051 5684 1242 5740 Solvite
1279 5687 1523 5755 templum
1550 5690 1664 5749 hoc,
1703 5703 1750 5742 et

190 5786 241 5834 in
294 5782 469 5831 tri-luo
510 5778 826 5830 resttscittlbo
858 5777 987 5827 illud
1042 5774 1221 5844 (Joan.
1261 5792 1317 5833 tl.
1363 5777 1466 5831 19L
1517 5776 1633 5828 Non
1668 5778 1757 5830 tle-

190 5878 319 5941 huic!
344 5875 443 5925 dua
486 5874 544 5924 (lc
578 5870 738 5935 Jiutn,
766 5879 815 5922 et
844 5869 1047 5936 reliqua
1074 5869 1224 5921 xticn.
1263 5886 1399 5929 sm,
1423 5872 1471 5923 τ’.
1502 5872 1603 5931 ιιι).
1642 5867 1752 5924 Hoc

1860 4685 1933 4730 tv,
1962 4667 2046 4728 15,
2082 4666 2165 4723 16,
2194 4681 2256 4717 ea:
2279 4664 2388 4720 Isa.
2421 4682 2495 4729 Ix,
2533 4669 2607 4737 1).
2644 4668 2811 4722 Sidon
2837 4670 3223 4736 interpretatur
3266 4686 3423 4721 vena~

1857 4769 1957 4825 tor,
2017 4759 2097 4811 vel
2149 4757 2408 4811 venatrix.
2446 4755 2742 4814 Venatores
2785 4761 2877 4829 qui
2932 4768 3080 4822 sunt,
3120 4761 3222 4814 nisi
3286 4779 3420 4830 apo-

1856 4852 2026 4907 stoli?
2056 4850 2180 4917 Qui,
2210 4859 2266 4902 ut
2294 4865 2454 4916 supra
2488 4850 2746 4915 diximus,
2774 4868 2835 4906 ex
2860 4853 2964 4906 illis
2990 4853 3122 4905 locis
3156 4856 3422 4923 assumpti

1857 4956 2006 5009 sunt,
2035 4945 2100 4997 de
2136 4941 2338 5011 quibus
2390 4942 2626 4997 dicitur:
2655 4943 2866 4997 Mittunt
2894 4955 3166 4998 venatores
3198 4948 3421 5011 multos,

1858 5042 1905 5085 et
1939 5031 2263 5085 venabantur
2308 5046 2394 5084 vos
2427 5032 2478 5084 in
2511 5033 2652 5085 omni
2704 5043 2875 5086 monte.
2910 5034 3120 5103 (Jerein.
3163 5052 3269 5097 xvr,
3306 5038 3417 5107 16).

1861 5122 2081 5177 lsachar
2114 5124 2301 5174 asinus
2345 5122 2495 5189 fortis
2529 5120 2683 5191 (Cen.
2717 5140 2862 5185 χιιι,
2910 5125 3014 5191 11).
3052 5125 3289 5190 lsachar,
3328 5128 3421 5196 qui

1861 5216 2250 5283 interpretatur
2282 5230 2493 5275 merces,
2530 5215 2763 5268 refertur
2786 5215 2848 5269 ad
2880 5217 3133 5283 populum
3157 5218 3423 5286 gentium,

1860 5321 2015 5371 quem
2062 5305 2318 5358 Dominus
2348 5305 2630 5373 sanguinis
2662 5307 2743 5359 sui
2782 5307 2954 5373 pretio
3005 5322 3283 5363 mercatus
3319 5320 3420 5362 est.

1862 5394 1957 5449 llic
1990 5394 2211 5449 [sat-har
2246 5396 2434 5448 asinus
2469 5397 2623 5450 fortis
2654 5398 2931 5463 scribitur,
2962 5400 3087 5466 quia
3119 5402 3269 5468 prius
3325 5416 3424 5467 po-

1864 5488 2018 5559 pulos
2049 5488 2262 5553 gentilis
2297 5491 2449 5555 quasi
2485 5489 2700 5542 brutum
2731 5499 2783 5542 ct
2809 5491 3145 5545 luxuriosum
3192 5494 3419 5555 animal,

1865 5578 2118 5645 nullaque
2172 5580 2379 5632 ratione
2419 5581 2681 5641 substitit,
2710 5582 2802 5633 sed
2852 5583 3190 5649 postmodum
3221 5583 3410 5650 jugum

1864 5670 2160 5738 disciplina:
2191 5672 2514 5737 evangelica:
2560 5671 2791 5724 libenter
2822 5676 3053 5740 portavit
3086 5714 3101 5726 .
3141 5674 3239 5726 llic
3264 5690 3419 5727 arcu-

1868 5762 1994 5813 bans
2030 5763 2167 5812 inter
2204 5762 2473 5821 terminos,
2510 5762 2636 5813 cidit
2673 5764 2896 5830 requiem
2928 5765 3066 5829 quod
3100 5774 3228 5816 esset
3265 5767 3422 5831 bona,

1865 5863 1910 5905 ct
1953 5865 2139 5906 terrain
2186 5858 2317 5917 qtzwi
2378 5855 2572 5913 vp'inm
2617 5854 2777 5917 (Ibid.
2824 5854 2921 5910 l5).
2980 5856 3119 5909 inter
3163 5857 3423 5910 terminos
