4198 6350
212 350 346 416 1377

1287 362 1381 421 DE
1422 363 2127 427 RENEDICTIONIBUS
2172 366 2424 425 JACOB.

3334 368 3467 433 1373

205 466 429 534 ceperit,
477 469 573 537 qui
618 468 663 521 si
703 483 761 523 se
789 469 949 539 digne
984 479 1133 526 tanto
1181 483 1331 540 patre
1374 484 1683 541 tractasset,
1714 480 1779 532 ad
1811 482 1856 541 Α
1886 490 1968 530 tus
1996 477 2164 531 Israel
2199 478 2441 541 Domino,
2466 481 2718 546 primitire
2743 483 2948 551 frugum
2969 484 3081 550 ejus
3111 481 3246 551 (Jer.
3278 488 3338 545 ti,
3367 487 3419 547 5)
3446 482 3462 521 τ

205 573 325 611 cum
362 558 725 627 primogenita
757 577 1096 632 regnumque
1120 565 1435 632 pertineret.
1471 565 1622 622 Unde
1651 569 1783 623 dicit

203 649 301 703 sibi
336 665 463 704 eum
498 653 943 724 primogenitum,
982 657 1135 724 quasi
1168 659 1251 710 cui
1293 658 1783 715 tlebcrenturdona

205 742 574 813 primogenita
610 762 625 799 :
655 747 747 801 sed
799 756 855 799 et
909 746 1285 803 fortitudinem
1338 768 1492 805 suam
1532 768 1653 808 eum
1688 769 1784 806 no-

204 835 401 898 minat,
460 852 528 891 eo
578 838 725 906 quod
776 839 946 894 robur
1001 842 1212 912 imperii
1261 844 1327 897 ad
1378 861 1501 898 eum
1538 848 1783 904 debuerit

203 925 500 982 declinare.
542 927 666 984 llzec
700 940 880 986 autem
916 949 1019 988 non
1056 936 1178 989 ideo
1212 937 1505 992 indicative
1536 944 1779 1008 protulit,

202 1019 347 1086 quod
382 1021 456 1073 ita
492 1019 675 1076 futura
716 1038 837 1078 esse
873 1035 966 1079 aut
1004 1029 1335 1097 pratviderit,
1393 1030 1474 1084 vel
1506 1032 1773 1099 voluerit;

202 1112 297 1165 sed
338 1125 393 1168 ut
445 1129 568 1171 eunt
604 1135 702 1191 per
736 1120 852 1175 haec
878 1122 1025 1177 dicta
1072 1122 1139 1177 ad
1176 1125 1553 1193 paenitentiam
1588 1128 1779 1184 cohor-

202 1212 437 1274 taretur,
460 1225 581 1264 cum
616 1215 906 1279 recoleret,
929 1231 959 1269 a
986 1227 1182 1285 quanta
1206 1218 1470 1289 dignitate
1502 1222 1780 1290 peccando

199 1297 515 1357 decidisset.
548 1304 701 1361 Unde
762 1308 915 1369 dicit,
970 1319 1019 1363 et
1074 1312 1390 1379 principium
1449 1314 1646 1369 doloris
1681 1318 1779 1370 mei

201 1388 442 1463 (Ibid.);
476 1397 806 1467 principium
846 1417 1080 1471 namque
1112 1405 1316 1461 doloris
1340 1405 1487 1463 illius
1527 1407 1651 1473 fuit,
1688 1408 1779 1479 qui

203 1489 383 1556 ruptis
415 1492 756 1546 castimonite
785 1492 1032 1558 habenis,
1072 1497 1300 1553 infrenis
1328 1500 1485 1555 irruit
1520 1503 1533 1532 ¹
1561 1503 1627 1557 ad
1651 1519 1781 1558 con-

200 1582 555 1650 stuprandam
590 1586 873 1656 conjugetn
908 1589 1098 1656 patris,
1133 1607 1253 1659 quae
1277 1607 1362 1647 res
1385 1608 1492 1648 non
1521 1596 1779 1650 mediocri

199 1672 395 1727 dolore
430 1690 555 1729 eum
598 1679 911 1733 stimulasse
944 1683 1211 1738 credenda
1248 1694 1349 1739 est.
1392 1687 1535 1742 Bene
1591 1698 1775 1742 autem

198 1763 407 1819 dicitur
439 1767 762 1838 principium
803 1772 1009 1828 doloris
1045 1775 1164 1839 iste,
1192 1777 1315 1846 quia
1351 1788 1404 1832 et
1439 1780 1630 1850 reliqui
1665 1780 1777 1853 fra-

1888 572 1979 640 qui
2035 570 2296 626 fortitudo
2331 572 2476 625 illius
2511 572 2633 633 fuit,
2667 576 2890 640 quando
2934 574 3123 647 [Forte
3168 576 3465 648 quondam]

1889 662 1942 716 in
1993 666 2329 734 patriarchis
2387 676 2441 720 et
2492 668 2773 737 prophetis
2807 678 2859 722 et
2900 671 3110 725 ueteris
3155 671 3466 740 quibusqme

1886 755 2203 814 fortissimis
2250 760 2380 813 viris
2416 768 2606 815 contra
2666 761 3027 815 ilololatriam
3080 772 3133 817 et
3199 764 3458 817 vitiorum

1885 849 2129 902 omnium
2168 852 2434 919 impuram
2462 864 2738 909 catervam
2775 855 2987 909 fortiter
3015 856 3319 919 dimicavit,
3363 858 3457 927 qui

1885 946 2067 994 tamen
2099 943 2423 1011 principium
2449 947 2653 999 doloris
2671 948 2788 1016 ejus
2821 948 3138 1015 prrexstitit
3170 948 3211 1009 ³,
3237 952 3458 1017 quando

1883 1031 2208 1089 adveniente
2268 1033 2550 1089 Salvatorc
2584 1038 2636 1091 in
2677 1038 3061 1094 inet-edulitatc
3108 1055 3453 1108 permanens.

1882 1127 2185 1182 doctrinam
2222 1129 2366 1184 illius
2396 1130 2674 1196 suscipere
2704 1143 2883 1186 mente
2916 1131 3123 1185 tumida
3157 1134 3453 1186 recusavit.

1885 1218 2038 1275 Unde
2073 1220 2332 1277 Dominus
2374 1223 2564 1277 videns
2589 1224 2861 1277 civitatem
2896 1223 3218 1289 Jerusalem,
3241 1222 3455 1277 ﬂevisse

1884 1311 2086 1366 dicitur
2135 1331 2149 1367 :
2207 1329 2259 1367 et
2336 1315 2386 1367 iu
2446 1317 2633 1369 Lazari
2690 1317 3111 1371 resuscitatione
3167 1332 3266 1386 pro
3337 1315 3454 1382 ejus

1885 1407 2069 1477 p0puli
2124 1408 2367 1462 caecitate
2416 1409 2748 1478 lacrymatus
2780 1426 2900 1465 esse
2942 1411 3278 1479 perhibetur.
3317 1409 3452 1463 Cum

1884 1508 2064 1553 autem
2118 1500 2334 1559 dicitur,
2384 1502 2526 1566 prior
2572 1505 2623 1554 in
2654 1505 2805 1556 donis
2835 1519 2853 1556 :
2891 1503 3200 1557 ostenditur
3234 1503 3449 1570 quidem

1884 1592 2225 1659 praecessisse
2271 1595 2520 1648 eumdem
2576 1599 2829 1664 populum
2892 1599 3211 1651 muneribus
3261 1611 3289 1648 a
3347 1594 3454 1646 Deo

1882 1685 2116 1747 collatis,
2162 1686 2578 1740 subsccuturam
2631 1702 2761 1739 vero
2818 1688 3058 1752 gentium
3124 1686 3451 1748 Ecclx'siani,

1882 1792 2003 1844 qure
2065 1777 2270 1831 eisdem
2314 1785 2367 1831 et
2421 1777 2589 1831 multo
2632 1776 2934 1845 potioribus
2992 1786 3140 1829 esset
3198 1777 3447 1829 donanda

199 1866 312 1911 tres
346 1862 588 1916 accusati
626 1874 754 1918 sunt
788 1881 817 1920 a
842 1866 999 1922 beato
1028 1866 1228 1938 Ioseph
1258 1872 1399 1938 apud
1429 1884 1635 1940 patrem
1666 1877 1773 1929 cri—
1806 1879 1850 1937 Β
1879 1869 2319 1923 charismatibus.
2348 1870 2480 1923 Cum
2515 1885 2644 1923 vero
2671 1870 2974 1938 subjuugit,
3003 1870 3175 1938 major
3202 1870 3445 1936 imperio,

198 1949 350 2005 mine
376 1954 633 2019 pessimo.
658 1956 810 2022 Quod
831 1970 1008 2014 autem
1030 1962 1124 2025 ait,
1151 1966 1297 2031 prior
1316 1966 1369 2017 ivt
1389 1967 1539 2019 donis
1559 1967 1773 2037 (Ibid.),

198 2038 267 2093 ad
302 2045 659 2114 primogenita
695 2050 926 2116 pertinet
957 2066 1076 2118 qua:
1104 2053 1181 2105 illi
1218 2063 1473 2124 tanquam
1509 2059 1777 2127 primoge-

199 2134 319 2187 nito
360 2136 703 2192 debebantur
736 2156 749 2193 :
783 2143 926 2211 quod
965 2158 1092 2198 vero
1126 2145 1425 2216 subjuugit,
1460 2151 1636 2218 major
1671 2150 1775 2202 im-

197 2227 346 2293 perio
386 2225 601 2297 (Ibid.),
636 2240 821 2301 aperte
850 2234 1159 2290 declaratur
1191 2238 1255 2291 ad
1282 2254 1403 2293 eum
1426 2242 1772 2310 pertinuisse,

198 2328 258 2373 ut
292 2321 355 2373 de
379 2322 498 2391 ejus
529 2324 742 2380 semine
778 2342 932 2399 reges
966 2328 1304 2399 reliquorum
1339 2331 1567 2386 fratrum
1618 2348 1772 2386 crea-

199 2418 406 2463 rentur.
431 2410 584 2476 Quod
607 2427 734 2467 vero
761 2415 856 2480 ait,
885 2415 1083 2483 e/j’usus
1112 2433 1163 2472 es
1189 2420 1324 2471 sicut
1345 2436 1481 2488 aqua
1502 2418 1663 2483 (Ibid.
1696 2419 1770 2488 4),

198 2503 349 2557 hunc
402 2504 565 2559 habet
617 2521 837 2561 sensum
876 2526 889 2562 :
930 2506 1084 2562 Sicut
1119 2524 1256 2579 aqua
1299 2526 1417 2579 qute
1475 2525 1601 2565 vase
1666 2527 1771 2565 non

195 2596 511 2663 cohibetur,
561 2613 1003 2668 quaquaversum
1065 2602 1207 2667 fluit,
1256 2611 1311 2657 et
1364 2602 1456 2656 ubi
1514 2602 1772 2658 declivior

197 2689 353 2743 locus
408 2690 755 2745 humiliorem
804 2708 860 2746 se
891 2695 1204 2763 prtehuerit,
1245 2703 1356 2749 toto
1386 2696 1584 2763 impetu
1619 2696 1770 2751 deci-

195 2782 274 2835 dit
324 2800 337 2836 :
374 2782 449 2834 ita
492 2791 546 2835 tu
585 2782 734 2837 nulla
780 2800 1032 2839 mensura
1065 2786 1338 2856 conjugali
1376 2787 1648 2843 libidinem
1684 2803 1774 2843 co-

197 2874 427 2928 hibuisti
467 2891 481 2929 :
518 2874 611 2930 sed
664 2890 773 2945 quo
835 2884 888 2931 te
938 2878 1172 2946 impetus
1235 2879 1528 2947 voluptatis
1587 2878 1771 2932 allexit

199 2964 310 3034 [Αἰ.
349 2966 701 3037 allexerunt],
751 2982 817 3021 eo
849 2968 1116 3022 sentinam
1171 2977 1278 3024 tute
1314 2970 1770 3040 concupiscentia:

196 3056 493 3113 diﬂ‘udisti.
525 3057 661 3113 Cum
692 3074 819 3113 vero
847 3059 1149 3130 subjungit,
1183 3077 1287 3114 non
1320 3078 1525 3115 crescat
1555 3061 1767 3130 (Ibid),

198 3153 454 3218 prohibet
505 3167 629 3207 eum
680 3154 907 3208 ulterius
935 3170 963 3209 a
1013 3157 1103 3209 tali
1133 3165 1184 3208 et
1219 3157 1383 3211 simili
1415 3156 1763 3223 turpitudine.

1881 1976 1987 2014 non
2037 1963 2233 2015 mirum
2282 1963 2324 2015 si
2363 1963 2662 2016 honoratur
2695 1963 2882 2016 eadem
2936 1978 3090 2031 gens,
3122 1977 3244 2032 qum
3271 1963 3446 2030 prima

1879 2051 2106 2105 credidit
2131 2052 2480 2120 praerogativa
2508 2050 2618 2123 [AL
2640 2049 2937 2123 progativo]
2958 2065 3171 2122 patrum
3194 2070 3208 2108 :
3232 2053 3449 2120 quando

1879 2144 2069 2199 beatus
2091 2146 2363 2213 apostolus
2389 2144 2590 2199 Paulus
2614 2146 2839 2198 multum
2862 2162 2956 2214 per
2978 2162 3194 2199 onmem
3227 2147 3445 2199 modum

1877 2234 2113 2304 amplius
2166 2249 2286 2289 esse
2334 2232 2520 2290 Judazo
2556 2234 2724 2290 dicat.
2764 2236 2927 2289 Addit
2982 2236 3211 2298 interea,
3261 2238 3448 2305 eﬁ‘usus

1876 2343 1928 2380 es
1984 2326 2117 2379 sicut
2169 2342 2328 2393 aqua,
2380 2324 2788 2379 el'frcnatiouem
2847 2325 2989 2379 illitis
3036 2326 3217 2395 populi
3272 2338 3449 2380 mente

1876 2420 2256 2480 considerans,
2290 2419 2378 2489 qni
2412 2434 2751 2488 nequaquam
2787 2434 2915 2473 vase
2963 2419 3096 2488 legis
3140 2434 3205 2473 ac
3246 2435 3442 2489 prtece-

1874 2520 2089 2578 plorum
2150 2511 2462 2563 divinorttm
2509 2512 2783 2565 coercitus
2841 2518 2924 2565 est
2956 2526 3210 2564 mensura
3261 2510 3304 2573 ⁸,
3356 2512 3448 2563 sed

1874 2602 2101 2670 abjectis
2156 2604 2400 2656 omnium
2461 2613 2851 2670 praeceptorum
2919 2603 3011 2656 Dei
3068 2604 3325 2667 vinculis,
3391 2604 3443 2654 in

1877 2694 2177 2748 Salvatoris
2219 2710 2406 2747 necem
2442 2705 2552 2749 toto
2581 2704 2777 2747 conatu
2813 2695 3105 2750 locutionis
3138 2710 3251 2748 sum
3300 2696 3445 2749 rivos

1873 2784 2080 2838 clfudit.
2131 2784 2262 2837 Nam
2311 2786 2456 2854 quod
2497 2802 2591 2855 per
2625 2801 2819 2855 aquam
2861 2786 3063 2839 locutio
3120 2787 3263 2840 bona
3358 2789 3440 2839 vel

1875 2878 2012 2931 mala
2049 2877 2407 2945 significetur,
2447 2878 2729 2946 Scriptura
2780 2878 2934 2931 testis
2982 2887 3064 2930 cst
3093 2878 3295 2939 divina,
3326 2894 3445 2940 qua:

1874 2969 1925 3023 in
1985 2970 2127 3023 bono
2178 2969 2527 3037 dicitquua
2571 2970 2835 3037 proluitda
2889 2968 3043 3021 verba
3085 2985 3149 3021 ea:
3199 2986 3287 3023 ore
3342 2971 3443 3023 viri

1876 3060 2057 3132 (Prov.
2118 3078 2267 3119 xvttt.
2310 3063 2388 3126 4),
2444 3063 2679 3132 itemque
2729 3063 2780 3113 in
2838 3062 3001 3120 malo.
3068 3062 3170 3125 Qui
3216 3064 3437 3115 dimittit

1873 3173 2064 3225 «quam
2097 3168 2252 3224 caput
2287 3167 2359 3208 est
2393 3157 2713 3224 iurgiorum.
2756 3156 2910 3219 Quod
2962 3172 3091 3210 vero
3138 3158 3441 3225 subjnugit,

198 3245 351 3301 L’nde
381 3258 436 3301 et
461 3246 719 3302 Dominus
752 3248 818 3302 ad
847 3246 979 3303 Cain
1027 3247 1181 3319 [ϐοά.
1222 3248 1370 3319 eum}
1412 3247 1650 3303 Peccasti
1691 3259 1767 3312 tu,
1798 3236 1840 3288 (ί
1878 3246 1998 3299 Non
2047 3263 2267 3311 cresras,
2315 3248 2549 3301 ostendit
2594 3248 2846 3301 eumdem
2891 3248 3166 3315 populum,
3212 3250 3355 3302 sicut
3387 3259 3441 3301 ct

194 3340 403 3407 quiesce
428 3338 581 3406 (Ceu.
605 3355 679 3397 tv.
710 3340 760 3405 '7,
784 3356 887 3394 sec.
926 3339 1125 3409 LXX).
1151 3342 1269 3407 Quo
1302 3350 1480 3395 autem
1511 3342 1609 3394 ista
1645 3349 1765 3394 ten-

196 3434 349 3494 dant,
387 3432 676 3501 subjuncta
702 3434 861 3488 verba
896 3442 1201 3487 testantur:
1228 3434 1349 3505 quia
1380 3434 1660 3487 ascendisti
1681 3451 1770 3487 ru-

198 3527 300 3580 bile
327 3529 497 3593 patris
526 3528 622 3591 tui,
656 3538 701 3579 et
734 3527 1015 3581 mandasti
1043 3536 1275 3581 stratum
1304 3529 1417 3595 ejus
1442 3527 1597 3599 (Gen.
1622 3544 1766 3593 xux,

198 3619 276 3680 4).
317 3618 605 3674 Manifeste
636 3621 777 3673 enim
807 3621 889 3673 his
917 3622 1098 3676 verbis
1131 3622 1323 3677 incesti
1356 3626 1583 3687 crimen,
1623 3624 1767 3692 quod

198 3710 290 3763 ille
336 3712 391 3762 in
447 3710 630 3763 Balam
661 3712 1021 3765 concubinam
1056 3714 1223 3779 patris
1257 3714 1339 3768 sui
1400 3715 1765 3779 commiserat,

198 3813 563 3871 exaggerator
596 3824 606 3855 ;
635 3802 778 3868 quod
835 3818 899 3855 ne
925 3804 1010 3855 cui
1047 3804 1229 3857 forsan
1262 3804 1557 3858 violentum
1586 3804 1770 3859 videa-

201 3905 290 3946 tur
324 3907 388 3945 eo
420 3890 562 3959 quod
596 3892 844 3959 superius
886 3892 1225 3962 praemissum
1255 3902 1336 3948 est
1375 3893 1484 3964 [ΑΙ.
1518 3895 1767 3963 praemis-

198 3999 319 4038 sum
359 3981 475 4051 sit].

269 4076 610 4129 Aununtiabo
644 4077 781 4132 vobis
807 4094 922 4149 qua:
952 4088 1166 4133 ventura
1197 4087 1319 4132 sunt
1367 4079 1420 4132 in
1474 4079 1769 4133 novissimis

198 4168 382 4220 diebus
413 4183 427 4222 :
462 4168 647 4222 audiat
676 4170 801 4237 quid
842 4170 977 4224 liber
1008 4170 1457 4239 Paralipomenoa
1481 4170 1547 4224 de
1581 4171 1680 4224 hac
1712 4186 1768 4224 re

198 4257 339 4307 dicat
375 4274 389 4313 :
430 4254 549 4310 Filii
581 4274 780 4327 quoque
812 4257 1008 4323 Ruben,
1048 4259 1140 4312 iste
1171 4259 1552 4329 primogenitus
1598 4258 1768 4311 Israel

202 4351 248 4407 tl
289 4351 473 4403 Paral.
529 4366 581 4416 v,
635 4352 688 4419 5)
723 4370 734 4404 :
774 4352 885 4419 ipse
922 4352 1120 4421 quippe
1160 4353 1180 4382 ²
1215 4351 1314 4405 fuit
1375 4352 1767 4421 primogenitus

199 4445 350 4511 ejus;
394 4443 487 4496 sed
526 4458 647 4496 cum
688 4442 941 4498 violasset
964 4455 1143 4499 torum
1173 4445 1341 4513 patris
1366 4446 1472 4508 sui,
1498 4444 1622 4498 data
1641 4452 1768 4498 sunt

200 4534 556 4602 primogenita
592 4536 709 4603 ejus
742 4534 863 4588 [iliis
894 4533 1119 4603 Joseph,
1192 4536 1317 4589 liliis
1347 4536 1534 4599 ls:-ael,
1567 4545 1620 4591 et
1658 4551 1764 4589 non
1800 4571 1843 4625 ο

197 4638 280 4681 est
334 4636 611 4694 reputatus
645 4627 696 4681 in
727 4627 1139 4697 primogenitum
1178 4647 1189 4683 :
1224 4627 1397 4697 typice
1430 4638 1607 4681 autem
1661 4628 1769 4682 itu-

204 4724 303 4775 ben
339 4720 441 4774 iste
470 4721 859 4787 primogenitus
887 4722 1145 4790 populum
1182 4722 1427 4791 designat
1455 4722 1765 4785 Iudaicum,

200 4817 289 4884 qui
327 4813 722 4884 primogenitus
775 4812 873 4866 fuit
926 4813 1041 4874 Dei,
1074 4814 1224 4883 juxta
1261 4814 1404 4881 quod
1439 4813 1504 4867 de
1540 4814 1630 4867 illo
1660 4812 1763 4866 Do-

205 4908 386 4959 minus
437 4908 501 4956 ad
551 4903 771 4972 Moysen
807 4904 923 4957 ait:
964 4904 1131 4958 Filius
1184 4904 1564 4975 primogenitus
1624 4920 1765 4958 meus

208 4997 380 5051 Israel
411 5008 488 5050 est
511 4995 705 5064 (Exod.
735 5013 807 5059 tv,
839 4995 953 5066 22).
984 4994 1047 5051 Iit
1077 4997 1260 5051 beatus
1288 4995 1576 5060 Ieremias,
1606 4993 1767 5050 Sauc-

276 5195 503 5269 ‘Atque
542 5196 627 5249 hic
662 5198 820 5251 irruit
876 5198 1105 5269 legimus
1136 5214 1166 5253 e
1207 5213 1308 5251 ms.
1343 5208 1440 5262 pro
1470 5209 1577 5263 quo
1604 5203 1762 5252 antea

241 5268 367 5319 ruit.

202 5291 392 5388 dum."
423 5335 540 5390 cod.
573 5334 761 5390 Rubt-n
797 5338 1139 5404 pritnogeniti
1173 5337 1359 5395 Israel.
1385 5338 1499 5406 ipse
1524 5349 1761 5405 quoquc-

278 5410 297 5440 ³
324 5406 655 5458 Lacunulam
719 5408 1090 5475 supplevimus
1122 5426 1149 5462 e
1176 5424 1276 5462 ms.
1299 5411 1459 5461 verbo
1490 5409 1765 5475 prwexsti-

207 5482 269 5534 tit
303 5477 449 5545 quod
490 5486 645 5528 antea
679 5477 865 5529 deerat
898 5496 909 5529 :
942 5494 1063 5533 mox
1113 5480 1277 5533 etiam
1331 5478 1556 5529 verbum
1590 5476 1765 5531 susci-

224 5565 354 5601 iere.

224 5568 354 5601 iere.

209 5568 222 5619 Ι
279 5617 301 5649 δ
340 5617 508 5671 Verba
565 5617 869 5670 Dirinorum
918 5621 1172 5671 coercitus
1220 5629 1295 5673 est
1345 5633 1634 5673 mensura.
1675 5618 1762 5667 sed

214 5688 432 5763 objectis
469 5690 697 5739 omnium
732 5700 1108 5763 praceptorum
1138 5729 1149 5749 ,
1201 5706 1319 5755 qum
1366 5688 1566 5763 ultima!
1603 5685 1761 5763 hujus

220 5757 364 5811 vocis
391 5773 636 5822 recursu,
672 5759 893 5809 solemni
927 5774 1335 5813 amanuensuun
1367 5758 1519 5825 lapsu
1552 5757 1761 5809 excide-

218 5835 359 5893 rant,
392 5842 420 5881 e
460 5844 559 5881 ms.
593 5825 922 5882 sullcrimus.

1874 3340 2044 3392 oeulis
2091 3342 2384 3402 cernimus,
2444 3342 2586 3395 inter
2633 3355 2855 3397 cunctas
2886 3356 3072 3411 gentes
3105 3346 3436 3413 paucissimo

1874 3446 2101 3484 munero
2153 3432 2477 3486 diminutum
2512 3450 2722 3503 :quare
2777 3444 2956 3488 autem
3012 3436 3108 3489 ista
3148 3451 3439 3503 perpessus

1872 3524 1964 3587 sit,
2020 3525 2301 3591 subjuncta
2341 3528 2499 3579 verba
2537 3535 2824 3591 testantur,
2856 3528 2980 3596 quia
3009 3530 3295 3582 ascendisli
3339 3545 3434 3581 cu-

1872 3617 1971 3669 bile
2002 3619 2168 3685 pa'ris
2206 3619 2304 3679 tui,
2337 3628 2384 3670 et
2418 3619 2699 3672 maculasti
2739 3628 2965 3671 stratum
2993 3620 3107 3687 ejus
3139 3636 3157 3672 :
3193 3635 3286 3687 per
3339 3636 3436 3673 cu-

1872 3709 1976 3762 bile
2008 3724 2060 3776 p:
2081 3709 2176 3762 tris
2202 3710 2275 3762 tui
2315 3711 2354 3773 ⁵,
2386 3724 2605 3762 carnem
2638 3709 2937 3764 Salvator-is
2970 3711 3253 3763 insinuans
3288 3728 3302 3766 :
3335 3727 3432 3764 nec

1870 3800 2063 3851 mirum
2101 3797 2276 3851 cubile
2312 3799 2480 3866 patris
2519 3800 2657 3866 ejus,
2695 3808 2882 3865 gentes
2911 3809 2964 3851 et
3007 3813 3207 3866 corpus
3253 3797 3432 3851 Domi.

1871 3891 2046 3943 uicum
2087 3891 2307 3958 intelligi
2347 3906 2360 3944 :
2395 3892 2519 3955 quia
2556 3890 2624 3943 ab
2654 3906 2718 3944 eo
2761 3890 2899 3943 idem
2935 3891 3171 3959 populus
3220 3901 3435 3945 creatus

1869 3991 1971 4034 cst.
2018 3981 2150 4033 Nam
2197 3982 2459 4048 scriptum
2518 3983 2583 4034 dc
2602 3997 2685 4044 eo,
2730 3980 2920 4035 Omnia
2974 3997 3065 4046 per
3096 3983 3259 4048 ipsum
3290 3983 3432 4050 facta

1870 4082 1991 4125 sttnt
2046 4072 2226 4139 (Joan.
2264 4090 2300 4137 ι,
2332 4074 2417 4140 5);
2455 4088 2548 4141 per
2597 4081 2827 4127 stratum
2871 4088 2997 4125 vero
3040 4074 3181 4127 idem
3233 4089 3432 4144 corpus

1870 4166 2186 4233 itttcll‘gitur
2219 4179 2232 4216 :
2262 4166 2405 4232 quod
2470 4164 2623 4233 quasi
2649 4180 2675 4215 a
2707 4162 2909 4218 Judaais
2955 4165 3287 4219 maculatum
3328 4178 3427 4229 est,

1868 4260 2085 4325 quando
2137 4271 2325 4309 eorum
2376 4257 2769 4309 acclamatione
2831 4256 3092 4312 Dominus
3153 4259 3208 4311 in
3271 4273 3430 4313 cruce

1868 4364 2187 4418 suspensus,
2220 4358 2273 4401 et
2306 4349 2491 4400 lancea
2532 4348 3003 4404 transverberatus
3040 4363 3203 4419 atque
3233 4366 3428 4407 cruore

1873 4444 2092 4513 proprio
2123 4452 2201 4495 est
2237 4442 2510 4507 perfusus.

2050 4532 2406 4590 SECUNDUS
2447 4533 2884 4587 PATRIARCHA
2915 4575 2929 4598 ,
2970 4535 3243 4593 SIMEON.

1944 4628 2154 4681 Simeon
2184 4638 2228 4680 et
2281 4626 2399 4677 Levi
2448 4642 2570 4677 vasa
2607 4626 2898 4693 iniquitatis
2929 4627 3183 4681 bellantia
3219 4631 3238 4662 ⁸
3272 4632 3423 4699 (Gen.

1870 4733 2011 4777 κως,
2046 4716 2120 4784 5).
2152 4713 2303 4768 Patet
2326 4714 2517 4767 littera:
2542 4729 2757 4777 sensus,
2785 4716 2908 4783 quia
2936 4716 2989 4769 hi
3014 4718 3116 4771 duo
3139 4719 3331 4776 fratres
3357 4724 3427 4776 ob

1871 4810 2236 4862 ulciscendum
2286 4816 2535 4873 stuprum
2585 4806 2811 4868 sororis,
2849 4806 3140 4861 subornata
3186 4825 3319 4877 pace
3370 4824 3422 4865 ct

1872 4903 2010 4955 lit-tis
2049 4899 2302 4953 amicitiis
2330 4899 2661 4966 deceperttnt
2689 4897 2917 4967 Sychem
2944 4907 2995 4953 et
3021 4898 3184 4955 Emor
3215 4911 3418 4968 patrem

1869 4994 2034 5055 illius,
2077 5007 2211 5061 quos
2245 5008 2370 5044 rasa
2410 4989 2703 5055 iniquitatis
2735 4990 2986 5045 bellantia
3011 4994 3275 5060 nominat,
3296 4998 3423 5064 quia

1938 5199 1956 5228 ³
1990 5195 2042 5248 lu
2080 5210 2182 5249 ms.
2218 5196 2294 5246 tui
2340 5200 2499 5245 tacet.
2534 5188 2608 5242 Ex
2642 5205 2747 5255 quo
2782 5204 2908 5241 mox
2953 5190 3116 5245 verba
3164 5204 3333 5260 gentes
3375 5206 3422 5247 et

1865 5282 2051 5334 corpus
2104 5265 2480 5334 Dominirum,
2514 5262 2867 5314 emendamus
2909 5275 3007 5329 pro
3061 5262 3259 5330 quibus
3309 5276 3423 5317 erat

1866 5332 2029 5406 gen-lis
2057 5332 2577 5406 cat'ptteromiuica'.

1937 5408 1955 5437 ‘
2004 5400 2390 5469 Prosequituur
2436 5417 2499 5453 ex
2552 5400 2738 5453 eodem
2794 5413 2895 5451 ms.
2948 5401 3235 5469 pericopen
3284 5402 3423 5455 hanc

1867 5477 2023 5530 aliam
2056 5476 2117 5525 de
2151 5474 2370 5525 Sttucon
2406 5474 2468 5522 ad
2509 5471 2665 5521 linem
2699 5484 2890 5535 usque,
2922 5486 3023 5539 pro
3054 5486 3157 5538 qua
3194 5473 3245 5522 in
3282 5470 3422 5524 Mar-

1869 5546 2043 5599 tianaci
2081 5543 2320 5595 editione
2370 5540 2525 5609 pauci
2576 5553 2769 5593 versus
2809 5553 2874 5590 ex
2928 5554 3052 5593 vero
3091 5540 3422 5609 Hieronymo

1867 5616 2336 5672 tlescrilwbantur,
2374 5609 2686 5671 monuitque
2724 5609 2838 5671 ipse
2873 5609 3045 5659 editor
3080 5619 3271 5660 (διείργει
3318 5611 3415 5661 Ita-

1869 5685 1977 5736 'ti‘l'i
2026 5681 2245 5735 totidem
2303 5679 2545 5731 \ersibus
2591 5677 2640 5728 iu
2712 5678 2767 5731 S.
2796 5676 2969 5731 Patris
3028 5676 3422 5740 Qua'stionibus

1873 5754 2143 5805 llt'ln'ttit‘is
2174 5766 2333 5818 supra
2369 5750 2549 5802 editis.
