2102 3404
366 206 433 239 i379
1065 210 1271 241 API‘ENIHX.
1925 209 1989 241 138:)

364 263 488 298 iniquum
510 263 585 290 valde
602 264 651 290 fuit
665 264 813 292 amicitiam
835 265 1022 300 prmtendissr,
1040 269 1067 293 et
1086 273 1145 293 eam
1162 269 1181 298 Α
1200 266 1315 293 victoria
1334 270 1361 294 et
1380 267 1469 302 potius
1489 267 1563 295 cmde
1578 267 1701 303 gloriari.
1718 268 1742 294 in
1759 274 1813 301 qua
1829 274 1883 293 non
1904 266 1988 293 virtus

364 315 457 344 postea
474 310 635 344 prodidisse.
651 309 684 337 Iit
699 311 810 339 concilio
821 320 910 339 eorum
927 319 958 337 ne
978 312 1066 338 ueniat
1083 312 1145 337 aui-

364 365 407 384 ma
421 364 477 382 mea
491 355 575 391 (Ibid.
592 356 631 391 6).
654 357 783 385 videlicet
805 365 950 385 exsecraris
973 365 1083 385 omnem
1109 359 1147 385 si-

365 403 494 429 mulatam
524 410 629 438 pacem.
655 403 732 431 Unde
757 409 782 431 et
810 404 907 431 beatus
935 404 1018 431 David
1045 405 1147 432 talibus

364 450 519 483 quibusque
532 450 601 477 ﬁctis
620 450 793 485 iinprccatnr.
817 452 862 486 qui
886 451 1032 486 loquuntur
1054 459 1147 486 pacem

362 503 421 522 cum
445 497 564 530 proximo
587 504 651 529 suo.
677 498 747 523 mala
771 502 859 524 autent
885 503 947 525 sunt
974 499 1001 524 in
1024 499 1145 525 cordibus

363 550 462 569 eorum.
488 541 528 569 Da
552 543 605 570 illis
636 543 777 570 secundum
808 552 886 579 opera
916 546 1032 579 ipsorum
1054 543 1144 578 (I’sal.

365 596 448 620 xxvii.
458 589 484 620 5,
494 590 534 622 4).
547 589 624 623 Quod
641 598 704 618 vero
718 591 869 626 subiungit,
878 597 904 618 et
916 591 942 617 in
955 596 1021 618 metu
1037 591 1145 617 illorum

1201 312 1343 339 bellatoris
1359 318 1467 348 poterat
1486 313 1594 341 laudari
1609 333 1616 346 ,
1641 314 1688 340 sed
1706 315 1800 348 potius
1817 312 1927 340 falsitas
1942 313 1989 339 deo

1199 359 1318 394 capturis
1335 360 1457 395 coargui.
1477 360 1549 393 Quia
1566 361 1593 387 in
1609 361 1699 394 furore
1715 368 1763 386 suo
1779 359 1936 386 occiderunt
1953 360 1987 385 ri-

1201 414 1268 437 rum,
1286 412 1310 432 et
1325 406 1352 432 in
1367 407 1501 433 voluntate
1516 414 1565 433 sua
1574 407 1738 441 suﬁ'oderunt
1755 414 1861 432 murum
1881 404 1985 439 (Ibit).

1201 451 1251 478 l‘cr
1264 452 1351 479 virum
1369 452 1486 488 Sycliem
1504 452 1617 488 intelligi
1640 453 1730 485 debet,
1747 457 1774 480 et
1786 460 1836 487 per
1851 459 1916 479 eu.”
1933 460 1987 477 uni-

1201 506 1249 526 nes
1265 499 1311 533 qui
1331 499 1390 534 ejus
1408 507 1491 527 causa
1520 500 1653 535 perempti
1666 503 1730 526 sunt
1749 498 1825 532 (Cen.
1851 506 1944 529 usiv.
1956 497 1988 524 25

1200 553 1260 580 seqq
1274 546 1295 580 ).
1312 545 1446 574 Suﬂ'ossio
1464 550 1556 574 autem
1575 547 1644 574 muri
1668 554 1723 574 non
1745 547 1857 580 quidem
1877 546 1905 573 in
1922 546 1987 572 libro

1201 592 1338 620 Geueseos
1351 593 1451 628 legitur
1465 593 1566 620 ibidem
1579 593 1664 621 fuisse
1681 596 1798 629 patrata.

365 642 415 660 non
430 635 557 670 siiglori’a
574 643 630 663 mea
642 635 720 671 (Cen.
732 644 805 669 nix,
820 636 859 671 6),
873 636 981 664 nolebat
993 636 1088 671 utique
1100 637 1145 664 tali

375 744 1983 763 mm

752 755 904 762 .——.

704 835 927 869 ADMONITIO
948 835 989 866 IN
1011 835 1108 867 DUOS
1129 834 1355 872 SEQUENTES
1375 834 1607 865 TRACTATUS
1620 836 1641 865 '.

404 995 607 1029 Quzcstionibus
620 989 763 1022 Hebraicis
778 994 804 1021 in
817 995 956 1027 Genesim,
975 995 1095 1030 genuino
1109 993 1269 1029 Hieronymi
1285 994 1373 1028 operi.
1398 993 1470 1027 quod
1491 1000 1574 1027 supra
1594 994 1797 1026 recensuimus,
1814 993 1890 1020 duos
1911 994 1989 1022 linsrc

369 1042 537 1076 apocryplios
553 1039 700 1067 Tractatus
716 1039 848 1065 continuo
867 1039 988 1066 subdunt
1003 1039 1124 1073 plerique
1140 1045 1206 1065 mss.
1223 1037 1296 1067 libri.
1312 1044 1381 1072 quos
1399 1037 1469 1063 inter
1483 1041 1509 1063 et
1526 1044 1615 1069 meus,
1628 1045 1683 1072 quo
1696 1039 1849 1072 saepissime
1865 1043 1928 1066 utor
1943 1039 1989 1065 lioc

370 1090 452 1112 toruo.
472 1084 503 1111 Et
520 1084 595 1118 prior
610 1082 732 1116 quidem,
747 1081 792 1117 qui
811 1081 848 1108 ibi
869 1081 1031 1116 Explanatio
1047 1081 1135 1108 decent
1164 1081 1348 1108 Tentatioimm
1360 1088 1392 1106 ea:
1410 1080 1613 1108 Deuteronomio
1636 1080 1807 1113 inscribitur,
1819 1082 1929 1116 jamdiu
1944 1091 1990 1109 aii-

369 1134 410 1156 tea
428 1128 516 1154 locum
536 1128 606 1153 inter
622 1126 691 1153 falso
709 1125 811 1152 tributa
827 1125 856 1152 S.
874 1125 983 1153 Ductori
999 1133 1083 1160 opera
1100 1125 1259 1158 obtinebat;
1278 1125 1346 1151 alter
1365 1131 1439 1155 vero.
1467 1123 1545 1156 cujus
1569 1125 1633 1151 item
1651 1125 1748 1151 titulus
1765 1125 1791 1152 in
1816 1132 1851 1152 eo
1870 1133 1923 1153 ms.
1940 1131 1989 1156 cst.

369 1171 531 1205 Eaplanatio
545 1169 649 1197 Cantici
672 1168 795 1196 Debbarte
810 1173 835 1195 et
846 1168 950 1195 Baracli
963 1177 995 1196 ex
1005 1170 1072 1196 libro
1085 1170 1223 1202 Judicum,
1240 1169 1357 1204 primum
1373 1168 1523 1196 subdititiis
1539 1168 1638 1195 ictibus
1652 1176 1666 1195 a
1679 1168 1835 1197 Martianaeo
1847 1170 1990 1204 adjunctus

368 1220 410 1242 est
428 1222 460 1242 ac
478 1215 613 1248 vulgatus.
630 1212 779 1247 Utriusque
796 1212 954 1244 Auctorem.
968 1221 1049 1248 quem
1071 1221 1155 1240 unum
1173 1213 1357 1246 eumdemque
1375 1219 1437 1239 esse
1455 1219 1487 1238 ex
1505 1211 1565 1246 styli
1589 1219 1631 1243 ac,
1645 1213 1844 1239 sententiarum
1862 1214 1990 1240 similitu-

369 1260 433 1286 dine
472 1258 539 1285 nihil
554 1265 596 1285 cst
610 1257 733 1289 dubium,
749 1257 836 1284 editor
853 1257 1048 1284 Bciiedictiiius
1062 1265 1123 1284 eum
1144 1261 1221 1291 putat
1235 1264 1295 1284 esse
1311 1256 1464 1287 llebrzeuin,
1481 1256 1574 1283 nescio
1586 1263 1666 1291 quem
1686 1264 1700 1282 a
1720 1255 1831 1284 Iuliano
1847 1257 1987 1284 laudatum

369 1302 578 1329 I’rmfatioiiibns
594 1301 858 1329 Commentariorum
878 1301 904 1328 in
925 1301 1010 1328 libros
1024 1301 1126 1336 Regum
1143 1305 1169 1327 et
1188 1300 1426 1334 Paralipomenon.
1439 1307 1518 1333 quem
1539 1307 1636 1327 rursus
1646 1299 1771 1326 eumdem
1785 1307 1849 1327 cum
1866 1308 1900 1327 eo
1911 1302 1983 1332 facit,

369 1347 415 1381 qui
436 1347 461 1373 in
481 1346 556 1381 ipsas
571 1344 673 1379 Regum
688 1349 715 1371 et
732 1344 956 1379 Paralipomenon
973 1345 1057 1372 libros
1073 1344 1238 1377 Qua’stioncs
1263 1343 1416 1374 Hebraicas.
1435 1343 1501 1370 falso
1517 1343 1610 1371 itidem
1637 1342 1805 1378 Hieronymo
1831 1344 1987 1379 inscriptas,

370 1398 488 1425 morque
502 1398 516 1417 a
531 1389 610 1416 nobis
627 1381 862 1422 recognoscendas
878 1389 1065 1417 concinnavit.
1081 1389 1109 1416 In
1125 1397 1207 1424 quam
1224 1396 1274 1422 ego
1290 1387 1454 1415 sententiain
1472 1395 1525 1414 non
1552 1387 1656 1414 invitus
1672 1389 1861 1415 concesserim
1881 1396 1889 1415 :
1908 1388 1989 1422 siqui.

370 1434 430 1461 dein
448 1433 567 1460 maxima
590 1433 615 1458 in
632 1431 778 1459 scribendo
794 1432 865 1459 inter
880 1437 1029 1467 utrumque
1048 1433 1195 1460 intercedit
1209 1432 1310 1466 ingenii
1335 1431 1496 1459 similitudo.
1520 1431 1619 1459 Verum
1636 1439 1724 1466 neque
1740 1433 1812 1459 istud
1828 1437 1986 1467 praeteream

370 1478 596 1508 animadvertere,
610 1476 670 1503 "non
687 1476 772 1502 videri
793 1475 937 1504 Tractatus
953 1476 1021 1504 istos
1037 1484 1187 1511 eorumque
1202 1476 1346 1503 Auctorem
1359 1475 1471 1502 Raliano
1486 1476 1648 1508 iiinotuissc.
1668 1483 1728 1503 cuiu
1745 1475 1950 1504 Deuteronomii
1962 1483 1990 1503 ac

371 1521 498 1548 Judicuin
519 1520 603 1547 libros
618 1518 857 1554 interpretaretur.
878 1520 998 1555 Denique
1011 1521 1155 1552 Erasmus.
1169 1521 1202 1548 de
1218 1520 1320 1555 priore,
1339 1521 1411 1554 quod
1427 1520 1507 1553 plane
1520 1519 1597 1547 dicas
1616 1524 1643 1547 et
1659 1520 1692 1547 de
1708 1520 1812 1552 altero,
1830 1521 1873 1547 sic
1885 1521 1988 1556 judica-

372 1567 419 1592 vit.
440 1565 532 1600 Stylus
548 1569 589 1592 est
607 1571 659 1591 nou
679 1564 795 1597 alicujus
809 1565 969 1592 receiitioris
986 1573 993 1591 :
1012 1569 1124 1598 apparet
1140 1565 1321 1599 fragmentum
1336 1572 1397 1592 esse
1417 1565 1575 1598 decerptum
1599 1571 1633 1591 ex
1660 1564 1876 1592 Commentariis
1903 1565 1987 1592 alicu-

370 1609 415 1643 jus
433 1617 439 1634 :
456 1616 518 1635 nam
535 1613 562 1635 et
580 1609 725 1641 abruptum
740 1613 782 1634 est
801 1607 907 1635 initium
928 1612 956 1635 et
972 1607 1100 1635 similiter
1116 1608 1227 1640 desinit,
1249 1613 1279 1635 ιιι
1304 1608 1410 1642 incipit.
1425 1607 1519 1642 Neque
1536 1608 1615 1635 video
1631 1616 1681 1635 cur
1698 1609 1846 1643 quisquam
1867 1610 1919 1636 hoc
1932 1609 1986 1636 exi-

372 1653 491 1679 stimarit
508 1652 672 1687 liieronyino
689 1651 874 1684 tribuendum,
894 1651 948 1679 nisi
963 1650 1032 1679 forte
1045 1652 1176 1686 deceptus
1193 1652 1244 1679 hac
1264 1652 1433 1686 conjectura,
1454 1652 1525 1687 quo-.I
1558 1652 1754 1686 interpretatur
1781 1652 1892 1688 aliquot
1916 1661 1990 1681 voces

373 1695 533 1724 llebraicas.

876 1798 1968 1812 ___—____—

487 1898 658 1937 DECEM
712 1896 1079 1937 TENTATIONES
1116 1894 1306 1935 POPULI
1337 1896 1516 1936 ISRAEL
1544 1897 1598 1936 ΙΝ
1640 1896 1891 1937 DESERTO.

1160 2004 1194 2011 ..η

413 2071 476 2100 Ilaec
492 2076 551 2099 sunt
571 2072 657 2104 verba,
675 2079 731 2105 quru
754 2071 855 2098 locutus
872 2077 908 2099 est
925 2071 1028 2106 Moyses
1045 2073 1079 2098 ad
1095 2081 1152 2099 om-
1171 2077 1191 2103 Β
1206 2071 1232 2097 in
1247 2070 1341 2100 Exodo
1358 2069 1459 2104 legitur
1474 2076 1482 2096 :
1500 2067 1631 2103 Jurgatus
1646 2069 1755 2101 populus
1770 2074 1868 2096 contra
1887 2070 1988 2106 Moysen

377 2127 434 2145 uem
453 2118 546 2150 Israel,
560 2117 586 2143 in
603 2117 718 2143 transitu
738 2117 877 2150 Iordanis,
897 2117 924 2143 in
947 2117 1100 2150 solitudine,
1130 2118 1157 2143 in
1209 2119 1270 2144 ait:
1295 2117 1334 2143 Da
1353 2117 1428 2144 nobis
1449 2124 1545 2150 aquam
1562 2120 1588 2141 ut
1606 2115 1725 2143 bibamus
1745 2115 1847 2146 (Exod.
1870 2126 1937 2148 uii,
1952 2118 1986 2144 Ξῖ.

377 2164 528 2198 campestri,
548 2169 640 2189 contra
665 2171 738 2190 mare
762 2162 890 2193 Rubrum,
907 2163 975 2189 inter
999 2161 1116 2189 Pharum
1133 2169 1157 2190 ct

380 2210 503 2245 Tliupliel,
520 2214 543 2237 et
559 2209 649 2236 Labaii
669 2214 693 2235 et
711 2209 816 2235 Merotli
841 2214 865 2235 et
881 2208 940 2234 auri
955 2208 1157 2235 abundantiam.

379 2256 503 2283 Undecim
518 2255 617 2281 dieru-n
637 2256 686 2280 iter
703 2254 734 2280 de
751 2254 833 2280 IIorcb
852 2254 886 2280 ad
902 2259 1015 2280 montem
1031 2253 1099 2286 Seir,
1113 2262 1158 2280 us-

378 2311 426 2337 que
440 2301 628 2329 Cocles-Barac
649 2300 742 2330 (Deut.
765 2308 782 2330 i.
800 2301 826 2330 1,
843 2300 882 2334 Ξ).
900 2300 961 2327 Haec
976 2305 1041 2327 Sunt
1055 2301 1135 2327 verba
1151 2320 1159 2333 ,

377 2349 477 2382 quibus
504 2347 637 2381 corripuit
665 2346 770 2381 Moyses
796 2345 865 2372 lilios
892 2345 975 2372 Israel
992 2354 1040 2380 pro
1059 2346 1155 2372 decem

379 2393 588 2423 tciitaiionibus,
602 2392 701 2426 quibus
717 2391 861 2418 Dominum
879 2395 1062 2418 tiintaverunt.
1082 2391 1159 2418 [inde

379 2440 510 2466 Dominus
525 2440 552 2465 in
569 2438 637 2464 libro
655 2437 836 2464 Numerorum
854 2437 920 2463 dicit
934 2446 940 2463 :
954 2437 985 2463 At
1006 2445 1093 2463 omnes
1113 2439 1158 2463 lio-

380 2486 460 2511 uiines
477 2484 521 2518 qui
536 2484 652 2510 viderqu
670 2482 834 2516 niajeslateni
852 2490 948 2513 meam,
964 2488 987 2509 et
1007 2483 1083 2517 signa
1100 2492 1158 2517 qua:

378 2531 429 2565 feci
446 2531 472 2556 iii
489 2528 602 2564 .IEgypto
618 2534 642 2555 et
667 2529 693 2554 in
716 2528 866 2559 solitudine.
889 2533 913 2554 et
938 2533 1100 2554 teutarerunt
1120 2537 1159 2555 mc

375 2577 434 2611 jam
450 2583 498 2608 per
511 2578 599 2601 decem
617 2574 694 2606 uices,
711 2582 755 2599 nec
774 2574 926 2600 obedieruiit
943 2575 997 2600 uici
1015 2582 1088 2607 meas,
1106 2582 1157 2600 non

381 2622 502 2648 ridebunt
525 2625 624 2647 terram
650 2628 696 2654 pro
724 2628 775 2653 qtta
800 2620 890 2654 juravi
916 2620 1036 2653 patribus
1069 2629 1159 2647 eorum

383 2666 479 2702 (Nam.
495 2673 551 2696 xtv,
567 2664 612 2695 εἰ.
627 2664 684 2698 25).
701 2664 775 2696 Quae
801 2666 965 2691 tetitatioucs
983 2665 1024 2691 liic
1042 2666 1160 2692 breviter

383 2717 409 2738 i-t
421 2712 536 2739 obscure
548 2710 654 2744 Moyses
668 2714 810 2736 enumerat
825 2710 917 2738 dicens
933 2718 939 2736 :
957 2710 989 2737 In
1005 2711 1159 2743 solitudine,

384 2758 411 2784 in
429 2764 480 2791 qua
496 2757 618 2783 ostendit
633 2763 681 2783 eos
704 2764 751 2791 pro
770 2764 845 2790 aqua:
863 2757 975 2791 penuria
994 2758 1100 2784 duabus
1121 2758 1162 2784 vi-

385 2803 462 2829 cibus
485 2806 605 2829 tentasse
628 2801 784 2828 Dominum.
802 2802 838 2829 De
852 2803 938 2836 prima
954 2803 1107 2830 tentutione
1125 2805 1160 2830 ita

419 2858 426 2873 '
444 2857 513 2886 Editi
530 2857 590 2883 libri
608 2857 678 2892 hunc
698 2857 786 2883 locum
803 2862 952 2887 mutarunt.
970 2859 1061 2892 legunt
1077 2860 1160 2887 enim:

383 2892 452 2924 Quia
465 2893 625 2925 periiiiendos
640 2891 781 2926 quyptios
796 2901 850 2919 esse
869 2893 953 2927 Moysi
977 2891 1028 2920 non
1044 2895 1159 2920 credide-

383 2932 455 2958 runt,
472 2927 521 2953 sibi
535 2927 575 2959 de,
590 2932 643 2954 etc.
661 2927 724 2954 Mss.
749 2935 843 2954 o.ii:ies
871 2934 997 2962 retinent,
1016 2929 1088 2963 quod
1107 2937 1157 2956 iies

1208 2165 1313 2198 Quibus
1330 2162 1470 2196 respondit
1487 2162 1592 2197 Moyses
1612 2171 1617 2189 :
1635 2162 1706 2195 Quid
1727 2163 1882 2197 jurgamini
1902 2169 1988 2190 contra

1209 2219 1248 2237 me
1273 2218 1282 2237 :
1308 2218 1355 2236 tur
1378 2210 1486 2235 teatatis
1513 2208 1650 2235 Dominum
1678 2208 1798 2243 (Ιόίά,)ῗ
1820 2209 1860 2236 De
1879 2211 1989 2236 secunda

1210 2255 1359 2282 Ieiitatione
1382 2255 1418 2281 ita
1435 2255 1462 2281 in
1480 2254 1550 2281 libro
1566 2254 1747 2281 Numerorum
1766 2254 1874 2282 dicitur
1891 2264 1897 2281 ε
1918 2255 1989 2281 Cun-

1210 2309 1258 2335 que
1273 2300 1400 2335 indigeret
1418 2309 1486 2335 aqua
1505 2300 1628 2334 populus,
1645 2304 1699 2326 etc.
1719 2299 1812 2333 (Nam.
1832 2309 1882 2331 xx.
1897 2302 1935 2331 Si.
1950 2308 1989 2327 us-

1210 2354 1263 2380 que
1278 2347 1311 2373 ad
1330 2353 1390 2372 eum
1410 2346 1496 2372 locum
1510 2346 1536 2372 in
1556 2353 1610 2379 quo
1627 2346 1664 2372 ait
1680 2354 1687 2371 :
1704 2344 1759 2371 IIoc
1776 2352 1828 2375 est.
1846 2355 1918 2380 aqua
1936 2354 1990 2371 ωηο

1211 2392 1382 2422 :railictioiiis.
1400 2392 1444 2418 ubi
1466 2392 1565 2424 iurgari
1586 2395 1647 2417 sunt
1662 2390 1710 2424 ﬁlii
1726 2390 1815 2418 Israel
1833 2398 1926 2418 contra
1943 2392 1990 2418 Do-

1210 2440 1319 2469 minum,
1334 2443 1358 2464 et
1373 2438 1554 2471 sanctiﬁcatus
1567 2443 1603 2464 est
1620 2438 1646 2463 in
1659 2437 1695 2463 eis
1721 2436 1791 2470 [Ibid
1801 2458 1808 2465 .
1832 2438 1890 2472 13).
1907 2437 1988 2464 Tertia

1211 2485 1323 2511 tentatio
1350 2485 1505 2511 continetur
1528 2484 1554 2510 in
1572 2491 1604 2510 eo
1628 2483 1700 2518 quod
1724 2485 1762 2510 ait
1781 2491 1788 2510 :
1808 2484 1841 2510 lu
1858 2485 1989 2517 campestri

1210 2536 1301 2558 contra
1315 2539 1388 2558 mare
1404 2530 1531 2557 Rubrum.
1549 2531 1578 2557 In
1596 2538 1651 2565 quo
1666 2530 1726 2557 loco
1739 2536 1935 2557 murinurasse
1954 2530 1990 2555 di-

1209 2583 1309 2604 cuntur
1324 2583 1419 2604 contra
1433 2577 1589 2606 Dominum.
1602 2577 1663 2610 quia
1676 2582 1836 2611 peremptos
1851 2576 1985 2611 Algyptios

1211 2622 1304 2654 fuisse,
1322 2622 1404 2657 Moysi
1420 2630 1473 2649 non
1500 2621 1680 2649 crediderunt
1696 2622 1703 2636 ‘
1720 2620 1772 2648 sibi
1795 2622 1830 2648 de
1845 2623 1927 2648 verbo
1942 2620 1988 2646 υ.»-

1210 2668 1275 2695 ηιίηἰ
1289 2668 1400 2699 dicenti,
1416 2668 1462 2694 sed
1479 2668 1571 2702 potius
1587 2675 1637 2694 eos
1655 2674 1683 2694 se
1697 2667 1832 2701 subsequi
1849 2667 1989 2694 timuerunt

1212 2713 1307 2745 (Exod.
1331 2721 1375 2746 xv,
1401 2713 1456 2748 ἵε).
1479 2713 1556 2741 Unde
1580 2712 1702 2739 dit-itur:
1723 2711 1822 2739 Patres
1841 2713 1925 2738 nostri
1944 2719 1988 2737 non

1213 2760 1397 2787 intellexerunt
1416 2761 1551 2787 mirabilia
1569 2762 1589 2793 ¹,
1608 2766 1660 2787 etc.
1677 2759 1766 2795 (Psal.
1782 2767 1828 2791 cv.
1843 2760 1885 2791 7).
1897 2759 1987 2792 Quart:

1214 2809 1241 2832 et
1256 2807 1474 2840 quintatentatio
1486 2807 1645 2834 continetur
1666 2806 1693 2833 in
1710 2814 1743 2833 eo
1759 2813 1805 2841 qui
1817 2806 1834 2833 d
1850 2806 1889 2833 ait
1906 2815 1912 2832 :
1927 2803 1989 2834 later

1216 2863 1361 2890 edidimus.

1252 2899 1262 2913 ‘
1279 2897 1306 2924 In
1324 2906 1383 2932 mro
1395 2905 1446 2925 ms.
1458 2897 1532 2925 Unde
1549 2898 1647 2924 dicitur
1664 2898 1691 2924 in
1709 2897 1825 2932 psalmo,
1844 2896 1934 2923 Patres
1949 2902 1988 2919 ιο·

1218 2933 1267 2959 stri'
1279 2934 1303 2960 in
1326 2931 1439 2968 .fgypta
1456 2942 1506 2959 non
1524 2933 1704 2960 intellexerunt
1725 2934 1863 2959 mirabilia
1880 2938 1931 2958 trra.
1947 2936 1987 2955 ἰοη

532 3214 2060 3404 ἡ
