4198 6350
151 371 281 437 1381

1205 375 1307 435 DE
1344 376 1393 434 Χ
1430 376 2056 437 TENTATIONIBUS
2091 378 2387 438 lSllAEL.

3276 386 3410 449 1382

151 490 373 541 Pharon
418 500 468 541 et
508 488 743 558 Tlmpliel
779 528 792 552 ,
825 498 869 540 et
900 486 1100 542 Laban.
1136 487 1355 543 Pharon
1393 491 1727 551 iuterpreta-
1766 500 1806 554 Α
1838 493 2031 562 egressi
2072 510 2255 546 sumus
2302 510 2366 545 ex
2422 491 2652 563 Aigypto
2708 495 2867 565 (Ibid.
2925 493 2987 548 l8
3040 497 3246 566 seqq.)?
3282 498 3409 551 Item

150 597 238 637 tur
270 601 488 653 onager;
522 582 794 653 Ttioplicl,
825 583 1079 645 stultitia;
1104 568 1315 646 Laban,
1347 583 1549 637 album.
1578 585 1734 649 Quod

151 678 225 730 ita
258 676 609 743 intelligitur,
636 675 764 745 quia
798 676 1005 730 similes
1029 690 1232 743 onagro
1262 674 1389 729 facti
1418 677 1508 730 lilii
1537 676 1736 740 Israel,

152 770 324 823 stulte
363 778 897 834 egeruntleutautcs
934 768 1220 821 Dominum
1266 770 1479 824 duabus
1524 772 1737 825 vicibus

151 878 322 929 super
375 863 525 926 allio,
570 862 621 915 id
652 870 735 915 est
764 904 776 925 ,
808 877 973 925 super
1008 877 1227 915 manna.
1258 863 1459 914 Manna
1492 879 1621 917 vero
1658 865 1737 917 al-

152 958 282 1007 Itum
320 957 550 1015 dicitur,
586 965 643 1008 ιιι
671 964 755 1010 est
786 955 914 1007 illud
953 955 1123 1008 Exodi
1157 969 1171 1006 :
1218 955 1613 1023 Appellavitqne
1640 957 1738 1009 do-

154 1067 270 1101 mus
302 1048 475 1103 Israel
509 1066 694 1102 nomen
723 1049 833 1118 ejus
871 1049 1018 1109 Man,
1050 1050 1189 1117 quod
1216 1060 1330 1101 erat
1374 1052 1525 1118 quasi
1557 1065 1735 1103 semen

155 1146 434 1197 coriandri
478 1146 654 1197 album
694 1142 884 1215 (Exod.
920 1160 1041 1204 xu.
1072 1145 1184 1211 5|).
1223 1146 1339 1200 Una
1371 1144 1600 1198 Icutatio
1638 1142 1742 1196 fuit

158 1253 331 1305 Super
371 1238 513 1291 idem
553 1254 749 1290 manna
776 1276 789 1295 .
831 1239 971 1291 sicut
1026 1239 1077 1291 iu
1128 1238 1311 1292 Exodo
1353 1238 1557 1292 dicitur
1594 1258 1605 1291 :
1644 1237 1742 1292 llic

158 1341 233 1381 est
284 1347 455 1384 sermo
506 1347 654 1397 quem
702 1332 942 1400 pra'cepit
982 1330 1284 1387 Dominus:
1316 1333 1531 1403 colligat
1582 1349 1645 1384 ea:
1681 1349 1740 1385 eo

159 1424 521 1492 unusquisque
570 1433 825 1489 quantum
873 1426 1061 1492 sit/ﬁcit
1098 1424 1165 1477 ad
1214 1427 1517 1479 vescendum
1563 1424 1735 1491 (Ibid.

161 1513 278 1573 '52).
324 1512 389 1566 Et
434 1520 557 1580 post
604 1528 776 1581 pauca
812 1528 826 1564 :
866 1512 1010 1565 Dixit
1044 1513 1111 1564 ad
1147 1529 1232 1567 eos
1264 1512 1497 1581 Moyses,
1533 1512 1731 1566 Nullus

163 1621 225 1657 ex
262 1621 321 1656 eo
352 1614 575 1657 reservet
624 1604 677 1654 in
728 1618 879 1655 mane
914 1605 951 1656 ‘.
986 1602 1089 1667 Qui
1118 1620 1218 1657 non
1259 1605 1545 1658 audierunt
1585 1619 1701 1654 eum
1727 1644 1742 1667 ,

163 1697 257 1749 sed
287 1696 606 1748 dimiserunt
628 1710 689 1745 ex
710 1710 769 1746 eo
800 1694 1017 1761 quidam
1051 1711 1210 1765 usque
1242 1712 1396 1748 mane
1427 1694 1592 1763 (Ibid.
1632 1692 1743 1761 16).

164 1788 356 1841 Altera
405 1784 509 1838 fuit
546 1784 793 1846 tentatio,
825 1784 891 1837 de
923 1800 1027 1853 qua
1062 1798 1182 1853 post
1221 1801 1392 1854 pauca
1438 1786 1489 1837 in
1552 1791 1742 1839 eodem

166 1888 313 1939 libro
362 1886 563 1940 dicitur

164 1980 391 2043 septima
416 1976 701 2031 Sabbatum
725 1989 796 2029 est
829 1975 1060 2036 Domini,
1082 1973 1277 2025 idcirco
1306 1988 1407 2025 non
1436 1972 1743 2027 invenietur.

179 2070 333 2123 Venit
360 2081 531 2121 autem
560 2069 781 2134 septima
809 2068 938 2129 dies,
961 2076 1007 2119 et
1040 2065 1233 2135 egressi
1256 2066 1315 2116 de
1341 2065 1529 2132 populo
1556 2074 1610 2114 ut
1641 2063 1747 2115 col-

166 2164 391 2231 ligerent
417 2202 432 2225 ,
484 2180 586 2215 non
632 2162 957 2215 invenerunt.
994 2157 1139 2211 Dixit
1177 2169 1354 2209 autem
1397 2156 1649 2208 Dominus
1681 2155 1750 2207 ad

167 2258 390 2324 t‘ionsen
417 2270 432 2307 :
462 2252 733 2322 l'sanqno
769 2270 867 2304 non
904 2252 1059 2304 vultis
1090 2266 1299 2304 servare
1330 2248 1583 2301 mandata
1614 2263 1748 2312 mea,

167 2358 216 2400 et
249 2347 415 2416 legem
450 2362 615 2398 meam
641 2348 663 2397 ἒ)
705 2356 808 2398 etc.
850 2343 1014 2412 (Ibid.
1045 2342 1116 2395 26
1146 2342 1333 2411 scqq.).
1374 2340 1533 2393 Sena
1571 2347 1748 2393 tenta-

170 2441 249 2493 tio
291 2440 607 2493 continetur
638 2438 689 2488 in
728 2453 791 2490 eo
817 2436 961 2505 quod
999 2437 1112 2486 ait:
1146 2432 1213 2485 Et
1243 2432 1485 2486 Aserot/t.
1517 2429 1747 2483 Ascroth

169 2546 304 2583 vero
335 2531 536 2583 civitas
586 2539 664 2581 est
709 2529 888 2581 vicina
927 2526 1233 2588 solitudini,
1268 2536 1318 2578 et
1359 2524 1751 2590 interpretatur

185 2621 355 2683 "illa,
391 2623 444 2675 in
481 2622 637 2690 cujus
669 2619 969 2680 territorio.
1002 2619 1052 2671 id
1090 2626 1191 2680 est,
1222 2617 1275 2669 in
1317 2614 1584 2681 sepulcris
1618 2626 1751 2664 cnn-

170 2716 531 2785 CIIplSCi‘IIll'rD
582 2714 723 2766 facta
777 2714 946 2765 luisse
979 2713 1179 2781 legitur
1222 2707 1465 2763 secunda
1519 2704 1747 2756 tentatio

170 2811 450 2870 carnium,
485 2808 539 2860 in
569 2822 673 2877 qua
700 2816 751 2860 et
779 2806 950 2874 prima
984 2803 1213 2858 tentatio
1241 2801 1485 2853 carnium
1511 2795 1753 2862 comple-

173 2904 368 2955 ctitur.
407 2900 479 2952 De
509 2899 680 2966 prima
719 2899 791 2950 ita
826 2899 877 2950 in
932 2898 1072 2952 libro
1105 2895 1273 2950 Exodi
1308 2892 1509 2960 legitur
1542 2906 1555 2942 :
1592 2890 1753 2942 Dixe-

173 3004 299 3047 runt
335 2991 540 3060 Moyses
568 2998 614 3043 et
641 2992 817 3043 Aaron
846 2990 913 3041 ad
942 3005 1115 3041 ontnes
1145 2989 1286 3055 ﬁlios
1312 2983 1520 3038 Israel:
1544 2982 1758 3042 Vespere

171 3088 372 3145 scietis,
410 3087 535 3151 quia
575 3085 824 3137 Dominus
853 3083 1094 3137 eduxerit
1130 3098 1216 3136 vos
1248 3082 1313 3135 de
1343 3089 1484 3133 terra
1509 3078 1755 3146 zEgypti,

174 3192 227 3233 et
285 3196 441 3231 mane
494 3177 734 3230 ridelitis
784 3176 1009 3245 gloriam
1057 3174 1321 3227 Domini:

176 3287 423 3324 murmur
465 3279 739 3331 vestrum;
782 3284 871 3319 nec
920 3276 1101 3319 contra
1145 3282 1234 3317 nos
1285 3275 1360 3318 est
1396 3279 1633 3316 murmur
1673 3278 1756 3315 ve-

175 3374 374 3421 strum,
408 3360 498 3412 sed
528 3370 707 3411 contra
740 3358 1020 3410 Dominum
1058 3358 1221 3426 (Ibid.
1257 3358 1289 3407 (ἱ
1333 3353 1521 3423 seqq.);
1560 3365 1611 3406 et
1635 3361 1759 3419 post

180 3468 398 3522 pauca:
440 3450 671 3503 Locutus
695 3459 769 3502 est
809 3449 1061 3502 Dominus
1116 3447 1184 3501 ad
1235 3445 1474 3517 Moysen,
1508 3445 1687 3497 dicens
1738 3460 1754 3496 :

179 3544 376 3598 Audivi
430 3542 878 3595 murmurationes
927 3542 1160 3609 ﬁliorum
1193 3537 1409 3603 Israel;
1444 3538 1653 3607 loquere
1691 3533 1758 3587 ad

179 3655 268 3692 eos
304 3654 321 3692 :
357 3636 576 3705 Vespere
608 3635 888 3688 comedetis
930 3649 1137 3694 carnes,
1191 3642 1238 3684 et
1286 3646 1437 3683 mane
1486 3627 1757 3682 saturabi-

183 3732 313 3783 mini
345 3730 593 3798 panibus.
615 3728 891 3795 scietisqne
916 3726 1051 3795 quod
1078 3741 1169 3793 ego
1197 3739 1312 3776 sum
1340 3721 1592 3773 Dominus
1620 3719 1756 3771 Deus

182 3833 377 3875 vester.
412 3820 630 3873 Factum
665 3830 738 3870 est
768 3833 890 3886 ergo
929 3830 1155 3884 vespere,
1180 3856 1181 3859 η
1206 3823 1257 3867 et
1290 3813 1635 3864 conscendens
1669 3826 1758 3862 co-

186 3913 374 3965 turnix
406 3909 607 3975 operuit
641 3918 819 3959 castra
854 3905 1012 3973 (Ibid.
1051 3905 1102 3957 ll
1137 3906 1321 3971 seqq.).
1358 3901 1431 3955 De
1464 3900 1702 3954 secunda
1739 3901 1758 3930 ’

182 4014 368 4055 atttem
404 4002 456 4053 in
496 3999 750 4052 Numeris
783 3998 983 4050 dicitur
1016 4013 1029 4047 :
1069 3994 1283 4047 Interea
1312 4004 1484 4046 ortum
1511 4001 1585 4045 est
1614 4008 1760 4043 muro

184 4111 310 4147 mur
341 4092 526 4160 populi
580 4091 735 4159 quasi
784 4088 1075 4140 dolentium
1106 4104 1199 4155 pro
1232 4087 1409 4137 labore
1440 4094 1627 4137 contra
1657 4082 1765 4134 Do-

184 4188 413 4239 minum.
450 4181 605 4247 Quod
642 4197 758 4233 cum
799 4178 1053 4243 audisset,
1091 4179 1259 4230 iratus
1292 4183 1390 4239 est,
1420 4185 1466 4229 et
1504 4189 1759 4227 accensus

184 4280 324 4349 ignis
354 4276 563 4328 Domini
588 4274 608 4304 ⁸
650 4271 912 4324 devoravit
944 4280 1229 4323 extremam
1250 4277 1448 4333 partem
1468 4279 1761 4319 castrorum

190 4370 387 4441 (Num.
422 4383 496 4428 ιι,
534 4369 584 4431 1)
615 4383 627 4427 _:
667 4376 718 4417 et
748 4374 868 4433 post
902 4379 1072 4432 pauca
1108 4381 1120 4416 :
1160 4361 1607 4428 Sanctiﬁcamini,
1644 4374 1761 4410 cras

189 4461 380 4515 etenim
415 4457 695 4511 comedetis
723 4472 926 4508 carnes.
958 4454 1069 4522 Ego
1090 4456 1225 4507 enim
1251 4455 1427 4506 audivi
1456 4470 1541 4505 vos
1565 4451 1755 4515 dicere,

1842 588 2002 655 paulo
2028 596 2185 656 post:
2220 588 2408 642 Adhuc
2436 603 2619 640 carnes
2649 594 2795 641 eram
2832 595 2969 642 inter
2996 591 3175 643 dentes
3207 607 3410 655 eorum,

1841 694 1930 730 nec
1960 680 2218 747 defecerat
2270 679 2639 745 huiuscemodi
2680 680 2845 742 cibus,
2887 692 2932 733 et
2974 698 3091 736 ecce
3126 682 3280 751 furor
3311 683 3415 736 Do-

1843 769 1971 821 mini
2018 773 2311 824 concitatus
2364 775 2418 825 in
2465 771 2737 839 populum,
2786 776 3037 837 percussit
3082 792 3200 828 eum
3246 775 3410 845 plaga

1842 876 2033 927 magna
2062 861 2215 911 nimis
2243 861 2407 930 (Ibid.
2441 863 2509 918 55
2538 861 2727 931 seqq.).
2759 863 2999 931 Septima
3027 866 3250 917 tentatio
3280 882 3412 919 con-

1843 950 2046 1004 tinetur
2075 950 2127 1003 iu
2156 966 2222 1003 eo
2259 954 2403 1019 quod
2440 956 2552 1007 ait:
2594 953 2693 1006 Ubi
2720 955 2842 1006 auri
2869 964 2942 1007 est
2971 954 3280 1023 plurimum.
3312 956 3413 1007 No-

1845 1046 2068 1097 tandum
2126 1060 2366 1113 namque
2409 1049 2552 1114 quod
2608 1050 2658 1099 iu
2716 1047 2945 1102 llcbrtco
2979 1056 3034 1101 et
3082 1048 3411 1100 abundantia

1844 1137 1961 1186 auri
2009 1135 2299 1190 habeatur.
2342 1136 2693 1190 Abundantia
2742 1141 2887 1192 enim
2938 1139 3053 1192 auri
3095 1139 3418 1207 intelligitur

1847 1225 2051 1281 situlus
2093 1244 2316 1292 aureus,
2346 1245 2508 1298 quem
2544 1228 2791 1283 fabricati
2832 1242 2959 1283 sunt
2986 1233 3087 1285 sibi
3123 1232 3215 1286 lilii
3254 1230 3417 1285 Israel

1846 1316 1900 1369 in
1962 1317 2115 1378 deos,
2164 1329 2409 1373 morante
2460 1320 2639 1391 Moyse
2674 1335 2795 1374 cum
2856 1318 3082 1376 Domino
3128 1324 3178 1375 itt
3236 1332 3420 1377 monte

1848 1410 1995 1463 Sinai
2045 1409 2242 1479 (Exod.
2306 1414 2750 1482 xxxu,1seqq.).
2807 1414 3018 1467 Idcirco
3073 1414 3408 1468 abundantia

1848 1502 1965 1555 auri
1993 1504 2212 1565 dicitur,
2242 1504 2370 1571 quia
2405 1504 2457 1556 in
2488 1504 2633 1557 idolo
2661 1506 2832 1560 moles
2886 1506 3134 1559 omnium
3171 1517 3422 1575 peccato-

1850 1611 1969 1647 rum
2006 1596 2274 1659 consistit,
2329 1607 2385 1651 ct
2438 1597 2640 1650 idolum
2707 1613 2806 1666 pro
2858 1601 3113 1651 omnibus
3168 1601 3409 1667 putealis

1850 1693 2109 1745 abundat.
2151 1691 2348 1747 Octava
2408 1694 2631 1747 tentatio
2668 1692 2689 1723 ⁸
2721 1694 3031 1746 continetur
3081 1697 3133 1746 in
3190 1709 3255 1746 co
3282 1694 3421 1759 quod

1852 1789 1963 1841 ait:
2005 1785 2255 1839 Undecim
2292 1789 2473 1840 diebus
2494 1788 2555 1839 de
2587 1786 2762 1840 Iloreb
2790 1804 2882 1855 per
2904 1788 3040 1839 riam
3069 1788 3255 1840 montis
3286 1785 3420 1839 Seir.

610 1903 623 1939 :
667 1884 773 1939 Sex.
802 1884 983 1938 diebus
1024 1882 1254 1951 colligite
1280 1919 1294 1942 ,
1332 1881 1386 1932 in
1432 1880 1517 1932 die
1566 1887 1743 1931 autem
1777 1853 1820 1911 Β
1850 1878 2003 1944 Quod
2035 1882 2086 1931 iu
2123 1879 2349 1932 Hebraeo
2380 1881 2450 1931 ita
2487 1880 2719 1933 habetur
2750 1898 2761 1932 :
2790 1853 3047 1933 'Uudecim
3083 1882 3287 1932 dierum
3324 1882 3422 1932 iter

1844 1974 1908 2024 de
1952 1971 2124 2023 Iloreb
2152 1975 2218 2021 ad
2256 1982 2479 2024 montem
2513 1972 2650 2025 Seir.
2692 1972 2979 2025 Fabricato
3017 1974 3199 2040 itaque
3228 1975 3278 2024 in
3310 1974 3422 2023 Ho-

1850 2063 1944 2116 reb
1973 2064 2138 2129 idolo,
2169 2064 2468 2117 undecimo
2497 2063 2585 2119 die
2615 2075 2877 2118 venerunt
2915 2063 2981 2117 ad
3008 2075 3240 2117 montem
3280 2063 3425 2127 Seir,

1847 2157 1939 2224 qui
1980 2166 2060 2210 est
2100 2158 2149 2208 in
2213 2158 2527 2210 suburbano
2584 2157 2820 2211 civitatis
2884 2156 3293 2220 (ludes-lterum,
3328 2159 3415 2209 ubi

1848 2248 1940 2301 lilii
2002 2247 2165 2301 Israel
2225 2255 2585 2301 mutaverunt
2638 2246 2948 2309 Dominum,
3010 2250 3149 2301 sicut
3180 2249 3231 2299 in
3279 2248 3417 2299 libro

1844 2340 2201 2395 Numerorum
2231 2340 2488 2393 scribitur
2521 2356 2535 2394 :
2563 2338 2839 2410 Usquequo
2875 2340 3157 2391 multitudo
3179 2340 3288 2392 lich
3310 2356 3427 2407 pes-

1845 2434 1980 2484 sima
2019 2442 2313 2483 murmurat
2341 2442 2531 2485 contra
2556 2433 2676 2485 me?
2718 2431 2958 2501 querelas
2988 2432 3221 2500 ﬁliorum
3254 2430 3423 2484 Israel

1852 2527 2030 2579 audivi
2055 2541 2071 2588 ;
2101 2527 2186 2577 die
2238 2542 2361 2592 ergo
2392 2527 2489 2590 eis,
2540 2524 2659 2577 Vivo
2690 2541 2782 2592 ego
2808 2564 2820 2587 ,
2857 2526 2931 2576 ait
2970 2526 3224 2577 Dominus
3248 2565 3262 2587 ,
3292 2526 3429 2577 sient

1850 2622 2010 2672 locuti
2028 2622 2174 2683 estis,
2197 2620 2441 2671 audiente
2463 2633 2561 2683 me,
2578 2620 2649 2670 sic
2668 2618 2858 2685 faciam
2880 2620 3041 2670 vobis.
3060 2616 3123 2669 In
3145 2618 3431 2671 solitudine

1850 2714 1947 2764 hac
1963 2714 2213 2778 jucebnnt
2260 2711 2517 2763 cadavera
2547 2721 2716 2763 rostra
2755 2709 2953 2780 (Num.
2984 2727 3095 2776 XIV,
3131 2713 3201 2764 27
3231 2716 3420 2781 seqq).

1852 2804 1919 2857 Et
1954 2812 2070 2871 post
2129 2804 2407 2871 paululum
2463 2821 2475 2856 :
2527 2802 2697 2856 Juxta
2730 2819 3006 2856 numerum
3064 2806 3420 2873 quadraginta

1854 2896 2057 2948 dierum
2105 2896 2293 2962 quibus
2326 2895 2700 2947 considerastis
2734 2907 2957 2955 terram,
3013 2913 3183 2947 annus
3219 2913 3312 2963 pro
3346 2898 3428 2949 die

1855 2987 2262 3051 computabitur.
2293 2985 2664 3056 Quadraginta
2691 2989 2845 3040 annis
2888 2988 3145 3055 recipietis
3173 2989 3426 3057 iniquita-

1859 3089 1931 3132 tes
1960 3089 2179 3143 vestras,
2226 3091 2271 3131 et
2300 3082 2474 3133 scietis
2500 3082 2753 3133 ultionem
2786 3096 2992 3141 meant;
3021 3083 3267 3148 quoniam
3293 3084 3427 3133 sicut

1368 3174 1566 3225 audivit
1616 3171 1753 3223 enim
1782 3192 1826 3253 ε
1860 3168 2062 3221 locutus
2091 3185 2228 3235 sunt,
2259 3170 2329 3221 ita
2354 3170 2547 3236 faciam
2579 3171 2699 3224 huic
2741 3171 3077 3223 multitudini
3109 3173 3127 3201 ⁵
3161 3174 3421 3238 ρεδεὶηιιιο,

1856 3277 1971 3335 qua:
2031 3264 2364 3315 consurrexit
2420 3264 2696 3317 adversum
2732 3281 2829 3316 me.
2893 3261 2958 3314 In
2994 3267 3281 3319 solitudine
3325 3270 3426 3319 hac

1858 3359 2058 3426 deﬁciet
2090 3367 2139 3410 et
2194 3358 2447 3409 morietur
2474 3356 2633 3425 (Ibid.
2665 3358 2733 3410 54
2761 3360 2953 3425 seqq.).
2995 3360 3233 3428 Itemque
3276 3378 3290 3414 :
3331 3361 3428 3413 Lo-

1863 3461 2012 3504 cutus
2049 3460 2121 3503 est
2152 3447 2355 3519 Moyses
2394 3449 2631 3501 universa
2654 3452 2802 3503 verba
2824 3453 2930 3505 haec
2957 3454 3025 3504 ad
3058 3453 3197 3518 ﬁlios
3231 3452 3426 3515 Israel.

1862 3553 1909 3598 et
1936 3543 2067 3595 luxit
2106 3542 2328 3609 populus
2365 3542 2544 3592 nimis.
2583 3539 2647 3593 Et
2678 3557 2792 3595 ecce
2832 3559 2984 3596 mane
3012 3547 3178 3609 primo
3205 3562 3425 3615 surgen-

1864 3646 1957 3700 tes,
1996 3634 2337 3686 ascenderunt
2370 3634 2611 3685 verticem
2650 3637 2860 3696 montis,
2892 3647 2939 3687 et
2988 3638 3276 3689 dixerunt:
3322 3638 3430 3691 Pa—

1865 3730 1963 3781 rati
2000 3743 2180 3779 snmus
2223 3725 2498 3776 ascendere
2530 3730 2597 3776 ad
2651 3726 2843 3787 locum,
2876 3727 2941 3779 de
2988 3744 3086 3795 quo
3119 3730 3324 3781 locutus
3352 3742 3427 3783 est

1865 3820 2138 3877 Dominus,
2191 3818 2313 3884 quia
2366 3819 2708 3884 peccavimus.
2762 3818 2963 3882 Quibus
2995 3819 3218 3888 Moyses,
3294 3820 3423 3881 Cur,

1865 3915 2051 3981 inquit,
2089 3911 2515 3979 transqredimini
2549 3912 2751 3963 verbum
2818 3910 3050 3970 Domini,
3111 3913 3249 3979 quod
3282 3913 3425 3967 vobis

1866 4021 1964 4056 non
1992 4008 2133 4055 cedet
2169 4004 2221 4054 in
2254 4018 2557 4069 prosperum
2579 4002 2793 4054 ?.\'olite
2820 4004 3118 4065 ascendere,
3158 4020 3256 4056 non
3289 4009 3424 4057 enim

1866 4107 1939 4148 est
2001 4094 2257 4147 Dominus
2292 4097 2345 4145 in
2383 4095 2547 4146 medio
2584 4103 2831 4159 vestium,
2876 4112 2937 4147 ne
2967 4096 3222 4147 corruatis
3252 4113 3431 4149 coram

1868 4186 2091 4239 inimicis
2130 4186 2314 4236 vestris
2365 4182 2529 4251 (Ibitl.
2586 4184 2652 4237 ’59
2689 4187 2876 4252 seqq.).
2934 4186 3172 4252 itemque
3207 4206 3219 4240 :
3254 4195 3321 4240 At
3350 4190 3431 4240 illi

1868 4275 2221 4328 Contenebrati
2276 4277 2618 4325 ascenderunt
2652 4279 2888 4327 verticem
2926 4279 3153 4339 montis;
3180 4277 3315 4329 Area
3339 4296 3436 4330 au-

1870 4378 1970 4421 tem
2002 4370 2298 4419 testamenti
2338 4366 2566 4429 Domini,
2607 4377 2653 4417 et
2703 4368 2905 4435 Moyses
2960 4385 3060 4420 non
3116 4382 3433 4423 recesserunt

1871 4459 1933 4510 de
1963 4458 2173 4511 castris.
2222 4457 2497 4509 Descendit
2536 4458 2845 4510 Amalecites
2873 4468 2919 4509 et
2954 4459 3307 4523 Cltunana'us,
3349 4464 3436 4531 qui

190 4553 325 4618 Quis
354 4550 497 4602 dabit
524 4549 667 4600 nobis
695 4564 867 4600 escam
902 4546 1186 4614 carniun'r?
1220 4544 1359 4598 Bene
1387 4545 1531 4597 nobis
1558 4554 1670 4596 erat
1705 4543 1759 4593 in
1791 4554 1841 4613 ι)
1870 4549 2179 4602 habitabant
2239 4550 2290 4601 in
2336 4559 2529 4611 monte,
2561 4558 2606 4600 et
2633 4551 2929 4614 percutiens
2958 4566 3043 4602 eos
3070 4567 3224 4619 atque
3253 4556 3433 4607 conci-

189 4642 453 4711 ἱμείρω.
491 4638 642 4691 Dabit
679 4637 933 4690 Dominus
963 4637 1103 4690 vobis
1139 4651 1323 4687 carnes
1355 4674 1369 4698 ,
1403 4644 1450 4687 et
1486 4635 1763 4687 comedetis

190 4750 297 4785 non
328 4748 428 4783 uno
468 4731 573 4791 die,
609 4746 700 4781 nec
744 4728 973 4791 duobus,
1013 4729 1090 4781 vel
1142 4729 1390 4795 quinque,
1426 4736 1517 4777 aut
1550 4730 1721 4777 decem
1751 4767 1766 4790 ,

192 4840 286 4877 nec
322 4822 503 4890 viginti
534 4821 764 4889 quidem,
798 4818 887 4871 sed
930 4836 1084 4886 usque
1135 4821 1202 4869 ad
1250 4835 1473 4870 mensem
1506 4819 1712 4869 dierum
1750 4860 1763 4883 ,

194 4917 363 4968 donec
395 4922 543 4965 exeat
586 4928 677 4979 per
715 4928 868 4963 nares
898 4920 1118 4970 vestras,
1161 4921 1205 4961 et
1252 4920 1488 4963 vertatur
1535 4911 1585 4960 in
1632 4928 1769 4962 nau-

193 5022 378 5070 seant;
430 5022 486 5057 eo
528 5005 661 5073 quod
716 5004 1013 5070 repsileritis
1064 5003 1345 5056 Dominum
1378 5004 1548 5070 quiin
1594 5003 1765 5055 medio

197 5101 356 5156 vestri
398 5110 495 5163 est,
552 5108 597 5151 et
642 5099 886 5165 ﬂevetitis
933 5114 1110 5150 coram
1164 5115 1221 5151 eo
1270 5099 1517 5163 dicentes,
1590 5097 1766 5160 Quare

197 5284 321 5328 sunt
354 5274 616 5326 recordati
653 5276 1005 5328 multitudinis
1039 5277 1408 5330 misericordia:
1440 5287 1562 5336 tum,
1600 5285 1647 5327 et
1683 5278 1749 5328 ad

198 5345 534 5397 iracundiam
583 5356 987 5412 provocaverunt
1048 5356 1094 5398 te
1147 5362 1300 5413 super
1352 5365 1496 5400 mare
1535 5349 1587 5399 in
1617 5349 1763 5399 muri

199 5415 401 5467 Rubro.

277 5486 291 5515 ¹
326 5484 467 5554 Idem
502 5499 602 5536 ms.
649 5502 662 5541 :
712 5484 903 5539 Nullus
943 5486 1270 5554 relinquatur
1308 5502 1369 5537 et:
1398 5503 1456 5539 eo
1494 5489 1546 5540 in
1580 5505 1755 5541 mane.

276 5557 293 5585 ¹
327 5553 628 5607 Eutendaut
661 5556 799 5607 hanc
833 5553 1110 5607 lectieiiem
1134 5558 1262 5607 editi
1300 5557 1443 5619 libri,
1473 5569 1524 5609 et
1555 5573 1648 5625 pro
1678 5576 1759 5611 se-

202 5625 397 5682 cunda,
437 5634 640 5690 ponunt
678 5625 933 5689 sepsima;
965 5640 1060 5691 pro
1091 5627 1312 5688 septima
1357 5639 1757 5686 consequenter

201 5703 424 5754 octava;
455 5703 507 5744 et
537 5708 630 5757 pro
660 5705 864 5755 octaua,
894 5708 1033 5745 nona
1068 5696 1118 5745 iu
1152 5697 1229 5747 eis
1265 5696 1475 5759 legitur.
1520 5696 1629 5747 Hoc
1656 5713 1757 5749 au-

205 5773 311 5812 tem
332 5761 402 5812 ita
423 5762 795 5828 castigandum
831 5774 1171 5829 putaverunt,
1197 5774 1253 5815 ut
1278 5781 1535 5818 numerus
1562 5768 1750 5818 «locum

204 5830 591 5886 Tcntationam
624 5829 961 5887 unmlestius
990 5844 1269 5899 apparet-vt
1310 5837 1359 5886 in
1404 5838 1745 5903 etpositioue

1874 4644 2020 4703 deus,
2050 4652 2344 4708 persecutus
2368 4651 2441 4693 est
2471 4657 2555 4692 eos
2577 4658 2737 4709 usque
2757 4642 2949 4693 IIorma
2976 4641 3134 4709 (Ibid.
3154 4644 3221 4695 45
3249 4662 3366 4715 seqq
3397 4652 3433 4713 ).

1875 4734 2025 4787 Mons
2061 4734 2183 4795 iste,
2219 4734 2269 4785 in
2303 4750 2409 4800 quo
2438 4733 2763 4786 Atttalccitcs
2788 4744 2839 4786 et
2896 4736 3236 4790 Cltattutttcus
3286 4740 3441 4791 habi-

1878 4837 1990 4879 tare
2047 4824 2323 4887 dicuntur,
2388 4838 2543 4877 mons
2604 4824 2725 4875 Seir
2768 4824 3111 4892 intelligitur,
3170 4828 3311 4878 sicut
3380 4831 3435 4883 in

1878 4916 2295 4971 Denterououtio
2353 4916 2612 4968 scribitur
2666 4934 2677 4968 :
2735 4914 2915 4985 Itaque
2965 4934 3199 4986 egressus
3248 4923 3435 4974 Amor—

1876 5008 2069 5069 rlia'ns,
2098 5006 2185 5073 qui
2209 5005 2475 5057 habitabat
2499 5006 2549 5055 in
2579 5006 2861 5067 montibus,
2896 5016 2943 5057 et
2978 5008 3174 5057 obviam
3206 5011 3439 5075 veniens,

1878 5109 2173 5167 persecutus
2232 5108 2307 5151 est
2367 5116 2470 5163 vos,
2522 5100 2657 5151 sicut
2694 5098 2859 5151 solent
2898 5114 3018 5166 opes
3059 5104 3295 5169 persequi
3334 5120 3350 5157 .'
3389 5117 3436 5156 et

1878 5296 2060 5333 earum
2097 5298 2110 5346 ;
2157 5282 2247 5333 sed
2286 5282 2493 5333 monuit
2528 5297 2626 5336 nos
2670 5282 2873 5335 Auctor
2921 5281 3146 5344 huiusce
3179 5284 3439 5346 (musculi

1877 5353 2009 5404 duas
2057 5368 2173 5403 esse
2219 5355 2535 5403 tentationes
2582 5355 2817 5402 ciu-nium
2872 5361 2923 5404 et
2977 5354 3259 5403 secundum
3322 5368 3443 5404 esse

1880 5431 2185 5473 contentam
2221 5423 2272 5473 iu
2318 5423 2511 5485 prima.
2553 5421 2701 5474 [inde
2737 5438 2998 5472 Illltllt‘I'IIS
3043 5424 3305 5487 septimus
3341 5438 3441 5488 p0-

1879 5500 1981 5543 tcst
2008 5490 2177 5555 accipi
2209 5493 2307 5543 hoc
2343 5493 2461 5543 loco
2501 5508 2595 5556 pro
2630 5500 2822 5542 octavo
2856 5492 3018 5543 etiam
3055 5507 3300 5542 numero.

1952 5561 1967 5589 ³
2001 5559 2238 5613 Rursum
2280 5562 2331 5613 in
2382 5562 2570 5613 eodem
2626 5577 2751 5624 uis.,
2792 5559 2856 5613 Et
2891 5576 3137 5613 accensus
3168 5571 3241 5613 est
3277 5561 3331 5611 in
3364 5561 3441 5612 eis

1876 5630 2011 5698 ignis
2040 5630 2273 5683 Domini.

1948 5700 1968 5728 ‘
1999 5700 2158 5752 Addit
2197 5716 2347 5753 utctts
2383 5717 2510 5761 ms..
2544 5711 2591 5753 et
2622 5717 2755 5752 nona
2788 5702 3032 5760 tentatio,
3055 5708 3161 5754 etc.

1949 5770 1968 5799 "
2001 5771 2189 5832 Henr,
2224 5772 2361 5823 omni
2387 5773 2707 5825 multitudini
2757 5773 2891 5835 huic,
2928 5786 3033 5825 etc.
