4198 6350
792 380 932 445 1383

2190 369 2603 431 APPENDIX.

3910 368 4029 431 1284

788 501 973 554 cecidit
1002 500 1063 552 de
1096 497 1211 552 Seir
1260 510 1416 565 usque
1453 492 1655 547 "arma
1687 492 1866 563 (Deut.
1908 506 1945 555 ι,
1982 490 2094 558 Η).
2128 488 2345 544 Decima
2385 504 2427 555 Α
2459 491 2701 543 viderunt
2760 490 3083 559 majestatem
3134 506 3329 553 meam,
3377 506 3499 560 qut:
3522 489 3627 558 feci
3650 490 3703 541 in
3737 489 3967 560 .fgypta,
3990 512 4029 547 ei

791 594 1015 647 tentatio
1080 590 1384 643 continetur
1482 588 1535 642 in
1607 603 1670 643 eo
1759 585 1903 655 quod
1973 583 2048 635 ait
2111 598 2125 635 :
2188 579 2360 650 Usque

789 682 1192 748 Gades-Barac;
1223 686 1363 735 unde
1382 680 1594 743 Moyses
1614 680 1759 733 misit
1774 676 2138 745 exploratores
2156 672 2221 726 ad
2260 683 2368 726 tero

789 775 1365 831 ramconsiderandam
1392 775 1672 838 Chanaan,
1697 773 1839 825 sicut
1860 770 1912 823 in
1947 768 2084 833 libro
2102 766 2365 821 Numero-

788 886 907 924 rum
939 870 1137 925 dicitur
1161 886 1174 923 :
1201 866 1267 921 Et
1304 869 1508 921 locutus
1566 876 1639 918 est
1679 864 1933 917 Dominus
1966 861 2033 914 ad
2091 859 2304 929 Moysen
2346 876 2361 914 :

790 964 942 1016 Mitte
994 964 1133 1017 viros
1177 964 1268 1032 qui
1300 962 1626 1015 considerent
1663 968 1866 1010 terram
1894 954 2167 1016 Chanaan,
2209 968 2367 1021 quant

787 1058 1012 1109 daturus
1076 1072 1190 1110 sum
1238 1055 1368 1124 ﬁliis
1425 1052 1599 1106 Israel
1637 1052 1651 1082 ¹
1718 1049 1909 1118 (Num.
1948 1060 2065 1109 xm,
2104 1045 2158 1110 2,
2192 1045 2269 1112 5).
2306 1043 2371 1096 Et

788 1151 947 1217 paulo
980 1160 1099 1220 post
1144 1166 1157 1202 :
1189 1148 1252 1199 Et
1290 1147 1427 1199 dixit
1461 1144 1725 1199 Dominus
1762 1143 1829 1195 ad
1862 1137 2079 1207 Moysen
2114 1153 2131 1190 :
2171 1134 2370 1203 Usque-

789 1260 889 1311 quo
928 1242 1163 1295 detrahet
1195 1240 1321 1291 mihi
1357 1238 1580 1306 populus
1616 1236 1753 1289 iste?
1787 1233 2075 1301 Quousque
2108 1246 2208 1282 non
2238 1243 2359 1281 cre-

790 1337 910 1388 dent
945 1334 1069 1385 mi/ii
1099 1333 1152 1385 in
1192 1332 1431 1385 omnibus
1462 1329 1646 1398 signis,
1707 1342 1823 1396 quae
1880 1326 1981 1394 feci
2035 1338 2214 1377 coram
2246 1320 2368 1374 eis?

796 1426 1009 1479 Feriam
1038 1428 1202 1495 igitur
1239 1442 1323 1479 eos
1366 1423 1687 1493 pestilentia,
1737 1430 1894 1489 atque
1928 1432 2258 1471 consumant.
2294 1413 2365 1468 Te

791 1529 963 1573 autem
988 1518 1181 1588 faciam
1213 1520 1266 1569 in
1291 1525 1492 1585 gentem
1515 1530 1759 1584 magnam
1786 1510 1976 1582 (Num.
2006 1526 2117 1573 xw,
2144 1508 2231 1573 Η,
2254 1507 2362 1560 12).

793 1609 923 1663 Item
976 1622 1097 1679 post
1158 1611 1375 1681 paulum
1412 1626 1427 1663 :
1459 1609 1707 1663 Attamen
1747 1623 1924 1661 omnes
1977 1606 2235 1664 homines,
2273 1603 2364 1670 qui

2466 585 2523 635 in
2569 583 2876 649 solitudine,
2938 595 2983 635 et
3018 594 3350 637 tentarerunt
3384 602 3467 637 me
3489 585 3610 653 jam
3636 600 3726 650 per
3756 586 3915 640 decem
3972 592 4033 643 ri.

2466 694 2569 735 ces.
2588 694 2679 730 nec
2696 679 2999 732 obediernnt
3019 679 3127 732 voci
3142 696 3288 740 meae.
3320 696 3425 733 non
3444 679 3699 734 videbunt
3721 692 3924 742 terram,
3955 698 4033 747 pro

2466 774 2761 842 qnajurari
2779 776 3017 844 patribus
3046 790 3244 835 eorum,
3266 790 3359 826 nec
3400 775 3690 843 quisquam
3721 791 3784 829 es:
3820 777 3934 829 itis.
3958 780 4031 843 qvi

2470 868 2758 922 detraxerit
2790 870 2940 935 mihi,
2967 869 3253 922 intuebitur
3270 884 3387 922 eam
3427 867 3630 937 (Num.
3670 884 3785 932 XIV,
3817 869 3900 931 22,
3924 870 4026 932 23).

2473 959 2580 1015 Nec
2630 971 2916 1014 moveatur
2965 964 3111 1029 quis,
3146 963 3284 1031 quod
3318 977 3347 1014 a
3388 960 3616 1015 deserto
3670 962 3897 1023 Pharon,
3939 978 4030 1015 nou

2469 1057 2536 1109 de
2567 1053 2949 1109 Gades-Barine
2994 1052 3206 1124 Moyses
3232 1054 3625 1123 exploratores
3678 1053 3845 1106 misit.
3875 1054 4027 1108 Cedas

2468 1149 2612 1201 enim
2644 1148 2817 1201 Barne
2860 1148 2976 1217 ipsa
3006 1158 3087 1202 est
3121 1148 3363 1213 Pbaran,
3406 1147 3555 1217 quod
3613 1146 3667 1200 in
3720 1146 3857 1199 libro
3884 1144 4029 1199 lusui:

2467 1242 2536 1295 ita
2562 1241 2759 1294 dicitur
2797 1259 2812 1300 :
2848 1242 3071 1295 Locutus
3105 1252 3178 1295 est
3202 1242 3367 1297 Caleb
3401 1242 3474 1294 ad
3502 1239 3671 1295 Iosue
3703 1257 3720 1293 :
3752 1238 3898 1292 Nosti
3922 1243 4029 1307 quid

2470 1336 2669 1388 locutus
2685 1336 2749 1388 sit
2783 1335 3033 1390 Dominus
3062 1337 3128 1389 ad
3155 1334 3373 1406 .Iloysen
3403 1336 3471 1387 de
3500 1351 3581 1388 me
3618 1345 3663 1388 et
3700 1348 3749 1387 te
3783 1336 3832 1386 in
3858 1333 4032 1387 Cader-

2476 1430 2668 1484 Barne.
2726 1427 3097 1499 Quadraginta
3146 1445 3407 1483 annorum
3481 1444 3671 1489 eram,
3724 1428 3922 1495 quando
3970 1444 4034 1479 me

2475 1528 2651 1652 misit6
2684 1526 2888 1652 {lingua
2940 1524 3007 1578 ad
3055 1524 3505 1578 considerandam
3566 1532 3766 1575 terram
3820 1520 4035 1587 (Josue,

2475 1614 2583 1652 xtv.
2658 1640 2671 1652 .
2751 1608 2784 1652 ι.

2473 1614 2583 1659 xlv,
2620 1608 2671 1662 t5,
2709 1608 2784 1665 Ἰ).

872 1746 887 1777 ⁸
923 1745 1116 1798 Totam
1148 1746 1289 1801 hanc
1331 1747 1620 1817 perieOpen
1654 1742 1939 1799 duodecim
1978 1739 2090 1795 fere
2138 1753 2393 1793 versuum
2473 1736 2669 1790 exinde
2725 1750 2899 1805 usque
2935 1735 3000 1789 ad
3044 1733 3230 1800 verba,
3276 1734 3577 1786 intuebitur
3626 1748 3770 1796 eam,
3825 1745 3885 1784 ex
3936 1744 4034 1781 nn-o

795 1835 898 1873 Ius.
934 1818 1146 1871 suﬂorci.

805 1995 4031 2041 ____________________________________——-

2262 2159 2578 2267 ΙΎΕΜι

1445 2382 1867 2447 SUCCINCTA
1912 2374 2529 2441 COMMEMORATIO
2567 2375 2821 2436 DECEM
2866 2374 3423 2439 TENTATIONUM
3447 2374 3493 2437 '.

874 2702 1063 2757 Prima
1099 2696 1326 2752 tentatio
1360 2695 1413 2748 in
1447 2692 1583 2747 mari
1626 2690 1811 2743 Rubro
1855 2705 1867 2742 :

803 2806 883 2847 est
914 2795 964 2846 in
992 2793 1228 2852 l’salmo,
1272 2786 1339 2840 Et
1371 2788 1717 2839 irritaverunt
1758 2784 2099 2835 ascendentes
2130 2780 2181 2831 in
2208 2776 2368 2840 mari,

805 2885 938 2936 mari
968 2883 1165 2937 Rubro.
1224 2879 1498 2939 Secunda,
1531 2878 1597 2930 de
1638 2874 1918 2928 creatione
1952 2871 2125 2925 vituli.
2156 2868 2368 2929 Tertia,

804 2977 945 3044 quod
996 2972 1458 3027 murmuraveriut
1492 2970 1737 3023 dicentes
1776 2983 1792 3020 :
1831 2964 2010 3029 Quare
2044 2980 2136 3016 nos
2182 2962 2373 3014 eduxi-

806 3071 871 3122 sti
896 3069 957 3119 de
993 3064 1263 3134 Afgypto?
1301 3062 1503 3117 Animi:
1538 3071 1734 3112 nastru:
1770 3066 2030 3111 nauseant
2063 3069 2220 3119 super
2261 3053 2374 3105 cibo

805 3160 1086 3212 levissimo.
1123 3157 1191 3210 Et
1228 3158 1372 3209 misit
1407 3153 1484 3207 eis
1518 3162 1784 3219 serpentes
1832 3151 2046 3219 ignitos.
2086 3146 2289 3210 Quarta
2320 3152 2373 3197 et

876 3340 891 3370 '
936 3340 1078 3393 Idem
1114 3354 1215 3392 ms.
1245 3333 1398 3401 Quod
1428 3347 1493 3384 ea:
1517 3330 1647 3383 libro
1668 3327 1796 3381 Jesu
1833 3326 2182 3378 animadverti
2210 3320 2375 3445 Lacile

878 3422 968 3445 ...ει
1031 3409 1109 3445 ιιι,
1146 3410 1334 3445 unum
1366 3406 1418 3445 in
1465 3403 1642 3445 eadem
1704 3399 1834 3445 libra
1887 3395 2180 3445 scribitur:
2257 3409 2375 3445 ocu-

805 3422 990 3477 potest.
1026 3409 1109 3462 Ita
1146 3395 1335 3461 etenim
1366 3406 1419 3455 in
1465 3403 1642 3455 eodem
1704 3399 1834 3452 libro
1887 3395 2180 3449 scribitur:
2210 3395 2378 3445 Locu-

808 3492 910 3543 tus,
942 3492 1044 3533 ulc.

1906 2687 2047 2742 unde
2106 2686 2367 2753 scriptum
2405 2686 2445 2744 Β
2475 2682 2684 2750 quinta,
2716 2679 2781 2733 ad
2820 2694 2991 2749 aquas
3045 2678 3506 2733 contradictionis
3543 2696 3559 2734 :
3597 2695 3711 2734 una
3749 2690 3878 2735 ante
3921 2695 4037 2733 mor-

2484 2786 2588 2829 tem
2620 2772 2823 2837 Mariae,
2851 2773 2956 2827 alia
2987 2781 3109 2841 post
3141 2781 3371 2825 mortem
3393 2770 3605 2826 Mariae.
3636 2771 3835 2835 Sexta,
3855 2771 4039 2842 quando

2484 2882 2682 2921 manna
2713 2864 3169 2945 computruiteis,
3188 2874 3241 2917 et
3263 2866 3547 2920 vermibus
3575 2864 3860 2918 ebullirit.
3892 2865 4041 2931 Septi-

2487 2975 2571 3013 ma
2628 2968 2685 3013 et.
2740 2968 2958 3019 octava,
3006 2956 3073 3011 de
3097 2957 3496 3012 coturnicibus.
3526 2956 3714 3022 Nona,
3750 2956 3821 3010 de
3868 2954 4037 3010 Cbore.

2488 3050 2728 3111 Decima,
2754 3048 2821 3103 de
2842 3046 3307 3118 exploratoribus.

2563 3320 2583 3350 ¹
2616 3315 2761 3369 IIanc
2816 3315 3117 3383 superioris
3165 3311 3330 3366 libelli
3369 3310 3520 3366 velut
3586 3307 4042 3377 ἀνακεφαλαίωσιν

2484 3402 2547 3442 ex
2580 3397 2768 3442 eodem
2794 3400 2913 3439 meo
2948 3402 3047 3439 ms.
3085 3384 3374 3438 subnecte.

819 3666 4042 3726 ___________________________________

1138 3858 2091 3957 COMMENTARIUS
2147 3851 2270 3939 IN
2389 3844 2999 3937 CANTICUM
3106 3837 3761 3929 DEBBORZE.

895 4223 1094 4286 (Judie.
1135 4236 1184 4273 ν.
1208 4246 1274 4256 —-
1302 4213 1458 4266 γεῖς.
1496 4211 1569 4277 ι.)
1608 4228 1624 4259 ι
1665 4208 2103 4271 Cecincruntque
2139 4198 2385 4252 Debbora
2416 4200 2456 4257 C
2490 4210 2553 4247 ac
2587 4194 2757 4247 nubes
2787 4188 3125 4245 stillaverunt
3162 4186 3340 4255 aquis.
3371 4202 3391 4235 ι
3422 4182 3612 4238 Terra:
3651 4190 3843 4238 motus
3869 4183 4043 4236 amntis

822 4332 875 4372 et
900 4317 1065 4370 Barac
1101 4313 1241 4365 ﬁlius
1278 4309 1559 4361 Abinuem.
1589 4322 1605 4353 ι
1646 4302 1817 4354 Barac
1848 4297 1929 4349 vir
1965 4295 2225 4349 Debborae
2256 4304 2386 4358 ιιι-ου

825 4404 1061 4477 pltetidis
1084 4400 1247 4454 fuisse
1280 4396 1532 4449 traditur.
1564 4392 1682 4460 Ipse
1715 4391 1875 4442 etiam
1916 4384 2139 4437 Baracin
2184 4395 2385 4449 praere-

823 4475 1081 4551 ilentibns
1102 4486 1366 4559 Lapidutb
1393 4479 1911 4545 \'ocatur.Lapidotb
1937 4476 2079 4527 enim
2111 4475 2383 4539 interpre-

824 4601 990 4651 tatur,
1020 4584 1237 4653 fulgur:
1264 4578 1432 4631 Barac
1451 4587 1688 4644 quoque,
1708 4563 2384 4635 fulmen.Fulguridcirco,

822 4681 948 4748 quia
1021 4686 1308 4741 antequam
1348 4668 1703 4720 ulcisceretur
1736 4658 1900 4713 Israel
1938 4656 2005 4710 de
2038 4653 2381 4711 Cltaitanaeis,

822 4747 977 4837 quasi
1016 4768 1197 4834 fulgur
1230 4759 1558 4829 Splendebat
1602 4754 1654 4807 in
1689 4752 1905 4820 populo,
1940 4750 2149 4803 meritis
2177 4747 2387 4800 scilicet

821 4874 874 4915 et
906 4856 1277 4930 praerogativis
1325 4864 1547 4922 Operam
1586 4864 1598 4900 :
1640 4855 1923 4913 postquam
1962 4857 2092 4897 vero
2128 4842 2271 4893 ultus
2302 4847 2385 4891 est

822 4953 987 5007 Israel
1020 4950 1085 5004 de
1128 4946 1467 5007 Cliauameis,
1516 4938 1745 5001 fulmen,
1790 4936 1841 4988 id
1911 4942 2013 5001 est,
2075 4932 2384 5003 percutiens

825 5056 1044 5099 \ocalus
1072 5050 1173 5093 est.

893 5133 1073 5203 (γωδ.
1107 5133 1161 5197 4,
1204 5131 1282 5198 5.)
1321 5149 1338 5181 ‹
1378 5128 1623 5190 Domine,
1686 5137 1806 5178 cum
1860 5121 2035 5174 exircs
2062 5119 2127 5172 de
2163 5116 2304 5176 Scir,
2334 5123 2387 5168 et

823 5229 1083 5299 transires
1138 5241 1233 5294 per
1294 5222 1539 5285 regiones
1606 5215 1796 5276 Edom,
1859 5221 1999 5265 terra
2072 5218 2213 5262 mota
2263 5216 2384 5267 est,

822 5322 946 5373 (τοιιὶ
981 5334 1043 5372 ac
1081 5318 1253 5371 nubes
1274 5307 1847 5375 stillaveruntaquis.»
1890 5303 2077 5357 [ﬁxisse
2124 5300 2386 5353 Dominus

824 5414 1021 5468 dicitur
1055 5410 1120 5463 de
1146 5408 1285 5472 Scir,
1318 5416 1365 5458 et
1406 5406 1673 5458 transisse
1696 5414 1784 5468 per
1803 5396 1993 5457 Edoni,
2017 5411 2080 5448 eu
2102 5393 2242 5463 quod
2265 5392 2383 5443 ldu-

826 5506 1168 5572 mrislcgem
1229 5515 1380 5555 Suam
1440 5499 1688 5566 recipere
1742 5490 2063 5551 nolentibus,
2101 5490 2152 5539 in
2207 5494 2385 5538 monte

825 5595 973 5647 Siuai
1003 5593 1169 5661 legem
1214 5589 1375 5645 Israel
1435 5584 1667 5641 dederit.
1707 5597 1724 5630 ι
1770 5579 1934 5632 Terra
1960 5587 2101 5629 mota
2134 5572 2381 5636 cst,cteli

2489 4286 2617 4340 Sina
2666 4284 3015 4339 describitur.
3054 4282 3115 4335 Et
3145 4282 3287 4351 quod
3336 4278 3469 4333 dicit
3510 4303 3520 4333 ;
3562 4298 3581 4329 ι
3630 4278 3770 4333 Coeli
3808 4294 3869 4332 ac
3895 4278 4043 4332 nubes

2488 4380 2832 4433 Stillavcrunt
2868 4378 3047 4445 aquis,
3092 4394 3108 4424 ο
3151 4374 3215 4427 ad
3254 4375 3604 4442 praesentium
3665 4370 3905 4434 Domini,
3936 4373 4039 4425 coeli

2490 4470 2638 4539 quasi
2671 4468 2903 4537 quodam
2950 4482 3149 4536 pavore
3208 4466 3441 4520 sudores
3476 4466 3796 4520 eminentes
3832 4477 3853 4504 ε
3906 4466 4040 4533 aquis

2489 4564 2774 4617 Stillarisse
2827 4561 3105 4613 dicuntur.
3167 4558 3435 4610 Similiter
3466 4566 3522 4611 et
3575 4576 3595 4608 ι
3647 4571 3864 4611 montes
3893 4554 4037 4609 (lurco

2490 4664 2663 4707 runta
2703 4652 2839 4704 facie
2870 4649 3103 4704 Domini.
3142 4666 3159 4699 ι
3194 4647 3346 4712 Quod
3382 4662 3512 4701 vero
3548 4649 3826 4717 sequitur,
3862 4668 3878 4698 ι
3909 4648 4035 4701 Sinni

2489 4763 2516 4799 a
2552 4747 2685 4798 facie
2721 4742 2929 4796 Domini
2967 4740 3059 4793 Dei
3113 4738 3300 4800 Israel,
3368 4758 3384 4788 ι
3452 4741 3890 4794 subaudiendum
3948 4750 4035 4796 est.

2488 4838 2811 4891 contremuit
2848 4845 2897 4887 et
2926 4834 3171 4887 fumavit.

2560 4930 2731 4995 (Vers.
2768 4928 2844 4995 6.)
2908 4945 2926 4978 ι
2989 4926 3046 4980 In
3108 4924 3301 4979 diebus
3366 4922 3581 4991 Sangar
3632 4922 3726 4977 ﬁlii
3759 4922 3951 4987 Anatb,
3990 4926 4028 4974 iu

2488 5022 2677 5075 diebus
2729 5016 2878 5071 Jabel
2906 5018 3226 5086 quieverunt
3265 5012 3496 5074 semitae,
3526 5021 3581 5065 et
3629 5012 3723 5080 qui
3785 5010 4029 5080 ingredie-

2491 5116 2686 5166 bantur
2715 5127 2809 5179 per
2847 5125 2959 5173 eas,
2999 5108 3417 5161 ambulaverqu
3461 5118 3557 5171 per
3580 5104 3750 5157 calles
3777 5104 3969 5156 devios.
4004 5120 4017 5149 ι

2488 5204 2771 5269 Quierissc
2800 5201 3057 5254 dicuntur
3092 5198 3317 5255 semitae,
3377 5195 3508 5261 quia
3570 5202 3818 5262 tempore
3848 5192 4031 5259 Sangar

2489 5294 2639 5345 duris
2696 5289 2882 5355 Israel,
2914 5295 3299 5355 praeoccupatae
3332 5293 3494 5337 erant
3524 5285 3738 5338 semita:
3795 5282 4038 5337 abiniini-

2496 5386 2576 5438 eis
2643 5384 2830 5449 Israel,
2884 5392 2936 5436 et
2992 5395 3100 5434 non
3162 5375 3434 5431 audebant
3473 5376 3528 5429 iu
3571 5377 3797 5430 domum
3852 5371 4033 5427 Domini

2498 5477 2664 5529 libere
2712 5474 2899 5527 orandi
2936 5472 3102 5542 gratia
3156 5474 3487 5533 ascendere;
3526 5468 3622 5521 sed
3661 5469 3752 5538 qui
3806 5465 4037 5536 ingredie-

2497 5571 2694 5622 bantur
2727 5582 2820 5636 per
2860 5582 2974 5627 eas,
3040 5564 3235 5617 timore
3291 5563 3651 5616 inimicorum
3709 5561 3933 5614 latenter
3998 5562 4037 5602 ιί

906 5764 929 5790 δ
965 5750 1273 5817 I‘erpcram,
1316 5755 1368 5798 et
1402 5744 1549 5798 nullo
1602 5754 1766 5795 sensu
1832 5731 2121 5788 excuderat
2180 5729 2856 5788 Martianzcusmiscentur,
2919 5739 3017 5793 pro
3087 5722 3399 5782 emittentes,
3471 5718 3929 5788 quixmadmoslum
3983 5723 4035 5763 et

836 5834 953 5875 meo
990 5835 1089 5873 ttlS.
1137 5818 1366 5873 restitui.
