4198 6350
157 390 288 454 ἲ385

1102 391 1492 451 (ἸΟΜΜΕΝΤ.
1535 390 1611 449 IN
1655 389 2042 449 CANTICUM
2109 388 2506 448 DEIIBORE.

3251 385 3379 448 I336

150 519 242 573 per
268 503 437 558 calles
482 501 673 554 devios
705 502 1084 556 ascenb-hanl.
1140 501 1211 553 De
1238 503 1433 569 quibus
1467 500 1703 555 inimicis
1736 518 1776 570 Α
1807 502 1931 555 ditis
1958 517 2121 570 super
2154 503 2389 556 nitentes
2421 500 2606 553 asinos
2638 499 2690 555 ὶδ.
2731 517 2747 550 ι
2791 498 2843 550 In
2889 496 3114 551 Ilebrmo
3141 499 3380 555 .asinas.

150 608 252 644 non
295 594 452 659 plene
492 607 588 645 eos
625 592 886 646 liberasse
937 590 1144 660 Sangar
1203 592 1460 643 scribitur
1514 590 1713 655 (Judic.

149 700 226 746 In,
259 685 372 751 51).
408 683 566 748 Quod
601 700 726 736 vero
769 685 1128 751 interponitur
1164 683 1322 750 paulo
1355 684 1624 750 superius,
1659 684 1715 733 in

153 779 335 830 diebus
396 776 572 839 Juhcl,
637 776 1042 843 intelligendum
1083 778 1187 836 est,
1225 775 1350 842 quia
1387 776 1716 840 interempto

154 869 336 921 Sisara
369 884 397 918 a
423 867 598 929 Jahel,
631 877 828 935 aperbe
858 877 984 919 sunt
1025 867 1122 918 vi:c
1164 876 1217 919 et
1267 868 1471 934 absque
1505 865 1612 917 ullo
1648 865 1717 916 ti-

156 974 306 1012 more
336 959 488 1011 ibant
520 961 570 1011 iu
604 960 822 1010 donmm
859 957 1199 1026 Domini,qui
1238 967 1394 1010 antea
1436 972 1529 1025 per
1553 955 1716 1010 calles

153 1049 342 1104 detios
400 1051 532 1104 illuc
561 1051 962 1117 gradiebantur.
1003 1048 1067 1100 Et
1096 1047 1237 1115 quod
1262 1045 1414 1099 .Iahel
1435 1056 1555 1100 ante
1584 1045 1717 1096 Deb-

149 1142 338 1196 boram
377 1143 464 1195 hic
501 1143 742 1211 prnitur,
783 1141 1104 1193 humilitatis
1129 1155 1290 1193 causa
1334 1140 1434 1191 hoc
1469 1138 1713 1190 Dehbora

151 1233 353 1288 fecisse
408 1236 632 1295 dicitur,
667 1249 734 1288 eo
785 1235 927 1304 quod
979 1232 1135 1288 Jahel
1183 1247 1319 1286 uxor
1364 1230 1505 1286 Aber
1547 1230 1712 1286 Cinaei

154 1327 398 1381 Sisaram
448 1329 805 1383 interfecerit.

219 1419 402 1486 (Vers.
460 1421 535 1475 7.)
603 1439 621 1471 ‹
687 1421 1054 1475 cessaverunt
1103 1418 1334 1489 (autem)
1369 1459 1384 1480 ,
1449 1416 1622 1470 fortes
1659 1417 1711 1468 in

151 1508 316 1563 Israel
351 1521 698 1578 qtt:everttnt,
748 1511 921 1564 donec
957 1520 1204 1580 surgeret
1242 1510 1509 1571 Debbora,
1546 1519 1720 1561 mater

150 1602 203 1651 in
249 1600 444 1653 Israel.
484 1620 500 1650 ι
561 1600 858 1654 Forteshie
923 1601 1172 1654 doctores
1228 1612 1282 1655 et
1338 1601 1721 1669 przedicatores

153 1692 288 1760 legis
313 1693 465 1752 dicit,
505 1694 595 1760 qui
641 1693 932 1761 quievisse,
961 1694 1013 1747 id
1046 1703 1145 1752 est.
1179 1708 1287 1745 non
1335 1691 1500 1745 fuisse
1532 1692 1725 1743 dicun-

155 1793 266 1842 tur,
299 1783 477 1838 donec
518 1792 764 1852 surgeret
799 1798 917 1852 qua:
951 1782 1116 1836 Israel
1148 1790 1200 1835 et
1229 1780 1611 1849 priediratione
1671 1787 1721 1832 et

1824 613 1841 644 ‹
1886 595 1948 647 Et
1986 594 2188 648 sedetis
2219 592 2521 663 injudicio.
2557 611 2574 641 ι
2626 593 2680 643 In
2738 590 2991 652 Hebraeo,
3056 609 3073 640 ι
3119 588 3382 642 Sedentes

1820 701 1981 753 super
2036 686 2329 752 judicium.
2386 685 2448 738 Et
2510 682 2803 736 ambulatis
2863 685 2914 734 in
2947 683 3052 746 via,
3094 681 3379 749 loquimini

1819 779 1906 829 ubi
1942 778 2114 831 collisi
2147 787 2270 830 sunt
2305 792 2522 838 currus,
2582 783 2636 826 et
2680 773 2920 826 hostium
2972 775 3269 826 suI'Ioratus
3298 784 3384 825 est

1818 868 2112 931 exercitus,
2141 867 2210 918 ibi
2245 876 2534 920 narrentur
2562 865 2787 935 justitiae
2820 864 3054 925 Domini,
3080 866 3384 918 clementia:

1819 959 1976 1013 fortis
2011 959 2194 1010 Israel.
2234 977 2252 1008 s
2289 958 2618 1011 Ascensores
2653 958 2926 1010 asinarmn
2959 960 3187 1024 populus
3218 958 3382 1011 Israel

1818 1053 2053 1110 dicitur:
2089 1053 2264 1105 asinae
2301 1065 2428 1103 vero
2461 1051 2514 1102 in
2546 1053 2744 1118 quibus
2777 1052 3102 1109 ascendunt,
3136 1057 3385 1103 doctores

1821 1143 1994 1195 tribus
2026 1143 2186 1194 Israel
2210 1140 2490 1200 dicuntur,
2523 1155 2623 1206 sup
2646 1158 2684 1192 -r
2710 1156 2938 1207 quorum
2974 1140 3222 1191 doctrina
3259 1141 3387 1191 reli-

1819 1248 1958 1300 quus
2023 1236 2254 1302 populus
2287 1231 2440 1300 quasi
2482 1245 2647 1298 snper
2681 1229 2866 1282 asinas
2900 1231 3195 1282 asremb-re
3253 1228 3388 1281 diri-

1820 1333 1928 1384 tnr,
1962 1323 2013 1376 id
2039 1335 2142 1386 est,
2169 1326 2532 1392 requiescere.
2572 1320 2635 1373 Et
2664 1320 2763 1388 ipsi
2798 1319 3247 1382 asinmdieuntur,
3285 1320 3387 1372 hoc

1819 1422 1924 1474 est,
1955 1415 2263 1481 gradientes
2291 1414 2459 1466 instar
2483 1413 2650 1465 asina:
2677 1412 2728 1462 iu
2763 1410 2900 1477 lege,
2933 1414 3186 1463 sedentes
3220 1426 3386 1476 super

1815 1506 2104 1574 judicium,
2166 1504 2216 1556 id
2279 1515 2357 1557 est
2409 1520 2573 1572 super
2627 1505 2823 1572 legem.
2866 1503 2996 1568 Qu:e
3029 1512 3190 1555 etiam
3226 1517 3387 1568 sup.r

1817 1597 2083 1666 judicium
2144 1597 2332 1649 sedere
2360 1596 2636 1659 tliCuntur,
2671 1597 2719 1645 id
2751 1606 2833 1648 est
2903 1612 3067 1662 super
3105 1595 3296 1661 legem,
3333 1603 3388 1644 et

1823 1689 2096 1741 ambulare
2131 1688 2184 1740 in
2219 1689 2298 1738 via
2355 1688 2456 1740 sub
2489 1688 2624 1754 lege,
2655 1702 2717 1736 eo
2775 1689 2916 1754 quod
2953 1687 3092 1737 viam
3135 1687 3265 1749 legis
3296 1702 3388 1736 no-

1824 1797 2095 1850 qnaqttam
2132 1781 2483 1835 excederent.
2536 1779 2798 1847 Populum
2859 1779 3039 1846 itaque
3075 1781 3165 1844 qui
3225 1793 3387 1846 Super

152 1876 535 1928 exhortatione
566 1876 807 1936 doceret,
863 1883 916 1927 et
947 1874 1176 1927 Consilio
1208 1873 1274 1926 ab
1316 1871 1562 1926 hostibus
1596 1871 1723 1923 libe-
1758 1893 1796 1944 η
1831 1875 1924 1924 has
1954 1873 2158 1931 asinas.
2215 1871 2266 1924 id
2325 1880 2408 1924 est
2463 1886 2621 1939 super
2661 1873 2757 1922 hos
2790 1869 3044 1922 ductores
3075 1870 3385 1937 requiem-e-

157 1977 328 2020 raret.
369 1969 480 2020 Hos
524 1969 685 2019 etiam
743 1966 911 2020 fortes
947 1972 999 2019 in
1032 1967 1404 2032 Stlpcrioribus
1440 1965 1504 2017 ad
1540 1964 1721 2016 Domi-

158 2072 288 2108 num
344 2070 532 2109 secum
572 2056 997 2109 benedicendum
1031 2055 1218 2108 eadem
1255 2056 1501 2107 Debbora
1536 2055 1721 2106 verbis

159 2148 245 2198 bis
282 2155 560 2213 provocat,
593 2147 781 2199 dicens
818 2163 831 2198 :
883 2162 900 2194 ι
944 2143 1046 2209 Qui
1101 2153 1295 2212 Sponte
1347 2143 1626 2196 obtulistis
1657 2143 1722 2194 de

155 2235 318 2288 Israel
385 2239 597 2287 aniwas
651 2245 858 2287 vestras
912 2234 974 2286 ad
1041 2234 1364 2300 periculum,
1421 2233 1723 2286 benedieite

159 2326 393 2378 Domino
448 2327 602 2393 (rers.
642 2329 716 2390 2).
759 2345 777 2376 ι
850 2323 914 2376 IIi
949 2325 1134 2388 fortes,
1200 2323 1248 2376 id
1307 2334 1410 2387 est,
1474 2324 1723 2376 doctores

158 2419 432 2472 obtulisse
464 2419 718 2471 dicuntur
738 2417 1162 2484 animas§suasad
1191 2417 1512 2484 periculum,
1541 2413 1590 2465 id
1619 2426 1723 2476 est,

159 2511 276 2578 legi.
313 2511 402 2561 Dei
436 2519 490 2562 et
523 2510 771 2561 servituti
804 2509 922 2576 ejus
947 2523 1006 2560 se
1043 2506 1376 2570 subdidisse,
1413 2514 1467 2558 et
1501 2505 1588 2558 die
1623 2519 1724 2556 no-

155 2613 359 2668 ctuque
391 2601 442 2651 in
490 2599 926 2652 meditationibus
961 2597 1096 2665 legis
1132 2612 1330 2665 corpus
1375 2597 1724 2663 animamque

157 2701 432 2745 mactasse
470 2689 509 2741 ³.

227 2783 408 2850 (Vers.
449 2780 529 2846 8.)
577 2777 752 2832 «Nova
788 2779 927 2832 bella
958 2779 1116 2849 elegit
1151 2779 1429 2840 Dominus.
1465 2790 1513 2833 el
1542 2792 1726 2846 portas

155 2875 400 2927 hostium
435 2872 550 2940 ipse
585 2871 875 2922 subvertit.
925 2869 1158 2939 Clypens
1196 2881 1249 2921 et
1285 2871 1439 2922 hasta
1480 2871 1521 2922 si
1555 2885 1724 2936 appa~

160 2975 395 3019 ruerunt
446 2963 500 3014 in
561 2961 915 3029 quadraginta
965 2959 1204 3012 millibus
1265 2959 1442 3012 Israel.
1494 2977 1512 3010 ι
1574 2958 1726 3023 Quod

155 3054 290 3106 dicit
321 3054 547 3120 clypeos
579 3060 631 3103 et
671 3052 851 3112 hasta,
887 3048 1295 3117 intelligendum
1329 3058 1412 3100 est
1443 3050 1542 3101 hoc
1570 3047 1725 3115 quasi

151 3143 515 3212 jurejurando
554 3143 778 3204 dixisse,
811 3143 953 3210 quod
1002 3142 1053 3193 in
1086 3140 1456 3208 quadraginta
1487 3140 1726 3192 millibus

1827 1963 1937 2026 bat,
2006 1970 2268 2030 provocat
2327 1961 2563 2014 Debbora
2619 1961 2686 2012 ad
2741 1961 3171 2014 benedicendum
3205 1960 3386 2013 Demi-

1827 2068 1976 2115 num,
2010 2063 2062 2105 et
2087 2054 2163 2104 ait.
2201 2071 2214 2107 :
2245 2051 2568 2118 Loquimini,
2619 2052 2671 2104 id
2704 2063 2810 2113 est,
2865 2052 3099 2103 laudate.
3139 2052 3199 2102 Iit
3229 2053 3382 2118 quasi

1827 2144 2256 2211 interrogassent
2295 2163 2307 2197 :
2354 2143 2457 2195 L'bi
2489 2156 2538 2196 et
2573 2145 2788 2210 quando
2834 2143 3170 2195 laudabimus
3209 2142 3388 2194 Domi-

1825 2237 1994 2290 num?
2028 2238 2114 2290 illa
2139 2235 2420 2304 respondit
2454 2253 2468 2288 :
2514 2253 2532 2286 ι
2580 2234 2681 2288 Ubi
2716 2236 2898 2288 collisi
2932 2245 3058 2287 sunt
3089 2249 3305 2296 currus,
3336 2243 3388 2286 et

1827 2329 2062 2382 hostium
2119 2328 2417 2382 sulfocatus
2475 2337 2558 2381 est
2607 2328 2906 2389 exercitus,
2963 2328 3032 2380 ibi
3095 2338 3386 2380 narrentur

1822 2418 2047 2485 justitite
2093 2417 2331 2478 Domini,
2386 2417 2671 2468 clementia
2727 2416 2884 2469 fortis
2940 2415 3141 2479 Israel;
3183 2435 3202 2467 ι
3241 2432 3303 2469 ac
3336 2417 3380 2470 si

1825 2511 2029 2562 dceret
2055 2525 2070 2563 :
2100 2509 2358 2574 Quamvis
2386 2525 2597 2578 semper
2613 2510 2877 2577 etubique
2911 2509 3050 2562 Deus
3089 2508 3386 2562 laudandus

1827 2600 1932 2661 sit;
1966 2611 2141 2652 tamen
2179 2598 2337 2651 modo
2387 2599 2690 2651 laudandus
2734 2615 2759 2649 a
2788 2598 2967 2650 'nobis
3004 2599 3180 2666 potius
3211 2607 3264 2650 rt
3293 2598 3388 2648 be~

1827 2691 2158 2744 nedicendus
2213 2699 2338 2752 est,
2381 2690 2472 2758 qui
2531 2689 2784 2743 inimicos
2834 2700 3048 2745 nostros
3096 2690 3382 2754 subvertit,

1828 2783 1966 2838 sicut
1994 2780 2273 2851 Egyptios
2304 2783 2354 2834 in
2394 2782 2527 2833 mari
2564 2780 2770 2832 Rubro.

1901 2959 2081 3030 (Vers.
2119 2960 2203 3028 II)
2233 2977 2250 3009 t
2290 2957 2442 3013 Tunc
2474 2959 2758 3014 descendit
2788 2960 3017 3029 populus
3055 2960 3266 3015 Domini
3318 2963 3388 3016 ad

1833 3063 2033 3122 portas,
2067 3062 2120 3106 et
2145 3053 2380 3107 obtinuit
2409 3053 2794 3121 principatum.
2839 3075 2854 3103 ι
2894 3055 2971 3106 Ad
2999 3067 3182 3121 portas
3211 3071 3389 3122 popu-

1832 3146 1912 3197 lus
1943 3145 2151 3197 Domini
2207 3143 2504 3207 descendit,
2534 3145 2584 3195 id
2617 3154 2720 3206 est,
2754 3145 2818 3195 ad
2855 3155 3035 3210 portas
3066 3145 3254 3198 domas
3287 3145 3390 3199 Do-

157 3234 327 3288 Israel
359 3248 459 3284 nec
491 3233 733 3300 clyprUS.
789 3247 889 3285 nec
946 3233 1093 3284 hasta
1132 3231 1360 3282 inveniri
1397 3236 1599 3297 posset.
1639 3230 1718 3281 |=l-
1750 3232 1792 3287 c
1826 3237 1977 3296 mini,
2007 3237 2132 3302 quia
2163 3235 2447 3287 benedicto
2491 3235 2715 3288 Domino
2747 3247 2798 3288 el
2839 3237 3147 3288 collaudato
3178 3237 3231 3290 in
3269 3237 3390 3290 loco

158 3329 310 3380 εἱηό
342 3323 604 3376 Dominus
643 3338 776 3374 nova
813 3321 947 3374 bella
978 3321 1212 3387 elegisse
1245 3318 1468 3380 dicitur,
1518 3327 1571 3370 et
1603 3333 1724 3384 por-

163 3429 248 3470 tas
306 3417 546 3469 h05tium
605 3413 957 3475 subvenisse,
1023 3425 1088 3463 eo
1143 3411 1286 3478 quod
1331 3410 1393 3462 de
1425 3409 1726 3461 inermibus

159 3512 333 3563 fortes
375 3516 430 3560 et
469 3507 787 3557 victoriosus
831 3503 1037 3555 fecerit.
1097 3502 1255 3566 Quod
1302 3517 1424 3554 vero
1475 3501 1726 3553 Israelita:

157 3604 326 3653 armis
387 3595 667 3664 exspoliuti
732 3593 963 3646 fuissent
996 3609 1022 3645 a
1056 3593 1210 3646 Jabin
1263 3607 1387 3661 rege
1443 3592 1723 3655 CIIana'n,

161 3693 216 3744 in
247 3687 624 3757 superioribus
658 3685 986 3745 declaratur,
1047 3685 1136 3737 ubi
1176 3685 1374 3736 dicitur
1404 3701 1418 3739 :
1452 3683 1725 3738 Clamare-

163 3793 392 3848 rnntque
418 3780 517 3847 ﬁlii
543 3777 716 3831 Israel
747 3779 813 3829 ad
844 3777 1143 3832 Dominum.
1177 3776 1477 3846 Nongentos
1503 3778 1724 3829 habebat

163 3876 387 3942 falraws
458 3887 668 3930 currus,
724 3883 769 3921 et
837 3886 927 3936 per
978 3871 1160 3938 viginti
1203 3886 1365 3922 annos
1411 3869 1729 3921 vehementer

157 3963 418 4030 Oppressit
472 3979 557 4012 eos
586 3959 783 4030 (Judic.
819 3977 889 4022 Iv,
925 3959 1001 4028 5).
1036 3961 1393 4012 Vehementer
1426 3970 1478 4011 et
1517 3959 1728 4011 fortiter

161 4053 439 4122 Oppressit
470 4067 583 4112 eos,
618 4053 742 4118 quia
775 4051 940 4104 armis
966 4050 1524 4118 exspoliassedieitnr
1560 4066 1572 4100 :
1613 4049 1726 4102 sic-

159 4160 221 4202 ut
255 4149 308 4200 in
363 4148 502 4198 libro
559 4143 830 4197 Samuelis
879 4140 1139 4196 scribitur
1177 4156 1190 4193 :
1223 4139 1456 4208 Cumque
1506 4140 1728 4192 venisset

159 4243 272 4294 dies
306 4237 497 4307 pra'lii,
532 4253 634 4287 non
670 4236 908 4286 inventus
931 4242 1007 4285 est
1039 4233 1173 4284 ensis
1209 4242 1254 4283 et
1291 4232 1472 4284 lancea
1501 4235 1548 4283 in
1572 4248 1730 4283 manu

160 4335 328 4384 totius
354 4329 534 4398 populi
567 4328 654 4393 qui
695 4336 847 4378 erant
873 4341 989 4376 runt
1024 4323 1157 4376 Saul
1185 4333 1230 4376 et
1253 4320 1542 4385 lauat/Ian,
1579 4339 1729 4374 exrc-

159 4436 249 4493 pto
297 4421 430 4473 Saul
466 4432 508 4471 et
548 4417 817 4469 Jonatltan
850 4418 962 4482 [Ilio
1023 4415 1135 4482 ejus
1173 4414 1219 4481 (1
1242 4413 1366 4482 Reg.
1398 4428 1516 4474 XIII,
1546 4413 1658 4470 εἰ).

233 4519 250 4582 (
285 4512 438 4565 \‘rrs.
492 4511 544 4575 9,
593 4511 677 4572 IO,
713 4509 796 4561 II.
827 4509 844 4575 )
881 4528 896 4557 ι
926 4508 1032 4562 Cor
1059 4521 1230 4558 meum
1267 4505 1436 4573 diligit
1463 4506 1731 4573 principes

157 4604 325 4658 Israel
353 4603 428 4655 '.I
466 4599 770 4653 Notandum
804 4597 942 4666 quod
979 4600 1028 4648 in
1076 4595 1318 4656 Hebraeo,
1374 4610 1478 4648 non
1524 4595 1728 4662 princi-

159 4712 278 4763 pes,
313 4693 407 4746 sed
465 4693 716 4744 doctores
753 4701 778 4728 ι
823 4689 1038 4755 legitur.
1097 4686 1208 4740 Hoc
1257 4686 1492 4739 Debbora
1524 4687 1575 4738 in
1612 4701 1730 4754 per-

157 4803 292 4842 sona
340 4785 432 4837 Dei
467 4783 724 4849 loquitur,
759 4781 901 4848 quod
942 4781 1085 4830 Dens
1120 4779 1308 4848 diligat
1340 4779 1595 4830 doctores
1622 4778 1722 4846 legi

160 4882 250 4932 Dei
285 4875 590 4929 studentes.
623 4871 696 4925 De
735 4871 938 4941 quibus
971 4869 1217 4937 sequitur
1246 4885 1258 4920 :
1299 4886 1316 4919 ι
1351 4867 1455 4933 Qui
1507 4868 1723 4936 prepria

158 4970 440 5022 vqunIate
470 4964 748 5018 obtulistis
799 4977 894 5016 vos
931 4960 1237 5015 discrimini
1277 4960 1328 5013 in
1360 4960 1580 5028 populo,
1626 4961 1722 5013 be-

157 5060 392 5114 nedieitc
445 5057 690 5110 Domino.
748 5074 765 5106 ι
807 5055 880 5108 De
911 5055 1112 5122 quibus
1144 5053 1306 5104 etiam
1337 5052 1446 5119 jam
1473 5053 1720 5119 superius

156 5153 362 5204 dictum
401 5157 484 5201 est
519 5148 570 5198 in
597 5163 659 5200 eo
688 5148 826 5208 loco,
867 5145 955 5197 ubi
989 5145 1063 5196 ait
1094 5161 1108 5195 :
1143 5161 1161 5193 ‹
1201 5142 1305 5207 Qui
1333 5155 1524 5211 sponte
1558 5145 1718 5195 obtu-

155 5240 298 5294 bstis
326 5243 390 5292 de
425 5238 583 5291 Israel
610 5237 818 5290 animas
856 5246 1084 5298 veSIras,
1129 5252 1145 5282 ι
1184 5244 1294 5287 etc.
1337 5250 1355 5283 ι
1397 5233 1496 5299 Qui
1527 5249 1721 5288 ascen-

233 5425 247 5453 ¹
286 5421 338 5472 1η
364 5421 484 5472 aliis
509 5413 904 5482 exemplaribus
937 5428 1254 5464 marerasse.

1829 3328 2086 3390 victoriis,
2121 3325 2523 3379 descenderunt
2566 3327 2618 3384 in
2656 3327 2874 3379 domum
2916 3329 3150 3390 Domini,
3201 3338 3258 3381 ut
3315 3331 3392 3383 ibi

1827 3421 1990 3473 etiam
2025 3418 2308 3470 Dominum
2343 3419 2738 3481 eollaudarent,
2789 3419 3071 3474 Orationes
3119 3428 3170 3472 et
3234 3421 3392 3474 vit-ti-

1829 3524 1943 3562 mas
1991 3508 2038 3560 ei
2073 3507 2380 3562 offerentes.
2436 3508 2593 3573 Quod
2627 3524 2750 3562 vero
2816 3513 2880 3562 de
2938 3511 3081 3562 tribu
3141 3509 3389 3564 Issachar

1829 3601 2081 3653 doctores
2114 3612 2420 3652 exterarum
2457 3601 2690 3653 tribuum
2716 3611 2919 3660 essent,
2964 3614 3291 3654 monstratur
3323 3618 3390 3654 ex

1828 3690 1968 3744 libro
2000 3691 2469 3758 Piralipomenon,
2504 3691 2593 3743 ubi
2630 3693 2702 3743 ait
2734 3707 2748 3744 :
2784 3693 2856 3744 De
2888 3693 3016 3759 filiis
3071 3708 3272 3759 quoque
3318 3693 3391 3746 Is-

1829 3787 2017 3836 aac/tur
2049 3784 2145 3835 viri
2177 3785 2391 3844 eruditi,
2449 3785 2535 3852 qui
2564 3795 2755 3837 norant
2811 3785 3017 3853 singula
3053 3798 3285 3853 tempora
3322 3789 3389 3838 (ιιι

1828 3874 2230 3940 prwcipiendunt
2285 3875 2406 3942 quid
2457 3876 2629 3942 facere
2659 3877 2860 3928 deberet
2900 3875 3092 3938 Israel,
3128 3879 3388 3947 principes

1831 3964 2082 4017 ducenti:
2119 3982 2295 4017 omnes
2350 3976 2526 4016 autem
2557 3965 2770 4033 reliquie
2802 3968 2966 4017 tribus
3008 3983 3184 4018 eorum
3219 3972 3391 4020 consi-

1830 4057 1956 4108 lium
2007 4059 2352 4124 sequebantur
2387 4057 2438 4127 (Ι
2483 4059 2667 4114 I’ural.
2701 4077 2797 4123 XII,
2823 4061 2936 4124 εἳ).
2966 4061 3031 4115 Et
3056 4063 3315 4130 quod‘iidu
3339 4079 3389 4115 III

1830 4149 2082 4202 dot-tores
2132 4149 2271 4200 asini
2321 4161 2722 4215 IIuneUpentur,
2782 4162 3117 4204 monstratur
3152 4168 3218 4204 ex
3253 4154 3392 4205 libro

1832 4237 2078 4300 Genesis,
2111 4239 2200 4290 ubi
2233 4240 2475 4306 sequitur
2507 4260 2518 4293 :
2556 4239 2803 4293 Issachar
2833 4245 3012 4295 asinus
3038 4245 3210 4312 fortis,
3239 4261 3394 4296 accu-

1833 4334 1964 4382 bans
1998 4332 2132 4383 inter
2160 4333 2430 4394 terminos,
2459 4333 2585 4384 vidit
2638 4335 2866 4400 requiem
2895 4335 3031 4399 quod
3060 4345 3194 4387 esset
3233 4336 3390 4398 bona,

1833 4432 1880 4474 et
1918 4432 2111 4472 terram
2141 4421 2277 4489 quod
2307 4432 2436 4475 esset
2489 4425 2706 4486 Optima,
2731 4434 2778 4476 et
2813 4427 3083 4491 supposuit
3117 4427 3391 4479 [tumet-nni

1833 4528 1985 4564 suum
2020 4514 2086 4563 ad
2116 4515 2453 4578 portandum,
2513 4515 2784 4582 {actusque
2812 4527 2885 4569 est
2935 4517 3130 4569 tributo
3164 4521 3392 4572 serviens

1836 4602 1987 4667 (Gen.
2045 4620 2187 4668 sus,
2253 4604 2338 4666 14,
2398 4605 2510 4673 15).
2563 4605 2765 4661 Asinus
2819 4607 2870 4659 in
2932 4609 3071 4662 libro
3120 4611 3392 4666 (ient-sees

1830 4693 1984 4747 fortis
2026 4694 2245 4757 dicitur,
2285 4705 2502 4763 propter
2551 4696 2918 4750 fortitudinem
2974 4700 3132 4768 legis,
3163 4717 3227 4753 eo
3249 4708 3391 4769 quod

1829 4787 1882 4838 in
1911 4787 2138 4838 humero
2187 4787 2352 4854 legem
2411 4796 2672 4856 portaret,
2707 4801 2758 4840 et
2783 4791 2992 4844 ueteris
3028 4793 3274 4847 tribubus
3300 4795 3392 4846 tri-

1829 4877 2042 4936 butum,
2091 4876 2142 4930 id
2200 4887 2304 4941 est,
2365 4878 2671 4932 doctrinam
2736 4881 2868 4950 legis
2915 4883 3278 4950 impenderet.
3333 4887 3389 4940 III

1826 4968 1964 5020 libro
1999 4983 2124 5021 vero
2176 4966 2431 5022 Iudicum
2468 4972 2632 5025 asina:
2660 4972 2939 5038 dicuntur,
2989 4993 3052 5029 eo
3083 4978 3228 5046 quod
3262 4979 3393 5031 viri-

1832 5058 1932 5113 bus
1960 5058 2114 5111 frarti
2151 5071 2204 5113 et
2261 5061 2550 5126 humiliati,
2602 5075 2766 5134 atque
2831 5068 3026 5119 inlirIni
3093 5084 3390 5134 manerent,

1826 5152 1954 5217 jugo
1977 5151 2184 5205 scilicet
2216 5154 2452 5221 gentium
2488 5158 2660 5223 pressi
2697 5167 2856 5226 atque
2887 5161 3175 5225 IIumiliati,
3203 5174 3253 5216 et
3279 5164 3391 5215 Sola

1833 5249 2035 5292 tantum
2065 5240 2180 5309 lege
2218 5243 2304 5295 Dei
2329 5246 2586 5298 contenti.

229 5518 248 5544 ²
294 5515 548 5566 Ηνῐηωιιδ
598 5489 784 5563 ’λς-πυτ
833 5505 1026 5589 ῬΡῚΠἽ
1078 5503 1345 5556 leltliocece
1397 5501 1592 5566 Israel,
1655 5505 1722 5556 ad
1760 5503 1887 5558 Scrit

531 5526 548 5562 5
598 5489 784 5563 ’λς-πυτ
833 5505 1026 5589 ’Pp‘rt“)
1078 5503 1345 5556 leltliocece
1397 5501 1592 5566 Israel,
1655 5505 1722 5556 ad
1760 5503 1970 5558 Scribas
2005 5502 2189 5556 Israel.

226 5642 250 5666 δ
289 5627 564 5680 Rabanus.
602 5623 869 5684 Principes
912 5621 1105 5681 Israel,
1159 5618 1356 5687 inquit,
1391 5630 1508 5670 sunt
1532 5619 1714 5671 docto-

160 5716 234 5750 ης
265 5708 454 5754 soncll,
487 5710 635 5758 quos,
671 5705 772 5744 etc.

231 5768 256 5805 δ
295 5770 458 5826 Idem,
494 5765 608 5814 Alia
642 5771 836 5819 autent,
870 5762 961 5819 ait,
991 5763 1150 5812 editio
1183 5762 1254 5812 sic
1281 5760 1453 5823 habet,
1490 5759 1710 5812 Benedi-

506 5857 766 5914 ΡΑτιιτιι..
861 5855 1076 5912 XXIII.

1825 5622 1923 5697 rite
1951 5621 2251 5697 Dominum,
2281 5623 2368 5689 qui
2421 5628 2698 5681 ascenditis
2757 5648 2915 5697 super
2947 5635 3200 5695 iumenta,
3225 5647 3383 5695 supra

1825 5694 2054 5743 vehicula
2090 5693 2343 5758 :edrntes,
2381 5709 2425 5747 et
2450 5713 2600 5763 super
2626 5717 2801 5752 asinos
2823 5693 3169 5768 'I'ct‘n.’grntes.

2956 5866 3022 5921 4'4
