4198 6350
855 361 987 427 1337

2219 367 2617 429 Al'l‘ENDIX.

3974 361 4066 421 13%

916 474 1092 539 (νει-ς.
1129 475 1229 540 12.)
1268 495 1283 524 ι
1332 476 1528 544 Surge,
1566 493 1725 548 surge
1749 480 1790 545 ‘,
1824 480 2062 533 chborn
2086 494 2100 539 ;
2127 478 2407 546 surgeJo-
2435 484 2481 543 Α
2513 478 2576 531 ad
2610 478 2938 538 bellandum.
2988 476 3037 529 id
3070 486 3172 537 est,
3204 479 3267 531 ad
3311 476 3609 531 llomiuum
3672 476 4061 531 Cullattdundutu

843 580 1013 630 qttere
1045 565 1346 621 timuit-um.
1387 587 1406 619 ι
1440 567 1747 624 Notandum
1780 571 1922 640 quod
1962 570 2015 623 in
2052 568 2278 622 Hebraeo
2303 585 2396 621 c.17-

845 657 1106 723 spergisce
1138 658 1370 723 legatur,
1406 660 1456 713 id
1482 672 1586 722 est.
1620 661 1931 731 espergisce
1970 661 2022 715 in
2050 661 2245 729 spiritu
2272 676 2401 729 pro-

844 750 1060 816 phetiae.
1098 749 1447 805 [ha-fatorum
1485 754 1664 821 itaque
1698 752 1982 805 doctorum
2018 752 2242 807 vocibus
2260 754 2395 807 Deb-

844 844 977 895 hora
1054 854 1399 912 provocatur,
1468 857 1527 899 ut
1589 846 2029 913 exspergiscatur
2086 847 2137 897 in
2200 844 2392 911 spiritu

845 935 1139 1002 propheliu‘.
1170 946 1223 990 et
1259 939 1453 1001 laudis,
1475 947 1527 989 et.
1563 953 1669 989 non
1705 946 1881 990 cesset
1936 952 1965 990 a
1994 936 2249 989 laudibus
2283 933 2397 987 Dei.

847 1021 1000 1077 Unde
1026 1034 1078 1078 et
1109 1028 1354 1095 sequitur
1390 1041 1407 1083 :
1446 1044 1463 1076 ι
1494 1024 1740 1095 Loquere
1770 1026 2075 1079 Canticum.
2110 1020 2281 1091 Surge
2304 1020 2405 1075 Ba-

847 1131 960 1178 ne,
992 1104 1403 1185 etapprehende
1428 1120 1671 1187 captivos
1713 1126 1855 1179 tuos,
1909 1116 1983 1169 ﬁli
2048 1116 2337 1169 Abinoetn.
2376 1132 2394 1163 ι

848 1207 901 1261 lu
963 1208 1192 1261 llebraeo
1246 1210 1445 1263 dicitur
1485 1213 1549 1266 ξ’
1592 1230 1609 1261 ι
1662 1210 1909 1264 Pnedare
1941 1207 2177 1279 praedam
2226 1218 2398 1273 tuam,

845 1301 913 1351 tili
946 1300 1228 1353 Abinoem.
1267 1320 1284 1350 ι
1326 1300 1449 1354 "are
1476 1301 1742 1353 sententia
1794 1300 2016 1353 vocibus
2084 1298 2399 1351 eorumdem

839 1393 1003 1443 etiam
1062 1393 1342 1443 doctorum
1408 1392 1573 1444 Durae
1630 1392 1900 1455 admonet,
1948 1400 2007 1443 ttt
2056 1389 2399 1457 deprtedetur

836 1484 1103 1551 eeliqni‘as
1134 1483 1471 1536 inimicorum
1507 1497 1751 1543 sucrum.
1787 1492 1840 1535 et
1871 1485 1933 1535 ad
1968 1482 2397 1535 internecionem

844 1587 939 1623 eos
971 1587 1139 1639 usque.
1163 1572 1440 1639 perducat.
1472 1583 1523 1625 et
1575 1588 1767 1626 nomen
1799 1572 1900 1625 sibi
1932 1571 2172 1624 victoria:
2202 1570 2391 1621 lauda-

840 1664 1022 1716 biliter
1048 1664 1266 1732 :icqnira
1280 1674 1315 1717 t.

910 1760 925 1819 (
968 1751 1121 1807 Vers.
1162 1753 1280 1821 l3.)
1318 1771 1334 1803 ι
1372 1752 1524 1805 Tunc
1591 1753 1808 1805 salvataa
1849 1758 1979 1805 sunt
2038 1750 2276 1819 reliquias
2302 1764 2392 1819 βη-

2511 578 2563 622 et
2590 572 2945 623 exorandum.
2985 570 3054 621 De
3086 571 3284 637 quibus
3329 582 3374 622 et
3405 572 3669 639 Sequitur
3703 590 3713 623 :

2583 657 2762 728 (Vers.
2799 661 2909 725 15.)
2954 678 2972 711 ι
3012 660 3185 715 Duces
3249 661 3504 715 lssachar
3568 663 3728 715 fuere
3785 675 3906 714 cum
3965 662 4065 715 Deb-

2513 752 2664 807 bora.
2700 776 2717 803 ο
2757 752 2811 805 In
2856 753 3079 809 Hebraeo
3112 774 3124 806 :
3164 753 3460 822 Principes,
3498 754 3551 807 id
3601 764 3688 807 est
3729 754 3970 809 doctores
4010 755 4064 807 le-

2514 844 2618 912 gis,
2656 843 3020 897 fueruntcum
3069 845 3313 899 Debbora
3353 844 3418 897 ad
3444 844 3883 899 collaudandum
3916 844 4061 897 Domi-

2515 953 2663 1000 ntnn,
2716 945 2763 989 et
2820 934 2994 989 Barac
3033 940 3248 1007 uestigia
3291 947 3415 990 sunt
3442 938 3639 990 secuti.
3677 937 4060 1006 Intelligendum

2512 1037 2615 1091 est,
2670 1030 2797 1097 quia
2857 1045 2979 1099 pars
3031 1033 3278 1098 quredam
3328 1031 3548 1085 illorum
3580 1044 3713 1084 cum
3752 1029 3987 1083 Debbora
4012 1034 4057 1084 ad

2512 1118 2839 1174 laudandum
2912 1119 3193 1175 Dominum
3256 1122 3547 1186 remansit,
3636 1128 3693 1174 et
3764 1136 3889 1189 pars
3921 1120 4058 1173 Barac

2511 1213 2738 1281 vestigia
2792 1223 2922 1267 sunt
2970 1212 3139 1267 secuti
3169 1213 3235 1267 ad
3290 1214 3553 1281 papulum
3604 1213 3996 1266 exhortandum
4024 1224 4059 1265 ct

2510 1301 2885 1354 debellandum
2940 1303 3195 1357 Sisaram.
3228 1320 3246 1352 ι
3292 1303 3394 1366 Qui
3427 1304 3592 1371 quasi
3632 1304 3689 1356 in
3726 1319 3962 1371 prteceps
4007 1306 4055 1355 ad

2518 1393 2833 1446 barathrum
2855 1408 2913 1447 se
2940 1394 3237 1448 discrimini
3267 1395 3436 1448 dedit.
3474 1412 3494 1444 ι
3528 1393 3708 1448 Barac
3736 1396 3937 1450 scilicet
3974 1411 4061 1447 cre-

2509 1486 2643 1538 dens
2676 1485 2835 1538 verba
2870 1484 3101 1549 Domini,
3137 1502 3195 1541 se
3252 1486 3400 1541 dedit
3443 1485 3789 1548 discrimini,
3860 1490 4062 1555 praecipi-

2512 1588 2631 1631 tans
2654 1593 2711 1631 se
2741 1578 2792 1630 in
2817 1587 3107 1631 torrentem
3135 1580 3299 1633 Cison
3364 1595 3712 1649 persequens
3740 1592 3795 1632 et
3822 1580 4061 1634 ἀεὶιειιιης

2509 1669 2804 1721 exercitum
2860 1668 3076 1722 Sisarm.
3140 1668 3465 1725 Baratbrum
3520 1672 3673 1726 enim
3725 1673 3782 1726 in
3818 1673 3917 1726 hoc
3976 1675 4061 1727 loco

2509 1765 2719 1812 torrens
2748 1758 2915 1813 Cison
2949 1760 3285 1828 intelligitur.
3338 1780 3357 1813 ι
3405 1765 3594 1817 Diviso
3650 1774 3853 1817 contra
3880 1781 3935 1819 se
3979 1763 4060 1817 Ru-

841 1844 971 1908 pnli.
1015 1863 1033 1894 ι
1088 1843 1211 1895 llaec
1263 1844 1528 1896 sententia
1572 1843 1636 1919 ad
1664 1842 2070 1913 intelligendum
2126 1842 2399 1913 jungenda
2433 1852 2478 1911 Β
2514 1852 2637 1911 ben,
2691 1853 3160 1918 magnanimoruiu
3222 1864 3437 1921 reperta
3498 1858 3795 1909 contentio
3831 1866 3931 1911 est.
3970 1875 3983 1906 ι
4019 1860 4059 1909 1η

837 1948 925 1992 est
952 1934 1232 1985 sententia:
1266 1935 1558 2000 superiori,
1586 1948 1689 2001 qua
1718 1934 1917 1987 dicitur
1949 1949 1962 1985 :
2002 1952 2019 1983 ι
2050 1932 2147 1987 Ubi
2176 1949 2404 1986 narran-

838 2035 927 2076 tur
957 2025 1186 2091 justitia:
1249 2024 1482 2085 Domini,
1540 2026 1837 2077 clementia:
1867 2022 2023 2075 fortis
2056 2023 2221 2075 Israel
2251 2039 2263 2085 ;
2297 2039 2312 2071 ι
2344 2036 2407 2073 eo

829 2117 979 2182 quod
1015 2128 1144 2169 tunc
1174 2117 1388 2170 salvatze
1414 2126 1538 2169 sunt
1570 2116 1809 2183 reliquiae
1831 2112 2009 2182 populi
2050 2128 2063 2166 :
2096 2131 2112 2163 ι
2142 2112 2406 2166 Dominus

838 2213 890 2261 in
920 2210 1153 2263 fortibus
1188 2210 1485 2263 dimicavit.
1516 2228 1532 2259 ι
1559 2208 1613 2261 In
1652 2208 1872 2261 Hebraeo
1904 2206 2130 2272 legitur:
2161 2205 2406 2258 Dominus

829 2310 1046 2369 propter
1062 2316 1138 2351 me
1154 2302 1205 2350 in
1221 2298 1436 2365 fortibus
1458 2299 1742 2351 dimicavit.
1754 2297 1816 2350 Et
1830 2305 1909 2350 est
1925 2311 2024 2349 vos
2046 2294 2211 2348 tutius
2226 2295 2404 2363 populi

837 2390 1037 2455 lsrael;
1078 2390 1357 2445 dimicavit
1415 2391 1558 2444 enim
1629 2399 1850 2459 propter
1884 2403 1978 2443 eos
2034 2388 2086 2441 in
2117 2386 2402 2456 Egyptiis.

833 2493 886 2533 et
919 2483 971 2536 in
1003 2483 1215 2536 caeteris
1240 2483 1471 2536 inimicis
1507 2483 1686 2537 Israel.
1722 2482 1878 2538 Unde
1903 2490 1954 2535 et
1986 2483 2232 2547 sequitur
2264 2495 2279 2532 :

908 2599 1079 2661 (Vers.
1113 2598 1218 2666 14.)
1246 2597 1351 2651 iEx
1373 2596 1627 2669 Ephraim
1652 2598 1847 2651 delevit
1872 2613 1968 2651 eos
2006 2598 2055 2649 in
2099 2598 2342 2662 Amalec,
2379 2615 2395 2645 ι

840 2688 891 2741 id
954 2700 1058 2751 est,
1110 2688 1273 2742 Josue
1311 2690 1582 2743 exsistens
1640 2706 1703 2743 ex
1756 2690 2401 2760 tribnEpliraimdeIeiit

838 2781 1027 2843 fortes,
1056 2780 1107 2833 id
1126 2793 1207 2835 est
1236 2782 1482 2835 inimicos
1514 2780 1677 2834 Israel
1706 2782 1757 2832 in
1814 2783 2055 2842 Amalec,
2083 2783 2226 2835 sicut
2276 2782 2400 2849 legi-

838 2882 925 2924 tur
961 2871 1010 2923 in
1067 2872 1204 2924 libro
1255 2870 1460 2921 Exodi:
1512 2866 1838 2939 Fugavilquc
1876 2868 2034 2921 Josue
2085 2869 2317 2929 Amalec,
2352 2879 2398 2920 ct

836 2963 1090 3034 populant
1121 2962 1234 3023 eius
1264 2963 1316 3013 in
1351 2977 1440 3013 ore
1492 2963 1678 3029 gladii,
1735 2974 1839 3014 etc.
1876 2959 2093 3030 (Exod.
2135 2976 2264 3025 xvn,
2289 2960 2394 3027 15).

837 3056 901 3104 ΕΙ.
933 3053 1076 3122 quod
1102 3054 1243 3105 idem
1281 3050 1446 3103 Jusue
1476 3066 1539 3103 ex
1573 3051 1716 3103 tribu
1749 3050 2003 3117 fipbruim
2034 3052 2213 3111 fuerit,
2248 3065 2394 3101 mon-

830 3153 1038 3197 stratur
1071 3158 1133 3196 ex
1167 3143 1303 3195 libro
1331 3140 1711 3201 Numerorum.
1761 3143 1850 3193 ubi
1886 3141 2119 3195 dicitur:
2153 3139 2224 3192 De
2260 3139 2395 3191 tribu

842 3238 1087 3303 lz‘phraim
1118 3237 1247 3290 Osee
1295 3235 1467 3303 ﬁlium
1514 3236 1677 3306 Νωι(
1704 3234 1868 3287 Num.
1889 3251 2002 3294 xm,
2029 3236 2061 3289 9
2089 3236 2125 3298 ),
2160 3252 2317 3302 quem
2344 3247 2395 3288 et

834 3343 885 3377 ιιι
918 3326 1373 3393 consequentibus
1416 3324 1577 3379 Josue
1626 3336 1782 3379 vocat
1813 3324 2039 3378 dicens:
2081 3324 2392 3394 Vocuvitquc

834 3419 1038 3487 Moyses
1063 3415 1187 3470 Osee
1211 3416 1383 3485 ﬁlium
1418 3415 1564 3480 Nun,
1599 3414 1760 3469 Iosue
1789 3414 1948 3483 (Ibid.
1980 3416 2085 3476 17).
2122 3434 2139 3464 ι
2181 3415 2243 3469 Et
2279 3428 2397 3486 post

830 3526 950 3560 eum
979 3509 1031 3561 in
1073 3511 1301 3577 populos
1324 3509 1733 3561 tuusAmalec.i
1780 3505 1905 3559 Post
1937 3521 2084 3569 eum,
2111 3506 2159 3558 id
2184 3518 2264 3560 est
2294 3508 2389 3562 Jo-

832 3617 947 3653 sue.
983 3598 1058 3652 Ex
1104 3600 1246 3653 tribu
1272 3598 1557 3668 Beniamin
1612 3600 1883 3652 essistens
1920 3598 2070 3661 Saul,
2134 3599 2387 3665 populum

832 3691 1072 3753 Amalec,
1132 3692 1480 3759 prmcipiente
1533 3688 1788 3751 Domino,
1854 3688 2067 3753 delevit,
2133 3692 2278 3758 quod
2334 3690 2386 3742 in

834 3782 1037 3851 Spiritu
1063 3782 1364 3851 prophetia:
1398 3781 1640 3834 Delibera
1703 3784 1769 3831 de
1804 3780 1967 3831 Saule
1998 3778 2234 3830 futttrmu
2268 3794 2391 3846 pro-

832 3877 1089 3942 plietavit.
1121 3873 1184 3925 Et
1217 3874 1321 3925 hoc
1353 3870 1652 3924 secundum
1690 3872 1908 3923 schema
1973 3871 2117 3938 quod
2168 3881 2391 3922 vocatur

830 3963 1094 4028 prolepsis
1167 3962 1367 4015 dictmn
1417 3971 1520 4020 est,
1576 3958 1852 4027 quodipse
1918 3966 2063 4011 esset
2117 3961 2391 4011 delc-turus

827 4059 1069 4119 Amalec,
1099 4056 1242 4109 sicut
1268 4055 1320 4107 in
1372 4054 1509 4107 libro
1542 4054 1808 4107 Samuelis
1846 4054 2008 4105 habes
2038 4051 2084 4122 (1
2116 4051 2218 4121 Reg
2272 4068 2382 4116 xiv,

830 4148 939 4217 38).
978 4146 1081 4201 Sed
1104 4158 1159 4201 et
1187 4145 1333 4214 quod
1358 4146 1453 4210 ait,
1486 4164 1514 4196 υ
1548 4144 1778 4208 Amalec,
1835 4144 1887 4197 in
1920 4142 2145 4197 Hebraeo
2179 4157 2284 4195 non
2310 4145 2387 4196 ιο-

828 4243 991 4309 gitur,
1048 4238 1139 4291 sed
1200 4237 1428 4289 Latinus
1483 4235 1747 4305 interpres
1804 4250 1999 4289 sensus
2058 4234 2229 4301 gratia
2281 4234 2383 4287 hoc

826 4331 1055 4383 :tdtlitlil.

896 4423 1074 4489 (γει-ε.
1100 4421 1211 4490 14)
1255 4439 1271 4470 ι
1307 4418 1379 4472 De
1401 4419 1604 4472 Machir
1648 4418 1919 4486 principes
1968 4416 2382 4478 descenderunt,

2513 1940 2735 1995 ilebrato
2769 1958 2875 1995 non
2907 1943 3103 2011 legitur
3135 1958 3317 1999 contra
3355 1963 3431 1999 sc.
3476 1946 3595 2000 Vox
3633 1950 3791 2001 etiim
3843 1950 4061 2002 Debbore

2508 2042 2612 2093 est.
2648 2050 2929 2103 .ncrepans
2978 2038 3178 2090 trilmm
3234 2036 3521 2105 Ephraitn,
3581 2055 3653 2094 eo
3686 2043 3840 2109 quod
3876 2045 4060 2109 imperio

2512 2125 2722 2179 Domini
2754 2141 2859 2180 non
2890 2127 3289 2195 obtemperans,
3311 2144 3436 2182 cum
3459 2131 3732 2186 fratribus
3762 2133 3883 2186 suis
3911 2144 4059 2185 contra

2509 2217 2761 2272 inimicos
2817 2218 3030 2273 Domini
3094 2219 3453 2273 debellandos
3508 2237 3616 2276 non
3653 2223 3865 2277 iverit:
3901 2226 3983 2277 sed
4011 2228 4058 2277 ti-

2509 2324 2657 2362 more
2688 2313 3029 2379 perterritus.
3065 2322 3117 2365 et
3151 2314 3329 2367 verbis
3363 2313 3582 2367 Domini
3641 2314 3967 2372 incredulus
4013 2330 4059 2372 ab

2505 2401 2583 2455 eis
2614 2418 2672 2456 se
2703 2402 2969 2465 diviserit,
3006 2412 3059 2457 et
3093 2419 3189 2470 pro
3245 2421 3310 2459 eo
3336 2408 3759 2473 magnanimus,
3808 2412 3859 2463 id
3900 2423 3977 2466 est
3997 2428 4059 2466 su-

2507 2493 2727 2558 perbus,
2756 2504 3003 2561 repertus
3042 2496 3331 2549 etStiteril.
3366 2498 3524 2552 Unde
3542 2514 3596 2552 et
3620 2502 3880 2570 sequitur
3906 2521 4054 2557 eorum

2507 2582 2801 2650 increpatio
2841 2584 2895 2637 in
2929 2586 3121 2655 spiritu
3151 2588 3448 2657 prephetia:
3484 2592 3681 2647 dicens
3719 2613 3733 2650 :

2592 2672 2767 2740 (νει-ε.
2812 2676 2933 2743 l6.)
2984 2696 3001 2726 ι
3036 2678 3217 2741 Quare
3280 2681 3495 2736 habitas
3550 2684 3699 2739 inter
3742 2689 3883 2744 duos
3911 2694 4054 2745 termi-

2503 2779 2627 2824 nos.
2658 2766 2927 2821 utaudias
2972 2768 3160 2824 sibilos
3201 2786 3422 2841 gregum
3457 2777 3480 2827 ?
3536 2796 3553 2826 ι
3583 2778 3644 2832 1η
3694 2780 3927 2837 Heinr-x0
3974 2801 4053 2837 non

2503 2856 2716 2923 legitur,
2758 2861 2911 2924 duos,
2943 2862 3037 2916 sed
3092 2864 3227 2916 inter
3284 2870 3540 2923 terminos
3578 2872 3598 2901 ⁸
3626 2873 3653 2911 ι
3710 2888 3851 2937 tuos.
3888 2880 4056 2932 scilicet

2504 2950 2802 3005 vicinarum
2824 2956 3059 3007 tribuum
3078 2964 3315 3023 tuarum,
3332 2972 3388 3012 ut
3405 2965 3603 3017 audias
3627 2966 3826 3020 sibilos
3847 2986 4051 3038 gregum;

2501 3057 2561 3097 ac
2594 3045 2637 3097 si
2702 3044 2951 3099 diceret:
3014 3045 3213 3117 Greges
3268 3052 3468 3119 quibus
3537 3059 3802 3112 abundas
3874 3077 4055 3115 servus

2503 3138 2674 3201 cupis,
2725 3147 2777 3189 et
2816 3153 2912 3191 eos
2962 3141 3209 3194 amittere
3264 3147 3494 3209 vereris,
3547 3162 3865 3219 eorumque
3898 3156 4051 3208 sibilos

2502 3224 2692 3279 audire
2743 3227 2921 3296 potius
2968 3228 3274 3293 delectaris.
3321 3248 3488 3300 quam
3534 3252 3663 3290 cum
3694 3240 4051 3297 fratribastuis

2502 3321 2567 3370 ad
2622 3317 2965 3374 debellandos
3004 3321 3187 3376 hostes
3224 3322 3389 3376 Israel
3439 3330 3705 3396 progredi
3769 3334 4048 3389 uiteris.£t

2499 3409 2625 3476 quia
2662 3410 2762 3466 hoc
2801 3411 2954 3477 facis,
2989 3413 3215 3481 imperio
3255 3414 3469 3471 Domini
3529 3426 3820 3489 superbus
3846 3430 4041 3482 resistis.

2502 3500 2654 3556 Unde
2682 3512 2733 3557 et
2756 3507 3002 3572 sequitur
3033 3506 3261 3574 idipsum
3296 3508 3447 3574 quod
3483 3519 3537 3564 et
3572 3528 3753 3583 supra
3784 3534 3799 3569 :
3843 3537 3861 3565 σ
3905 3519 4049 3572 Diviso

2502 3587 2711 3652 Ruben,
2772 3592 3245 3659 magnanimorum
3278 3608 3495 3662 reperta
3546 3606 3851 3658 contentio
3899 3618 4047 3661 estzi

2498 3697 2563 3733 eo
2587 3681 2727 3749 quod
2774 3684 2912 3736 male
2944 3682 3153 3745 fecerit.
3200 3685 3491 3755 imperium
3536 3690 3767 3747 Domini
3800 3700 4050 3767 parvipeu-

2498 3773 2630 3825 deus
2660 3784 2711 3826 ct
2750 3774 3015 3839 superbus
3044 3775 3341 3830 exsistens.

2580 3862 2757 3931 (Vera.
2786 3864 2917 3927 17.)
2953 3882 2971 3914 ι
3006 3865 3119 3919 Gud
3165 3876 3315 3920 trans
3336 3868 3640 3929 iordanem
3679 3880 4003 3946 quiescebat.
4035 3903 4045 3929 ι

2496 3952 2682 4005 Ethoe
2745 3954 3071 4022 increpando
3128 3958 3371 4023 ponitur,
3440 3978 3505 4015 eo
3555 3968 3715 4030 quod
3772 3986 4051 4025 remanente

2499 4044 2708 4107 Ruben,
2734 4061 2853 4097 cum
2904 4062 2968 4098 eo
2995 4048 3107 4102 Gud
3173 4052 3287 4118 pari
3358 4056 3597 4108 consilio
3635 4064 3928 4117 remansit.
3964 4064 4051 4116 «Et

2495 4135 2607 4188 Dan
2658 4139 2882 4190 vacabat
2935 4140 3187 4196 navibus.
3230 4161 3246 4191 ι
3285 4141 3425 4206 Quia
3480 4145 3683 4201 videns
3727 4153 3874 4218 quod
3913 4156 4053 4207 tribus

2494 4223 2680 4279 Ruben
2712 4235 2765 4278 et
2814 4229 2983 4281 tribus
3032 4227 3144 4282 Gad
3178 4244 3281 4283 non
3318 4231 3461 4284 irent
3505 4247 3638 4287 cum
3673 4237 3939 4295 fratribus
3965 4244 4052 4295 suis

2490 4318 2555 4370 ad
2590 4317 2918 4382 bellandum,
2954 4320 3147 4374 timore
3174 4324 3515 4387 perterritus,
3549 4329 3792 4383 navibus
3820 4336 4051 4390 vacando.

2493 4410 2671 4480 fugam
2696 4411 2927 4479 arripuit
2961 4428 2975 4464 :
3020 4431 3037 4463 ί
3071 4415 3207 4466 Aser
3237 4413 3519 4468 habitabat
3547 4417 3605 4471 in
3666 4422 3857 4477 littore
3889 4428 4049 4479 maris.

826 4524 879 4564 ριι
909 4514 975 4565 de
1006 4510 1277 4572 ‘Zubulon,
1303 4510 1396 4579 qui
1449 4510 1747 4562 exercitum
1775 4509 2035 4562 ducerent
2072 4508 2133 4559 nd
2175 4508 2379 4559 bellan-
2417 4521 2458 4572 ι)
2489 4514 2544 4557 et
2614 4505 2665 4556 in
2721 4506 2964 4573 portibus
3018 4506 3355 4559 morabatur.
3404 4526 3421 4557 ι
3461 4507 3739 4565 Similiter
3776 4515 4045 4570 hocincre-

826 4606 977 4653 dum.
1005 4620 1021 4649 ι
1055 4606 1107 4652 In
1134 4600 1357 4653 Hebraeo
1387 4599 1619 4667 legitur:
1651 4598 1723 4651 De
1777 4599 1977 4651 Machir
1998 4606 2037 4660 ',
2081 4599 2337 4665 principes
2367 4600 2385 4628 ³

824 4693 1222 4753 descenderunt,
1254 4701 1307 4745 et
1358 4691 1700 4752 subauditur,
1742 4689 1808 4741 ad
1838 4687 2157 4750 bellam/um,
2193 4689 2242 4739 id
2281 4698 2384 4753 est,

828 4783 1275 4848 prosterncndtnn
1316 4778 1552 4835 Sisaram
1585 4779 1900 4847 principem.
1943 4776 2007 4829 Et
2035 4777 2099 4829 de
2123 4775 2380 4842 Zabulou,

826 4873 1171 4937 subauditur,
1205 4871 1619 4930 descenderunt.
1645 4871 1737 4939 qui
1774 4869 2067 4923 exercitum
2104 4868 2379 4922 ducerent.

830 4961 886 5015 Et
918 4965 981 5017 tle
1025 4964 1164 5015 tribu
1201 4960 1348 5026 Lavi,
1374 4974 1425 5014 et
1462 4961 1529 5015 de
1576 4962 1719 5014 tribu
1762 4960 2033 5019 lssachar,
2066 4962 2384 5013 subauditur

901 5083 913 5105 ι
941 5077 993 5127 In
1023 5076 1250 5129 llehraro
1276 5084 1357 5126 est
1400 5083 1520 5137 r-ry
1542 5078 1649 5135 uri,
1670 5075 1723 5127 id
1767 5084 1849 5126 est
1874 5088 2113 5137 exsurge,
2142 5082 2245 5123 etc.

881 5148 915 5176 "
952 5156 1101 5221 1’12:
1122 5155 1270 5202 nam
1297 5147 1450 5197 usabe
1481 5147 1741 5205 scbiecha,
1776 5142 1840 5193 Et
1872 5143 2069 5208 cupiit-tt
2102 5142 2384 5206 uiptiuita-

824 5254 923 5293 Δεηι
959 5252 1123 5290 tuam.

892 5310 1075 5375 ’Imgc
1140 5312 1395 5372 doctores,
1426 5308 1576 5374 juxta
1638 5306 1972 5361 superiorem
2022 5302 2380 5375 11118111·ιόιίοέ

822 5392 979 5433 nem:
1019 5373 1137 5431 nam
1196 5381 1246 5432 in
1280 5373 1501 5432 Hebrum
1564 5386 1799 5460 DVFFnD
1830 5373 2202 5435 tite/tltokekint,
2235 5373 2377 5440 quod

822 5471 1078 5525 Htclil'zt'lls
1104 5483 1285 5525 noster
1322 5473 1554 5538 scriptor
1587 5472 1968 5535 interpretatur
1999 5470 2255 5519 doctores.

889 5593 905 5611 ‘
932 5582 1321 5650 interpretatur
1361 5586 1492 5634 adeo
1525 5584 1801 5637 lulianus,
1835 5581 2109 5645 principes,
2158 5582 2249 5629 hac
2306 5588 2379 5627 (κει

845 5654 1074 5715 .‘ipmtoli
1109 5664 1153 5704 et
1186 5654 1416 5706 doctores
1442 5654 1717 5718 primitivm
1762 5650 2023 5703 Fcclesws’.

892 5725 914 5757 3'
950 5721 1138 5786 (λιὶίιεί
1180 5724 1301 5774 hinc
1335 5738 1521 5787 opinor
1552 5722 1876 5781 t-ronttario,
1912 5734 2031 5770 eum
2093 5718 2375 5769 Hebrn‘utn

815 5790 1026 5858 ian-flat,
1067 5807 1170 5844 non
1210 5797 1271 5843 ad
1306 5794 1479 5861 ipsum
1520 5790 1841 5843 Hebraicutn
1888 5800 2086 5841 textum
2124 5803 2373 5855 provoca-

2488 4596 2670 4665 pando
2732 4597 2973 4663 ponitur.
3029 4609 3095 4648 eo
3122 4596 3265 4662 quod
3303 4604 3358 4648 et
3412 4598 3552 4651 Aser
3596 4600 3651 4652 in
3685 4603 3868 4658 littore
3915 4609 4048 4657 thuris

2490 4686 2850 4752 baliitans,in
2906 4688 3149 4755 portibus
3209 4700 3456 4741 moratus
3512 4692 3610 4750 sit.
3664 4693 3850 4760 fugam
3898 4713 4045 4764 pomi.

2491 4791 2830 4848 arrepturus,
2863 4794 3023 4847 quam
3077 4779 3339 4831 fratribus
3382 4782 3847 4840 combellatnrus.

2578 4875 2756 4945 (Vers.
2797 4874 2911 4941 18.)
2945 4893 2961 4925 ι
3002 4874 3243 4928 Zabulou
3276 4886 3328 4926 et
3354 4873 3718 4939 Nephtbalim
3754 4881 4039 4931 obui'enm:

2490 4970 2699 5021 animas
2731 4982 2858 5022 suas
2901 4969 3080 5030 morti,
3141 4966 3192 5019 in
3247 4967 3470 5035 regione
3505 4965 3776 5023 Murorue.
3821 4990 3837 5020 ι
3878 4971 3929 5023 1η
3961 4971 4041 5022 lie-

2557 5084 2577 5113 ‘
2610 5081 2800 5135 Falsus
2837 5092 2918 5135 est
2953 5082 3052 5131 hoc
3078 5079 3195 5132 loco
3238 5078 3492 5144 Scriptor
3538 5081 3827 5141 llelira‘us.
3855 5087 3966 5147 ouis
3998 5087 4037 5131 i=1

2485 5162 2737 5205 contextu
2794 5150 3055 5203 llebraico
3102 5152 3326 5217 legimus
3354 5158 3656 5209 a'nztrm
3688 5153 4037 5220 Ιιηιηηιέει-μίιευ

2488 5224 2648 5274 (huius
2706 5222 2848 5272 dnali
2906 5222 3097 5278 forma,
3133 5220 3180 5270 id
3231 5229 3311 5272 est
3350 5222 3485 5270 duos
3529 5226 3825 5284 terminos;
3860 5234 3941 5275 sed
3968 5226 4035 5272 dl-

2489 5294 2693 5359 legebat
2720 5290 2854 5343 forte
2882 5288 2933 5341 in
2963 5303 3059 5340 suo
3095 5288 3396 5356 Exemplari
3426 5299 3467 5369 -δ
3494 5288 3681 5355 Charis
3717 5292 3942 5349 utiixum.
3962 5308 4038 5353 pm

2484 5393 2526 5439 ω
2551 5382 2711 5439 finali,
2736 5379 3251 5445 Immonitt‘pltetlteca,
3278 5393 3373 5448 pro
3403 5379 3923 5440 lmmmisrphc‘thuim
3958 5385 4036 5434 ιω.

2485 5456 2697 5505 dit-mu.

2487 5598 2541 5633 re
2579 5582 3031 5635 (Zontmenlarioli
3086 5581 3318 5647 hujusce
3370 5595 3687 5646 auctorem,
3722 5586 3810 5635 sed
3854 5582 4033 5636 Hunni

2486 5668 2703 5702 nouunt:
2766 5662 2922 5703 notus
2967 5650 3208 5722 Latinas
3256 5649 3561 5705 Btbliurnnt
3600 5656 3829 5722 margini
3863 5670 3917 5704 ex
3952 5653 4033 5703 ib:-

2488 5724 2629 5774 hrmo
2694 5721 2967 5785 nppesitus
3034 5720 3354 5789 appellare;
3420 5738 3545 5790 que
3596 5735 3649 5777 et
3728 5720 4032 5778 Cerretana

2486 5792 2822 5845 dicebantur.
