4198 6350
144 361 159 422 l
175 356 277 428 38’)

1565 357 2016 421 ADMONITIO.

3276 362 3415 426 1330

142 476 309 538 hmo,
338 492 357 525 ι
402 471 588 543 Super
617 473 889 543 regionem
929 470 1190 529 Morome.
1235 472 1347 527 ιΕι
1396 481 1479 527 est
1519 488 1739 537 sensus;
1780 488 1815 537 Α
1852 494 1973 531 Vera
2022 478 2452 535 (Ihanameorum
2517 478 2685 546 ip~ius
2734 480 2900 533 maris
2927 479 3097 533 Rubri
3158 480 3335 546 pisces
3365 488 3417 527 σοι

142 566 281 631 Quia
318 567 540 621 caeteris
578 566 825 623 tribubus
849 582 923 621 ire
946 567 1266 629 nolentibus,
1296 567 1377 621 lite
1410 566 1528 621 dure
1557 568 1732 620 tribus

142 660 359 713 animas
418 673 553 713 suas
601 660 758 713 morti
809 660 1077 714 dederunt
1110 677 1126 715 :
1164 678 1182 711 ι
1237 658 1413 728 Super
1455 660 1729 730 regionem

141 750 411 804 Morome.
446 769 465 802 ι
528 750 769 805 Mercate
814 751 957 804 enim
1024 752 1410 819 interpretatur
1453 751 1681 805 excelsus
1717 766 1732 802 :

143 858 239 909 pro
278 841 511 909 regione
534 843 679 896 enim
714 842 937 906 excelsi,
974 842 1024 896 id
1072 852 1152 897 est
1198 841 1313 907 Dei,
1369 843 1633 896 obtulisse
1655 842 1733 895 di-

141 945 352 987 cuntur
383 936 601 989 animas
643 949 790 996 suas,
826 943 880 988 et
923 934 1045 988 ideo
1109 935 1361 989 laudibus
1393 933 1729 999 cll‘eruntur,

144 1042 272 1081 cum
298 1037 514 1082 caeterm
538 1028 712 1082 tribus
752 1029 1240 1097 reprehendantur.

218 1118 407 1189 (Vers.
446 1121 562 1191 I9.)
591 1140 607 1173 ι
646 1120 925 1177 Venerunt
975 1138 1151 1192 reges,
1186 1130 1239 1176 et
1276 1134 1672 1192 pugnaverunt.
1709 1142 1728 1175 ι

150 1214 334 1283 Reges
372 1223 534 1268 terrze
582 1212 839 1269 Chanaan
872 1216 1019 1274 dicit.
1084 1214 1175 1284 qui
1212 1216 1321 1285 regi
1351 1214 1507 1270 .Iabin
1534 1216 1733 1271 subditi

143 1318 333 1361 erant.
370 1328 387 1357 ι
425 1307 811 1377 Pugnavcrunt
840 1323 993 1377 reges
1017 1308 1298 1362 Chanaan.
1332 1326 1351 1360 ι
1392 1309 1626 1377 Idipsum
1654 1324 1737 1361 re-

147 1400 305 1470 petit,
332 1399 399 1453 In
450 1398 692 1455 Tanaclt.
748 1399 971 1454 Tanach
1004 1402 1147 1455 enim
1180 1403 1458 1471 provincia
1522 1410 1605 1455 est
1646 1400 1735 1454 ubi

144 1502 228 1546 cst
260 1500 483 1546 torrens
513 1490 701 1546 Cison.
747 1510 763 1543 ι
825 1492 987 1547 Juxta
1010 1508 1185 1557 aquas
1248 1493 1529 1563 Magcdtlo.
1566 1511 1582 1542 ι
1624 1491 1737 1544 Illa-

146 1589 327 1657 geddo
358 1586 506 1637 enim
530 1587 723 1641 civitas
752 1597 832 1640 cst
861 1589 1031 1653 posita
1087 1603 1252 1654 super
1311 1595 1615 1641 torrentem
1646 1586 1737 1640 Ci-

148 1696 267 1735 son.
307 1679 373 1733 Et
398 1681 543 1750 quod
570 1676 789 1731 dicitur.
822 1694 839 1726 ι
880 1675 1045 1730 Juxta
1089 1690 1262 1743 aquas
1287 1674 1567 1739 Mageddo.
1604 1693 1622 1725 ι
1656 1675 1739 1727 in-

146 1774 421 1842 telligitur
456 1773 611 1841 juxta
667 1780 960 1823 torrentem
995 1769 1181 1824 Cison.
1238 1766 1430 1820 civitas
1452 1765 1732 1835 Mageddo.

151 1885 169 1915 ‹
200 1864 410 1918 Tamen
446 1864 521 1916 nil
565 1861 732 1916 tulere
765 1861 1087 1929 praedantes.
1132 1877 1150 1909 ι
1191 1857 1307 1911 Hoc
1338 1858 1728 1912 subsannando

145 1958 377 2020 dicitur,
432 1972 556 2010 cum
607 1970 711 2007 non
756 1955 931 2007 solum
994 1952 1066 2005 nil
1095 1951 1286 2021 praeda:
1317 1951 1558 2015 tulerint,
1593 1952 1727 2020 quin

151 2046 340 2113 potius
374 2044 586 2095 animas
612 2055 801 2094 eruere
838 2040 1201 2105 nequiverint.

223 2139 407 2206 (γωδ.
438 2136 584 2203 20.)t
626 2135 697 2187 De
725 2131 863 2187 «(nlo
890 2132 1203 2185 dimicatum
1230 2140 1315 2185 est
1339 2140 1524 2183 contra
1552 2144 1667 2183 eos.
1702 2148 1720 2182 ι

146 2232 289 2297 Quia
322 2232 374 2282 in
414 2225 772 2297 quadraginta
795 2225 1030 2277 millibus
1061 2222 1224 2276 Israel
1257 2223 1474 2292 clypeos
1501 2232 1550 2275 et
1579 2222 1730 2275 hasta

146 2322 387 2377 inveniri
419 2334 528 2372 non
567 2324 798 2384 poterat,
830 2316 1037 2369 idcirco
1088 2311 1348 2367 Dominus
1396 2313 1462 2367 de
1484 2313 1625 2366 (αλιι)
1654 2314 1733 2366 Ia-

148 2415 374 2484 pidibus
418 2411 721 2483 grandinis,
753 2419 805 2462 et
831 2410 951 2473 igne
992 2406 1272 2459 dimicavit
1305 2422 1399 2474 pro
1427 2407 1506 2459 eis
1538 2416 1729 2459 eontra

148 2512 337 2562 hostes
353 2508 517 2568 duos,
540 2504 681 2557 sicut
706 2508 790 2555 est
817 2508 870 2553 et
902 2499 1029 2552 illud
1056 2500 1109 2552 in
1136 2499 1273 2552 libro
1300 2496 1464 2551 Iosue
1519 2495 1726 2565 (Iosue,

149 2616 207 2661 χ,
257 2598 312 2651 Η
348 2597 452 2665 ):t
489 2593 664 2647 Stellae
698 2601 979 2645 manentes
1010 2591 1064 2644 in
1095 2590 1285 2643 ordine
1334 2603 1454 2651 suo,
1475 2598 1528 2642 et
1567 2604 1729 2642 cursu

146 2690 428 2744 adversus
472 2686 711 2740 Sisaram
736 2690 1133 2753 pugnaverunt.
1170 2701 1188 2733 ι
1228 2680 1407 2736 Stella:
1435 2681 1611 2751 angeli
1651 2682 1731 2734 in-

147 2783 493 2851 telliguntur,
559 2778 650 2847 qui
715 2778 780 2831 de
830 2775 969 2831 cmlo
1016 2785 1203 2830 contra
1237 2773 1494 2843 Sisaram'
1528 2788 1734 2843 pugna-

147 2882 368 2929 verunt.

299 2963 456 3018 Vers.
494 2963 583 3017 Ξῖ.
622 2962 639 3032 )
686 2982 703 3014 ι
742 2960 980 3015 Torreus
1014 2958 1179 3014 Cison
1240 2959 1404 3013 traxit
1462 2960 1729 3014 cadavera

148 3071 368 3111 eorum.
412 3073 429 3106 ι
466 3053 559 3108 Est
613 3055 756 3107 enim
805 3052 891 3106 hic
932 3051 1213 3117 delectus;
1277 3062 1328 3105 ct
1379 3053 1531 3119 quasi
1570 3054 1731 3106 inter-

149 3148 419 3218 rogando,
447 3145 535 3199 ubi
566 3145 589 3197 ?
617 3153 671 3197 cl.
733 3147 1140 3213 respondeatur,
1177 3143 1231 3197 In
1288 3154 1579 3198 terrentem
1621 3146 1725 3198 (Στι-
1756 3162 1798 3216 ο

151 3244 365 3303 dumin,
429 3238 483 3293 id
534 3247 645 3302 est,
695 3237 750 3290 in
810 3235 943 3289 mari
999 3234 1227 3289 Rubro:
1262 3240 1401 3290 unde
1440 3239 1723 3302 sequitur:

160 3355 179 3387 ι
216 3334 461 3387 Torrens
510 3329 778 3384 Cadumin
803 3365 817 3388 ,
872 3339 1083 3382 torrens
1128 3328 1309 3381 Cison.
1347 3347 1364 3378 ι
1404 3327 1728 3384 Torrentem

150 3424 450 3487 Cadntuin,
504 3437 650 3475 mare
704 3418 948 3473 Rubrum
1008 3429 1184 3474 vocat.
1256 3419 1525 3474 Cadutnin
1583 3422 1727 3474 enim

153 3522 552 3585 interpretatur
586 3515 921 3578 antiquorum
958 3512 972 3542 ¹
1000 3551 1015 3575 ,
1047 3528 1111 3566 eo
1138 3517 1280 3581 quod
1311 3515 1530 3581 antiqua
1566 3512 1730 3565 inira-

151 3611 279 3665 culo
319 3611 372 3660 in
404 3622 468 3658 eo
503 3605 639 3658 facta
680 3604 916 3670 l'ueruzrt,
945 3605 1357 3657 transeuntibus
1383 3605 1508 3658 [iliis
1539 3602 1725 3671 Israel,

152 3714 208 3757 et
265 3701 535 3770 Egyptiis
593 3698 961 3769 pereuntibus.
999 3695 1064 3750 Et
1093 3701 1218 3767 quia
1281 3713 1426 3751 mare
1486 3698 1727 3752 Rubrum

154 3792 446 3863 Egyptios
507 3800 788 3843 emortuos
841 3788 1103 3851 evomuit,
1157 3788 1227 3842 ita
1254 3797 1308 3843 ut
1332 3804 1426 3843 eos
1489 3800 1731 3848 mortuos

154 3884 421 3939 Israelita:
446 3896 608 3951 super
675 3882 827 3934 littus
860 3881 1030 3933 maris
1088 3879 1358 3943 viderent,
1403 3890 1456 3934 et
1522 3880 1712 3935 cadent

154 3978 424 4032 cadat-era
488 3972 729 4040 piscibus
775 3984 827 4027 et
884 3971 1073 4026 bestiis
1100 3972 1264 4026 maris
1297 3971 1573 4026 abstracta
1612 3972 1728 4027 fue-

153 4068 271 4120 rint
300 4084 312 4119 :
339 4063 543 4117 idcirco
571 4061 733 4115 traxit
772 4070 990 4115 torrens
1021 4061 1184 4116 Cison
1214 4061 1475 4115 cadavera
1514 4075 1729 4127 eorum,

155 4169 215 4213 ut
240 4159 337 4227 pro
362 4154 715 4208 cadaveribus
742 4151 1115 4223 Egyptiorum
1164 4152 1272 4207 sibi
1308 4152 1530 4217 ablatis,
1566 4154 1732 4208 cada-

228 4303 247 4323 ⁸
285 4291 379 4344 llic
417 4303 630 4357 quoque
656 4285 913 4340 Hebraeus
942 4287 1166 4347 fallitur,
1199 4287 1325 4354 quia
1358 4288 1411 4340 in
1460 4288 1730 4344 IIcltraico

155 4364 420 4430 scriptun
461 4361 652 4427 legitur
683 4367 782 4415 ΟΊο
824 4366 959 4441 ’2Ρῖ
1023 4359 1132 4411 icbe
1155 4374 1268 4423 sus,
1321 4358 1559 4413 calcanei
1584 4362 1723 4429 equi,

1841 568 2027 621 bestia:
2078 572 2433 624 comederint.
2460 567 2748 631 Conudca,
2782 573 2959 623 anima
2992 587 3129 633 mea,
3152 570 3415 623 robustos.

1842 661 1965 714 llazc
2017 660 2266 716 Debbora
2327 664 2379 717 in
2441 678 2674 732 persona
2730 662 2893 714 totius
2943 664 3107 717 Israel
3169 664 3323 723 dicit,
3360 675 3415 717 ut

1840 765 2029 805 Omnes
2067 770 2174 806 uno
2199 757 2383 807 animo
2431 757 2809 818 robustorum,
2843 753 2892 805 id
2955 766 3037 807 est
3069 755 3405 809 fortissimo-

1840 858 1959 898 rum
1997 843 2340 899 inimicorum
2375 864 2595 901 suorum
2631 848 2775 902 colla
2817 847 3203 901 conculcatent
3232 865 3246 901 :
3273 849 3419 902 situt

1839 942 1922 986 est
1950 942 1999 987 et
2026 934 2156 987 illud
2188 934 2239 986 in
2273 934 2415 988 libro
2462 934 2626 988 Josne
2657 938 2721 991 de
2745 937 2991 1005 quinque
3018 936 3235 1006 rrgibus
3274 937 3413 990 Cha—

1842 1041 2156 1080 nanaaorum
2187 1029 2203 1096 (
2235 1027 2353 1083 Jos.
2393 1045 2445 1093 κ,
2473 1028 2543 1081 24
2569 1030 2609 1096 ).

1912 1120 2091 1189 (Vers.
2124 1122 2212 1176 22.
2248 1123 2267 1188 )
2304 1142 2321 1174 t
2363 1125 2516 1178 Tunc
2552 1124 2764 1193 ungula:
2803 1139 3063 1191 equorum
3104 1124 3418 1179 ceciderunt

1842 1213 2175 1278 fugientibus
2227 1216 2448 1283 impetu,
2480 1226 2531 1272 et
2592 1232 2832 1286 praeceps
2876 1220 3155 1275 ruentibus
3185 1215 3418 1270 fortissi-

1843 1310 1946 1363 tnis
1971 1310 2230 1362 hostium.
2258 1308 2518 1379 Ungulac’
2564 1312 2590 1350 ι’
2637 1327 2850 1376 eorum,
2888 1330 2904 1363 ι
2948 1310 3002 1364 in
3035 1310 3256 1364 Hebraeo
3282 1311 3417 1380 It'gl-

1841 1413 1972 1466 tur;
2011 1404 2281 1472 lapidibus
2335 1404 2477 1457 enim
2520 1405 2802 1473 grandinis
2852 1406 2917 1458 de
2978 1404 3153 1468 cadis,
3227 1403 3276 1455 id
3312 1416 3412 1470 cst,

1852 1496 1920 1546 ah
2002 1493 2209 1562 angelis
2285 1510 2475 1551 catum
2536 1510 2800 1564 equorum
2868 1496 3099 1564 ungulte,
3151 1497 3421 1551 cecidi-sc

1842 1586 2161 1641 traduntur:
2219 1596 2278 1640 ut
2334 1589 2672 1642 sitsattsus:
2726 1585 2780 1640 Si
2850 1587 3062 1654 ungula:
3149 1602 3415 1655 equorum

1841 1686 1991 1732 tactu
2047 1680 2291 1747 lapidum
2352 1678 2687 1743 ceciderunt,
2752 1680 2879 1747 quid
2929 1688 3089 1748 putas
3133 1681 3414 1747 equitibus

1843 1771 2153 1827 accidisse?

1909 1860 2106 1932 (Vcrs.
2130 1861 2219 1915 25.
2252 1862 2266 1927 )
2299 1880 2313 1912 t
2368 1861 2650 1915 Maledicta
2707 1872 2850 1916 terra
2903 1861 3101 1923 Meroz,
3129 1863 3267 1917 dixit
3311 1879 3410 1916 an-

1834 1956 1986 2022 gelus
2019 1955 2228 2008 Domini
2255 1976 2300 2008 ,ι
2331 1954 2387 2009 In
2433 1957 2657 2010 Icht'a‘J)
2683 1958 2878 2025 legitur
2911 1976 2929 2008 ι
2983 1957 3287 2011 Maledicite
3305 1956 3417 2008 Me-

1837 2064 1950 2106 roz.
1981 2048 2116 2099 dixit
2176 2049 2400 2116 angelus
2452 2047 2683 2101 Domini.
2732 2068 2749 2099 ι
2785 2051 3027 2116 Angelus
3078 2049 3291 2102 Domini
3348 2050 3417 2103 ab

1836 2138 2077 2192 Hebraeis
2106 2138 2334 2192 Michael
2384 2138 2728 2209 intelligitur,
2762 2142 2854 2208 qui
2903 2141 3061 2210 jubet
3092 2156 3184 2209 per
3210 2140 3417 2193 Debbo-

1835 2249 1948 2287 ram
1992 2232 2191 2301 pupulo
2251 2232 2440 2296 Israel,
2497 2235 2915 2288 utmaledicaat
2965 2234 3168 2298 Mcruz,
3237 2234 3286 2287 id
3328 2244 3411 2287 est

1833 2326 2082 2391 potestati
2114 2324 2389 2394 angelica»,
2439 2340 2559 2393 qua:
2607 2335 2837 2393 prteerat
2900 2325 3225 2378 Chanauzcis
3253 2342 3268 2379 :
3297 2327 3416 2379 Mc.

1836 2431 1927 2468 rnz
1959 2417 2100 2468 enim
2138 2417 2527 2485 interpretatur
2578 2432 2854 2469 arcanum.
2899 2417 3107 2469 Idcirco
3163 2416 3413 2468 maledici

1831 2511 2071 2579 jnbetnr,
2126 2511 2176 2562 id
2233 2520 2318 2564 est
2382 2510 2855 2575 anatltetnatizari,
2922 2526 2987 2563 eo
3036 2510 3179 2576 quod
3210 2510 3417 2579 angelis

1834 2600 2045 2652 caeteris
2114 2598 2499 2652 dimicantibus
2548 2615 2644 2669 pro
2686 2599 2870 2661 Israel,
2931 2601 3053 2670 ipse
3092 2616 3201 2654 non
3235 2602 3411 2654 solum

1836 2705 1942 2742 non
1980 2691 2321 2760 pugnaverit,
2356 2707 2544 2744 verum
2583 2693 2747 2745 etiam
2775 2693 2825 2744 in
2858 2693 3193 2747 adversitate
3226 2707 3412 2745 eorum

1836 2783 2151 2852 perstiterit.
2194 2801 2210 2832 ι
2246 2782 2550 2835 Maledicite
2576 2783 2971 2837 habitatoribus
2992 2783 3127 2850 ejus,
3165 2800 3183 2832 ι
3254 2781 3307 2835 id
3335 2794 3418 2836 est

1833 2875 2011 2928 Met-cz
2036 2885 2089 2927 et
2148 2875 2347 2943 pupulo
2380 2874 2519 2942 ejus.
2561 2875 2621 2927 Et
2647 2874 2891 2929 redditur
2926 2890 3091 2927 causa
3122 2890 3219 2927 cur
3245 2876 3416 2930 malc~

1833 2970 2106 3031 dicantur,
2148 2989 2164 3020 ε
2200 2972 2326 3037 quia
2363 2970 2576 3022 scilicet
2610 2985 2719 3022 non
2751 2979 3014 3022 venerunt
3051 2970 3103 3021 in
3138 2970 3408 3024 auxilium

1836 3060 2067 3121 Domini,
2100 3073 2151 3114 (-t
2183 3061 2234 3113 in
2260 3060 2590 3129 adjutorintn
2656 3060 3089 3114 fortissinmrum
3124 3060 3299 3129 ejus.»

1925 3158 1943 3222 (
1978 3153 2130 3208 Vers.
2162 3154 2276 3223 24.)
2315 3174 2332 3205 ι
2394 3154 2683 3209 Benedicta
2747 3159 2886 3209 inter
2916 3158 3193 3223 mulieres,
3233 3158 3410 3221 Jahel,

1840 3261 1975 3297 uxor
2002 3245 2179 3299 Ilabcr
2204 3245 2391 3300 Cimei.
2420 3266 2435 3295 ι
2468 3246 2611 3299 Inter
2662 3247 2935 3312 mulieres,
2966 3248 3169 3302 scilicet
3200 3248 3413 3305 Sarant.

1843 3338 2164 3401 Relteccam,
2197 3337 2420 3404 Rachel,
2451 3338 2627 3403 Liam,
2663 3349 2716 3392 ct
2743 3348 2967 3393 casteras
3018 3340 3187 3394 ferme
3218 3342 3414 3393 mulie-

1840 3446 1945 3484 res.
1983 3450 2001 3482 ι
2034 3429 2393 3483 Benedicatur
2422 3432 2476 3484 in
2504 3433 2726 3500 templo,
2763 3451 2780 3482 ι
2818 3433 3142 3485 subauditur
3190 3432 3405 3485 Detuiui

1839 3533 1898 3577 ut
1920 3523 1992 3575 ibi
2012 3522 2079 3576 sit
2108 3523 2418 3575 memoriale
2436 3523 2570 3589 ejus,
2602 3525 2815 3578 sicutct
2845 3524 3053 3579 .Itltllllt.
3088 3526 3145 3577 lit
3173 3526 3414 3578 redditur

1839 3622 1999 3661 causa
2050 3622 2143 3659 cur
2194 3606 2571 3669 benedicatur,
2628 3610 2753 3676 quia
2790 3609 2999 3662 scilicet
3034 3608 3313 3678 sapienter
3357 3617 3411 3662 ct

1841 3701 2136 3769 prudenter
2166 3699 2372 3766 fecerit,
2398 3717 2464 3756 eo
2500 3705 2642 3772 quod
2696 3704 2897 3773 petenti
2929 3719 3155 3773 aquam,
3190 3704 3275 3757 lac
3307 3705 3404 3754 de-

1840 3796 1979 3849 derit
2019 3792 2359 3865 (Vers.9.5).
2414 3796 2625 3851 Idcirco
2676 3798 2758 3851 lac
2784 3798 2952 3860 dedit,
3010 3805 3067 3850 ut
3133 3796 3302 3849 hostis
3327 3795 3412 3848 fu-

1839 3888 1990 3957 giens
2012 3889 2113 3941 sibi
2138 3889 2293 3941 lidem
2322 3890 2583 3957 potiorem
2613 3891 3067 3944 accommodaret.
3098 3888 3161 3942 Et
3183 3890 3225 3943 si
3258 3904 3407 3957 qua:-

1842 3979 1980 4031 ritur
2022 3994 2119 4032 cur
2172 3994 2279 4032 non
2348 3982 2527 4034 tinum
2576 3982 2801 4042 dederit,
2857 3982 3291 4050 respondendum
3327 3993 3409 4033 cst

1841 4073 1968 4139 quia
1994 4070 2190 4124 domus
2220 4069 2440 4124 Rechab
2477 4073 2659 4125 vinum
2691 4090 2795 4126 non
2836 4073 3048 4133 bibunt,
3074 4075 3210 4127 sicut
3240 4073 3408 4126 habes

1839 4164 1893 4217 in
1923 4162 2156 4217 Ieremia
2189 4164 2472 4233 propheta.
2507 4163 2725 4232 (Jerem.
2757 4181 2921 4228 xxxv,
2967 4165 3077 4234 I4.)

1840 4296 1953 4350 sive
1978 4297 2176 4365 ungula
2226 4314 2475 4367 equorum
2511 4314 2529 4352 :

2587 4301 2689 4354 nisi
2744 4301 2856 4369 ipse
2881 4300 2986 4353 alio
3050 4299 3212 4353 fuerit
3275 4315 3408 4355 usus

1838 4369 2151 4436 exemplari.

235 4516 434 4595 '_Apud
473 4513 678 4567 Raban.
715 4513 1099 4595 interpretatur
1137 4515 1456 4595 resurrectio.
1501 4516 1724 4573 inutilis.

1840 4523 2067 4595 [ἰθὺνωο
2116 4525 2325 4592 legitur,
2366 4526 2512 4578 Tunc
2563 4527 2773 4595 ungula:
2829 4545 3078 4595 equorum
3108 4529 3403 4580 ceciderunt

227 4588 247 4617 ²
274 4586 328 4637 In
358 4604 476 4635 ειη-υ
503 4595 678 4636 ttutrm
714 4598 841 4646 tus.,
868 4582 1011 4651 quod
1043 4585 1319 4637 verissime
1354 4586 1611 4651 scriptum
1651 4589 1717 4641 ab

154 4668 379 4709 auclore
408 4656 524 4717 ipso
554 4655 809 4716 arbitror,
844 4654 1117 4705 contrario
1146 4667 1307 4705 sensu
1334 4656 1396 4705 ad
1431 4656 1570 4708 hunc
1603 4673 1717 4708 tuo-

150 4728 284 4779 duut
324 4734 468 4776 totus
500 4725 563 4775 lo:
588 4738 649 4776 us
699 4723 797 4776 iste
841 4726 1137 4775 recitatur:
1177 4718 1398 4793 Ungula:
1423 4740 1623 4778 eorum.
1658 4725 1722 4778 In

368 4902 845 4912 .—.————_—__—

170 4904 360 4915 ~.—-—-

394 4918 744 4929 m

1784 4922 2121 4933 *-

1824 4592 2150 4666 [ugiettttbtts
2176 4597 2387 4666 impetu,
2423 4607 2472 4648 et
2529 4592 2753 4665 praeceps
2781 4592 3051 4649 ruentibus
3096 4598 3402 4666 ['ot'tt'ssittzt's

1828 4664 2053 4716 hostium
2082 4682 2098 4725 ;
2132 4664 2395 4732 lapidibus
2446 4668 2581 4717 enim
2615 4667 2917 4734 grandinis,
2946 4678 3050 4721 etc.

1988 4907 2459 4917 ——_—_.———__._..
2472 4911 2573 4918 --.ι
2590 4912 2847 4920 γον-ι-νμ--⁴

2864 4913 3005 4925 -.-..-.,.
3024 4914 3043 4919 -
3058 4912 3378 4925 .-.θῇ-.-.η-

618 5048 1207 5143 ADMONITIO
1288 5050 1399 5130 IN
1491 5052 2033 5134 OPUSCULA
2127 5056 2944 5148 SUBSEQUENTIA.

232 5370 434 5423 Damus
464 5369 602 5425 hanc
631 5370 843 5426 laudem
879 5371 1210 5439 Martianteo,
1236 5374 1329 5445 qni
1366 5377 1822 5451 subsequenuum
1860 5378 2250 5433 Hebraicarum
2286 5378 2659 5442 qustionum
2706 5376 2759 5431 in
2802 5376 3005 5445 Regum
3040 5386 3094 5428 et
3125 5372 3397 5442 Paralipo-

158 5471 359 5509 menon
386 5456 555 5510 libros
588 5473 903 5526 germanum
934 5470 1237 5525 auctorem,
1271 5465 1337 5515 de
1376 5479 1485 5532 quo
1515 5475 1794 5534 tantopere
1826 5478 1984 5520 antea
2026 5468 2093 5520 ab
2128 5468 2358 5521 eruditis
2392 5468 2443 5519 in
2482 5478 2769 5535 utramque
2820 5479 3027 5533 partem
3064 5466 3398 5530 disputatum

156 5553 261 5607 est,
306 5559 369 5596 ex
398 5540 607 5596 Rabani
645 5542 818 5599 Mauri
844 5548 1157 5600 testimonio
1190 5549 1467 5606 indicavit.
1508 5553 1690 5619 Usque
1741 5555 1793 5606 in
1830 5568 2069 5623 praesens
2103 5564 2337 5623 tempus,
2374 5556 2552 5624 inquit
2609 5557 2697 5608 ille
2734 5557 2784 5608 in
2840 5555 3052 5623 prutﬁxtt
3107 5556 3189 5606 his
3244 5554 3396 5606 libris

159 5632 549 5685 Admonitioue
572 5648 735 5700 quam
764 5634 1167 5702 ,describimus,
1202 5652 1390 5705 parum
1432 5639 1677 5707 liquebat
1713 5657 1823 5708 quo
1865 5654 2088 5696 auctore
2140 5644 2298 5697 ειιίιιῡ
2336 5645 2570 5698 fuissent
2626 5644 2942 5713 bujusmodi
3000 5643 3341 5707 Qutestiones
3383 5657 3397 5692 :

158 5730 210 5770 cl
244 5719 380 5772 luISO
416 5720 689 5787 probabile
715 5725 1010 5789 putabatur
1033 5726 1278 5792 qumdam
1313 5730 1365 5779 in
1401 5727 1508 5782 illis
1532 5732 1784 5796 decerpta
1819 5728 1985 5786 luisse
2017 5748 2078 5785 cx
2116 5733 2425 5804 lIieroaymi
2460 5735 2901 5788 Commentariis.
2935 5731 3090 5786 Nunc
3124 5745 3252 5782 vero
3286 5745 3397 5781 nta-

159 5810 512 5864 nllcsltSallttc
541 5822 763 5879 apparet
792 5822 1128 5882 syntugtnata
1162 5815 1347 5872 istluzc
1383 5828 1659 5873 auctorem
1696 5819 1954 5874 habuisse
2004 5823 2278 5889 quemdam
2312 5820 2596 5875 Heumann
2629 5824 2680 5875 in
2716 5823 2930 5876 scicntia
2958 5822 3080 5889 legis
3104 5820 3395 5886 ﬂorentem,
