4198 6350
160 298 311 373 1397

153 520 452 577 beruaculo
483 526 742 595 Domini;
808 542 856 587 et
912 534 1242 591 collocabant
1297 556 1411 594 eam
1461 544 1636 597 Aaron
1685 555 1733 597 et

150 615 262 679 ﬁlii
319 618 474 686 ejus,
521 633 577 675 ut
639 640 800 691 usque
831 643 983 683 mane
1036 630 1207 687 luceat
1272 650 1450 688 coram
1510 637 1733 692 Domino

151 706 363 769 (Exod.
399 727 569 777 ιιι-ιι,
604 715 673 767 90
693 728 741 772 et
769 719 881 789 21).

153 891 395 985 mitium.
434 914 451 947 ι
486 895 702 955 Nescire
732 900 1019 961 Dominum
1050 908 1283 969 dicitur:
1329 913 1454 983 quia
1489 930 1582 985 per
1612 930 1734 985 pro-

151 980 361 1047 phetiae
382 989 701 1057 mysterium
724 994 954 1051 necdum
985 998 1033 1053 ei
1059 1002 1329 1059 revelatus
1348 980 1523 1061 iuerat
1552 980 1733 1060 sermo

153 1073 401 1135 Domini.

228 1171 416 1243 (Vers.
454 1178 566 1250 11.)
626 1199 645 1232 r
680 1180 824 1240 Dixit
870 1184 1127 1246 Dominus
1184 1191 1251 1246 ad
1294 1190 1515 1250 Samuel
1548 1213 1561 1250 :
1594 1195 1733 1251 Ecce

153 1286 261 1338 ego
289 1268 431 1326 facio
472 1276 697 1332 verbum
750 1281 801 1334 in
833 1280 998 1337 lsrael
1029 1301 1044 1341 :
1082 1286 1236 1356 quod
1275 1287 1588 1358 quicunque
1635 1304 1733 1343 au-

154 1358 348 1422 dierit.
379 1365 614 1422 tinnient
678 1373 850 1427 amba
902 1391 1065 1433 aures
1124 1380 1309 1448 ejus.»
1346 1377 1459 1434 Hoc
1517 1380 1569 1433 in
1614 1380 1734 1435 loco

153 1457 522 1516 comminatio
546 1463 763 1520 Domini
791 1479 872 1522 est
903 1485 1067 1542 super
1103 1472 1204 1538 Eli,
1232 1483 1283 1529 et
1318 1487 1483 1543 super
1511 1472 1731 1527 domum

155 1552 280 1622 ejus
302 1571 316 1606 :
340 1569 409 1608 eo
440 1558 584 1625 quod
627 1558 680 1613 in
711 1572 932 1629 peccato
964 1564 1196 1622 filiorum
1221 1569 1325 1635 Eli,
1352 1571 1491 1627 Area
1528 1568 1618 1627 Dei
1644 1581 1735 1621 ca.

156 1659 410 1714 peretur,
440 1661 493 1705 et
530 1651 694 1710 Israel
720 1667 925 1720 rueret,
950 1668 1001 1713 et
1035 1662 1153 1729 ejus
1213 1665 1307 1721 filii
1345 1670 1651 1742 interirent,
1681 1685 1733 1732 et

155 1741 360 1796 domus
398 1743 475 1798 Eli
517 1749 827 1807 sacerdotio
872 1754 1073 1812 domus
1113 1755 1326 1817 Domini
1386 1738 1693 1832 privaretur
1722 1810 1736 1832 ,
1770 1738 1810 1797 Β

155 1845 214 1889 et
256 1836 329 1891 ob
354 1837 405 1890 id
436 1838 636 1895 factum
666 1845 1004 1904 audientium
1034 1836 1198 1908 aures
1232 1855 1492 1913 tinnirent
1517 1868 1740 1930 stupore

158 1929 502 1986 vehementi.

237 2020 419 2087 (νει-ε.
455 2025 567 2094 ιδ.)
619 2045 639 2079 r
702 2031 1033 2102 Aperuitque
1077 2036 1214 2092 ostia
1271 2038 1465 2095 domus
1506 2041 1735 2108 Domini,

157 2130 216 2170 et
244 2115 470 2172 Samuel
503 2120 729 2175 timebat
781 2124 1041 2180 visionem
1108 2129 1351 2185 indicare
1401 2133 1503 2188 Eli.
1544 2154 1561 2182 ι
1621 2136 1735 2192 Νοιι

154 2217 245 2262 est
274 2210 685 2280 intelligendum
716 2216 855 2284 quod
885 2211 1105 2275 Samuel
1159 2225 1436 2292 aperuerit
1469 2227 1603 2282 ostia
1637 2228 1737 2283 do-

158 2316 288 2354 mus
319 2300 554 2368 Domini,-
585 2306 677 2359 sed
724 2309 995 2363 sacerdos.

237 2393 417 2461 (Vers.
459 2396 670 2465 19-21.)
706 2417 724 2450 α
760 2400 824 2454 Et
854 2417 958 2457 non
995 2406 1187 2461 cecidit
1230 2424 1295 2463 ex
1325 2412 1577 2468 oumibus
1614 2429 1737 2468 ver-

157 2490 247 2543 bis
278 2490 498 2545 Samuel
532 2491 584 2545 in
609 2500 831 2548 terram.
862 2514 879 2547 ι
912 2495 1029 2551 Non
1062 2502 1323 2557 cecidisse
1377 2519 1441 2558 ex
1481 2506 1736 2562 omnibus

160 2581 350 2634 verbis
377 2581 495 2650 ejus
534 2581 587 2635 in
632 2592 829 2638 terram
869 2586 1104 2653 dicitur,
1143 2592 1267 2657 quia
1298 2593 1560 2662 quidquid
1610 2610 1735 2663 pro-

158 2672 443 2739 phetabat,
478 2673 641 2728 rebus
682 2679 851 2741 gestis
895 2679 1394 2740 demonstrabatur.
1442 2704 1460 2735 ι
1501 2685 1561 2739 Et
1593 2690 1736 2742 venit

158 2777 352 2817 sermo
390 2762 663 2819 Samuelis
699 2769 956 2825 universo
976 2770 1179 2827 lsracli.
1213 2792 1231 2825 ι
1262 2775 1452 2829 Sermo
1482 2777 1599 2845 ejus
1635 2778 1736 2832 fuit

158 2855 230 2906 ad
280 2855 599 2910 universum
633 2858 838 2924 Israel,
875 2863 1019 2931 quod
1080 2866 1417 2935 percutiendi
1476 2880 1655 2924 essent
1704 2888 1733 2924 a

162 2945 458 3003 Philistzcis
486 2958 707 3019 propter
736 2962 958 3020 peccata
990 2955 1223 3011 ﬁliorum
1272 2958 1388 3013 Eli:
1430 2975 1590 3031 quem
1620 2977 1735 3017 ser-

162 3058 384 3096 monem
417 3052 644 3099 eventus
680 3045 753 3099 rei
778 3058 960 3115 postea
984 3050 1251 3118 probavit.

240 3132 397 3203 (Cap.
438 3133 528 3189 Vl.
557 3165 627 3176 —
656 3134 810 3193 Vers.
840 3138 951 3207 lt.)
1009 3160 1025 3191 ι
1056 3140 1185 3196 Erat
1239 3152 1416 3198 autem
1473 3145 1542 3197 ibi
1599 3145 1737 3215 lapis

170 3242 435 3297 magnus:
490 3237 543 3283 et
575 3229 931 3285 cencidcrunt
975 3233 1114 3302 ligna
1146 3234 1394 3303 plaustri.
1432 3252 1450 3286 ι
1482 3235 1735 3306 Lapidem

163 3320 335 3371 istum
371 3316 577 3372 Hebraei
602 3334 749 3373 aram
778 3319 846 3375 ab
873 3321 1147 3376 Abraham
1201 3323 1522 3377 :ediﬁcatam
1575 3324 1736 3380 intel-

163 3412 361 3480 ngnL

239 3500 424 3573 (Vers.
464 3503 546 3567 i7,
594 3504 704 3571 18.)
748 3507 851 3560 illi
880 3518 1009 3564 sunt
1053 3518 1231 3565 autem
1278 3511 1365 3566 ani
1402 3511 1574 3579 aurei,
1604 3525 1739 3581 quos

170 3593 528 3649 reddiderunt
558 3595 845 3651 Pliilistiim
876 3613 976 3668 pro
1006 3600 1204 3655 delicto
1237 3600 1500 3657 Domino:
1534 3604 1738 3658 Azotus

166 3700 363 3751 mium,
406 3686 549 3741 Gaza
601 3702 793 3753 unum,
850 3689 1081 3744 Ascalon
1133 3708 1323 3756 unum,
1360 3694 1496 3749 Geth
1547 3711 1737 3761 unum,

166 3778 425 3831 Acharon
462 3794 653 3832 unum.
696 3797 714 3831 ι
747 3779 997 3850 Ouinque
1025 3798 1158 3838 unos
1179 3793 1232 3837 et
1259 3784 1499 3854 quinque
1534 3801 1735 3849 mures,

172 3868 257 3920 ba:
282 3869 526 3935 quinque
564 3868 813 3924 civitates
847 3871 1131 3926 dederunt.
1176 3857 1416 3944 Reliquae
1450 3884 1628 3928 autem
1660 3874 1738 3928 ci-

169 3960 373 4014 vitates
408 3960 835 4028 provinciarum,
897 3973 951 4017 et
980 3963 1119 4017 villae
1167 3978 1290 4033 qua:
1337 3975 1495 4018 erant
1536 3966 1741 4034 absque

168 4065 353 4109 muro.
391 4066 571 4106 mures
607 4061 813 4106 tantum
846 4052 1125 4108 dederunt.
1156 4054 1364 4109 lleirco
1421 4056 1642 4119 dicitur,
1674 4056 1742 4109 ab

167 4142 308 4195 urbe
350 4152 560 4195 murata
609 4158 779 4211 usque
846 4144 913 4198 ad
972 4145 1155 4199 villam
1197 4161 1316 4215 quae
1364 4157 1481 4201 erat
1534 4146 1741 4215 absque

169 4249 355 4289 muro.
399 4234 552 4301 Quod
601 4247 780 4291 autem
834 4238 1122 4308 sequitur:
1166 4237 1234 4291 Et
1288 4255 1451 4309 usque
1497 4240 1565 4291 ad
1614 4238 1741 4292 Abel

173 4344 449 4397 maguum,
494 4345 647 4395 super
712 4346 859 4397 quem
919 4342 1203 4399 posuerunt
1263 4347 1445 4384 arcam
1510 4331 1736 4385 Domini.

166 4420 303 4475 Abel
368 4435 622 4487 magnum
661 4423 849 4476 civitas
896 4434 977 4476 est
1018 4422 1330 4476 intermino
1363 4420 1547 4477 Israel.
1601 4423 1733 4477 Abel
1769 4419 1814 4475 D

168 4528 428 4582 magnum
461 4512 664 4567 idCll‘t'O
731 4524 970 4581 vocatur,
1036 4531 1158 4570 cum
1213 4529 1369 4572 antea
1432 4515 1735 4572 Bctbsamis

167 4603 411 4658 vocitata
433 4605 522 4669 sit,
555 4606 669 4659 sive
709 4618 928 4675 propter
975 4607 1176 4683 luctum
1223 4623 1384 4678 super
1414 4610 1545 4663 viris
1570 4608 1736 4661 Beth-

171 4695 467 4750 samitibus
523 4696 595 4750 ibi
634 4696 854 4759 iactum,
882 4697 999 4752 sive
1049 4709 1267 4768 propter
1319 4699 1725 4754 distinctionem

170 4789 412 4843 civitatis
445 4788 575 4843 Abel
631 4790 938 4853 Betbmaca,
975 4795 1041 4847 de
1096 4808 1200 4862 qua
1252 4785 1574 4848 exclamavit
1615 4808 1735 4847 mu-

168 4882 273 4935 lier
302 4881 518 4949 sapiens
544 4881 609 4935 ad
640 4880 774 4936 Joab
796 4923 811 4947 ,
863 4883 1082 4939 dicens:
1116 4882 1220 4947 Qui
1261 4884 1604 4955 interrogant,
1657 4887 1737 4943 in-

173 4982 441 5042 terrogent
476 4974 527 5025 in
549 4973 709 5027 Abela
735 4974 813 5044 (ll
856 4974 981 5045 Reg.
1017 4991 1109 5038 xx,
1142 4975 1252 5044 18).
1310 4975 1400 5030 Sic
1446 4980 1627 5045 itaque
1656 4979 1736 5031 in-

174 5063 524 5132 telligendum
568 5073 671 5126 est,
698 5066 839 5131 quod
890 5068 957 5119 ab
1005 5066 1137 5119 urbe
1177 5077 1385 5120 murata
1448 5084 1619 5136 usque
1667 5071 1734 5123 ad

171 5155 357 5207 villam
396 5169 517 5223 qua:
564 5164 680 5208 erat
735 5154 936 5221 alisque
972 5169 1149 5216 muro.
1174 5165 1227 5208 et
1277 5171 1450 5225 usque
1500 5156 1566 5210 ad
1605 5158 1733 5212 Abel

171 5256 454 5309 magnum,
474 5240 719 5295 dederint
746 5256 943 5296 mures.
971 5240 1144 5310 Super
1195 5260 1376 5309 quem,
1410 5246 1461 5301 id
1490 5257 1593 5311 cst,
1640 5264 1731 5302 su-

170 5347 269 5401 per
297 5332 523 5390 luctutn.
586 5343 885 5400 posuerunt
935 5346 1114 5385 arcam
1174 5334 1403 5399 Domini.
1457 5354 1575 5406 qum
1616 5349 1731 5394 erat

170 5439 350 5489 usque
380 5424 445 5476 ad
473 5422 621 5475 illum
648 5424 789 5475 diem
841 5424 892 5477 in
943 5440 1069 5493 agro
1132 5426 1298 5481 Josue
1354 5428 1728 5485 Betbsatnitis.

170 5512 294 5566 Fuit
327 5528 455 5582 ergo
501 5514 553 5567 in
606 5528 736 5583 agro
788 5514 937 5567 illius
989 5516 1181 5582 donec,
1217 5519 1267 5572 in
1298 5520 1726 5577 Carialb-larim

169 5602 331 5658 ducta
362 5615 461 5659 est.

1099 334 1385 406 QII/EST.
1416 340 1775 400 IIEBRMC-
1829 346 1904 405 IN
1948 351 2092 415 LIB.
2136 354 2155 413 Ι
2204 359 2495 422 REGUM.

150 427 371 497 piloque
412 445 713 502 contusum,
745 449 797 493 ut
825 440 1012 496 ardeat
1053 443 1267 500 lucerna
1316 465 1516 518 semper
1564 453 1614 504 in
1661 461 1741 503 ta-
1770 451 1819 509 A

3278 367 3423 434 i393

1881 548 1891 559 .
1919 461 2096 522 (Yers.
2129 466 2241 532 l9.)
2272 486 2290 520 ι
2326 468 2393 523 Et
2416 476 2682 540 percussit
2715 476 2781 531 de
2832 476 3033 547 populo
3067 482 3418 547 septuaginta

1845 558 1990 604 viros
2030 563 2085 607 et
2139 558 2534 631 quinquaginta
2589 566 2750 619 millia
2789 567 2983 637 plebis.
3022 585 3040 618 ι
3077 567 3134 621 ln
3186 565 3416 622 llo-brato

1843 640 1917 743 ita
1956 644 2217 706 habetur:
2260 672 2277 703 ι
2312 652 2378 709 Ει
2415 658 2688 723 percussit
2720 659 2787 713 de
2817 662 3015 727 populo
3070 664 3421 732 septuaginta

1842 742 1988 788 viros
2024 746 2075 789 et
2111 742 2502 812 quinquaginta
2567 746 2734 800 millia
2779 749 2944 802 viros.
2980 768 2996 799 ι
3032 749 3143 805 llos
3193 760 3414 821 septua-

1841 826 1989 896 ginta
2029 829 2196 893 viros.
2219 834 2435 903 judiccs
2458 840 2805 910 septuaginta
2840 839 3046 895 Hebraei
3079 842 3407 914 intelligunt.

1841 918 2082 985 Quorum
2113 924 2306 981 merito
2331 938 2384 983 et
2415 931 2598 999 gloria:
2640 934 3035 1004 quinquaginta
3092 936 3257 988 millia
3307 938 3405 990 viri

1843 1018 2326 1086 comparabantur,
2362 1022 2502 1077 sicut
2552 1036 2602 1078 et
2650 1028 2715 1083 de
2778 1025 2945 1082 David
2983 1027 3217 1084 dicitur:
3281 1032 3407 1099 quia

1846 1115 1900 1160 tu
1933 1123 2072 1166 unus
2110 1128 2206 1182 pro
2234 1116 2423 1170 decem
2456 1118 2697 1175 millibus
2726 1123 3090 1193 computaris.

1914 1238 2071 1308 (Cap.
2108 1243 2220 1302 Ἧι.
2244 1276 2315 1288 -
2340 1247 2494 1304 Vers.
2522 1249 2601 1318 ἓ.)
2644 1270 2660 1302 ι
2696 1252 2759 1306 Et
2821 1254 3022 1309 factum
3074 1265 3156 1309 est
3201 1269 3263 1308 ex
3300 1270 3405 1323 qua

1841 1332 1929 1388 die
1967 1335 2169 1389 mansit
2198 1350 2323 1391 arca
2366 1339 2579 1395 Domini
2624 1342 2675 1395 in
2722 1342 3162 1409 Cariatb-larim,
3224 1345 3408 1398 multi—

1841 1427 2021 1496 plicati
2055 1437 2183 1483 sunt
2211 1430 2347 1488 dies.
2384 1448 2402 1483 ι
2462 1433 2515 1486 id
2540 1443 2621 1489 est
2648 1434 2836 1504 viginti
2874 1436 3021 1489 anni.
3050 1438 3093 1488 Α
3124 1447 3363 1504 tempore
3388 1448 3413 1467 ⁵

1842 1537 1949 1589 quo
1977 1524 2327 1592 reprobatum
2356 1532 2440 1579 est
2472 1528 2834 1582 sacerdotium
2869 1528 2946 1583 Eli
2981 1544 3153 1598 usque
3209 1533 3274 1583 ad
3304 1530 3409 1582 Sa-

1845 1614 2038 1668 muelis
2072 1614 2351 1681 ducatum,
2382 1615 2573 1685 viginti
2606 1619 2826 1672 fuerunt
2880 1623 3006 1674 anni
3062 1622 3409 1676 miseriarum

1844 1703 2051 1759 referti.
2097 1706 2325 1761 Peracto
2357 1709 2615 1763 vicesimo
2671 1724 2836 1775 anno,
2898 1715 3154 1767 translata
3185 1725 3269 1768 est
3316 1730 3410 1767 ca-

1844 1795 1964 1850 dem
1996 1812 2120 1851 arca
2160 1813 2189 1851 a
2218 1798 2473 1854 Samuele
2526 1801 2579 1855 in
2632 1802 2903 1871 Masphat,
2953 1812 3007 1858 et
3053 1806 3117 1858 de
3154 1806 3420 1875 Maspbatf

1844 1892 2240 1947 transtulerunt
2266 1908 2384 1947 eam
2420 1893 2638 1947 Samuel
2670 1905 2722 1948 et
2773 1894 2900 1949 Saul
2932 1896 2987 1951 in
3018 1895 3256 1966 Galgala.
3281 1897 3407 1953 Inde.

1842 1983 2103 2036 translata
2139 1995 2222 2039 est
2270 2001 2298 2038 a
2338 1985 2465 2039 Saul
2506 1987 2557 2040 in
2605 1986 2775 2042 Nube.
2828 1987 2901 2042 De
2949 1988 3097 2044 Nobe
3120 1992 3170 2043 in
3198 1991 3403 2045 Gabaa.

1842 2076 1915 2129 De
1972 2074 2145 2138 Gaba.
2203 2078 2462 2131 translata
2492 2088 2575 2134 est
2606 2094 2635 2132 a
2670 2080 2836 2135 David
2889 2081 2943 2135 in
2975 2082 3194 2136 domum
3255 2082 3402 2138 Obed

1841 2166 2009 2221 Edom
2031 2207 2046 2221 .
2080 2168 2153 2223 De
2188 2169 2350 2223 domo
2373 2168 2521 2223 Obed
2580 2171 2747 2224 Edom
2775 2174 3053 2226 transtulit
3119 2174 3281 2228 David
3351 2176 3407 2229 in

1839 2256 1995 2315 Sion.
2028 2260 2101 2313 De
2124 2260 2251 2316 Sion
2307 2261 2584 2317 transtulit
2616 2276 2736 2319 eam
2770 2262 3026 2319 Salomon
3093 2266 3145 2318 iu
3206 2264 3413 2319 Sancta

1843 2359 2180 2405 sanctorum.

1910 2485 2091 2552 (luid.)
2122 2504 2139 2538 ι
2173 2485 2234 2541 ΙΞι
2296 2488 2561 2556 requievit
2591 2490 2769 2545 omnis
2830 2490 2996 2544 lsrael
3047 2500 3171 2560 post
3220 2490 3406 2544 Domi-

1839 2594 1992 2633 num.
2026 2598 2044 2629 ι
2089 2579 2436 2648 chuievisse
2468 2590 2591 2650 post
2618 2582 2901 2635 Dominum
2943 2583 3229 2637 dicuntur:
3255 2586 3413 2651 quia,

1838 2672 2065 2742 abjcctis
2098 2670 2365 2724 idolorum
2397 2671 2675 2737 sordibus,
2707 2672 2937 2729 Domino
2971 2690 3031 2729 se
3071 2676 3136 2729 ad
3167 2676 3405 2729 servien-

1839 2762 1965 2815 dum
2004 2771 2115 2815 toto
2139 2763 2304 2816 corde
2330 2756 2686 2818 tradiderunt.
2720 2764 2874 2830 Quod
2902 2774 2959 2820 et
2990 2766 3041 2820 in
3073 2766 3413 2834 subsequen-

1840 2858 1985 2912 tibus
2012 2857 2245 2912 dicitur:

1910 2971 2187 3041 (Vers.4.)
2255 2990 2273 3023 t
2332 2974 2684 3029 Abstulerunt
2730 2974 2821 3029 ﬁlii
2880 2975 3044 3030 Israel
3090 2974 3288 3029 Baalim
3355 2982 3407 3027 ct

1760 3072 1805 3133 ο
1839 3060 2118 3126 Astarotb,
2154 3071 2209 3117 et
2254 3064 2561 3119 servierunt
2592 3064 2823 3118 Domino
2866 3064 3005 3119 soli:
3032 3074 3087 3118 et
3139 3080 3407 3119 convene-

1844 3165 1970 3207 runt
2004 3156 2056 3208 in
2096 3154 2365 3226 Maspbat,
2414 3157 2823 3227 bauseruntque
2879 3172 3101 3227 aquam,
3133 3166 3221 3227 get
3274 3158 3409 3211 ellu-

1841 3247 2037 3302 derunt
2086 3248 2141 3301 in
2195 3260 2491 3318 conspectu
2552 3248 2783 3305 Domini.
2832 3268 2852 3303 ι
2913 3249 3120 3305 llebrtei
3189 3254 3411 3303 tradunt

1842 3341 1984 3411 quod
2007 3354 2193 3395 coram
2244 3337 2474 3395 Domino
2521 3343 2574 3395 in
2610 3340 2852 3395 eamdem
2894 3356 3089 3410 aquam
3125 3340 3413 3395 maledicta

1842 3440 2096 3502 congesta
2134 3431 2286 3485 sint:
2329 3441 2382 3485 et
2429 3431 2572 3485 sicut
2618 3432 2673 3485 in
2733 3432 2849 3502 lege
2908 3433 3099 3486 mulier
3163 3433 3411 3501 zelotypa

1846 3525 2037 3579 hausta
2057 3539 2199 3593 aqua
2222 3523 2502 3593 probatur,
2526 3522 2598 3576 ita
2627 3533 2681 3576 et
2713 3522 2802 3578 hic
2822 3522 3122 3577 idololatra:
3148 3523 3415 3591 hacgaqua

1844 3617 2052 3688 probati
2104 3627 2249 3672 sunt.
2277 3615 2339 3670 lli
2382 3615 2629 3670 videlicet
2661 3616 2755 3686 qui
2787 3630 2845 3670 se
2872 3614 3014 3669 idola
3049 3616 3285 3669 coluisse
3313 3631 3405 3682 pe-

1841 3711 1992 3765 nitus
2026 3708 2384 3779 denegabant.
2442 3706 2686 3762 Tradunt
2727 3708 2893 3761 etiam
2922 3705 3069 3775 quod
3099 3706 3411 3775 quicunque

1845 3802 2133 3857 idololatra
2162 3802 2301 3854 bam:
2335 3814 2530 3869 aquam
2558 3809 2852 3867 gustasset,
2884 3798 3028 3853 labia
3053 3800 3173 3867 ejus
3204 3798 3273 3852 ita
3301 3799 3407 3851 sibi

1843 3894 2204 3956 adluerercnt,
2235 3904 2293 3947 ut
2322 3906 2665 3962 nequaquam
2690 3906 2752 3946 ea
2776 3892 2844 3946 ab
2868 3890 3095 3946 invicem
3125 3890 3425 3945 idololatra

1846 3998 2097 4051 separare
2132 3996 2337 4051 posset.
2368 3982 2478 4036 lloc
2500 3983 2700 4037 indicio
2730 3982 3013 4036 idololatra
3035 3981 3406 4051 deprehende-

1846 4078 2007 4131 batur
2027 4090 2080 4131 et
2112 4076 2565 4131 intertioiebatur.
2597 4076 2750 4140 Quod
2782 4084 2835 4128 et
2863 4074 3143 4144 sequentia
3177 4073 3407 4128 demono

1844 4182 2019 4228 Straut
2043 4172 2092 4224 in
2123 4186 2187 4225 eo
2220 4170 2360 4240 quod
2397 4170 2508 4221 ait:

1918 4284 2097 4349 (νει-δ.
2132 4284 2209 4351 6.)
2258 4302 2274 4334 t
2313 4281 2688 4348 Jttdicavitque
2721 4280 2938 4335 Samuel
2990 4280 3130 4334 filios
3164 4280 3407 4335 lsraeliu

1846 4376 2145 4443 Maspbat.»
2175 4371 2428 4426 Judicare
2463 4372 2514 4424 in
2558 4372 2660 4425 hoc
2689 4372 2810 4426 loco
2849 4371 3178 4435 idoiolatras,
3216 4386 3411 4427 securi,

1846 4466 1973 4519 dum
2010 4464 2179 4533 legem
2214 4462 2375 4515 morti
2430 4463 2648 4517 tradere
2711 4461 3114 4531 intelligendum
3157 4472 3261 4516 est.
3314 4461 3406 4514 Di-

1850 4564 1983 4610 cunt
2006 4556 2169 4607 etiam
2204 4555 2346 4623 quod
2382 4554 2592 4625 Moyses
2642 4558 2743 4608 boe
2771 4555 2928 4607 modo
2970 4552 3284 4607 idololatras
3312 4554 3405 4621 qui

1847 4648 1950 4702 sibi
1980 4648 2204 4700 vitulum
2254 4646 2515 4711 iecerant,
2571 4644 2875 4711 probaverit
2927 4644 3140 4712 quando
3176 4644 3409 4713 arripuit

1849 4742 2078 4793 vitulum
2110 4750 2165 4793 et
2200 4739 2524 4804 combussit,
2560 4747 2613 4792 et
2641 4737 2929 4791 contritum
2969 4750 3138 4805 usque
3186 4739 3251 4789 ad
3280 4738 3403 4805 pul-

1852 4847 2027 4885 verem
2082 4830 2300 4898 sparsit,
2362 4830 2413 4881 iu
2464 4843 2684 4898 aquam,
2724 4838 2777 4882 ct
2823 4827 2972 4881 dedit
3005 4842 3069 4882 ex
3104 4843 3169 4881 eo
3217 4835 3404 4896 potum

1848 4924 1971 4976 ltliis
2012 4922 2194 4977 Israel.

1918 5037 2067 5105 (Cap.
2102 5035 2191 5088 IX.
2233 5064 2303 5075 -—-
2334 5035 2489 5089 Vers.
2521 5034 2597 5101 7.)
2642 5053 2658 5085 ς
2692 5032 2940 5103 Dixitque
2989 5034 3114 5088 Saul
3163 5034 3227 5086 ad
3282 5049 3405 5101 pue-

1844 5148 1960 5184 rum
1990 5146 2173 5183 suum.
2202 5132 2337 5182 [-Icce
2370 5128 2601 5181 ibimus:
2628 5125 2757 5194 quid
2788 5126 3022 5179 feremus
3042 5124 3108 5177 ad
3140 5124 3357 5177 virum?
3384 5142 3399 5171 ι

1844 5224 1960 5277 Non
1996 5223 2141 5277 enim
2176 5222 2403 5289 putabat
2428 5220 2557 5275 Sanl
2589 5220 2689 5275 sibi
2727 5218 2906 5273 asinas
2945 5232 2972 5269 a
3004 5216 3258 5271 Samuele
3305 5218 3404 5266 alt-

1845 5326 1924 5369 tcr
1982 5314 2237 5376 indicari,
2288 5314 2391 5368 nisi
2428 5315 2600 5381 pretio
2663 5296 3047 5373 divinationis,
3109 5309 3232 5363 ideo
3290 5310 3399 5361 ait:

1846 5424 1863 5457 ι
1894 5406 2033 5471 Quid
2064 5406 2296 5459 feremus
2328 5406 2393 5457 ad
2425 5402 2634 5454 virum?
2664 5420 2681 5449 ι

1914 5517 2091 5584 (Vcrs.
2125 5515 2235 5583 ‘19.).
2271 5532 2288 5566 ι
2316 5514 2533 5569 Festina
2588 5528 2772 5567 nunc:
2823 5512 2983 5567 hodie
3022 5513 3163 5567 enim
3223 5510 3402 5564 veniet

1840 5611 1892 5663 in
1923 5609 2233 5663 civitatem:
2272 5608 2399 5675 quia
2452 5606 2776 5660 sacriﬁcium
2841 5615 2921 5659 cst
2953 5605 3146 5685 populo
3197 5605 3254 5658 iu
3307 5619 3402 5658 ex.

240 5775 262 5797 '
294 5764 423 5820 Tuta
462 5769 575 5825 lucc
602 5766 867 5836 ναῖε-(ηιμ,
912 5781 940 5819 a
978 5764 1149 5820 H‘l‘l'l:
1200 5767 1237 5818 ,ί
1274 5777 1524 5836 tempore,
1556 5784 1729 5838 usque

1822 5770 1969 5836 ferri,
1996 5771 2047 5823 in
2076 5784 2193 5825 meo
2227 5788 2323 5821 uas.
2353 5767 2709 5821 desideratur.
