2102 3663
367 197 432 229 13⁶19

1068 195 1271 229 ΑΡΡΕἫΠΧ.

1926 195 1990 226 1401

363 254 446 281 celso.
465 262 475 279 ι
502 253 673 281 Sacriﬁcium
704 253 730 280 in
763 254 815 281 boc
844 253 905 281 ἰοί-ο
938 252 1081 288 prandium
1110 252 1152 280 in-
1166 254 1190 283 Α
1208 251 1240 279 Et
1257 252 1320 286 quis
1335 250 1422 285 major
1441 249 1488 278 illo
1504 250 1530 278 in
1546 250 1678 285 dignitate
1698 252 1704 266 '
1723 256 1749 278 ct
1766 251 1899 285 sapi--nti;t
1914 251 1990 279 30n-

362 297 503 332 telligitur,
519 298 588 333 quod
600 303 800 333 praeparaverat
812 299 921 327 Samuel
943 298 1043 334 populo
1056 299 1082 325 in
1097 298 1154 327 Ka-

363 344 460 371 lcnvlis.

399 390 488 425 (Vors.
505 391 548 424 19,
567 391 626 427 20.)
646 402 655 418 α
668 392 701 420 Ει
714 393 848 420 dimittam
866 398 890 420 te
909 400 1005 427 mane;
1022 398 1049 421 et
1063 391 1153 420 omnia

366 445 426 472 quae
444 443 509 465 sunt
522 438 548 465 iu
566 439 649 466 corde
667 444 714 466 tuo
727 439 854 466 indicabo
879 439 947 466 tibi:
966 444 992 467 et
1009 439 1042 466 de
1056 437 1153 473 asinis,

362 493 432 519 quas
456 486 597 520 perdidisti
623 486 832 518 nudiustertius,
865 494 898 513 ne
923 486 1060 514 sollicitus
1093 485 1153 515 sis:

363 532 428 563 quia
451 532 567 560 invrntae
592 539 667 560 sttnt.
689 542 698 558 ι
715 532 781 559 Erat
809 534 836 559 in
864 533 947 561 corde
976 532 1052 565 Saul,
1083 532 1156 560 sicut

364 578 469 606 Hebraei
485 579 607 611 tradunt,
627 580 697 614 quod
725 588 771 607 rex
798 580 906 607 futurus
921 583 1007 612 esset,
1032 577 1096 614 quia
1116 579 1155 606 vl-

370 625 448 652 dcrat
463 633 510 659 pcr
522 626 609 653 visum
620 633 650 653 se
666 626 693 652 in
712 626 812 653 Venice
829 625 934 653 arboris
948 624 1046 661 palma
1071 624 1157 653 collo-

365 672 438 698 cati.
450 671 519 714 'Quae
535 672 604 699 visio
620 672 727 708 signum
740 672 828 707 regale
845 672 906 699 fuit.

401 718 477 754 (Cap.
492 718 527 746 Χ.
543 733 579 740 -—
595 719 672 747 Vers.
689 719 731 754 '5.)
755 728 765 745 ί
780 719 902 754 Cumque
922 719 1022 747 abieris
1046 719 1118 752 inde,
1130 726 1157 747 et

367 766 437 792 ultra
453 766 606 797 transieris,
633 770 659 793 et
683 767 793 793 veneris
819 766 853 794 ad
880 773 1010 800 quercum
1035 765 1157 798 Thabor,

371 811 516 839 inrenicnt
529 817 555 839 te
571 812 606 839 ibi
629 816 683 840 tres
694 812 747 839 viri
769 812 947 839 ascendentes
964 813 996 839 ad
1013 811 1157 840 Dominum

369 857 395 883 in
411 857 515 886 Betltcl.
530 866 542 884 ι
558 858 591 885 Hi
603 858 654 885 viri
672 866 754 886 causa
772 859 905 887 oratlonis
922 858 998 887 ibant
1009 859 1036 886 in
1052 858 1158 891 Bethcl,

369 904 413 930 ubi
426 904 511 931 Jacob
528 905 646 939 lapidem
663 909 796 932 erexerat.

1207 298 1273 326 time
1292 297 1363 325 enim
1380 302 1470 332 potest
1483 298 1554 325 inter
1572 299 1719 333 prophetas
1740 301 1856 328 versari,
1873 303 1901 324 et
1915 302 1989 332 pater

1205 350 1314 376 eorum,
1333 343 1358 370 id
1378 349 1421 371 est
1439 344 1582 379 magister,
1601 344 1704 374 vorari,
1717 344 1763 377 qui
1782 350 1834 370 tatu
1853 343 1955 370 dortns
1968 348 1989 369 cl

1205 390 1315 425 sapiens
1332 395 1386 417 est.
1400 390 1482 417 Pater
1497 391 1627 424 magister
1643 394 1754 416 rocatur
1770 399 1776 416 :
1794 390 1864 416 slt'ttt
1880 389 1992 415 Elismus

1206 436 1292 465 Eliam
1321 441 1439 473 patrem,
1470 437 1495 464 id
1521 442 1563 464 est
1592 437 1763 471 magistrum,
1784 443 1862 463 γοα-ιι
1883 444 1889 461 :
1912 435 1992 462 Pater

1206 484 1252 517 mi,
1271 490 1347 518 pater
1363 484 1410 516 mi,
1423 492 1519 510 currus
1529 482 1615 511 Israel
1627 489 1651 510 el
1666 484 1760 517 auriga
1772 485 1828 517 ejus
1857 483 1882 517 (I
1894 482 1912 508 ι·
1930 482 1990 515 Reg.

1206 537 1238 564 tt,
1255 530 1310 559 191.
1330 530 1363 558 Et
1377 530 1403 557 in
1419 531 1490 558 libro
1504 529 1566 562 Job,
1579 529 1656 556 lleliu
1677 530 1789 565 Elipltaz
1823 535 1944 562 patrem,
1968 529 1990 555 id

1205 582 1247 606 est
1257 577 1430 612 magistrum,
1454 582 1546 610 vocat,
1564 577 1706 604 boctnodo
1723 584 1729 602 :
1744 576 1824 603 Pater
1836 576 1886 606 mi,
1902 576 1993 609 probe-

1205 628 1252 653 tur
1266 623 1316 651 Job
1334 631 1414 659 usque
1428 623 1464 650 ad
1478 623 1558 657 ﬁnem
1579 623 1649 657 (Job.
1668 631 1760 655 xntv,
1774 623 1830 658 36).

1244 669 1322 706 (Cap.
1339 669 1373 697 Χ.
1387 684 1421 689 -
1435 667 1514 696 Yers.
1536 669 1595 704 25.)
1620 668 1741 696 Loeutus
1767 675 1806 696 est
1832 674 1924 696 autem
1944 668 1989 695 Sa-

1207 715 1279 744 muel
1291 717 1323 742 ad
1340 715 1470 750 populum
1487 715 1574 748 legem
1594 716 1690 750 regni;
1708 724 1717 739 ›
1734 714 1873 746 llebrzeus,
1893 724 1902 740 ι
1921 713 1991 741 ιιιιΙὶ-

1208 762 1280 790 ciqu
1297 762 1382 796 regni.
1396 759 1431 788 Et
1449 761 1570 796 reposuit
1598 768 1692 788 coram
1718 760 1843 787 Domino.
1868 770 1878 785 ι
1899 760 1992 787 Coram

1210 808 1336 841 Domino,
1352 808 1378 836 id
1402 812 1443 836 est
1458 815 1552 835 coram
1567 815 1629 835 arca
1646 807 1764 839 Domini,
1784 814 1847 841 quae
1877 812 1938 833 erat
1967 807 1991 832 in

1210 855 1345 890 Maspbat.

1248 901 1329 936 (Cap.
1345 900 1404 928 Xll.
1417 916 1450 922 -
1465 900 1545 928 γει-ς.
1560 900 1615 934 ll.)
1634 910 1643 926 ι
1663 900 1696 927 Et
1713 900 1789 927 misit
1807 899 1941 927 Dominus
1955 897 1995 925 Je-

407 950 496 984 (Vers.
512 952 551 984 5.)
571 961 580 976 ι
598 951 661 978 Post
685 950 743 978 haec
769 951 863 979 venies
890 952 922 978 ad
951 952 1048 980 collem
1073 953 1153 980 Dei.)

1209 947 1304 973 rultaal
1322 951 1347 973 et
1364 946 1507 978 Bedan,'et
1532 945 1642 980 Jepltta,
1670 949 1696 972 et
1720 944 1844 975 Samuel,
1874 948 1900 969 et
1929 943 1997 968 eruit

372 998 456 1025 Collis
485 998 531 1024 Dei
554 998 629 1025 locus
648 1002 718 1030 erat,
746 996 791 1024 tibi
815 998 952 1032 propbet:e
974 999 1156 1028 habitabant:

376 1054 385 1069 ι
409 1045 440 1071 Et
456 1044 556 1071 insiliet
572 1044 599 1070 in
613 1049 637 1071 te
654 1043 774 1079 Spiritus
797 1044 914 1074 Domini,
930 1049 957 1072 et
984 1046 1159 1080 propltctabis

375 1097 438 1116 cum
455 1090 504 1117 eis.
521 1099 530 1116 ι
544 1090 727 1124 l’ropbetasse
753 1098 814 1117 eum
842 1090 876 1117 ibi
892 1090 978 1118 .ludrci
1009 1091 1104 1119 dicunt
1126 1092 1160 1119 de

373 1136 465 1163 futuro
482 1136 591 1167 saeculo,
608 1135 641 1162 de
655 1135 713 1170 (ἶοε
728 1141 755 1163 et
769 1136 873 1172 Magos,
889 1137 959 1165 etde
986 1138 1160 1173 prmmiisju-

374 1186 479 1209 storum
495 1185 522 1208 et
539 1189 617 1215 ptem:
630 1181 787 1216 impiorntn.

411 1227 501 1256 (Vers.
520 1227 560 1261 '7.)
589 1236 598 1253 ‹
625 1227 741 1260 Quando
770 1235 835 1262 ergo
852 1229 977 1256 venerint
1003 1229 1080 1264 signa
1103 1229 1161 1258 haec

375 1273 466 1298 omnia
489 1272 607 1304 tibi,'fac
622 1280 793 1307 quaecunque
819 1274 954 1301 invenerit
983 1282 1080 1302 manus
1104 1279 1160 1307 tua,

375 1317 440 1350 quia
458 1317 529 1344 Deus
547 1322 634 1344 tecum
652 1321 704 1345 est.
720 1327 729 1343 ι
746 1318 784 1345 Ac
814 1319 835 1345 si
865 1318 982 1346 diceret:
1011 1320 1052 1347 his
1071 1320 1157 1354 signis

377 1370 456 1389 nosse
476 1362 591 1396 poteris,
605 1362 667 1396 quia
688 1362 770 1389 Deum
783 1368 807 1390 te
821 1372 908 1398 regem
934 1364 990 1392 fore
1017 1365 1111 1392 voluit.
1129 1365 1162 1393 Et

377 1408 480 1434 iit'il’CO
491 1408 523 1434 ad
540 1408 631 1435 omnia
650 1416 710 1443 qua:
741 1409 789 1435 tibi
819 1411 922 1444 ngumla
941 1415 1005 1437 sunt
1037 1411 1163 1446 regaliter

377 1461 437 1488 age,
450 1454 511 1488 quia
530 1452 600 1480 Deus
621 1459 708 1481 tecum
721 1461 772 1481 est.

414 1499 502 1532 (νει-ε.
515 1500 553 1532 8.)
573 1509 582 1525 ι
597 1499 629 1527 Ει
644 1500 793 1528 descendcs
810 1506 872 1529 ante
903 1510 945 1529 me
974 1502 1000 1530 in
1027 1502 1138 1538 Galgala
1155 1512 1163 1531 :

380 1552 430 1579 ego
447 1545 546 1579 quippe
564 1545 728 1572 descendam
742 1547 773 1572 ad
789 1552 813 1573 te
827 1552 855 1573 ut
869 1547 969 1575 oderas
983 1549 1162 1581 oblationem,

379 1597 405 1617 et
418 1591 542 1618 innnoles
559 1592 683 1619 victimas
704 1593 843 1627 paciﬁcas.
859 1593 967 1628 Septem
995 1595 1094 1622 diebus
1108 1602 1158 1623 ex-
1178 1607 1199 1637 ο

380 1637 518 1671 spectabis
531 1638 617 1665 donec
632 1640 740 1666 veniam
773 1641 805 1666 ad
825 1645 861 1673 te,
886 1647 912 1668 et
943 1641 1086 1668 ostendam
1115 1642 1164 1670 tibi

380 1692 441 1716 qum
457 1684 553 1712 facias.
572 1684 684 1712 Videtur
694 1686 858 1720 quibusdam
877 1687 1082 1722 inculpabiliter
1097 1688 1163 1717 Saul

382 1731 514 1757 obtulisse
530 1731 736 1764 holocaustum,
754 1741 821 1759 cum
851 1732 960 1761 Snmttcl
990 1738 1166 1769 exspectatus

383 1778 417 1804 ab
436 1786 477 1809 eo,
492 1778 569 1811 juxta
589 1778 720 1811 placitum
738 1784 843 1814 septem
860 1780 965 1806 dierum
977 1788 1030 1807 non
1049 1780 1165 1810 venerit.

384 1824 462 1856 Quod
483 1825 505 1851 si
519 1824 582 1859 quis
600 1826 675 1852 ltttnc
691 1827 782 1853 locum
800 1826 868 1853 bene
898 1827 1065 1860 distinxerit,
1085 1828 1167 1855 inve-

384 1870 445 1895 niet
459 1877 521 1896 eum
544 1878 596 1896 non
618 1869 755 1897 immerito
768 1871 906 1907 culpatum
924 1871 1009 1898 fuisse
1028 1877 1053 1899 et
1072 1872 1168 1900 inolte-

386 1915 503 1942 dienlem
522 1915 710 1950 redargntnm.
731 1917 818 1944 Locus
834 1921 925 1944 autem
955 1918 1001 1944 hic
1017 1919 1088 1952 apud
1118 1917 1169 1946 lle<

386 1960 475 1987 brteos
485 1961 522 1987 ita
539 1961 739 1995 distinguitur:
760 1971 769 1987 ‹
790 1963 822 1988 Ει
835 1962 984 1990 descendes
1001 1969 1064 1990 ante
1086 1965 1168 1991 mein

387 2007 497 2040 Galgala
511 2014 519 2035 :
539 2014 588 2042 ego
603 2008 703 2042 quippe
716 2007 880 2036 desuendam
897 2009 930 2036 ad
944 2015 980 2036 te.
1003 2020 1011 2035 ι
1033 2010 1065 2036 Et
1076 2015 1170 2042 postea

388 2050 505 2078 infertur
522 2060 529 2078 :
549 2061 557 2076 ι
578 2052 617 2078 Ad
635 2052 786 2080 oﬂerendas
801 2053 955 2081 oblationes
980 2059 1006 2080 et
1026 2055 1170 2082 immolan-

389 2095 440 2122 das
450 2096 575 2123 victimas
592 2097 732 2130 paciﬁcas,
744 2102 847 2131 septem
864 2098 961 2125 diebus
987 2099 1170 2133 exspectabis,

387 2141 477 2168 donec
498 2143 603 2169 veniam
617 2143 650 2169 ad
668 2147 704 2175 te,
721 2148 749 2170 et
762 2146 905 2171 ostendam
918 2145 968 2172 tibi
986 2154 1046 2180 quae
1058 2147 1168 2174 iacias.»

388 2186 450 2214 Non
476 2187 550 2214 enim
571 2188 696 2221 Samuel.
723 2197 803 2217 suum
835 2192 987 2223 prastolari
1024 2193 1170 2220 adventum

389 2232 468 2259 Sauli
495 2237 599 2267 septem
620 2233 726 2259 dierum
751 2239 873 2269 tempore
899 2237 1038 2271 pra-cepit.
1066 2239 1112 2265 scd
1138 2239 1171 2266 ad

388 2278 543 2306 oﬂerendas
578 2279 757 2312 oblationes,
785 2284 810 2307 et
840 2282 1021 2311 immolandas
1048 2272 1210 2312 victimasb

388 2324 530 2359 paciﬁcas.
553 2332 582 2352 se
614 2325 648 2352 ab
677 2333 710 2352 eo
741 2326 843 2353 eisdem
876 2332 977 2361 septum
1006 2329 1102 2356 diebus
1128 2337 1173 2356 vo-

388 2370 439 2397 luit
473 2371 638 2404 exspectari.
671 2370 749 2404 Quod
782 2371 826 2398 ille
851 2380 1023 2408 nequaquam
1048 2374 1121 2406 fecit,
1147 2380 1174 2402 et

389 2416 452 2443 ideo
479 2416 580 2443 merito
595 2416 734 2451 culpatur,
754 2421 782 2444 et
811 2418 936 2445 stultitiae
966 2419 1054 2454 elogio
1089 2420 1173 2447 deno-

390 2467 475 2490 tatur.

427 2509 520 2545 (νει-ε.
544 2509 601 2545 ΙΞ.)
632 2518 641 2535 ι
669 2509 876 2545 Responditque
899 2511 967 2538 alter
991 2512 1023 2539 ad
1048 2513 1174 2546 allentm,

391 2556 486 2584 dicens
505 2562 512 2580 τ
528 2555 566 2582 Et
577 2555 640 2591 quis
657 2561 732 2590 pater
760 2564 855 2583 eorum
870 2557 881 2583 ’ἶ
899 2566 908 2583 ν
924 2558 963 2584 Ac
995 2559 1016 2585 si
1046 2558 1150 2586 diceret
1167 2568 1174 2586 :

430 2634 438 2649 ¹
465 2633 656 2666 Ρηεροςιθτυε
687 2633 755 2661 ordo
783 2634 963 2668 capitulorum
997 2640 1086 2662 exstat
1126 2636 1178 2664 hoc

392 2670 464 2700 loco,
480 2676 541 2695 nam
556 2669 639 2695 verba
657 2668 752 2695 isthazc
763 2669 841 2696 initio
856 2670 967 2703 capituli
990 2671 1086 2697 decimi
1104 2672 1176 2698 tertii

394 2705 533 2738 leguntur,
548 2711 612 2730 cum
629 2709 719 2730 tamen
730 2704 781 2730 alia
794 2711 994 2739 consequenter
1007 2706 1095 2740 posita
1111 2707 1178 2739 sint,

412 2778 434 2833 ι·
451 2772 480 2799 in
497 2780 557 2800 meo
576 2780 642 2805 ms.,
655 2772 720 2805 Quis
738 2773 826 2808 major
843 2773 950 2800 illorum
980 2775 1007 2801 in
1035 2774 1178 2810 dignitate,

423 2815 446 2833 c.

393 2814 446 2835 etC.

431 2844 443 2861 h
461 2843 558 2879 Videas
571 2845 630 2869 itztt‘
648 2849 735 2870 tamen
752 2852 815 2876 suo,
830 2852 882 2870 non
898 2846 1176 2879 ptaposteroordinc,

398 2884 479 2912 pcm-s
495 2878 637 2905 Rabanutn
654 2880 772 2906 recitari.

435 2917 445 2931 ⁶
463 2912 530 2940 Cum
547 2913 662 2949 Volgato
690 2914 838 2950 interprete
857 2923 933 2942 meus
950 2923 1013 2951 ms.,
1048 2916 1179 2944 Vidissent

1213 1001 1260 1021 ros
1284 994 1318 1021 de
1333 1002 1414 1020 manu
1432 994 1608 1020 inimicorum
1638 997 1791 1019 vestrorum
1825 998 1874 1025 per
1896 988 1993 1016 circui-

1210 1045 1278 1068 ttnn.
1298 1049 1305 1066 )
1327 1039 1453 1066 Jcrubaal
1481 1039 1538 1074 ipse
1561 1043 1602 1066 est
1632 1038 1740 1065 Gedeon
1759 1047 1767 1064 :
1784 1041 1810 1064 et
1835 1037 1926 1064 Bedan
1944 1037 1995 1070 ipse

1211 1091 1253 1114 est
1269 1085 1395 1113 SatttSun.

1248 1131 1338 1167 (Vers.
1359 1132 1416 1166 Η.)
1437 1140 1447 1157 ι
1466 1130 1494 1157 Si
1511 1129 1658 1157 timueritis
1675 1129 1833 1162 Dominum,
1859 1134 1883 1155 et
1898 1129 1996 1155 servie-

1214 1178 1274 1206 ritis
1288 1179 1326 1209 ei.
1341 1182 1368 1205 et
1381 1177 1523 1204 audieritis
1537 1184 1631 1204 vocem
1649 1176 1719 1210 eius,
1741 1182 1767 1201 rt
1781 1183 1835 1202 non
1853 1182 1996 1208 «ιλιιςρρη-

1214 1224 1309 1252 veritis
1322 1232 1354 1252 os
1373 1224 1489 1251 Domini.
1511 1233 1520 1249 ›
1538 1222 1575 1250 Os
1584 1223 1703 1253 Domini,
1718 1222 1784 1249 dicit
1803 1229 1835 1249 os
1853 1221 1998 1256 propheta-

1213 1278 1287 1301 rum,
1306 1271 1350 1305 qui
1363 1278 1395 1296 cx
1409 1277 1457 1296 ore
1476 1269 1582 1296 Domini
1606 1268 1801 1302 loquebantur.

1250 1318 1327 1351 (Cap.
1345 1316 1414 1343 XIII.
1433 1331 1465 1336 -—
1483 1315 1560 1342 V'ers.
1578 1315 1613 1347 i.)
1633 1316 1640 1330 ¹
1658 1314 1670 1333 ιτ
1691 1323 1700 1340 ι
1721 1314 1805 1341 Filius
1829 1315 1912 1341 unius
1940 1313 1999 1339 anni

1213 1367 1272 1391 erat
1287 1363 1350 1390 Saul
1382 1369 1446 1389 cum
1471 1368 1586 1396 regnare
1613 1361 1750 1395 rmpisset.
1769 1360 1884 1388 Duobus
1914 1366 1999 1387 autem

1215 1410 1296 1437 anuis
1321 1409 1444 1444 regnavit
1469 1415 1553 1442 super
1581 1406 1674 1434 Israel.
1695 1417 1703 1433 I
1736 1407 1796 1434 Non
1825 1407 1860 1434 de
1880 1407 1999 1434 lsbosrth

1216 1456 1270 1483 tilio
1290 1455 1369 1487 Saul,
1387 1455 1433 1483 sed
1446 1454 1479 1482 de
1492 1454 1589 1482 eodem
1605 1453 1686 1481 Snule
1704 1454 1807 1480 dictum
1824 1459 1863 1480 est
1885 1455 1946 1479 hoc.
1960 1453 2000 1479 Sic

1217 1502 1292 1529 enim
1308 1507 1368 1529 erat
1390 1502 1536 1530 innocens.
1553 1499 1663 1535 quando
1682 1507 1796 1534 regnare
1815 1500 1913 1531 cmp‘t,
1935 1501 2001 1526 sicut

1218 1548 1290 1576 lilius
1303 1552 1344 1575 est
1354 1548 1436 1574 unius
1451 1549 1562 1579 anui,et
1579 1548 1605 1573 in
1621 1546 1714 1573 eadem
1729 1546 1886 1572 innocentia
1901 1546 2001 1572 duobus

1217 1602 1349 1630 regnasse
1359 1595 1440 1621 annis
1456 1594 1571 1621 dicitur.

1253 1639 1343 1673 (Vera.
1360 1640 1387 1673 5,
1399 1641 1440 1675 4.)
1457 1650 1466 1666 ι
1482 1640 1560 1672 Quod
1585 1646 1647 1667 cum
1678 1640 1822 1666 audissent
1844 1638 2001 1668 Pbilistiim,

1217 1686 1280 1715 Saul
1294 1687 1394 1714 cecinit
1408 1686 1522 1714 buccina
1536 1686 1563 1713 in
1576 1686 1649 1713 omni
1664 1689 1747 1718 terra,
1760 1686 1854 1712 dicens
1869 1695 1875 1712 ;
1890 1685 2004 1711 Audiant

1219 1733 1336 1762 Hebraei.
1355 1734 1387 1761 Et
1406 1734 1553 1760 universus
1567 1732 1651 1759 Israel
1681 1732 1785 1759 audirit
1813 1731 2002 1765 llthlSCClll-“til

1220 1779 1319 1807 famam
1333 1787 1340 1805 :
1360 1780 1496 1814 percussit
1509 1778 1574 1806 Sattl
1589 1778 1733 1805 stationem
1748 1777 1972 1805 Pliilistinorutn.
1993 1785 2001 1802 ν

1220 1824 1267 1853 Sic
1284 1825 1358 1851 enim
1378 1823 1582 1859 intelligendum
1598 1827 1650 1855 est,
1667 1824 1739 1858 quod
1773 1832 1833 1850 cum
1862 1824 2005 1850 audissent

1219 1870 1376 1903 Pltilistiim,
1388 1870 1561 1900 subauditur.
1581 1870 1734 1897 couturbati
1752 1876 1828 1897 sunt.
1843 1869 1914 1897 Saul
1940 1871 2003 1896 ceci-

1222 1918 1261 1945 m't
1278 1919 1400 1944 buccina.
1418 1916 1478 1944 llaec
1493 1916 1607 1943 buccina
1635 1916 1743 1950 signum
1766 1917 1892 1943 victoriae
1917 1921 1943 1942 ct
1960 1923 2003 1941 rx-

1222 1964 1386 1991 ltortationis
1415 1963 1475 1995 iuit,
1496 1968 1525 1990 ut
1551 1963 1676 1990 audirent
1701 1967 1728 1989 et
1751 1969 1867 1989 nossent
1897 1962 2004 1988 llebtzei.

1221 2011 1403 2038 eoutttrbatos
1415 2015 1441 2036 et
1453 2017 1596 2042 superatos
1611 2017 1669 2036 esse
1681 2008 1846 2035 Pbitistmos.
1861 2009 2004 2042 Propterea

1223 2057 1346 2090 sequitur
1365 2063 1372 2082 :
1389 2065 1398 2082 ι
1412 2055 1443 2083 Et
1462 2057 1607 2083 universus
1624 2055 1707 2082 Israel
1725 2055 1835 2082 audivit
1854 2054 2005 2089 huiusmodi

1223 2104 1323 2131 famam
1344 2113 1350 2131 :
1367 2104 1502 2131 Percussit
1517 2103 1579 2131 Saul
1595 2103 1740 2130 stationem
1757 2103 1980 2129 Ρῑιὶιῖμιῑιιοτηηι.
1997 2112 2004 2126 ι

1224 2150 1275 2177 llic
1294 2150 1377 2176 rebus
1391 2149 1549 2183 compertis,
1561 2150 1734 2176 confortatus
1744 2155 1783 2176 est
1800 2148 1885 2175 Israel
1904 2153 2007 2182 pr-lptt-r

1224 2196 1286 2223 1ιο‹’,.
1299 2196 1330 2222 Et
1346 2197 1471 2231 sequitur
1489 2204 1495 2222 :
1516 2205 1524 2221 ι
1545 2196 1575 2222 Et
1591 2197 1677 2222 erexit
1704 2203 1732 2222 se
1763 2196 1847 2221 Isran-l
1876 2198 2003 2221 adversus

1225 2242 1389 2274 Pbilislnzos,
1411 2251 1420 2268 ι
1443 2241 1468 2268 id
1488 2245 1529 2268 est
1562 2241 1679 2267 viriliter
1701 2246 1782 2275 coepit
1815 2248 1900 2275 agere
1921 2245 2006 2267 contra

1226 2287 1386 2315 l’ltilisttcos.

1262 2333 1353 2366 (Vcrs.
1365 2334 1404 2367 6.)
1422 2343 1429 2359 t
1445 2333 1522 2366 Quod
1533 2340 1595 2359 cum
1616 2331 1746 2358 vidissent
1779 2331 1827 2357 lilii
1856 2332 1939 2358 Israel
1956 2337 1966 2351 ε
1983 2338 2008 2358 se

1226 2379 1252 2405 in
1266 2384 1340 2405 arcto
1358 2380 1461 2413 po~itos
1479 2387 1485 2404 :
1503 2378 1618 2405 aﬂlictus
1630 2378 1700 2404 cnim
1717 2383 1773 2404 crat
1792 2379 1934 2412 populus:
1953 2379 2007 2404 ab»-

1226 2425 1375 2452 Cotnlcrant
1399 2432 1429 2451 se
1442 2425 1469 2450 in
1487 2424 1626 2458 speluncis
1640 2430 1663 2450 et
1696 2424 1722 2450 in
1740 2425 1857 2454 abditis.
1889 2426 1915 2451 in
1933 2425 2008 2456 ptt-is

1226 2478 1336 2505 quoque
1349 2475 1376 2497 ct
1396 2471 1421 2496 in
1439 2471 1535 2500 antris,
1548 2474 1574 2496 et
1590 2471 1616 2496 in
1632 2471 1768 2497 cisternis.
1790 2469 1900 2498 Hebrtei
1925 2478 1975 2498 anu
1987 2480 2007 2497 m

1227 2516 1398 2543 transierunt
1410 2515 1556 2543 Iordanem
1572 2517 1598 2542 in
1614 2521 1713 2542 tortam
1728 2515 1784 2542 Gud
1809 2522 1838 2542 et
1855 2517 1979 2544 Galaatb.
1998 2525 2005 2539 ι

1227 2561 1254 2589 St
1272 2570 1301 2589 sc
1314 2562 1458 2589 abscondit
1471 2561 1483 2581 ι¹
1502 2562 1586 2589 Israel
1610 2562 1636 2588 in
1654 2562 1772 2596 pralulis
1791 2563 1874 2595 locis,
1889 2563 1953 2597 quid
1974 2566 2008 2588 est

1228 2649 1286 2676 qun-
1304 2640 1336 2666 ad
1353 2645 1436 2673 caput
1451 2640 1587 2667 decimum
1604 2643 1630 2667 et
1645 2639 1845 2668 duodecimum
1876 2642 2006 2676 pertinere

1230 2681 1390 2704 noscuntur.

1228 2778 1278 2804 uiri
1298 2777 1391 2804 Israel.

1261 2812 1272 2832 ί)
1286 2814 1362 2846 Apud
1381 2812 1532 2841 Ῐὶςι1ιειηειιιι.
1550 2812 1667 2845 Qturstio
1691 2821 1740 2838 non
1755 2814 1869 2847 indigna
1887 2814 2005 2840 oboritur.

1229 2848 1252 2873 si
1269 2856 1295 2874 se
1326 2849 1394 2873 cnim
1423 2848 1570 2877 abscondit.
1598 2853 1661 2878 clm,
1680 2855 1710 2873 ac.
1737 2848 1852 2880 d‘tndc,
1875 2849 1949 2882 Quod
1975 2850 2006 2872 ita

1231 2883 1352 2912 tulrilut'.
1371 2882 1510 2909 Abscomis
1527 2883 1692 2909 autbuadazu.
1709 2889 1761 2909 etc.
