4198 6350
136 362 271 427 lim

128 479 283 533 ciuod
321 482 392 533 ait

136 576 457 630 Absconsis
478 579 627 630 enim
661 573 1275 646 quibusdamlsraclitis
1329 577 1420 644 qui
1474 578 1601 632 Saul
1658 586 1713 633 et

135 666 413 733 populum
464 668 558 733 qui
617 683 739 721 cum
772 683 836 721 eo
866 675 1007 731 crat,
1047 667 1381 736 reliquerant
1415 684 1427 720 :
1463 669 1711 737 quaedam

135 772 272 824 pars
326 775 523 812 eorum
594 761 686 826 qui
760 761 846 813 hic
909 759 1114 813 Ilcbrmi
1179 770 1445 815 vocantur
1516 764 1713 818 timore

137 851 456 917 perterriti,
526 852 841 907 defecerunt
879 868 908 906 a
947 853 1076 907 Saul
1109 862 1162 907 et
1214 870 1244 907 a
1289 853 1421 908 viris
1462 858 1553 923 qui
1589 874 1711 912 cum

134 961 203 993 eo
254 954 437 1008 erant,
522 956 578 999 et
654 948 1050 1001 descenderunt
1122 948 1175 1001 in
1253 956 1431 1001 castra
1519 949 1718 1005 Philis-

138 1036 289 1089 tiim.
336 1036 513 1101 Quem
565 1039 742 1092 locum
817 1039 880 1092 ad
926 1038 1341 1106 intelligendum
1404 1040 1608 1094 clarius
1661 1049 1715 1095 et

140 1130 502 1186 manifestius
535 1133 820 1201 sequentia
853 1132 1257 1197 demonstrant,
1293 1132 1347 1186 in
1381 1146 1447 1187 eo
1478 1133 1597 1189 loco
1622 1134 1713 1188 ubi

140 1232 221 1276 att
255 1236 269 1273 :

222 1318 383 1387 (Cap.
420 1317 565 1374 XIV.
600 1349 670 1361 -—
701 1319 853 1375 Vers.
881 1321 973 1381 21.
1030 1323 1148 1391 22η)
1194 1341 1214 1373 ι
1256 1321 1361 1377 Sed
1402 1331 1454 1377 et
1506 1322 1716 1377 Hebrati

140 1409 244 1473 qui
285 1409 504 1463 fuerant
536 1427 656 1466 cum
716 1413 1010 1467 Phllistiim
1042 1416 1109 1468 ab
1141 1415 1253 1468 heri
1290 1425 1345 1468 et
1401 1416 1719 1469 nudiuster-

145 1509 290 1565 tius,
323 1504 798 1574 asceiideruntque
849 1522 971 1560 cum
1001 1509 1080 1563 eis
1134 1509 1187 1561 in
1243 1511 1457 1572 castris,
1516 1508 1719 1563 reversi

140 1603 280 1644 sunt
314 1605 369 1645 ut
401 1607 583 1649 essent
612 1611 734 1650 cum
768 1597 954 1663 Israel,
983 1601 1075 1667 qui
1104 1610 1269 1655 erant
1318 1616 1440 1653 eum
1494 1599 1626 1655 Saul
1669 1609 1722 1653 et

145 1681 458 1738 Jonatbau.
484 1682 686 1741 Omnes
724 1704 943 1756 quoque
980 1689 1091 1761 [AL
1124 1690 1277 1761 ergo]
1316 1692 1598 1754 Israelilze,
1627 1691 1717 1759 qui

143 1792 210 1826 se
272 1776 687 1831 absconderant
735 1780 786 1831 in
848 1791 1030 1836 monte
1092 1781 1370 1850 Ephraim,
1431 1783 1718 1836 audientes

1066 370 1356 442 QU.‘EST.
1400 371 1757 435 IIEBRAIC.
1788 378 1866 435 IN
1912 380 2059 443 LIB.
2108 382 2134 440 Ι
2172 380 2469 444 REGU‘d.

449 501 463 537 :
521 484 734 539 Πρίνιτὲ
785 492 956 536 autent
1014 485 1340 537 transierunt
1397 484 1709 540 Iordanem.
1744 491 1787 546 Λ

3254 382 3386 443 HO?

1888 491 2078 558 (Vers.
2143 494 2257 563 38.)
2305 513 2322 545 ι
2394 494 2645 561 Dixitque
2697 493 2824 548 Saul
2877 513 2889 549 :
2951 494 3229 563 Applicate
3285 494 3387 546 huc

1823 584 2112 639 universos
2148 588 2379 656 angulos
2409 589 2615 655 pepuli.
2653 606 2669 637 ι
2702 590 2937 655 Angulus
2998 586 3200 655 pupilli,
3236 586 3384 651 priu-

1818 677 1970 745 cipes
2028 682 2209 748 populi
2248 690 2425 747 vocat,
2468 681 2672 749 quibus
2708 680 2847 733 idem
2907 680 3143 750 populus
3200 679 3385 731 adluc-

1818 770 1993 823 rebat.

1891 863 2043 930 (Cap.
2075 860 2266 916 XV.—
2294 860 2443 917 Vers.
2477 863 2555 931 3.)
2593 860 2743 915 Nunc
2762 876 2890 929 ergo
2914 862 3046 914 vade
3076 870 3129 913 et
3161 870 3382 928 percute

1817 952 2062 1013 Amalec,
2090 963 2141 1006 et
2168 952 2430 1006 demolire
2466 957 2714 1008 universa
2751 953 2891 1020 ejus.
2925 952 3038 1005 Non
3076 966 3266 1021 pareas
3297 949 3371 1013 ei,

1820 1046 1915 1100 sed
1960 1046 2203 1099 interfice
2235 1062 2262 1099 a
2291 1046 2410 1097 viro
2440 1061 2609 1111 usque
2646 1044 2709 1097 ad
2742 1044 3043 1105 mulierem,
3081 1052 3135 1096 et
3178 1055 3378 1110 parvu-

1820 1137 1930 1192 lum
1965 1148 2127 1206 atque
2170 1138 2481 1202 lactentem,
2520 1138 2707 1190 bovem
2741 1149 2792 1190 et
2816 1152 2993 1196 ovem,
3022 1145 3073 1187 et
3106 1133 3375 1187 camelum

1820 1240 1872 1284 et
1898 1232 2137 1294 asinum,
2182 1241 2346 1298 atque
2377 1231 2643 1300 jumenta.
2678 1246 2694 1279 ι
2749 1229 2873 1283 Ideo
2904 1238 3081 1282 autem
3120 1227 3381 1280 Dominus

1817 1326 2061 1390 jumenta
2086 1322 2306 1377 Amalec
2338 1323 2776 1391 demolirijubet,
2811 1330 2869 1374 ut
2904 1338 3001 1375 uce
3025 1322 3078 1373 in
3115 1318 3382 1389 jumeutis

1822 1418 1942 1484 ejus
1978 1416 2239 1470 memoria
2298 1415 2470 1467 fieret.
2536 1413 2797 1467 Dominus
2855 1411 3000 1464 eiiim
3056 1411 3264 1466 dixerat
3325 1424 3384 1463 se

1823 1507 2124 1560 deletorum
2160 1505 2478 1558 memoriam
2511 1505 2730 1558 Amalec
2757 1504 2822 1556 de
2843 1503 2946 1557 sub
2978 1504 3137 1556 cosio.
3171 1503 3382 1557 Idcirco

1828 1599 2139 1668 praacipitur
2167 1597 2339 1661 Sauli,
2364 1607 2421 1649 ιιι
2460 1611 2584 1648 cum
2623 1597 2838 1662 penitus
2864 1597 2930 1647 ab
2964 1595 3182 1647 homine
3210 1612 3380 1661 usque

1829 1689 1894 1743 ad
1935 1690 2172 1753 iumenta
2212 1689 2433 1741 deleret.
2470 1686 2575 1738 Sed
2636 1686 2760 1753 quia
2824 1687 2942 1750 ejus
3007 1687 3289 1748 memoria,
3332 1687 3380 1737 id

1825 1791 1908 1835 est
1934 1782 2174 1845 Amalec,
2210 1781 2427 1848 penitus
2460 1780 2635 1832 deleta
2673 1795 2777 1830 non
2817 1776 2939 1842 fuit,
2975 1777 3153 1830 Saulis
3194 1793 3386 1846 pecea-

144 1872 298 1933 qnod
330 1870 594 1939 fugissent
625 1870 949 1941 Philistiim,
986 1878 1338 1930 sociaverunt
1360 1892 1420 1931 se
1451 1892 1572 1931 cum
1600 1877 1714 1931 suis
1756 1858 1793 1910 Β
1833 1881 1944 1924 ιιιιιι
1977 1870 2410 1924 etinobedieutia
2446 1870 2498 1920 in
2529 1884 2691 1921 causa
2718 1867 2942 1919 exstitit.
2977 1866 3048 1919 De
3080 1882 3185 1933 quo
3218 1869 3384 1919 Ama-

147 1963 203 2012 in
238 1962 452 2029 pra-lio.

224 2051 543 2125 (Vers.3‘2.)
577 2057 638 2110 Et
665 2074 855 2114 versus
902 2060 966 2112 ad
999 2058 1233 2127 pra-dam
1271 2098 1286 2124 ,
1342 2060 1463 2113 tulit
1489 2074 1616 2113 oves
1669 2067 1723 2113 et

144 2144 345 2206 bives,
383 2156 435 2199 et
459 2147 680 2206 vitulos.
724 2160 774 2203 et
811 2160 1183 2204 mactaverunt
1233 2153 1284 2205 in
1327 2160 1489 2215 terra,
1544 2168 1721 2205 come-

144 2238 348 2306 ditque
379 2241 610 2308 populus
638 2256 761 2294 cum
797 2244 1078 2311 sanguine.
1112 2264 1129 2296 ι
1155 2243 1270 2297 Non
1306 2244 1436 2297 fecit
1463 2245 1718 2313 pupulum

144 2331 371 2383 initum
403 2332 800 2399 juramentum,
832 2349 937 2403 quo
1000 2350 1096 2390 eos
1154 2335 1283 2388 Saul
1350 2335 1718 2404 adjuraverat,

141 2426 346 2480 dicens
380 2440 394 2480 2

220 2516 407 2586 (Vers.
459 2520 571 2583 $25.)
629 2537 647 2569 ι
714 2518 1040 2574 Maledietus
1098 2522 1200 2584 vir,
1271 2523 1362 2591 qui
1424 2524 1723 2576 comederit

142 2625 349 2674 panem
385 2627 557 2680 usque
587 2610 651 2665 ad
682 2628 988 2680 vesperam,
1022 2613 1192 2666 donec
1226 2617 1455 2668 ulciscar
1507 2631 1591 2669 me
1655 2616 1723 2668 de

143 2700 399 2755 inimicis
433 2705 568 2755 meis
603 2721 616 2767 ;
658 2721 675 2753 ι
706 2704 833 2772 quia
867 2705 1088 2759 victoria
1116 2706 1225 2774 jam
1290 2706 1439 2774 potiti
1515 2716 1670 2758 erant
1704 2722 1719 2757 :

143 2792 241 2843 Sed
277 2807 533 2858 peccasse
571 2792 799 2849 Domino
832 2806 1027 2850 etcum
1074 2800 1346 2866 sanguine
1413 2796 1719 2850 comedisse

144 2892 413 2945 dicuntur
443 2909 457 2944 :
486 2894 610 2957 quia
637 2902 822 2946 contra
865 2890 996 2957 legis
1053 2895 1385 2955 praeceptum
1427 2898 1717 2951 antequam

145 2985 487 3039 Sﬂf‘l‘iﬁt‘illm
521 2984 890 3054 vespertinum
932 2992 1305 3051 perageretur.
1331 2979 1717 3033 comederunt.

146 3078 242 3130 Sic
287 3076 474 3143 itaque
510 3091 640 3128 usus
668 3085 808 3133 erat,
867 3081 925 3126 ut
970 3071 1187 3140 quando
1250 3068 1603 3122 homicidium
1656 3068 1723 3119 ab

146 3172 255 3229 eis,
292 3178 387 3221 aut
418 3170 470 3220 iu
499 3170 636 3232 suis,
674 3176 764 3219 aut
795 3164 848 3219 in
878 3164 1078 3218 exteris
1110 3162 1291 3223 ﬁebat,
1318 3170 1376 3214 ut
1400 3175 1505 3213 non
1537 3175 1719 3214 come-
1748 3200 1789 3254 c

145 3262 348 3313 dercnt
396 3268 683 3325 antequam
730 3256 1060 3311 sacrificium
1091 3253 1459 3323 vespertinum
1492 3267 1590 3320 pro
1639 3253 1716 3304 eis

149 3354 327 3406 fieret.
360 3351 527 3403 Aliter
563 3364 815 3418 peccasse
874 3346 1101 3402 Domino
1134 3357 1187 3399 et
1243 3344 1547 3397 comedisse
1592 3359 1715 3396 cum

148 3443 426 3511 sanguine
455 3442 643 3494 dicunt
670 3459 681 3493 :
705 3439 853 3507 quia,
878 3438 1126 3490 mactatis
1156 3435 1533 3495 victimis,non
1559 3432 1720 3484 t-htu-

150 3540 342 3588 lcrunt
376 3534 440 3586 ad
497 3532 873 3585 sanctuariutn
937 3528 1315 3581 sacerdotibus
1372 3526 1527 3593 juxta
1587 3523 1721 3591 legis

149 3634 489 3693 prmceptum
516 3622 737 3688 adipem
779 3628 833 3673 et
876 3619 1223 3687 sanguinem,
1277 3631 1401 3668 cum
1468 3615 1719 3667 videlicet

150 3715 539 3769 sanctuarium
566 3726 750 3766 secum
790 3710 1071 3763 haberent.
1106 3708 1336 3773 Quando
1384 3706 1534 3760 locus
1593 3721 1720 3759 san-

150 3805 351 3859 etoarii
388 3801 580 3869 procul
613 3810 748 3862 erat,
781 3801 999 3868 jubetur
1024 3796 1132 3867 [ΑΙ.
1161 3795 1475 3866 jubebatur]
1495 3795 1718 3863 sanguis

153 3896 505 3948 victimarum
534 3894 585 3944 in
613 3903 809 3944 terram
845 3890 1018 3955 fundi,
1052 3891 1222 3945 dehis
1246 3890 1497 3943 videlicet
1556 3888 1718 3942 victi-

150 3988 260 4040 mis
326 4001 465 4054 quas
517 3987 582 4035 ad
637 3999 766 4036 suos
813 3999 941 4037 esus
973 3998 991 4019 ι
1046 3983 1437 4047 ιιιιιιιιιιτκιιιιιιι,
1490 3978 1721 4044 Quando

149 4096 283 4133 vero
306 4076 678 4132 sanctuarium
706 4089 941 4141 prmsens
970 4082 1105 4133 erat,
1128 4071 1350 4140 sanguis
1414 4072 1717 4123 hostiarum

152 4186 324 4234 super
350 4169 522 4221 altare
550 4164 1009 4231 Domiuijubetur
1042 4163 1213 4225 fundi,
1268 4164 1405 4215 sicut
1454 4169 1538 4215 est
1589 4162 1718 4215 illud

150 4267 206 4317 in
250 4263 387 4314 libro
418 4257 817 4311 Deutcronomii
851 4271 866 4308 :
898 4255 1218 4321 Sanguinem
1252 4255 1548 4306 hostiarum
1601 4265 1720 4305 tua-

154 4372 278 4407 rum
322 4353 506 4420 [trudes
536 4350 586 4399 in
626 4348 787 4399 altari
820 4387 832 4411 ,
860 4346 1107 4399 carnibus
1147 4352 1321 4397 autem
1350 4345 1455 4409 ipse
1502 4347 1719 4398 vesceris

151 4449 338 4515 (Deut.
392 4457 486 4505 xu,
542 4442 653 4509 27),
693 4441 834 4508 quod
898 4440 1159 4507 pra-fatus
1209 4446 1385 4489 tamen
1437 4453 1542 4489 non
1594 4439 1721 4490 fecit

1827 1966 1907 2017 lee
1938 1965 2008 2017 ita
2038 1965 2087 2015 in
2112 1964 2248 2015 libro
2276 1961 2673 2015 Dentcrouomii
2705 1960 2913 2011 dicitur
2942 1975 2956 2009 :
2995 1957 3249 2010 Memento
3273 1974 3387 2025 qua:

1824 2056 2005 2126 fecerit
2038 2055 2372 2108 ιὶὺὶΑιιιιιΙθο
2433 2055 2482 2105 in
2540 2053 2622 2105 eia
2659 2050 2868 2118 quando
2925 2051 3271 2120 cgrcdicbaris
3323 2065 3387 2100 α

1822 2147 2055 2215 Αίῃῃρῐο
2114 2163 2132 2200 :
2196 2145 2457 2214 quomodo
2508 2144 2792 2195 occurrerit
2851 2143 2968 2203 tibi.
3015 2154 3061 2194 et
3123 2153 3382 2194 extremos

1824 2240 2050 2304 agminis
2084 2238 2159 2288 tui
2198 2236 2286 2302 qui
2338 2235 2460 2286 Iussi
2519 2235 2838 2294 residebant,
2894 2233 3141 2285 ceciderit
3202 2232 3379 2297 (Deut.

1826 2346 1951 2390 xxv,
1997 2329 2079 2387 l7.
2118 2330 2227 2389 18).
2261 2326 2457 2380 Lassos
2489 2326 2575 2377 hic
2608 2323 2813 2376 llebrzei
2848 2326 3158 2375 immundos
3190 2340 3382 2375 secun-

1823 2422 1951 2475 dum
1980 2420 2147 2489 legem
2175 2434 2324 2472 extra
2350 2430 2530 2471 eastra
2565 2426 2851 2470 manentes
2889 2414 3218 2484 intelligunt,
3244 2429 3383 2482 quos

1822 2513 2088 2567 cecidisse
2138 2512 2449 2565 Aiualccitzc
2490 2512 2785 2571 dicuntur,
2856 2508 3008 2577 quia,
3077 2507 3220 2559 sicut
3278 2507 3379 2571 ipsi

1828 2605 2071 2664 tradunt,
2127 2618 2314 2654 eorum
2398 2601 2874 2654 circumcisionem
2963 2607 3381 2665 amputaverunt,

1824 2704 1876 2748 et
1939 2696 1990 2747 in
2042 2694 2528 2748 subSannatiouem
2586 2691 2699 2754 Dei,
2760 2692 2813 2744 iu
2872 2690 3071 2743 ctelum
3138 2690 3386 2757 projecc-

1826 2796 1978 2843 runt,

1892 2878 2069 2947 (Vers.
2105 2878 2181 2945 6.)
2213 2895 2230 2928 t
2259 2874 2505 2942 Dixitque
2542 2872 2677 2925 Sani
2716 2872 2927 2931 Cinnae,
2955 2870 3118 2931 abite,
3157 2866 3388 2921 recedite

1827 2979 1989 3029 atque.
2030 2966 2313 3028 diSCedite,
2351 2980 2415 3016 ne
2444 2964 2580 3015 fuite
2629 2962 2897 3014 involvam
2937 2972 2986 3011 te
3037 2975 3158 3010 cum
3190 2974 3275 3011 co.
3304 2954 3385 3008 Tu

1825 3056 1965 3105 enim
2013 3054 2186 3106 fecisti
2243 3050 2675 3104 misericordiam
2727 3064 2849 3101 cum
2933 3049 3189 3101 omnibus
3266 3046 3390 3099 filiis

1829 3142 2007 3203 Israel,
2038 3158 2160 3196 cum
2212 3142 2568 3197 ascendereut
2621 3140 2685 3193 de
2719 3138 2973 3209 (Egypto.
3006 3159 3023 3190 ι
3078 3140 3205 3192 Ceni
3265 3139 3382 3203 ipse

1829 3246 1913 3285 est
1960 3232 2153 3285 Jethro
2184 3246 2445 3296 cognatus
2486 3231 2679 3300 Moysi,
2714 3236 2777 3283 de.
2801 3232 2957 3298 cujus
3012 3245 3205 3297 genere
3233 3239 3391 3281 erant

1826 3326 1997 3379 Cinmi
2032 3325 2121 3393 qui
2148 3323 2545 3375 descenderant
2572 3324 2633 3374 ad
2671 3322 2910 3384 Amalec,
2975 3332 3029 3375 et
3071 3321 3389 3374 habitabant

1827 3433 1947 3468 eum
1973 3431 2054 3478 eo,
2094 3417 2182 3483 qui
2212 3416 2396 3481 utique
2428 3416 2859 3483 consanguineus
2889 3429 3076 3468 eorum
3136 3426 3253 3465 erat
3290 3430 3301 3465 :
3339 3423 3388 3467 et

1833 3509 2199 3561 Inereditatetu
2228 3508 2278 3559 iu
2313 3509 2431 3573 ejus
2466 3520 2607 3559 terra
2659 3507 2905 3559 habebat.
2962 3505 3383 3560 MiseriCordiatu

1831 3616 1959 3653 vero
1987 3600 2116 3653 Ceni
2152 3615 2271 3652 cum
2298 3599 2421 3651 ﬁliis
2456 3596 2620 3651 Israel
2656 3597 2847 3650 fecisse
2884 3596 3106 3657 dicitur,
3135 3598 3385 3663 sivequia

1829 3694 2049 3761 Moysen
2080 3694 2210 3747 fovit
2250 3693 2301 3745 iu
2347 3702 2487 3745 terra
2524 3690 2763 3752 Madiau,
2792 3691 2906 3743 sive
2936 3689 3379 3758 quiaconsilium

1827 3785 1972 3837 dedit
2011 3783 2179 3855 Moysi
2219 3785 2451 3853 qualiter
2506 3782 2905 3835 multitudinem
2958 3781 3139 3851 populi
3193 3782 3390 3850 guber-

1827 3885 2001 3929 naret.

1902 3965 2083 4034 (Vcrs.
2134 3966 2246 4034 1‘2.)
2298 3965 2618 4018 Nuntiatum
2674 3972 2754 4018 est
2800 3972 2975 4015 autem
3034 3954 3268 4015 Samueli
3324 3978 3391 4017 co

1829 4058 1971 4125 quod
2008 4058 2248 4110 venissut
2287 4056 2418 4108 Saul
2455 4058 2503 4107 in
2540 4056 2871 4117 (larunt-lum,
2902 4064 2955 4106 et
2993 4056 3259 4107 erexissi-t
3316 4055 3384 4106 ibi

1846 4148 2109 4202 fornicem
2139 4148 2165 4187 ι’
2198 4147 2596 4214 triumphalem.
2633 4164 2649 4196 ι
2689 4144 2918 4209 Quando
2957 4145 3175 4197 victoria
3213 4146 3385 4211 potic-

1834 4240 2058 4303 bantur,
2093 4237 2366 4291 faciebaut
2395 4250 2579 4288 arcum
2624 4236 2689 4287 de
2727 4236 2920 4303 uiyitis
2971 4243 3023 4287 et
3081 4234 3276 4303 palmis
3324 4245 3377 4287 et

1829 4334 2006 4396 olivis,
2048 4332 2115 4385 ob
2138 4332 2349 4395 signum
2382 4327 2642 4380 victoriae.

1904 4424 2086 4489 (Vers.
2120 4422 2235 4487 Si.)
2276 4440 2293 4471 ι
2336 4421 2480 4474 Tulit
2525 4431 2700 4474 autem
2728 4422 2959 4489 populus
2988 4436 3116 4474 oves
3142 4429 3188 4471 et
3220 4421 3384 4475 boves

154 4514 395 4605 populus
431 4550 443 4583 :
480 4544 736 4597 peccasse
764 4528 969 4583 idcirco
1013 4526 1211 4578 dicitur
1242 4523 1493 4587 Domino,
1523 4533 1717 4577 etcum
1753 4543 1796 4596 ι)
1832 4516 2107 4585 primitias
2141 4530 2329 4567 eorum
2358 4530 2476 4581 qua:
2529 4529 2667 4566 caesa
2720 4523 2865 4567 sunt.
2924 4531 2942 4563 ι
3003 4513 3254 4565 I‘rimitia:
3300 4514 3385 4566 hic

151 4623 425 4690 sanguine
453 4620 775 4673 comedisse.

232 4714 316 4783 (V.
342 4729 414 4766 rs.
458 4712 572 4771 55.)
610 4729 624 4759 ι
670 4708 988 4763 Aidifieavit
1016 4715 1195 4760 autem
1231 4704 1358 4758 Saul
1415 4707 1586 4758 altare
1621 4705 1726 4758 Do-

154 4804 491 4859 tuine.Tunc
512 4803 744 4869 primum
763 4803 919 4867 coepit
944 4800 1212 4853 aedificare
1229 4799 1399 4849 altare
1423 4797 1675 4849 Domino.
1692 4815 1710 4847 ι

155 4902 422 4955 liebrzeus
455 4912 561 4951 non
597 4895 759 4949 habet
817 4895 1077 4964 primum.
1134 4893 1491 4958 Quart-emtum
1538 4893 1723 4960 itaque

158 5008 289 5045 cum
329 5000 489 5042 antea
548 4989 758 5057 legatur
813 4986 1115 5040 aediﬁcasse
1169 4983 1357 5043 altare,
1414 4982 1629 5049 quando
1690 4995 1716 5033 a

157 5082 757 5145 Samueleiucrcpatus
784 5086 887 5139 est,
945 5092 1043 5128 cur
1094 5074 1180 5127 hic
1235 5076 1464 5137 dicatur,
1511 5092 1527 5123 ι
1569 5072 1721 5125 Tunc

158 5173 332 5242 cucpit
363 5170 635 5223 aedificare
666 5170 836 5221 altare
866 5167 1148 5220 Domino.)
1188 5165 1513 5218 Aidilicasse
1540 5164 1722 5230 itaque

154 5279 317 5321 antea
358 5264 561 5331 legitur
592 5261 763 5313 altare
806 5276 820 5313 :
856 5258 949 5311 sed
1000 5258 1125 5326 quia
1165 5256 1539 5309 inobedieuter
1593 5254 1721 5307 illud

160 5351 479 5409 :uditicavit.
512 5363 617 5402 non
662 5348 885 5401 Domino
935 5346 1231 5400 aedificasse
1265 5344 1605 5411 intelligitur.
1630 5343 1725 5397 IIie

156 5453 344 5499 autem
385 5442 511 5511 quia
566 5439 883 5493 obedienter
919 5446 973 5489 et
1031 5447 1178 5489 recte
1226 5436 1353 5488 illud
1419 5435 1724 5500 aediﬁcavit,

162 5533 395 5588 ὶιοιιιίιιο
429 5530 727 5584 aediﬁcasse
764 5526 1099 5596 perhibetur.

225 5726 240 5742 ο
273 5716 360 5769 Sic
397 5731 500 5764 nis.
543 5730 691 5766 mens
727 5722 775 5767 (ι
810 5712 1066 5765 iiahauus
1122 5710 1321 5778 legunt.
1386 5709 1556 5763 Antea
1604 5715 1717 5760 erat

162 5791 230 5838 ad
264 5802 382 5838 suos
416 5800 562 5837 usus.

1830 4622 1890 4660 ea
1949 4621 2071 4672 qurc
2132 4605 2338 4673 potiora
2387 4611 2440 4653 ct
2498 4602 2722 4655 meliora
2776 4614 2953 4665 erant,
3029 4602 3386 4670 intelligendx

1828 4705 1974 4751 sunt.

1899 4786 2221 4855 (Vers.29.)
2257 4804 2274 4836 ι
2314 4785 2481 4838 Porro
2541 4782 2909 4851 triumphator
2965 4784 3016 4837 in
3066 4781 3228 4837 Israel
3280 4798 3384 4835 non

1829 4889 2030 4947 parcet,
2060 4887 2112 4931 et
2135 4877 2471 4945 pwnitudine
2512 4890 2617 4927 non
2650 4874 2895 4927 ﬂectetur
2927 4892 2939 4928 :
3009 4892 3183 4941 neque
3239 4877 3382 4927 enim

1830 4974 1993 5027 homo
2021 4979 2124 5035 est,
2154 4978 2211 5022 ιιι
2244 4976 2367 5036 agat
2398 4966 2793 5034 pmnitentiam.
2842 4983 2861 5016 ι
2896 4965 2950 5017 In
3002 4964 3222 5017 llebra-o
3254 4965 3385 5030 legi-

1828 5079 1937 5131 tur,
1974 5085 1991 5117 t
2028 5066 2193 5119 I‘orro
2222 5062 2588 5130 triumphator
2636 5061 2797 5114 Israel
2838 5076 2944 5114 non
3004 5063 3312 5111 mentietur.
3360 5077 3375 5105 ι

1827 5156 2348 5226 Triumphatoriste
2392 5154 2530 5206 Deus
2567 5161 2673 5205 est.
2724 5151 2843 5205 Non
2888 5152 3196 5210 mentietur,
3256 5149 3380 5215 quia

1827 5267 1887 5305 ea
1918 5264 2037 5319 qua!
2065 5248 2331 5317 promittit
2372 5245 2471 5299 sibi
2521 5244 2934 5307 famulantibus,
2980 5242 3229 5307 largitur.
3259 5240 3376 5292 Pu!-

1829 5342 2074 5397 nitmline
2113 5355 2221 5393 non
2278 5340 2548 5401 flectetur,
2586 5337 2710 5405 quia
2744 5352 2848 5389 non
2913 5334 3137 5402 pamitet
3166 5350 3285 5384 eum
3317 5333 3383 5385 de

1832 5432 1987 5485 bouis
2020 5428 2387 5498 quazlargitus
2420 5434 2521 5479 est.

1907 5522 2088 5590 (Veis.
2116 5520 2233 5588 50.)
2272 5538 2288 5569 ι
2317 5518 2419 5571 Sed
2444 5531 2584 5569 nunc
2614 5516 2815 5567 honora
2852 5530 2933 5567 mc
2964 5528 3144 5566 eorum
3200 5510 3377 5564 senio-

1903 5705 1926 5741 "
1962 5706 2015 5757 In
2073 5720 2173 5757 IIIS.
2240 5698 2514 5759 Ambros,
2559 5695 2619 5750 lft
2658 5698 2901 5752 erexisset
2950 5697 3047 5750 sibi
3108 5695 3384 5763 (errorem.

1828 5784 1932 5828 ctu.
