2102 3662
403 214 472 252 1403
1093 216 1233 246 APPENE

1178 216 1295 245 ENDIX.
1951 219 2008 252 MOI

405 276 481 303 ribus
495 275 585 310 populi
601 276 666 307 mei,
681 279 709 302 et
726 282 818 302 coram
849 274 941 301 Israel.
965 283 973 299 ι
1003 273 1112 301 llonora
1140 283 1181 301 mc
1197 279 1219 305 Α
1237 273 1320 300 David
1350 280 1429 309 caput
1458 274 1587 303 Pbilistmi
1612 276 1637 303 iu
1655 276 1817 308 Jerusalem,
1854 276 2008 310 anticipatio

403 322 475 349 sicut
488 328 588 356 regem,
603 326 634 348 ut
648 328 697 353 ego
705 321 856 355 praecedam
875 320 947 347 sicut
964 327 1022 351 rex,
1035 324 1061 346 ct
1076 324 1103 346 tu
1118 320 1179 346 sub-

402 367 538 402 sequaris,
555 375 564 392 t
585 367 621 395 Ut
638 367 747 393 adorem
779 366 920 393 Domitmm
951 365 1034 391 Deum
1062 370 1146 391 tuum.
1168 373 1176 389 ι

404 414 488 441 Senes
502 417 591 439 autem
613 413 703 447 populi
720 412 772 444 sui,
788 419 864 439 suam
896 411 1009 443 tribum,
1035 415 1061 438 et
1088 418 1179 437 coram

404 460 621 491 Israel,o:rteras
638 459 724 486 tribus
745 458 824 485 Israel
836 458 915 484 dicit.

442 504 518 539 (Cap.
536 503 605 530 XVI.
620 519 653 524 —
667 504 744 531 νει-ε.
760 501 816 537 15.)
832 511 840 528 ‹
857 503 887 530 Ει
907 503 1024 529 directus
1036 507 1079 530 est
1100 502 1179 537 spiri-

403 555 445 577 tus
461 550 566 576 Domini
582 550 608 576 in
620 549 702 576 David
720 556 734 575 a
762 549 807 576 die
822 548 867 576 illa
895 554 922 576 et
947 549 973 575 iu
992 549 1140 581 reliquum.
1166 557 1175 573 ι

403 596 465 622 Ideo
483 595 604 623 directus
615 595 640 622 in
656 603 717 622 eum
733 595 852 630 Spiritus
885 594 989 621 Domini
1011 595 1120 627 dicitur,
1145 602 1178 622 eo

401 635 474 677 quod
488 647 550 669 tunc
567 642 687 676 psalmos
699 649 798 668 cauere
813 641 934 675 ceperit.

438 688 525 723 (I'ers.
543 688 600 722 I8.)
614 697 623 714 ‹
640 687 673 714 Et
690 688 856 722 respondens
872 695 943 714 llltlls
955 688 988 714 de
1004 688 1105 721 pueris,
1121 687 1177 714 ait:

402 733 470 760 Ecce
483 734 535 760 vidi
558 734 642 760 [ilium
662 733 714 759 Isai
731 733 969 763 Betltleltemitem.
990 743 999 759 ι
1018 737 1044 759 et
1068 741 1099 759 ea
1109 737 1177 760 tera.

400 779 470 806 Puer
487 780 536 806 iste
558 779 645 806 Doech
660 779 794 807 Idumaaus
806 780 888 806 fuisse
902 779 1069 812 perhibetur,
1086 780 1177 806 inimi-

400 832 448 852 Cus
464 825 546 852 David
568 833 575 852 :
603 829 631 852 et
654 826 746 852 omnia
775 833 835 859 quae
852 825 885 852 de
911 825 992 852 David
1024 825 1050 852 in
1071 825 1177 852 laudem

400 872 503 898 dixisse
515 870 633 902 videtur,
648 872 673 898 iu
691 872 780 897 odintn
796 871 854 905 ejus
863 871 967 898 dixisse
978 871 1078 898 dicitur
1097 871 1177 904 :quia

400 917 508 944 volebat
523 917 671 944 inimicitia:
684 924 766 943 causa
790 921 816 943 et
847 917 955 944 invidia;
979 916 1063 943 livore
1088 921 1117 943 ut
1144 917 1177 942 ad

402 962 465 990 Saul
483 964 596 996 veniret,
611 969 748 998 quatenus
767 963 803 990 ibi
820 964 941 998 qualibet
966 963 1115 990 occasione
1131 970 1179 989 ne-

402 1016 520 1037 caretttr.
779 1005 784 1012 ’

435 1056 513 1091 (Cap.
531 1055 612 1082 XVII.
631 1070 665 1075 —-
688 1056 765 1083 Vers.
787 1056 825 1090 4.)
848 1066 857 1081 ι
879 1055 912 1083 Ει
933 1064 1060 1089 egressus
1073 1060 1114 1083 est
1139 1057 1180 1083 vir

399 1103 508 1136 spurius
521 1102 553 1129 de
564 1103 663 1130 castris
675 1102 882 1129 Philistiuorum
901 1103 1010 1129 nomine
1021 1101 1139 1130 Goliatb.
1167 1112 1175 1128 ι

401 1148 518 1182 Spurius
529 1148 638 1180 dicitur,
657 1151 720 1182 quia
737 1155 750 1174 a
762 1152 839 1182 patre
855 1149 973 1183 gigante,
1005 1153 1091 1175 matre
1114 1155 1179 1175 vero

401 1195 511 1221 Getltaaa
527 1200 604 1222 natus
616 1200 685 1223 erat.

440 1239 529 1273 (Vcrs.
541 1240 597 1272 12.)
621 1250 630 1266 ‹
646 1240 730 1268 David
742 1245 834 1268 autem
855 1244 913 1267 erat
929 1240 999 1266 ﬁlius
1012 1240 1062 1266 viri
1074 1239 1179 1274 Epitra-

402 1287 443 1313 tzei
461 1286 493 1313 de
510 1286 664 1313 Betltlehem
678 1286 757 1317 Juda.
773 1287 815 1313 cui
835 1294 934 1313 nomen
952 1291 1011 1312 erat
1039 1286 1103 1317 Isai,
1132 1286 1177 1319 qui

402 1331 520 1358 habebat
534 1336 596 1357 octo
611 1331 690 1358 lilios.
711 1341 720 1357 ›
738 1329 875 1364 Quaeritur
892 1339 940 1361 cur
957 1331 1001 1357 ltie
1027 1335 1089 1358 octo
1108 1331 1177 1358 ﬁlios

401 1378 626 1410 baberedicatur,
657 1377 716 1405 eitm
736 1379 762 1404 in
792 1377 1017 1411 Paralipomenon
1044 1385 1097 1404 non
1120 1384 1178 1403 am-

399 1425 469 1458 plius
499 1432 579 1458 quam
602 1429 705 1457 septem
735 1425 870 1458 legantur.
902 1423 976 1456 Quod
996 1424 1030 1449 ita
1052 1423 1174 1450 solvitur.

398 1469 516 1500 Natban.
533 1470 703 1505 prophetam,
720 1469 804 1496 lilium
821 1469 946 1496 Satnmaa
964 1469 1009 1495 filii
1025 1469 1080 1501 sui,
1098 1477 1176 1503 quem

400 1516 427 1543 in
444 1516 502 1543 loco
516 1516 560 1542 lilii
580 1516 743 1543 educaverat
771 1517 804 1543 'et
833 1516 976 1548 nutrierat,
1004 1516 1076 1543 inter
1107 1516 1177 1543 imos

401 1566 559 1587 annumerat
575 1569 582 1587 :
597 1569 657 1587 nam
676 1567 703 1588 et
723 1569 814 1587 coram
847 1560 973 1587 Samuele
1000 1564 1100 1593 septem
1117 1559 1176 1592 ejus

401 1606 447 1633 lilii
463 1606 587 1640 leguntur
617 1606 725 1633 adducti
750 1606 843 1635 fuisse.
875 1611 901 1632 et
928 1612 1040 1632 octavus
1061 1612 1122 1631 esse
1149 1605 1173 1630 in

399 1652 508 1685 pascuis
523 1651 602 1685 (vers.
620 1652 677 1686 I0).
695 1652 768 1678 Inter
793 1659 862 1685 quos
892 1650 996 1677 Natltan
1027 1649 1173 1676 adductum

397 1697 483 1724 fuisse
497 1698 669 1724 manifestum
685 1702 737 1729 est,
765 1697 810 1731 qui
840 1702 868 1724 et
889 1696 1024 1723 Jonalltan
1051 1701 1173 1724 vocatur.

397 1742 434 1768 De
451 1750 504 1776 quo
520 1743 545 1768 in
563 1747 682 1768 extrema
699 1747 775 1776 parte
804 1741 940 1769 Samuelis
958 1741 1060 1768 dicitur
1075 1750 1081 1768 ξ
1110 1740 1177 1767 Per-

396 1788 473 1814 trusit
491 1793 578 1814 autem
594 1796 652 1815 eum
666 1787 802 1815 lauat/tan
832 1787 905 1821 ﬁlius
931 1787 1058 1814 Sammaa
1090 1787 1175 1820 patris

397 1833 481 1861 David
503 1833 544 1868 (ll
560 1834 622 1868 Reg.
640 1842 695 1867 ut,
711 1834 769 1868 21).
783 1834 816 1861 Et
836 1834 984 1860 notandttm
1014 1834 1084 1866 quod
1116 1833 1177 1859 ubi-

396 1888 503 1915 cunque
520 1881 650 1915 propheta
678 1884 803 1913 vocatur,
818 1879 924 1907 Nathau
953 1879 1091 1912 scribitur,
1123 1886 1175 1906 non

397 1927 546 1954 Jouatbau.

432 1972 519 2006 (Vers.
541 1971 595 2006 18.)
614 1980 623 1996 ‹
644 1970 676 1997 Ει
692 1970 789 1997 fratres
811 1975 874 1997 tuos
899 1971 1025 1997 visitabis
1053 1970 1076 1997 si
1103 1973 1177 1996 recte

398 2022 478 2050 agant
495 2025 502 2044 :
520 2023 545 2043 et
570 2025 630 2043 cuin
645 2018 743 2051 quibus
768 2017 884 2043 ordinati
917 2022 991 2048 sunl,
1011 2017 1096 2043 disce.
1117 2025 1126 2042 ι
1146 2015 1174 2041 In

398 2065 558 2092 Ilvbrmoila
575 2065 710 2091 habetur:
736 2074 745 2090 ι
775 2066 808 2091 Et.
836 2064 934 2091 fratres
962 2069 1022 2090 tuos
1040 2064 1174 2095 visitabis,

397 2112 419 2138 si
438 2117 509 2138 recte
526 2115 608 2144 agant
623 2118 630 2137 ι
647 2115 673 2136 et
692 2111 803 2144 pignora
825 2118 919 2136 eorum
936 2110 1041 2135 tolles.»
1056 2109 1174 2143 Pignora

397 2159 424 2184 in
445 2158 495 2184 hoc
515 2157 574 2184 loco
600 2156 704 2183 Hebraei
741 2156 846 2183 libellos
870 2156 974 2189 repudii
1008 2155 1172 2189 intelligunt.

401 2203 542 2237 Siquidem
567 2210 643 2229 nsutn
673 2202 745 2229 illius
773 2202 861 2236 gentis
885 2201 969 2227 fuisse
993 2201 1081 2227 ferunt
1098 2206 1118 2231 ',
1147 2204 1175 2227 ttt

399 2249 610 2282 quandoibatnr
635 2248 668 2275 ab
682 2249 721 2275 eis
741 2249 768 2274 in
787 2255 914 2282 pugnam,
938 2247 1043 2274 libellos
1071 2246 1174 2281 repudii

1233 325 1286 352 est,
1317 321 1387 355 quod
1406 326 1498 355 postea
1530 322 1602 349 fecit.
1622 322 1704 349 Arma
1728 331 1791 350 vero
1826 323 1896 357 ejus,
1925 323 1949 349 id
1976 329 2008 350 νει

1233 364 1376 398 ΡΙιὶΙίειωὶ,
1392 371 1498 392 nonest
1514 365 1720 401 intelligendum
1740 368 1808 399 quod
1836 369 1863 394 in
1887 376 1938 395 suo
1970 376 2007 401 pu-

1233 412 1321 438 suerit
1338 411 1526 444 tabernaculo,
1541 413 1587 438 sed
1611 412 1636 438 in
1654 412 1831 439 tabernarqu
1846 412 1966 444 Domini,
1982 415 2007 439 de

1233 465 1289 492 quo
1304 457 1481 484 tabernaculo
1499 463 1592 492 postea
1611 458 1668 485 haec
1690 458 1724 485 ab
1739 458 1895 486 Abitneleclt
1925 466 2006 486 sacer-

1233 503 1296 530 dote
1313 503 1443 537 suscepit.

1270 550 1359 581 (νει-ς.
1377 549 1435 583 55.)
1454 558 1462 574 ι
1482 548 1607 584 Dixitque
1619 550 1710 576 Abner
1725 558 1732 576 :
1751 550 1829 577 Vivat
1854 550 1944 577 anima
1959 556 2003 583 tua,

1233 604 1292 627 rex,
1307 596 1329 622 si
1360 596 1433 622 novi.
1455 606 1464 622 ι
1490 596 1646 623 Secundum
1673 597 1740 623 illud
1763 597 1910 624 locutionis
1930 605 2005 630 guttus

1234 643 1284 668 lioc
1314 640 1417 668 dictum
1435 646 1486 674 est,
1511 650 1566 676 qtto
1581 642 1684 669 dictum
1702 646 1745 670 est
1770 642 1836 669 illud
1855 651 1862 669 :
1878 642 2005 669 Bentdizit

1232 686 1338 713 Naboth
1356 686 1408 713 Deo
1426 691 1449 713 et
1469 690 1523 721 regi
1540 687 1601 719 (III
1617 687 1680 722 Req.
1700 695 1758 718 nt.
1773 688 1817 720 I3)
1833 696 1840 720 ς
1858 695 1891 714 ac
1904 688 1926 713 si
1941 687 2005 714 dice-

1234 740 1284 766 ret,
1298 742 1349 761 non
1363 733 1438 760 vivat
1451 733 1543 760 anima
1561 738 1617 766 tua,
1629 742 1688 765 rex.
1706 734 1728 760 Ii
1744 734 1818 761 novi.
1846 735 1945 765 Aliter,
1973 734 2004 760 vi-

1232 781 1310 808 deam
1331 785 1446 807 mortem
1466 784 1538 806 tuam
1558 781 1581 807 si
1599 781 1674 807 novi.

1269 827 1343 860 (Cap.
1358 825 1454 853 XVIII.
1476 841 1510 846 ——
1536 826 1613 853 Vers.
1632 826 1687 861 I0.)
1708 836 1717 852 t
1740 826 1804 854 Post
1823 826 1894 853 diem
1925 833 2003 853 suum

1231 872 1347 897 alterum
1363 871 1462 898 invasit
1479 871 1598 906 Spirittts
1613 871 1658 898 Dei
1689 872 1776 899 malus
1801 873 1878 902 Saul.
1909 877 1934 897 et
1954 879 2005 905 prn-

1231 916 1361 950 plietabat
1377 917 1403 943 in
1418 916 1507 943 medio
1521 917 1618 944 domus
1642 925 1707 945 suae.
1729 926 1736 942 ι
1758 917 1831 944 More
1858 918 2004 949 arreptttio-

1195 959 1218 988 Β
1234 970 1292 989 IIIm
1316 962 1520 997 proplretabat:
1548 969 1573 990 et
1606 965 1784 998 proplietasse
1805 972 1885 990 stium
1912 965 1937 990 in
1961 964 2004 989 hoc

1232 1008 1302 1040 loco,
1323 1016 1377 1035 non
1396 1013 1436 1035 est
1452 1009 1524 1035 aliud
1539 1010 1756 1044 intelligendum,
1774 1011 1827 1037 nisi
1855 1012 1945 1037 aliena
1969 1018 2004 1037 re-

1230 1055 1336 1081 tulisse.

1266 1100 1356 1134 (Vers.
1390 1101 1444 1135 i5.)
1464 1101 1497 1128 Et
1519 1101 1712 1136 egrediebatur
1740 1102 1834 1133 David.
1867 1108 1894 1129 et
1924 1103 2003 1138 ingre-

1229 1146 1353 1173 diebalnr
1381 1147 1407 1173 in
1439 1153 1587 1182 conspectu
1617 1148 1720 1182 populi.
1752 1157 1760 1173 I
1791 1148 1906 1180 Quando
1941 1157 2004 1182 agre»

1228 1192 1374 1219 diebantur
1397 1194 1423 1219 in
1455 1201 1584 1228 pugnam,
1616 1194 1674 1228 ipse
1705 1194 1807 1228 primus
1842 1202 1916 1222 more
1938 1196 2003 1229 regio

1228 1238 1417 1271 egrediebatur
1442 1239 1467 1265 in
1499 1245 1649 1275 conspectu
1682 1248 1787 1273 eorum,
1817 1247 1842 1267 et
1874 1242 2002 1275 regredie-

1229 1284 1318 1311 batur.

1264 1332 1352 1365 (Vcrs.
1370 1332 1428 1366 21.)
1447 1345 1457 1357 ι
1473 1332 1599 1367 Dixitque
1623 1332 1708 1360 Saul:
1728 1332 1799 1360 Dabo
1817 1341 1877 1361 eam
1904 1334 1952 1362 illi.
1980 1338 2004 1359 ut

1230 1376 1275 1402 (ιιι
1291 1378 1328 1403 illi
1345 1377 1371 1404 in
1389 1379 1561 1411 scandalum,
1591 1383 1620 1406 ut
1650 1379 1685 1406 sit
1709 1387 1790 1414 super
1814 1387 1877 1406 eum
1915 1388 2004 1406 lllnllus

1230 1423 1445 1450 I’ltilitttinorum.
1466 1433 1474 1449 ι
1505 1424 1553 1451 llis
1568 1425 1675 1452 duobtts
1693 1425 1820 1459 periculis
1837 1425 1901 1452 Saul
1929 1425 2003 1451 Daiid

1230 1468 1334 1500 putavit
1353 1469 1471 1495 interimi
1503 1476 1595 1503 posse,
1611 1469 1716 1496 scilicet
1736 1475 1782 1496 aut
1812 1470 1921 1496 insidiis
1952 1470 2006 1495 ﬁlim

1228 1522 1295 1545 sitm.
1309 1522 1324 1541 a
1338 1523 1389 1548 qua
1417 1523 1445 1542 se
1462 1515 1571 1541 videbat
1591 1515 1705 1542 tnultum
1739 1516 1835 1545 amari.
1853 1522 1903 1543 aut
1928 1523 2006 1542 causa

1229 1561 1423 1594 prmputiorum
1451 1560 1670 1592 Pliilistinorum,
1691 1568 1798 1595 propter
1815 1570 1876 1596 quae
1904 1563 2004 1595 adipis-

1230 1608 1326 1637 cenda.
1347 1606 1503 1633 Philistaaos
1518 1612 1576 1633 erat
1592 1608 1660 1634 bello
1677 1615 1854 1642 aggressurus
1877 1616 1884 1635 :
1903 1618 1913 1634 ο
1940 1609 2007 1634 Dixit

1228 1660 1292 1687 ergo
1309 1653 1374 1680 Saul
1390 1654 1422 1680 ad
1441 1654 1524 1681 David
1543 1663 1549 1680 :
1569 1655 1597 1680 In
1613 1654 1721 1681 duabtts
1741 1656 1820 1681 rebus
1836 1663 1921 1690 gener
1938 1663 2009 1681 mens

1228 1701 1282 1726 eris
1303 1700 1394 1727 hodie.
1415 1709 1425 1725 ι
1448 1700 1476 1727 1η
1491 1699 1599 1727 duabus
1613 1701 1693 1727 rebus
1720 1707 1851 1735 generum
1872 1709 1936 1727 eum
1961 1701 2007 1726 sibi

1229 1745 1349 1771 futurum
1370 1745 1456 1778 dicit;
1479 1746 1541 1780 quia
1569 1746 1624 1780 jam
1660 1746 1685 1772 ei
1714 1746 1842 1773 attulerat
1872 1746 2006 1780 ρι-πιριιιίςι

1231 1790 1434 1817 Pliilistinorum
1450 1798 1499 1826 pro
1517 1791 1618 1821 Merob,
1635 1799 1718 1825 quam
1739 1791 1802 1818 Saul
1818 1791 1896 1818 dedit
1910 1792 2007 1818 Adrirli

1228 1835 1426 1868 Moliolatliitze,
1454 1840 1481 1863 et
1499 1840 1589 1869 postea
1619 1843 1668 1869 pro
1692 1835 1788 1861 lilicliol
1818 1836 1950 1862 ducenta.
1979 1834 2012 1860 Et

1228 1883 1351 1915 quamvis
1365 1890 1417 1908 non
1438 1887 1530 1916 aperte
1544 1882 1650 1908 dicatur
1679 1888 1728 1916 pro
1747 1880 1837 1908 Ilerob
1854 1880 1923 1907 Saul
1945 1887 2010 1915 prae-

1228 1928 1302 1960 putia
1333 1927 1542 1954 Philistinornm
1578 1927 1659 1954 David
1690 1927 1820 1959 dedisse;
1852 1932 1947 1953 tamen
1969 1926 2011 1961 qui

1228 1973 1407 2007 prtecedentia
1432 1978 1459 1999 et
1487 1973 1680 2007 subsequentia
1704 1972 1848 2007 perlegi-rit
1885 1978 1915 1999 et
1954 1980 2013 2006 per.

1228 2024 1365 2045 srrutatus
1381 2018 1473 2050 fuerit.
1493 2018 1611 2045 inveniet
1626 2026 1686 2044 eum
1711 2018 1752 2045 bis
1769 2018 1845 2045 Sauli
1875 2019 2012 2053 praputia

1228 2064 1435 2090 Philistinorum
1465 2063 1583 2090 dedisse.
1622 2062 1714 2089 Potest
1746 2064 1829 2089 etiam
1870 2071 1899 2091 et
1937 2064 2013 2090 aliter

1227 2109 1351 2143 intelligi.
1372 2109 1398 2134 lu
1413 2109 1521 2135 duabus
1537 2108 1617 2135 rebus
1633 2115 1716 2142 gener
1729 2117 1806 2135 tuens
1831 2110 1890 2136 eris
1924 2110 2014 2138 hodie,

1227 2154 1288 2187 quia
1305 2161 1356 2188 ego
1373 2154 1486 2187 quaesiti
1499 2161 1512 2180 a
1533 2159 1557 2179 te
1575 2159 1683 2180 centum
1702 2155 1834 2189 praeputia
1850 2154 2013 2182 Plttlistino-

1229 2207 1299 2229 rum.
1315 2204 1341 2225 et
1354 2204 1381 2225 ιιι
1397 2199 1521 2226 obtulisti
1536 2200 1664 2227 ducenta.

1263 2245 1341 2279 (Cap.
1362 2244 1433 2271 XIX.
1451 2260 1483 2265 ——
1501 2244 1577 2272 Vers.
1594 2246 1632 2279 3.)
1649 2254 1657 2270 ι
1679 2245 1732 2279 Ego
1755 2250 1848 2271 autem
1869 2245 2015 2281 egrediens

398 2295 529 2322 uxoribus
547 2295 604 2321 suis
621 2294 717 2321 darent
734 2302 741 2320 :
758 2298 787 2320 ut
806 2294 828 2320 si
845 2292 1005 2328 contigisset.
1033 2293 1119 2319 virum
1144 2292 1170 2319 in
1189 2302 1211 2330 ι)
1227 2291 1393 2323 stabojuxta
1411 2296 1515 2325 patrem
1540 2298 1628 2317 meum
1651 2291 1676 2316 in
1694 2298 1758 2324 agro
1777 2292 1821 2316 ubi
1859 2297 1889 2317 ιιι
1922 2291 2015 2318 luetis;

396 2340 488 2375 praelio
505 2340 575 2373 capi,
595 2344 622 2367 et
642 2340 668 2366 iu
685 2340 870 2373 captivitatem
887 2338 961 2370 duci,
993 2338 1092 2365 mulier
1115 2338 1173 2372 ejus

397 2386 658 2419 exspectatistribus
674 2385 763 2418 annis,
778 2385 800 2411 si
817 2385 857 2411 vir
888 2385 947 2418 ejus
974 2391 1025 2411 non
1051 2384 1172 2415 redisset,

397 2433 479 2458 alium
494 2431 606 2458 duceret
620 2431 719 2458 virum.

432 2478 521 2511 (νει-ς.
537 2477 594 2511 98.)
615 2485 623 2501 ι
642 2476 731 2509 Quare
745 2475 844 2503 venisti
860 2481 885 2502 et
899 2483 984 2510 quare
1001 2476 1171 2509 dereliquisti

397 2523 526 2558 pauculas
542 2530 606 2550 Ores
622 2523 680 2549 illas
693 2523 718 2548 in
738 2522 870 2549 deserto?
898 2523 951 2556 Ego
986 2522 1048 2548 nevi
1076 2529 1171 2554 supcr-

397 2572 467 2597 biam
484 2576 555 2595 tuam
581 2573 608 2596 et
636 2570 783 2602 nequitiam
812 2568 903 2595 cordis
931 2568 981 2594 tui.
1001 2576 1010 2593 ι
1029 2567 1115 2594 Nosse
1144 2575 1171 2594 se

397 2616 462 2642 dii-it
480 2615 551 2642 illius
578 2615 732 2648 superbiam
749 2619 774 2640 et
797 2613 944 2648 nequitiam
964 2613 1078 2639 cordis:
1108 2613 1171 2646 quia

399 2661 507 2694 putabat
521 2668 580 2686 enm
596 2665 702 2686 tumore
713 2659 803 2686 cordis
811 2659 922 2690 elevari,
939 2665 970 2685 eo
982 2659 1052 2692 quod
1064 2658 1170 2685 Sautucl

399 2707 519 2733 tinxisset
534 2707 606 2732 illum
625 2707 650 2732 in
671 2713 771 2739 regem.

432 2752 519 2786 (Vers.
537 2751 593 2785 54.)
610 2760 619 2776 ‹
638 2752 788 2777 Assumens
802 2754 890 2776 autem
907 2749 989 2776 David
1009 2754 1091 2784 caput
1107 2749 1170 2776 Plii-

396 2798 504 2829 listltzei,
523 2798 611 2824 attulit
626 2798 690 2824 illull
705 2797 731 2823 in
751 2795 899 2823 Jerusalem
919 2804 926 2822 :
944 2803 1016 2822 arma
1036 2803 1099 2822 vero
1113 2796 1171 2830 ejus

397 2843 486 2877 posuit
506 2843 531 2870 in
553 2843 727 2870 tabernaculo
752 2850 812 2868 suo.
832 2851 841 2867 ι
871 2841 946 2873 Quod
964 2841 1029 2868 dicit
1046 2842 1170 2869 attulisse

429 2900 544 2925 '.\liruut
572 2899 709 2925 limniuem
746 2898 887 2925 Ilebrmuni
918 2904 1026 2928 genere.
1059 2895 1167 2923 latnt-tsi

399 2941 488 2968 μηκιιηι
520 2934 585 2963 udis
603 2934 761 2960 Christiana:
780 2934 838 2960 lidci
861 2939 957 2958 IIOIIlt'II
988 2932 1106 2963 dedisse,
1129 2931 1167 2958 sic

1226 2342 1252 2362 et
1267 2345 1316 2371 ego
1339 2337 1433 2368 loquar
1447 2336 1480 2362 de
1494 2342 1518 2362 te
1534 2336 1565 2361 ad
1583 2341 1685 2370 panem
1702 2344 1803 2367 ineunt,
1820 2342 1849 2363 et
1867 2339 2015 2371 quodcun-

1226 2389 1278 2415 que
1297 2382 1398 2413 videro,
1413 2382 1543 2408 nuntiabo
1562 2381 1620 2407 tibi.
1645 2391 1653 2406 ι
1674 2380 1880 2407 Descensuruni
1896 2389 2015 2414 namque

1226 2427 1338 2453 Saulem
1361 2428 1387 2453 in
1408 2427 1533 2453 eumdem
1549 2435 1642 2461 agrum
1655 2425 1804 2458 Jonatltan,
1825 2428 1916 2453 David
1940 2429 2003 2453 due

1225 2478 1278 2505 rat,
1295 2478 1321 2499 et
1342 2477 1370 2499 ut
1398 2473 1424 2499 in
1456 2475 1551 2499 eodem
1577 2480 1642 2507 agro
1668 2472 1749 2499 David
1775 2473 2014 2501 absconderetur.

1224 2519 1389 2545 collocutum
1419 2518 1489 2545 inter
1531 2526 1577 2546 eos
1607 2519 1705 2546 fuerat.
1741 2518 1768 2545 In
1793 2527 1883 2553 quem
1922 2527 2015 2553 agrum

1224 2565 1320 2591 crebro
1358 2564 1421 2590 Saul
1448 2563 1609 2590 consiliandi
1643 2565 1729 2598 gratia
1760 2565 1923 2591 convenire
1948 2564 2015 2590 sole-

1223 2608 1279 2639 bat,
1306 2608 1349 2634 ubi
1373 2609 1452 2634 etiam
1492 2608 1668 2634 constitutum
1704 2607 1802 2639 [Ut-rat,
1832 2613 1866 2634 ut
1907 2608 2016 2634 occide-

1224 2660 1296 2681 retur
1327 2654 1421 2685 David,
1440 2657 1511 2688 quod
1527 2659 1553 2680 et
1573 2653 1707 2680 Jonatliau
1720 2653 1902 2680 iudicaverat
1921 2653 2013 2680 Dat-id.

1257 2702 1348 2737 (Vers.
1360 2702 1419 2735 Ἠ.)
1441 2711 1450 2727 ε
1466 2701 1496 2728 Et
1509 2702 1669 2735 exspOIiavit
1681 2708 1709 2727 se
1724 2701 1808 2727 etiam
1825 2701 1899 2728 Saul
1931 2702 2013 2727 vesti-

1223 2747 1321 2773 tuentis
1355 2746 1425 2777 suis,
1456 2751 1483 2772 et
1508 2746 1680 2780 propltetavit
1705 2753 1797 2772 coram
1836 2745 1984 2772 Samuele.
2003 2755 2011 2769 ι

1222 2793 1340 2825 Qumstio
1359 2799 1455 2826 magna
1470 2792 1514 2818 bic
1527 2793 1626 2822 oritur.
1647 2799 1706 2817 cum
1734 2791 1759 2816 in
1784 2793 2014 2825 praecedentibus

1223 2839 1326 2872 legatur
1340 2837 1365 2870 (I
1385 2837 1447 2872 (leg.
1467 2845 1510 2869 μ’,
1528 2838 1573 2865 δὸι
1588 2846 1596 2870 -,
1614 2836 1644 2863 Et
1662 2845 1710 2862 non
1724 2837 1789 2862 cidit
1809 2836 1933 2864 Samuel
1947 2838 2013 2864 Sau-

1222 2900 1391 2927 tanquantex
1414 2893 1528 2921 aliorum
1556 2902 1602 2921 ore
1628 2894 1660 2920 de
1679 2893 1764 2927 gentis
1790 2901 1852 2921 sua:
1884 2895 2011 2921 inuribus

1221 2931 1304 2957 fuisse
1321 2931 1450 2957 locutum.
