4198 6350
140 394 283 459 1405

1072 394 1364 465 OU/EST.
1406 395 1769 458 HEBRAIC.
1815 398 1904 459 IN
1944 399 2095 460 LIB.
2134 398 2159 458 Ι
2204 398 2500 463 REGUM.

3256 394 3388 460 1406

141 512 243 564 lem
272 526 437 578 usque
470 510 523 563 in
551 510 694 564 diem
721 513 900 566 mortis
932 528 1042 567 sua:
1069 528 1085 579 ;
1108 524 1159 568 et
1181 514 1268 571 hic
1302 518 1659 585 prophetasse
1696 526 1714 547 ⁸
1746 521 1792 578 Α
1822 527 1956 587 quot
1987 520 2178 574 diebus
2200 520 2252 573 in
2281 520 2638 574 tabernaculo
2694 519 2906 575 Domini
2945 519 3384 583 immoraturum,

144 618 331 657 coram
364 603 630 656 Samucle
662 602 894 655 dicatur.
923 603 1094 669 Quam
1125 607 1481 673 quaestionem
1503 603 1715 660 Hehrzei

147 694 233 749 his
265 694 487 749 duobus
546 696 727 748 modis
762 695 1000 749 solvunt.
1060 696 1167 750 Aut
1217 713 1322 751 non
1375 697 1510 751 vidit
1566 714 1717 763 eum,

149 791 279 857 quia
314 792 786 862 quandojunctus
814 802 897 847 est
929 791 1059 845 Saul
1096 806 1270 846 cuneo
1302 792 1718 861 prophetarum,

151 885 448 937 abscondit
497 900 557 939 se
594 887 839 949 Samuel,
865 902 929 939 ne
962 885 1235 939 videretur
1260 884 1327 939 ab
1366 901 1453 939 eo.
1476 889 1581 939 Aut
1608 900 1719 939 non

148 976 289 1028 vidit
325 994 447 1030 eum
482 978 733 1032 imlutum
777 978 960 1031 habitu
994 980 1163 1045 regio.
1199 995 1306 1046 quo
1341 978 1562 1033 indutus
1605 986 1723 1032 erat

160 1071 383 1139 quando
411 1071 616 1124 dictum
643 1082 726 1126 est
763 1089 776 1126 :
823 1072 941 1125 Non
974 1074 1100 1125 cidit
1126 1088 1240 1126 eum
1276 1088 1438 1141 usque
1468 1074 1520 1125 in
1583 1073 1723 1126 client

162 1165 352 1216 mortis
414 1182 544 1229 stur,
597 1165 922 1219 subauditur
995 1166 1243 1219 indutum
1311 1166 1494 1219 habitu
1552 1166 1721 1236 regio.

162 1258 517 1325 Exspnliasse
549 1274 678 1312 vero
710 1274 767 1312 se
794 1275 897 1313 non
927 1258 1185 1313 omnibus
1214 1258 1573 1323 veSIimentis,
1625 1256 1723 1313 sed

157 1350 441 1417 regalibus
470 1360 705 1412 tantum,
736 1350 1145 1420 intelligendum
1175 1360 1286 1405 est.

239 1442 399 1511 (Cap.
446 1442 565 1495 XX.
607 1473 673 1482 ι-
705 1442 860 1496 Vers.
902 1444 986 1505 I3,
1016 1444 1170 1510 14.):
1215 1443 1277 1499 Et
1337 1445 1409 1499 sit
1462 1443 1725 1500 Dominus

158 1541 369 1596 tecum,
404 1536 546 1588 sicut
575 1533 676 1587 fuit
702 1549 823 1587 cum
894 1543 1051 1604 patre
1101 1552 1249 1591 meo.
1311 1535 1376 1589 Et
1424 1538 1468 1591 si
1513 1539 1723 1603 vixero,

159 1628 337 1683 iacias
370 1629 503 1681 mihi
538 1629 973 1683 misericordiam
1007 1629 1241 1684 Domini.
1286 1647 1303 1680 ι
1338 1630 1419 1684 Sit
1450 1631 1716 1687 Dominus

164 1732 346 1775 tecum
377 1721 515 1775 sicut
542 1721 639 1775 fuit
669 1737 791 1776 cum
829 1732 981 1790 patre
1034 1738 1176 1787 meo,
1214 1722 1266 1776 id
1320 1734 1425 1786 est,
1492 1723 1725 1780 sublime

158 1810 333 1865 faciat
398 1828 623 1880 regnum
678 1823 850 1877 tuum,
897 1814 1039 1867 sicut
1084 1813 1317 1869 sublime
1373 1814 1501 1868 fecit
1553 1816 1723 1882 patris

166 1903 277 1956 mei
311 1920 557 1972 regnum.
609 1924 626 1954 α
658 1903 722 1958 Et
770 1906 813 1959 si
852 1908 1064 1965 vixero.
1108 1906 1275 1960 facias
1327 1908 1459 1960 mihi
1518 1907 1728 1960 miseri-

160 1994 409 2047 cordiam
463 1995 698 2059 Domini,
746 2015 763 2047 ι
816 2008 873 2051 ut
910 1997 1121 2050 scilicet
1165 1998 1266 2050 sim
1329 1997 1625 2051 secundum
1676 1997 1729 2049 in

164 2099 451 2155 regnotuo
480 2104 492 2148 ;
530 2106 546 2137 ι
583 2098 634 2141 et
659 2091 703 2142 si
736 2098 987 2143 mortuus
1019 2089 1193 2154 fuero,
1245 2107 1347 2145 non
1380 2091 1596 2145 auferes
1629 2092 1733 2143 mi-

162 2180 527 2236 sericordiam
567 2192 714 2236 tuam
751 2199 780 2237 a
816 2185 975 2239 domo
1012 2200 1127 2239 mea
1155 2199 1327 2254 usque
1357 2188 1410 2238 in
1442 2185 1733 2253 sempiter-

161 2289 323 2328 rturn.
362 2294 378 2324 ι

243 2366 399 2433 (Cap.
459 2366 605 2421 XXI.
640 2396 709 2409 -υ
757 2369 913 2425 Vers.
976 2370 1054 2440 I.)
1112 2369 1267 2424 Venit
1318 2380 1499 2425 autem
1568 2370 1732 2425 David

167 2460 223 2511 in
284 2459 437 2513 Nobe
490 2461 553 2513 ad
612 2462 931 2517 Ahimelecb
980 2464 1340 2519 sacerdotem.
1382 2485 1399 2517 ι
1458 2467 1736 2521 Abimelec

166 2552 290 2615 ipse
350 2562 432 2605 est
501 2553 597 2619 Aja
679 2553 822 2608 filius
876 2555 1095 2622 Abitob,
1158 2556 1250 2610 lilii
1319 2555 1575 2622 Phinecs,
1638 2558 1735 2612 lilii

171 2640 317 2695 "eli.

244 2732 428 2795 (Vers.
465 2734 544 2799 5.)
578 2752 594 2784 ι
639 2734 703 2788 Ει
734 2735 955 2791 fuerunt
991 2753 1117 2793 vasa
1158 2754 1450 2805 puerorum
1486 2750 1732 2792 saneta.»

168 2822 494 2876 Altimelech
563 2825 856 2895 interrogat
898 2836 1075 2882 utrum
1120 2829 1280 2881 David
1323 2838 1375 2881 et
1426 2829 1577 2896 pueri
1629 2828 1737 2891 sui,

175 2930 321 2981 quos
350 2915 402 2967 in
434 2916 610 2981 illum,
652 2926 703 2969 et
729 2918 790 2971 in
850 2918 997 2973 illum
1067 2920 1243 2973 locum
1304 2920 1632 2973 conduxisse
1681 2934 1739 2975 se

173 3008 413 3069 dixerat,
484 3009 669 3061 mundi
737 3020 940 3065 essent.
997 3011 1161 3065 David
1212 3027 1342 3066 vero
1398 3013 1739 3079 aznigmatice

173 3098 468 3166 pluraliter
503 3100 567 3152 de
592 3099 774 3165 seipse
806 3103 1105 3169 respondit,
1161 3102 1349 3158 dicens
1379 3118 1396 3157 :
1443 3124 1461 3155 ι
1520 3105 1583 3158 Et
1617 3107 1736 3159 lue-

1822 620 1874 665 et
1906 614 2134 666 orationi
2170 623 2510 668 vacaturum.

1899 703 2054 773 (Cap.
2086 704 2251 760 XXII.
2304 737 2361 744 —
2413 707 2567 760 Vers.
2600 707 2678 773 5.)
2714 724 2731 756 ς
2781 705 3029 775 Dixitque
3088 706 3200 761 Gad
3255 719 3385 774 pro-

1829 796 1994 861 pheta
2019 796 2083 850 ad
2120 795 2283 852 David
2330 797 2490 852 :Noii
2513 813 2730 852 manere
2765 799 2817 851 in
2846 800 3119 865 praesidio.
3160 799 3387 853 Proﬁci-

1826 905 1981 944 scere
2027 900 2082 943 et
2114 890 2247 944 vade
2282 892 2333 943 in
2392 902 2593 945 terram
2650 890 2813 945 Juda.
2852 910 2869 942 ι
2906 890 3039 944 Miro
3078 894 3235 946 modo
3299 893 3386 945 hic

1828 982 2194 1036 introducitur
2248 982 2359 1035 Gad
2400 987 2676 1049 propheta,
2707 1000 2829 1037 cum
2865 986 2915 1038 in
2956 985 3384 1053 praicedentibus

1826 1075 1943 1145 ejus
1977 1076 2120 1130 nulla
2159 1077 2296 1130 facta
2324 1076 2483 1129 fuerit
2509 1080 2730 1133 mentio.
2756 1077 2845 1132 Sic
2871 1080 3052 1146 itaque
3088 1077 3174 1131 hic
3205 1077 3378 1130 intro-

1828 1171 2073 1235 ducitur,
2112 1172 2254 1225 sicut
2288 1170 2436 1223 Elias
2464 1171 2722 1238 propheta
2757 1172 2807 1223 in
2836 1171 2953 1225 loco
3005 1171 3094 1225 ubi
3131 1170 3332 1223 dicitur
3370 1187 3382 1223 :

1829 1263 1898 1317 Et
1935 1264 2071 1317 dixit
2108 1264 2259 1318 Elius
2317 1263 2580 1316 Thesbites
2636 1261 2699 1314 de
2747 1261 3129 1315 habitatoribus
3180 1260 3389 1316 Golaad

1829 1356 1947 1427 (III
1980 1357 2104 1425 Reg.
2142 1372 2275 1415 xvn,
2310 1356 2385 1424 I).
2426 1357 2498 1409 Ex
2532 1370 2627 1409 ore
2659 1355 2840 1422 itaque
2876 1352 3084 1407 Domtui
3119 1354 3229 1409 (λιιι
3268 1369 3391 1421 pro-

1828 1452 1988 1519 pheta
2030 1448 2196 1501 David
2236 1447 2393 1507 dixit,
2431 1456 2489 1499 ut
2532 1462 2636 1498 nuo
2673 1452 2978 1498 moraretur
3031 1444 3171 1497 inter
3201 1455 3388 1513 gentes

1830 1550 1884 1595 et
1922 1542 1974 1594 in
2016 1550 2159 1592 terra
2188 1538 2413 1605 polluta,
2438 1536 2530 1590 sed
2561 1537 2611 1588 in
2657 1546 2851 1607 terram
2888 1535 3026 1589 Juda
3060 1535 3279 1599 rediret,
3333 1544 3389 1587 et

1831 1635 1903 1689 ibi
1929 1635 2082 1702 juxta
2113 1632 2444 1685 voluntatem
2500 1629 2711 1684 Domini
2750 1631 3179 1698 persecutionem
3215 1628 3391 1681 inimi-

1831 1734 2017 1781 curtttn
2053 1725 2235 1780 ferret.

1905 1815 2083 1885 (Vera.
2107 1818 2219 1883 IS.)
2254 1817 2349 1870 «Et
2387 1814 2676 1869 trucidavit
2699 1816 2879 1868 Doecb
2914 1813 3187 1868 Idumzrus
3217 1815 3268 1866 in
3304 1813 3390 1866 die

1835 1906 1924 1960 illa
1952 1908 2228 1975 octoginta
2261 1907 2503 1975 quinque
2536 1906 2683 1958 viros
2727 1905 2949 1958 vestitos
2983 1904 3156 1971 ephod
3193 1904 3386 1957 lineo.)

1834 2000 1889 2053 In
1936 1998 2158 2051 Ilebrreo
2204 1997 2467 2061 habetur,
2527 2005 2845 2064 «portantes
2898 1995 3070 2062 ephod
3135 1994 3389 2046 linennm

1835 2091 2000 2142 Aiunt
2040 2088 2271 2147 Ilebrzei.
2306 2104 2411 2141 non
2437 2103 2627 2140 omnes
2658 2086 2832 2155 ephod
2871 2087 3070 2139 lineum
3124 2097 3392 2153 portasse,

1835 2184 1926 2235 sed
1970 2181 2102 2235 tales
2160 2196 2254 2233 eos
2290 2180 2481 2242 fuisse,
2542 2179 2632 2246 qui
2696 2180 2881 2247 utique
2930 2178 3075 2247 digiti
3111 2189 3162 2231 et
3215 2179 3395 2231 idonei

1834 2280 2019 2326 essent
2051 2270 2117 2324 ad
2162 2270 2491 2337 portandum
2522 2267 2722 2337 ephod.

1907 2362 2060 2432 (Cap.
2099 2360 2284 2414 XXIII.
2311 2390 2382 2402 ——
2420 2360 2570 2413 Vers.
2602 2359 2713 2428 II.)
2751 2378 2769 2412 ι
2803 2358 2860 2412 Si
2916 2360 3131 2413 tradent
3165 2375 3248 2413 me
3294 2360 3397 2413 viri

1838 2454 2077 2509 Ceiiazin
2112 2469 2303 2506 manus
2330 2452 2472 2519 ejus,
2518 2460 2569 2505 et
2622 2452 2665 2505 si
2716 2451 3007 2505 deSCendct
3057 2450 3186 2503 Sattl
3254 2451 3398 2503 sicut

1840 2547 2048 2599 audivit
2081 2562 2271 2599 servus
2305 2556 2453 2601 tuus.
2486 2544 2713 2595 Domine
2776 2542 2918 2597 Deus
2972 2540 3161 2603 Israel,
3218 2542 3394 2596 indica

1840 2656 1995 2694 servo
2048 2650 2162 2693 tuo.
2212 2639 2276 2691 Et
2331 2640 2405 2690 ait
2458 2638 2739 2697 Dominus.
2790 2636 3112 2689 Desceudet.
3154 2656 3172 2687 ι
3224 2639 3297 2688 Ac
3351 2636 3395 2689 si

1840 2734 2062 2796 diceret,
2133 2734 2178 2787 si
2215 2734 2304 2786 hic
2332 2732 2570 2797 steteris,
2603 2731 2918 2785 descendet.
2960 2731 3017 2783 Et
3073 2729 3214 2795 quod
3272 2730 3346 2781 ait
3380 2747 3395 2783 :

1847 2845 1865 2877 ι
1901 2826 1954 2879 Si
1982 2826 2192 2877 tradent
2228 2840 2313 2877 me
2354 2824 2452 2877 viri
2486 2824 2647 2877 Ceilte
2676 2840 2690 2888 ;
2742 2832 2792 2875 et
2827 2822 3085 2874 Dominus
3133 2823 3228 2883 ait,
3261 2822 3396 2874 Tra-

1840 2916 1972 2969 deut
2003 2933 2017 2980 ;
2055 2934 2072 2966 ›
2109 2916 2210 2969 iste
2238 2924 2321 2968 est
2368 2930 2565 2967 sensus
2599 2931 2614 2977 ;
2650 2913 2703 2966 Si
2738 2913 3087 2965 descenderit
3136 2912 3285 2973 Saul,
3350 2922 3404 2965 et

1842 3008 1931 3061 hic
1962 3020 2010 3061 te
2043 3008 2334 3068 invenerit,
2372 3006 2611 3059 tradent.
2648 3004 2845 3067 Porro,
2877 3019 2943 3057 eo
2997 3013 3237 3070 tempore
3291 3019 3399 3071 quo

1847 3103 2053 3170 fugerat
2080 3101 2338 3153 Abiathar
2362 3099 2503 3152 lilius
2532 3098 2844 3151 Abimelrch
2874 3098 2936 3150 ad
2966 3096 3128 3149 David
3159 3100 3208 3147 in
3230 3096 3400 3161 Ceila,

186 3200 315 3241 runt
351 3204 475 3243 vasa
511 3206 799 3258 puerorum
857 3203 1069 3257 sancta,
1110 3212 1126 3246 ι
1161 3211 1189 3248 a
1225 3199 1511 3251 concubitu
1551 3202 1744 3267 coojn.
1775 3187 1815 3241 C
1850 3195 2021 3262 ephod
2076 3208 2258 3244 secum
2309 3192 2513 3243 habens
2568 3191 2925 3243 descenderat
2962 3206 2977 3253 ;
3037 3187 3214 3255 ephod
3272 3187 3404 3239 illud

177 3281 309 3350 gali.
345 3280 495 3344 Quod
530 3297 654 3336 vero
682 3284 775 3342 ait,
820 3302 838 3334 ‹
872 3285 1037 3337 Porro
1064 3286 1146 3338 via
1178 3286 1289 3340 hare
1333 3288 1540 3353 polluta
1576 3299 1677 3351 est,
1717 3309 1734 3342 ι

180 3382 236 3426 et
266 3373 319 3425 in
355 3371 581 3427 Ilebrzeo
606 3375 821 3445 legitur,
857 3394 874 3426 ι
926 3377 1094 3431 Porro
1139 3380 1221 3431 via
1250 3380 1365 3432 bare
1395 3380 1535 3435 Iaica
1567 3393 1668 3449 est,
1718 3402 1736 3433 ι

183 3462 265 3515 sic
295 3471 381 3516 est
429 3463 837 3532 intelligendum
871 3484 883 3519 :
921 3466 1003 3518 via
1063 3468 1175 3521 lucc
1231 3468 1366 3520 Iaica
1429 3481 1536 3532 est,
1589 3485 1651 3523 ac
1697 3471 1742 3525 si

182 3553 394 3605 diceret
423 3569 435 3606 :
470 3553 523 3605 In
557 3555 671 3621 lege
697 3562 1022 3621 prmeeptum
1056 3564 1166 3616 est,
1199 3562 1259 3609 ut
1312 3566 1605 3611 extraneus
1638 3574 1742 3612 non

196 3644 447 3697 comedat
472 3659 533 3695 ex
573 3645 651 3697 eis
685 3660 700 3698 :
737 3654 789 3697 et
838 3655 896 3698 ut
952 3647 1255 3715 interrogas
1325 3657 1503 3701 utrum
1560 3651 1743 3703 mundi

182 3736 298 3788 sint
324 3734 498 3801 pueri,
533 3737 623 3804 qui
662 3739 853 3800 etiam,
880 3738 923 3791 si
952 3738 1137 3791 mundi
1174 3750 1376 3803 essent,
1407 3756 1744 3809 nequaquam

183 3827 266 3877 eis
292 3828 438 3879 vesci
479 3827 757 3880 deberent.
801 3826 1006 3880 Idcirco
1042 3831 1123 3879 via
1150 3830 1264 3881 hac
1308 3840 1388 3882 est
1424 3831 1580 3895 Iaica,
1620 3831 1746 3898 quia

189 3924 243 3967 tn
276 3914 544 3967 laicaliter
579 3915 904 3985 interrogas.
939 3914 1090 3980 Quod
1122 3935 1247 3973 vero
1278 3920 1523 3986 sequitur
1558 3936 1571 3972 ε
1608 3922 1747 3975 «Sed

185 4014 240 4055 et
291 4004 403 4070 ipsa
458 4004 616 4057 hodie
670 4006 1107 4059 sanctiﬁcabitur
1154 4010 1203 4059 in
1248 4010 1395 4062 vasis
1425 4010 1453 4047 δ
1491 4025 1505 4062 :
1547 4028 1564 4059 ι
1621 4010 1735 4077 ipsa

187 4097 381 4164 utique
414 4096 466 4148 in
502 4095 668 4158 vasis,
697 4096 748 4149 id
785 4105 865 4150 est
900 4098 953 4149 in
1013 4108 1191 4152 tuente
1232 4116 1349 4163 sua,
1412 4102 1743 4155 sanctificari

193 4188 437 4241 dicitur:
470 4187 593 4253 quia
627 4188 731 4240 nisi
767 4191 1095 4243 necessitate
1126 4192 1373 4255 corporis
1418 4203 1469 4245 et
1506 4193 1748 4261 periculo

192 4283 321 4334 vitae
372 4289 620 4347 urgente,
652 4296 993 4347 nequaquam
1024 4293 1331 4335 vesceretur
1362 4286 1440 4337 eis
1470 4299 1487 4350 ;
1528 4300 1633 4337 non
1671 4293 1754 4338 ta-

197 4388 320 4426 men
359 4382 545 4439 aperte
569 4374 788 4427 eosdem
819 4373 1017 4442 legitur
1046 4372 1207 4427 David
1243 4391 1408 4443 panes
1428 4379 1749 4435 comedisse.

192 4462 445 4515 Tradnnt
478 4462 684 4517 Hebraei
723 4479 1067 4532 nequaquam
1104 4464 1274 4519 David
1322 4482 1416 4521 eos
1448 4469 1755 4525 comedisse

195 4568 371 4622 panes
404 4569 419 4616 ;
454 4556 545 4607 sed
572 4554 729 4607 aliter
764 4563 945 4609 tamen
984 4567 1004 4593 ε
1050 4558 1064 4585 ¹
1098 4554 1355 4611 Dominus
1381 4559 1431 4610 in
1462 4557 1754 4631 Eva'ngelio

198 4642 415 4709 (Matth.
448 4661 543 4709 xu,
568 4644 644 4711 4).

271 4734 456 4803 (Vers.
498 4736 571 4804 7.)
612 4736 743 4790 Erat
775 4746 954 4791 autem
993 4739 1065 4793 ibi
1098 4739 1314 4807 quidam
1348 4740 1429 4794 vir
1483 4741 1549 4794 de
1581 4747 1755 4799 servis

199 4829 329 4882 Saul
358 4830 408 4881 in
431 4830 517 4882 die
548 4830 633 4882 illa
661 4832 808 4882 intus
841 4834 893 4883 in
923 4832 1298 4895 tabernaculo,
1329 4844 1380 4888 et
1410 4850 1601 4888 nomen
1638 4836 1756 4902 ejus

198 4920 380 4973 Doecb
414 4918 523 4990 [ΑΙ.
564 4918 697 4990 Dog]
755 4921 1041 4975 Idumaeos.
1088 4942 1105 4974 ›
1142 4922 1194 4976 In
1247 4922 1474 4979 Hebraeo
1536 4927 1757 4991 dicitur,

205 5032 222 5065 ‹
259 5013 541 5079 Obligatus
574 5013 624 5064 in
656 5024 946 5080 conspectu
981 5014 1217 5067 Domini.
1260 5034 1277 5065 ι
1310 5014 1591 5084 Obligatus
1616 5017 1755 5069 idem

200 5104 378 5157 Doecb
413 5104 678 5157 ldumreus
709 5112 823 5158 erat
856 5115 1000 5168 voto,
1036 5121 1143 5174 quo
1178 5122 1235 5160 se
1298 5108 1627 5177 obligaverat
1663 5108 1762 5161 ali-

277 5236 618 5314 fDon-inum
660 5240 861 5314 glesum
917 5252 968 5295 et
1024 5242 1373 5309 Evangelium
1429 5245 1548 5312 ejus
1594 5261 1762 5314 oppo»

201 5309 311 5382 suit
371 5308 669 5382 Traditioni
726 5311 1073 5364 llcbrteorum
1127 5308 1315 5365 auctor
1351 5308 1577 5381 hujusce
1626 5308 1759 5382 ope-

204 5378 303 5440 ris,
342 5391 513 5443 quare
545 5376 701 5432 laede
735 5382 943 5433 creditu
1007 5382 1243 5445 videtur,
1283 5376 1459 5450 ipsum
1516 5386 1567 5437 in
1600 5376 1759 5438 Cliri-

282 5527 299 5545 ·
334 5516 559 5569 Rectius
586 5532 749 5585 penes
778 5515 1084 5579 Rabanum,
1109 5516 1366 5581 quomodo
1409 5517 1491 5569 llic
1543 5514 1764 5584 prop/ie-

207 5596 367 5635 (osse.

274 5653 492 5723 bAeIdit
553 5669 652 5707 ms.
694 5654 946 5708 Ambros.
1010 5656 1175 5716 meis,
1223 5654 1362 5719 quod
1414 5654 1762 5723 snbseqnenti

208 5722 477 5791 versiculo
509 5723 705 5791 jungit.

279 5801 301 5825 τ
342 5790 791 5846 ιιηωυυςιυυω
859 5794 1084 5857 locum,
1150 5810 1209 5847 es
1275 5811 1379 5863 quo
1438 5795 1763 5848 Christiana:

1845 3295 1958 3337 erat
2012 3284 2153 3349 quod
2174 3282 2402 3351 Moyses.
2456 3282 2685 3350 jtthente
2746 3280 2998 3340 Domino,
3054 3279 3256 3332 fecerat
3294 3297 3308 3342 ;
3348 3279 3403 3331 in

1846 3390 1951 3443 quo
1980 3385 2120 3436 erat,
2150 3374 2394 3426 doctrina
2428 3387 2470 3426 et
2494 3374 2708 3437 veritas,
2742 3372 2793 3426 in
2817 3387 2922 3441 quo
2945 3372 3105 3425 etiam
3135 3371 3408 3426 consuluit

1847 3469 2099 3521 sacerdos
2126 3467 2149 3505 ά
2193 3466 2497 3519 Dominum.

1922 3557 2105 3626 (Vers.
2139 3557 2249 3625 I8.)
2294 3576 2311 3605 ι
2348 3554 2624 3609 Percussit
2652 3554 2816 3622 igitur
2845 3562 3098 3620 uterque,
3134 3552 3405 3607 Jonatlian

1849 3650 2059 3703 scilicet.
2091 3656 2143 3700 et
2175 3646 2362 3709 David,
2424 3644 2601 3698 [trdus
2639 3659 2824 3697 coram
2863 3642 3111 3697 Domino.
3152 3661 3169 3693 ι
3214 3642 3408 3694 Coram

1853 3742 2104 3800 Domino,
2138 3740 2187 3793 id
2218 3747 2295 3795 est
2349 3753 2529 3791 coram
2557 3736 2669 3789 Gad
2708 3736 2997 3803 pr0pbcta,
3041 3742 3096 3786 et
3149 3733 3411 3787 Abiatbar

1848 3833 2157 3893 sacerdote,
2204 3831 2295 3899 qui
2331 3829 2579 3897 portabat
2607 3828 2806 3894 ephod.

1926 3923 2107 3991 (νοω.
2141 3920 2256 3990 25.)
2284 3937 2302 3970 ι
2342 3919 2445 3972 lvit
2508 3916 2671 3985 igitur
2731 3916 2859 3969 Saul
2891 3925 2941 3968 et
2985 3915 3117 3970 socii
3171 3913 3289 3980 ejus
3340 3914 3405 3965 ad

1856 4024 2233 4086 quarrendam.
2272 4012 2335 4064 Et
2370 4010 2671 4064 nuntiatum
2723 4018 2802 4062 est
2866 4006 3059 4068 David,
3118 4007 3412 4075 statimque

1856 4108 2139 4163 descendit
2205 4106 2268 4158 ad
2330 4114 2559 4173 petram,
2611 4109 2664 4153 et
2707 4100 3028 4151 versabatur
3092 4100 3142 4149 in
3192 4098 3408 4151 deserto

1856 4202 2031 4253 Maon.
2071 4216 2088 4248 ι
2153 4196 2507 4249 Descvndisse
2541 4193 2603 4243 ad
2658 4201 2863 4258 petram
2923 4191 3145 4248 dicitur,
3204 4190 3253 4239 id
3322 4200 3410 4242 est

1856 4291 1921 4344 ad
1976 4288 2307 4341 tutissimum
2364 4282 2644 4345 lucum,in
2666 4295 2771 4347 quo
2807 4295 2866 4332 ea
2929 4295 3048 4347 qua:
3098 4280 3199 4330 sibi
3257 4280 3411 4332 oneri

1857 4393 1909 4438 et
1940 4382 2121 4450 gravia
2166 4388 2344 4441 erant,
2394 4373 2662 4441 reposuit.
2729 4373 2790 4423 Et
2828 4373 2943 4439 ipse
2982 4372 3299 4425 versabatur
3354 4371 3407 4424 in

1862 4476 2077 4530 deserto
2106 4472 2285 4532 Maon,
2313 4483 2419 4537 quo
2445 4467 2546 4521 sibi
2576 4464 2862 4531 suliugium
2896 4464 3130 4531 patebat.

1935 4566 2086 4635 (Cap.
2123 4564 2288 4617 XXV.
2324 4592 2388 4600 ——
2418 4560 2573 4614 Vers.
2611 4561 2690 4627 9..)
2735 4580 2751 4611 ‹
2796 4561 2919 4613 Erat
2945 4570 3123 4611 autem
3162 4560 3412 4627 \it'quis-

1866 4658 2012 4724 piant
2048 4658 2101 4708 in
2144 4655 2435 4707 solitudine
2470 4652 2645 4705 Maou.
2681 4670 2697 4702 ι
2744 4650 2998 4701 Ilcbrzeus
3055 4649 3157 4701 hoc
3193 4650 3243 4701 in
3299 4652 3417 4702 loco

1865 4764 1976 4801 non
2014 4748 2199 4810 habet,
2266 4748 2317 4798 in
2369 4746 2673 4797 solitudine.
2729 4740 2783 4794 In
2825 4741 2975 4793 Μειοη
3030 4743 3170 4793 enim
3202 4743 3417 4795 civitate

1865 4840 2160 4902 habitabat,
2188 4853 2291 4889 non
2331 4838 2381 4889 in
2409 4836 2720 4889 solitudine.

1938 4928 2118 4995 (Vers.
2158 4925 2272 4991 ‘2l.)
2324 4943 2341 4974 ι
2378 4924 2513 4977 Vere
2557 4924 2755 4975 frustra
2806 4923 3015 4975 servavi
3073 4922 3253 4973 omnia
3302 4935 3417 4988 qu:e

1869 5021 2028 5089 hujus
2082 5026 2257 5081 erant,
2290 5024 2345 5070 et
2395 5031 2501 5068 non
2552 5017 2708 5081 periit
2738 5016 3031 5083 quidquam
3093 5014 3158 5065 de
3204 5013 3417 5065 cunctis

1868 5130 1985 5182 qua:
2007 5112 2073 5165 ad
2103 5126 2227 5163 eum
2264 5109 2624 5177 pertinebant,
2677 5119 2729 5161 et
2751 5109 2983 5161 reddidit
3035 5105 3164 5157 mihi
3216 5105 3417 5157 malum

1870 5262 2009 5307 stum
2051 5248 2373 5309 credidisse,
2403 5255 2459 5299 ut
2488 5246 2599 5313 jam
2657 5246 2785 5297 alibi
2822 5259 2848 5296 a
2883 5243 3036 5295 nobis
3067 5244 3414 5293 Observatum

1870 5334 1967 5377 ρει.

1870 5519 2114 5587 religioni
2155 5531 2348 5569 nomen
2386 5514 2603 5567 dedisse
2647 5514 2925 5587 llebrzeum
2954 5509 3162 5587 _operis
3222 5520 3420 5560 aucto-

1872 5582 2373 5657 reuiargumcntari
2418 5589 2609 5637 iterum
2664 5586 2809 5647 licet,
2845 5582 3060 5651 penitus
3103 5594 3205 5630 non
3251 5592 3422 5645 agno-

1903 5662 1992 5713 cit.

1873 5679 1992 5715 seu.

1938 5729 1958 5764 "
1994 5728 2132 5781 Idem
2174 5724 2338 5779 Dut‘id
2371 5724 2645 5793 διψιιιιιιίι,
2670 5739 2761 5791 pro
2805 5722 3067 5776 sacerdos.
