2102 3654
383 200 449 233 1407

1091 196 1297 229 AI’PENDIX.

1938 198 2001 230 14οἢ

381 268 429 294 pro
442 261 522 286 bono.
541 267 549 283 1
568 257 646 285 Tunc
673 257 774 292 quippe
806 256 831 283 ei
856 256 974 283 reddidit
993 254 1095 281 malum
1116 261 1165 289 pro
1180 255 1200 282 It
1217 260 1342 282 mortuus
1359 255 1474 290 legatur.
1490 262 1540 282 cur
1557 255 1602 282 hic.
1625 259 1765 289 repetatur
1778 260 1914 281 mortuus.
1931 255 1999 281 Slur.

380 305 465 336 bono,
480 303 591 338 quando
612 302 809 338 blasphemavil
837 310 899 329 eum
924 300 1117 332 conviciando.
1137 304 1164 328 et

380 352 447 378 dixit
468 361 473 377 :
499 361 508 377 1
525 351 592 384 Quis
601 357 642 378 est
659 350 741 377 David
757 350 855 385 etquis
865 354 906 376 est
923 348 1066 375 liliuslsai?
1078 347 1164 375 Iludic

381 399 559 425 increverunt
571 396 713 431 servi,qni
746 395 874 431 fugerunt
903 395 1031 422 dominos
1056 401 1122 422 suos
1151 402 1161 420 ι

380 445 471 480 (ven.
489 446 544 481 1ο).

417 493 504 527 (Vcrs.
520 492 577 526 26.)
593 502 602 518 1
628 492 659 519 Et
673 501 745 520 nunc.
765 493 830 519 ﬁant
858 493 929 519 sicut
947 492 1031 519 Nabal
1061 490 1162 517 ittimici

380 542 437 573 tui;
455 545 482 568 et
498 540 543 574 qui
563 544 691 573 quierunt
710 538 824 567 domino
842 547 901 566 meo
915 539 1027 566 malum.
1045 547 1054 563 1
1074 537 1164 570 Fiant,

381 587 481 620 inquit.
500 587 574 615 sicut
586 585 682 619 Nabal,
702 590 732 613 ut
747 586 943 620 percantsicut
955 584 1037 611 Nabal
1052 584 1078 611 iu
1095 584 1164 612 stul-

379 634 437 660 titia
451 641 511 661 sua.

413 680 502 714 (Vers.
523 680 579 711 30.)
595 679 662 707 Cum
691 686 756 715 ergo
773 679 867 707 fecerit
893 678 1024 706 Dominus
1041 678 1088 705 tibi
1115 678 1164 705 do-

379 727 454 752 mino
470 733 530 752 meo
545 726 636 752 omnia
655 733 716 759 qute
737 726 846 752 locutus
873 729 915 751 est
932 727 1001 751 bona
1032 725 1065 751 de
1086 730 1122 756 te.
1138 728 1166 751 et

379 772 555 798 constituerit
573 777 599 799 te
611 771 708 800 ducem
728 771 821 803 Israel.
851 779 905 798 non
925 771 974 799 erit
992 771 1039 798 tibi
1059 772 1110 798 hoc
1137 770 1163 797 in

380 818 544 852 singultum.
565 828 573 845 1
589 819 647 846 Non
667 819 730 849 erit.
749 817 849 849 inquit.
867 818 917 845 tibi
940 818 991 844 hoc
1009 818 1035 844 in
1063 816 1165 851 singul-

381 868 454 896 tum;
479 868 508 890 ut
529 865 610 892 modo
629 864 752 891 ellundas
767 865 928 899 sanguinem
948 864 1043 897 Nabal,
1065 869 1165 898 etpro-

380 915 440 943 pter
453 911 503 938 hoc
519 912 635 938 ﬂendum
652 911 698 938 tibi
715 912 750 938 sit
764 916 792 938 et
805 911 1002 946 paenitendum.

417 957 504 992 (Vers.
522 958 580 991 44.)
608 957 672 984 Sani
694 963 785 994 autem
800 958 875 985 dedit
891 957 972 984 tiliam
1002 965 1081 985 Suam
1113 956 1162 984 Mi-

380 1002 441 1028 11101
458 1010 569 1029 umrem
585 1003 681 1035 David,
702 1004 787 1030 l‘halti
808 1004 863 1030 ﬁlio
879 1003 951 1033 Lais.
975 1005 1021 1038 qui
1049 1009 1107 1031 erat
1130 1004 1164 1031 de

380 1048 489 1076 t‘.:o|lim.
504 1059 512 1074 1
529 1049 560 1077 Ut
579 1050 683 1076 llcbrzei
702 1051 823 1081 tradunt.
840 1059 892 1077 non
909 1051 1035 1085 cognorit
1050 1058 1082 1077 ea
1095 1058 1110 1075 11
1135 1054 1163 1082 I;

381 1094 405 1120 id
422 1100 463 1122 cst
491 1096 577 1122 Phalti
596 1103 602 1121 :
619 1096 749 1129 quoniam
769 1096 792 1123 si
807 1097 981 1130 cognovisset
1000 1103 1073 1126 eam.
1093 1104 1164 1123 nun-

381 1149 461 1174 quam
476 1142 557 1169 David
576 1142 627 1169 sibi
643 1151 701 1169 eam
715 1147 807 1176 postea
822 1143 966 1173 sociasset.
979 1143 1041 1177 quia
1064 1142 1092 1169 in
1107 1142 1165 1177 lege

380 1188 488 1216 t-cnitus
505 1188 660 1222 hujusmodi
677 1189 839 1222 prohibetur
850 1189 947 1216 coitus.
959 1188 1031 1215 Idem
1048 1196 1165 1222 namque

380 1233 467 1260 l’halti
496 1234 528 1260 de
557 1235 665 1267 Gallim,
697 1235 722 1261 id
749 1239 791 1263 est
819 1236 853 1262 tle
876 1235 1066 1267 inundatione.
1094 1241 1163 1262 erat.

378 1281 387 1307 1
402 1280 532 1310 .nndatio.
546 1280 598 1307 hoc
622 1287 661 1308 est
678 1281 775 1308 Gallim
789 1301 796 1312 .
817 1282 859 1308 lex
889 1282 1062 1317 11111-111811111.
1084 1281 1164 1316 ιεαῐε

378 1326 450 1352 cuitu
467 1326 563 1353 doctor
576 1330 635 1353 erat
651 1327 684 1367 de
704 1327 846 1357 Bahurim.
876 1327 901 1354 id
929 1333 970 1355 est
993 1328 1027 1355 de
1054 1328 1163 1355 electis.

378 1372 494 1405 Quando
515 1377 606 1399 autem
626 1381 640 1400 a
659 1373 741 1400 Saule
763 1373 860 1400 Michnl
876 1374 899 1400 ei
913 1374 1004 1405 datur,
1019 1373 1119 1406 Phalti,
1136 1373 1164 1400 id

381 1424 423 1445 est
448 1419 570 1451 et-adens.
594 1419 799 1453 interpretatur.
823 1420 938 1452 Quando
972 1428 1037 1447 vero
1067 1421 1101 1446 ab
1129 1427 1163 1447 eo

377 1473 408 1490 ra
420 1465 471 1491 lem
491 1465 590 1492 lllichol
608 1466 741 1496 aufertur.
759 1466 883 1502 Pltaltiel,
901 1467 925 1493 id
947 1471 989 1494 est
1016 1466 1132 1494 evadent
1148 1475 1164 1493 (ι

380 1509 443 1543 Deo,
471 1511 681 1545 interpretatur.
710 1510 861 1539 Eradt-nsa
880 1511 935 1538 Deo
961 1512 1073 1542 dicitur.
1100 1511 1163 1545 quia

378 1556 529 1583 custmlivit
543 1564 618 1587 eum.
639 1564 672 1584 ne
687 1560 811 1589 tangeret
822 1565 892 1588 eam.
911 1565 944 1584 ne
965 1557 1041 1585 ﬁeret
1070 1562 1161 1585 trans-

1216 306 1278 329 tuus
1300 302 1355 333 hic.
1382 306 1411 329 ut
1441 301 1667 334 llebraeivoluut,
1701 302 1921 330 resuscitatiouis
1950 309 2000 327 sua:

1215 357 1298 376 eausa
1319 350 1450 385 repetitur
1465 349 1490 375 ι’.

1251 396 1340 431 (Vers.
1359 396 1399 431 b'.)
1415 406 1424 422 1
1440 396 1640 431 Cousuluitque
1658 396 1807 423 Dominum
1819 416 1827 428 ,
1846 400 1873 422 et
1892 402 1946 421 non
1963 402 1999 419 re-

1214 443 1326 478 spondit
1342 443 1379 475 ei.
1397 450 1486 479 neque
1500 451 1548 478 per
1559 443 1678 476 somnia.
1697 451 1785 475 neque
1804 451 1854 476 per
1873 442 1999 469 sacerdo-

1218 495 1269 518 tes.
1290 498 1299 515 1
1319 488 1460 524 11ριιτωυε,
1492 498 1501 515 ι
1522 489 1615 525 Neque
1641 497 1689 524 per
1714 489 1880 519 doctrinam.
1908 495 1996 522 neque

1216 547 1263 574 per
1282 540 1441 574 prophetas.
1459 550 1468 565 1
1489 538 1681 574 Respondebat
1697 539 1828 566 Dominus
1856 545 1906 572 per
1931 545 1999 564 som-

1217 587 1272 618 nia,
1290 587 1361 614 sicut
1375 587 1457 614 iidem
1471 586 1575 614 llebrzei
1592 590 1731 618 asserunt.
1745 594 1777 613 eo
1803 585 1877 620 quod
1898 583 1998 610 orando

1216 637 1243 660 et
1256 633 1406 668 jejunamlo
1418 633 1564 669 poscebant
1575 633 1717 660 oraculum
1730 632 1781 659 sibi
1797 633 1854 658 ﬁeri
1866 631 1997 662 divinant.

1216 684 1243 707 ct
1260 681 1331 707 Deus
1346 680 1401 707 illis
1417 688 1463 714 per
1476 680 1583 708 somnia
1607 679 1743 706 reVelabat
1764 686 1795 704 ea
1819 686 1882 711 quae
1913 677 1997 703 futura

1216 733 1308 756 erant.
1325 726 1397 760 quod
1414 726 1440 752 in
1458 725 1509 753 hoc
1526 726 1588 753 loco
1606 725 1718 752 minime
1735 724 1797 752 Saul
1811 724 1914 751 fecisse
1933 724 1995 758 legi-

1217 778 1273 801 tur.
1287 773 1339 801 Pcr
1349 773 1513 805 doctrinam.
1526 780 1573 807 per
1588 772 1678 807 ephod
1691 772 1805 800 scilicet.
1817 772 1891 806 quod
1906 778 1995 797 sacer-

1216 818 1266 845 dos
1281 817 1308 844 in
1325 823 1436 852 pectore
1452 817 1590 853 portabat.
1608 817 1700 852 Neque
1709 825 1754 851 per
1764 817 1918 851 prophetas,
1928 816 1998 850 quia.

1216 862 1270 890 illis
1282 863 1501 893 consulentibus.
1516 862 1649 891 Dominus
1670 870 1842 897 nequ-nquam
1857 863 2001 895 responde-

1222 911 1277 936 bat.
1293 908 1324 935 lli
1342 909 1480 944 propheta:
1491 909 1624 937 dicantur
1642 909 1727 936 fuisse
1741 909 1874 943 discipuli
1892 908 2001 935 Snnueo

1218 955 1261 987 lis.
1275 956 1376 990 quibus
1389 955 1617 991 prophetantibus
1628 955 1720 990 juuxit
1737 963 1766 982 se
1782 954 1860 987 Saul,
1891 959 1918 981 et
1940 962 1999 989 pro-

1216 1003 1349 1037 phetavit.

1252 1049 1291 1082 (V-
1305 1056 1342 1076 rs.
1360 1048 1397 1083 7.)
1430 1056 1439 1073 t
1457 1048 1577 1081 Quaerite
1603 1047 1670 1075 mihi
1694 1047 1834 1075 mulierem
1856 1047 2001 1074 habentem

1215 1094 1378 1130 Pythonem.
1400 1099 1426 1122 ct
1451 1095 1547 1122 vadam
1573 1095 1605 1122 ad
1634 1102 1705 1126 eam.
1731 1100 1757 1121 et
1777 1094 1942 1120 sciseitabur
1958 1101 2002 1127 per

1215 1141 1300 1168 illam.
1321 1150 1329 1166 1
1358 1141 1439 1168 Nullo
1463 1146 1574 1175 accepto
1604 1141 1737 1168 divinitus
1763 1139 1827 1167 Saul
1859 1147 2002 1174 respOuso.

1215 1188 1387 1216 convertitur
1402 1189 1435 1215 ad
1457 1180 1606 1224 I'ythones.
1621 1189 1752 1221 Quamvis
1768 1196 1832 1222 ergo
1849 1186 1914 1214 Saul
1932 1187 2001 1215 Iesa-

1217 1240 1262 1262 tur
1287 1235 1408 1262 crasisse
1433 1242 1527 1266 magos
1550 1240 1578 1262 et
1610 1235 1728 1262 hariolos
1753 1235 1786 1261 de
1821 1239 1915 1260 terra:
1936 1233 2004 1259 hanc

1216 1285 1307 1307 tamen
1324 1281 1465 1307 mulierem
1483 1279 1588 1307 Hebraei
1607 1285 1721 1307 nzalrem
1742 1278 1825 1306 fuisse
1847 1279 1942 1305 Abuer
1958 1277 2003 1304 lilii

1217 1327 1269 1354 Ner
1285 1332 1438 1360 autumant,
1453 1332 1479 1355 et
1501 1333 1611 1362 propter
1632 1328 1756 1355 eumdem
1776 1326 1880 1356 Abner.
1898 1333 1934 1352 ne
1960 1332 2004 1359 pe-

1215 1374 1362 1401 rimeretur
1378 1381 1440 1400 eum
1455 1373 1562 1401 caeteris
1579 1372 1764 1408 Pythonissis.
1784 1372 1950 1399 abscousam
1978 1375 2005 1397 et

1216 1424 1381 1447 reservatam
1400 1419 1498 1448 fuisse.

1247 1466 1333 1501 (Cap.
1352 1465 1434 1493 XXX.
1444 1481 1480 1486 —
1493 1466 1570 1493 Vers.
1585 1465 1643 1501 2.5.)
1671 1475 1679 1491 I
1695 1464 1750 1493 Nec
1763 1464 1859 1492 audiet
1870 1472 1919 1491 ros
1929 1465 2005 1499 quis-

1214 1521 1294 1548 quam
1309 1514 1343 1541 de
1355 1521 1482 1542 sermone
1505 1513 1568 1541 hoc.
1590 1513 1679 1548 Equa
1694 1514 1768 1539 enim
1795 1520 1859 1547 pars
1883 1512 1939 1540 erit
1955 1513 2002 1539 de-

1215 1559 1369 1586 scendentis
1384 1560 1415 1586 ad
1430 1560 1562 1594 praelium.
1574 1564 1602 1587 et.
1615 1558 1782 1587 remanentis
1794 1558 1827 1585 ad
1845 1559 2004 1586 sarcinas.»

377 1609 485 1636 gresSOr
501 1602 578 1637 legis.
597 1612 606 1628 ι
625 1603 794 1638 SecuLuSque
806 1608 847 1631 est
863 1612 920 1631 eam
938 1604 981 1631 vir
1013 1612 1081 1632 suus
1107 1605 1163 1638 plo-
1177 1593 1200 1624 (ἶ
1217 1604 1284 1631 Cum
1302 1605 1328 1631 in
1344 1593 1448 1632 Latinis
1471 1605 1616 1632 codicibus
1643 1605 1759 1640 legatur.
1787 1613 1797 1630 ‹
1816 1604 1909 1631 lassos
1923 1612 2006 1639 quos-

379 1656 442 1675 raus
456 1656 541 1683 usque
553 1649 584 1675 ad
601 1648 729 1676 Dahurim
745 1660 753 1675 1
775 1649 818 1683 (ΙΙ
834 1651 896 1686 Reg.
913 1659 954 1682 In.
971 1651 1026 1685 I6).
1039 1649 1165 1678 Plorasse

380 1694 481 1721 dicitur
496 1703 550 1729 prae
568 1696 679 1729 gaudio,
696 1703 728 1722 eo
749 1698 822 1731 quod
839 1697 973 1724 Dominus
982 1705 1046 1725 eum
1070 1701 1164 1724 custo-

379 1741 473 1772 dissnl,
488 1749 520 1767 ne
536 1749 596 1767 eam
613 1747 749 1776 tangeret.

416 1786 493 1821 (Cap.
508 1786 604 1815 XXVI.
616 1803 651 1808 —
668 1787 744 1815 Vers.
762 1788 800 1824 6.)
821 1799 830 1815 1
852 1790 896 1816 Ait
911 1794 1000 1817 autem
1028 1789 1112 1818 David
1129 1792 1162 1818 ad

382 1832 539 1859 A‘himelech
560 1832 681 1860 Ethmum
698 1837 725 1860 et
741 1833 833 1861 Abisai
863 1835 947 1862 illium
980 1835 1083 1863 Sarvice
1108 1837 1164 1864 I'ra-

382 1885 451 1905 trem
478 1877 558 1909 Joab.
583 1879 676 1907 dicens
699 1881 790 1913 :Quis
819 1881 966 1909 descendet
997 1889 1104 1909 mecum
1120 1883 1132 1909 ?
1151 1891 1161 1909 1

380 1925 537 1952 Ahimelech
556 1925 614 1959 ipse
627 1932 668 1953 est
684 1926 774 1954 Urius.
786 1926 866 1954 Urias
877 1935 941 1962 ergo
955 1928 1162 1962 intcrpretalur.

381 1974 428 1997 lux
455 1978 511 1997 mea
544 1970 622 1998 Deus.
652 1971 810 1999 Ahimelech
843 1973 1048 2007 inlerpretatnr,
1079 1974 1163 2008 frater

380 2023 453 2041 meus
470 2023 526 2042 ΥΡΞ.

417 2062 496 2096 (Cap.
513 2060 623 2089 XXVII.
639 2077 674 2082 —
694 2063 771 2091 γει-ε.
787 2064 828 2097 8.)
846 2073 855 2090 1
878 2063 911 2091 Et
924 2065 1047 2093 ascendit
1065 2065 1161 2097 David.

381 2111 408 2132 ct
423 2107 473 2133 viri
487 2108 557 2141 ejus,
574 2112 599 2135 ct
610 2109 727 2143 agebant
750 2111 855 2143 praedas
874 2111 908 2138 de
924 2110 1048 2144 Gessuri,
1075 2117 1102 2139 et
1129 2113 1162 2139 de

380 2154 467 2183 chi.
485 2158 511 2181 et
525 2154 558 2181 de
574 2155 742 2182 Amalet-itis.
759 2155 790 2182 111
805 2158 876 2183 enim
892 2158 952 2191 pagi
967 2157 1162 2184 habitabantur

381 2200 408 2225 in
428 2203 498 2226 terra
515 2201 680 2234 antiquitus.
703 2210 712 2226 1
731 2201 763 2228 111
781 2202 841 2236 pagi
857 2211 909 2229 non
926 2208 1004 2230 erant
1020 2204 1071 2230 sub
1088 2209 1163 2238 pote-

382 2249 452 2271 state
463 2246 555 2273 ιιι-1115,
574 2245 692 2273 llabitati
719 2248 745 2274 in
764 2253 835 2275 terra
852 2249 1005 2283 antiquitus
1017 2249 1158 2281 dicuntur.
1175 2259 1199 2289 υ

381 2292 575 2326 quiaquietiet
603 2294 690 2320 securi
722 2294 836 2321 habitati
861 2295 978 2327 fuerant.
1007 2301 1034 2323 et
1062 2297 1163 2324 nullius

382 2338 468 2364 ltnslis
488 2338 702 2372 (inpr-.edatioucs
721 2340 851 2374 perpessi.

425 2383 504 2418 (Cap.
544 2384 661 2412 XXVIII.
679 2400 714 2406 —
731 2385 808 2414 Vers.
825 2387 864 2421 3.)
900 2397 909 2413 ι
936 2387 1045 2415 Samuel
1072 2394 1161 2415 autem

384 2433 509 2455 mortuus
520 2433 572 2460 est.
592 2429 719 2463 ﬂevitque
734 2438 796 2457 ettm
812 2432 900 2459 omnis
917 2432 1008 2459 Israel.
1029 2434 1060 2459 Et
1083 2441 1162 2468 sepe-

382 2474 551 2502 lit-ruutcmn
580 2475 606 2502 in
636 2474 719 2503 Ilama
737 2477 802 2503 urbe
817 2485 905 2505 sum:
931 2479 1018 2512 Supra
1044 2487 1161 2513 namque

381 2521 449 2554 (mp.
469 2528 531 2552 xxv.
550 2521 576 2555 I)
602 2521 638 2548 dit
649 2522 702 2548 itur
710 2523 831 2557 sepultus
845 2523 929 2551 fuisse
942 2524 967 2550 in
977 2525 1057 2551 domo
1073 2533 1120 2552 sua
1134 2526 1160 2552 in

381 2565 477 2593 Ramu.
496 2566 523 2593 In
538 2568 619 2594 domo
637 2576 698 2600 sua,
716 2569 741 2595 in
754 2568 857 2596 familia
872 2570 997 2597 videlicet.
1014 2575 1040 2597 et
1061 2579 1161 2606 cogna-

381 2614 454 2637 tinne
466 2620 525 2638 sua.
541 2612 681 2644 Quanitur
714 2621 840 2648 ttatnqne.
860 2622 921 2641 cum
945 2616 1072 2650 superius
1102 2616 1157 2650 jam

416 2691 422 2704 '
442 2691 518 2717 lluue
535 2692 623 2718 locum
650 2693 758 2719 abunde
774 2693 910 2720 confutavi
932 2695 956 2720 in
974 2695 1160 2722 adnotationi-

380 2727 430 2764 bus
445 2726 628 2764 m_eis_l)ivin.t:
646 2728 818 2764 Bibliotheca?
835 2729 863 2755 S.
883 2729 1050 2764 Hieronymi.
1068 2736 1161 2757 osten-

381 2761 448 2787 dens
468 2761 591 2788 Latinum
618 2763 789 2794 versionem.
819 2764 940 2797 quilussi
969 2761 1157 2797 shbstileranl,

415 2844 422 2853 -
447 2838 572 2866 Ambros.
590 2848 652 2872 tns.,
668 2842 733 2867 idem
752 2850 798 2873 pro
811 2843 840 2867 id
861 2848 910 2869 est.

417 2873 430 2891 l‘
447 2873 556 2904 Legerat
573 2880 700 2907 pncto-rea
717 2876 856 2908 Rabanus,
886 2879 1031 2906 dummodo
1057 2880 1089 2904 de
1110 2888 1159 2905 suo

381 2915 434 2934 non
453 2909 586 2937 sulleccrit
607 2920 612 2937 :
634 2909 665 2937 Ιίι
683 2912 818 2945 rrpclilur,
837 2918 863 2938 ut
892 2913 1027 2940 damnatio
1054 2913 1156 2946 Saulis.

1215 1650 1276 1677 dam
1290 1650 1448 1678 substitisse
1462 1651 1470 1666 ¹
1484 1651 1516 1677 ad
1533 1650 1657 1678 sarcinas
1674 1658 1682 1684 ;
1702 1659 1712 1676 1
1732 1655 1759 1678 et
1776 1651 1802 1677 in
1822 1650 1942 1677 Hebr-ro
1958 1651 2007 1676 ha-

1214 1695 1320 1734 beatur,
1333 1696 1447 1730 «iussos
1459 1696 1544 1724 fuisse
1567 1701 1596 1723 ut
1613 1697 1766 1724 residerent
1778 1696 1810 1723 ad
1828 1697 1979 1729 sarcinas;
1995 1705 2003 1720 1

1216 1741 1292 1769 locus
1314 1741 1358 1768 hie
1377 1748 1523 1774 monstrat,
1551 1741 1712 1769 llebraicam
1729 1743 1873 1769 veritatem
1900 1744 1927 1770 iu
1954 1743 2004 1769 hoc

1215 1786 1275 1814 loco
1289 1788 1366 1822 sequi
1383 1788 1491 1820 debere,
1505 1795 1565 1823 qua:
1586 1795 1639 1815 non
1665 1788 1760 1820 lassos.
1783 1788 1829 1815 sed
1842 1789 1941 1823 justo:
1967 1795 2008 1814 re-

1215 1834 1352 1861 mansisse
1369 1833 1401 1861 ad
1419 1834 1554 1866 sarcinas,
1569 1834 1638 1861 dicit
1663 1834 1760 1862 fuisse.
1785 1834 1828 1861 Ait
1853 1836 1934 1862 enim
1951 1835 2005 1862 ita:

1217 1888 1227 1905 1
1247 1880 1333 1914 ιΕρυη
1351 1887 1414 1914 pars
1429 1881 1482 1907 erit
1494 1880 1688 1908 descendentis
1712 1881 1744 1907 ad
1760 1881 1901 1915 prndium.
1920 1887 1948 1907 et
1964 1888 2006 1907 rc-

1214 1927 1350 1954 manentis
1363 1927 1394 1953 ad
1408 1927 1540 1954 sarcinas.
1562 1936 1572 1953 1
1600 1926 1659 1953 Non
1674 1929 1723 1959 ait,
1742 1926 1789 1961 qui
1809 1927 1875 1953 lassi
1897 1935 2009 1954 reman-

1213 1978 1310 2001 serunt
1325 1973 1357 1999 ad
1374 1972 1498 2000 sarcinas
1510 1980 1517 2004 ;
1531 1972 1576 1999 sed
1594 1972 1729 2003 absolute.
1748 1980 1758 1997 ι
1780 1973 1959 1999 remanentis
1975 1971 2006 1998 ad

1214 2017 1357 2049 sarcinas;
1378 2026 1387 2043 1
1416 2018 1479 2052 quia
1501 2018 1523 2044 si
1543 2017 1609 2044 lassi
1640 2016 1848 2048 remansissent.
1877 2017 1955 2044 nulla
1970 2018 2008 2043 eis

1214 2063 1361 2090 deberetur
1374 2063 1407 2090 de
1425 2063 1524 2097 przedis
1538 2063 1636 2097 portio.

1244 2108 1334 2143 (Cap.
1352 2108 1446 2136 XXXI.
1463 2123 1498 2130 —-
1514 2109 1591 2137 Vcrs.
1605 2109 1655 2142 5.)
1689 2119 1697 2135 1
1712 2109 1790 2143 Quod
1807 2117 1875 2137 cum
1892 2110 2009 2137 vidisset

1213 2155 1332 2189 armiger
1347 2155 1407 2189 ejus
1421 2175 1428 2188 ,
1441 2155 1567 2183 videlicet
1589 2157 1661 2190 quod
1680 2161 1806 2183 mortuus
1821 2162 1905 2184 esset
1932 2156 2009 2186 Saul.

1215 2200 1296 2227 irruit
1312 2201 1393 2228 etiam
1412 2201 1468 2235 ipse
1484 2209 1568 2235 super
1583 2203 1701 2237 gladium
1724 2210 1818 2234 suum,
1835 2208 1864 2229 et
1881 2209 2010 2229 tuOrtuus

1213 2252 1253 2274 est
1265 2254 1327 2273 cum
1352 2255 1393 2274 eo.
1417 2256 1426 2273 1
1464 2247 1634 2283 Armigerum
1663 2248 1743 2275 istum
1769 2247 1882 2275 llebrei
1914 2248 2005 2274 Doech

1218 2290 1363 2318 hlumaeutn
1376 2291 1468 2318 dicunt
1480 2283 1574 2324 fuisse,
1584 2292 1630 2326 qui
1646 2299 1762 2319 cernens
1779 2291 1849 2319 Saul
1868 2298 2009 2320 mortuum

1215 2337 1336 2371 seipsum
1354 2337 1389 2364 ob
1406 2341 1507 2364 metum
1525 2336 1606 2363 David
1621 2337 1768 2364 intercurrit.

1252 2382 1344 2417 (Vcrs.
1358 2382 1398 2417 6.)
1432 2391 1441 2408 (
1457 2382 1580 2409 Mortuus
1595 2386 1637 2409 est
1652 2390 1717 2417 ergo
1733 2381 1798 2409 Saul
1813 2402 1821 2414 .
1841 2388 1873 2410 et
1891 2389 1949 2411 tres
1964 2383 2009 2410 lilii

1214 2429 1286 2464 ejus,
1302 2434 1327 2455 et
1341 2428 1458 2462 armiger
1472 2428 1545 2456 illius
1557 2448 1565 2460 ,
1580 2433 1606 2455 et
1622 2429 1740 2456 universi
1754 2430 1804 2456 viri
1820 2430 1902 2463 ejus.
1922 2440 1932 2455 1
1953 2430 2008 2456 Viti

1215 2477 1273 2507 isti.
1291 2475 1367 2510 pueri
1379 2475 1524 2503 domestici
1541 2474 1600 2508 ejus
1617 2475 1785 2509 intelligendi
1802 2483 1888 2503 sunt.
1907 2477 1940 2503 Hi
1954 2482 2009 2503 tres

1216 2522 1261 2549 ﬁlii
1278 2522 1343 2549 Saul
1359 2529 1420 2548 cum
1436 2528 1469 2548 eo
1489 2520 1622 2548 interfecti
1647 2525 1722 2551 sunt.
1734 2519 1892 2554 Junathan,
1906 2524 2007 2549 Abina-

1213 2568 1276 2601 dab.
1293 2569 1337 2603 qui
1366 2572 1393 2594 et
1408 2566 1494 2599 Jesui.
1521 2572 1548 2594 et
1576 2566 1737 2594 Mclchisua.
1767 2566 1901 2595 Isboseth
1919 2573 2007 2596 autem

1213 2615 1367 2646 domierat,
1382 2614 1441 2649 qui,
1460 2621 1531 2640 anno
1545 2621 1598 2648 quo
1614 2613 1677 2641 Saul
1703 2621 1748 2640 rex
1767 2621 1948 2642 constztutus
1957 2619 2007 2646 est,

1212 2696 1341 2727 optimam
1367 2700 1428 2720 esse
1454 2696 1481 2719 et
1496 2691 1562 2719 fonti
1581 2691 1692 2719 ltebrteo
1708 2696 1775 2722 res
1788 2693 1907 2727 piggeru
1931 2695 2006 2728 plane

1212 2729 1443 2756 consentientem.
1459 2728 1591 2755 Consulat
1616 2727 1662 2761 qai
1684 2729 1803 2755 voluerit
1829 2727 2006 2756 ous-erratio-

1212 2772 1261 2791 nes
1279 2768 1396 2791 nostras.

1212 2844 1295 2877 quiin
1320 2843 1430 2874 peccatis
1450 2847 1567 2868 mortuus
1585 2847 1684 2872 (mne!
1703 2842 1793 2867 relu‘lu
1814 2842 1887 2871 Dm.
1915 2848 2003 2868 (enim

1212 2879 1292 2912 legem
1324 2877 1467 2913 I'yxhoncm
1496 2878 1659 2908 consulebat,
1675 2877 1750 2910 justo
1767 2885 1826 2904 esse
1848 2879 2002 2911 manifesta-

1213 2920 1291 2940 l't‘IIU‘.
