2102 3399
375 207 441 241 itii

1120 197 1318 227 AI‘PEN’DIX.

1921 193 1990 225 H12

375 263 455 290 liarid
476 270 555 297 supra
573 266 671 288 uotat:e
686 261 751 293 sint,
767 264 794 287 et
817 267 870 286 tton
891 258 1018 285 dicantur
1047 262 1146 282 uxores
1163 260 1183 285 Α
1199 254 1293 289 Spicas
1310 254 1393 280 tritici
1411 254 1488 288 quasi
1505 261 1585 281 causa
1607 254 1787 288 primitiarum
1804 252 1941 284 tulerant.
1961 258 1987 278 ιιι

374 310 455 336 David
469 330 477 342 ,
502 315 529 336 et
543 309 585 335 hic
601 309 656 334 Sola
674 307 736 342 Egla
752 314 821 334 uxor
836 306 942 333 dicatur
956 301 1061 329 David?
1087 301 1148 334 ligla

373 356 443 381 enim
461 355 517 388 ipsa
533 358 573 380 est
588 353 697 384 Micltol,
715 360 775 387 qua:
794 351 853 378 ideo
870 357 937 376 uxor
956 348 1015 382 ejus
1034 347 1077 373 ltic
1093 346 1150 372 Sola

374 404 504 432 vocatur,
536 398 609 431 quod
636 399 662 425 itt
696 389 878 424 atlolcscenlia
915 394 1032 429 primum
1066 392 1151 426 ipsam

373 446 484 473 sortitus
501 444 581 472 fuerit
598 445 624 471 itt
649 451 769 474 uxorein,
789 450 847 477 qua:
864 441 946 468 etiam
974 444 1054 474 partu
1070 446 1152 465 0ccu~

373 490 466 517 buisse
479 490 591 516 dicitur.
616 488 679 523 Egla
696 488 786 521 itaque
802 487 995 520 interpretatur
1009 483 1100 510 vitula.

410 536 498 566 (Vers.
511 535 550 568 8.)
580 544 588 560 ι
605 533 731 567 Nunquid
757 537 838 566 caput
863 530 938 557 canis
959 536 1009 563 ego
1030 535 1089 554 sum
1104 525 1153 552 ad-

373 590 470 609 versus
501 581 597 608 Judaut
611 579 621 606 ?
637 588 646 604 ›
682 579 721 606 Ac
742 579 764 606 si
788 579 887 604 diceret
906 585 912 602 :
948 574 1061 608 Propter
1085 578 1109 600 te
1128 576 1155 598 et

376 633 487 664 pr0pter
499 628 608 653 domum
624 626 708 660 patris
732 625 769 650 tui
785 624 861 649 dicor
889 627 970 655 caput
996 620 1072 646 canis
1095 626 1155 646 esse

375 679 469 702 contra
483 673 593 705 Judatn,
608 680 640 698 eo
655 670 726 705 qttod
753 677 807 696 non
835 667 963 695 reducant
989 666 1099 693 domum
1117 663 1154 691 ls-

377 721 434 747 rael
454 722 486 746 ad
506 719 599 751 liatid,
618 724 697 751 quem
719 716 777 742 scio
803 720 912 741 unctum
942 720 999 739 esse
1013 718 1115 744 regem,
1131 715 1157 736 et

376 769 552 799 regnaturum
568 770 649 796 super
664 762 821 788 universum
848 759 944 787 lsrael.
960 757 1048 792 Caput
1082 757 1157 783 canis

377 817 407 836 se
420 809 486 835 dicit
497 815 573 838 esse.
599 807 624 834 id
642 811 683 833 est
706 806 804 837 vilem,
831 812 862 831 eo
877 804 949 838 quod
963 812 977 829 a
992 805 1072 829 domo
1088 801 1157 829 Juda

378 855 419 882 sic
446 854 592 880 haberetur
612 853 683 879 sicut
706 851 822 877 latratus
850 851 945 876 cauis:
979 854 1005 875 et
1033 856 1064 875 eo
1086 846 1157 881 quod

378 902 505 937 princeps
521 905 593 927 esset
608 906 717 929 cauum,
733 898 758 923 id
775 902 816 924 est
843 896 988 923 stultorum
1008 894 1157 920 hominunt.

1202 301 1331 328 honorent
1349 299 1406 332 regi
1431 299 1540 327 deferre
1564 300 1732 334 viderentur,
1751 305 1778 329 et
1792 308 1890 329 eorum
1908 299 1988 326 dolus

1202 354 1372 381 nequaquam
1388 346 1649 379 deprehenderetur.

1240 394 1315 428 (Cap.
1327 391 1358 419 V.
1372 406 1405 412 —-
1423 391 1501 419 Vers.
1518 394 1545 426 4,
1562 393 1599 426 5.)
1636 402 1644 419 ι
1664 392 1746 420 Filius
1765 394 1877 429 triginta
1902 401 1988 420 anno-

1203 447 1262 465 rum
1276 444 1333 465 erat
1352 438 1433 465 David
1449 446 1511 465 cum
1536 447 1649 473 regnare
1660 440 1786 474 cepisset
1801 448 1809 466 τ
1827 445 1854 466 et
1866 440 1989 474 quadra-

1204 485 1275 518 ginta
1300 486 1379 512 annis
1413 486 1545 519 regnavit.
1575 486 1603 512 ltt
1631 485 1737 513 llehron
1764 488 1889 521 regnavit
1907 494 1988 520 super

1204 530 1301 558 Judam
1325 536 1426 566 septem
1443 531 1523 558 attttis
1540 537 1566 558 et
1587 539 1634 559 sex
1654 532 1804 558 mensibus.
1834 532 1862 558 lu
1879 531 1975 558 Jerttra

1206 577 1258 603 lem
1274 581 1364 603 autem
1388 578 1512 611 regnavit
1527 575 1639 611 triginta
1658 583 1685 605 et
1702 578 1789 605 tril-us
1814 579 1895 604 annis
1909 587 1990 613 super

1206 630 1312 649 omnem
1338 622 1421 650 Israel
1438 628 1464 650 et
1491 623 1600 651 ludam.
1621 633 1630 649 ι
1655 623 1791 657 Quaeritur
1807 634 1857 652 cur
1887 633 1939 652 non
1964 626 1989 651 iu

1208 676 1311 695 summa
1340 669 1521 703 quadraginta
1544 672 1607 697 attni
1625 676 1650 697 et
1667 678 1712 697 sex
1732 679 1841 698 tncnscs
1858 679 1990 697 annume-

1209 715 1329 741 t‘entur?
1349 715 1425 747 Quod
1443 717 1477 742 ab
1494 715 1615 744 llebrzeis
1632 717 1738 744 duobus
1752 718 1875 744 solvitur
1893 717 1990 744 modis.

1209 761 1308 788 Dicunt
1331 762 1403 789 enim
1435 763 1499 797 quia
1518 763 1601 790 Darid
1628 771 1675 790 sex
1700 764 1839 790 mensibus
1864 764 1991 790 Alisalout

1210 808 1293 834 filium
1312 816 1390 835 suunt
1422 808 1533 842 fugerit,
1556 810 1655 837 merito
1679 810 1788 837 eosdem
1819 817 1866 836 sex
1886 817 1992 836 menses

1210 859 1224 878 a
1245 860 1349 879 summa
1368 854 1441 887 regni
1463 853 1535 880 iilius
1552 861 1614 881 esse
1629 856 1768 881 exclusus.
1799 854 1899 881 Dicunt
1912 855 1991 880 etiam

1211 898 1300 929 aliter,
1319 898 1392 932 quod
1409 907 1458 927 sex
1475 900 1616 928 mensibus
1634 900 1660 927 itt
1687 900 1794 927 llebron
1821 900 1907 927 David
1932 908 1994 934 qua-

414 944 503 979 (Vers.
521 944 573 979 l3.)
600 953 608 968 ι
628 942 680 969 Sed
695 949 781 976 _unant
799 948 853 966 rem
873 943 934 973 peto
953 945 967 964 a
984 942 1019 970 te,
1040 937 1155 963 dicens:
1174 941 1194 967 ῃ
1210 944 1243 971 da

1174 941 1271 971 Bdam
1300 945 1455 971 intirutitate
1481 947 1605 981 corporis
1635 946 1810 976 laburm‘ertl.
1839 953 1866 973 ct
1893 947 1993 972 idcirco

379 992 438 1019 Non
449 991 551 1017 videbis
571 990 667 1016 facient
685 982 770 1014 nteant
787 992 930 1019 antequam
948 985 1097 1010 adduxeris
1111 982 1159 1008 .\li-

381 1037 442 1065 chul
457 1037 538 1063 liliant
560 1035 637 1066 Saul,
661 1038 687 1060 et
706 1033 746 1058 sic
772 1032 873 1063 venies,
899 1035 923 1056 et
942 1029 1046 1056 videbis
1074 1035 1125 1054 tne.
1146 1036 1155 1051 ι

382 1082 427 1109 Est
440 1081 511 1108 enim
531 1080 573 1106 ltic
589 1078 708 1105 defectus
722 1096 730 1109 ,
759 1080 785 1103 et
810 1074 965 1102 necessaria
992 1072 1158 1103 subauditio,

382 1136 434 1162 qua
467 1126 637 1160 respondisse
660 1123 744 1150 fertur
760 1122 852 1149 Abner
867 1121 900 1147 ad
919 1120 1013 1152 David,
1045 1126 1074 1146 se
1091 1119 1160 1145 hanc

382 1182 439 1200 retu
455 1173 561 1207 penitus
577 1178 630 1197 tton
647 1176 724 1203 posse
741 1168 840 1199 facere,
869 1172 897 1192 ttt
912 1166 936 1192 ei
962 1164 1060 1191 lilicltol
1078 1163 1160 1190 redu-

383 1224 467 1251 ceret,
484 1225 515 1244 eo
530 1216 600 1252 quod
613 1216 696 1241 frater
709 1214 770 1248 ejus
796 1221 842 1240 rex
866 1219 925 1238 eam
940 1211 1053 1238 haberet
1066 1211 1093 1236 itt
1112 1217 1161 1243 po-

385 1270 481 1292 testate
499 1271 506 1289 :
522 1267 549 1289 et
565 1267 695 1295 responso
712 1258 898 1286 excusationis
916 1258 1020 1284 ratione
1036 1258 1115 1291 pleno
1128 1257 1161 1283 ab

384 1318 417 1337 eo
433 1308 515 1335 David
531 1310 651 1340 accepto,
669 1304 780 1331 misisse
799 1310 848 1337 pro
872 1309 903 1328 ea
920 1301 952 1328 ad
974 1301 1033 1335 eius
1050 1300 1160 1327 fratrcnt

385 1355 505 1383 lsbosetlt
523 1353 631 1386 legitur,
647 1351 719 1378 sicut
734 1349 877 1383 sequentia
894 1348 1046 1374 declarant.

418 1400 507 1435 (νει-ς.
523 1399 576 1433 Η.)
599 1407 608 1423 ‹
624 1397 697 1423 Misit
712 1400 801 1422 autem
818 1393 901 1420 David
918 1393 1029 1419 ttuutios
1043 1392 1074 1419 ad
1091 1391 1164 1418 lsi-.0-

388 1449 446 1475 setlt
477 1447 558 1473 ﬁlium
583 1443 659 1473 Saul,
688 1443 803 1469 dicens:
830 1439 923 1466 Redde
937 1446 1047 1465 uxorem
1076 1446 1163 1464 meant

387 1493 485 1520 Michul
502 1510 509 1523 ,
535 1497 616 1525 quam
642 1487 772 1523 despondi
798 1486 864 1513 tttihi
892 1492 1001 1512 centum
1020 1483 1164 1518 praeputi'ts

389 1539 539 1568 Pliilistiiut.
556 1547 564 1562 ι

422 1585 507 1619 (Vers.
535 1582 591 1617 55.)
619 1591 628 1607 ι
649 1581 837 1615 Plangensque
848 1587 895 1606 rex
910 1582 935 1604 ct
953 1577 1047 1611 lugens
1064 1575 1165 1606 Abuer.

1212 989 1320 1016 eosdem
1336 997 1383 1017 sex
1409 999 1515 1018 menses
1534 1000 1586 1018 uon
1611 993 1751 1026 supputari
1769 993 1795 1018 iu
1823 1000 1909 1027 regno
1926 992 1992 1026 eius.

1214 1035 1251 1061 Ex
1270 1043 1302 1062 et)
1320 1043 1437 1070 namque
1462 1041 1585 1071 tempore
1605 1038 1680 1063 illum
1699 1045 1827 1072 regnasse
1856 1038 1953 1063 dicunt
1971 1038 1994 1063 iu

1213 1079 1336 1114 Hebrou,
1365 1089 1396 1108 ex
1428 1088 1494 1116 quo,
1520 1083 1634 1108 devictis
1652 1083 1817 1112 Atualecitis.
1845 1082 1879 1108 de
1904 1083 1995 1116 ειιυιὲἱς

1213 1133 1306 1152 eorum
1335 1127 1408 1154 misit
1436 1128 1508 1154 dona
1529 1128 1684 1155 senioribus
1697 1127 1776 1159 Juda,
1795 1129 1837 1154 his
1858 1129 1905 1162 qui
1920 1133 1995 1154 erant

1214 1173 1241 1199 in
1254 1172 1374 1206 lleltron,
1401 1178 1428 1200 et
1450 1175 1491 1201 his
1512 1175 1558 1209 qtti
1575 1179 1654 1201 erant
1671 1175 1697 1201 in
1722 1174 1827 1204 Betltcl.
1846 1181 1872 1201 et
1888 1176 1996 1208 reliquis

1215 1219 1260 1253 qui
1278 1223 1355 1246 crant
1372 1219 1398 1246 itt
1415 1220 1456 1247 his
1471 1221 1537 1247 locis
1560 1221 1586 1247 itt
1608 1221 1705 1255 quibus
1736 1226 1924 1248 commoratus
1942 1222 1997 1247 iu~‘-

1216 1269 1259 1291 rat
1275 1265 1355 1291 David
1373 1265 1431 1299 ipse
1448 1270 1474 1292 et
1490 1266 1540 1292 viri
1558 1266 1629 1300 ejus.

1253 1309 1403 1348 (Vers.0.)_
1428 1319 1436 1335 ι
1456 1310 1617 1345 Dictumque
1642 1316 1683 1339 est
1709 1312 1742 1338 ad
1775 1311 1860 1339 David
1887 1313 1921 1339 ab
1936 1313 1996 1339 cis:

1217 1355 1276 1383 Non
1288 1356 1448 1389 ingredicris
1461 1357 1525 1388 huc,
1543 1357 1594 1383 nisi
1612 1357 1760 1384 abstuleris
1775 1364 1906 1391 οπεος-ει
1928 1358 1999 1384 clau-

1219 1397 1269 1424 dos
1279 1398 1402 1425 dicentcs
1418 1408 1424 1425 :
1441 1400 1499 1426 Non
1517 1400 1688 1434 ingredietur
1710 1401 1791 1428 David
1807 1403 1873 1428 huc.
1894 1415 1903 1429 ο
1932 1404 1967 1429 .\c
1979 1403 1998 1430 si

1220 1442 1325 1469 dicatur
1339 1445 1372 1470 ab
1388 1446 1428 1472 eis
1447 1453 1453 1471 :
1476 1445 1533 1472 Non
1551 1445 1718 1481 ingredietur
1735 1450 1787 1473 huc
1804 1447 1901 1478 Da\id,
1921 1448 2000 1473 domc

1221 1497 1271 1516 nos
1299 1490 1362 1517 hinc
1393 1492 1514 1524 auferat,
1543 1500 1613 1524 quos
1644 1493 1761 1519 iucrutcs
1793 1498 1819 1519 et
1853 1494 1999 1520 itt-bccillrs

1221 1533 1289 1559 sicut
1304 1541 1389 1560 czeros
1419 1541 1445 1562 ct
1476 1537 1587 1563 claudus
1612 1544 1673 1564 esse
1705 1538 1865 1569 arbitratur,
1895 1544 1922 1564 et
1937 1547 1999 1571 quos

1223 1580 1292 1606 bello
1305 1589 1495 1615 aggressurus,
1513 1583 1585 1610 sicut
1598 1591 1684 1611 caecos
1701 1591 1725 1611 et
1739 1585 1852 1612 claudus
1870 1587 2000 1612 setrium-

391 1632 444 1658 ait;
458 1630 641 1663 Nequaquam,
658 1627 765 1654 utmori
781 1626 868 1651 solent
881 1623 980 1658 ignavi,
993 1627 1115 1649 mortuus
1126 1628 1167 1652 ea.
1183 1613 1205 1641 θ
1223 1613 1370 1659 pltalnritiu
1388 1631 1474 1660 pttlat.

390 1676 478 1703 Abuer
495 1682 502 1700 :
518 1683 527 1698 ι
543 1675 594 1700 hoc
607 1677 713 1699 estnon
728 1671 832 1706 periisti
851 1670 876 1696 itt
895 1668 1007 1696 stultitia
1022 1672 1079 1700 tua,
1097 1668 1167 1693 sicut

392 1720 478 1755 ignati
496 1719 583 1753 petire
602 1719 689 1745 solent
703 1725 710 1744 :
726 1718 788 1751 quia
806 1716 900 1743 fraude
911 1716 1041 1748 deceptus
1056 1721 1095 1739 es.

428 1765 515 1800 (νει-ε.
530 1765 586 1799 54.)
601 1764 694 1790 Manus
706 1768 759 1789 tua:
774 1771 828 1789 non
844 1767 907 1789 sunt
925 1761 1024 1794 ligata.
1040 1764 1068 1785 et
1085 1757 1167 1793 pedes

395 1813 430 1840 tui
447 1819 498 1838 non
515 1817 578 1838 sunt
591 1809 767 1844 compedibus
783 1808 933 1843 aggravati.
954 1816 963 1832 ι
995 1804 1052 1832 Non
1069 1812 1097 1831 es
1110 1805 1168 1838 iure

395 1857 457 1886 belli
471 1862 576 1891 captus,
601 1860 628 1883 et
656 1863 754 1882 manus
783 1859 835 1881 tute
863 1861 916 1880 non
945 1856 1008 1880 sunt
1025 1852 1123 1886 ligatis.
1141 1855 1168 1878 et

396 1904 475 1939 pedes
501 1902 677 1936 Compedibus
689 1901 840 1936 aggravati,
863 1900 934 1927 sicut
949 1906 1041 1925 eorum
1071 1905 1168 1924 manus

398 1950 479 1977 solctt
498 1949 584 1983 l'gari,
601 1952 630 1974 et
655 1948 736 1982 pedes
751 1947 859 1977 vinciri,
885 1946 930 1980 qui
958 1945 984 1971 itt
1001 1944 1095 1979 prelio
1109 1943 1169 1977 capi

399 1994 490 2023 solett.
509 1993 574 2020 Dolo
589 1993 680 2027 igitur,
695 1999 749 2018 non
766 1992 871 2018 viribus
883 2010 890 2022 ,
906 1995 1060 2024 peremptus
1075 1996 1116 2016 es.

435 2040 504 2076 (Cap.
524 2038 567 2065 IV.
584 2053 617 2058 —
633 2037 710 2065 νει-ε.
727 2037 768 2072 2.)
794 2046 803 2062 ι
822 2037 880 2063 Duo
896 2040 987 2062 autem
1005 2035 1054 2061 viti
1068 2054 1075 2066 ,
1094 2036 1170 2068 ptin-

400 2088 467 2122 cipcs
483 2087 615 2114 latronum
633 2090 710 2112 erant
726 2084 779 2111 filio
796 2083 861 2110 Saul
877 2092 883 2109 ι
897 2089 995 2109 nomen
1008 2081 1053 2108 uni
1068 2080 1169 2112 Baana,

401 2140 429 2162 et
440 2141 530 2160 nttnett
551 2132 627 2159 alteri
645 2131 763 2163 Rechab,
789 2130 835 2156 ﬁlii
855 2129 988 2156 Retnnton
1015 2127 1168 2157 Berothita-,

402 2181 437 2207 de
455 2180 509 2206 Iliis
525 2178 673 2213 Beniamin.
693 2186 701 2202 t
724 2177 780 2203 Duo
797 2175 846 2201 viri
863 2174 905 2202 isti
931 2174 1068 2208 principes
1093 2176 1171 2199 erant

404 2232 476 2259 suptr
490 2223 679 2259 expeditiones
704 2221 839 2249 lsboselh.
855 2220 961 2246 Mortuo
986 2226 1049 2245 vero
1067 2218 1169 2249 Abner,

1257 1670 1346 1702 (Vers.
1359 1670 1428 1705 8.)tl
1440 1672 1523 1698 lcirco
1536 1672 1636 1700 dicitur
1651 1674 1678 1700 in
1691 1674 1836 1701 Proverhio
1849 1684 1856 1701 :
1870 1675 1963 1703 C-ecus
1978 1681 2001 1703 et

1222 1714 1336 1742 claudus
1349 1723 1401 1743 non
1418 1716 1592 1744 itttrahuutin
1610 1719 1766 1753 templum.»
1785 1720 1812 1746 In
1828 1720 1943 1748 Hebraeo
1958 1723 1998 1749 ha-

1223 1758 1320 1787 betur:
1336 1769 1344 1785 ι
1361 1761 1457 1788 Czecus
1471 1766 1499 1788 et
1516 1762 1629 1789 claudus
1646 1771 1698 1789 tton
1713 1764 1825 1791 intrabit
1841 1766 1955 1792 dominii
1970 1775 1976 1794 ξ
1990 1777 1997 1791 ι

1224 1804 1274 1831 hoc
1288 1810 1339 1837 est,
1353 1814 1441 1833 caecus
1455 1813 1480 1834 et
1492 1808 1616 1841 claudus,
1629 1809 1791 1836 subauditur
1807 1811 1844 1836 dit
1855 1818 1905 1837 unt
1924 1822 1930 1839 :
1948 1811 2000 1839 Non

1223 1852 1334 1878 intrabit
1349 1853 1464 1886 quilibet
1479 1854 1589 1882 domum
1605 1863 1741 1883 caecorum
1766 1861 1793 1882 et
1822 1858 1981 1885 (laudatum

1223 1898 1351 1931 quamdiu
1367 1906 1455 1926 cmcus
1464 1905 1490 1926 et
1501 1900 1615 1927 claudus
1631 1901 1707 1927 intus
1719 1901 1832 1928 fuerint.

1259 1941 1353 1977 (lbid.)
1372 1953 1380 1969 ι
1398 1943 1579 1978 Proposuerat
1591 1945 1662 1972 eniut
1678 1946 1703 1972 itt
1715 1947 1758 1972 die
1777 1946 1821 1973 illa
1835 1946 1921 1974 David
1939 1956 1999 1982 pra--

1225 1988 1307 2014 mittnt
1333 1990 1377 2022 qui
1407 1991 1589 2023 percussisset
1615 1991 1785 2023 Jebusaaum,
1816 1998 1844 2019 et
1871 1995 2001 2028 tetigisset

1224 2033 1362 2060 domatuut
1387 2035 1501 2067 fistulas,
1517 2040 1544 2062 et
1557 2036 1716 2063 abstulisset
1741 2038 1861 2064 claudos
1879 2046 1906 2064 et
1924 2046 2001 2065 cacus

1224 2080 1346 2107 odieutes
1361 2082 1479 2107 animant
1496 2082 1591 2108 David.
1609 2090 1618 2107 ι
1637 2082 1665 2109 lu
1681 2081 1794 2109 llebrmo
1810 2083 1847 2109 ita
1867 2084 1999 2111 habetur:

1228 2135 1236 2151 I
1254 2125 1284 2151 Et
1300 2126 1368 2153 dixit
1384 2127 1466 2154 David
1484 2127 1509 2153 itt
1527 2128 1571 2154 die
1586 2128 1630 2154 illa
1648 2136 1653 2153 :
1674 2129 1725 2160 Qui
1741 2131 1913 2163 percusserit
1926 2130 2001 2157 Jebu-

1225 2178 1322 2201 meum.
1348 2177 1375 2198 et
1399 2172 1517 2206 tetigerit
1540 2172 1668 2204 fistulam,
1689 2177 1716 2200 et
1740 2175 1852 2201 claudos
1871 2181 1898 2201 et
1922 2184 2001 2202 caros

1225 2217 1348 2244 odtentes
1371 2219 1488 2243 animum
1506 2218 1610 2251 David;
1628 2227 1637 2243 ι
1656 2219 1831 2249 subauditur.
1852 2223 1908 2247 erit
1931 2224 2001 2255 priu-

406 2277 435 2298 ut
447 2270 542 2298 lbbrzei
559 2268 821 2299 tradunt,conciliatt
837 2270 968 2292 suntcum
979 2263 1171 2298 Miphiboseth.
1191 2286 1211 2313 η
1225 2270 1288 2297 ceps
1304 2269 1331 2290 et
1346 2264 1400 2290 dttx
1413 2283 1421 2295 .
1437 2265 1508 2291 sicut
1523 2265 1592 2291 liber
1616 2264 1843 2298 Paralipomenon
1875 2268 1999 2294 declarat.

407 2323 436 2345 ut
450 2325 493 2343 uta
516 2316 696 2342 interficerent
712 2313 846 2343 lsbosetlt,
859 2315 885 2338 et
896 2311 1020 2337 cumdetn
1039 2308 1172 2341 Miphibo.

407 2364 465 2392 sctit
487 2363 687 2390 constituerent
718 2366 834 2394 regem:
872 2362 899 2384 et
926 2357 1047 2391 ejusdem
1076 2354 1173 2382 consili

408 2410 544 2437 dclaoretu
570 2407 748 2441 Miphibosetlt
781 2404 928 2431 exstitisse.
953 2402 984 2428 Et
1010 2401 1110 2428 idcirco
1131 2401 1174 2426 ltic

410 2457 471 2483 idctt
485 2453 662 2488 hlipltibosetlt
683 2449 919 2479 subintroducitur
935 2449 986 2475 hoc
1004 2447 1096 2474 tuodo.

446 2499 525 2535 (νη-ε.
541 2498 579 2533 6.)
599 2507 607 2523 ι
625 2497 690 2524 Erat
706 2501 794 2522 autem
811 2494 937 2521 Jonatha:
953 2494 1007 2520 lilio
1024 2493 1087 2519 Sanl
1102 2491 1175 2518 illius

410 2546 497 2574 debils
522 2545 658 2578 pedibus:
686 2541 872 2576 quinquennis
889 2540 960 2567 enitn
987 2539 1039 2565 fuit
1065 2538 1175 2573 quando

412 2591 470 2618 veni
487 2591 594 2616 tututius
610 2588 642 2614 de
656 2587 731 2617 Sani,
755 2593 781 2613 et
808 2585 942 2613 Joualltau
964 2593 996 2610 ex
1013 2584 1119 2610 Jezrael
1134 2603 1140 2612 .
1163 2592 1172 2608 ι

411 2644 437 2664 et
463 2641 546 2663 (rtera
572 2634 722 2668 sequentia.
742 2631 866 2658 Videutes
886 2638 949 2657 vero
965 2630 1054 2656 Biana
1069 2635 1095 2656 et
1121 2629 1174 2655 lie—

412 2683 491 2711 chaia
509 2681 685 2714 Miphibosﬂh
699 2687 776 2705 suuttt
794 2678 929 2712 proditunt
945 2685 1007 2703 esse
1021 2676 1173 2705 couszliutu.

413 2731 494 2756 titntre
510 2726 656 2762 perterriti,
674 2725 733 2758 fugi
750 2725 816 2758 lapsi
833 2727 897 2750 sunt
913 2724 939 2749 itt
953 2722 1079 2749 Gethaint
1095 2731 1100 2747 :
1116 2722 1175 2748 fue-

413 2782 512 2808 ruuquc
524 2774 558 2799 ibi
578 2773 686 2799 advenae
698 2778 782 2804 usque
795 2770 828 2796 ad
844 2774 950 2803 tempus
964 2767 1042 2795 illud.
1056 2767 1175 2801 Tempus

415 2822 461 2848 illtt
480 2819 682 2852 intelligendum
707 2822 758 2847 cst.
785 2816 894 2850 quando
921 2816 981 2841 inde
997 2815 1099 2841 reversi
1126 2815 1175 2840 (lo-

416 2875 471 2893 tttttt
503 2865 620 2892 lslioscllt
651 2864 770 2891 fervente
788 2863 832 2890 die
861 2862 975 2896 ingressi
994 2865 1057 2886 sunt
1071 2881 1078 2892 ,
1096 2867 1175 2886 assu-

417 2918 499 2939 tuetes
509 2912 598 2946 spicas
611 2911 732 2941 tritirixt
743 2909 926 2944 parcutiente»;
939 2916 998 2934 cum
1011 2909 1038 2933 ιιι
1051 2907 1173 2941 inguine.

1227 2309 1277 2336 ltoc
1292 2310 1373 2337 modo
1390 2311 1498 2337 dicens:
1515 2310 1608 2338 οιηιιὶι
1623 2319 1667 2344 qut
1681 2312 1845 2345 percusserit
1858 2312 1999 2338 Jibﬂﬂrlm

1226 2356 1252 2381 in
1267 2355 1370 2388 primis,
1382 2356 1431 2382 erit
1447 2357 1566 2389 princeps
1582 2362 1605 2383 et
1620 2358 1685 2384 dux.
1701 2358 1832 2383 Ascendit
1848 2360 1930 2392 igitur
1952 2359 2000 2390 pri-

1225 2409 1283 2427 mus
1295 2401 1362 2428 Joub
1374 2401 1443 2435 ﬁlius
1457 2401 1568 2434 Sarvia’,
1586 2408 1609 2430 el
1627 2404 1713 2437 factus
1725 2409 1765 2430 est
1777 2406 1904 2438 princeps
1919 2405 1943 2437 (Ι
1956 2405 2002 2430 Pa.

1226 2446 1278 2474 ται.
1295 2455 1333 2479 ιι,
1345 2447 1385 2482 6).
1402 2447 1478 2480 Quod
1492 2454 1583 2475 autem
1595 2449 1680 2475 dicit:
1698 2458 1707 2474 ι
1721 2449 1772 2481 Qui
1791 2450 1913 2484 tetigerit
1930 2449 1998 2476 fistu-

1226 2493 1289 2524 lam.
1312 2502 1321 2518 ι
1339 2493 1374 2519 ita
1390 2494 1593 2528 inteltigeudum
1609 2500 1651 2522 est
1666 2503 1672 2522 :
1690 2494 1740 2525 Oui
1756 2499 1840 2522 tanta:
1856 2495 1937 2522 fuerit
1954 2503 1996 2521 au-

1227 2539 1309 2565 dacia:
1324 2544 1350 2566 et
1366 2539 1547 2571 fortitudinis.
1564 2546 1593 2566 ut
1612 2542 1644 2566 ad
1659 2549 1764 2566 murum
1781 2542 1904 2567 civitatis
1925 2547 1999 2574 usque

1228 2586 1328 2618 veniat,
1345 2592 1372 2612 et
1390 2589 1466 2612 hasta
1490 2593 1539 2613 sua
1560 2586 1676 2613 tisrulam
1703 2593 1763 2620 quae
1793 2586 1821 2613 in
1852 2595 1929 2613 muro
1954 2592 1998 2614 est.

1228 2637 1332 2666 tangat.
1353 2632 1410 2666 ipse
1427 2632 1554 2666 princeps
1567 2633 1632 2659 erit.

1262 2679 1349 2710 (Vcrs.
1367 2678 1424 2709 2i.)
1443 2688 1452 2703 ι
1483 2678 1514 2704 Et
1540 2679 1710 2713 reliquerunt
1739 2679 1773 2705 illi
1799 2679 1937 2712 sculptilis
1958 2685 1998 2703 sua

1227 2732 1287 2758 quae
1301 2724 1359 2750 tulit
1373 2724 1455 2751 David
1479 2729 1506 2751 et
1527 2726 1576 2751 viri
1600 2726 1668 2759 ejus.
1689 2735 1697 2751 I
1721 2724 1794 2751 Tulit
1806 2732 1839 2751 ea
1859 2724 1957 2753 David,
1978 2726 1999 2747 et

1228 2770 1280 2804 igni
1293 2770 1374 2803 jussit
1387 2770 1463 2796 exuri
1477 2789 1484 2800 ,
1499 2770 1569 2796 sicut
1587 2771 1655 2797 liher
1671 2769 1904 2803 Paralipomenon
1920 2768 1998 2794 decla-

1228 2820 1281 2846 rat.
1308 2816 1342 2841 ita
1369 2815 1463 2842 dicens
1480 2824 1488 2847 ;
1505 2816 1755 2850 Dereliqucrunlque
1779 2817 1815 2842 ibi
1844 2817 1906 2842 deos
1928 2821 1998 2841 suos.

1227 2871 1289 2896 quos
1308 2862 1391 2888 David
1403 2862 1482 2895 jussit
1495 2863 1570 2888 cruri
1587 2862 1610 2895 (I
1635 2861 1727 2888 I’crnl.
1745 2870 1799 2893 XI“,
1817 2863 1871 2896 1⁵2).

1264 2908 1351 2941 (γι-ις.
1368 2908 1426 2934 '27-.l
1445 2918 1453 2933 ι
1472 2909 1615 2936 Consuluit
1640 2915 1729 2935 antu-1n
1752 2908 1836 2935 βαιΞά
1856 2908 1996 2935 Pontium)-

1644 3101 2069 3396 -ἠ
