4198 6350
159 400 301 465 1113

1069 405 1745 480 t‘tU.-I?.ST.IIEBR.-\1C.
1793 407 1869 465 ιΝ
1901 405 2046 464 LID.
2098 405 2148 462 II
2203 405 2495 463 IIEUUM.

3277 405 3413 471 ΗΜ.

157 519 261 580 Qui
299 521 598 588 respondit
633 535 646 574 :
681 519 796 574 Non
844 523 1113 576 ascendas
1139 565 1151 584 .
1186 523 1278 577 sed
1315 537 1442 592 gyra
1477 533 1595 592 post
1630 531 1736 576 tcr-
1772 535 1811 590 Α
1850 523 2110 575 tentorio.
2157 539 2174 570 ι
2214 519 2542 573 Ambulasse
2590 535 2648 574 se
2690 519 2952 574 Dominus
2985 519 3115 574 dicit
3144 518 3196 573 in
3231 521 3410 574 taber-

155 628 280 681 gnm
326 615 572 676 illorum,
607 625 659 668 et
709 616 894 670 venies
931 617 996 672 ad
1045 633 1140 671 cos
1194 633 1254 668 ex
1295 617 1527 672 adverso
1575 633 1738 687 pyro-

160 724 304 761 rutn.
342 728 359 759 ι
398 707 457 760 In
495 708 722 764 Hebraeo
755 728 860 764 non
891 729 1164 781 pyrorum,
1195 709 1286 764 sed
1326 712 1567 779 ﬂentium
1599 711 1734 779 legi-

157 812 262 856 tur.
295 803 370 855 Ex
408 803 645 858 adverso
689 806 869 872 itaque
900 804 1144 858 ﬂentium
1178 819 1299 857 eum
1333 803 1517 858 venire
1542 803 1730 873 jubet.

156 896 260 948 hoc
297 905 408 960 est,
453 914 518 951 ex
553 900 778 952 adverso
812 899 1076 952 idolorum
1113 913 1372 960 Suarum,
1399 899 1488 952 ubi
1527 899 1735 952 scilicet

154 987 296 1040 idola
331 1005 524 1042 eorum
553 1001 706 1044 erant
742 993 795 1046 in
820 993 1021 1060 quibus
1045 991 1414 1047 conﬁdebant.
1442 992 1570 1053 Qua!
1591 990 1731 1046 idola

155 1082 364 1136 idcirco
400 1083 650 1136 ﬂentium
701 1095 988 1147 vocantur,
1020 1085 1144 1152 quia
1187 1085 1310 1139 ﬂetu
1359 1084 1520 1151 digna
1562 1094 1689 1139 sunt
1717 1123 1730 1147 ,

152 1180 205 1224 et
240 1189 336 1227 eos
365 1176 460 1242 qui
498 1191 558 1229 ea
589 1176 796 1238 colunt,
827 1175 890 1228 ad
925 1173 1108 1229 ﬂetum
1145 1173 1497 1228 miseriarum
1533 1175 1732 1244 perdu-

151 1276 303 1320 ruut.
334 1267 606 1322 Flentium
637 1268 817 1338 itaque
852 1284 1039 1323 eorum
1073 1270 1215 1324 idola
1239 1270 1306 1320 ob
1333 1269 1725 1337 blasphemiam

152 1358 244 1412 hic
270 1375 457 1414 sermo
496 1362 718 1415 divinus
763 1374 945 1425 vocat,
994 1363 1136 1416 sicut
1171 1361 1296 1416 alibi
1349 1373 1569 1417 vocatur
1616 1364 1729 1417 ido-

151 1453 264 1504 lum
299 1453 484 1517 Moab,
514 1457 906 1510 contaminatio
944 1455 1124 1509 Moab.

224 1543 409 1610 (Vers.
455 1546 574 1611 Ἡ.)
617 1566 634 1598 ι
678 1547 743 1602 Et
772 1564 891 1600 cum
928 1547 1168 1602 audieris
1195 1547 1432 1601 sonitum
1471 1545 1728 1616 gradien-

150 1637 223 1691 tis
262 1637 314 1690 itt
345 1641 637 1694 cacumine
671 1639 954 1706 ﬂentium;
991 1659 1007 1690 ι
1051 1641 1154 1694 hoc
1186 1651 1288 1702 est,
1326 1655 1450 1693 cum
1485 1639 1727 1692 audieris

145 1744 174 1780 a
226 1731 606 1798 potestatibus
663 1732 924 1801 angelicis
970 1747 1160 1786 eorum
1213 1733 1355 1786 idola
1395 1733 1471 1801 (in
1526 1733 1727 1801 quibus

143 1822 331 1875 omnis
366 1821 635 1876 fortitudo
686 1837 874 1878 eorum
913 1827 1016 1891 est)
1051 1825 1258 1878 conteri
1288 1836 1342 1877 et
1369 1825 1678 1879 conenleari
1709 1865 1723 1888 ,

1844 617 2039 668 naCnIo
2065 627 2119 669 et
2161 617 2212 667 in
2247 616 2506 677 tentorio,
2573 614 2698 681 quia
2729 629 2826 668 nec
2863 613 3094 684 Moyses,
3127 630 3225 668 nec
3248 615 3412 669 Josue

1842 719 2132 778 potuvrunt
2163 707 2208 759 ei
2237 707 2509 760 a-dilicare
2541 705 2787 770 domum,
2812 722 2876 761 eo
2904 708 3044 777 quod
3075 708 3176 761 viri
3208 707 3411 762 fuerint

1839 801 2188 870 sanguinum,
2224 802 2362 854 sicut
2389 813 2441 853 et
2474 798 2665 852 David.

1916 893 2089 960 (Vers.
2126 893 2200 960 7.)
2243 911 2259 943 ‹
2298 893 2400 946 Per
2435 902 2631 947 cuneta
2685 891 2799 945 loca
2849 906 2968 959 qua:
3023 892 3248 946 transivi
3281 909 3401 946 cum

1837 989 2090 1042 omnilms
2127 987 2248 1041 {iliis
2289 987 2476 1050 Israel,
2507 989 2746 1058 nunquid
2772 988 3000 1057 loquens
3051 987 3265 1041 locutus
3288 1002 3404 1039 smn

1837 1082 1901 1134 ad
1941 1096 2100 1133 unam
2134 1080 2200 1134 de
2233 1081 2478 1134 tribubus
2509 1079 2691 1143 Israel,
2721 1083 2804 1136 cui
2837 1081 3071 1150 praecepi
3109 1089 3162 1134 ut
3205 1093 3409 1147 pasce-

1839 1182 1914 1226 ret
1961 1174 2217 1241 populum
2281 1186 2458 1225 meum
2515 1173 2718 1236 Israel,
2773 1173 2964 1227 dicens
3002 1188 3018 1227 :
3051 1172 3234 1238 Quare
3297 1187 3405 1223 non

1833 1265 2115 1318 aedilicasti
2151 1263 2283 1318 mihi
2333 1263 2554 1317 domum
2592 1264 2903 1318 cedrinam?
2937 1283 2954 1316 ι
2997 1265 3117 1320 Ilu2c
3151 1264 3268 1317 loca
3309 1279 3406 1331 per

1835 1371 1952 1420 qua:
1983 1371 2038 1408 se
2079 1357 2341 1410 transisse
2394 1357 2653 1410 Dominus
2699 1356 2849 1415 dicit,
2881 1357 3229 1424 intelligenda
3273 1361 3406 1408 sunt

1835 1443 1948 1497 Silo
1976 1454 2029 1498 et
2059 1445 2276 1514 Galgala
2309 1456 2361 1500 et
2395 1446 2566 1505 Nube.
2599 1457 2651 1501 et
2695 1456 2894 1500 cmtera
2946 1447 3061 1500 loca
3101 1449 3188 1500 ubi
3224 1448 3404 1500 tahcr-

1836 1538 2086 1588 naeulum
2123 1544 2177 1588 et
2209 1551 2332 1587 arca
2369 1535 2578 1590 Domini
2611 1538 2874 1591 collocata
2912 1538 3030 1590 fuit.
3099 1557 3116 1588 ι
3152 1536 3402 1604 Nunquid

1834 1627 2062 1695 loquens
2087 1628 2302 1681 locutus
2332 1643 2448 1681 sum
2485 1629 2644 1682 ειιίιιυί
2667 1630 2838 1699 judici
2865 1629 2930 1684 de
2959 1629 3211 1682 tribubus
3241 1628 3403 1681 Israel

1833 1720 1918 1772 cui
1973 1721 2200 1788 prmccpi
2249 1731 2304 1772 ut
2360 1729 2606 1788 pasceret
2649 1721 2905 1788 populum
2958 1736 3136 1773 meum
3195 1718 3400 1783 Israel,

1832 1809 2018 1862 uirens
2052 1825 2064 1862 :
2093 1809 2268 1875 Quare
2299 1826 2404 1863 non
2467 1810 2746 1863 tedilicasti
2791 1811 2920 1863 mihi
2956 1810 3175 1864 domum
3219 1811 3399 1864 cedri-

147 1927 281 1968 tnnc
315 1915 484 1968 inibis
520 1914 762 1980 praelium
797 1915 968 1984 :quia
1007 1927 1137 1968 tunc
1185 1914 1492 1983 egredietur
1533 1917 1714 1969 DOuti-
1759 1911 1796 1961 Β

1759 1911 1796 1961 Β
1832 1903 1996 1953 nam?
2040 1921 2056 1952 ι
2100 1903 2302 1956 Idcirco
2337 1917 2366 1956 a
2407 1903 2556 1955 nullo
2584 1901 2830 1971 judicutn
2865 1902 2968 1955 sibi
3005 1902 3261 1955 aedificari
3302 1903 3398 1954 du-

145 2021 253 2058 nus
283 2014 418 2059 ante
449 2005 643 2060 faciem
687 2014 856 2069 tuam,
911 2015 968 2057 ut
1019 2005 1286 2074 percutiat
1334 2014 1512 2058 castra
1555 2003 1720 2056 Phili-

141 2100 319 2154 stiim.
374 2099 432 2154 ln
484 2114 670 2153 eorum
722 2114 956 2166 namque
1007 2099 1166 2153 idolis
1215 2098 1482 2154 Dominus
1514 2098 1720 2168 judicia

141 2193 294 2255 fecit,
325 2194 473 2248 sicut
504 2203 558 2247 et
592 2193 644 2244 in
681 2191 786 2245 diis
817 2185 1224 2263 {Egyptinrunu

215 2284 378 2353 (Cap.
408 2283 498 2338 \‘l.
527 2313 593 2325 -
626 2281 780 2338 Vers.
827 2284 904 2352 8.)
939 2303 956 2335 t
1006 2283 1380 2338 Contristatus
1417 2291 1498 2336 est
1540 2292 1717 2336 autem

142 2377 339 2440 David,
376 2393 442 2434 eo
469 2377 612 2446 qttod
653 2377 1015 2445 percussisset
1049 2378 1315 2432 Dominus
1354 2379 1572 2430 02am.»
1608 2375 1720 2428 lle--

143 2472 378 2530 bra-us:
419 2489 436 2521 ι
479 2469 556 2522 Eo
613 2471 762 2539 quod
812 2471 1119 2526 divisisset.
1171 2489 1189 2520 ι
1249 2469 1509 2522 Divisisse
1566 2468 1718 2521 illum

145 2562 418 2617 Dominus
464 2563 682 2624 dicitur,
737 2563 865 2632 quia
921 2563 1073 2617 locus
1111 2561 1198 2616 ubi
1232 2569 1347 2616 erat
1379 2561 1544 2614 Ozam
1570 2598 1585 2623 ,
1626 2575 1721 2611 va-

139 2671 281 2709 cuus
311 2655 588 2723 apparuit.

212 2746 395 2816 (Vers.
434 2747 542 2816 I0.)
581 2765 602 2800 ι
637 2747 698 2800 Et
755 2747 927 2801 noluit
983 2745 1148 2800 David
1210 2745 1276 2800 ad
1329 2759 1387 2799 se
1442 2745 1716 2800 divertere

141 2854 330 2893 arcam
388 2839 605 2892 Domini
660 2839 712 2892 itt
770 2840 1047 2892 civitatem
1095 2838 1300 2902 David;
1356 2838 1447 2891 sed
1501 2837 1718 2890 divertit

141 2947 262 2984 ram
291 2934 346 2984 in
380 2930 602 2984 domum
636 2930 784 2985 Obed
824 2932 990 2984 Edom
1018 2931 1248 2994 Gethaei,
1287 2950 1302 2982 I
1335 2931 1424 2998 qui
1465 2929 1716 2983 Gethzcus

144 3023 269 3076 ideo
296 3035 620 3083 vocaturmo
642 3024 782 3090 quod
809 3025 860 3076 in
888 3022 1024 3077 Getlt
1046 3031 1196 3090 pater
1223 3023 1338 3090 ejus
1370 3022 1712 3074 habitaverit.

214 3112 396 3181 (νει-δ.
427 3114 538 3181 II.)
575 3133 593 3163 ‹
636 3114 704 3166 Et
732 3114 1006 3167 benedixit
1047 3111 1312 3166 Dominus
1339 3111 1713 3173 Ohed-Edom,

140 3216 195 3257 et
225 3219 448 3259 omnem
480 3204 701 3258 domum
740 3205 878 3272 ejus.
916 3223 934 3255 ι
977 3204 1324 3258 Benedixisse
1350 3208 1568 3256 domum
1603 3202 1718 3270 ejus

1834 2010 1980 2047 mum
2015 1995 2292 2048 cedrinam
2324 1995 2507 2064 jussit,
2537 1995 2663 2062 quia
2698 1997 2765 2046 ab
2794 1995 3048 2047 omnibus
3077 2003 3265 2048 contra
3303 1995 3396 2046 ho-

1830 2095 1941 2140 stes
1972 2097 2268 2154 pugnatum
2296 2087 2419 2149 fuit,
2453 2097 2502 2138 et
2526 2101 2714 2139 omnes
2739 2085 3004 2140 eﬂ‘usores
3038 2085 3398 2140 fueruntsan-

1830 2177 2076 2245 guinum.
2098 2176 2267 2230 Filius
2289 2187 2469 2230 autem
2505 2185 2651 2234 tuus.
2687 2177 2775 2230 cui
2807 2191 2912 2229 non
2947 2178 3232 2231 instabunt
3256 2177 3394 2231 bella

1832 2270 2093 2331 hostium,
2128 2278 2178 2322 et
2206 2270 2294 2336 qui
2331 2285 2434 2321 non
2474 2269 2576 2322 erit
2609 2270 2690 2324 vir
2731 2269 3055 2338 sanguinutn
3079 2307 3094 2332 ,
3127 2269 3242 2338 ipse
3267 2269 3396 2324 tedi-

1831 2362 2008 2415 Iicabit
2043 2362 2173 2415 tnihi
2215 2361 2462 2416 domum.

1899 2453 2079 2526 (νει-ε.
2113 2456 2165 2520 8,
2194 2456 2226 2508 9
2254 2455 2272 2524 )
2310 2474 2327 2506 ε
2365 2454 2430 2508 Ει
2468 2471 2610 2510 nunc
2639 2456 2752 2509 haec
2782 2455 2929 2509 dices
2958 2469 3115 2509 servo
3149 2469 3270 2508 meo
3296 2454 3394 2508 Da-

1828 2548 1912 2600 vid
1956 2567 1968 2601 :
2001 2548 2122 2600 llaac
2151 2549 2278 2600 dicit
2332 2547 2594 2600 Dominus
2644 2546 2985 2600 exercituum
3015 2562 3030 2600 :
3067 2546 3175 2617 Ego
3209 2546 3391 2600 tuli'te

1827 2637 1894 2692 de
1947 2639 2164 2706 pascuis
2217 2651 2535 2705 sequentem
2589 2654 2829 2706 gregem.
2869 2657 2886 2688 ι
2923 2637 2986 2689 Ει
3021 2646 3140 2706 post
3167 2652 3340 2706 pauca
3375 2653 3392 2691 :

1831 2749 1848 2781 ι
1889 2729 2121 2800 Feeique
2152 2731 2249 2784 tibi
2281 2746 2476 2785 nomen
2514 2733 2720 2797 grande
2753 2731 2905 2795 juxta
2939 2746 3134 2784 nomen
3170 2745 3392 2800 magno-

1826 2840 1944 2878 rum
1970 2825 2058 2893 qui
2094 2835 2221 2878 sunt
2252 2825 2305 2878 in
2336 2835 2502 2878 terra.
2547 2845 2565 2875 ι
2596 2825 2741 2888 Feci,
2781 2825 2953 2894 inquit
2981 2826 3265 2889 Dominus,
3289 2825 3389 2878 tibi

1826 2931 2020 2969 nomen
2055 2915 2276 2986 grande,
2301 2917 2442 2969 sicut
2466 2915 2564 2968 feci
2599 2915 2895 2977 Abraham,
2925 2914 3094 2977 Isaac,
3124 2926 3170 2969 et
3202 2913 3390 2980 Jacob,

1823 3017 1877 3060 et
1909 3007 2073 3073 Moysi
2120 3015 2174 3059 et
2208 3005 2370 3059 Josue
2401 3021 2416 3057 :
2453 3020 2683 3074 quorum
2719 3006 2940 3058 nomina
2976 3017 3101 3058 sunt
3137 3004 3392 3059 famosis-

1825 3099 1965 3154 sima
1998 3099 2051 3151 in
2088 3106 2253 3151 terra.

1897 3190 2074 3258 (Vers.
2102 3189 2214 3259 10.)
2246 3191 2341 3244 «Et
2372 3206 2568 3258 ponam
2602 3191 2781 3244 locum
2817 3189 3015 3256 pepulo
3047 3204 3170 3243 meo
3201 3190 3388 3257 Israel,

146 3296 465 3357 nomino").
511 3295 718 3350 ιιειπειεξ
747 3298 956 3360 dicunt,
990 3312 1054 3349 ρο
1087 3295 1230 3364 quod
1275 3309 1466 3347 oman
1515 3307 1714 3346 usurus
1748 3265 1786 3316 C
1822 3291 1874 3337 et
1907 3283 2160 3351 plantabo
2195 3298 2342 3344 eum.
2377 3294 2429 3337 et
2470 3283 2737 3336 habitabit
2772 3284 2873 3336 Sllb
2900 3298 3018 3337 COJ
3045 3282 3157 3336 Ηοο
3183 3283 3237 3336 ill
3269 3286 3388 3337 IOt‘U

140 3390 265 3456 ejus
293 3399 345 3440 et
376 3388 725 3448 concubinae,
759 3403 807 3441 et
837 3403 1028 3451 nurus,
1065 3396 1117 3439 et
1151 3385 1364 3438 ancilla:
1387 3423 1402 3446 ,
1439 3385 1713 3436 masculos

142 3479 463 3548 pepererint
511 3480 671 3544 lilios,
715 3495 924 3533 necnon
958 3489 1010 3532 et
1060 3478 1274 3532 femina
1330 3475 1714 3544 quadrupedes

142 3571 396 3637 geminos
443 3570 490 3624 ei
545 3571 808 3624 ediderint
860 3571 1044 3625 fanus.
1100 3569 1172 3623 De
1231 3584 1340 3638 quo
1391 3571 1459 3620 ita
1497 3569 1546 3619 in
1577 3567 1714 3619 libro

141 3661 600 3728 Paralipomenon
636 3663 896 3714 scribitur
930 3674 943 3712 :
979 3660 1173 3714 .Ilansit
1206 3677 1324 3729 ergo
1370 3675 1493 3711 arca
1528 3657 1620 3708 Dei
1656 3657 1708 3706 in

138 3756 295 3806 domo
323 3750 668 3806 Obed-Edom
708 3754 869 3806 trilus
899 3754 1181 3815 mensibus,
1223 3762 1271 3804 et
1303 3751 1565 3803 benedixit
1603 3747 1708 3799 Do-

137 3847 312 3898 minus
348 3845 530 3896 domui
559 3845 674 3912 ejus
703 3855 750 3897 et
775 3845 1013 3897 omnibus
1045 3860 1160 3914 qua:
1183 3843 1401 3897 habebat
1430 3841 1481 3908 (Ι
1519 3841 1706 3895 Paral.

138 3952 260 3998 snt,
299 3937 406 4001 Η).
445 3933 506 3986 Et
547 3936 676 3988 alibi
727 3937 779 3988 in
831 3939 1020 3988 eodem
1074 3935 1210 3988 libro
1259 3934 1707 3998 Paralipomenon

137 4030 352 4082 dicitur
396 4045 410 4082 :
452 4025 583 4079 Filii
624 4037 796 4080 autent
831 4026 1196 4093 Obed-Edom,
1231 4024 1465 4080 Semeias
1513 4027 1708 4094 primo-

133 4122 368 4190 genitus,
403 4119 632 4172 Jozabat
684 4124 964 4182 secundus,
1012 4119 1188 4173 Jo/taa
1243 4121 1447 4184 tertius,
1497 4118 1704 4170 Sac/tur

132 4221 382 4278 quartus,
416 4209 714 4264 Not/cauae!
749 4211 982 4276 quintus,
1012 4209 1164 4262 Auiel
1212 4216 1413 4268 sextus,
1453 4206 1705 4259 Isaac/tur

131 4308 410 4371 septimus,
449 4303 686 4355 Palluthi
714 4314 952 4366 octavus,
995 4305 1118 4373 quia
1161 4302 1423 4356 benedixit
1455 4301 1532 4353 illi
1564 4301 1702 4354 Deus

134 4395 188 4464 (1
221 4395 412 4449 Paral.
450 4411 595 4456 nrt,
637 4397 714 4460 4}.

209 4483 392 4553 (Vers.
422 4483 535 4554 23.)
590 4501 607 4534 ι
643 4483 831 4553 jlgitur
883 4482 1078 4537 Michol
1117 4482 1236 4536 fili-te
1287 4483 1414 4538 Saul
1460 4501 1567 4536 non
1619 4494 1702 4538 est

133 4587 300 4630 natus
335 4575 476 4629 lilius
513 4590 685 4644 usque
733 4574 798 4629 ad
851 4575 992 4628 diem
1025 4575 1214 4627 mortis
1247 4591 1378 4628 suzr.
1432 4595 1447 4626 ι
1503 4575 1698 4630 Michol

135 4683 253 4735 ipsa
287 4677 371 4720 est
401 4665 528 4736 Egla
570 4683 582 4724 :
624 4667 736 4722 haec
772 4667 958 4737 genuit
993 4665 1156 4720 Datid
1183 4667 1462 4720 Jcthraam
1487 4709 1502 4732 ,
1544 4669 1702 4737 cujus

134 4770 293 4827 partu
326 4758 604 4810 occulunt.

206 4849 362 4917 (Cap.
405 4847 512 4902 VII.
537 4879 605 4888 —
632 4847 786 4904 νει-ε.
823 4850 902 4918 5.)
943 4869 960 4901 ι
1004 4850 1250 4919 Dixitque
1279 4850 1489 4906 Nathan
1521 4851 1586 4904 ad
1621 4866 1704 4904 re-

132 4956 254 5009 gem
294 4955 308 4991 :
347 4938 520 4992 Omne
554 4940 696 5008 quod
731 4950 814 4994 est
855 4941 906 4994 itt
954 4941 1117 4996 eorde
1163 4951 1275 5009 tuo,
1312 4945 1444 4997 vade
1483 4953 1534 4997 et
1564 4942 1645 4996 Iac
1682 4958 1697 4998 :

132 5032 259 5098 quia
297 5027 561 5083 Dominus
603 5040 777 5083 tecum
812 5039 914 5086 est.
952 5050 968 5081 ι
1018 5029 1131 5084 Hoc
1171 5034 1315 5085 enim
1355 5031 1566 5086 Nathan
1632 5046 1697 5084 ex

131 5136 215 5183 se,
260 5134 368 5172 non
402 5133 464 5172 ex
516 5134 765 5174 sermone
803 5119 1018 5174 Domini
1051 5119 1190 5175 dixit
1235 5121 1301 5174 ad
1337 5121 1527 5178 David.
1561 5121 1695 5176 Illud

130 5221 263 5261 vero
295 5207 437 5275 quod
471 5207 740 5275 sequitur,
774 5222 835 5261 ex
869 5223 1124 5262 sermone
1168 5209 1378 5265 Domini
1413 5210 1546 5262 dixit
1574 5225 1588 5262 :

203 5296 392 5364 (Vers.
440 5297 516 5360 5.)
572 5317 588 5347 t
649 5299 771 5352 Haec
818 5300 948 5352 dicit
994 5300 1258 5355 Dominus
1293 5318 1306 5353 :
1338 5301 1592 5371 Nunquid
1642 5313 1696 5354 ttt

123 5389 428 5445 ardilicab's
480 5392 608 5444 mihi
644 5392 862 5446 domum
916 5392 981 5446 ad
1028 5393 1427 5448 habitandum?
1466 5413 1482 5445 ι
1537 5395 1612 5448 Ac
1652 5395 1695 5449 si

122 5486 338 5538 diceret
372 5501 383 5536 :
419 5483 535 5538 Non
572 5487 772 5554 poteris
806 5485 938 5538 ntihi
974 5485 1194 5540 domum
1227 5488 1520 5549 aediﬁcare.
1569 5489 1699 5556 quia

120 5579 208 5629 \‘ir
239 5576 569 5643 sanguinum
609 5592 684 5640 es,
723 5587 770 5630 et
820 5580 1045 5630 multum
1080 5580 1396 5647 sanguinem
1433 5579 1692 5633 cffudisti.

199 5665 377 5734 (Vers.
410 5666 486 5734 6.)
531 5685 547 5717 ι
583 5665 764 5734 Neque
789 5669 935 5722 enim
971 5671 1206 5722 habitavi
1236 5671 1288 5723 in
1323 5673 1483 5725 domo
1514 5686 1580 5724 ex
1607 5672 1693 5724 die

119 5777 228 5825 qua
262 5760 426 5812 eduxi
471 5758 610 5814 filios
645 5763 809 5814 lsrael
855 5762 920 5814 de
957 5771 1098 5816 terra
1133 5761 1350 5832 Egypti
1402 5780 1574 5832 usque
1626 5766 1690 5816 ad

118 5854 265 5904 diem
302 5851 442 5904 hanc
475 5869 484 5903 :
519 5854 608 5906 sed
649 5854 992 5910 ambulabant
1025 5854 1076 5906 in
1111 5857 1456 5912 tabernaculo
1488 5896 1504 5925 ,
1539 5869 1592 5913 et
1636 5857 1688 5911 in

1827 3385 2036 3442 tempus
2082 3374 2389 3429 Salomonis
2438 3391 2618 3429 sermo
2671 3376 2930 3430 describit
2984 3377 3226 3439 divinus,
3271 3393 3381 3446 quo

1825 3467 1917 3520 lilii
1953 3464 2118 3519 Israel
2161 3482 2344 3534 pacem
2393 3476 2578 3520 essent
2614 3467 2855 3521 habituri
2896 3482 2993 3535 per
3044 3468 3334 3522 circuitum
3369 3509 3384 3532 ,

1823 3571 1876 3614 et
1910 3574 2015 3614 ηοω
2059 3568 2244 3613 essent
2299 3559 2564 3628 aﬂligendi
2616 3569 2669 3613 et
2702 3560 3039 3626 opprimendi
3073 3561 3215 3615 sicut
3255 3572 3388 3615 tem-

1834 3667 1965 3720 pore
2001 3652 2244 3719 judicum
2279 3651 2494 3705 fuerunt
2521 3653 2766 3721 oppressi
2799 3661 2852 3706 et
2884 3653 3084 3707 aﬂlieti.

1892 3745 2070 3810 (Vera.
2110 3744 2222 3813 Η.)
2272 3765 2288 3794 ε
2335 3745 2436 3810 Qui
2468 3746 2512 3797 si
2556 3747 2740 3813 inique
2774 3745 2978 3814 aliquid
3017 3747 3264 3814 gesserit,
3299 3762 3386 3800 ar-

1818 3853 1977 3907 guam
2007 3852 2128 3890 cum
2161 3838 2213 3890 in
2246 3837 2394 3905 virga
2437 3839 2679 3891 virorum
2706 3876 2721 3902 ,
2755 3850 2811 3892 et
2850 3839 2902 3891 in
2939 3839 3108 3908 plagis
3144 3841 3380 3895 filiorum

1820 3932 2124 3985 hominum.
2168 3950 2184 3980 ι
2224 3930 2444 3999 \‘irgam
2481 3933 2726 3984 virorum
2757 3972 2771 3994 ,
2815 3933 3051 4002 gladium
3094 3943 3252 3988 vocat
3283 3937 3385 3989 ini-

1818 4025 2104 4078 micorum.
2140 4022 2313 4092 Plagaa
2353 4039 2482 4077 vero
2518 4025 2750 4077 litiorum
2796 4024 3075 4078 hominum
3109 4036 3238 4079 sunt
3289 4031 3380 4080 in-

1815 4117 2230 4172 commoditates
2261 4131 2549 4182 corporum
2588 4117 2984 4179 humanorum,
3034 4118 3234 4184 quibus
3282 4135 3381 4188 pro

1814 4209 2047 4279 peccatis
2078 4208 2190 4262 suis
2211 4223 2236 4259 a
2265 4206 2494 4261 Domino
2527 4211 2720 4262 merito
2749 4209 2997 4262 homines
3017 4189 3377 4280 ﬂagellantur.

1883 4297 2058 4368 (Vers.
2092 4299 2205 4366 19.)
2247 4318 2262 4349 ι
2318 4298 2421 4351 Ista
2470 4309 2551 4354 est
2583 4300 2726 4353 enim
2772 4299 2857 4354 lex
2896 4301 3067 4354 Adam
3101 4341 3115 4366 ,
3155 4302 3380 4358 Domine

1813 4392 1975 4446 Deus.
2017 4411 2034 4442 ι
2069 4391 2182 4445 iloc
2211 4402 2314 4456 est,
2349 4393 2430 4445 lex
2474 4393 2708 4446 hominis
2737 4402 2838 4459 est,
2873 4393 3096 4448 Domine
3125 4395 3287 4461 Deus,
3317 4406 3377 4452 ut

1815 4484 1902 4537 tibi
1934 4482 1990 4535 in
2021 4482 2372 4550 simplicitate
2401 4484 2583 4537 cordis
2612 4493 2666 4537 et
2702 4485 2938 4547 puritate
2970 4486 3192 4541 serviat.

1883 4573 2059 4641 (Vers.
2092 4574 2205 4639 2|.)
2246 4593 2262 4624 t
2299 4574 2363 4628 Et
2396 4584 2451 4627 tu
2484 4575 2652 4629 facies
2677 4577 2724 4628 ei
2750 4575 2902 4642 juxta
2943 4577 3372 4634 misericordiam

1813 4674 1978 4725 tttam,
2013 4665 2154 4718 sicut
2185 4665 2316 4717 mihi
2350 4667 2607 4732 dignatus
2638 4682 2695 4719 es
2729 4666 2908 4721 facere
2937 4683 3095 4722 servo
3123 4679 3215 4723 tuo
3252 4689 3374 4738 pro-

1808 4771 1926 4826 pter
1969 4758 2186 4811 verbum
2220 4765 2372 4809 tuum
2412 4774 2426 4810 :
2460 4767 2512 4810 et
2544 4758 2841 4815 secundum
2876 4775 2968 4814 cor
3007 4771 3160 4814 tuum
3195 4763 3371 4818 fecisti

1805 4850 1990 4902 omnia
2040 4850 2310 4918 magnalia
2371 4850 2524 4916 haec;
2569 4870 2585 4901 ι
2625 4863 2845 4921 propter
2894 4854 3118 4908 verbum
3168 4867 3369 4920 tuum,

1805 4939 1948 5004 quod
1980 4937 2275 5007 promisisti
2315 4941 2614 5004 Abraham,
2649 4942 2800 4995 Isaac
2847 4956 2900 4996 et
2949 4943 3142 5010 .Iucob,
3195 4945 3368 5002 fecisti

1802 5031 1985 5084 omnia
2019 5032 2129 5084 hcce
2162 5032 2293 5084 mihi
2341 5048 2500 5086 servo
2534 5046 2644 5088 tuo.
2680 5035 2831 5100 Quod
2866 5036 2998 5089 dicit
3027 5079 3040 5096 ,
3090 5041 3370 5091 seetmdum

1802 5138 1895 5175 cor
1949 5133 2138 5188 tuum,
2204 5124 2528 5192 intelligitur
2582 5129 2881 5181 Secundum
2934 5130 3368 5185 misericordiam

1803 5220 1972 5264 luam.

1873 5303 2050 5371 (Vers.
2093 5304 2208 5364 9:2.)
2252 5325 2268 5355 t
2312 5306 2447 5372 Quia
2501 5325 2604 5362 non
2654 5320 2736 5362 est
2789 5310 2984 5364 similis
3035 5311 3130 5364 tui.
3183 5311 3369 5381 Neque

1801 5396 1940 5449 enim
1970 5403 2054 5447 est
2086 5397 2225 5449 Deus
2255 5408 2411 5450 extra
2448 5406 2499 5451 te
2532 5399 2585 5451 in
2616 5401 2873 5454 omnibus
2909 5416 3029 5468 qua:
3055 5403 3366 5458 audivimus

1801 5488 2026 5542 ant-ibus
2059 5489 2281 5549 nostris,
2325 5509 2340 5539 ι
2374 5488 2490 5544 Non
2527 5502 2629 5546 est.
2663 5494 2860 5558 inqttit,
2899 5493 3038 5548 Deus
3067 5496 3258 5548 similis
3289 5507 3364 5549 tu:

1801 5581 1890 5648 qui
1939 5579 2127 5632 ΐεωτῐι
2165 5585 2435 5652 magnalia
2473 5586 2581 5638 luce
2614 5602 2733 5653 qua:
2776 5589 3086 5642 audivimus
3139 5591 3365 5646 auribus

1801 5673 2021 5724 nostris.

1871 5765 2047 5832 (Vcrs.
2085 5765 2198 5834 9.3.)
2238 5784 2254 5816 (
2293 5767 2335 5818 Α
2364 5767 2497 5822 facie
2525 5771 2708 5838 populi
2748 5773 2847 5835 tui,
2885 5787 3042 5839 quem
3084 5775 3364 5828 redemisti

1798 5873 1859 5910 cx
1893 5857 2145 5929 :lfgyptu,
2169 5860 2455 5928 gentemjct
2487 5860 2650 5915 Deum
2683 5863 2799 5932 ejus
2837 5881 2852 5914 ι
2890 5861 3150 5917 llcbrazus
3180 5864 3363 5930 habet,
