2102 3454
399 206 469 242 ltls

1141 202 1341 234 APPENDlX.

1953 203 2011 236 “16

401 267 543 301 «gentibus
564 269 591 293 et
607 264 659 293 diis
675 271 779 291 carum.
800 272 808 289 ι
826 263 857 290 Et
872 267 914 290 cst
931 269 1028 289 sensus
1048 270 1054 287 :
1071 263 1090 288 Α
1109 260 1178 287 facie
1194 265 1213 290 Λ
1231 261 1359 294 spelunca
1373 270 1387 285 ιι
1412 260 1535 287 Olollam
1550 281 1557 291 .
1583 261 1627 287 ubi
1654 265 1785 287 venerunt
1805 261 1840 287 ad
1857 268 1921 287 cum
1939 267 2010 294 pater

397 313 486 349 populi
503 312 550 343 Ini,
568 319 647 346 quem
672 310 811 338 redemisti
837 318 869 337 ex
893 308 1022 343 Egypto,
1044 307 1076 333 de
1094 314 1174 332 manu

397 360 498 387 scilicet
515 358 713 393 Egyptiorum,
731 365 798 392 quos
817 356 843 383 iu
862 356 926 383 mari
944 355 1038 381 Rubro
1059 354 1175 388 peremi—

396 406 441 435 sti.
459 410 485 432 et
499 406 551 431 diis
564 412 672 436 eorum.
692 405 719 431 in
738 403 837 438 quibus
850 401 953 435 judicia
972 400 1069 428 iecisti.

432 451 520 487 (Vcrs.
533 451 590 485 27.)
611 460 620 476 ι
639 451 706 484 Quia
719 454 757 481 tu,
772 448 885 475 Domine
906 447 1086 477 exercituum.
1105 447 1177 474 Deus

397 498 488 529 Israel,
507 497 631 524 revelasti
650 504 740 523 aurem
759 495 830 523 servi
848 495 886 522 lui
899 516 906 527 ,
924 495 1018 522 dicens
1035 502 1042 520 :
1062 493 1176 520 Domum

398 545 536 572 mlificabo
548 544 607 573 libi.
623 547 731 578 propter
747 544 798 569 hoc
815 541 918 568 invenit
932 548 1026 568 servus
1048 544 1110 565 tuus
1130 546 1177 565 cor

400 600 491 622 suum,
506 594 534 616 ut
549 594 640 615 oraret
655 593 682 615 te
696 588 819 615 oratione
834 587 911 613 hac.)
929 585 1028 612 Aurem
1047 584 1107 618 ejus
1123 583 1175 610 Do-

399 638 489 664 minus
511 644 558 671 per
580 635 738 670 prophetam
757 633 923 660 revelaverat
935 652 942 664 ,
960 639 989 659 5e
1007 632 1044 658 illi
1062 631 1172 658 domum

395 685 602 710 a-ditiraturtnu.
626 682 726 708 Idcirco
745 679 828 706 David
848 679 984 705 invenisse
1002 685 1031 704 se
1047 678 1113 704 dicit
1130 684 1177 703 cor

396 737 487 758 suum.
511 729 535 756 id
558 735 609 759 usi.
634 727 738 754 invenit
763 725 904 753 audaciam
929 725 956 751 in
970 725 1051 752 corde
1068 732 1130 757 suo,
1149 728 1178 750 ut

395 782 485 803 orarit
504 784 564 801 cum
580 776 704 801 oratione
721 776 782 802 hac.

433 823 509 856 (Cap.
527 821 633 848 Vlll.-—-
647 820 725 848 Vers.
741 822 778 856 i.)
795 830 805 847 ι
824 821 935 848 Factum
954 825 994 846 est
1010 823 1099 845 autem
1116 821 1177 851 post

396 868 464 895 lia-c.
482 869 614 901 percussit
628 867 710 894 David
726 867 880 894 Philistiim:
899 870 926 892 ct
940 864 1093 891 llumiliavit
1107 870 1153 890 eos
1168 869 1175 888 ε

396 920 423 941 ct
439 914 499 940 ιιι1ιι
518 914 599 940 Dnt‘itl
614 914 717 940 frenum
737 913 828 939 tributi
846 912 878 939 de
892 919 973 938 manu
989 909 1144 937 Pliilistiim.
1164 918 1173 934 ι

399 960 515 986 Frcnnm
537 960 642 989 Iributi.
660 960 782 993 quinqth
809 962 888 985 erant
913 958 1034 984 civitates
1053 956 1176 983 Philisti-

396 1014 505 1036 i.orum,
523 1014 584 1040 quae
600 1006 757 1039 frequenter
774 1004 857 1031 Israel
874 1003 925 1030 sibi
944 1002 1118 1029 tribularium
1139 1001 1179 1027 fa-

394 1053 514 1083 ciebant,
529 1060 597 1086 quas
610 1052 644 1078 ab
654 1051 695 1077 cis
709 1051 772 1077 tulit
790 1050 886 1083 David,
900 1054 926 1076 et
943 1048 1096 1075 lmmiliavit
1117 1055 1176 1079 eos,

396 1098 513 1131 fecitque
524 1097 574 1124 sibi
595 1095 764 1122 tributarios.
781 1094 856 1122 Unde
869 1094 933 1120 etin
950 1094 1176 1128 Paralipomenon

395 1144 517 1179 legitur:
537 1142 667 1169 Percuuil
694 1141 777 1167 David
806 1140 949 1167 I’ltilialiim
981 1144 1006 1166 et
1028 1139 1176 1165 humiliavit

394 1197 449 1218 eos,
474 1193 498 1214 el
515 1186 574 1213 tulit
595 1186 658 1213 Gelli
675 1191 700 1213 et
725 1186 796 1219 filias
821 1185 876 1218 ejus
903 1185 934 1211 de
950 1192 1030 1210 manu
1046 1192 1134 1210 eorum
1151 1183 1176 1218 (I

395 1234 487 1262 Parui.
503 1242 578 1262 avni.
594 1233 629 1265 1).

431 1279 521 1315 (Vcrs.
540 1279 594 1313 15.)
617 1287 626 1305 t
650 1278 779 1312 Fecitque
805 1276 889 1304 David
914 1277 966 1304 sibi
993 1284 1090 1304 nomen
1116 1285 1176 1303 cum

395 1331 589 1357 reverteretur,
612 1328 689 1363 capta
716 1324 806 1360 Syria.
833 1332 842 1349 ι
868 1323 975 1351 Fecisse
1002 1323 1053 1350 sibi
1079 1330 1176 1350 nomen

394 1376 504 1408 dicitur,
521 1376 584 1410 quia
602 1376 627 1402 in
649 1374 718 1401 valle
734 1374 888 1401 Salinarutn
903 1392 911 1403 .
925 1373 1004 1400 cmsis
1027 1373 1122 1400 decem
1150 1378 1177 1400 ct

395 1426 456 1448 Orto
477 1421 606 1451 millibus.
623 1420 712 1448 erexit
737 1420 787 1446 sibi
809 1419 939 1445 lorniccm
967 1418 1175 1452 triumphalem.

396 1466 472 1493 Fet-it
486 1468 567 1494 ctiam
582 1467 631 1493 sibi
648 1474 759 1497 nomen.
771 1467 834 1500 quia
851 1467 921 1492 victa
938 1464 1014 1498 Syria
1033 1465 1152 1492 Damasci
1169 1484 1176 1496 ,

396 1517 423 1539 et
441 1512 518 1547 Syria
536 1512 618 1543 Suba,
632 1514 754 1539 erexisse
770 1512 822 1538 sibi
838 1511 939 1539 dicitur
956 1512 1069 1537 alteram
1089 1510 1178 1537 forni-

394 1566 454 1584 cem
476 1558 677 1592 triumphalem.
692 1558 727 1584 Et
741 1558 763 1584 si
779 1566 859 1591 quem
877 1564 966 1585 nim-et
983 1558 1055 1592 quod
1079 1558 1104 1584 in
1120 1558 1176 1590 ple-

1227 306 1287 339 ejus
1301 312 1327 333 et
1346 312 1433 334 mater
1449 312 1475 334 et
1490 307 1580 334 omnis
1594 306 1695 335 (ionius
1719 309 1789 342 ejus.
1807 308 1871 334 lude
1891 308 1969 334 venit
1982 308 2009 333 ad

1227 351 1316 385 Moab,
1332 358 1358 379 et
1372 353 1477 381 dimisit
1494 355 1562 388 :tpu-l
1578 362 1638 380 eum
1661 360 1764 388 patrem
1782 359 1810 382 et
1834 359 1965 385 matrem,
1986 359 2009 380 et

1226 406 1333 425 omnem
1350 399 1462 426 domum
1480 409 1569 427 suam.
1596 399 1674 433 Quod
1694 409 1756 427 tero
1773 401 1843 427 dixit
1867 401 1953 427 Acbis
1971 408 2008 426 rex

1226 443 1293 471 Gelli
1307 453 1314 471 :
1326 445 1435 472 Iliccine
1452 446 1615 480 ingredietur
1628 447 1733 472 domum
1751 448 1857 473 meum?
1874 447 1946 474 Abiit
1958 448 2009 474 inde

1230 491 1312 517 David
1327 496 1351 518 et
1368 492 1434 527 fugit
1459 492 1486 518 iu
1509 493 1661 526 speluncam
1683 492 1804 519 Odollum
1830 493 1856 526 (Ι
1875 493 1941 529 Reg.
1958 502 2008 525 ut.

1228 538 1271 569 15.
1292 547 1356 570 nu,
1376 539 1412 573 1).
1436 539 1509 565 Abiit
1541 540 1615 571 inde.
1646 540 1866 568 subaudiendum
1896 547 1959 572 est,
1982 542 2010 567 dr

1227 584 1308 611 domo
1330 585 1399 612 Naas
1414 605 1422 617 ,
1440 590 1465 612 et
1489 586 1550 613 inde
1579 586 1681 622 fugisse
1706 587 1782 614 illutn
1800 587 1826 614 in
1854 588 2009 622 speluncam

1227 629 1361 658 Odollam.
1381 631 1408 658 Si
1425 639 1489 658 vero
1503 632 1634 665 quanitur
1651 642 1701 660 cur
1724 635 1756 660 ad
1771 641 1848 664 eum.
1868 634 1895 660 id
1926 633 2009 661 estad

1227 678 1319 709 Achis,
1338 677 1420 705 David
1440 678 1562 711 redit-rit.
1586 683 1649 706 ante
1663 680 1741 714 cujus
1758 680 1856 708 faciem
1893 681 2008 717 fugerat.

1230 724 1420 758 intelligendus
1431 729 1473 751 est
1487 726 1537 752 istc
1553 726 1634 752 Aeltis
1649 726 1720 753 filius
1734 727 1817 754 fuisse
1838 729 1913 755 illius
1933 729 2007 755 Acltis

1228 778 1242 795 a
1272 778 1326 804 quo
1353 769 1420 805 lugit
1441 770 1539 798 David.
1571 770 1649 799 Unde
1673 777 1700 799 et
1723 773 1750 799 in
1784 774 2009 808 subst-quentibus

1229 816 1310 843 Acbis
1329 824 1390 843 cum
1405 824 1459 850 quo
1473 817 1555 844 David
1576 818 1601 845 iu
1617 819 1740 851 prmlium
1766 825 1864 846 contra
1882 820 1947 847 Sani
1965 821 2007 847 de-

1230 863 1387 894 scendebat.
1406 864 1476 891 lilius
1499 865 1599 892 dicitur
1617 866 1700 893 fuisse
1714 867 1819 894 Maocli.
1835 867 1895 894 Non
1911 869 1979 894 enim
1996 876 2009 893 a

1229 913 1304 942 patre
1320 909 1371 936 hoc
1384 918 1482 938 nomen
1496 912 1725 947 patronymicum,
1739 914 1785 941 sed
1802 922 1816 940 ει
1835 921 1925 941 matre
1940 922 2008 941 ειιιιι-

1231 955 1294 989 p~it,
1314 963 1375 989 qum
1404 955 1514 983 Maaclta
1542 957 1703 985 vocabatur.
1730 958 1761 985 Et
1790 958 1897 986 idcirco
1920 968 1970 986 non
1996 967 2009 985 ι

1230 1005 1305 1035 patre
1325 1001 1376 1028 hoc
1392 1003 1508 1036 sumpsit
1526 1011 1637 1036 nomen,
1654 1011 1687 1031 eo
1703 1005 1774 1039 quod
1795 1004 1880 1032 David
1897 1013 1913 1032 ι
1928 1014 1956 1033 se
1968 1006 2009 1032 ab-

1227 1045 1295 1080 jecei
1306 1051 1336 1073 ιι.

1265 1093 1353 1124 (Vers.
1371 1094 1425 1130 10.)
1441 1104 1449 1120 ι
1465 1094 1614 1130 Reliquam
1630 1099 1719 1123 ardent
1737 1102 1841 1132 partem
1856 1099 1947 1131 populi
1962 1104 2010 1125 tra-

1228 1138 1297 1165 didit
1313 1139 1405 1166 Abisai
1430 1140 1508 1167 fratri
1524 1148 1585 1168 suo.
1609 1150 1619 1168 I
1647 1141 1800 1169 Notandum
1820 1144 1895 1176 quod
1916 1144 2011 1171 solum-

1228 1184 1308 1212 modo
1322 1184 1347 1211 in
1363 1186 1414 1212 hoc
1431 1186 1491 1213 loco
1507 1187 1533 1214 in
1554 1186 1668 1214 llebrzco
1684 1189 1791 1223 legatur
1806 1190 1903 1222 Alma,
1917 1191 1942 1217 in
1960 1198 2008 1217 c1:-

1227 1232 1292 1258 lcris
1306 1240 1371 1259 vero
1390 1233 1456 1260 locis
1479 1234 1583 1261 Abiaai.
1598 1235 1680 1262 Abisa
1704 1235 1796 1270 itaque
1814 1236 2007 1271 interpretatur

1227 1284 1301 1311 ναῖεν
1316 1279 1442 1313 sacriﬁcii
1457 1288 1464 1306 :
1480 1285 1507 1307 et
1521 1281 1612 1308 Abisai
1626 1301 1634 1313 ,
1653 1287 1727 1314 pater
1744 1290 1816 1309 meus
1832 1284 2005 1318 sacrificium.

1228 1323 1290 1350 ldi-o
1307 1329 1395 1351 autem
1413 1333 1444 1352 et
1465 1327 1578 1353 nomine
1604 1327 1676 1354 illius
1693 1336 1773 1354 uiuam
1797 1328 1917 1356 litteram
1938 1330 2009 1357 dem-

1228 1373 1300 1403 ptam
1315 1369 1419 1397 llebrtei
1433 1371 1539 1404 dicunt,
1554 1379 1587 1399 eo
1605 1373 1676 1407 quod
1692 1373 1765 1401 necis
1779 1374 1874 1401 Abner
1888 1376 2009 1403 conscius

1228 1415 1321 1442 fuerit.

1263 1460 1338 1495 (Cap.
1357 1460 1520 1490 XL—Vers.
1544 1464 1582 1499 l.)
1603 1473 1613 1490 ι
1630 1464 1742 1492 Factum
1765 1472 1898 1502 estergo,
1920 1475 2009 1494 rever-

1228 1511 1300 1534 tt-nte
1315 1509 1325 1523 '
1346 1516 1428 1540 anno.
1442 1516 1475 1536 eo
1489 1513 1612 1544 tempore
1625 1518 1678 1544 quo
1695 1512 1782 1538 solent
1798 1521 1879 1548 rcges
1897 1514 1932 1541 ad
1947 1514 2009 1540 bella

1229 1552 1373 1586 procedere
1393 1560 1400 1579 :
1420 1553 1493 1580 misit
1515 1554 1598 1581 David
1612 1555 1681 1583 Joab
1700 1561 1726 1583 et
1755 1564 1854 1583 servos
1873 1566 1939 1585 suos
1953 1568 2009 1584 runt

396 1604 487 1637 risque
500 1603 657 1630 Latinorum
686 1604 828 1630 codicibus
847 1604 985 1630 invenitur
1011 1602 1092 1629 David
1121 1611 1174 1630 non
1191 1607 1213 1637 ο
1229 1607 1270 1630 00.
1287 1610 1294 1624 ι
1305 1605 1331 1626 el
1345 1606 1451 1628 (litiera-
1464 1600 1491 1627 lll
1503 1601 1615 1629 Hebraeo
1630 1603 1665 1629 ita
1678 1603 1774 1637 legitur
1789 1613 1796 1629 :
1813 1615 1822 1630 ι
1837 1605 1877 1633 Eo
1892 1612 2009 1641 tempore

393 1648 482 1675 decem
496 1653 520 1674 et
533 1652 590 1674 acto
603 1648 686 1674 millia
702 1648 728 1674 in
745 1648 813 1674 valle
831 1648 999 1680 Salinarum.
1015 1649 1061 1675 sed
1077 1648 1175 1676 duode-

394 1694 444 1719 cim
460 1693 546 1719 millia
560 1693 690 1719 cecidisse
710 1701 716 1719 :
743 1693 850 1719 noverit
868 1693 937 1719 lioc'
955 1693 1019 1720 vitio
1033 1693 1041 1708 ‘
1060 1696 1177 1728 scripto-

395 1747 455 1765 rum
472 1739 498 1765 in
515 1738 617 1765 eisdem
637 1738 779 1765 codicibus
803 1738 919 1764 inditum
943 1745 1014 1765 esse.
1036 1738 1177 1767 Veraciter

395 1790 485 1811 tamen
510 1784 593 1811 David
618 1784 645 1810 in
661 1784 755 1811 eadem
778 1785 846 1811 valle
860 1783 1025 1817 Salinarum
1040 1786 1133 1812 decem
1149 1789 1176 1813 et

394 1835 456 1857 Ot'lo
484 1830 566 1856 millia
597 1830 706 1861 cecidit,
726 1826 793 1857 Joab
810 1838 874 1857 vero
908 1831 1052 1857 duodecim
1079 1831 1174 1863 millia,

395 1877 466 1904 sicut
482 1877 508 1903 in
527 1877 606 1904 ti:qu
625 1877 843 1912 quinquagesimi
871 1878 959 1904 octavi
986 1878 1081 1913 psalmi
1107 1878 1173 1906 scri-

396 1922 478 1949 Ιιὶιιιτ.

429 1966 504 2001 (Cap.
521 1966 679 1993 IX.—Vcrs.
695 1965 747 2000 ll.)
763 1976 772 1992 ι
793 1966 917 2002 Dixitque
934 1967 996 1994 Siba
1014 1968 1046 1994 ad
1062 1976 1150 2002 regem
1166 1976 1173 1995 :

394 2011 472 2039 Sicut
486 2011 609 2045 jussisti,
629 2012 738 2039 domine
754 2013 789 2038 mi
817 2021 861 2038 rex
875 2031 883 2043 ,
902 2020 981 2040 servo
1002 2017 1059 2043 tuo.
1077 2013 1117 2040 sic
1133 2013 1174 2040 fa-

392 2059 446 2085 cict
469 2065 563 2084 servus
588 2062 663 2090 tuus,
681 2063 707 2083 et
730 2057 909 2092 Mipliiboseth
937 2060 1060 2086 comedet
1087 2066 1170 2094 super

394 2110 513 2129 nensam
529 2107 612 2129 tuam.
631 2112 640 2128 ι
662 2102 815 2129 Notandum
828 2103 900 2137 quod
919 2103 945 2130 in
965 2103 1079 2130 Hebraeo
1093 2112 1170 2138 nuper

393 2156 509 2174 metuam
525 2156 608 2174 meam
628 2148 731 2181 legatur
750 2158 757 2176 :
775 2150 838 2182 quia
856 2150 882 2176 iu
899 2149 952 2176 hoc
971 2149 1031 2175 loco
1047 2149 1172 2177 defectus

392 2199 442 2224 est,
466 2198 494 2219 et
518 2194 669 2220 necessaria
687 2194 855 2221 subautlitio.
875 2194 991 2227 Quando
1012 2195 1084 2221 enim
1104 2195 1174 2222 dixit

394 2239 469 2269 Siba,
501 2247 511 2263 ι
530 2237 607 2264 Sicut
621 2238 739 2271 jussisti,
754 2238 871 2265 Domine
887 2239 923 2264 mi
941 2247 997 2270 rex,
1017 2246 1096 2266 servo
1114 2243 1171 2270 tuo.

1230 1652 1284 1678 quo
1294 1652 1369 1679 reges
1380 1645 1413 1671 ad
1432 1646 1498 1672 bella
1515 1654 1715 1680 processerant,
1728 1650 1801 1676 misit
1812 1649 1898 1677 David
1912 1652 1986 1678 .luab.
1997 1662 2005 1676 ι

1229 1694 1256 1716 et
1270 1695 1377 1717 eaztera.
1395 1690 1449 1718 llos
1463 1699 1539 1726 reges
1551 1692 1618 1720 dicit
1630 1694 1674 1728 qui
1706 1702 1905 1730 processerunt
1920 1703 2009 1724 contra

1231 1734 1313 1761 David
1327 1735 1352 1762 in
1371 1742 1497 1770 pugnam,
1513 1737 1620 1765 scilicet
1639 1747 1726 1774 regem
1750 1740 1825 1768 ﬂuob
1847 1748 1876 1768 et
1892 1743 1975 1774 lstub,
1987 1749 2010 1769 et

1229 1780 1298 1807 Soba
1313 1786 1341 1808 et
1354 1782 1468 1815 Muadia,
1483 1783 1529 1817 qui
1545 1784 1639 1819 utique
1655 1793 1731 1820 reges
1747 1786 1833 1822 Syria;
1848 1787 1971 1819 fuernnl.
1984 1796 2010 1816 et

1229 1834 1350 1861 pugnare
1374 1828 1518 1856 voluerunt
1535 1831 1663 1858 conducti
1683 1834 1805 1860 ηις-τεθείς
1821 1841 1835 1860 a
1854 1842 1920 1869 rege
1936 1834 2010 1862 Moab

1229 1876 1322 1898 contra
1337 1872 1431 1904 Davi-l.
1450 1881 1465 1901 a
1481 1882 1535 1906 quo
1552 1875 1711 1911 triumphati
1726 1886 1786 1905 esse
1802 1880 1943 1914 Ιεειιηιιπ.

1264 1917 1354 1951 (Vers.
1370 1918 1410 1953 5.)
1429 1929 1438 1945 ι
1456 1919 1486 1946 Ει
1498 1921 1658 1948 dixitDavid
1676 1922 1792 1950 :Nomie
1808 1926 1860 1951 ista
1881 1932 1925 1953 est
1937 1926 2011 1953 Beth—

1229 1963 1308 1989 sabee
1328 1963 1382 1990 lilia
1398 1964 1494 1998 Eliam,
1510 1973 1576 1993 uxor
1590 1966 1660 1994 Uria:
1675 1967 1793 1996 Aitbuei?
1807 1979 1817 1995 ι
1836 1970 1926 1997 Elian)
1943 1972 2009 1998 titius

1229 2006 1280 2032 fuit
1299 2007 1471 2041 Acbitopbel.

1263 2052 1352 2089 (Vers.
1369 2055 1424 2086 15.)
1445 2065 1453 2081 ι
1470 2056 1502 2083 Et
1516 2058 1624 2084 vocavit
1644 2057 1735 2085 Uriam
1753 2058 1839 2087 David
1854 2081 1861 2093 ,
1881 2065 1911 2088 ιιι
1924 2069 2010 2088 come—

1228 2099 1304 2126 det-ct
1322 2107 1413 2127 coram
1439 2109 1478 2133 se.
1493 2105 1521 2129 et
1544 2102 1658 2136 biberet,
1677 2110 1702 2131 el
1731 2104 1879 2131 itu-biiavit
1908 2114 1980 2133 eum.
2000 2116 2008 2131 ι

1228 2145 1332 2173 ldt'rrco
1346 2147 1495 2175 iuebriasse
1508 2157 1570 2176 eum
1589 2149 1697 2182 dicitur,
1712 2154 1740 2176 ut
1761 2151 1861 2178 saltem
1881 2153 1974 2179 ebrius
1987 2153 2010 2179 ia

1227 2191 1338 2218 domum
1356 2200 1431 2219 suam
1449 2193 1636 2221 descenderet.

1263 2238 1340 2272 (Cap.
1354 2237 1538 2267 XI|.——Vers.
1555 2239 1610 2274 M.)
1630 2249 1639 2265 ι
1664 2238 1859 2268 Verumtamen
1877 2244 2004 2276 qum-iam

391 2285 432 2312 sic
460 2283 540 2311 faciet
552 2292 647 2311 servus
664 2290 726 2311 tuus
738 2305 745 2316 ,
767 2293 775 2308 ι
795 2283 1013 2311 subaudiendum
1031 2289 1073 2311 est
1090 2284 1173 2311 David
1191 2280 1212 2307 υ
1227 2284 1417 2320 blasphemare
1431 2286 1517 2313 fecisti
1533 2286 1660 2314 inimicos
1673 2286 1800 2317 Domini.
1819 2295 1940 2323 propter
1956 2297 2010 2315 rer.

393 2331 505 2362 dixisse,
526 2340 535 2356 ι
562 2331 594 2357 I'It
615 2330 794 2364 Mipbiboseth
812 2332 936 2357 comedet
953 2337 1033 2364 super
1050 2338 1172 2357 mensam

391 2385 489 2408 meum,
507 2385 516 2402 ι
536 2377 612 2411 quasi
629 2384 700 2403 unus
715 2378 746 2402 de
766 2376 829 2402 liiiis
849 2376 931 2411 regis.

426 2423 491 2456 Cap.
509 2422 540 2450 Χ.
558 2436 592 2442 -
606 2421 684 2449 Vers.
704 2422 744 2455 2.)
763 2431 771 2447 ι
793 2422 918 2455 Dixitque
935 2422 1019 2449 David
1037 2431 1043 2448 :
1062 2422 1172 2450 Faciant

391 2467 606 2495 miscrICordiam
625 2474 684 2494 cmn
700 2468 777 2494 Anon
793 2468 847 2494 lilio
860 2468 944 2500 Naas,
963 2468 1034 2494 sicut
1050 2467 1112 2495 fecit
1127 2475 1173 2502 pa-

391 2518 432 2540 ler
454 2513 513 2547 ejus
540 2520 644 2540 mecum
670 2512 897 2540 misericordiam.
927 2522 936 2538 ι
965 2512 1080 2546 Quando
1104 2513 1173 2548 fugit

391 2560 474 2586 David
489 2567 503 2585 a
519 2560 586 2586 fat-ie
602 2558 685 2586 Acbis
702 2559 773 2593 regis
789 2558 860 2586 Getlt
873 2578 881 2591 ,
896 2559 971 2585 venit
989 2559 1025 2586 ad
1043 2558 1114 2586 Naas
1129 2568 1173 2586 rc-

391 2614 449 2639 gem
476 2607 610 2636 Ammon,
636 2604 682 2639 qui
709 2603 771 2631 fecit
796 2612 857 2631 cum
878 2611 911 2631 eo
936 2605 1169 2637 miscricordiam,

391 2653 474 2679 multa
492 2652 648 2686 impertiens
665 2651 687 2678 ci
702 2651 783 2678 bona.
801 2651 836 2678 De
848 2650 923 2678 Naas
939 2652 1032 2685 itaque
1047 2652 1123 2678 venit
1143 2652 1169 2678 iu

428 2719 436 2734 ί
455 2719 490 2745 De
502 2719 624 2745 variante
641 2717 796 2751 bujusmodi
814 2717 928 2744 lectione
940 2718 1059 2744 diximus
1077 2718 1102 2744 in
1123 2726 1171 2743 uo-

391 2754 424 2780 ιὶς
441 2756 474 2780 ad
495 2754 513 2779 ll
527 2754 687 2779 bliothccam
715 2753 835 2778 Divinam
856 2752 887 2779 ὃ.
911 2751 1081 2788 Hieronymi.
1100 2752 1170 2780 Con-

390 2790 461 2815 sulat
480 2789 568 2815 loeutn
586 2789 631 2822 qui
649 2788 774 2814 voluerit.

425 2850 437 2863 ιι
453 2843 610 2876 llujusmndi
636 2844 712 2874 vitio.
738 2844 811 2877 quod
838 2844 1030 2870 remotissima:
1049 2844 1168 2878 antiqui-

391 2880 453 2905 tatis
470 2879 597 2905 indicium
616 2885 655 2905 est
669 2898 675 2910 ,
693 2880 774 2905 codex
796 2886 903 2913 quoque
922 2879 1089 2905 Veronensis
1105 2888 1166 2913 per~

390 2921 442 2941 cat.
462 2913 546 2940 Porro
571 2921 619 2948 pro
643 2914 755 2940 ini/ilum
782 2915 856 2948 b-gas
883 2914 1014 2946 inclitum,
1034 2915 1060 2940 id
1091 2915 1163 2948 quod

1228 2330 1290 2356 Imm
1304 2330 1365 2361 hoc,
1381 2331 1451 2358 lilius
1463 2331 1508 2366 qni
1525 2337 1604 2358 natus
1617 2336 1658 2359 est
1673 2332 1733 2364 tibi,
1746 2339 1834 2359 naorte
1850 2336 2007 2361 morietur.»

1226 2374 1254 2402 ln
1277 2375 1389 2403 Hebraeo
1410 2377 1445 2403 ita
1475 2377 1598 2411 legitur:
1629 2386 1638 2402 ι
1660 2377 1859 2406 Verumtamen
1885 2382 2008 2414 quoniam

1226 2421 1440 2456 blasphemando
1456 2422 1648 2457 blaspbelnasti
1666 2424 1791 2451 inimicos
1807 2423 1938 2456 Domini,
1953 2432 2009 2460 prn-

1224 2474 1285 2502 ptcr
1299 2468 1410 2508 verbum
1430 2468 1480 2495 hoc
1496 2469 1577 2495 etiam
1599 2475 1625 2496 et
1641 2468 1712 2496 filius
1724 2470 1771 2504 qui
1790 2476 1879 2499 natus
1892 2477 1934 2499 est
1955 2472 2007 2504 tibi,

1226 2517 1313 2539 morte
1339 2514 1479 2540 morietur.
1501 2524 1511 2539 ι
1535 2514 1611 2547 Quod
1634 2522 1681 2549 per
1701 2515 1891 2549 antiphrasim
1911 2518 2007 2544 dictum

1223 2563 1264 2585 est
1279 2566 1286 2585 :
1303 2562 1329 2585 et
1348 2565 1390 2586 est
1405 2566 1503 2587 sensus
1522 2566 1530 2586 τ
1548 2559 1728 2586 Salvationem
1745 2561 1873 2587 ll‘lblllili
1892 2563 2005 2589 inimicis

1226 2604 1343 2636 Dontini,
1360 2605 1458 2638 quibus
1474 2606 1677 2640 insurgentibus
1692 2611 1787 2633 contra
1806 2610 1942 2642 populum
1960 2609 2006 2634 Do-

1224 2650 1301 2684 mini,
1318 2655 1429 2684 peccato
1447 2650 1498 2677 hoc
1514 2655 1558 2677 luo
1572 2651 1765 2685 praepediente,
1786 2660 1842 2679 non
1863 2653 1962 2688 poterit
1972 2654 2006 2679 ris

1258 2720 1267 2734 '
1285 2718 1335 2745 Ms.
1350 2718 1475 2745 Ambros.
1494 2723 1605 2745 vertente
1621 2722 1667 2746 :et
1681 2719 1762 2753 patilo
1779 2725 1844 2752 post
1860 2721 1918 2746 sive
1933 2726 2003 2746 sum

1222 2754 1325 2816 gbbhoc
1343 2762 1420 2781 versu
1442 2753 1510 2780 Iclob
1524 2759 1550 2781 et
1569 2753 1679 2780 Mam/ta
1695 2756 1891 2789 pruvtcrmisso
1905 2763 2005 2782 nomme

1245 2798 1259 2815 ο
1278 2798 1303 2815 a.

1221 2848 1280 2907 tit-et
1299 2855 1330 2873 ιιι
1349 2847 1458 2874 Babano
1475 2853 1597 2881 arguere,
1615 2846 1658 2881 qui
1685 2847 1819 2874 mendose
1847 2847 1930 2874 habet
1953 2854 2003 2873 mo-

1233 2888 1310 2907 llllm.

1233 2888 1310 2910 llllNl.

1312 3135 2064 3444 -ή
