4198 6350
212 331 352 393 ’1417

1156 329 1440 399 QUEST.
1487 326 1840 386 ilEBllAIC.
1889 325 1968 384 ῙΝ
2017 325 2159 382 ΗΠ.
2210 326 2261 382 ll
2298 324 2586 383 llEGUM.

3321 313 3461 378 “l8

225 446 476 493 resistere
510 446 741 510 populus
775 440 1009 493 Domini.
1051 440 1275 506 Insuper
1303 439 1465 491 etiam
1523 440 1622 507 ipsi
1678 437 1784 486 ini-
1820 438 1865 492 Α
1897 437 2077 486 reduci
2113 446 2166 486 ut
2201 437 2469 486 rideri-tur
2493 437 2558 484 ab
2593 450 2678 492 eo,
2714 447 2926 499 semper
2952 443 3096 482 mors
3124 429 3331 480 Amnon
3363 429 3455 480 lilii

225 535 344 586 mici
395 535 677 588 vietor-insi
718 535 982 586 exsislent
1033 543 1251 601 propter
1305 543 1581 600 peccatum
1640 541 1789 580 tuum

223 644 385 694 super
422 629 683 697 populum
715 626 944 680 Dotnini.

294 720 478 786 03ers.
509 721 628 773 εἴη
664 738 681 771 t
726 717 789 772 Et
834 719 1045 773 vocavit
1106 733 1305 768 nomen
1357 718 1476 784 eius
1526 713 1788 765 Aurdtilis

230 815 484 873 Domino,
524 827 588 863 eo
619 813 760 880 quod
792 811 1038 878 diligeret
1075 824 1195 860 eum
1226 808 1506 861 Dominus.
1543 826 1561 856 ι
1597 806 1650 857 lu
1690 805 1788 857 lle-

230 911 371 958 ιιι-ςιξο
402 907 475 957 ita
506 906 705 974 legitur
737 921 750 957 :
790 923 808 956 ι
844 903 907 955 Et
939 903 1148 956 vocavit
1183 914 1380 953 nomen
1408 900 1526 966 ejus
1560 900 1576 929 ⁸
1608 906 1627 926 ⁸
1661 911 1796 948 ιυυι-

237 1017 347 1056 nn.
409 997 460 1052 id
503 1006 583 1050 est
625 997 858 1050 dilectus
904 993 1115 1048 Domini
1159 1002 1375 1062 propter
1412 989 1724 1044 Dominum.
1772 1006 1788 1037 ι

236 1091 478 1142 liilecms
511 1090 728 1142 Domini
755 1096 969 1154 propter
1000 1086 1283 1138 Dominum
1320 1082 1543 1141 dicitur,
1576 1089 1792 1150 propter

228 1199 382 1236 suam
434 1185 649 1235 scilicet
689 1179 1125 1234 misericordiam
1159 1178 1485 1246 gratuitam,
1520 1190 1629 1242 qua
1663 1187 1788 1225 eum

224 1278 451 1345 diligere
474 1276 728 1343 dignatus
759 1283 841 1328 est
876 1313 889 1326 .
919 1287 1042 1327 cum
1075 1271 1258 1337 utique
1286 1268 1404 1337 ejus
1431 1266 1721 1320 dilectione
1741 1270 1796 1315 et

229 1367 608 1422 misericordia
647 1365 900 1433 indiguus
923 1363 1250 1424 exsixteret,
1299 1374 1458 1428 quem
1503 1356 1794 1410 constabat

229 1475 556 1517 mamzerem
585 1473 725 1512 esse.

298 1553 480 1616 «νει-ς.
514 1551 629 1618 :27.)
671 1568 688 1599 ι
733 1547 998 1602 Ditnicavi
1032 1546 1318 1600 adversum
1359 1541 1546 1594 Rabba
1573 1582 1586 1604 ,
1620 1549 1675 1592 et
1709 1553 1798 1591 ca-

231 1643 423 1709 pienda
477 1641 727 1694 esturbs
786 1652 1073 1704 aquarum.
1120 1655 1137 1688 ι
1172 1634 1482 1688 Notandum
1543 1631 1686 1700 quod
1743 1630 1795 1680 in

229 1735 477 1797 liebrmo,
513 1732 733 1799 quando
762 1747 884 1786 cmn
921 1730 1222 1800 adiectione
1257 1728 1538 1780 numinum
1572 1723 1795 1792 ponitur

198 1826 554 1888 dlabbathb,
606 1826 747 1877 sicut
791 1833 871 1877 est
929 1821 1176 1874 Rabbath
1235 1821 1470 1873 filiorum
1531 1819 1791 1870 Ammon.

226 1919 461 1984 Quando
505 1932 632 1970 vero
666 1916 783 1968 sine
815 1914 1117 1980 adiectione
1147 1912 1425 1966 nominum
1461 1948 1476 1974 ,
1510 1926 1616 1963 non
1650 1910 1796 1963 Rab-

231 2012 386 2070 batlt.
421 2013 513 2063 sed
546 2008 732 2060 Rabba
769 2005 1046 2059 scribitur.

309 2103 486 2175 (Vers.
519 2105 610 2164 9.9,
649 2099 760 2169 50.)
791 2119 808 2152 t
841 2103 1084 2168 Cumque
1109 2097 1445 2161 dimicasset,
1480 2097 1622 2164 cepit
1655 2111 1796 2157 eam,

233 2214 290 2258 ct
339 2202 462 2255 tulit
512 2199 762 2254 diadema
813 2196 1074 2249 Melcltom
1113 2195 1178 2247 de
1228 2195 1402 2262 capite
1442 2196 1576 2264 ejus.
1616 2212 1632 2242 ι
1676 2193 1798 2245 lllel-

233 2297 394 2349 chon»
440 2294 824 2357 interpretatur
852 2302 941 2340 rex
967 2303 1168 2340 eorum.
1199 2288 1308 2339 iter
1344 2303 1530 2337 eorum
1568 2295 1794 2336 voettur

235 2386 442 2440 idolum
476 2398 664 2435 eorum
703 2396 719 2434 :
749 2382 889 2448 qnol
923 2379 1009 2430 hic
1051 2387 1273 2430 vocatur
1308 2376 1598 2438 hia-lenoni,
1641 2377 1798 2444 cujus

233 2475 561 2531 diadematis
591 2488 778 2524 aurum
807 2482 860 2523 et
891 2485 1132 2542 gemmas
1160 2471 1428 2524 conﬂasse
1457 2479 1509 2522 et
1539 2482 1800 2536 purgasse

233 2569 437 2622 dicitur
472 2565 638 2618 David
678 2563 975 2617 secundum
1003 2560 1198 2629 legem,
1232 2572 1284 2614 et
1319 2561 1512 2613 fecisse
1541 2561 1640 2611 sibi
1678 2561 1801 2610 inde

230 2661 521 2721 diadema,
559 2655 700 2726 quod
735 2654 820 2708 hic
853 2653 1086 2722 positum
1121 2669 1283 2722 super
1319 2664 1481 2723 caput
1516 2653 1632 2721 eius
1669 2653 1800 2704 diri-

231 2762 347 2804 llll‘.

307 2841 490 2908 (Vers.
523 2842 637 2908 5i.)
682 2861 697 2887 ο
760 2840 1028 2910 Ροριιιιιηι
1081 2852 1300 2906 quoque
1357 2835 1475 2903 ejus
1523 2834 1799 2888 adducens

233 2933 495 2996 serratit,
528 2942 583 2986 et
612 2932 930 3000 circmuegit
963 2946 1125 3000 super
1158 2944 1254 2983 eos
1293 2926 1492 2980 ferrata
1519 2936 1799 2994 carpenta,

231 3022 534 3091 divisitque
565 3023 757 3075 cultris
799 3033 852 3077 et
885 3022 1196 3075 transduxit
1238 3021 1289 3072 in
1329 3033 1453 3088 typo
1487 3019 1740 3072 laterum.
1779 3038 1795 3069 ι

1899 531 1982 580 sui
2028 530 2207 582 animo
2238 530 2353 589 eius
2384 527 2720 577 m‘rurrchat.
2759 525 2880 576 Sive
2911 524 3097 583 aliter,
3137 519 3454 574 consolatus

1898 624 2064 675 fuisse
2098 637 2258 689 super
2291 624 2499 671 Amnon
2554 618 2770 670 t-neritn
2808 617 3031 677 dicitur,
3081 629 3147 667 eo
3180 614 3328 681 quod
3366 630 3460 664 no-

1898 730 2047 768 νει-ιιι.
2076 732 2197 766 eum
2229 714 2551 775 lingitiomuu
2591 722 2640 761 et
2671 710 2890 776 dignum
2927 716 3098 759 morte
3149 707 3458 773 meritoque

1901 813 2132 881 perisse.

1895 915 1898 917 λ
1973 901 2123 968 tCap.
2157 897 2294 950 XIV.
2326 928 2392 936 —
2420 899 2568 950 νυνδὶ.
2609 898 2679 965 1.)
2717 914 2733 944 t
2772 892 3086 961 intelligens
3116 904 3291 943 autem
3322 888 3457 942 JOnb

1901 995 2040 1047 illius
2072 993 2273 1046 Sarvia:
2306 993 2448 1061 quod
2481 1008 2572 1045 ror
2602 991 2741 1060 regis
2776 1002 2991 1041 versum
3024 994 3164 1037 esset
3192 981 3256 1033 ad
3291 983 3459 1033 Ahsa-

1901 1091 2030 1142 lom.
2074 1109 2089 1140 ι
2127 1089 2231 1142 Cor
2269 1089 2411 1155 regis
2442 1102 2655 1138 versum
2692 1103 2813 1141 esse
2863 1085 2926 1137 ad
2964 1081 3218 1135 Absalum
3258 1077 3460 1128 vidis»:

1899 1183 2115 1242 dicitur,
2148 1197 2212 1235 eo
2241 1182 2383 1249 quod
2417 1179 2608 1232 viderit
2633 1194 2754 1230 eum
2792 1178 2932 1231 idem
2965 1176 3100 1230 Joab
3148 1189 3244 1240 pro
3293 1171 3462 1224 Absu-

1902 1273 2005 1325 lom
2041 1271 2065 1309 ἀ
2103 1274 2399 1340 suspirare,
2436 1279 2488 1324 et
2537 1286 2598 1321 ex
2649 1283 2713 1319 eo
2759 1268 3018 1320 intellextt
3048 1266 3190 1334 quod
3221 1277 3315 1315 cor
3344 1261 3462 1327 eius

1903 1377 2116 1414 rersmn
2147 1371 2289 1414 esset
2324 1361 2389 1412 ad
2417 1361 2694 1412 Absalom.

1973 1453 2152 1520 (Vers.
2187 1453 2264 1520 2.)
2304 1472 2320 1502 ι
2365 1453 2502 1506 Misit
2535 1453 2832 1524 'l‘hecuam,
2868 1460 2922 1503 et
2953 1451 3075 1503 tulit
3114 1449 3240 1501 inde
3275 1446 3463 1498 mulie-

1904 1564 2015 1601 rem
2055 1546 2377 1615 sapientem.
2417 1565 2433 1596 ι
2471 1544 2684 1598 ΤΙιυιοιιη
2727 1546 2922 1597 civitas
2967 1554 3072 1605 est,
3104 1541 3171 1594 de
3199 1555 3300 1608 qua
3355 1536 3460 1590 fuit

1905 1641 2065 1690 Amos
2099 1641 2378 1706 propheta.
2414 1637 2638 1689 Pulatur
2671 1649 2852 1690 auten|
2883 1636 3070 1688 eadem
3099 1633 3254 1686 vidua
3282 1643 3304 1668 °
3341 1630 3458 1681 avia

1907 1729 2072 1781 fuisse
2108 1730 2352 1796 ejusdem
2381 1731 2544 1783 Amos
2582 1731 2880 1797 prophetre.

1975 1819 2150 1889 (Vers.
2192 1822 2338 1889 5-7.)
2379 1841 2394 1871 ι
2433 1820 2564 1886 Quae
2623 1823 2902 1890 respondit
2942 1822 2989 1874 ei
3063 1838 3075 1874 :
3149 1819 3260 1871 llcu
3337 1837 3457 1874 mu-

1905 1916 1999 1966 lier
2031 1916 2190 1966 vidua
2223 1930 2322 1983 ego
2355 1930 2494 1968 sum.
2525 1913 2765 1966 Mortuus
2792 1925 2873 1967 est
2895 1931 3038 1968 enim
3078 1916 3159 1966 vir
3193 1929 3344 1966 meus
3375 1933 3384 1968 :
3412 1925 3465 1967 et

1903 2009 2110 2062 ancillx
2137 2018 2238 2060 tute
2269 2017 2426 2061 erant
2459 2009 2567 2059 duo
2593 2006 2705 2068 lilii,
2732 2007 2823 2073 qui
2852 2007 3008 2059 rixati
3039 2015 3166 2058 sunt
3197 2008 3460 2058 adversus

1902 2117 1959 2154 se
2008 2102 2058 2152 in
2091 2115 2242 2169 agro,
2292 2100 2579 2167 nullusque
2614 2109 2730 2151 erat
2761 2100 2850 2167 qui
2885 2114 2979 2152 eos
3011 2100 3303 2168 prohibere
3336 2114 3464 2168 pos-

1904 2202 2006 2248 set.
2045 2192 2109 2244 Et
2144 2191 2407 2260 percussit
2442 2194 2576 2242 alter
2621 2191 2849 2242 altermu
2879 2229 2895 2255 ,
2927 2203 2981 2244 et
3013 2189 3284 2244 interiecit
3315 2207 3461 2245 eum.

1905 2285 1963 2337 Et
2008 2300 2136 2338 ecce
2184 2299 2524 2351 consurgens
2578 2282 2828 2335 universa
2881 2285 3132 2352 enguatio
3199 2284 3462 2337 adversus

1905 2379 2158 2431 ancillam
2196 2387 2343 2429 tuam
2371 2376 2526 2436 dicit,
2564 2375 2740 2428 Trade
2771 2393 2896 2429 cum
2930 2379 3019 2444 qui
3058 2377 3331 2446 percussit
3358 2377 3463 2430 fta-

1907 2481 2041 2523 ll'Clll
2069 2485 2282 2524 suum»
2320 2470 2377 2522 ιιι
2410 2470 2635 2522 veritate
2666 2481 2872 2531 autem,
2906 2481 2963 2522 ut
2990 2470 3195 2523 Ilebrtei
3221 2472 3463 2534 tradunt,

1906 2564 2018 2616 haec
2046 2565 2236 2616 mulier
2266 2563 2422 2614 ridua
2447 2564 2585 2616 duos
2612 2562 2750 2616 ﬁlios
2789 2563 2999 2626 habuit,
3029 2565 3119 2630 qui
3155 2563 3313 2615 rimati
3340 2572 3466 2617 sunt

1906 2673 1956 2708 tn
2006 2671 2133 2723 agro
2168 2670 2329 2717 suber
2365 2655 2676 2706 hmreditate
2713 2655 2883 2722 patris
2913 2656 3015 2715 sui,
3049 2665 3102 2706 et
3138 2655 3366 2707 alterum
3399 2659 3468 2708 ab

1905 2749 2076 2801 altero
2113 2750 2513 2814 interemptum.
2556 2747 2798 2814 Seipsam
2852 2756 3030 2798 tamen
3089 2749 3275 2799 eadem
3307 2746 3464 2798 \‘itilta

1907 2843 1956 2894 in
2007 2856 2233 2910 persona
2289 2839 2450 2892 David
2486 2841 2689 2908 posuit,
2736 2848 2788 2891 ct
2827 2841 2964 2891 duos
3021 2841 3157 2892 tilios
3219 2855 3348 2892 suos
3414 2839 3466 2891 in

1850 2976 1856 2988 .
1907 2949 2135 3001 persona
2181 2931 2393 2985 Amnon
2445 2942 2499 2985 et
2545 2932 2801 2985 Absalom
2840 2950 2854 2985 :
2889 2934 3263 3002 cognationem
3301 2946 3426 2983 rem
3453 2972 3468 2992 ,

1907 3039 2027 3092 ιιιιω
2061 3024 2406 3076 consurrexit
2433 3023 2699 3076 adversus
2733 3026 2900 3077 tilium
2945 3041 3126 3087 suum,
3154 3026 3206 3077 iu
3239 3039 3466 3092 persona

236 3117 489 3170 Setravit
514 3115 661 3168 enim
697 3129 791 3167 eos
819 3114 1032 3166 ferratis
1062 3114 1356 3181 carpentis,
1383 3121 1436 3164 et
1471 3112 1653 3165 divisit
1683 3111 1798 3162 cul-
1829 3133 1872 3188 ο
1909 3125 2229 3168 ceterorum
2263 3115 2497 3168 ﬁliorum
2538 3113 2727 3170 David,

233 3209 359 3267 tris,
394 3207 535 3259 sicut
563 3206 758 3260 lateres
781 3205 948 3259 dividi
973 3205 1170 3267 solent,
1202 3205 1292 3273 qui
1322 3219 1385 3258 ex
1414 3203 1579 3272 paleis
1608 3212 1658 3256 et
1687 3203 1800 3254 luto

233 3299 629 3354 coniiciuntur.

311 3390 470 3459 (Cap.
503 3388 876 3442 Xlll.—-—Vers.
905 3388 1020 3456 '57.)
1058 3405 1075 3438 t
1113 3388 1282 3442 Porro
1313 3388 1546 3441 Absalou
1588 3387 1799 3455 fugiens

237 3483 460 3536 abiitad
497 3480 743 3533 Tholmai
779 3479 943 3532 lilitnn
982 3481 1208 3531 Atnibur
1245 3477 1366 3548 [ηις.
1399 3477 1582 3549 Amui]
1620 3494 1799 3547 regem

235 3574 464 3629 Ccssur.
509 3591 526 3623 ι
563 3571 808 3624 Tbohnai
847 3583 998 3640 pater
1025 3570 1125 3622 iuit
1154 3569 1374 3622 Maacha
1406 3571 1593 3623 matris
1623 3571 1804 3624 Absa-

238 3670 372 3731 lout,
397 3680 558 3730 quam
588 3665 777 3718 dicunt
802 3664 1010 3719 ιιι-1)τωὶ
1047 3680 1074 3715 a
1103 3664 1265 3718 David
1303 3665 1352 3716 iu
1381 3651 1801 3733 praelio‘captam

236 3775 294 3812 ct
334 3757 558 3810 czrsarie
584 3765 638 3810 et
671 3757 940 3822 unguibus
982 3755 1241 3822 praecisis,
1280 3758 1580 3806 secundum
1624 3757 1797 3824 legem

240 3853 422 3916 (Dent.
457 3865 566 3907 ut,
601 3846 784 3914 1045)
816 3862 932 3898 eam
967 3861 1189 3897 uxorem
1231 3847 1330 3898 sibi
1368 3843 1535 3897 David
1585 3849 1797 3899 socias-

241 3961 302 3997 se
357 3953 408 3994 et
436 3957 498 3992 ex
530 3955 591 3991 ea
621 3953 906 4004 generasse
953 3935 1190 3988 Thamar
1214 3946 1265 3988 ct
1292 3937 1544 3990 Absalom
1573 3936 1648 4003 (11
1677 3937 1800 4007 Reg.

241 4051 325 4091 tu.
359 4033 430 4096 5;
461 4032 488 4084 Ι
517 4029 705 4084 Parui.
741 4045 820 4088 tu,
850 4029 926 4095 Εἰ).

315 4125 494 4193 (\‘ers.
521 4123 635 4186 39.)
669 4140 685 4170 ‹
723 4120 968 4173 Cessat-it
998 4121 1176 4188 itaqtlc
1213 4117 1378 4172 David
1416 4134 1510 4172 rex
1548 4119 1799 4188 persequi

243 4218 521 4269 Absalom.
554 4233 570 4264 ι
613 4212 668 4265 lu
709 4213 932 4266 Hebraeo
958 4214 1152 4281 legitur
1181 4230 1194 4265 :
1236 4231 1252 4262 ι
1292 4214 1532 4266 Cessarit
1562 4214 1746 4281 itaque
1776 4225 1796 4250 ε

246 4306 412 4359 liawd
443 4320 533 4356 rex
557 4305 703 4356 exite
743 4313 861 4368 post
889 4304 1198 4356 Ahsalonm
1239 4303 1488 4356 Voluisse
1525 4304 1662 4356 idem
1697 4303 1805 4357 Da-

242 4399 330 4448 vid
379 4397 527 4447 exire
578 4395 925 4463 perhibetur,
963 4407 1022 4445 ut
1056 4398 1335 4447 reduceret
1369 4395 1650 4448 Absalom.
1699 4397 1801 4450 Sed

1980 3206 2138 3276 (Vers
2192 3207 2271 3276 9.)
2311 3226 2329 3258 ι
2381 3207 2437 3261 lu
2490 3225 2596 3272 me,
2629 3211 2848 3262 domine
2882 3211 2950 3262 mi
2985 3226 3074 3263 rex
3101 3251 3114 3270 .
3153 3211 3418 3278 iniquitas
3455 3230 3467 3264 :

1906 3311 1962 3355 et
1988 3301 2040 3352 in
2070 3299 2232 3353 domo
2268 3302 2434 3366 patris
2463 3302 2568 3352 mei
2608 3318 2622 3353 :
2657 3317 2746 3353 rex
2779 3313 2980 3365 autem,
3011 3312 3064 3355 ct
3101 3303 3330 3355 thronus
3354 3303 3470 3370 ejus

1910 3396 1979 3446 sit
2013 3394 2293 3445 innocens.
2333 3412 2348 3443 ι
2384 3397 2458 3447 Ac
2499 3395 2544 3448 si
2571 3395 2793 3458 diceret,
2829 3410 2924 3462 pro
2957 3411 3021 3449 eo
3055 3393 3200 3464 quod
3236 3395 3369 3447 alter
3407 3395 3467 3447 li-

1911 3485 2014 3537 lius
2045 3499 2199 3537 meus
2233 3485 2581 3537 consurrexit
2610 3485 2868 3538 adversus
2900 3487 3164 3549 alterum,
3194 3486 3246 3538 in
3278 3501 3362 3540 me
3401 3487 3472 3539 sit

1913 3576 2191 3642 iniquitas,
2226 3575 2269 3626 si
2304 3584 2480 3628 tamen
2519 3577 2695 3644 aliqua
2723 3591 2842 3628 esse
2871 3576 3049 3629 debet.
3084 3578 3140 3630 lu
3180 3586 3230 3630 te
3261 3589 3466 3641 autem,

1910 3684 1941 3718 υ
1970 3681 2064 3718 rex
2105 3665 2294 3728 David,
2322 3667 2466 3719 nulla
2498 3666 2566 3719 sit
2593 3668 2855 3734 iniquitas
2886 3686 2897 3720 ε
2926 3671 3052 3735 quia
3080 3670 3284 3737 absque
3311 3671 3467 3740 culpa

1909 3772 1990 3819 es,
2029 3771 2092 3809 co
2126 3759 2266 3825 quod
2295 3759 2549 3811 Absalom
2597 3761 2806 3813 Amnon
2845 3762 3066 3828 dignum
3102 3774 3276 3815 morte
3306 3763 3470 3816 inter-

1911 3850 2060 3902 fecit.
2101 3849 2162 3901 Et
2199 3849 2337 3901 sicut
2366 3868 2463 3918 ego
2488 3853 2694 3918 alisque
2742 3854 2902 3921 culpa
2938 3872 3056 3906 sum
3091 3870 3186 3922 pro
3227 3871 3292 3909 eo
3325 3860 3466 3925 quod

1911 3941 2018 3995 duo
2074 3943 2165 3994 lilii
2233 3943 2338 3994 mei
2387 3956 2846 3999 consurrenruut
2888 3946 2906 3983 ί
2939 3948 3234 4002 adversum
3287 3965 3386 4016 ac,
3417 3963 3471 4004 et

1912 4033 2228 4086 interfectus
2281 4046 2362 4088 cst
2427 4036 2562 4088 alter
2605 4037 2671 4088 ab
2703 4039 2874 4090 altero
2916 4055 2930 4094 :
2969 4040 3038 4093 ita
3082 4053 3134 4094 et
3175 4047 3227 4094 tu
3267 4043 3470 4113 absque

1909 4125 2064 4191 eulpa
2097 4140 2175 4190 es,
2206 4142 2301 4193 pro
2331 4141 2395 4178 eo
2425 4128 2566 4194 quod
2599 4129 2856 4183 Absalom
2889 4144 2940 4185 et
2993 4132 3206 4186 Amnon
3242 4136 3467 4200 dignum

1912 4227 2084 4271 morte
2113 4219 2406 4273 interfecit.

1986 4309 2163 4378 (Vers.
2199 4312 2310 4378 11.)
2348 4331 2364 4362 ι
2403 4312 2532 4377 Qua:
2572 4314 2645 4367 ait
2678 4332 2689 4365 :
2730 4317 3067 4372 Recordetur
3115 4336 3207 4374 rex
3255 4322 3466 4376 Domini

1912 4404 2005 4456 Dei
2035 4405 2138 4466 sui,
2172 4413 2229 4456 ut
2273 4420 2378 4457 non
2436 4407 2865 4475 multiplicemur
2901 4412 3130 4478 proximi
3187 4407 3468 4483 sanguinis

244 4497 588 4555 υθιίνπῑθιιδ
631 4485 682 4537 in
724 4487 887 4536 σοι’(Ιε
923 4499 1044 4545 δυο.
1077 4487 1218 4550 quo“
1255 4487 1468 4553 σιιιοιίεε
1502 4500 1623 4536 cum
1659 4488 1800 4540 Vide-
1835 4483 1883 4541 Ῑ)
1913 4498 1977 4550 ad
2021 4497 2428 4562 ulciscendum,
2479 4508 2532 4552 et
2565 4517 2901 4571 nequaquam
2935 4506 3258 4562 interlicient
3300 4510 3466 4563 lilium

245 4587 348 4639 ret,
392 4578 550 4630 toties
581 4576 820 4630 dolorem
856 4575 1049 4627 mortis
1077 4575 1289 4628 Amnon
1324 4577 1370 4626 ei
1401 4576 1465 4626 ad
1498 4577 1812 4629 memoriam

245 4673 548 4729 reduCeret,
589 4667 790 4719 idcirco
821 4681 1034 4720 cessare
1065 4668 1262 4718 dicitur
1285 4669 1433 4720 exire
1485 4680 1605 4736 post
1640 4671 1812 4723 Absa-

241 4767 350 4812 tum
391 4778 404 4813 :
443 4759 808 4822 subauditur,
854 4767 911 4810 ut
965 4774 1088 4811 eum
1123 4758 1186 4810 ad
1235 4761 1451 4827 propria
1509 4773 1805 4815 rct'ot'nt'cl.

243 4854 403 4915 Quod
439 4865 564 4902 vero
602 4851 677 4901 ait
727 4865 742 4901 :
800 4869 816 4900 t
855 4850 926 4903 lio
955 4850 1097 4917 quod
1134 4853 1446 4905 consolatus
1473 4865 1618 4907 esset
1647 4871 1810 4922 super

243 4944 457 4995 Amnon
515 4942 733 4994 interitu
764 4981 779 5003 ,
826 4958 845 4990 ι
880 4941 1288 5009 intelligendum
1341 4951 1444 5003 cst,
1480 4947 1607 5013 quia
1660 4958 1810 5012 post.

245 5049 408 5100 quam
441 5034 608 5085 noluit
632 5035 778 5084 exire
808 5044 930 5098 pust
953 5033 1226 5094 Absalont,
1255 5045 1312 5084 ut
1348 5037 1628 5088 tcducm'et
1659 5053 1803 5100 eum,

246 5137 299 5178 ct
333 5127 612 5177 videretur
643 5125 710 5176 ab
747 5139 831 5186 eo,
871 5125 1032 5190 ccepit
1086 5127 1358 5178 consolari
1412 5141 1574 5195 super
1632 5142 1804 5183 morte

249 5222 484 5270 Amnon.
539 5215 788 5280 Quaudiu
839 5221 983 5270 enim
1039 5217 1327 5285 putabatur
1361 5219 1500 5272 idem
1552 5222 1804 5274 Abs-aluta

1917 4606 2117 4642 meum.
2152 4609 2168 4640 ι
2210 4590 2536 4645 ilecordatio
2563 4593 2651 4647 hic
2689 4611 2785 4663 pro
2811 4597 3124 4663 juramento
3157 4602 3328 4666 posita
3357 4616 3463 4656 est.

1913 4683 1989 4733 Ac
2029 4682 2071 4732 si
2104 4682 2310 4735 diceret
2345 4698 2359 4735 :
2404 4680 2740 4738 llecordctur
2770 4702 2860 4739 rex
2896 4690 3278 4754 promissionis
3309 4710 3420 4746 sua:
3451 4735 3464 4754 ,

1913 4775 2020 4825 imo
2049 4772 2344 4840 juramenti
2382 4775 2464 4826 sui
2493 4815 2506 4837 ,
2541 4791 2652 4842 qtto
2688 4776 2819 4828 mihi
2851 4792 2944 4844 per
2975 4777 3259 4834 Dominum
3298 4783 3463 4836 Deum

1911 4876 2067 4914 suum
2112 4863 2380 4928 pollicitus
2409 4871 2512 4927 est,
2542 4873 2728 4916 utnon
2764 4866 3193 4933 multiplicemur
3230 4872 3465 4937 proximi

1915 4955 2196 5020 sanguinis
2234 4956 2297 5006 ad
2335 4957 2728 5010 ulciscendum.

1985 5042 2160 5111 (γει-ε.
2195 5045 2309 5113 15.)
2347 5064 2363 5096 ι
2424 5048 2668 5116 Dixitque
2717 5050 2910 5103 mulier
2948 5069 2961 5105 :
3006 5053 3182 5116 Quare
3213 5058 3462 5124 cogitasti

1914 5135 2214 5186 istiusmodi
2267 5153 2376 5189 rem
2428 5149 2620 5191 contra
2673 5143 2926 5208 populum
2981 5144 3110 5197 Dea?
3164 5147 3223 5198 lit
3257 5148 3467 5200 loeutus

1911 5241 1990 5278 est
2023 5243 2110 5279 rex
2147 5229 2366 5282 vctbum
2402 5230 2542 5283 istud
2581 5242 2637 5285 ut
2674 5247 2859 5300 peccet
2886 5245 2936 5287 et
2971 5251 3074 5290 non
3113 5243 3333 5293 reducat
3360 5243 3467 5308 eje-

321 5364 333 5389 ¹
371 5362 442 5412 lta
488 5362 666 5428 legunt
726 5358 939 5412 codices
997 5375 1151 5423 ιιιεισ.;
1199 5361 1327 5416 editi
1384 5379 1510 5418 vero
1561 5365 1797 5423 Jedidia.
1839 5371 1977 5434 Quid
2010 5371 2076 5423 sit
2113 5373 2351 5427 Mamzer
2380 5375 2500 5428 vide
2537 5375 2753 5432 Denter.
2785 5395 2941 5444 um,
2970 5381 3024 5434 9..

320 5511 339 5532 ι
386 5496 438 5547 lu
483 5513 598 5549 meo
639 5510 742 5546 tus.
792 5504 847 5546 ut
899 5497 1175 5558 Ambros,
1237 5495 1467 5551 ldidiam
1512 5522 1531 5567 ,·
1565 5502 1795 5569 “aliud,

247 5567 476 5618 Ludunt.

323 5637 349 5672 λ’
388 5635 614 5697 iiabau.,
648 5645 772 5686 tunc
811 5634 1008 5685 Rabbal
1036 5635 1305 5690 scribitur.

262 5755 267 5760 ,
324 5717 342 5737 ι·
379 5705 554 5775 Ipsum
594 5706 759 5756 David
790 5720 984 5756 nomen
1031 5721 1081 5755 tn
1119 5721 1235 5756 meo
1268 5723 1369 5760 ms.
1407 5718 1459 5759 rt
1494 5727 1656 5775 "81105
1696 5713 1798 5765 ila-

249 5790 445 5828 ιηιῑιιιιιι
478 5774 530 5824 in
562 5775 782 5825 iicbt‘xo
813 5792 914 5825 non
944 5775 1126 5825 haberi
1157 5777 1351 5829 ιΙιςιιιιι·
1381 5796 1392 5841 ;
1427 5774 1561 5836 ωηο
1593 5796 1795 5838 tamen.

538 5869 801 5925 111nm.
856 5870 1079 5930 XXIII.

1972 5512 1994 5546 εί
2034 5509 2302 5575 Nimiam,
2335 5533 2421 5578 per
2450 5515 2723 5568 Abaulom.

1978 5591 1999 5615 ε
2035 5585 2182 5646 Apud
2219 5585 2452 5649 llab.m.,
2492 5586 2730 5637 l'ulabur
2780 5602 2954 5638 (tutcm
3001 5589 3066 5640 ab
3106 5585 3337 5642 llebrwis
3382 5592 3463 5643 υἰ-

1905 5657 2028 5707 dna,
2066 5661 2170 5704 t-lc.

1987 5721 2000 5753 τ
2039 5720 2140 5796 l'ro
2175 5721 2255 5774 his
2295 5715 2420 5785 lrgit
2474 5725 2700 5791 italiam,
2744 5728 2804 5781 In
2842 5745 2897 5781 ro
2925 5731 3062 5794 quod
3100 5728 3179 5782 illi
3214 5728 3320 5784 duo
3351 5730 3464 5797 [tuo

1902 5800 2000 5839 tua
2032 5792 2168 5841 infcr
2200 5809 2248 5845 ac
2282 5797 2646 5859 (ou/7116mm.

2966 5889 3038 5949 45
