2102 3643
379 218 451 251 1419
1083 213 1202 242 APPEN

1166 212 1286 243 iNDlX.
1941 212 1996 244 14Ξο

380 281 456 304 etum
479 275 578 303 suum?
594 284 603 301 ι
625 274 663 302 lix
689 274 739 302 liae
764 273 823 301 loco
848 272 1050 300 demonstratur
1075 272 1140 299 illud
1155 292 1162 303 ,
1181 276 1202 302 Α
1218 279 1278 299 neut
1295 271 1430 298 iacturum
1450 272 1476 299 in
1498 271 1559 300 loco
1577 279 1631 307 quo
1652 271 1827 306 requiescunt
1845 271 1995 304 Abraham,

379 324 452 359 quod
466 322 545 359 paulo
560 321 686 357 superius
700 320 804 348 dictum
820 325 860 347 est
880 328 887 348 :
909 318 1025 347 Cessavit
1042 327 1087 345 rex
1108 318 1165 345 Du-

380 371 422 399 vid
438 371 476 398 ire
489 375 545 405 post
559 368 683 396 Absalom
700 366 743 400 (11
765 366 832 403 Reg.
851 375 907 399 xui,
921 365 979 401 59),
997 366 1022 393 id
1039 369 1092 398 est,
1106 372 1167 392 ces-

380 417 450 445 savit
466 422 495 444 ut
515 424 570 444 non
585 416 706 443 exiretur
717 416 750 443 ab
765 415 858 449 aliquo
875 417 902 441 et
919 414 1097 440 reduceretur
1111 411 1166 439 Ab-

381 463 478 491 salom.
493 462 557 491 lude
568 463 606 489 ait
617 462 714 490 mulier
728 469 733 487 :
749 471 759 487 ι
774 460 806 488 Ει
820 461 930 488 locutus
943 464 982 487 est
995 467 1040 486 rex
1052 459 1166 486 verbum

382 510 456 538 istud
474 516 501 537 ul
520 514 624 544 peccet,
641 514 669 537 et
685 517 739 536 non
756 509 870 535 redueat
892 507 1010 542 ejectum
1034 514 1127 534 suum.
1154 515 1164 532 ›

381 556 461 590 Quod
477 563 541 583 vero
558 555 596 582 ait
612 564 619 582 :
637 564 646 581 ι
667 555 756 588 Quare
781 554 908 589 cogitasti
935 552 1091 580 istiusntodi
1109 559 1166 579 rem

352 636 357 642 Ι
382 607 479 630 centra
494 601 624 637 populum
642 600 709 628 Dei?
726 609 734 626 ι
759 599 893 635 Populum
910 599 977 632 Dei,
996 602 1075 626 vocat
1089 606 1168 625 euut-

381 651 442 677 dem
466 648 605 681 Absalmn,
628 648 685 675 sive
709 655 757 675 eos
782 647 828 682 qui
853 654 915 674 cum
940 646 987 672 illo
1008 646 1095 673 ierant
1110 643 1166 680 [ιιι.

381 695 471 732 erant]
487 717 494 728 ,
511 696 557 731 qui
577 695 655 730 quasi
671 695 770 728 captivi
786 699 812 721 et
827 693 904 728 ejecti
930 697 1009 720 erant
1022 713 1029 724 ,
1047 699 1081 719 eo
1093 691 1167 726 quod

383 751 438 771 non
456 743 652 770 reducerentur
678 744 710 768 ad
739 741 924 768 ltareditatcm
952 739 1020 767 Dei:
1039 746 1072 765 ne
1098 738 1168 765 forte

383 789 482 821 coacti,
498 789 551 816 diis
569 788 668 815 alienis
684 788 710 815 in
726 792 797 815 terra
813 787 903 814 aliena
919 786 1065 813 servirent.

419 834 510 869 (Vers.
530 834 584 869 14.)
606 844 614 860 ι
634 834 689 861 Nec
703 833 759 861 vult
773 833 862 869 perire
884 832 955 859 Deus
971 833 1101 864 animam,
1121 831 1167 859 sed

383 884 513 908 retractat
528 880 666 915 cogitans,
687 888 720 907 tte
739 884 831 914 pereat
848 878 959 912 penitus
981 879 1027 912 qui
1044 878 1169 912 altjectus

383 930 434 953 est.
454 934 464 952 ι
483 926 521 952 At:
535 925 558 952 si
572 925 675 952 diceret
692 934 698 951 :
714 923 785 951 Dens
801 928 959 958 peccatores
972 922 1017 957 qui
1032 930 1046 948 a
1061 922 1170 950 diabolo

383 971 484 1006 captivi
502 970 671 1002 detinetttttr,
689 974 718 997 ut
730 969 811 1003 ad,se
834 973 1041 999 convertantur,
1063 974 1141 994 vocat
1161 976 1169 994 :
1186 955 1206 983 Β

380 1022 412 1044 ct
435 1022 463 1044 ιιι
480 1016 527 1051 qui
553 1023 615 1043 etttu
639 1015 742 1043 imitari
768 1015 868 1045 debes,
895 1021 945 1041 cur
965 1021 1019 1040 non
1038 1021 1070 1041 eo
1090 1013 1171 1041 modo

380 1064 445 1099 agis
459 1068 468 1079 '

418 1108 510 1143 (Veis.
528 1108 587 1144 26.)
605 1118 614 1135 ι
635 1108 666 1135 Et
683 1108 792 1143 quando
809 1107 972 1134 tondebatur
986 1107 1115 1141 capillus,
1132 1114 1173 1134 se-

386 1155 438 1183 mel
458 1161 550 1183 autem
570 1155 599 1182 in
626 1162 700 1181 anno
727 1153 899 1181 tondebatur.
920 1163 929 1178 »
947 1152 976 1179 ln
1001 1152 1115 1180 llebrteo
1134 1153 1171 1180 ita

387 1202 486 1237 legitur
499 1201 564 1228 :tEt
580 1201 691 1235 quando
705 1199 869 1226 tondebatur
883 1204 965 1234 caput
979 1200 1049 1234 ejus.
1064 1199 1171 1227 Statuto

387 1254 478 1276 autem
507 1253 629 1282 tempore
653 1246 816 1273 tondebatur
838 1256 844 1273 :
863 1247 924 1280 quia
954 1247 1082 1281 gravabat
1112 1254 1173 1274 eum

387 1295 528 1324 earsaries.
545 1293 720 1321 Pondetabat
738 1293 851 1327 capillos
865 1293 965 1327 capitis
986 1294 1027 1320 sui
1050 1293 1175 1321 ducentis

387 1344 463 1371 siclis
478 1341 597 1377 pondere
615 1340 737 1377 publico.
757 1349 766 1366 ι
788 1339 845 1367 Non
861 1340 933 1366 enim
948 1340 1027 1366 semel
1043 1340 1070 1366 in
1089 1348 1173 1373 anno,

388 1395 417 1417 ut
432 1388 519 1416 Latini
543 1387 655 1415 codiCes
672 1387 783 1418 habent,
801 1387 966 1413 tondebatur
986 1390 1066 1421 caput
1084 1387 1144 1422 ejus
1166 1395 1174 1413 :

388 1435 436 1462 sed
452 1439 554 1462 statuto
576 1439 709 1468 tempore,
730 1433 756 1460 id
777 1438 829 1465 est,
846 1434 879 1460 dc
897 1433 1007 1467 triginta
1025 1434 1051 1460 in
1064 1435 1175 1468 triginta

388 1483 498 1509 diebus.

425 1528 501 1562 (Cap.
523 1525 701 1554 X\’.—Vers.
714 1526 754 1558 7.)
773 1535 782 1552 ι
800 1526 864 1553 Post
881 1527 1062 1561 quadraginta
1086 1532 1175 1554 autent

389 1583 476 1601 annos
491 1575 560 1601 dixit
577 1574 710 1600 Absalont
725 1573 759 1599 ad
776 1579 891 1607 regem:
906 1572 1008 1599 Vadam
1024 1579 1051 1600 et
1065 1574 1176 1601 reddam

390 1624 450 1646 vota
470 1627 539 1651 mea,
553 1627 613 1653 quae
631 1618 690 1646 vovi
706 1618 823 1646 Domino
843 1619 868 1645 in
886 1618 1005 1645 Hebron.
1026 1629 1035 1645 ι
1052 1620 1179 1651 Quadra-
1192 1623 1215 1654 C

383 1666 510 1699 .gcsituus
528 1666 659 1702 agt-batur
683 1673 773 1692 annus
785 1673 818 1692 ex
843 1672 877 1693 eo
900 1670 1023 1700 tetnp0re
1038 1674 1092 1701 quo
1111 1665 1178 1693 Stul

391 1712 468 1739 Nube
484 1712 621 1740 civitatem
637 1719 699 1739 cum
716 1712 906 1739 sacerdotibus
929 1713 1068 1748 octoginta
1097 1713 1163 1748 quin

392 1765 444 1793 que
467 1765 576 1793 propter
596 1758 679 1786 David
695 1758 845 1786 interemit.
869 1758 901 1786 Et
919 1759 1023 1786 idcirco
1038 1759 1082 1785 hic
1100 1758 1172 1786 idem

392 1803 621 1838 quadragesimus
635 1811 724 1832 anuus
740 1804 861 1839 partitur,
879 1809 906 1830 ut
922 1808 1095 1831 tuoustretur
1109 1805 1177 1832 divi-

394 1857 456 1877 nam
472 1849 601 1877 ultionem
620 1851 748 1877 suscitari
767 1858 850 1885 super
865 1850 959 1884 David,
975 1858 1007 1878 eo
1021 1851 1094 1886 quod
1111 1852 1178 1879 Alti-

395 1896 498 1924 tneleclt
517 1896 531 1916 ιι
548 1897 719 1924 sacerdotem
740 1897 877 1930 fefellerit,
893 1902 920 1925 et
934 1903 1045 1933 propter
1061 1906 1124 1926 eutn
1140 1903 1182 1927 tot

394 1942 567 1970 sacerdotum
585 1943 671 1971 caedes
690 1943 760 1970 facta
778 1943 870 1971 fuerit.
893 1943 977 1977 Cave,
1002 1944 1100 1977 lector,
1126 1945 1182 1980 ple-

396 1996 497 2024 rosque
523 1989 669 2016 mendosos
693 1989 802 2017 codices
821 1990 841 2022 ',
867 1991 895 2017 in
917 1990 1018 2024 quibus
1045 1990 1180 2025 scriptum

397 2033 544 2067 invenitur,
558 2040 613 2069 post
630 2039 756 2070 quatuor,
779 2042 831 2062 tton
854 2040 913 2069 post
930 2036 1111 2070 quadraginta
1128 2044 1182 2062 απ-

396 2088 453 2107 ιιοι.
471 2079 499 2107 In
513 2081 699 2109 vcracioribus
711 2089 778 2110 vero
793 2082 945 2114 codicibus,
960 2087 988 2110 et
1003 2082 1029 2109 iu
1045 2081 1180 2109 llebraica

397 2126 511 2154 veritate
534 2134 588 2154 non
605 2132 734 2162 quatuor,
751 2129 799 2156 sed
818 2129 1000 2164 quadraginta
1023 2130 1184 2157 scribuntur

397 2171 473 2198 anni.
490 2171 518 2199 Si
538 2179 603 2199 vero
627 2173 819 2201 contentiosus
844 2175 918 2207 quis,
933 2173 1043 2202 eosdem
1065 2178 1185 2209 quatuor

397 2225 484 2244 annos
499 2222 622 2245 astruere
643 2219 760 2246 voluerit
777 2220 812 2247 ab
828 2227 861 2247 eo
879 2224 1002 2255 tempore
1026 2228 1081 2255 quo
1097 2221 1183 2248 Abea-

397 2264 451 2292 lent
463 2265 569 2290 Amnon
584 2263 696 2291 lratrem
711 2273 790 2292 suum
806 2266 952 2300 interiecit,
967 2274 1053 2302 usque
1067 2268 1099 2295 ad
1116 2268 1182 2296 illud

398 2314 506 2345 tempus
522 2318 576 2344 quo
591 2314 660 2345 patri
676 2310 765 2338 dixit:
781 2320 790 2337 ι
810 2311 924 2345 Vadam,
942 2317 969 2340 et
985 2313 1096 2341 reddam
1122 2320 1184 2342 vota

398 2363 469 2389 utea,
484 2364 545 2391 qua:
561 2356 620 2383 vovi
637 2356 752 2384 Domino
767 2358 794 2385 in
812 2356 940 2391 llebron;
967 2368 975 2385 ι
994 2360 1140 2394 perspicue
1156 2367 1185 2387 se

399 2410 506 2435 errare,
520 2403 542 2431 si
558 2403 704 2438 diligenter
718 2408 907 2438 perscrutatus
921 2405 1020 2437 fuerit,
1038 2405 1159 2432 inveniet
1177 2414 1184 2438 ;

399 2456 461 2475 cum
479 2449 574 2483 utique
586 2449 727 2482 Absalom,
743 2449 888 2476 interiecto
900 2449 1018 2481 Amnon.
1035 2451 1062 2478 itt
1080 2450 1186 2478 Gessur

399 2496 470 2531 apud
485 2497 607 2524 Tltoltnai
624 2504 714 2531 regem
733 2497 819 2524 tribus
835 2497 930 2529 anuis,
946 2498 1014 2524 etin
1028 2496 1182 2525 Jerusalem

401 2543 463 2570 inde
480 2547 636 2575 revocatus,
660 2550 714 2569 tton
733 2542 791 2569 viso
818 2548 905 2577 patre,
927 2543 1033 2570 duobus
1061 2550 1186 2571 moratus

400 2589 482 2616 luerit
494 2589 583 2621 annis,
600 2594 628 2616 et
641 2594 717 2616 sexto
732 2596 806 2616 anno
817 2587 913 2616 faciem
928 2590 1014 2624 patris
1033 2590 1141 2623 viderit,
1160 2595 1188 2618 ct

401 2641 496 2662 contra
518 2643 580 2662 cum
607 2633 825 2669 perduellionem
847 2636 1054 2670 praeparaverit.
1079 2634 1178 2664 Votum

404 2689 521 2716 namque
537 2689 566 2708 se
580 2681 689 2709 vovisse
705 2681 860 2709 mentiendo
879 2682 960 2714 dixit,
977 2683 1000 2709 is
1015 2688 1066 2716 est,
1082 2684 1189 2711 oratio-

1221 319 1293 345 lsaac
1305 324 1331 345 et
1343 318 1438 345 Jacob.

1256 366 1345 401 (Vere.
1370 365 1428 399 24.)
1451 375 1460 392 ι
1488 366 1521 394 Et
1546 365 1733 402 deposuerunt
1760 374 1853 393 arcam
1881 365 1940 392 Dei.
1970 364 1997 392 Et

1219 412 1343 440 ascendit
1356 412 1499 445 Abiatbar,
1513 412 1599 441 donec
1616 412 1742 448 expletus
1757 417 1828 440 esset
1846 413 1940 439 otuuis
1955 420 1997 445 po-

1220 458 1300 493 pulus
1316 458 1362 493 qui
1377 466 1505 494 egressus
1520 458 1610 486 fuerat
1630 460 1663 486 de
1678 458 1816 486 civitate.»
1837 458 1900 485 Ideo
1912 465 1996 485 amata

1221 503 1267 532 Dei
1284 505 1444 540 deposuisse
1460 505 1608 538 dicuntur,
1626 511 1655 534 ut
1673 505 1803 533 Dominus
1821 505 1855 532 ab
1874 506 1998 532 Abiatttar

1219 552 1361 580 sacerdote
1378 552 1581 585 consuleretur,
1597 560 1650 588 quo
1666 560 1762 580 versus
1784 553 1870 580 Davit
1902 554 1942 580 ire
1958 555 1997 580 de-

1220 599 1306 628 beret.
1321 600 1485 628 Ascendisse
1500 605 1590 629 autem
1610 600 1743 628 Abiathar
1765 601 1880 633 dicitur,
1902 601 1929 627 id
1943 608 1997 632 est,

1220 654 1327 675 orasse.
1343 646 1376 675 Et
1392 648 1458 683 quia
1475 648 1587 676 oraculo
1604 648 1696 675 divino
1713 655 1768 675 non
1795 648 1819 674 ei
1844 655 1998 682 responsum

1221 698 1272 726 est,
1289 695 1392 723 idcirco
1407 696 1434 722 in
1453 695 1686 731 subsequentibus
1701 695 1766 723 dicit
1788 694 1872 722 David
1889 715 1897 728 ,
1913 700 1941 722 ιιι
1959 701 1995 722 re-

1222 747 1377 775 portaretur
1394 749 1456 769 arca
1473 741 1518 770 Dei
1535 743 1561 769 iit
1579 742 1686 770 urbem.

1258 788 1334 822 (Cap.
1352 787 1423 816 XVI.
1444 803 1475 809 —
1491 789 1566 817 Vere.
1584 789 1641 824 l0.)
1663 798 1672 815 ι
1692 788 1764 822 Quid
1780 788 1847 816 mibi
1865 793 1894 816 et
1909 788 1998 819 vobis.

1223 835 1269 861 tilii
1298 834 1422 862 Sarviz?
1442 834 1579 862 Di:nittite
1600 841 1629 862 ut
1654 834 1808 863 maledicat.
1838 844 1848 861 ι
1875 833 1998 861 Hebrus

1223 888 1277 908 non
1294 882 1385 913 habet,
1400 887 1427 909 ut
1450 881 1603 916 maledicat,
1627 883 1675 910 sed
1703 886 1809 910 tantum
1826 902 1834 915 ,
1863 881 1998 908 maledici"

1223 926 1286 963 [ηιι.
1313 927 1449 964 maledic].
1476 928 1570 957 Abisai
1595 929 1671 956 solus
1690 929 1798 956 dixerat
1816 937 1825 956 :
1845 938 1854 954 ι
1881 927 1965 960 γωδ,
1979 931 2000 954 et

1223 976 1371 1010 amputabo
1396 981 1477 1010 caput
1496 975 1576 1011 ejus;
1597 985 1606 1002 ι
1635 982 1663 1003 et
1689 975 1775 1003 David
1803 976 1837 1003 ad
1854 975 1965 1008 Abisai,
1980 980 2003 1000 et

1222 1022 1291 1050 Joab
1311 1024 1452 1058 respondit
1476 1024 1570 1051 dicens
1585 1032 1593 1050 :
1610 1033 1618 1049 t
1639 1024 1707 1056 Quid
1724 1023 1789 1050 milii
1811 1028 1841 1050 et
1861 1023 1948 1055 vobis,
1963 1022 2003 1048 [dii

1225 1069 1347 1097 Samae?
1364 1080 1373 1096 ι
1394 1072 1433 1097 At:
1447 1069 1469 1097 si
1485 1069 1589 1097 diceret
1612 1078 1619 1097 :
1645 1069 1772 1105 Nunquid
1808 1069 1892 1097 vultis
1911 1068 2005 1096 interli-

1224 1124 1286 1145 cere
1304 1117 1385 1144 istum
1397 1137 1404 1149 ,
1423 1117 1496 1143 sicut
1524 1115 1700 1143 interfecislis
1717 1115 1830 1143 Abnert
1846 1125 1855 1140 ι
1884 1115 2005 1143 Dotuinus

1224 1163 1295 1190 enim
1312 1163 1441 1198 praecepit
1458 1163 1482 1189 ei
1499 1168 1527 1189 ut
1539 1163 1716 1190 malediceret
1734 1162 1830 1189 David.
1851 1162 1885 1189 Et
1898 1162 1958 1197 quis
1969 1166 2005 1188 est

1224 1209 1271 1243 qui
1289 1208 1380 1241 dii-at,
1397 1215 1483 1243 quare
1508 1207 1548 1235 sic
1570 1206 1682 1239 iecerit;
1701 1216 1710 1233 ι
1727 1207 1902 1240 subauditur,
1919 1214 2005 1242 quare,

1226 1257 1266 1284 sic
1289 1255 1381 1283 fecerit
1409 1263 1463 1282 non
1489 1254 1629 1288 Dominus,
1645 1255 1693 1282 sed
1708 1255 1797 1282 Semei
1816 1260 1844 1282 ε.
1861 1254 1950 1282 Semei
1965 1256 2006 1289 qui

1228 1302 1406 1329 tualedicebat
1420 1301 1516 1333 David,
1531 1301 1588 1335 ipse
1599 1304 1641 1328 est
1655 1299 1741 1328 Nabal
1760 1305 1836 1336 pater
1851 1300 2004 1330 Jeroboam.

1227 1349 1272 1382 qui
1294 1348 1367 1375 ﬁlius
1386 1347 1493 1375 Gemini
1510 1346 1613 1374 dicitur
1631 1355 1639 1373 :
1655 1352 1683 1374 et
1707 1348 1733 1374 itt
1748 1348 1808 1375 zelo
1830 1347 1933 1375 domus
1949 1346 2006 1374 Sani

1226 1394 1368 1421 maledixit
1383 1392 1478 1420 David.
1493 1392 1597 1421 Nomen
1614 1400 1679 1421 vero
1693 1393 1736 1420 avi
1751 1394 1809 1429 ejus
1826 1393 1935 1421 Gemini
1952 1394 2006 1423 iuit,

1227 1443 1255 1465 et
1269 1438 1326 1472 ipse
1338 1437 1427 1465 Sentei
1440 1445 1473 1464 ex
1488 1438 1560 1465 tribu
1575 1437 1704 1472 Ephraim
1720 1437 1767 1464 ﬁlii
1781 1437 1886 1472 Ioseph
1902 1438 2008 1465 exstitit.

1229 1484 1306 1512 Unde
1318 1489 1347 1511 et
1369 1483 1439 1511 idem
1456 1483 1543 1511 Setuei
1561 1485 1594 1511 ad
1611 1484 1694 1512 David
1713 1484 1780 1512 dicit
1802 1493 1808 1511 :
1828 1484 1936 1511 Primus
1951 1493 2008 1518 quu-

1229 1539 1277 1564 que
1291 1531 1347 1558 veni
1370 1531 1446 1558 hodie
1467 1531 1499 1557 de
1515 1530 1588 1556 omni
1604 1530 1675 1557 tribu
1696 1529 1794 1564 Joseplt
1815 1529 1857 1563 (II
1874 1530 1936 1565 Reg.
1953 1539 2010 1561 xtx,

1229 1577 1287 1612 eo).

1267 1624 1359 1660 (Vera.
1382 1624 1438 1657 t7.)
1461 1634 1469 1649 ι
1488 1623 1528 1650 Ad
1542 1629 1623 1658 quem
1648 1624 1786 1651 Absalotn.
1818 1622 1883 1651 Haec
1906 1630 1957 1655 est,
1975 1624 2011 1650 in-

1231 1671 1301 1707 quit,
1318 1670 1404 1705 gratia
1419 1670 1452 1697 ad
1468 1670 1586 1697 amicum
1601 1668 1710 1697 tuum‘h
1728 1669 1755 1697 lu
1768 1669 1884 1697 Hebrzro
1903 1671 2009 1704 legitur:

1233 1725 1242 1741 σ
1262 1715 1325 1743 llaec
1347 1719 1399 1748 est,
1424 1715 1523 1749 inquit,
1551 1714 1739 1742 misericordia
1766 1720 1812 1742 tua
1836 1715 1873 1742 ad
1900 1715 2010 1742 anticum

1233 1762 1331 1790 tuum?
1349 1770 1358 1787 I
1383 1760 1459 1794 Quod
1478 1768 1531 1788 non
1549 1760 1725 1793 atlirtnando.
1743 1761 1791 1788 sed
1816 1762 1944 1796 negando
1957 1769 2011 1795 pro-

1233 1807 1414 1836 nuntiandum
1430 1813 1483 1835 est.
1502 1807 1535 1834 Et
1550 1811 1592 1834 est
1608 1814 1712 1834 sensus
1727 1814 1735 1834 :
1752 1807 1947 1834 Misericordia
1961 1810 2014 1837 est.

1232 1858 1280 1881 aut
1293 1852 1346 1881 dici
1362 1852 1453 1885 debet,
1467 1852 1541 1886 quod
1560 1852 1641 1879 David
1659 1852 1776 1879 amicum
1793 1857 1874 1879 tuutn
1892 1853 2013 1881 dimisisti

1233 1904 1333 1926 etcum
1352 1905 1383 1925 eo
1398 1905 1451 1924 non
1467 1896 1533 1923 isti?

1269 1944 1348 1979 (Cap.
1367 1942 1565 1971 XVll.—-Vers.
1579 1942 1606 1974 Ξ,
1624 1943 1664 1976 3.)
1682 1953 1691 1968 ι
1707 1941 1829 1976 Cumque
1847 1942 1951 1976 fugerit
1966 1948 2016 1968 0m-

1234 1991 1278 2018 nis
1294 1989 1409 2026 populus
1424 1988 1470 2023 qui
1484 1995 1546 2015 cum
1562 1995 1596 2015 eo
1612 1992 1655 2014 est
1669 2008 1677 2018 ,
1698 1989 1851 2022 percutiam
1869 1996 1961 2021 regem
1979 1988 2017 2014 dr-

1235 2037 1365 2068 solatum,
1378 2039 1404 2062 ct
1415 2036 1543 2062 reducam
1553 2034 1713 2061 universum
1726 2033 1871 2068 populum,
1886 2034 2017 2068 quomodo

1235 2089 1330 2110 omnes
1353 2080 1450 2108 reverti
1463 2079 1563 2107 solent.
1582 2089 1591 2105 ι
1608 2079 1721 2106 Scilicet
1736 2079 1810 2106 sicut
1821 2079 2018 2107 reverti'soleit

1235 2130 1281 2165 qui
1300 2127 1402 2155 amisso
1417 2127 1443 2154 itt
1463 2126 1555 2161 prmlio
1570 2133 1633 2160 rege
1652 2130 1839 2156 revertuntur,
1858 2128 1900 2154 sic
1917 2127 2006 2153 uniter

1236 2183 1284 2203 sus
1302 2175 1419 2210 populus
1437 2173 1518 2200 Israel
1534 2177 1686 2199 rerertetur
1705 2172 1738 2198 ad
1758 2179 1792 2199 te.

1273 2222 1362 2256 (Vers.
1379 2220 1406 2252 9,
1422 2219 1478 2255 10.)
1495 2229 1504 2245 ι
1524 2219 1632 2246 Etcum
1655 2219 1784 2246 ceciderit
1810 2227 1890 2246 unus
1917 2220 2018 2254 quilibet

1241 2269 1268 2296 in
1286 2267 1432 2303 principio,
1447 2265 1539 2293 audiet
1556 2272 1728 2299 qua-euntque
1743 2264 1878 2297 audierit,
1894 2271 1922 2293 ct
1936 2265 2018 2291 dicet;

1240 2315 1323 2342 Facta
1343 2318 1384 2340 est
1401 2313 1477 2347 plaga
1503 2311 1530 2337 in
1553 2314 1652 2345 populo
1687 2319 1733 2345 qut
1757 2311 1930 2344 sequebatur
1946 2311 2021 2337 Abs:-

1240 2362 1312 2393 lom;
1327 2365 1354 2387 et
1372 2358 1540 2386 fortissimus
1564 2360 1683 2392 quisque
1697 2377 1705 2389 ,
1725 2357 1805 2391 cujus
1829 2365 1883 2385 cor
1898 2363 1940 2385 est
1954 2364 2019 2392 quasi

1240 2407 1338 2439 leonis,
1354 2413 1455 2441 pavore
1471 2405 1604 2433 solvetur.
1627 2414 1637 2431 ι
1654 2406 1681 2432 ln
1699 2403 1814 2432 "cbI‘IEO
1834 2406 1873 2432 ita
1893 2406 2019 2433 habetur;

1240 2465 1250 2483 ι
1268 2455 1302 2482 Ει.
1324 2453 1492 2482 fortissimus
1516 2453 1583 2488 ipse,
1605 2453 1683 2486 cujus
1699 2459 1746 2479 cor
1762 2458 1801 2479 est
1820 2454 1907 2488 quasi
1926 2452 2018 2480 leonis.

1239 2509 1339 2538 pavore
1360 2501 1492 2528 solvetur.
1516 2508 1525 2525 ι
1543 2498 1621 2532 Quod
1647 2507 1699 2526 non
1724 2498 1907 2531 aﬂirmando,
1924 2498 1968 2526 sed
1983 2504 2021 2524 ne-

1240 2547 1328 2583 gando
1344 2544 1575 2581 prauuntiandum
1600 2549 1654 2572 est.
1678 2543 1864 2572 Fortissimus
1881 2545 1934 2572 iste
1950 2543 2020 2570 Dat-al

1240 2591 1435 2627 intelligendus
1451 2596 1494 2618 est
1512 2598 1519 2623 ;
1534 2590 1607 2625 quod
1621 2594 1647 2617 et
1667 2590 1810 2624 sequentia
1829 2591 1983 2618 declarant.

1275 2637 1364 2673 (Vers.
1386 2636 1429 2669 l0,
1449 2636 1506 2671 l7.)
1523 2645 1532 2662 ι
1550 2636 1608 2664 Scit
1620 2635 1692 2663 enini
1709 2636 1799 2663 outttis
1821 2636 1911 2664 Israel
1933 2636 2017 2664 fortem

1241 2692 1303 2713 esse
1317 2690 1421 2719 patrem
1436 2688 1523 2714 tuunt,
1538 2686 1564 2710 et
1586 2682 1714 2709 robustos
1727 2690 1827 2709 omnes
1845 2685 1896 2717 qui
1914 2691 1972 2710 cum
1993 2689 2018 2708 co

441 2776 448 2791 ¹
464 2775 519 2803 Hos
536 2782 644 2803 errores
658 2774 766 2803 abunde
784 2775 988 2805 coniutavimus
1014 2778 1040 2804 in
1061 2777 1136 2806 Notis
1153 2779 1186 2806 ad
1209 2779 1330 2806 Divinam
1348 2778 1548 2806 Bibliothrram.

445 2880 456 2893 ι
470 2872 512 2901 Al.
527 2880 589 2900 cum
604 2871 731 2900 Ambros.
746 2880 810 2905 ms.,
827 2881 874 2899 cur
885 2880 937 2899 non
950 2880 979 2899 eo
993 2873 1077 2907 magis
1087 2873 1100 2899 .’

446 2908 459 2969 ἲ
475 2908 514 2969 ἒξ(
530 2908 613 2936 veteri
637 2908 763 2939 lectione,
781 2915 856 2935 meus
875 2915 927 2935 ms.
944 2912 970 2935 et
987 2907 1106 2941 Raban.,
1124 2909 1187 2936 Abi-

407 2952 447 2971 tuc
459 2952 484 2971 er
506 2963 513 2971 .

436 2952 513 2971 ειιτη,

1282 2879 1292 2892 ε
1313 2872 1393 2900 Addit
1410 2871 1513 2899 ltabau.
1536 2876 1565 2898 ut
1582 2870 1686 2898 llelmei
1711 2871 1818 2898 dicunt.
1842 2872 1918 2901 lul‘ra
1933 2880 2015 2907 quam

1241 2910 1277 2972 Et:
1290 2911 1344 2950 hoc.
1355 2915 1433 2936 versu
1449 2915 1498 2942 pro
1514 2907 1599 2935 Sentei
1611 2907 1691 2935 habet
1707 2908 1842 2935 Ambros.
1864 2917 1916 2936 ms.
1934 2909 2014 2935 iterem

1279 2952 1354 2971 1111111.

1279 2952 1354 2971 "Ill".
