4198 6350
223 355 355 418 1421

1121 367 1220 437 ΟΠ
1251 367 1406 428 ES'I'.
1441 338 1798 428 ιιιειιιιλιιῖ.
1851 368 1927 425 IN
1976 372 2118 434 LIB.
2165 374 2218 432 II
2267 376 2558 438 REGUM.

3347 384 3486 450 “2:7.

220 485 371 526 ςιιιιι.
406 473 558 527 Abiit
590 475 808 538 ancilla,
841 486 893 529 et
926 482 1202 533 nuntiavit
1236 482 1335 536 eis.
1372 482 1434 534 Et
1465 483 1539 535 illi
1573 483 1805 547 profecti
1841 485 1879 538 Α
1914 488 2089 539 adhuc
2123 492 2347 556 viveret,
2382 494 2621 553 titulum,
2661 493 2752 560 qui
2807 507 2884 548 est
2922 497 2971 548 in
3019 494 3154 550 valfe
3205 498 3365 569 regis.
3400 499 3488 555 Di.-

220 577 372 620 sunt.
420 587 439 619 ι
479 565 609 625 ηιεο
639 569 834 624 ancilla
874 573 1032 637 quasi
1067 572 1276 625 lavandi
1310 574 1478 643 gratia
1511 591 1633 628 cum
1672 591 1804 642 pan--

222 663 309 713 nis
341 662 406 713 ad
438 661 644 718 fontem
677 659 846 732 Bosel
905 665 1064 728 ierat,
1096 675 1148 719 nt
1186 669 1402 736 penitus
1443 685 1528 722 res
1563 685 1671 721 non
1716 670 1809 720 dc-

218 755 686 822 prehenderetur.
740 756 885 813 Puer
943 775 1126 812 autem
1159 801 1174 825 ,
1214 763 1305 829 qui
1369 777 1483 815 rem
1547 763 1806 818 indicavit

217 852 487 904 Allsalom
522 892 536 912 .
576 849 721 906 ﬁlius
754 853 997 923 ejusdem
1052 856 1264 910 ancilla:
1305 858 1567 926 parvulus
1603 857 1809 911 dicitur

223 944 438 1001 fui-se.

299 1039 481 1111 (Vers.
512 1041 683 1106 2|).‘t
723 1040 958 1111 Surgite,
993 1051 1048 1095 et
1085 1043 1312 1098 transite
1356 1044 1466 1098 cito
1500 1043 1744 1100 lluvium.
1783 1065 1801 1097 ι

221 1134 438 1190 ιιριπωι
474 1138 528 1188 in
564 1137 668 1190 hoc
728 1135 850 1190 loco
883 1149 990 1188 non
1027 1136 1278 1201 ﬂuvium,
1332 1138 1423 1192 sed
1479 1154 1670 1207 aquam
1709 1139 1806 1193 ha-

223 1235 380 1293 bent,
418 1247 541 1301 quae
577 1229 832 1286 Iordanis
864 1229 1066 1284 ﬂuvius
1101 1231 1450 1300 intelligitur.

297 1325 482 1393 (Vers.
525 1327 641 1395 ει).
670 1345 687 1378 ι
721 1325 886 1379 David
925 1337 1103 1381 autem
1138 1329 1282 1381 venit
1309 1328 1358 1380 in
1388 1338 1592 1386 castra.
1635 1348 1651 1379 ι
1690 1344 1810 1396 qua:

224 1418 465 1471 Manaim
503 1417 764 1473 Hebraice
789 1417 1083 1488 leguntur:
1122 1417 1175 1471 it:
1211 1431 1320 1487 quo
1353 1419 1469 1473 loco
1518 1421 1657 1474 obvii
1692 1420 1808 1474 lue-

225 1512 570 1581 runtangeli
622 1511 712 1566 Dei
769 1511 958 1575 Jacob,
1025 1513 1168 1568 sicut
1224 1515 1277 1569 ξιι
1327 1513 1523 1568 Genesi
1580 1515 1806 1584 legitur:

232 1627 250 1658 ι
295 1608 360 1661 Et
395 1607 605 1661 vocavit
640 1605 808 1662 Jacob
839 1623 1034 1662 nomen
1081 1607 1178 1661 loci
1215 1607 1470 1672 .‘llauaim,
1501 1609 1550 1662 id
1586 1617 1669 1661 est
1719 1623 1810 1662 ca-

223 1705 342 1752 stra
377 1717 396 1750 ι
428 1697 590 1761 (Gen.
622 1699 792 1755 xuii.
830 1698 910 1766 Ξ).

300 1789 481 1859 (Vers.
514 1790 630 1858 25.)
669 1809 687 1841 ι
722 1791 919 1844 Amasa
971 1801 1154 1846 autem
1211 1801 1332 1846 erat
1368 1792 1510 1846 ﬁlius
1557 1791 1679 1859 viri,
1716 1792 1806 1862 qui

226 1885 534 1938 vocabatur
570 1881 764 1936 .Icthra
816 1883 884 1937 de
910 1882 1169 1938 Jc-sraelc.
1206 1903 1222 1933 ι
1284 1883 1340 1937 Iu
1385 1883 1649 1938 Ilebraico
1686 1885 1811 1954 legi~

229 1988 356 2032 tur:
384 1975 574 2030 lethra
620 1975 940 2030 Ismacliles.
975 1975 1129 2030 Unde
1174 1986 1228 2030 et
1265 1977 1316 2029 in
1353 1975 1808 2046 Paralipomenon

225 2071 303 2124 ita
335 2071 564 2139 legitur:
614 2088 631 2120 ι
673 2069 886 2139 Abigail
949 2081 1128 2123 autem
1187 2071 1369 2141 genuit
1395 2072 1613 2132 Aniasa,
1652 2069 1812 2137 cujus

224 2175 385 2233 pater
413 2164 512 2218 luit
538 2161 727 2216 Jether
753 2162 1058 2218 Ismaelites
1110 2162 1182 2234 (1
1246 2162 1431 2218 Paral.
1469 2179 1541 2228 ιι,
1610 2163 1672 2217 i7
1702 2164 1741 2231 ).
1787 2181 1803 2212 ο

228 2256 534 2310 Ismaclites
577 2257 720 2311 cnim
758 2255 898 2310 idem
953 2255 1144 2310 Jether
1192 2265 1438 2317 vocatur,
1477 2257 1603 2325 quia
1668 2256 1809 2310 ﬁlius

227 2351 356 2418 ejus
391 2351 610 2413 Amasa,
640 2366 806 2418 opera
845 2350 1374 2412 Ismaelisimitatus,
1412 2349 1576 2402 David
1604 2349 1811 2418 fugien-

233 2455 345 2498 tem
375 2459 719 2512 nequaquam
785 2455 870 2497 est
922 2444 1242 2506 comitatus,
1280 2443 1366 2496 cui
1421 2445 1668 2498 dixerat:
1711 2443 1806 2496 Tui

222 2553 436 2599 sumus,
478 2553 507 2588 ο
541 2536 728 2600 David,
770 2547 816 2589 et
867 2546 1035 2590 tuum
1087 2536 1188 2603 ﬁlii
1251 2535 1444 2605 1εαὶ(1
1484 2536 1672 2590 Paral.
1707 2553 1804 2598 xu.

225 2628 341 2696 IS).
379 2627 432 2680 lu
476 2626 614 2681 libro
647 2642 774 2681 vero
803 2625 1071 2682 Samuelis
1100 2627 1304 2682 idcirco
1337 2625 1521 2681 Jethra
1548 2626 1809 2682 .Iezraeli-

223 2732 312 2775 tes
351 2728 595 2783 vocatur,
631 2719 758 2790 quia
782 2731 1065 2789 peccatum
1097 2721 1312 2776 Amasze
1351 2721 1442 2775 ﬁlii
1484 2720 1628 2790 ejus,
1661 2720 1802 2788 quod

225 2815 283 2867 in
312 2813 478 2867 David
509 2810 1094 2883 perpetraveratJoab,
1128 2828 1276 2876 eum,
1308 2814 1358 2867 id
1414 2823 1496 2868 est
1553 2818 1801 2867 Amasam

225 2907 569 2976 percutiente
601 2906 838 2958 deletum
860 2914 963 2961 est.

303 2996 471 3065 (Ibid.
509 3017 527 3049 ι
569 2995 672 3062 Qui
709 2996 991 3066 ingressus
1021 3008 1102 3052 est
1131 2998 1192 3051 ad
1229 2999 1437 3066 Abigail
1472 2999 1632 3054 ﬁliam
1663 2999 1802 3054 Naas

222 3107 475 3145 sororem
511 3089 736 3143 Sarvian
771 3107 788 3139 ι
826 3087 969 3142 Naas
1024 3091 1413 3159 interpretatur
1452 3091 1683 3144 coluber.
1715 3091 1801 3145 Id-

1916 590 2066 632 xerat
2096 583 2277 638 enim:
2316 584 2429 636 Non
2489 585 2660 638 habeo
2689 586 2877 651 ﬁlium,
2916 598 2966 639 et
3023 591 3122 642 hor
3164 594 3268 644 erit
3312 595 3490 645 moni-

1915 681 2158 724 mentum
2194 679 2429 731 nominis
2457 678 2596 732 tnei:
2649 683 2972 748 vocavitque
3015 683 3233 736 titulum
3272 687 3492 739 nomine

1913 781 2036 828 suo,
2075 777 2128 820 et
2165 771 2468 836 appellatur
2511 786 2710 824 manus
2745 772 3020 839 Absalom,
3067 777 3310 844 usquein
3341 778 3489 831 hunc

1912 859 2077 913 diem.
2127 880 2144 912 ›
2186 861 2284 914 llic
2321 865 2467 918 locus
2519 866 2787 933 superiori
2842 867 2965 919 loco
3009 868 3352 937 copulandus
3385 881 3488 933 cst,

1916 952 2004 1004 ubi
2041 952 2239 1006 dicitur
2278 951 2458 1020 (Vera.
2523 957 2642 1024 Li):
2690 978 2706 1008 ι
2734 956 2884 1012 Tulit
2933 955 3069 1010 .Iouli
3125 969 3237 1014 tres
3274 960 3492 1015 lanceas

1913 1047 1964 1098 in
2002 1062 2165 1099 manu
2205 1061 2325 1111 sua,
2357 1058 2408 1100 et
2435 1047 2610 1102 inﬁxit
2645 1066 2739 1105 eas
2776 1052 2826 1104 in
2859 1053 3024 1106 corde
3054 1053 3335 1117 Alisalom,
3362 1073 3485 1107 eum

1913 1138 2090 1190 adhuc
2152 1139 2441 1208 palpitaret
2515 1142 2726 1195 hasrcns
2779 1146 3026 1212 quercui.
3081 1164 3098 1195 ι
3175 1143 3489 1203 Hebraeus:

1918 1247 1935 1278 ι
1975 1228 2110 1284 Cum
2142 1233 2321 1287 adhuc
2373 1234 2578 1289 viveret
2632 1235 2842 1290 lim-rens
2874 1237 2923 1290 iu
2980 1253 3204 1308 quercu.
3235 1258 3252 1290 ι
3291 1237 3356 1290 Ει
3402 1241 3492 1292 hie

1909 1323 2247 1392 jungendum
2295 1338 2407 1381 est:
2468 1347 2486 1380 ι
2523 1330 2693 1383 Porro
2733 1330 2989 1384 Absalom
3033 1342 3280 1386 erexerat
3345 1333 3446 1388 sibi
3478 1376 3489 1395 ,

1913 1432 2034 1469 cum
2061 1417 2241 1469 adhuc.
2263 1418 2492 1481 viveret,
2526 1421 2743 1474 titulum
2773 1422 2864 1489 qui
2897 1431 2976 1475 est
3007 1423 3058 1474 in
3105 1425 3240 1478 valle
3272 1425 3434 1495 regis,
3468 1444 3486 1476 ι

1913 1518 1966 1560 et
2001 1520 2192 1563 caetera
2248 1527 2371 1580 qua:
2412 1523 2734 1580 sequuntur.
2799 1515 3044 1570 Tradunt
3079 1515 3287 1571 IIehrzei
3346 1517 3491 1580 quod

1912 1604 2195 1672 depositus
2221 1605 2286 1657 de
2305 1621 2511 1672 quercu
2544 1609 2758 1675 petierit
2787 1610 2886 1663 sibi
2918 1611 3169 1665 inducias
3199 1621 3490 1680 antequam

1915 1697 2296 1758 perimeretur,
2341 1706 2398 1750 ut
2433 1697 2635 1752 faceret
2668 1700 2772 1753 sibi
2819 1702 3041 1755 titulum
3070 1704 3139 1756 ob
3172 1705 3490 1758 memoriam

1917 1789 2026 1852 Sui,
2053 1805 2115 1843 eo
2147 1791 2289 1858 quod
2324 1806 2429 1843 nou
2467 1791 2693 1846 haberet
2740 1792 2906 1846 lilium
2954 1795 3134 1859 talem,
3192 1798 3282 1864 qui
3325 1811 3493 1866 regno

1915 1881 2111 1950 dignus
2145 1884 2563 1938 esset.Putahat
2593 1887 2738 1938 enim
2793 1886 2933 1940 ﬁlios
2995 1902 3125 1941 suos
3159 1905 3261 1940 non
3312 1889 3490 1942 solum

1919 1989 2084 2041 regno
2131 1975 2406 2044 indignos,
2453 1992 2638 2030 verum
2691 1979 2856 2030 etiam
2915 1980 2985 2032 ob
3020 1992 3298 2047 peccatum
3331 1995 3489 2032 suum

1916 2068 2059 2135 quod
2093 2068 2146 2120 in
2188 2079 2394 2135 patrem
2457 2079 2725 2139 gesserat,
2761 2071 3014 2138 prmsenti
3071 2073 3180 2124 vita
3218 2071 3491 2141 indignos.

1915 2159 1971 2212 In
2009 2175 2117 2226 quo
2151 2159 2306 2212 titulo
2353 2175 2569 2213 manum
2601 2162 2807 2215 dicitur
2860 2163 3136 2228 deﬁxisse,
3178 2173 3230 2217 ct
3263 2163 3490 2234 tiguram

1918 2267 2110 2305 manus
2144 2268 2257 2306 sua:
2313 2255 2668 2318 expressisse.
2729 2265 2780 2307 et
2833 2256 2900 2306 ttIl
2940 2256 3041 2308 hoc
3106 2256 3324 2310 titulum
3388 2260 3492 2309 hoc

1914 2343 2073 2396 tnodo
2111 2345 2334 2403 vocari;
2393 2365 2409 2394 ι
2451 2345 2780 2414 νοτ-ιιιίιιμιυ
2838 2348 3052 2400 titulum
3115 2349 3334 2404 nomine
3367 2366 3490 2409 suo,

1911 2441 1963 2484 et
2025 2433 2336 2502 appellatur
2401 2452 2595 2488 mzmus
2661 2438 2960 2500 Absalom,
3013 2455 3185 2508 usque
3238 2439 3290 2493 in
3347 2440 3492 2495 hunc

1910 2523 2077 2578 diem.
2119 2545 2135 2574 ι
2195 2525 2350 2590 Quod
2405 2543 2532 2581 vero
2591 2529 2982 2595 legitur-(vers.
3027 2530 3111 2598 l7)
3148 2548 3161 2584 :
3203 2545 3220 2580 ‹
3260 2529 3322 2583 Et
3358 2547 3490 2598 pro-

1907 2617 2166 2686 jccernnt
2215 2635 2336 2672 cum
2370 2620 2423 2673 in
2465 2621 2666 2675 saltum
2728 2622 2781 2674 in
2837 2623 3048 2676 furcam
3110 2624 3392 2692 grandem,
3435 2631 3491 2678 et

1909 2720 2388 2777 Compertavcrunt
2446 2728 2611 2782 super
2635 2729 2759 2769 eum
2792 2730 3046 2770 acervum
3101 2717 3338 2786 lapidum
3370 2735 3488 2771 ma-

1908 2819 2072 2871 gnum
2104 2806 2302 2871 nimis;
2341 2825 2358 2856 ι
2398 2807 2698 2874 projectum
2747 2824 2869 2862 eum
2927 2811 2978 2864 in
3031 2811 3227 2865 saltum
3275 2811 3485 2866 lIebra‘i

1907 2899 2118 2961 dicunt,
2149 2914 2212 2952 eo
2242 2899 2385 2968 quod
2427 2899 2606 2965 gladio
2665 2912 2998 2969 peremptus.
3031 2903 3301 2971 lapidibus
3328 2905 3483 2955 obrui

1906 2991 2163 3047 deberet:
2193 2995 2400 3062 quippe
2452 2994 2577 3061 quia
2635 2994 3095 3048 sceleratissimus
3144 3005 3278 3059 erat,
3308 3007 3359 3047 et
3394 3009 3484 3062 ge—

1910 3087 2075 3140 minae
2110 3088 2226 3142 neci
2261 3088 2558 3151 obnoxius,
2594 3089 2802 3142 scilicet
2833 3089 2922 3156 qui
2959 3097 3009 3142 cl
3045 3099 3250 3158 patrem
3290 3105 3482 3142 contra

221 3188 376 3237 circo
411 3183 657 3245 coluber,
687 3184 811 3250 quia
851 3183 1059 3237 nullum
1110 3185 1401 3240 admisisse
1454 3189 1797 3242 mortiferum
1829 3181 1872 3239 C
1911 3180 2041 3248 legis
2074 3191 2404 3248 praeceptum
2429 3180 2972 3244 valdedehonorarit,
3010 3191 3063 3234 ct
3089 3180 3482 3250 turpitudinem

227 3276 557 3341 perhibetur
593 3282 898 3341 peccatum,
934 3275 1038 3328 nisi
1083 3276 1135 3327 in
1168 3276 1315 3343 quod
1375 3277 1713 3345 originaliter
1733 3281 1800 3334 de

221 3379 486 3433 serpente
517 3371 742 3437 antiquo
770 3370 1063 3421 contraxit.
1101 3366 1194 3422 Est
1223 3370 1386 3422 etiam
1434 3368 1575 3426 Naas
1625 3373 1716 3440 qui
1748 3384 1802 3425 et

221 3462 328 3516 Isai
364 3470 515 3529 pater
558 3459 744 3523 David,
799 3462 941 3513 sicut
974 3461 1025 3514 in
1065 3459 1520 3529 Paralipomenon
1581 3464 1803 3517 detnon.

225 3562 474 3607 strator:
506 3553 626 3614 ubi,
650 3554 986 3606 enumeratis
1009 3553 1130 3604 liliis
1156 3553 1283 3616 Isai,
1336 3555 1551 3622 legitur,
1581 3569 1802 3625 quarunt

220 3662 432 3699 sorores
467 3646 679 3712 fuerunt
728 3645 918 3700 Sarvia
968 3655 1018 3699 et
1053 3645 1336 3716 AbigailU
1368 3647 1553 3703 Paral.
1590 3665 1660 3711 tt,
1689 3649 1798 3714 I6).

296 3736 482 3803 (Vcrs.
510 3737 624 3804 27).
663 3755 681 3788 ι
720 3738 966 3805 Cumque
1015 3737 1254 3790 venisset
1293 3739 1456 3790 David
1489 3739 1541 3791 in
1597 3748 1796 3799 castra,

225 3829 280 3880 id
337 3836 422 3880 est
482 3829 532 3880 in
584 3828 815 3881 Ilauaitn
870 3844 885 3882 :
936 3827 1065 3882 Sobi
1122 3829 1267 3882 ﬁlius
1347 3827 1486 3883 Naas
1531 3831 1597 3882 de
1659 3829 1802 3882 Rab-

222 3922 356 3973 bnllt
397 3922 630 3972 ﬁliorum
667 3921 927 3982 Ammon,
968 3939 985 3970 I
1015 3931 1123 3974 etc.
1180 3921 1285 3975 Iste
1339 3922 1470 3975 Sobi
1513 3921 1656 3974 ﬁlius
1699 3921 1802 3974 l'uit

221 4011 367 4064 λέξεις
394 4015 556 4080 regis,
599 4025 721 4064 cum
779 4026 886 4080 quo
937 4014 1200 4080 pugnavit
1247 4011 1395 4066 Saul.
1465 4012 1584 4081 Ipse
1637 4014 1800 4065 etiam

222 4103 370 4158 Natis
405 4103 534 4158 fecit
558 4106 991 4159 misericordiam
1026 4121 1146 4158 Cttm
1182 4105 1370 4168 David,
1411 4106 1630 4173 quando
1668 4109 1801 4172 fugit

222 4215 251 4250 a
287 4197 426 4250 facie
457 4195 626 4252 Sani:
658 4212 766 4266 quo
816 4208 1033 4251 mortuo
1092 4197 1230 4251 dixit
1288 4199 1450 4251 David
1499 4215 1514 4251 :
1577 4197 1800 4250 Faciant

221 4289 649 4340 misericordiam
712 4304 830 4339 cum
887 4289 1073 4350 Anon,
1138 4291 1268 4340 sicut
1323 4288 1442 4355 fecit
1497 4302 1646 4355 paler
1686 4291 1798 4357 ejus

225 4379 381 4434 Naas
417 4395 617 4434 mecum
659 4378 708 4448 (Ι
745 4379 934 4432 Paral.
971 4396 1084 4444 ιις,
1117 4380 1194 4447 2).
1229 4380 1557 4445 Interempto
1614 4397 1744 4434 vero
1769 4397 1798 4434 a

223 4473 394 4527 David
428 4474 606 4535 Anon,
638 4473 727 4539 qui
761 4474 810 4526 ei
837 4474 888 4525 in
924 4473 1272 4527 decalvandis
1319 4475 1491 4529 servis
1519 4473 1800 4542 suisinju—

224 4581 361 4617 riam
403 4562 620 4625 fecerat,
654 4565 987 4617 constitutus
1033 4571 1115 4616 est
1145 4563 1214 4615 ab
1269 4563 1456 4616 eodem
1517 4563 1684 4616 David
1744 4565 1796 4618 in

224 4662 344 4710 loco
387 4655 572 4710 fratris
607 4656 707 4710 iste
757 4656 908 4721 Sobi,
945 4655 1038 4724 qui
1090 4657 1153 4709 ad
1209 4654 1374 4710 David
1419 4657 1614 4726 legitur
1667 4673 1791 4709 cum

222 4748 436 4801 caneris
470 4747 706 4810 venisse,
763 4758 818 4799 et
863 4747 1140 4814 stratoria,
1193 4757 1248 4800 et
1295 4749 1518 4816 tapetia,
1573 4759 1626 4802 et
1671 4765 1793 4802 vasa

221 4841 408 4893 lictilia
438 4847 491 4890 ct
525 4847 716 4892 ceetera
749 4853 868 4907 qua:
897 4848 1198 4907 sequuntur
1227 4839 1275 4892 ei
1327 4839 1611 4894 obtulisse.

294 4934 448 5001 (Cap.
478 4930 664 4986 XVIII.
693 4961 764 4973 -
785 4930 942 4986 Vers.
970 4932 1053 4997 8.)
1097 4950 1113 4982 ι
1156 4931 1278 4985 Fuit
1324 4945 1503 4987 autem
1555 4935 1624 4988 ibi
1653 4951 1796 5004 przc-

220 5027 353 5079 lium
384 5027 689 5094 dispersum
715 5040 878 5091 super
905 5024 1097 5078 [aciem
1118 5030 1299 5080 omnis
1325 5037 1499 5080 terrai.
1528 5027 1593 5081 Et
1615 5030 1785 5083 multo

220 5121 404 5186 plures
435 5125 590 5170 erant.
619 5132 757 5186 quos
790 5118 962 5172 saltus
991 5131 1405 5186 consumpserat
1452 5121 1519 5174 de
1565 5125 1786 5190 populo,

218 5211 380 5278 quam
417 5209 469 5262 hi
500 5222 634 5276 quos
666 5218 955 5260 voraverat
981 5207 1194 5274 gladius
1247 5211 1298 5261 in
1335 5209 1503 5264 bello.
1539 5231 1558 5263 ι
1605 5211 1788 5268 Saltus

217 5303 307 5352 hic
328 5301 418 5367 qui
441 5300 620 5367 plures
646 5300 1077 5369 consumpsisse,
1106 5315 1267 5368 quam
1299 5301 1509 5370 gladius
1541 5317 1786 5370 vorassc,

221 5391 436 5458 legitur,
469 5391 669 5442 bestias
725 5389 1120 5453 ferocissimas,
1157 5407 1276 5459 qua:
1312 5392 1362 5444 iu
1428 5393 1570 5446 saltu
1632 5405 1789 5447 erant

221 5482 430 5535 Ilcbrzei
487 5492 804 5546 autumant,
863 5499 890 5534 a
951 5483 1152 5550 quibus
1219 5486 1398 5552 plures
1459 5489 1781 5555 consumpti

216 5589 381 5637 quam
416 5588 442 5623 a
478 5573 653 5640 gladio
690 5575 858 5626 vorati
892 5575 1110 5628 fuerint.

289 5669 466 5735 (νε-τε.
498 5667 606 5737 I8.)
649 5687 666 5719 ι
707 5667 873 5723 Porro
904 5668 1158 5721 Absalum
1190 5679 1439 5722 erexerat
1475 5669 1600 5734 sibi,
1661 5687 1782 5726 cum

290 5863 313 5890 ι
369 5850 541 5902 Penes
587 5849 832 5914 Iubam.
873 5853 1084 5920 pedibus
1129 5855 1372 5922 ἱππί-τέδί

1905 3273 2024 3340 ejus
2051 3275 2322 3326 revelat-it.

1975 3363 2159 3434 (Vers.
2187 3365 2256 3418 20
2295 3375 2310 3433 )
2348 3382 2366 3415 ι
2393 3363 2472 3418 Ad
2516 3381 2674 3434 quem
2701 3365 2856 3429 .Ioab,
2915 3370 2964 3419 id
3026 3378 3108 3421 est
3166 3367 3476 3433 Achimaas,

1907 3457 2076 3510 dixit:
2123 3455 2240 3511 Non
2262 3459 2372 3510 eris
2406 3459 2628 3511 nuntius
2671 3460 2724 3510 in
2763 3461 2860 3512 hac
2900 3459 3009 3520 die,
3062 3461 3152 3513 sed
3208 3461 3483 3513 nuutiabis

1908 3552 1961 3604 in
1991 3550 2117 3604 alia.
2152 3549 2321 3603 Hodie
2354 3552 2480 3602 nolo
2509 3561 2560 3604 te
2619 3551 2896 3604 nuntiare.
2934 3552 3107 3605 Filius
3148 3555 3294 3606 cnitn
3342 3555 3481 3624 regis

1909 3652 2158 3698 mortuas
2201 3655 2305 3697 est.
2341 3663 2358 3692 ι
2385 3646 2462 3696 Ac
2519 3645 2563 3694 si
2593 3643 2844 3700 diteret:
2909 3643 3046 3698 Nolo
3104 3654 3162 3698 ut
3221 3646 3300 3699 vir
3335 3647 3476 3711 talis,

1906 3736 2085 3803 qualis
2112 3746 2164 3787 tu
2191 3752 2271 3797 es,
2342 3737 2589 3788 nuntium
2629 3737 2772 3789 l'eias
2826 3736 2956 3804 regi,
2990 3737 3134 3804 quod
3169 3738 3308 3792 ﬁlius
3358 3739 3480 3805 ejus

2362 3826 2470 3879 Nec
2531 3829 2675 3879 cnim
2727 3830 2882 3880 decet
2953 3839 3012 3880 ιιι
3069 3831 3176 3882 tale
3225 3836 3476 3884 nuntium

1907 3928 2108 3986 pottes.
2137 3918 2348 3972 Idcirco
2382 3919 2521 3969 dixit
2553 3918 2718 3970 Chusi
2747 3933 2760 3974 :
2793 3938 2809 3969 ι
2846 3918 3012 3981 Vade,
3045 3931 3098 3972 et
3148 3924 3333 3974 nuntia
3365 3925 3477 3992 regi

1904 4028 2024 4078 qua:
2062 4013 2261 4066 vidisti.
2296 4032 2314 4063 ι
2363 4011 2670 4065 Notandum
2711 4013 2854 4081 quod
2890 4013 2941 4065 in
2995 4014 3095 4067 hoc
3134 4015 3253 4068 loco
3281 4015 3475 4078 Cltusi,

1906 4120 2012 4157 non
2047 4105 2351 4172 proprium,
2385 4103 2480 4156 sed
2512 4104 2895 4171 appellativum
2953 4106 3024 4158 sit
3076 4121 3298 4160 nomen.
3321 4109 3397 4162 Ac
3430 4109 3477 4163 si

1904 4197 2143 4250 dit-cret:
2181 4195 2258 4247 Tu
2286 4210 2344 4248 cs
2369 4196 2568 4266 dignus
2598 4198 2928 4250 utnuntiutn
2955 4196 3132 4251 flebile
3160 4202 3289 4264 (non
3314 4201 3479 4254 Achi-

1903 4288 2074 4355 maas)
2101 4297 2300 4357 portes.

1975 4383 2121 4452 (Cap.
2170 4381 2312 4437 XIX.
2352 4409 2423 4421 ——
2455 4381 2642 4435 Versu
2670 4380 2752 4449 8).
2805 4401 2821 4432 ι
2865 4381 3136 4452 Venitque
3189 4385 3478 4440 universus

1906 4475 2139 4544 populus
2166 4487 2348 4526 coram
2387 4488 2544 4539 rege:
2583 4471 2749 4524 Israel
2782 4475 2979 4536 (autem
3019 4473 3154 4541 fugit
3185 4476 3237 4528 in
3297 4479 3478 4530 taber-

1907 4566 2099 4619 nacula
2123 4579 2241 4618 sua.
2275 4589 2291 4614 ο
2332 4560 2626 4615 Universos
2674 4563 2904 4630 populus
2953 4565 3046 4630 qui
3114 4579 3299 4617 coram
3349 4583 3476 4634 rege

1904 4660 2120 4712 venisse
2149 4655 2366 4724 legitur,
2404 4655 2456 4707 hi
2490 4665 2619 4708 sunt
2650 4655 2892 4723 quicum
2945 4653 3114 4709 David
3155 4672 3475 4724 permanse-

1905 4756 2220 4820 raut.Quod
2258 4767 2388 4807 vero
2416 4752 2527 4804 ait:
2584 4771 2598 4802 ι
2636 4750 2802 4804 Israel
2837 4749 2976 4819 fugit
3031 4752 3083 4804 in
3127 4752 3472 4808 tabernacula

1899 4863 2021 4907 sua,
2062 4865 2079 4896 ι
2121 4847 2174 4898 hi
2201 4841 2536 4912 intelligendi
2571 4851 2718 4903 sunt,
2749 4841 2843 4910 qui
2879 4856 3002 4894 cum
3059 4841 3316 4896 Absalom
3348 4860 3471 4913 per-

1899 4939 2200 4992 duellioues
2221 4937 2565 4989 exstiterant.

1973 5029 2150 5101 (Vers.
2189 5032 2304 5092 ‘24.)
2337 5049 2354 5079 ι
2379 5029 2736 5097 Mqilnboseth
2779 5043 2998 5097 quoque
3028 5031 3170 5082 ﬁlius
3193 5027 3368 5081 Jouat'
3395 5046 3464 5082 an

1898 5127 2176 5181 descendit
2207 5126 2258 5177 in
2297 5139 2588 5177 occursum
2649 5121 2792 5188 regis
2842 5123 3007 5176 illotis
3065 5123 3315 5192 pedibus.
3349 5143 3367 5175 ι
3406 5124 3467 5176 Et

1901 5219 2193 5274 notandum
2221 5217 2366 5285 quod
2400 5217 2452 5268 in
2489 5215 2710 5268 Hebraeo
2733 5231 2842 5268 non
2874 5215 3042 5270 illotis
3069 5215 3308 5285 pedibus
3331 5218 3465 5286 legi-

1900 5325 2008 5376 tur,
2034 5312 2147 5374 sed,
2177 5309 2388 5378 pedibus
2439 5308 2645 5374 infectis
2699 5319 2746 5360 ο.
2798 5306 3022 5362 Fecerat
3075 5323 3313 5378 namque
3365 5311 3468 5363 sibi

1901 5406 2040 5457 idem
2065 5400 2424 5468 Miplnboscth
2467 5399 2672 5465 ligneos
2706 5400 2886 5464 pedes,
2918 5399 3118 5465 quibus
3169 5399 3245 5450 uti
3307 5401 3464 5468 quasi

1899 5509 1995 5563 pro
2025 5492 2365 5546 naturalibus
2390 5490 2634 5541 solebat:
2667 5493 2805 5541 sicut
2834 5489 3009 5542 solent
3039 5489 3216 5543 facere
3259 5491 3462 5552 claudi,

1898 5587 2349 5657 quemadmodum
2373 5597 2426 5636 et
2461 5585 2545 5636 ille
2585 5595 2720 5638 erat.

1968 5680 2145 5748 (\‘crs.
2185 5679 2302 5739 29.)
2340 5677 2508 5742 ιρυὶιι
2542 5681 2679 5729 ultra
2707 5677 2979 5745 loqueris?
3003 5676 3192 5731 Fixum
3212 5685 3294 5730 est
3317 5674 3465 5746 quod

1907 3837 2154 3880 tuorluus
2216 3830 2307 3880 δη.

1461 5869 1594 5920 tum,
1655 5858 1785 5908 idem
1819 5855 2162 5924 .Ilip/sibosctlt
2204 5896 2216 5920 ,
2277 5865 2332 5906 ut
2403 5852 2612 5907 llcbra'i
2643 5853 2881 5918 tradunt,
2911 5854 3108 5923 ligneos
3144 5849 3322 5920 pedes,
3354 5861 3464 5912 etc.
