  <div class='ocr_page' id='page_1' title='image "/cluster/home/n/w/nwhite01/storage/ocr_20150623/23/hvd.32044012674545/723.png"; bbox 0 0 4198 6350; ppageno 0'>
   <div class='ocr_carea' id='block_1_1' title="bbox 769 410 906 473">
    <p class='ocr_par' dir='ltr' id='par_1_1' title="bbox 769 410 906 473">
     <span class='ocr_line' id='line_1_1' title="bbox 769 410 906 473; baseline -0.015 0"><span class='ocrx_word' id='word_1_1' title='bbox 769 410 906 473; x_wconf 70' lang='grc'><strong>1623</strong></span> 
     </span>
    </p>
   </div>
   <div class='ocr_carea' id='block_1_2' title="bbox 2197 389 2603 455">
    <p class='ocr_par' dir='ltr' id='par_1_2' title="bbox 2197 389 2603 455">
     <span class='ocr_line' id='line_1_2' title="bbox 2197 389 2603 455; baseline 0.01 -4"><span class='ocrx_word' id='word_1_2' title='bbox 2197 389 2603 455; x_wconf 77' lang='lat' dir='ltr'><strong>AI‘PENDIX.</strong></span> 
     </span>
    </p>
   </div>
   <div class='ocr_carea' id='block_1_3' title="bbox 3907 392 4027 460">
    <p class='ocr_par' dir='ltr' id='par_1_3' title="bbox 3907 392 4027 460">
     <span class='ocr_line' id='line_1_3' title="bbox 3907 392 4027 460; baseline 0.008 -1"><span class='ocrx_word' id='word_1_3' title='bbox 3907 392 4027 460; x_wconf 70' lang='grc' dir='ltr'><strong>14Ξᾶ</strong></span> 
     </span>
    </p>
   </div>
   <div class='ocr_carea' id='block_1_4' title="bbox 762 505 2352 582">
    <p class='ocr_par' dir='ltr' id='par_1_4' title="bbox 762 505 2333 582">
     <span class='ocr_line' id='line_1_4' title="bbox 762 505 2333 582; baseline -0.016 0"><span class='ocrx_word' id='word_1_4' title='bbox 762 528 980 581; x_wconf 79' lang='lat' dir='ltr'><strong>locutus</strong></span> <span class='ocrx_word' id='word_1_5' title='bbox 1009 536 1150 577; x_wconf 85' lang='lat' dir='ltr'><strong>smn.</strong></span> <span class='ocrx_word' id='word_1_6' title='bbox 1181 520 1259 574; x_wconf 90' lang='lat' dir='ltr'><strong>Tu</strong></span> <span class='ocrx_word' id='word_1_7' title='bbox 1298 526 1353 574; x_wconf 89' lang='lat' dir='ltr'><strong>et</strong></span> <span class='ocrx_word' id='word_1_8' title='bbox 1390 517 1519 573; x_wconf 89' lang='lat' dir='ltr'><strong>Siba</strong></span> <span class='ocrx_word' id='word_1_9' title='bbox 1556 512 1785 571; x_wconf 84' lang='lat' dir='ltr'><strong>dividite</strong></span> <span class='ocrx_word' id='word_1_10' title='bbox 1817 507 2246 582; x_wconf 64' lang='lat' dir='ltr'><strong>possessiones.»</strong></span> <span class='ocrx_word' id='word_1_11' title='bbox 2276 505 2333 558; x_wconf 90' lang='grc' dir='ltr'>1ιι</span> 
     </span>
    </p>
   </div>
   <div class='ocr_carea' id='block_1_5' title="bbox 2453 505 4028 582">
    <p class='ocr_par' dir='ltr' id='par_1_5' title="bbox 2453 507 4028 579">
     <span class='ocr_line' id='line_1_5' title="bbox 2453 507 4028 579; baseline 0.004 -20"><span class='ocrx_word' id='word_1_12' title='bbox 2453 507 2957 579; x_wconf 71' lang='lat' dir='ltr'><strong>nosissimilibid.)?</strong></span> <span class='ocrx_word' id='word_1_13' title='bbox 3011 510 3270 566; x_wconf 67' lang='lat' dir='ltr'><strong>I&#39;IthlI‘mllS</strong></span> <span class='ocrx_word' id='word_1_14' title='bbox 3297 532 3308 567; x_wconf 90' lang='lat'><strong>:</strong></span> <span class='ocrx_word' id='word_1_15' title='bbox 3340 512 3448 565; x_wconf 81' lang='lat' dir='ltr'><strong>(.‘ur</strong></span> <span class='ocrx_word' id='word_1_16' title='bbox 3492 513 3623 566; x_wconf 85' lang='lat' dir='ltr'><strong>estis</strong></span> <span class='ocrx_word' id='word_1_17' title='bbox 3679 513 3944 565; x_wconf 68' lang='lat' dir='ltr'><strong>parissimi</strong></span> <span class='ocrx_word' id='word_1_18' title='bbox 3969 518 4028 565; x_wconf 77' lang='lat' dir='ltr'><strong>ad</strong></span> 
     </span>
    </p>
   </div>
   <div class='ocr_carea' id='block_1_6' title="bbox 766 599 2339 683">
    <p class='ocr_par' dir='ltr' id='par_1_6' title="bbox 766 599 2339 683">
     <span class='ocr_line' id='line_1_6' title="bbox 766 599 2339 683; baseline -0.014 -10"><span class='ocrx_word' id='word_1_19' title='bbox 766 619 991 673; x_wconf 69' lang='lat' dir='ltr'><strong>Ilebraro</strong></span> <span class='ocrx_word' id='word_1_20' title='bbox 1034 614 1107 668; x_wconf 84' lang='lat' dir='ltr'><strong>ita</strong></span> <span class='ocrx_word' id='word_1_21' title='bbox 1160 615 1409 683; x_wconf 86' lang='lat' dir='ltr'><strong>legitur:</strong></span> <span class='ocrx_word' id='word_1_22' title='bbox 1451 627 1469 661; x_wconf 83' lang='lat' dir='ltr'><strong>t</strong></span> <span class='ocrx_word' id='word_1_23' title='bbox 1507 609 1649 676; x_wconf 80' lang='lat' dir='ltr'><strong>Dixi,</strong></span> <span class='ocrx_word' id='word_1_24' title='bbox 1707 617 1761 661; x_wconf 85' lang='grc' dir='ltr'><strong>ιιι</strong></span> <span class='ocrx_word' id='word_1_25' title='bbox 1826 613 1879 659; x_wconf 87' lang='lat' dir='ltr'><strong>et</strong></span> <span class='ocrx_word' id='word_1_26' title='bbox 1927 599 2055 656; x_wconf 90' lang='lat' dir='ltr'><strong>Siba</strong></span> <span class='ocrx_word' id='word_1_27' title='bbox 2116 600 2339 654; x_wconf 78' lang='lat' dir='ltr'><strong>dividite</strong></span> 
     </span>
    </p>
   </div>
   <div class='ocr_carea' id='block_1_7' title="bbox 766 696 2340 780">
    <p class='ocr_par' dir='ltr' id='par_1_7' title="bbox 766 696 2340 780">
     <span class='ocr_line' id='line_1_7' title="bbox 766 696 2340 780; baseline -0.014 -13"><span class='ocrx_word' id='word_1_28' title='bbox 766 728 977 780; x_wconf 77' lang='lat' dir='ltr'><strong>:tgt‘ttttt.</strong></span> <span class='ocrx_word' id='word_1_29' title='bbox 1008 730 1026 762; x_wconf 79' lang='grc' dir='ltr'><strong>ι</strong></span> <span class='ocrx_word' id='word_1_30' title='bbox 1057 709 1164 765; x_wconf 87' lang='lat' dir='ltr'><strong>Pro</strong></span> <span class='ocrx_word' id='word_1_31' title='bbox 1186 724 1250 764; x_wconf 92' lang='lat' dir='ltr'><strong>eo</strong></span> <span class='ocrx_word' id='word_1_32' title='bbox 1278 707 1422 777; x_wconf 88' lang='lat' dir='ltr'><strong>quod</strong></span> <span class='ocrx_word' id='word_1_33' title='bbox 1456 707 1509 761; x_wconf 92' lang='lat' dir='ltr'><strong>in</strong></span> <span class='ocrx_word' id='word_1_34' title='bbox 1529 705 1633 760; x_wconf 87' lang='lat' dir='ltr'><strong>Itoc</strong></span> <span class='ocrx_word' id='word_1_35' title='bbox 1676 703 1795 757; x_wconf 89' lang='lat' dir='ltr'><strong>loco</strong></span> <span class='ocrx_word' id='word_1_36' title='bbox 1836 696 2008 753; x_wconf 80' lang='lat' dir='ltr'><strong>David</strong></span> <span class='ocrx_word' id='word_1_37' title='bbox 2055 697 2340 750; x_wconf 88' lang='lat' dir='ltr'><strong>immemor</strong></span> 
     </span>
    </p>
   </div>
   <div class='ocr_carea' id='block_1_8' title="bbox 770 784 2339 861">
    <p class='ocr_par' dir='ltr' id='par_1_8' title="bbox 770 784 2339 861">
     <span class='ocr_line' id='line_1_8' title="bbox 770 784 2339 861; baseline -0.012 -4"><span class='ocrx_word' id='word_1_38' title='bbox 770 808 873 861; x_wconf 71' lang='lat' dir='ltr'><strong>fuit</strong></span> <span class='ocrx_word' id='word_1_39' title='bbox 909 804 1163 861; x_wconf 72' lang='lat' dir='ltr'><strong>amicitia:</strong></span> <span class='ocrx_word' id='word_1_40' title='bbox 1210 811 1264 857; x_wconf 91' lang='lat' dir='ltr'><strong>et</strong></span> <span class='ocrx_word' id='word_1_41' title='bbox 1309 800 1555 861; x_wconf 64' lang='lat' dir='ltr'><strong>(traderis,</strong></span> <span class='ocrx_word' id='word_1_42' title='bbox 1597 798 1763 851; x_wconf 81' lang='lat' dir='ltr'><strong>immo</strong></span> <span class='ocrx_word' id='word_1_43' title='bbox 1833 788 2155 861; x_wconf 80' lang='lat' dir='ltr'><strong>juramenti,</strong></span> <span class='ocrx_word' id='word_1_44' title='bbox 2195 784 2339 855; x_wconf 79' lang='lat' dir='ltr'><strong>quod</strong></span> 
     </span>
    </p>
   </div>
   <div class='ocr_carea' id='block_1_9' title="bbox 771 876 2346 956">
    <p class='ocr_par' dir='ltr' id='par_1_9' title="bbox 771 876 2346 956">
     <span class='ocr_line' id='line_1_9' title="bbox 771 876 2346 956; baseline -0.015 -2"><span class='ocrx_word' id='word_1_45' title='bbox 771 900 959 956; x_wconf 66' lang='lat' dir='ltr'><strong>Itabttit</strong></span> <span class='ocrx_word' id='word_1_46' title='bbox 991 914 1112 953; x_wconf 91' lang='lat' dir='ltr'><strong>cum</strong></span> <span class='ocrx_word' id='word_1_47' title='bbox 1159 895 1474 952; x_wconf 86' lang='lat' dir='ltr'><strong>Jonathan:</strong></span> <span class='ocrx_word' id='word_1_48' title='bbox 1536 901 1591 947; x_wconf 91' lang='lat' dir='ltr'><strong>et</strong></span> <span class='ocrx_word' id='word_1_49' title='bbox 1622 900 1729 944; x_wconf 89' lang='lat' dir='ltr'><strong>tam</strong></span> <span class='ocrx_word' id='word_1_50' title='bbox 1762 885 1986 943; x_wconf 84' lang='lat' dir='ltr'><strong>crudele</strong></span> <span class='ocrx_word' id='word_1_51' title='bbox 2022 882 2170 938; x_wconf 81' lang='lat' dir='ltr'><strong>dedit</strong></span> <span class='ocrx_word' id='word_1_52' title='bbox 2196 876 2346 951; x_wconf 81' lang='lat' dir='ltr'><strong>judi-</strong></span> 
     </span>
    </p>
   </div>
   <div class='ocr_carea' id='block_1_10' title="bbox 774 971 2343 1059">
    <p class='ocr_par' dir='ltr' id='par_1_10' title="bbox 774 971 2343 1059">
     <span class='ocr_line' id='line_1_10' title="bbox 774 971 2343 1059; baseline -0.017 -8"><span class='ocrx_word' id='word_1_53' title='bbox 774 998 940 1059; x_wconf 80' lang='lat' dir='ltr'><strong>cium,</strong></span> <span class='ocrx_word' id='word_1_54' title='bbox 974 995 1193 1047; x_wconf 86' lang='lat' dir='ltr'><strong>dicens:</strong></span> <span class='ocrx_word' id='word_1_55' title='bbox 1226 1011 1243 1044; x_wconf 84' lang='lat' dir='ltr'><strong>t</strong></span> <span class='ocrx_word' id='word_1_56' title='bbox 1270 990 1351 1045; x_wconf 88' lang='grc' dir='ltr'>Τιι</span> <span class='ocrx_word' id='word_1_57' title='bbox 1387 998 1438 1043; x_wconf 91' lang='lat' dir='ltr'><strong>et</strong></span> <span class='ocrx_word' id='word_1_58' title='bbox 1464 986 1591 1041; x_wconf 84' lang='lat' dir='ltr'><strong>Siba</strong></span> <span class='ocrx_word' id='word_1_59' title='bbox 1644 981 1869 1037; x_wconf 80' lang='lat' dir='ltr'><strong>dividite</strong></span> <span class='ocrx_word' id='word_1_60' title='bbox 1926 990 2157 1049; x_wconf 81' lang='lat' dir='ltr'><strong>agrum:</strong></span> <span class='ocrx_word' id='word_1_61' title='bbox 2197 993 2215 1026; x_wconf 79' lang='grc' dir='ltr'><strong>ι</strong></span> <span class='ocrx_word' id='word_1_62' title='bbox 2255 971 2343 1027; x_wconf 75' lang='grc' dir='ltr'><strong>ω-</strong></span> 
     </span>
    </p>
   </div>
   <div class='ocr_carea' id='block_1_11' title="bbox 777 1072 2345 1142">
    <p class='ocr_par' dir='ltr' id='par_1_11' title="bbox 777 1072 2345 1142">
     <span class='ocr_line' id='line_1_11' title="bbox 777 1072 2345 1142; baseline -0.013 0"><span class='ocrx_word' id='word_1_63' title='bbox 777 1093 922 1142; x_wconf 88' lang='lat' dir='ltr'><strong>circo</strong></span> <span class='ocrx_word' id='word_1_64' title='bbox 943 1085 1182 1141; x_wconf 80' lang='lat' dir='ltr'><strong>ltoboam</strong></span> <span class='ocrx_word' id='word_1_65' title='bbox 1210 1094 1261 1138; x_wconf 89' lang='lat' dir='ltr'><strong>et</strong></span> <span class='ocrx_word' id='word_1_66' title='bbox 1288 1082 1580 1136; x_wconf 85' lang='lat' dir='ltr'><strong>.Ieroboam</strong></span> <span class='ocrx_word' id='word_1_67' title='bbox 1612 1076 1923 1133; x_wconf 87' lang='lat' dir='ltr'><strong>diviserunt</strong></span> <span class='ocrx_word' id='word_1_68' title='bbox 1943 1072 2064 1140; x_wconf 75' lang='lat' dir='ltr'><strong>eius</strong></span> <span class='ocrx_word' id='word_1_69' title='bbox 2091 1081 2345 1138; x_wconf 80' lang='lat' dir='ltr'><strong>regnum.</strong></span> 
     </span>
    </p>
   </div>
   <div class='ocr_carea' id='block_1_12' title="bbox 774 1159 2349 1251">
    <p class='ocr_par' dir='ltr' id='par_1_12' title="bbox 774 1159 2349 1251">
     <span class='ocr_line' id='line_1_12' title="bbox 774 1159 2349 1251; baseline -0.014 -17"><span class='ocrx_word' id='word_1_70' title='bbox 774 1180 1131 1251; x_wconf 79' lang='lat' dir='ltr'><strong>Mipltibosetlt</strong></span> <span class='ocrx_word' id='word_1_71' title='bbox 1154 1179 1298 1233; x_wconf 90' lang='lat' dir='ltr'><strong>enim</strong></span> <span class='ocrx_word' id='word_1_72' title='bbox 1333 1175 1386 1229; x_wconf 91' lang='lat' dir='ltr'><strong>in</strong></span> <span class='ocrx_word' id='word_1_73' title='bbox 1437 1171 1715 1228; x_wconf 77' lang='lat' dir='ltr'><strong>Samuelis</strong></span> <span class='ocrx_word' id='word_1_74' title='bbox 1743 1170 1883 1222; x_wconf 76' lang='lat' dir='ltr'><strong>IIIII‘O</strong></span> <span class='ocrx_word' id='word_1_75' title='bbox 1907 1164 2143 1234; x_wconf 75' lang='lat' dir='ltr'><strong>legitur;</strong></span> <span class='ocrx_word' id='word_1_76' title='bbox 2178 1168 2234 1216; x_wconf 89' lang='lat' dir='ltr'><strong>et</strong></span> <span class='ocrx_word' id='word_1_77' title='bbox 2265 1159 2349 1214; x_wconf 80' lang='lat' dir='ltr'><strong>iu-</strong></span> 
     </span>
    </p>
   </div>
   <div class='ocr_carea' id='block_1_13' title="bbox 774 1253 2347 1345">
    <p class='ocr_par' dir='ltr' id='par_1_13' title="bbox 774 1253 2347 1345">
     <span class='ocr_line' id='line_1_13' title="bbox 774 1253 2347 1345; baseline -0.011 -18"><span class='ocrx_word' id='word_1_78' title='bbox 774 1282 1133 1345; x_wconf 85' lang='lat' dir='ltr'><strong>terprelatur,</strong></span> <span class='ocrx_word' id='word_1_79' title='bbox 1174 1288 1230 1324; x_wconf 84' lang='lat' dir='ltr'><strong>os</strong></span> <span class='ocrx_word' id='word_1_80' title='bbox 1290 1270 1617 1324; x_wconf 63' lang='lat' dir='ltr'><strong>verecundia</strong></span> <span class='ocrx_word' id='word_1_81' title='bbox 1676 1264 1789 1334; x_wconf 76' lang='lat' dir='ltr'><strong>[AL</strong></span> <span class='ocrx_word' id='word_1_82' title='bbox 1845 1253 2246 1328; x_wconf 76' lang='lat' dir='ltr'><strong>verecundum].</strong></span> <span class='ocrx_word' id='word_1_83' title='bbox 2290 1255 2347 1310; x_wconf 92' lang='lat' dir='ltr'><strong>In</strong></span> 
     </span>
    </p>
   </div>
   <div class='ocr_carea' id='block_1_14' title="bbox 775 1346 2349 1435">
    <p class='ocr_par' dir='ltr' id='par_1_14' title="bbox 775 1346 2349 1435">
     <span class='ocr_line' id='line_1_14' title="bbox 775 1346 2349 1435; baseline -0.013 -13"><span class='ocrx_word' id='word_1_84' title='bbox 775 1367 1226 1435; x_wconf 80' lang='lat' dir='ltr'><strong>Paralipomenon</strong></span> <span class='ocrx_word' id='word_1_85' title='bbox 1269 1379 1399 1416; x_wconf 86' lang='lat' dir='ltr'><strong>vero</strong></span> <span class='ocrx_word' id='word_1_86' title='bbox 1449 1362 1587 1415; x_wconf 74' lang='lat' dir='ltr'><strong>idem</strong></span> <span class='ocrx_word' id='word_1_87' title='bbox 1648 1352 2031 1425; x_wconf 79' lang='lat' dir='ltr'><strong>Mipltibosctlt,</strong></span> <span class='ocrx_word' id='word_1_88' title='bbox 2080 1346 2349 1404; x_wconf 74' lang='lat' dir='ltr'><strong>Meribaal</strong></span> 
     </span>
    </p>
   </div>
   <div class='ocr_carea' id='block_1_15' title="bbox 776 1445 2347 1529">
    <p class='ocr_par' dir='ltr' id='par_1_15' title="bbox 776 1445 2347 1529">
     <span class='ocr_line' id='line_1_15' title="bbox 776 1445 2347 1529; baseline -0.013 -16"><span class='ocrx_word' id='word_1_89' title='bbox 776 1461 969 1527; x_wconf 79' lang='lat' dir='ltr'><strong>legitur</strong></span> <span class='ocrx_word' id='word_1_90' title='bbox 995 1458 1045 1529; x_wconf 90' lang='grc'><strong>(1</strong></span> <span class='ocrx_word' id='word_1_91' title='bbox 1085 1462 1215 1512; x_wconf 84' lang='lat' dir='ltr'><strong>Par.</strong></span> <span class='ocrx_word' id='word_1_92' title='bbox 1249 1474 1368 1516; x_wconf 83' lang='lat' dir='ltr'><strong>vm.</strong></span> <span class='ocrx_word' id='word_1_93' title='bbox 1400 1455 1499 1517; x_wconf 67' lang='lat'><strong>54;</strong></span> <span class='ocrx_word' id='word_1_94' title='bbox 1536 1468 1608 1513; x_wconf 77' lang='lat' dir='ltr'><strong>ts,</strong></span> <span class='ocrx_word' id='word_1_95' title='bbox 1645 1447 1732 1512; x_wconf 59' lang='lat'><strong>£0)</strong></span> <span class='ocrx_word' id='word_1_96' title='bbox 1756 1489 1769 1511; x_wconf 94' lang='lat'><strong>,</strong></span> <span class='ocrx_word' id='word_1_97' title='bbox 1824 1454 1877 1500; x_wconf 86' lang='lat' dir='ltr'><strong>et</strong></span> <span class='ocrx_word' id='word_1_98' title='bbox 1930 1445 2347 1513; x_wconf 83' lang='lat' dir='ltr'><strong>interpretatur,</strong></span> 
     </span>
    </p>
   </div>
   <div class='ocr_carea' id='block_1_16' title="bbox 774 1535 2353 1625">
    <p class='ocr_par' dir='ltr' id='par_1_16' title="bbox 774 1535 2353 1625">
     <span class='ocr_line' id='line_1_16' title="bbox 774 1535 2353 1625; baseline -0.013 -19"><span class='ocrx_word' id='word_1_99' title='bbox 774 1554 986 1625; x_wconf 70' lang='lat' dir='ltr'><strong>litigatis</strong></span> <span class='ocrx_word' id='word_1_100' title='bbox 1018 1568 1133 1605; x_wconf 84' lang='lat' dir='ltr'><strong>cum</strong></span> <span class='ocrx_word' id='word_1_101' title='bbox 1166 1550 1437 1606; x_wconf 74' lang='lat' dir='ltr'><strong>Altissimo</strong></span> <span class='ocrx_word' id='word_1_102' title='bbox 1472 1558 1522 1595; x_wconf 79' lang='grc' dir='ltr'>ιι.</span> <span class='ocrx_word' id='word_1_103' title='bbox 1580 1542 1850 1613; x_wconf 69' lang='lat' dir='ltr'><strong>Liligasse</strong></span> <span class='ocrx_word' id='word_1_104' title='bbox 1897 1540 2043 1591; x_wconf 89' lang='lat' dir='ltr'><strong>enim</strong></span> <span class='ocrx_word' id='word_1_105' title='bbox 2105 1553 2229 1590; x_wconf 88' lang='lat' dir='ltr'><strong>cum</strong></span> <span class='ocrx_word' id='word_1_106' title='bbox 2262 1535 2353 1586; x_wconf 76' lang='lat' dir='ltr'><strong>Al-</strong></span> 
     </span>
    </p>
   </div>
   <div class='ocr_carea' id='block_1_17' title="bbox 775 1627 2353 1708">
    <p class='ocr_par' dir='ltr' id='par_1_17' title="bbox 775 1627 2353 1708">
     <span class='ocr_line' id='line_1_17' title="bbox 775 1627 2353 1708; baseline -0.013 -11"><span class='ocrx_word' id='word_1_107' title='bbox 775 1646 1013 1708; x_wconf 82' lang='lat' dir='ltr'><strong>tissitno,</strong></span> <span class='ocrx_word' id='word_1_108' title='bbox 1056 1644 1107 1698; x_wconf 84' lang='lat' dir='ltr'><strong>Id</strong></span> <span class='ocrx_word' id='word_1_109' title='bbox 1140 1655 1224 1698; x_wconf 87' lang='lat' dir='ltr'><strong>est</strong></span> <span class='ocrx_word' id='word_1_110' title='bbox 1264 1656 1389 1696; x_wconf 90' lang='lat' dir='ltr'><strong>cum</strong></span> <span class='ocrx_word' id='word_1_111' title='bbox 1441 1639 1570 1697; x_wconf 85' lang='lat' dir='ltr'><strong>Deo.</strong></span> <span class='ocrx_word' id='word_1_112' title='bbox 1617 1636 1853 1687; x_wconf 77' lang='lat' dir='ltr'><strong>dicitur:</strong></span> <span class='ocrx_word' id='word_1_113' title='bbox 1888 1647 1951 1683; x_wconf 86' lang='lat' dir='ltr'><strong>eo</strong></span> <span class='ocrx_word' id='word_1_114' title='bbox 1984 1629 2127 1699; x_wconf 91' lang='lat' dir='ltr'><strong>quod</strong></span> <span class='ocrx_word' id='word_1_115' title='bbox 2185 1627 2353 1681; x_wconf 82' lang='lat' dir='ltr'><strong>David</strong></span> 
     </span>
    </p>
   </div>
   <div class='ocr_carea' id='block_1_18' title="bbox 774 1720 2354 1801">
    <p class='ocr_par' dir='ltr' id='par_1_18' title="bbox 774 1720 2354 1801">
     <span class='ocr_line' id='line_1_18' title="bbox 774 1720 2354 1801; baseline -0.012 -12"><span class='ocrx_word' id='word_1_116' title='bbox 774 1737 1079 1791; x_wconf 78' lang='lat' dir='ltr'><strong>reduxisset</strong></span> <span class='ocrx_word' id='word_1_117' title='bbox 1117 1748 1238 1789; x_wconf 91' lang='lat' dir='ltr'><strong>cum</strong></span> <span class='ocrx_word' id='word_1_118' title='bbox 1294 1746 1445 1801; x_wconf 83' lang='lat' dir='ltr'><strong>pace.</strong></span> <span class='ocrx_word' id='word_1_119' title='bbox 1493 1728 1554 1782; x_wconf 81' lang='lat' dir='ltr'><strong>Et</strong></span> <span class='ocrx_word' id='word_1_120' title='bbox 1592 1727 1737 1797; x_wconf 87' lang='lat' dir='ltr'><strong>quod</strong></span> <span class='ocrx_word' id='word_1_121' title='bbox 1773 1726 1849 1777; x_wconf 82' lang='lat' dir='ltr'><strong>ait</strong></span> <span class='ocrx_word' id='word_1_122' title='bbox 1900 1724 2041 1777; x_wconf 88' lang='lat' dir='ltr'><strong>idem</strong></span> <span class='ocrx_word' id='word_1_123' title='bbox 2074 1720 2354 1787; x_wconf 77' lang='lat' dir='ltr'><strong>Mipltibo-</strong></span> 
     </span>
    </p>
   </div>
   <div class='ocr_carea' id='block_1_19' title="bbox 774 1818 2348 1897">
    <p class='ocr_par' dir='ltr' id='par_1_19' title="bbox 774 1818 2348 1897">
     <span class='ocr_line' id='line_1_19' title="bbox 774 1818 2348 1897; baseline -0.015 -12"><span class='ocrx_word' id='word_1_124' title='bbox 774 1830 889 1885; x_wconf 86' lang='lat' dir='ltr'><strong>setlt</strong></span> <span class='ocrx_word' id='word_1_125' title='bbox 924 1828 1059 1897; x_wconf 81' lang='lat' dir='ltr'><strong>regi,</strong></span> <span class='ocrx_word' id='word_1_126' title='bbox 1100 1847 1117 1878; x_wconf 86' lang='grc' dir='ltr'><strong>ι</strong></span> <span class='ocrx_word' id='word_1_127' title='bbox 1153 1828 1326 1881; x_wconf 89' lang='lat' dir='ltr'><strong>etiam</strong></span> <span class='ocrx_word' id='word_1_128' title='bbox 1372 1831 1565 1877; x_wconf 80' lang='lat' dir='ltr'><strong>cuncta</strong></span> <span class='ocrx_word' id='word_1_129' title='bbox 1600 1818 1867 1885; x_wconf 86' lang='lat' dir='ltr'><strong>accipiat:</strong></span> <span class='ocrx_word' id='word_1_130' title='bbox 1921 1821 2208 1885; x_wconf 77' lang='lat' dir='ltr'><strong>postquam</strong></span> <span class='ocrx_word' id='word_1_131' title='bbox 2260 1824 2348 1863; x_wconf 87' lang='lat' dir='ltr'><strong>re-</strong></span> 
     </span>
    </p>
   </div>
   <div class='ocr_carea' id='block_1_20' title="bbox 775 1907 2346 1976">
    <p class='ocr_par' dir='ltr' id='par_1_20' title="bbox 775 1907 2346 1976">
     <span class='ocr_line' id='line_1_20' title="bbox 775 1907 2346 1976; baseline -0.012 -2"><span class='ocrx_word' id='word_1_132' title='bbox 775 1937 966 1976; x_wconf 79' lang='lat' dir='ltr'><strong>versus</strong></span> <span class='ocrx_word' id='word_1_133' title='bbox 1007 1931 1093 1974; x_wconf 82' lang='lat' dir='ltr'><strong>est</strong></span> <span class='ocrx_word' id='word_1_134' title='bbox 1134 1918 1393 1972; x_wconf 83' lang='lat' dir='ltr'><strong>dominus</strong></span> <span class='ocrx_word' id='word_1_135' title='bbox 1422 1927 1607 1973; x_wconf 82' lang='lat' dir='ltr'><strong>~meus</strong></span> <span class='ocrx_word' id='word_1_136' title='bbox 1662 1926 1755 1964; x_wconf 79' lang='lat' dir='ltr'><strong>rex</strong></span> <span class='ocrx_word' id='word_1_137' title='bbox 1815 1909 1869 1961; x_wconf 86' lang='lat' dir='ltr'><strong>in</strong></span> <span class='ocrx_word' id='word_1_138' title='bbox 1916 1907 2137 1960; x_wconf 82' lang='lat' dir='ltr'><strong>domum</strong></span> <span class='ocrx_word' id='word_1_139' title='bbox 2191 1918 2346 1957; x_wconf 81' lang='lat' dir='ltr'><strong>suam</strong></span> 
     </span>
    </p>
   </div>
   <div class='ocr_carea' id='block_1_21' title="bbox 772 1998 2350 2087">
    <p class='ocr_par' dir='ltr' id='par_1_21' title="bbox 772 1998 2350 2087">
     <span class='ocr_line' id='line_1_21' title="bbox 772 1998 2350 2087; baseline -0.011 -19"><span class='ocrx_word' id='word_1_140' title='bbox 772 2016 877 2087; x_wconf 72' lang='grc' dir='ltr'><strong>[ΑΙ.</strong></span> <span class='ocrx_word' id='word_1_141' title='bbox 919 2012 1119 2084; x_wconf 85' lang='lat' dir='ltr'><strong>meam]</strong></span> <span class='ocrx_word' id='word_1_142' title='bbox 1159 2011 1415 2081; x_wconf 86' lang='lat' dir='ltr'><strong>pacilicc;</strong></span> <span class='ocrx_word' id='word_1_143' title='bbox 1450 2025 1468 2058; x_wconf 86' lang='grc' dir='ltr'><strong>ι</strong></span> <span class='ocrx_word' id='word_1_144' title='bbox 1509 2020 1617 2059; x_wconf 90' lang='lat' dir='ltr'><strong>non</strong></span> <span class='ocrx_word' id='word_1_145' title='bbox 1645 2005 1751 2057; x_wconf 81' lang='lat' dir='ltr'><strong>IIOC</strong></span> <span class='ocrx_word' id='word_1_146' title='bbox 1779 2002 1983 2055; x_wconf 76' lang='lat' dir='ltr'><strong>dixisse</strong></span> <span class='ocrx_word' id='word_1_147' title='bbox 2039 1998 2350 2065; x_wconf 75' lang='lat' dir='ltr'><strong>suspicatur</strong></span> 
     </span>
    </p>
   </div>
   <div class='ocr_carea' id='block_1_22' title="bbox 773 2091 2347 2173">
    <p class='ocr_par' dir='ltr' id='par_1_22' title="bbox 773 2091 2347 2173">
     <span class='ocr_line' id='line_1_22' title="bbox 773 2091 2347 2173; baseline -0.011 -13"><span class='ocrx_word' id='word_1_148' title='bbox 773 2106 1066 2173; x_wconf 70' lang='lat' dir='ltr'><strong>gratulanti</strong></span> <span class='ocrx_word' id='word_1_149' title='bbox 1103 2104 1306 2165; x_wconf 80' lang='lat' dir='ltr'><strong>animo,-</strong></span> <span class='ocrx_word' id='word_1_150' title='bbox 1341 2099 1436 2155; x_wconf 86' lang='lat' dir='ltr'><strong>sed</strong></span> <span class='ocrx_word' id='word_1_151' title='bbox 1480 2095 1799 2159; x_wconf 88' lang='lat' dir='ltr'><strong>insultanti,</strong></span> <span class='ocrx_word' id='word_1_152' title='bbox 1838 2105 1892 2146; x_wconf 89' lang='lat' dir='ltr'><strong>et</strong></span> <span class='ocrx_word' id='word_1_153' title='bbox 1946 2091 2103 2159; x_wconf 79' lang='lat' dir='ltr'><strong>quasi</strong></span> <span class='ocrx_word' id='word_1_154' title='bbox 2155 2100 2347 2143; x_wconf 80' lang='lat' dir='ltr'><strong>contra</strong></span> 
     </span>
    </p>
   </div>
   <div class='ocr_carea' id='block_1_23' title="bbox 778 2181 2347 2259">
    <p class='ocr_par' dir='ltr' id='par_1_23' title="bbox 778 2181 2347 2259">
     <span class='ocr_line' id='line_1_23' title="bbox 778 2181 2347 2259; baseline -0.011 -8"><span class='ocrx_word' id='word_1_155' title='bbox 778 2200 945 2251; x_wconf 85' lang='lat' dir='ltr'><strong>Deum</strong></span> <span class='ocrx_word' id='word_1_156' title='bbox 984 2194 1387 2249; x_wconf 80' lang='lat' dir='ltr'><strong>murmuranti:</strong></span> <span class='ocrx_word' id='word_1_157' title='bbox 1434 2206 1498 2245; x_wconf 89' lang='lat' dir='ltr'><strong>eo</strong></span> <span class='ocrx_word' id='word_1_158' title='bbox 1541 2188 1687 2259; x_wconf 88' lang='lat' dir='ltr'><strong>quod</strong></span> <span class='ocrx_word' id='word_1_159' title='bbox 1752 2185 1917 2239; x_wconf 86' lang='lat' dir='ltr'><strong>David</strong></span> <span class='ocrx_word' id='word_1_160' title='bbox 1969 2182 2233 2237; x_wconf 82' lang='lat' dir='ltr'><strong>Dominus</strong></span> <span class='ocrx_word' id='word_1_161' title='bbox 2262 2228 2263 2231; x_wconf 50' lang='grc' dir='ltr'><strong>η</strong></span> <span class='ocrx_word' id='word_1_162' title='bbox 2295 2181 2347 2234; x_wconf 91' lang='lat' dir='ltr'><strong>itt</strong></span> 
     </span>
    </p>
   </div>
   <div class='ocr_carea' id='block_1_24' title="bbox 778 2288 1269 2359">
    <p class='ocr_par' dir='ltr' id='par_1_24' title="bbox 778 2288 1269 2359">
     <span class='ocr_line' id='line_1_24' title="bbox 778 2288 1269 2359; baseline -0.006 -18"><span class='ocrx_word' id='word_1_163' title='bbox 778 2306 909 2359; x_wconf 77' lang='lat' dir='ltr'><strong>pare</strong></span> <span class='ocrx_word' id='word_1_164' title='bbox 940 2288 1269 2342; x_wconf 77' lang='lat' dir='ltr'><strong>reduxisset.</strong></span> 
     </span>
    </p>
   </div>
   <div class='ocr_carea' id='block_1_25' title="bbox 847 2364 2344 2449">
    <p class='ocr_par' dir='ltr' id='par_1_25' title="bbox 847 2364 2344 2449">
     <span class='ocr_line' id='line_1_25' title="bbox 847 2364 2344 2449; baseline -0.013 -17"><span class='ocrx_word' id='word_1_165' title='bbox 847 2378 1024 2449; x_wconf 77' lang='lat' dir='ltr'><strong>(Vers.</strong></span> <span class='ocrx_word' id='word_1_166' title='bbox 1053 2378 1141 2445; x_wconf 81' lang='lat'><strong>&#39;57)</strong></span> <span class='ocrx_word' id='word_1_167' title='bbox 1191 2395 1207 2427; x_wconf 85' lang='lat' dir='ltr'><strong>t</strong></span> <span class='ocrx_word' id='word_1_168' title='bbox 1235 2374 1333 2429; x_wconf 85' lang='lat' dir='ltr'><strong>Est</strong></span> <span class='ocrx_word' id='word_1_169' title='bbox 1361 2382 1541 2425; x_wconf 88' lang='lat' dir='ltr'><strong>autem</strong></span> <span class='ocrx_word' id='word_1_170' title='bbox 1572 2384 1765 2425; x_wconf 81' lang='lat' dir='ltr'><strong>servus</strong></span> <span class='ocrx_word' id='word_1_171' title='bbox 1798 2376 1923 2422; x_wconf 87' lang='lat' dir='ltr'><strong>tuus</strong></span> <span class='ocrx_word' id='word_1_172' title='bbox 1974 2364 2279 2418; x_wconf 72' lang='lat' dir='ltr'><strong>Citamaazi.</strong></span> <span class='ocrx_word' id='word_1_173' title='bbox 2326 2381 2344 2413; x_wconf 81' lang='grc' dir='ltr'><strong>ι</strong></span> 
     </span>
    </p>
   </div>
   <div class='ocr_carea' id='block_1_26' title="bbox 777 2455 2352 2525">
    <p class='ocr_par' dir='ltr' id='par_1_26' title="bbox 777 2455 2352 2525">
     <span class='ocr_line' id='line_1_26' title="bbox 777 2455 2352 2525; baseline -0.01 0"><span class='ocrx_word' id='word_1_174' title='bbox 777 2472 833 2525; x_wconf 84' lang='lat' dir='ltr'><strong>In</strong></span> <span class='ocrx_word' id='word_1_175' title='bbox 884 2469 1113 2524; x_wconf 64' lang='lat' dir='ltr'><strong>Hebraeo</strong></span> <span class='ocrx_word' id='word_1_176' title='bbox 1138 2487 1155 2519; x_wconf 73' lang='grc' dir='ltr'><strong>ι</strong></span> <span class='ocrx_word' id='word_1_177' title='bbox 1190 2482 1205 2521; x_wconf 87' lang='lat'><strong>:</strong></span> <span class='ocrx_word' id='word_1_178' title='bbox 1244 2486 1262 2517; x_wconf 81' lang='grc' dir='ltr'><strong>ι</strong></span> <span class='ocrx_word' id='word_1_179' title='bbox 1318 2466 1457 2517; x_wconf 77' lang='lat' dir='ltr'><strong>Erre</strong></span> <span class='ocrx_word' id='word_1_180' title='bbox 1508 2471 1847 2517; x_wconf 81' lang='lat' dir='ltr'><strong>servustuus</strong></span> <span class='ocrx_word' id='word_1_181' title='bbox 1880 2458 2199 2519; x_wconf 86' lang='lat' dir='ltr'><strong>Cbatnaam,</strong></span> <span class='ocrx_word' id='word_1_182' title='bbox 2237 2455 2352 2524; x_wconf 89' lang='lat' dir='ltr'><strong>ipse</strong></span> 
     </span>
    </p>
   </div>
   <div class='ocr_carea' id='block_1_27' title="bbox 776 2551 2353 2621">
    <p class='ocr_par' dir='ltr' id='par_1_27' title="bbox 776 2551 2353 2621">
     <span class='ocr_line' id='line_1_27' title="bbox 776 2551 2353 2621; baseline -0.012 -4"><span class='ocrx_word' id='word_1_183' title='bbox 776 2565 937 2617; x_wconf 72' lang='lat' dir='ltr'><strong>vadat</strong></span> <span class='ocrx_word' id='word_1_184' title='bbox 972 2574 1170 2621; x_wconf 82' lang='lat' dir='ltr'><strong>locum,</strong></span> <span class='ocrx_word' id='word_1_185' title='bbox 1210 2560 1432 2613; x_wconf 81' lang='lat' dir='ltr'><strong>domine</strong></span> <span class='ocrx_word' id='word_1_186' title='bbox 1473 2555 1544 2608; x_wconf 91' lang='lat' dir='ltr'><strong>tni</strong></span> <span class='ocrx_word' id='word_1_187' title='bbox 1586 2570 1699 2608; x_wconf 79' lang='lat' dir='ltr'><strong>res.</strong></span> <span class='ocrx_word' id='word_1_188' title='bbox 1746 2552 2041 2605; x_wconf 77' lang='lat' dir='ltr'><strong>Cbamaam</strong></span> <span class='ocrx_word' id='word_1_189' title='bbox 2082 2551 2353 2617; x_wconf 79' lang='lat' dir='ltr'><strong>interpre-</strong></span> 
     </span>
    </p>
   </div>
   <div class='ocr_carea' id='block_1_28' title="bbox 777 2640 2350 2721">
    <p class='ocr_par' dir='ltr' id='par_1_28' title="bbox 777 2640 2350 2721">
     <span class='ocr_line' id='line_1_28' title="bbox 777 2640 2350 2721; baseline -0.01 -12"><span class='ocrx_word' id='word_1_190' title='bbox 777 2668 946 2719; x_wconf 80' lang='lat' dir='ltr'><strong>tatur,</strong></span> <span class='ocrx_word' id='word_1_191' title='bbox 989 2654 1293 2721; x_wconf 79' lang='lat' dir='ltr'><strong>suspiruns.</strong></span> <span class='ocrx_word' id='word_1_192' title='bbox 1346 2647 1597 2720; x_wconf 85' lang='lat' dir='ltr'><strong>Quandiu</strong></span> <span class='ocrx_word' id='word_1_193' title='bbox 1654 2660 1778 2697; x_wconf 84' lang='lat' dir='ltr'><strong>cum</strong></span> <span class='ocrx_word' id='word_1_194' title='bbox 1815 2650 1967 2710; x_wconf 83' lang='lat' dir='ltr'><strong>patre</strong></span> <span class='ocrx_word' id='word_1_195' title='bbox 2029 2640 2350 2709; x_wconf 87' lang='lat' dir='ltr'><strong>permansit,</strong></span> 
     </span>
    </p>
   </div>
   <div class='ocr_carea' id='block_1_29' title="bbox 776 2732 2351 2817">
    <p class='ocr_par' dir='ltr' id='par_1_29' title="bbox 776 2732 2351 2817">
     <span class='ocr_line' id='line_1_29' title="bbox 776 2732 2351 2817; baseline -0.011 -15"><span class='ocrx_word' id='word_1_196' title='bbox 776 2749 1065 2817; x_wconf 78' lang='lat' dir='ltr'><strong>suspirans</strong></span> <span class='ocrx_word' id='word_1_197' title='bbox 1111 2753 1336 2797; x_wconf 75' lang='lat' dir='ltr'><strong>voratus</strong></span> <span class='ocrx_word' id='word_1_198' title='bbox 1368 2749 1472 2794; x_wconf 80' lang='lat' dir='ltr'><strong>est.</strong></span> <span class='ocrx_word' id='word_1_199' title='bbox 1532 2737 1833 2807; x_wconf 70' lang='lat' dir='ltr'><strong>Postquam</strong></span> <span class='ocrx_word' id='word_1_200' title='bbox 1888 2750 2011 2787; x_wconf 72' lang='lat' dir='ltr'><strong>vero</strong></span> <span class='ocrx_word' id='word_1_201' title='bbox 2045 2735 2096 2786; x_wconf 89' lang='lat' dir='ltr'><strong>itt</strong></span> <span class='ocrx_word' id='word_1_202' title='bbox 2147 2732 2351 2785; x_wconf 78' lang='lat' dir='ltr'><strong>doctri-</strong></span> 
     </span>
    </p>
   </div>
   <div class='ocr_carea' id='block_1_30' title="bbox 778 2823 2354 2902">
    <p class='ocr_par' dir='ltr' id='par_1_30' title="bbox 778 2823 2354 2902">
     <span class='ocr_line' id='line_1_30' title="bbox 778 2823 2354 2902; baseline -0.011 -11"><span class='ocrx_word' id='word_1_203' title='bbox 778 2855 901 2891; x_wconf 86' lang='lat' dir='ltr'><strong>nam</strong></span> <span class='ocrx_word' id='word_1_204' title='bbox 923 2837 1087 2890; x_wconf 87' lang='lat' dir='ltr'><strong>David</strong></span> <span class='ocrx_word' id='word_1_205' title='bbox 1127 2835 1269 2902; x_wconf 75' lang='lat' dir='ltr'><strong>regis</strong></span> <span class='ocrx_word' id='word_1_206' title='bbox 1299 2831 1537 2893; x_wconf 83' lang='lat' dir='ltr'><strong>transiit,</strong></span> <span class='ocrx_word' id='word_1_207' title='bbox 1577 2845 1682 2882; x_wconf 91' lang='lat' dir='ltr'><strong>non</strong></span> <span class='ocrx_word' id='word_1_208' title='bbox 1716 2826 1829 2880; x_wconf 83' lang='lat' dir='ltr'><strong>Cha</strong></span> <span class='ocrx_word' id='word_1_209' title='bbox 1853 2843 2036 2891; x_wconf 79' lang='lat' dir='ltr'><strong>naam,</strong></span> <span class='ocrx_word' id='word_1_210' title='bbox 2082 2824 2173 2876; x_wconf 71' lang='lat' dir='ltr'><strong>sed</strong></span> <span class='ocrx_word' id='word_1_211' title='bbox 2217 2823 2354 2875; x_wconf 74' lang='lat' dir='ltr'><strong>Uta-</strong></span> 
     </span>
    </p>
   </div>
   <div class='ocr_carea' id='block_1_31' title="bbox 778 2916 2353 2997">
    <p class='ocr_par' dir='ltr' id='par_1_31' title="bbox 778 2916 2353 2997">
     <span class='ocr_line' id='line_1_31' title="bbox 778 2916 2353 2997; baseline -0.009 -14"><span class='ocrx_word' id='word_1_212' title='bbox 778 2948 935 2983; x_wconf 84' lang='lat' dir='ltr'><strong>nman</strong></span> <span class='ocrx_word' id='word_1_213' title='bbox 975 2969 989 2991; x_wconf 89' lang='lat'><strong>,</strong></span> <span class='ocrx_word' id='word_1_214' title='bbox 1065 2927 1207 2997; x_wconf 75' lang='lat' dir='ltr'><strong>quod</strong></span> <span class='ocrx_word' id='word_1_215' title='bbox 1273 2926 1670 2992; x_wconf 77' lang='lat' dir='ltr'><strong>interpretatur</strong></span> <span class='ocrx_word' id='word_1_216' title='bbox 1742 2918 1925 2988; x_wconf 73' lang='lat' dir='ltr'><strong>ﬁdelis</strong></span> <span class='ocrx_word' id='word_1_217' title='bbox 1966 2958 1978 2980; x_wconf 87' lang='lat'><strong>,</strong></span> <span class='ocrx_word' id='word_1_218' title='bbox 2048 2916 2353 2985; x_wconf 76' lang='lat' dir='ltr'><strong>appellatus</strong></span> 
     </span>
    </p>
   </div>
   <div class='ocr_carea' id='block_1_32' title="bbox 776 3033 877 3076">
    <p class='ocr_par' dir='ltr' id='par_1_32' title="bbox 776 3033 877 3076">
     <span class='ocr_line' id='line_1_32' title="bbox 776 3033 877 3076; baseline 0.01 -1"><span class='ocrx_word' id='word_1_219' title='bbox 776 3033 877 3076; x_wconf 66' lang='lat' dir='ltr'><strong>est.</strong></span> 
     </span>
    </p>
   </div>
   <div class='ocr_carea' id='block_1_33' title="bbox 848 3101 2353 3183">
    <p class='ocr_par' dir='ltr' id='par_1_33' title="bbox 848 3101 2353 3183">
     <span class='ocr_line' id='line_1_33' title="bbox 848 3101 2353 3183; baseline -0.011 -17"><span class='ocrx_word' id='word_1_220' title='bbox 848 3114 1030 3183; x_wconf 64' lang='grc' dir='ltr'><strong>(νει-ε.</strong></span> <span class='ocrx_word' id='word_1_221' title='bbox 1056 3111 1144 3171; x_wconf 62' lang='grc'><strong>41,</strong></span> <span class='ocrx_word' id='word_1_222' title='bbox 1189 3110 1308 3175; x_wconf 69' lang='grc'><strong>42.)</strong></span> <span class='ocrx_word' id='word_1_223' title='bbox 1350 3130 1365 3157; x_wconf 75' lang='grc' dir='ltr'><strong>ι</strong></span> <span class='ocrx_word' id='word_1_224' title='bbox 1404 3109 1587 3173; x_wconf 71' lang='lat' dir='ltr'><strong>Itaque</strong></span> <span class='ocrx_word' id='word_1_225' title='bbox 1620 3119 1819 3159; x_wconf 84' lang='lat' dir='ltr'><strong>outttrs</strong></span> <span class='ocrx_word' id='word_1_226' title='bbox 1856 3102 1955 3154; x_wconf 84' lang='lat' dir='ltr'><strong>viri</strong></span> <span class='ocrx_word' id='word_1_227' title='bbox 2015 3101 2178 3154; x_wconf 73' lang='lat' dir='ltr'><strong>Israt-I</strong></span> <span class='ocrx_word' id='word_1_228' title='bbox 2225 3115 2353 3152; x_wconf 81' lang='lat' dir='ltr'><strong>ron-</strong></span> 
     </span>
    </p>
   </div>
   <div class='ocr_carea' id='block_1_34' title="bbox 2449 604 4029 678">
    <p class='ocr_par' dir='ltr' id='par_1_34' title="bbox 2449 604 4029 678">
     <span class='ocr_line' id='line_1_34' title="bbox 2449 604 4029 678; baseline 0.003 -21"><span class='ocrx_word' id='word_1_229' title='bbox 2449 604 2800 659; x_wconf 77' lang='lat' dir='ltr'><strong>reducendttm</strong></span> <span class='ocrx_word' id='word_1_230' title='bbox 2827 621 2993 675; x_wconf 83' lang='lat' dir='ltr'><strong>regem</strong></span> <span class='ocrx_word' id='word_1_231' title='bbox 3024 609 3076 661; x_wconf 83' lang='lat' dir='ltr'><strong>in</strong></span> <span class='ocrx_word' id='word_1_232' title='bbox 3106 608 3315 661; x_wconf 85' lang='lat' dir='ltr'><strong>domum</strong></span> <span class='ocrx_word' id='word_1_233' title='bbox 3354 625 3512 662; x_wconf 75' lang='lat' dir='ltr'><strong>suam</strong></span> <span class='ocrx_word' id='word_1_234' title='bbox 3544 609 3569 661; x_wconf 81' lang='lat'><strong><em>?</em></strong></span> <span class='ocrx_word' id='word_1_235' title='bbox 3610 606 3675 659; x_wconf 73' lang='lat' dir='ltr'><strong>Et</strong></span> <span class='ocrx_word' id='word_1_236' title='bbox 3708 607 3797 662; x_wconf 81' lang='lat' dir='ltr'><strong>ltic</strong></span> <span class='ocrx_word' id='word_1_237' title='bbox 3825 609 4029 678; x_wconf 81' lang='lat' dir='ltr'><strong>subjun-</strong></span> 
     </span>
    </p>
   </div>
   <div class='ocr_carea' id='block_1_35' title="bbox 2452 695 4027 766">
    <p class='ocr_par' dir='ltr' id='par_1_35' title="bbox 2452 695 4027 766">
     <span class='ocr_line' id='line_1_35' title="bbox 2452 695 4027 766; baseline 0.003 -17"><span class='ocrx_word' id='word_1_238' title='bbox 2452 698 2691 766; x_wconf 81' lang='lat' dir='ltr'><strong>gendum</strong></span> <span class='ocrx_word' id='word_1_239' title='bbox 2714 707 2815 762; x_wconf 71' lang='lat' dir='ltr'><strong>est,</strong></span> <span class='ocrx_word' id='word_1_240' title='bbox 2842 695 3065 753; x_wconf 76' lang='lat' dir='ltr'><strong>Fratres</strong></span> <span class='ocrx_word' id='word_1_241' title='bbox 3101 700 3200 754; x_wconf 74' lang='lat' dir='ltr'><strong>mei</strong></span> <span class='ocrx_word' id='word_1_242' title='bbox 3221 715 3332 760; x_wconf 84' lang='lat' dir='ltr'><strong>ros,</strong></span> <span class='ocrx_word' id='word_1_243' title='bbox 3364 716 3422 752; x_wconf 82' lang='lat' dir='ltr'><strong>os</strong></span> <span class='ocrx_word' id='word_1_244' title='bbox 3460 715 3665 763; x_wconf 80' lang='lat' dir='ltr'><strong>meum,</strong></span> <span class='ocrx_word' id='word_1_245' title='bbox 3697 709 3747 752; x_wconf 87' lang='lat' dir='ltr'><strong>et</strong></span> <span class='ocrx_word' id='word_1_246' title='bbox 3789 716 3908 751; x_wconf 82' lang='lat' dir='ltr'><strong>raro</strong></span> <span class='ocrx_word' id='word_1_247' title='bbox 3929 717 4027 753; x_wconf 78' lang='lat' dir='ltr'><strong>mea</strong></span> 
     </span>
    </p>
   </div>
   <div class='ocr_carea' id='block_1_36' title="bbox 2446 792 4027 865">
    <p class='ocr_par' dir='ltr' id='par_1_36' title="bbox 2446 792 4027 865">
     <span class='ocr_line' id='line_1_36' title="bbox 2446 792 4027 865; baseline 0.002 -20"><span class='ocrx_word' id='word_1_248' title='bbox 2446 807 2558 856; x_wconf 72' lang='lat' dir='ltr'><strong>eos,</strong></span> <span class='ocrx_word' id='word_1_249' title='bbox 2594 809 2688 847; x_wconf 82' lang='lat' dir='ltr'><strong>cur</strong></span> <span class='ocrx_word' id='word_1_250' title='bbox 2726 794 2993 848; x_wconf 72' lang='lat' dir='ltr'><strong>novissimi</strong></span> <span class='ocrx_word' id='word_1_251' title='bbox 3043 795 3291 849; x_wconf 76' lang='lat' dir='ltr'><strong>reducitis</strong></span> <span class='ocrx_word' id='word_1_252' title='bbox 3343 810 3520 865; x_wconf 82' lang='lat' dir='ltr'><strong>regem</strong></span> <span class='ocrx_word' id='word_1_253' title='bbox 3562 792 3807 860; x_wconf 71' lang='lat' dir='ltr'><strong>(IbidJ?</strong></span> <span class='ocrx_word' id='word_1_254' title='bbox 3836 792 3897 846; x_wconf 81' lang='lat' dir='ltr'><strong>Et</strong></span> <span class='ocrx_word' id='word_1_255' title='bbox 3943 810 4027 862; x_wconf 81' lang='lat' dir='ltr'><strong>per</strong></span> 
     </span>
    </p>
   </div>
   <div class='ocr_carea' id='block_1_37' title="bbox 2447 884 4020 956">
    <p class='ocr_par' dir='ltr' id='par_1_37' title="bbox 2447 884 4020 956">
     <span class='ocr_line' id='line_1_37' title="bbox 2447 884 4020 956; baseline 0.001 -16"><span class='ocrx_word' id='word_1_256' title='bbox 2447 898 2512 940; x_wconf 84' lang='lat' dir='ltr'><strong>ea</strong></span> <span class='ocrx_word' id='word_1_257' title='bbox 2542 884 2949 956; x_wconf 87' lang='lat' dir='ltr'><strong>intelligendum</strong></span> <span class='ocrx_word' id='word_1_258' title='bbox 2977 898 3061 941; x_wconf 89' lang='lat' dir='ltr'><strong>est</strong></span> <span class='ocrx_word' id='word_1_259' title='bbox 3095 898 3139 951; x_wconf 75' lang='grc' dir='ltr'><strong>ε,</strong></span> <span class='ocrx_word' id='word_1_260' title='bbox 3168 886 3461 942; x_wconf 81' lang='lat' dir='ltr'><strong>mandasse</strong></span> <span class='ocrx_word' id='word_1_261' title='bbox 3496 887 3609 942; x_wconf 88' lang='lat' dir='ltr'><strong>illis</strong></span> <span class='ocrx_word' id='word_1_262' title='bbox 3655 887 3812 956; x_wconf 86' lang='lat' dir='ltr'><strong>quod</strong></span> <span class='ocrx_word' id='word_1_263' title='bbox 3858 902 4020 941; x_wconf 74' lang='lat' dir='ltr'><strong>seruio</strong></span> 
     </span>
    </p>
   </div>
   <div class='ocr_carea' id='block_1_38' title="bbox 2449 978 4025 1051">
    <p class='ocr_par' dir='ltr' id='par_1_38' title="bbox 2449 978 4025 1051">
     <span class='ocr_line' id='line_1_38' title="bbox 2449 978 4025 1051; baseline -0.002 -15"><span class='ocrx_word' id='word_1_264' title='bbox 2449 978 2627 1036; x_wconf 84' lang='lat' dir='ltr'><strong>omnis</strong></span> <span class='ocrx_word' id='word_1_265' title='bbox 2650 979 2816 1036; x_wconf 78' lang='lat' dir='ltr'><strong>Israel</strong></span> <span class='ocrx_word' id='word_1_266' title='bbox 2840 982 2905 1035; x_wconf 90' lang='lat' dir='ltr'><strong>ad</strong></span> <span class='ocrx_word' id='word_1_267' title='bbox 2928 997 3051 1036; x_wconf 87' lang='lat' dir='ltr'><strong>eum</strong></span> <span class='ocrx_word' id='word_1_268' title='bbox 3097 981 3212 1051; x_wconf 86' lang='lat' dir='ltr'><strong>jam</strong></span> <span class='ocrx_word' id='word_1_269' title='bbox 3270 982 3647 1048; x_wconf 78' lang='lat' dir='ltr'><strong>pervenisset,</strong></span> <span class='ocrx_word' id='word_1_270' title='bbox 3711 980 3788 1034; x_wconf 90' lang='lat' dir='ltr'><strong>ita</strong></span> <span class='ocrx_word' id='word_1_271' title='bbox 3822 980 4025 1036; x_wconf 86' lang='lat' dir='ltr'><strong>dicens:</strong></span> 
     </span>
    </p>
   </div>
   <div class='ocr_carea' id='block_1_39' title="bbox 2456 1071 4021 1143">
    <p class='ocr_par' dir='ltr' id='par_1_39' title="bbox 2456 1071 4021 1143">
     <span class='ocr_line' id='line_1_39' title="bbox 2456 1071 4021 1143; baseline 0.002 -19"><span class='ocrx_word' id='word_1_272' title='bbox 2456 1090 2475 1124; x_wconf 83' lang='lat' dir='ltr'><strong>t</strong></span> <span class='ocrx_word' id='word_1_273' title='bbox 2508 1071 2703 1129; x_wconf 85' lang='lat' dir='ltr'><strong>Sermo</strong></span> <span class='ocrx_word' id='word_1_274' title='bbox 2734 1082 2914 1128; x_wconf 85' lang='lat' dir='ltr'><strong>autem</strong></span> <span class='ocrx_word' id='word_1_275' title='bbox 2956 1076 3132 1128; x_wconf 88' lang='lat' dir='ltr'><strong>omnis</strong></span> <span class='ocrx_word' id='word_1_276' title='bbox 3169 1073 3335 1128; x_wconf 82' lang='lat' dir='ltr'><strong>Israel</strong></span> <span class='ocrx_word' id='word_1_277' title='bbox 3387 1072 3647 1143; x_wconf 78' lang='lat' dir='ltr'><strong>pervenit</strong></span> <span class='ocrx_word' id='word_1_278' title='bbox 3683 1073 3754 1126; x_wconf 89' lang='lat' dir='ltr'><strong>ad</strong></span> <span class='ocrx_word' id='word_1_279' title='bbox 3784 1087 3955 1141; x_wconf 83' lang='lat' dir='ltr'><strong>regem</strong></span> <span class='ocrx_word' id='word_1_280' title='bbox 3976 1074 4021 1127; x_wconf 89' lang='lat' dir='ltr'><strong>iu</strong></span> 
     </span>
    </p>
   </div>
   <div class='ocr_carea' id='block_1_40' title="bbox 2451 1166 2842 1238">
    <p class='ocr_par' dir='ltr' id='par_1_40' title="bbox 2451 1166 2842 1238">
     <span class='ocr_line' id='line_1_40' title="bbox 2451 1166 2842 1238; baseline -0.01 -15"><span class='ocrx_word' id='word_1_281' title='bbox 2451 1166 2613 1223; x_wconf 88' lang='lat' dir='ltr'><strong>domo</strong></span> <span class='ocrx_word' id='word_1_282' title='bbox 2647 1168 2787 1238; x_wconf 78' lang='lat' dir='ltr'><strong>eius.</strong></span> <span class='ocrx_word' id='word_1_283' title='bbox 2824 1186 2842 1219; x_wconf 80' lang='grc' dir='ltr'><strong>ι</strong></span> 
     </span>
    </p>
   </div>
   <div class='ocr_carea' id='block_1_41' title="bbox 2523 1255 4027 1334">
    <p class='ocr_par' dir='ltr' id='par_1_41' title="bbox 2523 1255 4027 1334">
     <span class='ocr_line' id='line_1_41' title="bbox 2523 1255 4027 1334; baseline -0.003 -18"><span class='ocrx_word' id='word_1_284' title='bbox 2523 1262 2711 1333; x_wconf 63' lang='lat' dir='ltr'><strong>(llud)</strong></span> <span class='ocrx_word' id='word_1_285' title='bbox 2769 1282 2785 1315; x_wconf 87' lang='lat' dir='ltr'><strong>t</strong></span> <span class='ocrx_word' id='word_1_286' title='bbox 2821 1260 3019 1317; x_wconf 86' lang='lat' dir='ltr'><strong>Durius</strong></span> <span class='ocrx_word' id='word_1_287' title='bbox 3070 1272 3253 1317; x_wconf 89' lang='lat' dir='ltr'><strong>autem</strong></span> <span class='ocrx_word' id='word_1_288' title='bbox 3298 1260 3716 1334; x_wconf 79' lang='lat' dir='ltr'><strong>responderunt</strong></span> <span class='ocrx_word' id='word_1_289' title='bbox 3773 1259 3875 1313; x_wconf 82' lang='lat' dir='ltr'><strong>viri</strong></span> <span class='ocrx_word' id='word_1_290' title='bbox 3909 1255 4027 1312; x_wconf 79' lang='lat' dir='ltr'><strong>Iuda</strong></span> 
     </span>
    </p>
   </div>
   <div class='ocr_carea' id='block_1_42' title="bbox 2454 1352 4027 1411">
    <p class='ocr_par' dir='ltr' id='par_1_42' title="bbox 2454 1352 4027 1411">
     <span class='ocr_line' id='line_1_42' title="bbox 2454 1352 4027 1411; baseline -0.003 -2"><span class='ocrx_word' id='word_1_291' title='bbox 2454 1357 2586 1410; x_wconf 87' lang='lat' dir='ltr'><strong>viris</strong></span> <span class='ocrx_word' id='word_1_292' title='bbox 2617 1354 2806 1410; x_wconf 91' lang='lat' dir='ltr'><strong>Israel.</strong></span> <span class='ocrx_word' id='word_1_293' title='bbox 2849 1373 2867 1408; x_wconf 85' lang='grc' dir='ltr'><strong>ι</strong></span> <span class='ocrx_word' id='word_1_294' title='bbox 2903 1354 3079 1411; x_wconf 73' lang='lat' dir='ltr'><strong>Etltic</strong></span> <span class='ocrx_word' id='word_1_295' title='bbox 3137 1354 3384 1411; x_wconf 87' lang='lat' dir='ltr'><strong>delectus</strong></span> <span class='ocrx_word' id='word_1_296' title='bbox 3419 1366 3527 1411; x_wconf 87' lang='lat' dir='ltr'><strong>est.</strong></span> <span class='ocrx_word' id='word_1_297' title='bbox 3585 1355 3864 1410; x_wconf 74' lang='lat' dir='ltr'><strong>Dicuntur</strong></span> <span class='ocrx_word' id='word_1_298' title='bbox 3900 1352 4027 1406; x_wconf 87' lang='lat' dir='ltr'><strong>enim</strong></span> 
     </span>
    </p>
   </div>
   <div class='ocr_carea' id='block_1_43' title="bbox 2458 1445 4031 1518">
    <p class='ocr_par' dir='ltr' id='par_1_43' title="bbox 2458 1445 4031 1518">
     <span class='ocr_line' id='line_1_43' title="bbox 2458 1445 4031 1518; baseline -0.004 -15"><span class='ocrx_word' id='word_1_299' title='bbox 2458 1448 2806 1518; x_wconf 83' lang='lat' dir='ltr'><strong>respondisse</strong></span> <span class='ocrx_word' id='word_1_300' title='bbox 2837 1449 2937 1501; x_wconf 83' lang='lat' dir='ltr'><strong>viri</strong></span> <span class='ocrx_word' id='word_1_301' title='bbox 2961 1448 3096 1503; x_wconf 78' lang='lat' dir='ltr'><strong>Iuda</strong></span> <span class='ocrx_word' id='word_1_302' title='bbox 3121 1449 3187 1504; x_wconf 88' lang='lat' dir='ltr'><strong>ad</strong></span> <span class='ocrx_word' id='word_1_303' title='bbox 3218 1449 3363 1502; x_wconf 84' lang='lat' dir='ltr'><strong>viros</strong></span> <span class='ocrx_word' id='word_1_304' title='bbox 3390 1447 3559 1503; x_wconf 81' lang='lat' dir='ltr'><strong>Israel</strong></span> <span class='ocrx_word' id='word_1_305' title='bbox 3585 1466 3599 1500; x_wconf 90' lang='lat'><strong>:</strong></span> <span class='ocrx_word' id='word_1_306' title='bbox 3631 1463 3702 1500; x_wconf 84' lang='lat' dir='ltr'><strong>eo</strong></span> <span class='ocrx_word' id='word_1_307' title='bbox 3724 1445 3870 1515; x_wconf 82' lang='lat' dir='ltr'><strong>quod</strong></span> <span class='ocrx_word' id='word_1_308' title='bbox 3902 1461 4031 1498; x_wconf 82' lang='lat' dir='ltr'><strong>taen-</strong></span> 
     </span>
    </p>
   </div>
   <div class='ocr_carea' id='block_1_44' title="bbox 2460 1539 4032 1608">
    <p class='ocr_par' dir='ltr' id='par_1_44' title="bbox 2460 1539 4032 1608">
     <span class='ocr_line' id='line_1_44' title="bbox 2460 1539 4032 1608; baseline -0.003 -11"><span class='ocrx_word' id='word_1_309' title='bbox 2460 1546 2716 1607; x_wconf 87' lang='lat' dir='ltr'><strong>tirentur,</strong></span> <span class='ocrx_word' id='word_1_310' title='bbox 2749 1549 2804 1595; x_wconf 84' lang='lat' dir='ltr'><strong>et</strong></span> <span class='ocrx_word' id='word_1_311' title='bbox 2828 1556 2935 1597; x_wconf 94' lang='lat' dir='ltr'><strong>non</strong></span> <span class='ocrx_word' id='word_1_312' title='bbox 2961 1541 3200 1596; x_wconf 82' lang='lat' dir='ltr'><strong>lacerent</strong></span> <span class='ocrx_word' id='word_1_313' title='bbox 3219 1543 3321 1597; x_wconf 76' lang='lat' dir='ltr'><strong>hoc</strong></span> <span class='ocrx_word' id='word_1_314' title='bbox 3344 1542 3417 1597; x_wconf 90' lang='lat' dir='ltr'><strong>ob</strong></span> <span class='ocrx_word' id='word_1_315' title='bbox 3438 1557 3692 1597; x_wconf 87' lang='lat' dir='ltr'><strong>amorem</strong></span> <span class='ocrx_word' id='word_1_316' title='bbox 3717 1541 3881 1608; x_wconf 79' lang='lat' dir='ltr'><strong>regis,</strong></span> <span class='ocrx_word' id='word_1_317' title='bbox 3908 1539 4032 1593; x_wconf 74' lang='lat' dir='ltr'><strong>sicut</strong></span> 
     </span>
    </p>
   </div>
   <div class='ocr_carea' id='block_1_45' title="bbox 2459 1636 2799 1691">
    <p class='ocr_par' dir='ltr' id='par_1_45' title="bbox 2459 1636 2799 1691">
     <span class='ocr_line' id='line_1_45' title="bbox 2459 1636 2799 1691; baseline 0.003 -2"><span class='ocrx_word' id='word_1_318' title='bbox 2459 1636 2799 1691; x_wconf 82' lang='lat' dir='ltr'><strong>asserebant.</strong></span> 
     </span>
    </p>
   </div>
   <div class='ocr_carea' id='block_1_46' title="bbox 2528 1724 4032 1797">
    <p class='ocr_par' dir='ltr' id='par_1_46' title="bbox 2528 1724 4032 1797">
     <span class='ocr_line' id='line_1_46' title="bbox 2528 1724 4032 1797; baseline -0.003 -16"><span class='ocrx_word' id='word_1_319' title='bbox 2528 1726 2686 1796; x_wconf 85' lang='lat' dir='ltr'><strong>(Cap.</strong></span> <span class='ocrx_word' id='word_1_320' title='bbox 2718 1726 2835 1784; x_wconf 80' lang='lat' dir='ltr'><strong>XX.</strong></span> <span class='ocrx_word' id='word_1_321' title='bbox 2866 1755 2938 1769; x_wconf 90' lang='lat'><strong>—-</strong></span> <span class='ocrx_word' id='word_1_322' title='bbox 2972 1727 3125 1783; x_wconf 82' lang='lat' dir='ltr'><strong>Vers.</strong></span> <span class='ocrx_word' id='word_1_323' title='bbox 3157 1727 3237 1797; x_wconf 90' lang='lat' dir='ltr'><strong>l.)</strong></span> <span class='ocrx_word' id='word_1_324' title='bbox 3268 1746 3287 1779; x_wconf 80' lang='grc' dir='ltr'><strong>ι</strong></span> <span class='ocrx_word' id='word_1_325' title='bbox 3324 1726 3429 1782; x_wconf 87' lang='lat' dir='ltr'><strong>Pro</strong></span> <span class='ocrx_word' id='word_1_326' title='bbox 3464 1724 3677 1797; x_wconf 80' lang='lat' dir='ltr'><strong>quibus</strong></span> <span class='ocrx_word' id='word_1_327' title='bbox 3710 1726 3892 1779; x_wconf 79' lang='lat' dir='ltr'><strong>verbis</strong></span> <span class='ocrx_word' id='word_1_328' title='bbox 3920 1724 4032 1779; x_wconf 88' lang='lat' dir='ltr'><strong>Siba</strong></span> 
     </span>
    </p>
   </div>
   <div class='ocr_carea' id='block_1_47' title="bbox 2460 1816 4031 1883">
    <p class='ocr_par' dir='ltr' id='par_1_47' title="bbox 2460 1816 4031 1883">
     <span class='ocr_line' id='line_1_47' title="bbox 2460 1816 4031 1883; baseline 0 -12"><span class='ocrx_word' id='word_1_329' title='bbox 2460 1816 2603 1873; x_wconf 86' lang='lat' dir='ltr'><strong>Illius</strong></span> <span class='ocrx_word' id='word_1_330' title='bbox 2630 1816 2813 1883; x_wconf 87' lang='lat' dir='ltr'><strong>Bocri,</strong></span> <span class='ocrx_word' id='word_1_331' title='bbox 2848 1817 2930 1873; x_wconf 88' lang='lat' dir='ltr'><strong>vir</strong></span> <span class='ocrx_word' id='word_1_332' title='bbox 2974 1817 3281 1882; x_wconf 71' lang='lat' dir='ltr'><strong>Jemineus,</strong></span> <span class='ocrx_word' id='word_1_333' title='bbox 3312 1817 3517 1872; x_wconf 83' lang='lat' dir='ltr'><strong>cecinit</strong></span> <span class='ocrx_word' id='word_1_334' title='bbox 3546 1816 3813 1878; x_wconf 86' lang='lat' dir='ltr'><strong>buccina,</strong></span> <span class='ocrx_word' id='word_1_335' title='bbox 3849 1824 3901 1870; x_wconf 86' lang='lat' dir='ltr'><strong>et</strong></span> <span class='ocrx_word' id='word_1_336' title='bbox 3935 1817 4031 1871; x_wconf 86' lang='lat' dir='ltr'><strong>ait:</strong></span> 
     </span>
    </p>
   </div>
   <div class='ocr_carea' id='block_1_48' title="bbox 2454 1910 4033 1983">
    <p class='ocr_par' dir='ltr' id='par_1_48' title="bbox 2454 1910 4033 1983">
     <span class='ocr_line' id='line_1_48' title="bbox 2454 1910 4033 1983; baseline -0.003 -16"><span class='ocrx_word' id='word_1_337' title='bbox 2454 1912 2570 1967; x_wconf 80' lang='lat' dir='ltr'><strong>Non</strong></span> <span class='ocrx_word' id='word_1_338' title='bbox 2600 1921 2685 1968; x_wconf 90' lang='lat' dir='ltr'><strong>est</strong></span> <span class='ocrx_word' id='word_1_339' title='bbox 2716 1912 2873 1967; x_wconf 84' lang='lat' dir='ltr'><strong>nobis</strong></span> <span class='ocrx_word' id='word_1_340' title='bbox 2922 1926 3051 1983; x_wconf 88' lang='lat' dir='ltr'><strong>pars</strong></span> <span class='ocrx_word' id='word_1_341' title='bbox 3099 1911 3152 1966; x_wconf 91' lang='lat' dir='ltr'><strong>in</strong></span> <span class='ocrx_word' id='word_1_342' title='bbox 3215 1910 3407 1974; x_wconf 83' lang='lat' dir='ltr'><strong>David,</strong></span> <span class='ocrx_word' id='word_1_343' title='bbox 3442 1925 3631 1981; x_wconf 89' lang='lat' dir='ltr'><strong>neque</strong></span> <span class='ocrx_word' id='word_1_344' title='bbox 3670 1910 3959 1965; x_wconf 67' lang='lat' dir='ltr'><strong>haereditas</strong></span> <span class='ocrx_word' id='word_1_345' title='bbox 3983 1910 4033 1963; x_wconf 87' lang='lat' dir='ltr'><strong>in</strong></span> 
     </span>
    </p>
   </div>
   <div class='ocr_carea' id='block_1_49' title="bbox 2454 2003 4011 2071">
    <p class='ocr_par' dir='ltr' id='par_1_49' title="bbox 2454 2003 4011 2071">
     <span class='ocr_line' id='line_1_49' title="bbox 2454 2003 4011 2071; baseline -0.003 -10"><span class='ocrx_word' id='word_1_346' title='bbox 2454 2006 2563 2061; x_wconf 92' lang='lat' dir='ltr'><strong>lilio</strong></span> <span class='ocrx_word' id='word_1_347' title='bbox 2592 2007 2714 2061; x_wconf 89' lang='lat' dir='ltr'><strong>Isai.</strong></span> <span class='ocrx_word' id='word_1_348' title='bbox 2754 2025 2773 2058; x_wconf 80' lang='grc' dir='ltr'><strong>ι</strong></span> <span class='ocrx_word' id='word_1_349' title='bbox 2814 2004 2942 2060; x_wconf 90' lang='lat' dir='ltr'><strong>Ideo</strong></span> <span class='ocrx_word' id='word_1_350' title='bbox 2970 2005 3167 2059; x_wconf 82' lang='lat' dir='ltr'><strong>cecinit</strong></span> <span class='ocrx_word' id='word_1_351' title='bbox 3199 2004 3459 2068; x_wconf 86' lang='lat' dir='ltr'><strong>buccina,</strong></span> <span class='ocrx_word' id='word_1_352' title='bbox 3497 2013 3559 2057; x_wconf 91' lang='lat' dir='ltr'><strong>ut</strong></span> <span class='ocrx_word' id='word_1_353' title='bbox 3589 2003 3719 2071; x_wconf 75' lang='lat' dir='ltr'><strong>eius</strong></span> <span class='ocrx_word' id='word_1_354' title='bbox 3752 2004 3935 2058; x_wconf 87' lang='lat' dir='ltr'><strong>sonitu</strong></span> <span class='ocrx_word' id='word_1_355' title='bbox 3964 2013 4011 2056; x_wconf 88' lang='lat' dir='ltr'><strong>at</strong></span> 
     </span>
    </p>
   </div>
   <div class='ocr_carea' id='block_1_50' title="bbox 2451 2085 4033 2155">
    <p class='ocr_par' dir='ltr' id='par_1_50' title="bbox 2451 2085 4033 2155">
     <span class='ocr_line' id='line_1_50' title="bbox 2451 2085 4033 2155; baseline -0.001 -10"><span class='ocrx_word' id='word_1_356' title='bbox 2451 2090 2611 2145; x_wconf 89' lang='lat' dir='ltr'><strong>touiti</strong></span> <span class='ocrx_word' id='word_1_357' title='bbox 2649 2098 2912 2145; x_wconf 88' lang='lat' dir='ltr'><strong>tacerent.</strong></span> <span class='ocrx_word' id='word_1_358' title='bbox 2943 2088 3157 2155; x_wconf 81' lang='lat' dir='ltr'><strong>Quibus</strong></span> <span class='ocrx_word' id='word_1_359' title='bbox 3214 2089 3549 2154; x_wconf 84' lang='lat' dir='ltr'><strong>tacentibus,</strong></span> <span class='ocrx_word' id='word_1_360' title='bbox 3607 2089 3790 2143; x_wconf 76' lang='lat' dir='ltr'><strong>dixit:</strong></span> <span class='ocrx_word' id='word_1_361' title='bbox 3859 2106 3877 2140; x_wconf 83' lang='lat' dir='ltr'><strong>t</strong></span> <span class='ocrx_word' id='word_1_362' title='bbox 3925 2085 4033 2143; x_wconf 78' lang='lat' dir='ltr'><strong>Non</strong></span> 
     </span>
    </p>
   </div>
   <div class='ocr_carea' id='block_1_51' title="bbox 2450 2178 4034 2252">
    <p class='ocr_par' dir='ltr' id='par_1_51' title="bbox 2450 2178 4034 2252">
     <span class='ocr_line' id='line_1_51' title="bbox 2450 2178 4034 2252; baseline -0.002 -17"><span class='ocrx_word' id='word_1_363' title='bbox 2450 2192 2535 2238; x_wconf 82' lang='lat' dir='ltr'><strong>est</strong></span> <span class='ocrx_word' id='word_1_364' title='bbox 2588 2181 2747 2237; x_wconf 91' lang='lat' dir='ltr'><strong>nobis</strong></span> <span class='ocrx_word' id='word_1_365' title='bbox 2806 2196 2933 2252; x_wconf 87' lang='lat' dir='ltr'><strong>pars</strong></span> <span class='ocrx_word' id='word_1_366' title='bbox 2971 2180 3027 2236; x_wconf 90' lang='lat' dir='ltr'><strong>In</strong></span> <span class='ocrx_word' id='word_1_367' title='bbox 3080 2179 3478 2251; x_wconf 76' lang='lat' dir='ltr'><strong>David,neque</strong></span> <span class='ocrx_word' id='word_1_368' title='bbox 3526 2178 3906 2233; x_wconf 72' lang='lat' dir='ltr'><strong>bmreditasin</strong></span> <span class='ocrx_word' id='word_1_369' title='bbox 3936 2178 4034 2232; x_wconf 89' lang='lat' dir='ltr'><strong>lilio</strong></span> 
     </span>
    </p>
   </div>
   <div class='ocr_carea' id='block_1_52' title="bbox 2453 2274 2636 2330">
    <p class='ocr_par' dir='ltr' id='par_1_52' title="bbox 2453 2274 2636 2330">
     <span class='ocr_line' id='line_1_52' title="bbox 2453 2274 2636 2330; baseline -0.005 -2"><span class='ocrx_word' id='word_1_370' title='bbox 2453 2274 2577 2330; x_wconf 81' lang='lat' dir='ltr'><strong>IsaI.</strong></span> <span class='ocrx_word' id='word_1_371' title='bbox 2620 2295 2636 2327; x_wconf 81' lang='grc' dir='ltr'><strong>ι</strong></span> 
     </span>
    </p>
   </div>
   <div class='ocr_carea' id='block_1_53' title="bbox 2526 2365 4031 2438">
    <p class='ocr_par' dir='ltr' id='par_1_53' title="bbox 2526 2365 4031 2438">
     <span class='ocr_line' id='line_1_53' title="bbox 2526 2365 4031 2438; baseline -0.001 -17"><span class='ocrx_word' id='word_1_372' title='bbox 2526 2366 2706 2436; x_wconf 78' lang='lat' dir='ltr'><strong>(Vers.</strong></span> <span class='ocrx_word' id='word_1_373' title='bbox 2749 2369 2859 2438; x_wconf 80' lang='grc'><strong>18).</strong></span> <span class='ocrx_word' id='word_1_374' title='bbox 2902 2388 2917 2419; x_wconf 82' lang='grc' dir='ltr'><strong>ι</strong></span> <span class='ocrx_word' id='word_1_375' title='bbox 2955 2367 3152 2423; x_wconf 85' lang='lat' dir='ltr'><strong>Sermo</strong></span> <span class='ocrx_word' id='word_1_376' title='bbox 3176 2367 3377 2421; x_wconf 87' lang='lat' dir='ltr'><strong>dicitur</strong></span> <span class='ocrx_word' id='word_1_377' title='bbox 3404 2365 3458 2419; x_wconf 90' lang='lat' dir='ltr'><strong>in</strong></span> <span class='ocrx_word' id='word_1_378' title='bbox 3486 2366 3662 2421; x_wconf 83' lang='lat' dir='ltr'><strong>veteri</strong></span> <span class='ocrx_word' id='word_1_379' title='bbox 3713 2367 4031 2437; x_wconf 77' lang='lat' dir='ltr'><strong>proverbio:</strong></span> 
     </span>
    </p>
   </div>
   <div class='ocr_carea' id='block_1_54' title="bbox 2452 2458 4035 2529">
    <p class='ocr_par' dir='ltr' id='par_1_54' title="bbox 2452 2458 4035 2529">
     <span class='ocr_line' id='line_1_54' title="bbox 2452 2458 4035 2529; baseline 0.001 -18"><span class='ocrx_word' id='word_1_380' title='bbox 2452 2462 2553 2525; x_wconf 82' lang='lat' dir='ltr'><strong>Qui</strong></span> <span class='ocrx_word' id='word_1_381' title='bbox 2581 2462 2941 2529; x_wconf 71' lang='lat' dir='ltr'><strong>Inlrrrnganl,</strong></span> <span class='ocrx_word' id='word_1_382' title='bbox 3001 2459 3337 2527; x_wconf 78' lang='lat' dir='ltr'><strong>interrogent</strong></span> <span class='ocrx_word' id='word_1_383' title='bbox 3379 2458 3433 2512; x_wconf 91' lang='lat' dir='ltr'><strong>in</strong></span> <span class='ocrx_word' id='word_1_384' title='bbox 3480 2459 3677 2520; x_wconf 77' lang='lat' dir='ltr'><strong>Abela,</strong></span> <span class='ocrx_word' id='word_1_385' title='bbox 3714 2467 3770 2511; x_wconf 86' lang='lat' dir='ltr'><strong>et</strong></span> <span class='ocrx_word' id='word_1_386' title='bbox 3799 2459 3884 2513; x_wconf 88' lang='lat' dir='ltr'><strong>sic</strong></span> <span class='ocrx_word' id='word_1_387' title='bbox 3930 2474 4035 2528; x_wconf 83' lang='lat' dir='ltr'><strong>per-</strong></span> 
     </span>
    </p>
   </div>
   <div class='ocr_carea' id='block_1_55' title="bbox 2454 2548 4028 2623">
    <p class='ocr_par' dir='ltr' id='par_1_55' title="bbox 2454 2548 4028 2623">
     <span class='ocr_line' id='line_1_55' title="bbox 2454 2548 4028 2623; baseline -0.003 -15"><span class='ocrx_word' id='word_1_388' title='bbox 2454 2553 2637 2608; x_wconf 80' lang='lat' dir='ltr'><strong>li.ient</strong></span> <span class='ocrx_word' id='word_1_389' title='bbox 2666 2550 2778 2623; x_wconf 76' lang='grc' dir='ltr'><strong>[ΑΙ.</strong></span> <span class='ocrx_word' id='word_1_390' title='bbox 2812 2548 3144 2622; x_wconf 75' lang='lat' dir='ltr'><strong>proﬁcient.]</strong></span> <span class='ocrx_word' id='word_1_391' title='bbox 3180 2570 3198 2602; x_wconf 80' lang='grc' dir='ltr'><strong>ι</strong></span> <span class='ocrx_word' id='word_1_392' title='bbox 3240 2552 3299 2604; x_wconf 84' lang='grc' dir='ltr'>Ιιι</span> <span class='ocrx_word' id='word_1_393' title='bbox 3332 2548 3563 2605; x_wconf 69' lang='lat' dir='ltr'><strong>Hebraeo</strong></span> <span class='ocrx_word' id='word_1_394' title='bbox 3610 2565 3728 2605; x_wconf 85' lang='lat' dir='ltr'><strong>non</strong></span> <span class='ocrx_word' id='word_1_395' title='bbox 3790 2550 4028 2611; x_wconf 82' lang='lat' dir='ltr'><strong>habetur.</strong></span> 
     </span>
    </p>
   </div>
   <div class='ocr_carea' id='block_1_56' title="bbox 2453 2643 4035 2716">
    <p class='ocr_par' dir='ltr' id='par_1_56' title="bbox 2453 2643 4035 2716">
     <span class='ocr_line' id='line_1_56' title="bbox 2453 2643 4035 2716; baseline -0.003 -17"><span class='ocrx_word' id='word_1_396' title='bbox 2453 2648 2744 2716; x_wconf 72' lang='lat' dir='ltr'><strong>prouerbio.</strong></span> <span class='ocrx_word' id='word_1_397' title='bbox 2784 2645 2888 2701; x_wconf 88' lang='lat' dir='ltr'><strong>Iste</strong></span> <span class='ocrx_word' id='word_1_398' title='bbox 2921 2658 3124 2708; x_wconf 85' lang='lat' dir='ltr'><strong>sermo,</strong></span> <span class='ocrx_word' id='word_1_399' title='bbox 3151 2659 3334 2699; x_wconf 87' lang='lat' dir='ltr'><strong>sermo</strong></span> <span class='ocrx_word' id='word_1_400' title='bbox 3365 2643 3503 2713; x_wconf 88' lang='lat' dir='ltr'><strong>legis</strong></span> <span class='ocrx_word' id='word_1_401' title='bbox 3563 2654 3676 2705; x_wconf 87' lang='lat' dir='ltr'><strong>est,</strong></span> <span class='ocrx_word' id='word_1_402' title='bbox 3729 2643 3785 2698; x_wconf 92' lang='lat' dir='ltr'><strong>in</strong></span> <span class='ocrx_word' id='word_1_403' title='bbox 3828 2658 3934 2713; x_wconf 86' lang='lat' dir='ltr'><strong>qua</strong></span> <span class='ocrx_word' id='word_1_404' title='bbox 3958 2644 4035 2713; x_wconf 84' lang='lat' dir='ltr'><strong>ju-</strong></span> 
     </span>
    </p>
   </div>
   <div class='ocr_carea' id='block_1_57' title="bbox 2456 2736 4037 2808">
    <p class='ocr_par' dir='ltr' id='par_1_57' title="bbox 2456 2736 4037 2808">
     <span class='ocr_line' id='line_1_57' title="bbox 2456 2736 4037 2808; baseline -0.004 -14"><span class='ocrx_word' id='word_1_405' title='bbox 2456 2740 2614 2794; x_wconf 89' lang='lat' dir='ltr'><strong>betur</strong></span> <span class='ocrx_word' id='word_1_406' title='bbox 2653 2753 2681 2792; x_wconf 92' lang='lat' dir='ltr'><strong>a</strong></span> <span class='ocrx_word' id='word_1_407' title='bbox 2718 2737 2949 2793; x_wconf 88' lang='lat' dir='ltr'><strong>Domino</strong></span> <span class='ocrx_word' id='word_1_408' title='bbox 3000 2751 3097 2807; x_wconf 89' lang='lat' dir='ltr'><strong>per</strong></span> <span class='ocrx_word' id='word_1_409' title='bbox 3144 2736 3368 2808; x_wconf 78' lang='lat' dir='ltr'><strong>Moysen</strong></span> <span class='ocrx_word' id='word_1_410' title='bbox 3426 2736 3613 2804; x_wconf 83' lang='lat' dir='ltr'><strong>(Deut.</strong></span> <span class='ocrx_word' id='word_1_411' title='bbox 3670 2738 3927 2806; x_wconf 75' lang='lat' dir='ltr'><strong>xx,l0),</strong></span> <span class='ocrx_word' id='word_1_412' title='bbox 3988 2746 4037 2789; x_wconf 91' lang='lat' dir='ltr'><strong>ut</strong></span> 
     </span>
    </p>
   </div>
   <div class='ocr_carea' id='block_1_58' title="bbox 2455 2827 4031 2899">
    <p class='ocr_par' dir='ltr' id='par_1_58' title="bbox 2455 2827 4031 2899">
     <span class='ocr_line' id='line_1_58' title="bbox 2455 2827 4031 2899; baseline -0.004 -13"><span class='ocrx_word' id='word_1_413' title='bbox 2455 2832 2672 2897; x_wconf 78' lang='lat' dir='ltr'><strong>quando</strong></span> <span class='ocrx_word' id='word_1_414' title='bbox 2701 2829 2728 2867; x_wconf 76' lang='grc' dir='ltr'><strong><em>ἀ</em></strong></span> <span class='ocrx_word' id='word_1_415' title='bbox 2796 2830 3101 2899; x_wconf 79' lang='lat' dir='ltr'><strong>ingressuri</strong></span> <span class='ocrx_word' id='word_1_416' title='bbox 3147 2839 3347 2884; x_wconf 87' lang='lat' dir='ltr'><strong>terram</strong></span> <span class='ocrx_word' id='word_1_417' title='bbox 3397 2827 3667 2883; x_wconf 83' lang='lat' dir='ltr'><strong>Chanaan</strong></span> <span class='ocrx_word' id='word_1_418' title='bbox 3716 2842 3929 2893; x_wconf 83' lang='lat' dir='ltr'><strong>essent,</strong></span> <span class='ocrx_word' id='word_1_419' title='bbox 3984 2838 4031 2880; x_wconf 84' lang='lat' dir='ltr'><strong>et</strong></span> 
     </span>
    </p>
   </div>
   <div class='ocr_carea' id='block_1_59' title="bbox 2454 2919 4033 2992">
    <p class='ocr_par' dir='ltr' id='par_1_59' title="bbox 2454 2919 4033 2992">
     <span class='ocr_line' id='line_1_59' title="bbox 2454 2919 4033 2992; baseline -0.002 -15"><span class='ocrx_word' id='word_1_420' title='bbox 2454 2932 2643 2992; x_wconf 79' lang='lat' dir='ltr'><strong>gentes</strong></span> <span class='ocrx_word' id='word_1_421' title='bbox 2672 2922 2933 2984; x_wconf 82' lang='lat' dir='ltr'><strong>deleturi,</strong></span> <span class='ocrx_word' id='word_1_422' title='bbox 2966 2920 3203 2991; x_wconf 83' lang='lat' dir='ltr'><strong>primum</strong></span> <span class='ocrx_word' id='word_1_423' title='bbox 3230 2935 3419 2989; x_wconf 87' lang='lat' dir='ltr'><strong>pacem</strong></span> <span class='ocrx_word' id='word_1_424' title='bbox 3454 2919 3762 2975; x_wconf 66' lang='lat' dir='ltr'><strong>offerrent:</strong></span> <span class='ocrx_word' id='word_1_425' title='bbox 3796 2930 3853 2975; x_wconf 89' lang='lat' dir='ltr'><strong>et</strong></span> <span class='ocrx_word' id='word_1_426' title='bbox 3880 2921 3923 2975; x_wconf 89' lang='lat' dir='ltr'><strong>si</strong></span> <span class='ocrx_word' id='word_1_427' title='bbox 3944 2936 4033 2991; x_wconf 82' lang='lat' dir='ltr'><strong>pas</strong></span> 
     </span>
    </p>
   </div>
   <div class='ocr_carea' id='block_1_60' title="bbox 2454 3012 4033 3083">
    <p class='ocr_par' dir='ltr' id='par_1_60' title="bbox 2454 3012 4033 3083">
     <span class='ocr_line' id='line_1_60' title="bbox 2454 3012 4033 3083; baseline -0.004 -12"><span class='ocrx_word' id='word_1_428' title='bbox 2454 3016 2524 3071; x_wconf 82' lang='lat' dir='ltr'><strong>ab</strong></span> <span class='ocrx_word' id='word_1_429' title='bbox 2556 3016 2640 3071; x_wconf 88' lang='lat' dir='ltr'><strong>eis</strong></span> <span class='ocrx_word' id='word_1_430' title='bbox 2685 3016 3043 3083; x_wconf 76' lang='lat' dir='ltr'><strong>reciperetur,</strong></span> <span class='ocrx_word' id='word_1_431' title='bbox 3107 3028 3293 3083; x_wconf 84' lang='lat' dir='ltr'><strong>pacem</strong></span> <span class='ocrx_word' id='word_1_432' title='bbox 3357 3014 3714 3083; x_wconf 67' lang='lat' dir='ltr'><strong>recipientes,</strong></span> <span class='ocrx_word' id='word_1_433' title='bbox 3776 3012 4033 3068; x_wconf 84' lang='lat' dir='ltr'><strong>tributarii</strong></span> 
     </span>
    </p>
   </div>
   <div class='ocr_carea' id='block_1_61' title="bbox 2454 3105 4034 3175">
    <p class='ocr_par' dir='ltr' id='par_1_61' title="bbox 2454 3105 4034 3175">
     <span class='ocr_line' id='line_1_61' title="bbox 2454 3105 4034 3175; baseline -0.004 -13"><span class='ocrx_word' id='word_1_434' title='bbox 2454 3123 2642 3163; x_wconf 88' lang='lat' dir='ltr'><strong>eorum</strong></span> <span class='ocrx_word' id='word_1_435' title='bbox 2673 3107 3147 3162; x_wconf 78' lang='lat' dir='ltr'><strong>ellicercnturzet</strong></span> <span class='ocrx_word' id='word_1_436' title='bbox 3202 3105 3249 3159; x_wconf 95' lang='lat' dir='ltr'><strong>si</strong></span> <span class='ocrx_word' id='word_1_437' title='bbox 3296 3120 3487 3175; x_wconf 88' lang='lat' dir='ltr'><strong>pacem</strong></span> <span class='ocrx_word' id='word_1_438' title='bbox 3552 3121 3661 3159; x_wconf 91' lang='lat' dir='ltr'><strong>non</strong></span> <span class='ocrx_word' id='word_1_439' title='bbox 3718 3108 4034 3171; x_wconf 83' lang='lat' dir='ltr'><strong>reciperent,</strong></span> 
     </span>
    </p>
   </div>
   <div class='ocr_carea' id='block_1_62' title="bbox 777 3192 2352 3279">
    <p class='ocr_par' dir='ltr' id='par_1_62' title="bbox 777 3192 2350 3270">
     <span class='ocr_line' id='line_1_62' title="bbox 777 3192 2350 3270; baseline -0.011 -9"><span class='ocrx_word' id='word_1_440' title='bbox 777 3214 1065 3261; x_wconf 85' lang='lat' dir='ltr'><strong>currentes</strong></span> <span class='ocrx_word' id='word_1_441' title='bbox 1096 3204 1162 3257; x_wconf 92' lang='lat' dir='ltr'><strong>ad</strong></span> <span class='ocrx_word' id='word_1_442' title='bbox 1198 3218 1402 3270; x_wconf 77' lang='lat' dir='ltr'><strong>regem,</strong></span> <span class='ocrx_word' id='word_1_443' title='bbox 1460 3202 1714 3251; x_wconf 73' lang='grc' dir='ltr'>ιΙιιιίἰΗΙι</span> <span class='ocrx_word' id='word_1_444' title='bbox 1750 3197 1840 3250; x_wconf 84' lang='lat' dir='ltr'><strong>ei:</strong></span> <span class='ocrx_word' id='word_1_445' title='bbox 1876 3196 2055 3260; x_wconf 82' lang='lat' dir='ltr'><strong>Quare</strong></span> <span class='ocrx_word' id='word_1_446' title='bbox 2102 3203 2153 3247; x_wconf 88' lang='lat' dir='ltr'><strong>te</strong></span> <span class='ocrx_word' id='word_1_447' title='bbox 2189 3192 2350 3246; x_wconf 73' lang='lat' dir='ltr'><strong>iurati</strong></span> 
     </span>
    </p>
   </div>
   <div class='ocr_carea' id='block_1_63' title="bbox 2453 3192 4034 3279">
    <p class='ocr_par' dir='ltr' id='par_1_63' title="bbox 2460 3196 4034 3255">
     <span class='ocr_line' id='line_1_63' title="bbox 2460 3196 4034 3255; baseline 0 -1"><span class='ocrx_word' id='word_1_448' title='bbox 2460 3212 2591 3255; x_wconf 86' lang='lat' dir='ltr'><strong>tunc</strong></span> <span class='ocrx_word' id='word_1_449' title='bbox 2626 3216 2654 3253; x_wconf 89' lang='lat' dir='ltr'><strong>a</strong></span> <span class='ocrx_word' id='word_1_450' title='bbox 2684 3198 2815 3253; x_wconf 76' lang='lat' dir='ltr'><strong>filiis</strong></span> <span class='ocrx_word' id='word_1_451' title='bbox 2848 3198 3016 3253; x_wconf 88' lang='lat' dir='ltr'><strong>Israel</strong></span> <span class='ocrx_word' id='word_1_452' title='bbox 3066 3196 3405 3253; x_wconf 77' lang='lat' dir='ltr'><strong>delerentur.</strong></span> <span class='ocrx_word' id='word_1_453' title='bbox 3462 3198 3683 3253; x_wconf 86' lang='lat' dir='ltr'><strong>Idcirco</strong></span> <span class='ocrx_word' id='word_1_454' title='bbox 3710 3201 4034 3254; x_wconf 74' lang='lat' dir='ltr'><strong>exclatnasSr</strong></span> 
     </span>
    </p>
   </div>
   <div class='ocr_carea' id='block_1_64' title="bbox 779 3283 2353 3353">
    <p class='ocr_par' dir='ltr' id='par_1_64' title="bbox 779 3283 2353 3353">
     <span class='ocr_line' id='line_1_64' title="bbox 779 3283 2353 3353; baseline -0.01 -3"><span class='ocrx_word' id='word_1_455' title='bbox 779 3295 1135 3350; x_wconf 69' lang='lat' dir='ltr'><strong>suntlratres</strong></span> <span class='ocrx_word' id='word_1_456' title='bbox 1197 3290 1395 3353; x_wconf 68' lang='lat' dir='ltr'><strong>IlOalI‘I,</strong></span> <span class='ocrx_word' id='word_1_457' title='bbox 1429 3293 1527 3341; x_wconf 77' lang='lat' dir='ltr'><strong>viri</strong></span> <span class='ocrx_word' id='word_1_458' title='bbox 1584 3287 1747 3351; x_wconf 84' lang='lat' dir='ltr'><strong>.Iuda,</strong></span> <span class='ocrx_word' id='word_1_459' title='bbox 1816 3295 1869 3337; x_wconf 74' lang='lat' dir='ltr'><strong>et</strong></span> <span class='ocrx_word' id='word_1_460' title='bbox 1926 3283 2353 3337; x_wconf 74' lang='lat' dir='ltr'><strong>transduxerunt</strong></span> 
     </span>
    </p>
   </div>
   <div class='ocr_carea' id='block_1_65' title="bbox 780 3375 2353 3455">
    <p class='ocr_par' dir='ltr' id='par_1_65' title="bbox 780 3375 2353 3455">
     <span class='ocr_line' id='line_1_65' title="bbox 780 3375 2353 3455; baseline -0.007 -16"><span class='ocrx_word' id='word_1_461' title='bbox 780 3401 960 3455; x_wconf 66' lang='lat' dir='ltr'><strong>regem</strong></span> <span class='ocrx_word' id='word_1_462' title='bbox 991 3395 1045 3439; x_wconf 91' lang='lat' dir='ltr'><strong>et</strong></span> <span class='ocrx_word' id='word_1_463' title='bbox 1076 3386 1295 3438; x_wconf 90' lang='lat' dir='ltr'><strong>domum</strong></span> <span class='ocrx_word' id='word_1_464' title='bbox 1327 3383 1444 3452; x_wconf 73' lang='lat' dir='ltr'><strong>ejus</strong></span> <span class='ocrx_word' id='word_1_465' title='bbox 1472 3380 1789 3440; x_wconf 59' lang='lat' dir='ltr'><strong>Jorda‘nem.</strong></span> <span class='ocrx_word' id='word_1_466' title='bbox 1850 3392 2149 3444; x_wconf 80' lang='lat' dir='ltr'><strong>omnesque</strong></span> <span class='ocrx_word' id='word_1_467' title='bbox 2206 3375 2353 3428; x_wconf 73' lang='lat' dir='ltr'><strong>viros</strong></span> 
     </span>
    </p>
   </div>
   <div class='ocr_carea' id='block_1_66' title="bbox 790 3467 2351 3543">
    <p class='ocr_par' dir='ltr' id='par_1_66' title="bbox 790 3467 2351 3543">
     <span class='ocr_line' id='line_1_66' title="bbox 790 3467 2351 3543; baseline -0.009 -10"><span class='ocrx_word' id='word_1_468' title='bbox 790 3481 1103 3533; x_wconf 69' lang='lat' dir='ltr'><strong>Davidcum</strong></span> <span class='ocrx_word' id='word_1_469' title='bbox 1137 3476 1239 3531; x_wconf 87' lang='lat' dir='ltr'><strong>eo?</strong></span> <span class='ocrx_word' id='word_1_470' title='bbox 1271 3475 1333 3529; x_wconf 86' lang='lat' dir='ltr'><strong>Et</strong></span> <span class='ocrx_word' id='word_1_471' title='bbox 1399 3478 1677 3543; x_wconf 64' lang='lat' dir='ltr'><strong>respmdit</strong></span> <span class='ocrx_word' id='word_1_472' title='bbox 1725 3472 1904 3526; x_wconf 89' lang='lat' dir='ltr'><strong>ontuis</strong></span> <span class='ocrx_word' id='word_1_473' title='bbox 1966 3470 2046 3522; x_wconf 73' lang='lat' dir='ltr'><strong>vir</strong></span> <span class='ocrx_word' id='word_1_474' title='bbox 2097 3467 2233 3520; x_wconf 61' lang='lat' dir='ltr'><strong>Julia</strong></span> <span class='ocrx_word' id='word_1_475' title='bbox 2286 3467 2351 3519; x_wconf 84' lang='lat' dir='ltr'><strong>ad</strong></span> 
     </span>
    </p>
   </div>
   <div class='ocr_carea' id='block_1_67' title="bbox 781 3556 2353 3633">
    <p class='ocr_par' dir='ltr' id='par_1_67' title="bbox 781 3556 2353 3633">
     <span class='ocr_line' id='line_1_67' title="bbox 781 3556 2353 3633; baseline -0.01 -11"><span class='ocrx_word' id='word_1_476' title='bbox 781 3571 927 3625; x_wconf 81' lang='lat' dir='ltr'><strong>\iros</strong></span> <span class='ocrx_word' id='word_1_477' title='bbox 959 3569 1125 3622; x_wconf 83' lang='lat' dir='ltr'><strong>Israel</strong></span> <span class='ocrx_word' id='word_1_478' title='bbox 1156 3567 1340 3632; x_wconf 77' lang='lat' dir='ltr'><strong>:‘Quta</strong></span> <span class='ocrx_word' id='word_1_479' title='bbox 1367 3566 1587 3633; x_wconf 74' lang='lat' dir='ltr'><strong>propior</strong></span> <span class='ocrx_word' id='word_1_480' title='bbox 1618 3573 1697 3616; x_wconf 69' lang='lat' dir='ltr'><strong>(SI</strong></span> <span class='ocrx_word' id='word_1_481' title='bbox 1726 3560 1857 3613; x_wconf 79' lang='lat' dir='ltr'><strong>IIIIIII</strong></span> <span class='ocrx_word' id='word_1_482' title='bbox 1887 3576 1974 3611; x_wconf 72' lang='lat' dir='ltr'><strong>te:</strong></span> <span class='ocrx_word' id='word_1_483' title='bbox 2041 3578 2057 3607; x_wconf 79' lang='grc' dir='ltr'><strong>ι</strong></span> <span class='ocrx_word' id='word_1_484' title='bbox 2099 3556 2136 3608; x_wconf 77' lang='grc' dir='ltr'>Ε</span> <span class='ocrx_word' id='word_1_485' title='bbox 2172 3556 2353 3609; x_wconf 84' lang='lat' dir='ltr'><strong>tenim</strong></span> 
     </span>
    </p>
   </div>
   <div class='ocr_carea' id='block_1_68' title="bbox 783 3650 2356 3719">
    <p class='ocr_par' dir='ltr' id='par_1_68' title="bbox 783 3650 2356 3719">
     <span class='ocr_line' id='line_1_68' title="bbox 783 3650 2356 3719; baseline -0.011 -2"><span class='ocrx_word' id='word_1_486' title='bbox 783 3666 871 3717; x_wconf 72' lang='grc' dir='ltr'>ιιῖο</span> <span class='ocrx_word' id='word_1_487' title='bbox 917 3663 1163 3717; x_wconf 79' lang='lat' dir='ltr'><strong>delectus</strong></span> <span class='ocrx_word' id='word_1_488' title='bbox 1228 3669 1303 3719; x_wconf 82' lang='lat' dir='ltr'><strong>et,</strong></span> <span class='ocrx_word' id='word_1_489' title='bbox 1370 3657 1483 3710; x_wconf 71' lang='lat' dir='ltr'><strong>Iuro</strong></span> <span class='ocrx_word' id='word_1_490' title='bbox 1526 3654 1873 3708; x_wconf 76' lang='lat' dir='ltr'><strong>subatitlitio:</strong></span> <span class='ocrx_word' id='word_1_491' title='bbox 1922 3651 2027 3702; x_wconf 82' lang='grc' dir='ltr'>ιΕι</span> <span class='ocrx_word' id='word_1_492' title='bbox 2062 3650 2185 3719; x_wconf 80' lang='lat' dir='ltr'><strong>plus</strong></span> <span class='ocrx_word' id='word_1_493' title='bbox 2232 3664 2356 3701; x_wconf 78' lang='lat' dir='ltr'><strong>autc</strong></span> 
     </span>
    </p>
   </div>
   <div class='ocr_carea' id='block_1_69' title="bbox 782 3748 1858 3824">
    <p class='ocr_par' dir='ltr' id='par_1_69' title="bbox 782 3748 1858 3824">
     <span class='ocr_line' id='line_1_69' title="bbox 782 3748 1858 3824; baseline -0.014 -14"><span class='ocrx_word' id='word_1_494' title='bbox 782 3772 984 3824; x_wconf 77' lang='lat' dir='ltr'><strong>regem,</strong></span> <span class='ocrx_word' id='word_1_495' title='bbox 1013 3768 1174 3822; x_wconf 84' lang='lat' dir='ltr'><strong>quam</strong></span> <span class='ocrx_word' id='word_1_496' title='bbox 1209 3761 1287 3805; x_wconf 90' lang='lat' dir='ltr'><strong>tu.</strong></span> <span class='ocrx_word' id='word_1_497' title='bbox 1327 3768 1345 3800; x_wconf 75' lang='grc' dir='ltr'><strong>ι</strong></span> <span class='ocrx_word' id='word_1_498' title='bbox 1386 3748 1450 3801; x_wconf 82' lang='lat' dir='ltr'><strong>Et</strong></span> <span class='ocrx_word' id='word_1_499' title='bbox 1488 3756 1606 3818; x_wconf 90' lang='lat' dir='ltr'><strong>post</strong></span> <span class='ocrx_word' id='word_1_500' title='bbox 1646 3760 1858 3812; x_wconf 80' lang='lat' dir='ltr'><strong>pauca;</strong></span> 
     </span>
    </p>
   </div>
   <div class='ocr_carea' id='block_1_70' title="bbox 854 3832 2355 3914">
    <p class='ocr_par' dir='ltr' id='par_1_70' title="bbox 854 3832 2355 3914">
     <span class='ocr_line' id='line_1_70' title="bbox 854 3832 2355 3914; baseline -0.009 -15"><span class='ocrx_word' id='word_1_501' title='bbox 854 3846 1031 3914; x_wconf 72' lang='lat' dir='ltr'><strong>(Vere.</strong></span> <span class='ocrx_word' id='word_1_502' title='bbox 1070 3845 1183 3912; x_wconf 62' lang='grc'><strong>45.)</strong></span> <span class='ocrx_word' id='word_1_503' title='bbox 1246 3861 1263 3893; x_wconf 82' lang='grc' dir='ltr'><strong>ι</strong></span> <span class='ocrx_word' id='word_1_504' title='bbox 1304 3842 1367 3895; x_wconf 81' lang='grc' dir='ltr'><strong>ΕΙ.</strong></span> <span class='ocrx_word' id='word_1_505' title='bbox 1420 3840 1703 3908; x_wconf 65' lang='lat' dir='ltr'><strong>respondit</strong></span> <span class='ocrx_word' id='word_1_506' title='bbox 1756 3840 1832 3890; x_wconf 81' lang='lat' dir='ltr'><strong>vir</strong></span> <span class='ocrx_word' id='word_1_507' title='bbox 1898 3834 2062 3890; x_wconf 76' lang='lat' dir='ltr'><strong>Israel</strong></span> <span class='ocrx_word' id='word_1_508' title='bbox 2099 3834 2165 3887; x_wconf 83' lang='lat' dir='ltr'><strong>ad</strong></span> <span class='ocrx_word' id='word_1_509' title='bbox 2213 3832 2355 3886; x_wconf 78' lang='lat' dir='ltr'><strong>viros</strong></span> 
     </span>
    </p>
   </div>
   <div class='ocr_carea' id='block_1_71' title="bbox 781 3923 2355 4001">
    <p class='ocr_par' dir='ltr' id='par_1_71' title="bbox 781 3923 2355 4001">
     <span class='ocr_line' id='line_1_71' title="bbox 781 3923 2355 4001; baseline -0.011 -8"><span class='ocrx_word' id='word_1_510' title='bbox 781 3940 918 3993; x_wconf 83' lang='lat' dir='ltr'><strong>Juda</strong></span> <span class='ocrx_word' id='word_1_511' title='bbox 960 3949 1013 3993; x_wconf 87' lang='lat' dir='ltr'><strong>et</strong></span> <span class='ocrx_word' id='word_1_512' title='bbox 1054 3942 1163 3990; x_wconf 87' lang='lat' dir='ltr'><strong>ait:</strong></span> <span class='ocrx_word' id='word_1_513' title='bbox 1194 3935 1383 3989; x_wconf 86' lang='lat' dir='ltr'><strong>Decem</strong></span> <span class='ocrx_word' id='word_1_514' title='bbox 1445 3932 1687 4001; x_wconf 81' lang='lat' dir='ltr'><strong>partibus</strong></span> <span class='ocrx_word' id='word_1_515' title='bbox 1718 3946 1816 3998; x_wconf 75' lang='lat' dir='ltr'><strong>ego</strong></span> <span class='ocrx_word' id='word_1_516' title='bbox 1844 3944 1962 3981; x_wconf 69' lang='lat' dir='ltr'><strong>sum</strong></span> <span class='ocrx_word' id='word_1_517' title='bbox 2014 3925 2185 3993; x_wconf 78' lang='lat' dir='ltr'><strong>major</strong></span> <span class='ocrx_word' id='word_1_518' title='bbox 2214 3923 2355 3992; x_wconf 83' lang='lat' dir='ltr'><strong>apud</strong></span> 
     </span>
    </p>
   </div>
   <div class='ocr_carea' id='block_1_72' title="bbox 783 4016 2355 4102">
    <p class='ocr_par' dir='ltr' id='par_1_72' title="bbox 783 4016 2355 4102">
     <span class='ocr_line' id='line_1_72' title="bbox 783 4016 2355 4102; baseline -0.011 -15"><span class='ocrx_word' id='word_1_519' title='bbox 783 4049 985 4102; x_wconf 70' lang='lat' dir='ltr'><strong>regem,</strong></span> <span class='ocrx_word' id='word_1_520' title='bbox 1026 4030 1306 4098; x_wconf 77' lang='lat' dir='ltr'><strong>magisque</strong></span> <span class='ocrx_word' id='word_1_521' title='bbox 1340 4025 1406 4079; x_wconf 92' lang='lat' dir='ltr'><strong>ad</strong></span> <span class='ocrx_word' id='word_1_522' title='bbox 1450 4040 1534 4077; x_wconf 91' lang='lat' dir='ltr'><strong>me</strong></span> <span class='ocrx_word' id='word_1_523' title='bbox 1586 4025 1821 4091; x_wconf 87' lang='lat' dir='ltr'><strong>pertinet</strong></span> <span class='ocrx_word' id='word_1_524' title='bbox 1870 4021 2054 4081; x_wconf 80' lang='lat' dir='ltr'><strong>David,</strong></span> <span class='ocrx_word' id='word_1_525' title='bbox 2091 4032 2253 4087; x_wconf 79' lang='lat' dir='ltr'><strong>quam</strong></span> <span class='ocrx_word' id='word_1_526' title='bbox 2289 4016 2355 4069; x_wconf 88' lang='lat' dir='ltr'><strong>ad</strong></span> 
     </span>
    </p>
   </div>
   <div class='ocr_carea' id='block_1_73' title="bbox 783 4106 2355 4186">
    <p class='ocr_par' dir='ltr' id='par_1_73' title="bbox 783 4106 2355 4186">
     <span class='ocr_line' id='line_1_73' title="bbox 783 4106 2355 4186; baseline -0.012 -8"><span class='ocrx_word' id='word_1_527' title='bbox 783 4135 852 4178; x_wconf 87' lang='lat' dir='ltr'><strong>lc.</strong></span> <span class='ocrx_word' id='word_1_528' title='bbox 895 4143 911 4174; x_wconf 76' lang='grc' dir='ltr'><strong>ι</strong></span> <span class='ocrx_word' id='word_1_529' title='bbox 946 4123 1003 4175; x_wconf 83' lang='lat' dir='ltr'><strong>In</strong></span> <span class='ocrx_word' id='word_1_530' title='bbox 1055 4121 1280 4175; x_wconf 69' lang='lat' dir='ltr'><strong>Hebraeo</strong></span> <span class='ocrx_word' id='word_1_531' title='bbox 1332 4120 1403 4172; x_wconf 87' lang='lat' dir='ltr'><strong>ita</strong></span> <span class='ocrx_word' id='word_1_532' title='bbox 1430 4117 1659 4186; x_wconf 80' lang='lat' dir='ltr'><strong>legitur:</strong></span> <span class='ocrx_word' id='word_1_533' title='bbox 1713 4133 1729 4165; x_wconf 87' lang='grc' dir='ltr'><strong>ι</strong></span> <span class='ocrx_word' id='word_1_534' title='bbox 1763 4113 1955 4166; x_wconf 89' lang='lat' dir='ltr'><strong>Decem</strong></span> <span class='ocrx_word' id='word_1_535' title='bbox 2001 4122 2182 4178; x_wconf 84' lang='lat' dir='ltr'><strong>partes</strong></span> <span class='ocrx_word' id='word_1_536' title='bbox 2223 4106 2355 4161; x_wconf 87' lang='lat' dir='ltr'><strong>mihi</strong></span> 
     </span>
    </p>
   </div>
   <div class='ocr_carea' id='block_1_74' title="bbox 781 4200 2353 4281">
    <p class='ocr_par' dir='ltr' id='par_1_74' title="bbox 781 4200 2353 4281">
     <span class='ocr_line' id='line_1_74' title="bbox 781 4200 2353 4281; baseline -0.011 -11"><span class='ocrx_word' id='word_1_537' title='bbox 781 4225 909 4270; x_wconf 82' lang='lat' dir='ltr'><strong>sunt</strong></span> <span class='ocrx_word' id='word_1_538' title='bbox 938 4213 1079 4281; x_wconf 87' lang='lat' dir='ltr'><strong>apud</strong></span> <span class='ocrx_word' id='word_1_539' title='bbox 1129 4226 1302 4281; x_wconf 87' lang='lat' dir='ltr'><strong>regem</strong></span> <span class='ocrx_word' id='word_1_540' title='bbox 1327 4251 1341 4274; x_wconf 93' lang='lat'><strong>,</strong></span> <span class='ocrx_word' id='word_1_541' title='bbox 1374 4210 1676 4277; x_wconf 75' lang='lat' dir='ltr'><strong>.tuagiSquc</strong></span> <span class='ocrx_word' id='word_1_542' title='bbox 1733 4219 1834 4275; x_wconf 86' lang='lat' dir='ltr'><strong>ego</strong></span> <span class='ocrx_word' id='word_1_543' title='bbox 1888 4202 1943 4257; x_wconf 92' lang='lat' dir='ltr'><strong>in</strong></span> <span class='ocrx_word' id='word_1_544' title='bbox 1983 4200 2150 4254; x_wconf 76' lang='lat' dir='ltr'><strong>David</strong></span> <span class='ocrx_word' id='word_1_545' title='bbox 2191 4214 2353 4269; x_wconf 86' lang='lat' dir='ltr'><strong>quam</strong></span> 
     </span>
    </p>
   </div>
   <div class='ocr_carea' id='block_1_75' title="bbox 784 4291 2357 4370">
    <p class='ocr_par' dir='ltr' id='par_1_75' title="bbox 784 4291 2357 4370">
     <span class='ocr_line' id='line_1_75' title="bbox 784 4291 2357 4370; baseline -0.01 -12"><span class='ocrx_word' id='word_1_546' title='bbox 784 4317 865 4360; x_wconf 85' lang='grc' dir='ltr'>ιιι.</span> <span class='ocrx_word' id='word_1_547' title='bbox 912 4324 930 4355; x_wconf 74' lang='grc' dir='ltr'><strong>ι</strong></span> <span class='ocrx_word' id='word_1_548' title='bbox 960 4306 1153 4359; x_wconf 88' lang='lat' dir='ltr'><strong>Decem</strong></span> <span class='ocrx_word' id='word_1_549' title='bbox 1187 4317 1312 4356; x_wconf 81' lang='lat' dir='ltr'><strong>vero</strong></span> <span class='ocrx_word' id='word_1_550' title='bbox 1348 4311 1526 4370; x_wconf 62' lang='lat' dir='ltr'><strong>partes</strong></span> <span class='ocrx_word' id='word_1_551' title='bbox 1566 4298 1727 4351; x_wconf 81' lang='lat' dir='ltr'><strong>Israel</strong></span> <span class='ocrx_word' id='word_1_552' title='bbox 1755 4307 1910 4351; x_wconf 84' lang='lat' dir='ltr'><strong>erant</strong></span> <span class='ocrx_word' id='word_1_553' title='bbox 1946 4294 1996 4358; x_wconf 72' lang='grc' dir='ltr'><strong>ι’,</strong></span> <span class='ocrx_word' id='word_1_554' title='bbox 2028 4292 2080 4347; x_wconf 91' lang='lat' dir='ltr'><strong>id</strong></span> <span class='ocrx_word' id='word_1_555' title='bbox 2119 4301 2203 4346; x_wconf 87' lang='lat' dir='ltr'><strong>est</strong></span> <span class='ocrx_word' id='word_1_556' title='bbox 2260 4291 2357 4344; x_wconf 83' lang='lat' dir='ltr'><strong>de-</strong></span> 
     </span>
    </p>
   </div>
   <div class='ocr_carea' id='block_1_76' title="bbox 783 4384 2355 4460">
    <p class='ocr_par' dir='ltr' id='par_1_76' title="bbox 783 4384 2355 4460">
     <span class='ocr_line' id='line_1_76' title="bbox 783 4384 2355 4460; baseline -0.011 -7"><span class='ocrx_word' id='word_1_557' title='bbox 783 4414 897 4453; x_wconf 87' lang='lat' dir='ltr'><strong>cem</strong></span> <span class='ocrx_word' id='word_1_558' title='bbox 937 4396 1144 4458; x_wconf 83' lang='lat' dir='ltr'><strong>tribus;</strong></span> <span class='ocrx_word' id='word_1_559' title='bbox 1182 4402 1235 4445; x_wconf 86' lang='lat' dir='ltr'><strong>ct</strong></span> <span class='ocrx_word' id='word_1_560' title='bbox 1276 4393 1478 4445; x_wconf 87' lang='lat' dir='ltr'><strong>idcirco</strong></span> <span class='ocrx_word' id='word_1_561' title='bbox 1523 4390 1695 4460; x_wconf 83' lang='lat' dir='ltr'><strong>magis</strong></span> <span class='ocrx_word' id='word_1_562' title='bbox 1729 4403 1786 4442; x_wconf 86' lang='lat' dir='ltr'><strong>se</strong></span> <span class='ocrx_word' id='word_1_563' title='bbox 1834 4388 1886 4439; x_wconf 82' lang='lat' dir='ltr'><strong>in</strong></span> <span class='ocrx_word' id='word_1_564' title='bbox 1925 4387 2086 4438; x_wconf 82' lang='lat' dir='ltr'><strong>llavid</strong></span> <span class='ocrx_word' id='word_1_565' title='bbox 2117 4399 2239 4438; x_wconf 86' lang='lat' dir='ltr'><strong>esse</strong></span> <span class='ocrx_word' id='word_1_566' title='bbox 2275 4384 2355 4437; x_wconf 88' lang='lat' dir='ltr'><strong>dt-</strong></span> 
     </span>
    </p>
   </div>
   <div class='ocr_carea' id='block_1_77' title="bbox 782 4473 2354 4554">
    <p class='ocr_par' dir='ltr' id='par_1_77' title="bbox 782 4473 2354 4554">
     <span class='ocr_line' id='line_1_77' title="bbox 782 4473 2354 4554; baseline -0.009 -13"><span class='ocrx_word' id='word_1_567' title='bbox 782 4498 934 4549; x_wconf 86' lang='lat' dir='ltr'><strong>cunt,</strong></span> <span class='ocrx_word' id='word_1_568' title='bbox 969 4500 1130 4554; x_wconf 85' lang='lat' dir='ltr'><strong>quam</strong></span> <span class='ocrx_word' id='word_1_569' title='bbox 1164 4483 1309 4536; x_wconf 84' lang='lat' dir='ltr'><strong>viros</strong></span> <span class='ocrx_word' id='word_1_570' title='bbox 1354 4481 1524 4534; x_wconf 81' lang='lat' dir='ltr'><strong>Juda:</strong></span> <span class='ocrx_word' id='word_1_571' title='bbox 1588 4499 1605 4529; x_wconf 75' lang='grc' dir='ltr'><strong>ι</strong></span> <span class='ocrx_word' id='word_1_572' title='bbox 1645 4478 1751 4533; x_wconf 90' lang='lat' dir='ltr'><strong>Cur</strong></span> <span class='ocrx_word' id='word_1_573' title='bbox 1805 4478 1934 4531; x_wconf 81' lang='lat' dir='ltr'><strong>DIIIII</strong></span> <span class='ocrx_word' id='word_1_574' title='bbox 1984 4476 2159 4530; x_wconf 77' lang='lat' dir='ltr'><strong>lecisti</strong></span> <span class='ocrx_word' id='word_1_575' title='bbox 2212 4473 2354 4543; x_wconf 86' lang='lat' dir='ltr'><strong>inju-</strong></span> 
     </span>
    </p>
   </div>
   <div class='ocr_carea' id='block_1_78' title="bbox 2458 3287 3472 3357">
    <p class='ocr_par' dir='ltr' id='par_1_78' title="bbox 2458 3287 3472 3357">
     <span class='ocr_line' id='line_1_78' title="bbox 2458 3287 3472 3357; baseline -0.003 -12"><span class='ocrx_word' id='word_1_576' title='bbox 2458 3289 2658 3345; x_wconf 82' lang='lat' dir='ltr'><strong>mulier</strong></span> <span class='ocrx_word' id='word_1_577' title='bbox 2692 3290 2910 3357; x_wconf 83' lang='lat' dir='ltr'><strong>sapiens</strong></span> <span class='ocrx_word' id='word_1_578' title='bbox 2936 3288 3002 3343; x_wconf 84' lang='lat' dir='ltr'><strong>de</strong></span> <span class='ocrx_word' id='word_1_579' title='bbox 3024 3288 3245 3342; x_wconf 83' lang='lat' dir='ltr'><strong>civitate</strong></span> <span class='ocrx_word' id='word_1_580' title='bbox 3270 3287 3472 3343; x_wconf 85' lang='lat' dir='ltr'><strong>l&#39;ertur.</strong></span> 
     </span>
    </p>
   </div>
   <div class='ocr_carea' id='block_1_79' title="bbox 2528 3377 4036 3451">
    <p class='ocr_par' dir='ltr' id='par_1_79' title="bbox 2528 3377 4036 3451">
     <span class='ocr_line' id='line_1_79' title="bbox 2528 3377 4036 3451; baseline 0.001 -17"><span class='ocrx_word' id='word_1_581' title='bbox 2528 3380 2709 3450; x_wconf 81' lang='lat' dir='ltr'><strong>(Vers.</strong></span> <span class='ocrx_word' id='word_1_582' title='bbox 2744 3380 2858 3451; x_wconf 87' lang='lat' dir='ltr'><strong>l9.)</strong></span> <span class='ocrx_word' id='word_1_583' title='bbox 2890 3400 2909 3432; x_wconf 71' lang='grc' dir='ltr'><strong>ς</strong></span> <span class='ocrx_word' id='word_1_584' title='bbox 2944 3377 3135 3436; x_wconf 81' lang='lat' dir='ltr'><strong>Nonne</strong></span> <span class='ocrx_word' id='word_1_585' title='bbox 3160 3395 3259 3451; x_wconf 86' lang='lat' dir='ltr'><strong>ego</strong></span> <span class='ocrx_word' id='word_1_586' title='bbox 3292 3394 3411 3434; x_wconf 87' lang='lat' dir='ltr'><strong>sum</strong></span> <span class='ocrx_word' id='word_1_587' title='bbox 3444 3395 3566 3449; x_wconf 54' lang='lat' dir='ltr'><strong>qua».</strong></span> <span class='ocrx_word' id='word_1_588' title='bbox 3604 3384 3914 3450; x_wconf 68' lang='lat' dir='ltr'><strong>tespondeo</strong></span> <span class='ocrx_word' id='word_1_589' title='bbox 3958 3398 4036 3436; x_wconf 82' lang='lat' dir='ltr'><strong>ve-</strong></span> 
     </span>
    </p>
   </div>
   <div class='ocr_carea' id='block_1_80' title="bbox 2460 3471 4037 3539">
    <p class='ocr_par' dir='ltr' id='par_1_80' title="bbox 2460 3471 4037 3539">
     <span class='ocr_line' id='line_1_80' title="bbox 2460 3471 4037 3539; baseline -0.002 -13"><span class='ocrx_word' id='word_1_590' title='bbox 2460 3474 2674 3528; x_wconf 87' lang='lat' dir='ltr'><strong>ritatem</strong></span> <span class='ocrx_word' id='word_1_591' title='bbox 2701 3472 2754 3526; x_wconf 93' lang='lat' dir='ltr'><strong>in</strong></span> <span class='ocrx_word' id='word_1_592' title='bbox 2786 3472 2952 3525; x_wconf 79' lang='lat' dir='ltr'><strong>Israel</strong></span> <span class='ocrx_word' id='word_1_593' title='bbox 2976 3486 2992 3525; x_wconf 91' lang='lat'><strong>:</strong></span> <span class='ocrx_word' id='word_1_594' title='bbox 3016 3479 3071 3525; x_wconf 88' lang='lat' dir='ltr'><strong>ct</strong></span> <span class='ocrx_word' id='word_1_595' title='bbox 3096 3480 3151 3525; x_wconf 89' lang='lat' dir='ltr'><strong>tu</strong></span> <span class='ocrx_word' id='word_1_596' title='bbox 3171 3473 3369 3539; x_wconf 64' lang='lat' dir='ltr'><strong>quaeris</strong></span> <span class='ocrx_word' id='word_1_597' title='bbox 3394 3473 3724 3527; x_wconf 76' lang='lat' dir='ltr'><strong>subvertere</strong></span> <span class='ocrx_word' id='word_1_598' title='bbox 3749 3471 4037 3527; x_wconf 77' lang='lat' dir='ltr'><strong>civitatem?</strong></span> 
     </span>
    </p>
   </div>
   <div class='ocr_carea' id='block_1_81' title="bbox 2457 3562 4031 3632">
    <p class='ocr_par' dir='ltr' id='par_1_81' title="bbox 2457 3562 4031 3632">
     <span class='ocr_line' id='line_1_81' title="bbox 2457 3562 4031 3632; baseline 0.002 -16"><span class='ocrx_word' id='word_1_599' title='bbox 2457 3567 2637 3632; x_wconf 78' lang='lat' dir='ltr'><strong>Quare</strong></span> <span class='ocrx_word' id='word_1_600' title='bbox 2665 3564 2970 3631; x_wconf 59' lang='lat' dir='ltr'><strong>praecipuas</strong></span> <span class='ocrx_word' id='word_1_601' title='bbox 3003 3565 3375 3617; x_wconf 64' lang='lat' dir='ltr'><strong>hereditatem</strong></span> <span class='ocrx_word' id='word_1_602' title='bbox 3417 3562 3679 3617; x_wconf 85' lang='lat' dir='ltr'><strong>Domini?</strong></span> <span class='ocrx_word' id='word_1_603' title='bbox 3715 3584 3734 3615; x_wconf 78' lang='grc' dir='ltr'><strong>ι</strong></span> <span class='ocrx_word' id='word_1_604' title='bbox 3770 3570 3850 3620; x_wconf 70' lang='grc' dir='ltr'><strong>Λα</strong></span> <span class='ocrx_word' id='word_1_605' title='bbox 3878 3565 3921 3618; x_wconf 88' lang='lat' dir='ltr'><strong>si</strong></span> <span class='ocrx_word' id='word_1_606' title='bbox 3956 3566 4031 3619; x_wconf 83' lang='lat' dir='ltr'><strong>di-</strong></span> 
     </span>
    </p>
   </div>
   <div class='ocr_carea' id='block_1_82' title="bbox 2456 3653 4032 3726">
    <p class='ocr_par' dir='ltr' id='par_1_82' title="bbox 2456 3653 4032 3726">
     <span class='ocr_line' id='line_1_82' title="bbox 2456 3653 4032 3726; baseline 0 -19"><span class='ocrx_word' id='word_1_607' title='bbox 2456 3665 2636 3709; x_wconf 80' lang='lat' dir='ltr'><strong>ceret:</strong></span> <span class='ocrx_word' id='word_1_608' title='bbox 2666 3653 2778 3709; x_wconf 88' lang='lat' dir='ltr'><strong>Cur</strong></span> <span class='ocrx_word' id='word_1_609' title='bbox 2805 3656 2883 3709; x_wconf 87' lang='lat' dir='ltr'><strong>vis</strong></span> <span class='ocrx_word' id='word_1_610' title='bbox 2907 3656 3193 3710; x_wconf 85' lang='lat' dir='ltr'><strong>destruere</strong></span> <span class='ocrx_word' id='word_1_611' title='bbox 3236 3656 3513 3709; x_wconf 87' lang='lat' dir='ltr'><strong>civitatem</strong></span> <span class='ocrx_word' id='word_1_612' title='bbox 3543 3656 3712 3722; x_wconf 87' lang='lat' dir='ltr'><strong>hanc,</strong></span> <span class='ocrx_word' id='word_1_613' title='bbox 3752 3667 4032 3726; x_wconf 84' lang='lat' dir='ltr'><strong>antequam</strong></span> 
     </span>
    </p>
   </div>
   <div class='ocr_carea' id='block_1_83' title="bbox 2458 3746 4040 3819">
    <p class='ocr_par' dir='ltr' id='par_1_83' title="bbox 2458 3746 4040 3819">
     <span class='ocr_line' id='line_1_83' title="bbox 2458 3746 4040 3819; baseline 0.003 -22"><span class='ocrx_word' id='word_1_614' title='bbox 2458 3746 3295 3817; x_wconf 66' lang='lat' dir='ltr'><strong>picemiuterrogandoolieras,</strong></span> <span class='ocrx_word' id='word_1_615' title='bbox 3341 3748 3485 3802; x_wconf 85' lang='lat' dir='ltr'><strong>sicut</strong></span> <span class='ocrx_word' id='word_1_616' title='bbox 3514 3749 3569 3802; x_wconf 90' lang='lat' dir='ltr'><strong>in</strong></span> <span class='ocrx_word' id='word_1_617' title='bbox 3618 3749 3742 3818; x_wconf 82' lang='lat' dir='ltr'><strong>lege</strong></span> <span class='ocrx_word' id='word_1_618' title='bbox 3784 3750 4040 3819; x_wconf 73' lang='lat' dir='ltr'><strong>iubetur?</strong></span> 
     </span>
    </p>
   </div>
   <div class='ocr_carea' id='block_1_84' title="bbox 2458 3838 4038 3908">
    <p class='ocr_par' dir='ltr' id='par_1_84' title="bbox 2458 3838 4038 3908">
     <span class='ocr_line' id='line_1_84' title="bbox 2458 3838 4038 3908; baseline 0.004 -19"><span class='ocrx_word' id='word_1_619' title='bbox 2458 3838 2567 3890; x_wconf 58' lang='lat' dir='ltr'><strong>Car</strong></span> <span class='ocrx_word' id='word_1_620' title='bbox 2598 3839 2760 3892; x_wconf 86' lang='lat' dir='ltr'><strong>etiam</strong></span> <span class='ocrx_word' id='word_1_621' title='bbox 2790 3854 2895 3894; x_wconf 91' lang='lat' dir='ltr'><strong>non</strong></span> <span class='ocrx_word' id='word_1_622' title='bbox 2930 3840 3181 3894; x_wconf 86' lang='lat' dir='ltr'><strong>eamdem</strong></span> <span class='ocrx_word' id='word_1_623' title='bbox 3246 3840 3418 3908; x_wconf 89' lang='lat' dir='ltr'><strong>legem</strong></span> <span class='ocrx_word' id='word_1_624' title='bbox 3462 3840 3517 3893; x_wconf 90' lang='lat' dir='ltr'><strong>in</strong></span> <span class='ocrx_word' id='word_1_625' title='bbox 3578 3841 3741 3896; x_wconf 89' lang='lat' dir='ltr'><strong>nobis</strong></span> <span class='ocrx_word' id='word_1_626' title='bbox 3788 3842 4038 3897; x_wconf 85' lang='lat' dir='ltr'><strong>Israelitis</strong></span> 
     </span>
    </p>
   </div>
   <div class='ocr_carea' id='block_1_85' title="bbox 2460 3931 4036 4000">
    <p class='ocr_par' dir='ltr' id='par_1_85' title="bbox 2460 3931 4036 4000">
     <span class='ocr_line' id='line_1_85' title="bbox 2460 3931 4036 4000; baseline 0.004 -17"><span class='ocrx_word' id='word_1_627' title='bbox 2460 3945 2666 3994; x_wconf 71' lang='lat' dir='ltr'><strong>servas,</strong></span> <span class='ocrx_word' id='word_1_628' title='bbox 2709 3946 2830 4000; x_wconf 63' lang='lat' dir='ltr'><strong>quae</strong></span> <span class='ocrx_word' id='word_1_629' title='bbox 2862 3931 2913 3984; x_wconf 92' lang='lat' dir='ltr'><strong>in</strong></span> <span class='ocrx_word' id='word_1_630' title='bbox 2952 3932 3271 3999; x_wconf 75' lang='lat' dir='ltr'><strong>alienigenis</strong></span> <span class='ocrx_word' id='word_1_631' title='bbox 3317 3932 3447 3985; x_wconf 92' lang='lat' dir='ltr'><strong>olim</strong></span> <span class='ocrx_word' id='word_1_632' title='bbox 3489 3936 3861 3988; x_wconf 71' lang='lat' dir='ltr'><strong>servataest?</strong></span> <span class='ocrx_word' id='word_1_633' title='bbox 3899 3936 4036 3989; x_wconf 74' lang='lat' dir='ltr'><strong>Hanc</strong></span> 
     </span>
    </p>
   </div>
   <div class='ocr_carea' id='block_1_86' title="bbox 2464 4022 4035 4087">
    <p class='ocr_par' dir='ltr' id='par_1_86' title="bbox 2464 4022 4035 4087">
     <span class='ocr_line' id='line_1_86' title="bbox 2464 4022 4035 4087; baseline 0.001 -12"><span class='ocrx_word' id='word_1_634' title='bbox 2464 4023 2747 4077; x_wconf 86' lang='lat' dir='ltr'><strong>mulierem</strong></span> <span class='ocrx_word' id='word_1_635' title='bbox 2773 4022 2973 4086; x_wconf 59' lang='lat' dir='ltr'><strong>Judzei,</strong></span> <span class='ocrx_word' id='word_1_636' title='bbox 3029 4024 3245 4083; x_wconf 83' lang='lat' dir='ltr'><strong>Zaram.</strong></span> <span class='ocrx_word' id='word_1_637' title='bbox 3304 4023 3471 4076; x_wconf 80' lang='lat' dir='ltr'><strong>tiliam</strong></span> <span class='ocrx_word' id='word_1_638' title='bbox 3510 4025 3673 4087; x_wconf 78' lang='lat' dir='ltr'><strong>Aser,</strong></span> <span class='ocrx_word' id='word_1_639' title='bbox 3730 4027 3827 4081; x_wconf 76' lang='grc' dir='ltr'><strong>ΙὶΙιί</strong></span> <span class='ocrx_word' id='word_1_640' title='bbox 3876 4029 4035 4081; x_wconf 68' lang='grc' dir='ltr'>ιπηι.</span> 
     </span>
    </p>
   </div>
   <div class='ocr_carea' id='block_1_87' title="bbox 2462 4114 4035 4183">
    <p class='ocr_par' dir='ltr' id='par_1_87' title="bbox 2462 4114 4035 4183">
     <span class='ocr_line' id='line_1_87' title="bbox 2462 4114 4035 4183; baseline 0.005 -16"><span class='ocrx_word' id='word_1_641' title='bbox 2462 4114 2800 4183; x_wconf 86' lang='lat' dir='ltr'><strong>intelligunt:</strong></span> <span class='ocrx_word' id='word_1_642' title='bbox 2832 4114 3051 4183; x_wconf 85' lang='lat' dir='ltr'><strong>etquod</strong></span> <span class='ocrx_word' id='word_1_643' title='bbox 3074 4130 3133 4169; x_wconf 91' lang='lat' dir='ltr'><strong>se</strong></span> <span class='ocrx_word' id='word_1_644' title='bbox 3180 4124 3409 4169; x_wconf 85' lang='lat' dir='ltr'><strong>matrem</strong></span> <span class='ocrx_word' id='word_1_645' title='bbox 3444 4116 3675 4179; x_wconf 84' lang='lat' dir='ltr'><strong>dixerit,</strong></span> <span class='ocrx_word' id='word_1_646' title='bbox 3715 4119 3793 4175; x_wconf 85' lang='lat' dir='ltr'><strong>ita</strong></span> <span class='ocrx_word' id='word_1_647' title='bbox 3825 4121 4035 4177; x_wconf 74' lang='lat' dir='ltr'><strong>dicens:</strong></span> 
     </span>
    </p>
   </div>
   <div class='ocr_carea' id='block_1_88' title="bbox 2465 4204 4033 4278">
    <p class='ocr_par' dir='ltr' id='par_1_88' title="bbox 2465 4204 4033 4278">
     <span class='ocr_line' id='line_1_88' title="bbox 2465 4204 4033 4278; baseline 0.003 -19"><span class='ocrx_word' id='word_1_648' title='bbox 2465 4226 2483 4259; x_wconf 79' lang='lat' dir='ltr'><strong>t</strong></span> <span class='ocrx_word' id='word_1_649' title='bbox 2510 4204 2596 4262; x_wconf 86' lang='lat' dir='ltr'><strong>Tu</strong></span> <span class='ocrx_word' id='word_1_650' title='bbox 2638 4208 2836 4278; x_wconf 66' lang='lat' dir='ltr'><strong>quaeris</strong></span> <span class='ocrx_word' id='word_1_651' title='bbox 2862 4216 3110 4262; x_wconf 87' lang='lat' dir='ltr'><strong>evertere</strong></span> <span class='ocrx_word' id='word_1_652' title='bbox 3146 4217 3371 4262; x_wconf 89' lang='lat' dir='ltr'><strong>tuatrem</strong></span> <span class='ocrx_word' id='word_1_653' title='bbox 3407 4208 3595 4262; x_wconf 78' lang='lat' dir='ltr'><strong>Israel.</strong></span> <span class='ocrx_word' id='word_1_654' title='bbox 3640 4230 3659 4261; x_wconf 73' lang='grc' dir='ltr'><strong>ι</strong></span> <span class='ocrx_word' id='word_1_655' title='bbox 3697 4209 3908 4267; x_wconf 76' lang='lat' dir='ltr'><strong>Idciteo</strong></span> <span class='ocrx_word' id='word_1_656' title='bbox 3933 4232 4033 4265; x_wconf 65' lang='lat' dir='ltr'><strong>tua.</strong></span> 
     </span>
    </p>
   </div>
   <div class='ocr_carea' id='block_1_89' title="bbox 2463 4299 3591 4370">
    <p class='ocr_par' dir='ltr' id='par_1_89' title="bbox 2463 4299 3591 4370">
     <span class='ocr_line' id='line_1_89' title="bbox 2463 4299 3591 4370; baseline 0 -17"><span class='ocrx_word' id='word_1_657' title='bbox 2463 4309 2621 4363; x_wconf 89' lang='lat' dir='ltr'><strong>trem,</strong></span> <span class='ocrx_word' id='word_1_658' title='bbox 2659 4304 2786 4370; x_wconf 82' lang='lat' dir='ltr'><strong>quia</strong></span> <span class='ocrx_word' id='word_1_659' title='bbox 2814 4299 3105 4353; x_wconf 85' lang='lat' dir='ltr'><strong>mttltoruut</strong></span> <span class='ocrx_word' id='word_1_660' title='bbox 3136 4316 3403 4353; x_wconf 84' lang='lat' dir='ltr'><strong>annorum</strong></span> <span class='ocrx_word' id='word_1_661' title='bbox 3449 4313 3591 4353; x_wconf 85' lang='lat' dir='ltr'><strong>erat.</strong></span> 
     </span>
    </p>
   </div>
   <div class='ocr_carea' id='block_1_90' title="bbox 2535 4390 4034 4462">
    <p class='ocr_par' dir='ltr' id='par_1_90' title="bbox 2535 4390 4034 4462">
     <span class='ocr_line' id='line_1_90' title="bbox 2535 4390 4034 4462; baseline 0.006 -20"><span class='ocrx_word' id='word_1_662' title='bbox 2535 4393 2711 4462; x_wconf 76' lang='lat' dir='ltr'><strong>(\‘ers.</strong></span> <span class='ocrx_word' id='word_1_663' title='bbox 2747 4396 2862 4459; x_wconf 65' lang='lat' dir='ltr'><strong>eo.)</strong></span> <span class='ocrx_word' id='word_1_664' title='bbox 2924 4412 2940 4443; x_wconf 82' lang='lat' dir='ltr'><strong>t</strong></span> <span class='ocrx_word' id='word_1_665' title='bbox 2974 4393 3056 4446; x_wconf 87' lang='lat' dir='ltr'><strong>Ira</strong></span> <span class='ocrx_word' id='word_1_666' title='bbox 3109 4401 3289 4445; x_wconf 86' lang='lat' dir='ltr'><strong>autem</strong></span> <span class='ocrx_word' id='word_1_667' title='bbox 3343 4390 3567 4457; x_wconf 74' lang='lat' dir='ltr'><strong>Jairites</strong></span> <span class='ocrx_word' id='word_1_668' title='bbox 3613 4408 3737 4449; x_wconf 83' lang='lat' dir='ltr'><strong>erat</strong></span> <span class='ocrx_word' id='word_1_669' title='bbox 3792 4398 4034 4452; x_wconf 76' lang='lat' dir='ltr'><strong>sacerdos</strong></span> 
     </span>
    </p>
   </div>
   <div class='ocr_carea' id='block_1_91' title="bbox 2468 4483 4031 4559">
    <p class='ocr_par' dir='ltr' id='par_1_91' title="bbox 2468 4483 4031 4559">
     <span class='ocr_line' id='line_1_91' title="bbox 2468 4483 4031 4559; baseline 0.003 -20"><span class='ocrx_word' id='word_1_670' title='bbox 2468 4485 2668 4550; x_wconf 85' lang='lat' dir='ltr'><strong>David,</strong></span> <span class='ocrx_word' id='word_1_671' title='bbox 2694 4503 2713 4537; x_wconf 78' lang='grc' dir='ltr'><strong>ι</strong></span> <span class='ocrx_word' id='word_1_672' title='bbox 2752 4487 2803 4538; x_wconf 91' lang='lat' dir='ltr'><strong>id</strong></span> <span class='ocrx_word' id='word_1_673' title='bbox 2838 4494 2917 4538; x_wconf 84' lang='lat' dir='ltr'><strong>est</strong></span> <span class='ocrx_word' id='word_1_674' title='bbox 2966 4484 3244 4552; x_wconf 76' lang='lat' dir='ltr'><strong>magister,</strong></span> <span class='ocrx_word' id='word_1_675' title='bbox 3284 4483 3429 4538; x_wconf 86' lang='lat' dir='ltr'><strong>sicut</strong></span> <span class='ocrx_word' id='word_1_676' title='bbox 3463 4486 3591 4539; x_wconf 85' lang='lat' dir='ltr'><strong>alibi</strong></span> <span class='ocrx_word' id='word_1_677' title='bbox 3627 4492 3901 4559; x_wconf 88' lang='lat' dir='ltr'><strong>scriptum</strong></span> <span class='ocrx_word' id='word_1_678' title='bbox 3919 4502 4031 4546; x_wconf 55' lang='lat' dir='ltr'><strong>est:</strong></span> 
     </span>
    </p>
   </div>
   <div class='ocr_carea' id='block_1_92' title="bbox 786 4571 4032 4651">
    <p class='ocr_par' dir='ltr' id='par_1_92' title="bbox 786 4571 4032 4651">
     <span class='ocr_line' id='line_1_92' title="bbox 786 4571 4032 4651; baseline 0 -17"><span class='ocrx_word' id='word_1_679' title='bbox 786 4583 919 4634; x_wconf 82' lang='lat' dir='ltr'><strong>tiam</strong></span> <span class='ocrx_word' id='word_1_680' title='bbox 949 4581 971 4630; x_wconf 91' lang='lat'><strong>?</strong></span> <span class='ocrx_word' id='word_1_681' title='bbox 1004 4599 1021 4629; x_wconf 79' lang='grc' dir='ltr'><strong>ι</strong></span> <span class='ocrx_word' id='word_1_682' title='bbox 1054 4575 1352 4631; x_wconf 84' lang='lat' dir='ltr'><strong>Virilsracl</strong></span> <span class='ocrx_word' id='word_1_683' title='bbox 1390 4572 1580 4627; x_wconf 78' lang='lat' dir='ltr'><strong>iecisse</strong></span> <span class='ocrx_word' id='word_1_684' title='bbox 1608 4572 1709 4626; x_wconf 85' lang='lat' dir='ltr'><strong>sibi</strong></span> <span class='ocrx_word' id='word_1_685' title='bbox 1744 4571 1999 4641; x_wconf 85' lang='lat' dir='ltr'><strong>injuriam</strong></span> <span class='ocrx_word' id='word_1_686' title='bbox 2029 4580 2349 4638; x_wconf 82' lang='lat' dir='ltr'><strong>queruntur.</strong></span> <span class='ocrx_word' id='word_1_687' title='bbox 2388 4573 2427 4627; x_wconf 90' lang='lat' dir='ltr'><strong>D</strong></span> <span class='ocrx_word' id='word_1_688' title='bbox 2461 4576 2582 4630; x_wconf 82' lang='lat' dir='ltr'><strong>Filii</strong></span> <span class='ocrx_word' id='word_1_689' title='bbox 2618 4586 2799 4629; x_wconf 80' lang='lat' dir='ltr'><strong>autem</strong></span> <span class='ocrx_word' id='word_1_690' title='bbox 2832 4574 2994 4628; x_wconf 78' lang='lat' dir='ltr'><strong>David</strong></span> <span class='ocrx_word' id='word_1_691' title='bbox 3047 4585 3200 4628; x_wconf 85' lang='lat' dir='ltr'><strong>erant</strong></span> <span class='ocrx_word' id='word_1_692' title='bbox 3250 4576 3571 4630; x_wconf 85' lang='lat' dir='ltr'><strong>sacerdotes</strong></span> <span class='ocrx_word' id='word_1_693' title='bbox 3604 4578 3693 4647; x_wconf 84' lang='grc'><strong>(11</strong></span> <span class='ocrx_word' id='word_1_694' title='bbox 3745 4580 3872 4651; x_wconf 74' lang='lat' dir='ltr'><strong>Reg.</strong></span> <span class='ocrx_word' id='word_1_695' title='bbox 3929 4600 4032 4643; x_wconf 77' lang='lat' dir='ltr'><strong>rut,</strong></span> 
     </span>
    </p>
   </div>
   <div class='ocr_carea' id='block_1_93' title="bbox 784 4662 2354 4741">
    <p class='ocr_par' dir='ltr' id='par_1_93' title="bbox 784 4662 2354 4741">
     <span class='ocr_line' id='line_1_93' title="bbox 784 4662 2354 4741; baseline -0.009 -14"><span class='ocrx_word' id='word_1_696' title='bbox 784 4688 847 4729; x_wconf 84' lang='lat' dir='ltr'><strong>eo</strong></span> <span class='ocrx_word' id='word_1_697' title='bbox 885 4671 1025 4741; x_wconf 81' lang='lat' dir='ltr'><strong>quod</strong></span> <span class='ocrx_word' id='word_1_698' title='bbox 1060 4686 1165 4725; x_wconf 83' lang='lat' dir='ltr'><strong>non</strong></span> <span class='ocrx_word' id='word_1_699' title='bbox 1203 4670 1599 4737; x_wconf 82' lang='lat' dir='ltr'><strong>cxspectavcrit</strong></span> <span class='ocrx_word' id='word_1_700' title='bbox 1645 4680 1741 4719; x_wconf 78' lang='lat' dir='ltr'><strong>eos</strong></span> <span class='ocrx_word' id='word_1_701' title='bbox 1773 4665 1948 4718; x_wconf 90' lang='lat' dir='ltr'><strong>tribus</strong></span> <span class='ocrx_word' id='word_1_702' title='bbox 1986 4662 2122 4717; x_wconf 84' lang='lat' dir='ltr'><strong>Juda</strong></span> <span class='ocrx_word' id='word_1_703' title='bbox 2168 4663 2231 4715; x_wconf 87' lang='lat' dir='ltr'><strong>ad</strong></span> <span class='ocrx_word' id='word_1_704' title='bbox 2269 4674 2354 4714; x_wconf 80' lang='lat' dir='ltr'><strong>re-</strong></span> 
     </span>
    </p>
   </div>
   <div class='ocr_carea' id='block_1_94' title="bbox 783 4751 2348 4830">
    <p class='ocr_par' dir='ltr' id='par_1_94' title="bbox 783 4751 2348 4830">
     <span class='ocr_line' id='line_1_94' title="bbox 783 4751 2348 4830; baseline -0.01 -10"><span class='ocrx_word' id='word_1_705' title='bbox 783 4765 1089 4820; x_wconf 76' lang='lat' dir='ltr'><strong>ducendum</strong></span> <span class='ocrx_word' id='word_1_706' title='bbox 1126 4775 1345 4830; x_wconf 82' lang='lat' dir='ltr'><strong>regem;</strong></span> <span class='ocrx_word' id='word_1_707' title='bbox 1383 4779 1401 4810; x_wconf 80' lang='grc' dir='ltr'><strong>ι</strong></span> <span class='ocrx_word' id='word_1_708' title='bbox 1442 4758 1629 4812; x_wconf 77' lang='lat' dir='ltr'><strong>Nonne</strong></span> <span class='ocrx_word' id='word_1_709' title='bbox 1649 4772 1828 4812; x_wconf 80' lang='lat' dir='ltr'><strong>sermo</strong></span> <span class='ocrx_word' id='word_1_710' title='bbox 1862 4771 2014 4810; x_wconf 90' lang='lat' dir='ltr'><strong>meus</strong></span> <span class='ocrx_word' id='word_1_711' title='bbox 2050 4755 2197 4823; x_wconf 89' lang='lat' dir='ltr'><strong>prior</strong></span> <span class='ocrx_word' id='word_1_712' title='bbox 2226 4751 2348 4815; x_wconf 78' lang='lat' dir='ltr'><strong>fuit.</strong></span> 
     </span>
    </p>
   </div>
   <div class='ocr_carea' id='block_1_95' title="bbox 782 4847 2349 4921">
    <p class='ocr_par' dir='ltr' id='par_1_95' title="bbox 782 4847 2349 4921">
     <span class='ocr_line' id='line_1_95' title="bbox 782 4847 2349 4921; baseline -0.011 -7"><span class='ocrx_word' id='word_1_713' title='bbox 782 4875 835 4914; x_wconf 90' lang='lat' dir='ltr'><strong>ut</strong></span> <span class='ocrx_word' id='word_1_714' title='bbox 870 4859 1183 4912; x_wconf 86' lang='lat' dir='ltr'><strong>rcdttcetem</strong></span> <span class='ocrx_word' id='word_1_715' title='bbox 1241 4868 1417 4921; x_wconf 84' lang='lat' dir='ltr'><strong>regem</strong></span> <span class='ocrx_word' id='word_1_716' title='bbox 1476 4849 1701 4904; x_wconf 86' lang='lat' dir='ltr'><strong>meum?</strong></span> <span class='ocrx_word' id='word_1_717' title='bbox 1737 4867 1754 4899; x_wconf 77' lang='grc' dir='ltr'><strong>ι</strong></span> <span class='ocrx_word' id='word_1_718' title='bbox 1803 4848 1995 4901; x_wconf 84' lang='lat' dir='ltr'><strong>Sermo</strong></span> <span class='ocrx_word' id='word_1_719' title='bbox 2029 4848 2148 4914; x_wconf 82' lang='lat' dir='ltr'><strong>ejus</strong></span> <span class='ocrx_word' id='word_1_720' title='bbox 2200 4847 2349 4914; x_wconf 87' lang='lat' dir='ltr'><strong>prior</strong></span> 
     </span>
    </p>
   </div>
   <div class='ocr_carea' id='block_1_96' title="bbox 784 4937 2347 5010">
    <p class='ocr_par' dir='ltr' id='par_1_96' title="bbox 784 4937 2347 5010">
     <span class='ocr_line' id='line_1_96' title="bbox 784 4937 2347 5010; baseline -0.01 -5"><span class='ocrx_word' id='word_1_721' title='bbox 784 4955 882 5005; x_wconf 88' lang='lat' dir='ltr'><strong>l&#39;uit</strong></span> <span class='ocrx_word' id='word_1_722' title='bbox 922 4950 988 5003; x_wconf 85' lang='lat' dir='ltr'><strong>ad</strong></span> <span class='ocrx_word' id='word_1_723' title='bbox 1017 4945 1387 5003; x_wconf 86' lang='lat' dir='ltr'><strong>reducendum</strong></span> <span class='ocrx_word' id='word_1_724' title='bbox 1413 4958 1626 5010; x_wconf 82' lang='lat' dir='ltr'><strong>regem:</strong></span> <span class='ocrx_word' id='word_1_725' title='bbox 1666 4942 1809 4995; x_wconf 88' lang='lat' dir='ltr'><strong>sicut</strong></span> <span class='ocrx_word' id='word_1_726' title='bbox 1839 4940 1891 4992; x_wconf 94' lang='lat' dir='ltr'><strong>in</strong></span> <span class='ocrx_word' id='word_1_727' title='bbox 1921 4937 2347 5007; x_wconf 61' lang='lat' dir='ltr'><strong>prmo-edentibus</strong></span> 
     </span>
    </p>
   </div>
   <div class='ocr_carea' id='block_1_97' title="bbox 783 5026 2347 5095">
    <p class='ocr_par' dir='ltr' id='par_1_97' title="bbox 783 5026 2347 5095">
     <span class='ocr_line' id='line_1_97' title="bbox 783 5026 2347 5095; baseline -0.013 -1"><span class='ocrx_word' id='word_1_728' title='bbox 783 5042 1187 5094; x_wconf 86' lang='lat' dir='ltr'><strong>demonstratur</strong></span> <span class='ocrx_word' id='word_1_729' title='bbox 1214 5037 1268 5088; x_wconf 87' lang='lat' dir='ltr'><strong>in</strong></span> <span class='ocrx_word' id='word_1_730' title='bbox 1304 5049 1368 5087; x_wconf 85' lang='lat' dir='ltr'><strong>eo</strong></span> <span class='ocrx_word' id='word_1_731' title='bbox 1395 5034 1531 5095; x_wconf 89' lang='lat' dir='ltr'><strong>Ioco,</strong></span> <span class='ocrx_word' id='word_1_732' title='bbox 1566 5033 1654 5083; x_wconf 89' lang='lat' dir='ltr'><strong>ubi</strong></span> <span class='ocrx_word' id='word_1_733' title='bbox 1690 5030 1919 5083; x_wconf 85' lang='lat' dir='ltr'><strong>dicitur:</strong></span> <span class='ocrx_word' id='word_1_734' title='bbox 1963 5026 2143 5082; x_wconf 81' lang='lat' dir='ltr'><strong>Sermo</strong></span> <span class='ocrx_word' id='word_1_735' title='bbox 2174 5036 2347 5080; x_wconf 85' lang='lat' dir='ltr'><strong>autem</strong></span> 
     </span>
    </p>
   </div>
   <div class='ocr_carea' id='block_1_98' title="bbox 782 5116 2347 5195">
    <p class='ocr_par' dir='ltr' id='par_1_98' title="bbox 782 5116 2347 5195">
     <span class='ocr_line' id='line_1_98' title="bbox 782 5116 2347 5195; baseline -0.011 -10"><span class='ocrx_word' id='word_1_736' title='bbox 782 5134 949 5185; x_wconf 76' lang='lat' dir='ltr'><strong>omnis</strong></span> <span class='ocrx_word' id='word_1_737' title='bbox 985 5130 1156 5185; x_wconf 84' lang='lat' dir='ltr'><strong>Israel</strong></span> <span class='ocrx_word' id='word_1_738' title='bbox 1171 5127 1400 5195; x_wconf 77' lang='lat' dir='ltr'><strong>pervenit</strong></span> <span class='ocrx_word' id='word_1_739' title='bbox 1438 5127 1503 5177; x_wconf 82' lang='lat' dir='ltr'><strong>ad</strong></span> <span class='ocrx_word' id='word_1_740' title='bbox 1535 5140 1699 5187; x_wconf 66' lang='lat' dir='ltr'><strong>regem</strong></span> <span class='ocrx_word' id='word_1_741' title='bbox 1722 5124 1773 5172; x_wconf 80' lang='lat' dir='ltr'><strong>in</strong></span> <span class='ocrx_word' id='word_1_742' title='bbox 1804 5122 1955 5172; x_wconf 84' lang='lat' dir='ltr'><strong>domu</strong></span> <span class='ocrx_word' id='word_1_743' title='bbox 1979 5136 2092 5188; x_wconf 60' lang='lat' dir='ltr'><strong>ejus</strong></span> <span class='ocrx_word' id='word_1_744' title='bbox 2120 5116 2190 5187; x_wconf 88' lang='grc'><strong>(11</strong></span> <span class='ocrx_word' id='word_1_745' title='bbox 2222 5117 2347 5185; x_wconf 80' lang='lat' dir='ltr'><strong>Reg.</strong></span> 
     </span>
    </p>
   </div>
   <div class='ocr_carea' id='block_1_99' title="bbox 782 5206 2351 5291">
    <p class='ocr_par' dir='ltr' id='par_1_99' title="bbox 782 5206 2351 5291">
     <span class='ocr_line' id='line_1_99' title="bbox 782 5206 2351 5291; baseline -0.011 -14"><span class='ocrx_word' id='word_1_746' title='bbox 782 5241 890 5285; x_wconf 69' lang='grc' dir='ltr'><strong>χιχ.</strong></span> <span class='ocrx_word' id='word_1_747' title='bbox 926 5224 1050 5291; x_wconf 77' lang='lat' dir='ltr'><strong>ll);</strong></span> <span class='ocrx_word' id='word_1_748' title='bbox 1081 5216 1427 5279; x_wconf 86' lang='lat' dir='ltr'><strong>subauditur,</strong></span> <span class='ocrx_word' id='word_1_749' title='bbox 1479 5223 1535 5265; x_wconf 88' lang='lat' dir='ltr'><strong>ut</strong></span> <span class='ocrx_word' id='word_1_750' title='bbox 1562 5228 1687 5267; x_wconf 84' lang='lat' dir='ltr'><strong>cum</strong></span> <span class='ocrx_word' id='word_1_751' title='bbox 1718 5211 2093 5283; x_wconf 85' lang='lat' dir='ltr'><strong>reducerent;</strong></span> <span class='ocrx_word' id='word_1_752' title='bbox 2124 5206 2268 5277; x_wconf 89' lang='lat' dir='ltr'><strong>quod</strong></span> <span class='ocrx_word' id='word_1_753' title='bbox 2298 5218 2351 5260; x_wconf 88' lang='lat' dir='ltr'><strong>et</strong></span> 
     </span>
    </p>
   </div>
   <div class='ocr_carea' id='block_1_100' title="bbox 782 5298 2353 5383">
    <p class='ocr_par' dir='ltr' id='par_1_100' title="bbox 782 5298 2353 5383">
     <span class='ocr_line' id='line_1_100' title="bbox 782 5298 2353 5383; baseline -0.01 -14"><span class='ocrx_word' id='word_1_754' title='bbox 782 5317 1077 5383; x_wconf 66' lang='lat' dir='ltr'><strong>majoribus</strong></span> <span class='ocrx_word' id='word_1_755' title='bbox 1112 5325 1242 5365; x_wconf 88' lang='lat' dir='ltr'><strong>natu</strong></span> <span class='ocrx_word' id='word_1_756' title='bbox 1273 5306 1410 5361; x_wconf 79' lang='lat' dir='ltr'><strong>Juda</strong></span> <span class='ocrx_word' id='word_1_757' title='bbox 1440 5298 1727 5360; x_wconf 73' lang='lat' dir='ltr'><strong>mandasse</strong></span> <span class='ocrx_word' id='word_1_758' title='bbox 1754 5304 1921 5357; x_wconf 86' lang='lat' dir='ltr'><strong>David</strong></span> <span class='ocrx_word' id='word_1_759' title='bbox 1958 5319 2049 5371; x_wconf 87' lang='lat' dir='ltr'><strong>per</strong></span> <span class='ocrx_word' id='word_1_760' title='bbox 2078 5303 2253 5355; x_wconf 78' lang='lat' dir='ltr'><strong>Sadoc</strong></span> <span class='ocrx_word' id='word_1_761' title='bbox 2296 5312 2353 5353; x_wconf 87' lang='lat' dir='ltr'><strong>et</strong></span> 
     </span>
    </p>
   </div>
   <div class='ocr_carea' id='block_1_101' title="bbox 782 5392 2358 5466">
    <p class='ocr_par' dir='ltr' id='par_1_101' title="bbox 782 5392 2358 5466">
     <span class='ocr_line' id='line_1_101' title="bbox 782 5392 2358 5466; baseline -0.01 -6"><span class='ocrx_word' id='word_1_762' title='bbox 782 5407 1039 5461; x_wconf 72' lang='lat' dir='ltr'><strong>Aoiatltar</strong></span> <span class='ocrx_word' id='word_1_763' title='bbox 1065 5401 1384 5457; x_wconf 85' lang='lat' dir='ltr'><strong>sacerdotes</strong></span> <span class='ocrx_word' id='word_1_764' title='bbox 1407 5400 1622 5466; x_wconf 83' lang='lat' dir='ltr'><strong>legitur.</strong></span> <span class='ocrx_word' id='word_1_765' title='bbox 1650 5400 1750 5451; x_wconf 88' lang='lat' dir='ltr'><strong>hoc</strong></span> <span class='ocrx_word' id='word_1_766' title='bbox 1780 5400 1964 5461; x_wconf 86' lang='lat' dir='ltr'><strong>modo,</strong></span> <span class='ocrx_word' id='word_1_767' title='bbox 1997 5397 2181 5449; x_wconf 85' lang='lat' dir='ltr'><strong>dicens</strong></span> <span class='ocrx_word' id='word_1_768' title='bbox 2208 5410 2226 5449; x_wconf 82' lang='lat'><strong>:</strong></span> <span class='ocrx_word' id='word_1_769' title='bbox 2252 5392 2358 5445; x_wconf 85' lang='lat' dir='ltr'><strong>Lo-</strong></span> 
     </span>
    </p>
   </div>
   <div class='ocr_carea' id='block_1_102' title="bbox 779 5489 2350 5567">
    <p class='ocr_par' dir='ltr' id='par_1_102' title="bbox 779 5489 2350 5567">
     <span class='ocr_line' id='line_1_102' title="bbox 779 5489 2350 5567; baseline -0.006 -16"><span class='ocrx_word' id='word_1_770' title='bbox 779 5499 997 5567; x_wconf 75' lang='lat' dir='ltr'><strong>quimini</strong></span> <span class='ocrx_word' id='word_1_771' title='bbox 1027 5498 1092 5551; x_wconf 88' lang='lat' dir='ltr'><strong>ad</strong></span> <span class='ocrx_word' id='word_1_772' title='bbox 1116 5495 1346 5565; x_wconf 83' lang='lat' dir='ltr'><strong>majores</strong></span> <span class='ocrx_word' id='word_1_773' title='bbox 1370 5502 1495 5545; x_wconf 83' lang='lat' dir='ltr'><strong>natu</strong></span> <span class='ocrx_word' id='word_1_774' title='bbox 1522 5491 1684 5553; x_wconf 85' lang='lat' dir='ltr'><strong>Juda,</strong></span> <span class='ocrx_word' id='word_1_775' title='bbox 1723 5492 1950 5543; x_wconf 82' lang='lat' dir='ltr'><strong>dicentes</strong></span> <span class='ocrx_word' id='word_1_776' title='bbox 1975 5507 1993 5543; x_wconf 84' lang='lat'><strong>.&#39;</strong></span> <span class='ocrx_word' id='word_1_777' title='bbox 2032 5490 2139 5542; x_wconf 77' lang='lat' dir='ltr'><strong>Cur</strong></span> <span class='ocrx_word' id='word_1_778' title='bbox 2162 5489 2350 5542; x_wconf 77' lang='lat' dir='ltr'><strong>venitis</strong></span> 
     </span>
    </p>
   </div>
   <div class='ocr_carea' id='block_1_103' title="bbox 857 5646 2344 5725">
    <p class='ocr_par' dir='ltr' id='par_1_103' title="bbox 857 5646 2344 5725">
     <span class='ocr_line' id='line_1_103' title="bbox 857 5646 2344 5725; baseline -0.008 -14"><span class='ocrx_word' id='word_1_779' title='bbox 857 5658 1215 5713; x_wconf 50' lang='lat' dir='ltr'><strong>«Meusmsu</strong></span> <span class='ocrx_word' id='word_1_780' title='bbox 1275 5655 1511 5725; x_wconf 78' lang='lat' dir='ltr'><strong>Litigatus</strong></span> <span class='ocrx_word' id='word_1_781' title='bbox 1574 5668 1689 5705; x_wconf 81' lang='lat' dir='ltr'><strong>cum</strong></span> <span class='ocrx_word' id='word_1_782' title='bbox 1726 5652 2019 5704; x_wconf 77' lang='lat' dir='ltr'><strong>Altissimo.</strong></span> <span class='ocrx_word' id='word_1_783' title='bbox 2083 5646 2344 5714; x_wconf 79' lang='lat' dir='ltr'><strong>Litigatus</strong></span> 
     </span>
    </p>
   </div>
   <div class='ocr_carea' id='block_1_104' title="bbox 781 5739 1069 5790">
    <p class='ocr_par' dir='ltr' id='par_1_104' title="bbox 781 5739 1069 5790">
     <span class='ocr_line' id='line_1_104' title="bbox 781 5739 1069 5790; baseline -0.01 -6"><span class='ocrx_word' id='word_1_784' title='bbox 781 5749 936 5790; x_wconf 70' lang='lat' dir='ltr'><strong>enim,</strong></span> <span class='ocrx_word' id='word_1_785' title='bbox 965 5739 1069 5783; x_wconf 78' lang='lat' dir='ltr'><strong>etc.</strong></span> 
     </span>
    </p>
   </div>
   <div class='ocr_carea' id='block_1_105' title="bbox 856 5794 1956 5869">
    <p class='ocr_par' dir='ltr' id='par_1_105' title="bbox 856 5794 1956 5869">
     <span class='ocr_line' id='line_1_105' title="bbox 856 5794 1956 5869; baseline -0.005 -18"><span class='ocrx_word' id='word_1_786' title='bbox 856 5802 879 5838; x_wconf 63' lang='grc' dir='ltr'>δ</span> <span class='ocrx_word' id='word_1_787' title='bbox 912 5800 1071 5865; x_wconf 87' lang='lat' dir='ltr'><strong>Idem,</strong></span> <span class='ocrx_word' id='word_1_788' title='bbox 1098 5809 1279 5869; x_wconf 76' lang='lat' dir='ltr'><strong>partes</strong></span> <span class='ocrx_word' id='word_1_789' title='bbox 1309 5796 1419 5869; x_wconf 78' lang='lat' dir='ltr'><strong>viro</strong></span> <span class='ocrx_word' id='word_1_790' title='bbox 1442 5794 1610 5869; x_wconf 59' lang='lat' dir='ltr'><strong>Israel</strong></span> <span class='ocrx_word' id='word_1_791' title='bbox 1640 5801 1817 5853; x_wconf 79' lang='lat' dir='ltr'><strong>erant,</strong></span> <span class='ocrx_word' id='word_1_792' title='bbox 1840 5801 1956 5869; x_wconf 64' lang='lat' dir='ltr'><strong>etc.</strong></span> 
     </span>
    </p>
   </div>
   <div class='ocr_carea' id='block_1_106' title="bbox 857 5863 2250 5933">
    <p class='ocr_par' dir='ltr' id='par_1_106' title="bbox 857 5863 2250 5933">
     <span class='ocr_line' id='line_1_106' title="bbox 857 5863 2250 5933; baseline -0.008 -7"><span class='ocrx_word' id='word_1_793' title='bbox 857 5882 878 5909; x_wconf 70' lang='grc' dir='ltr'><strong>ε</strong></span> <span class='ocrx_word' id='word_1_794' title='bbox 906 5871 995 5926; x_wconf 80' lang='lat' dir='ltr'><strong>Sic</strong></span> <span class='ocrx_word' id='word_1_795' title='bbox 1024 5863 1126 5928; x_wconf 60' lang='lat' dir='ltr'><strong>uti.</strong></span> <span class='ocrx_word' id='word_1_796' title='bbox 1152 5872 1329 5925; x_wconf 78' lang='lat' dir='ltr'><strong>Antea</strong></span> <span class='ocrx_word' id='word_1_797' title='bbox 1358 5866 1508 5930; x_wconf 83' lang='lat' dir='ltr'><strong>editi,</strong></span> <span class='ocrx_word' id='word_1_798' title='bbox 1543 5863 1608 5917; x_wconf 79' lang='lat' dir='ltr'><strong>Et</strong></span> <span class='ocrx_word' id='word_1_799' title='bbox 1635 5874 1810 5933; x_wconf 81' lang='lat' dir='ltr'><strong>postea</strong></span> <span class='ocrx_word' id='word_1_800' title='bbox 1834 5863 2250 5931; x_wconf 79' lang='lat' dir='ltr'><strong>intelligendum.</strong></span> 
     </span>
    </p>
   </div>
   <div class='ocr_carea' id='block_1_107' title="bbox 2468 4665 3653 4736">
    <p class='ocr_par' dir='ltr' id='par_1_107' title="bbox 2468 4665 3653 4736">
     <span class='ocr_line' id='line_1_107' title="bbox 2468 4665 3653 4736; baseline 0.001 -14"><span class='ocrx_word' id='word_1_801' title='bbox 2468 4668 2555 4734; x_wconf 84' lang='lat' dir='ltr'><strong>I8)</strong></span> <span class='ocrx_word' id='word_1_802' title='bbox 2578 4708 2592 4731; x_wconf 91' lang='lat'><strong>,</strong></span> <span class='ocrx_word' id='word_1_803' title='bbox 2629 4668 2678 4720; x_wconf 82' lang='lat' dir='ltr'><strong>id</strong></span> <span class='ocrx_word' id='word_1_804' title='bbox 2714 4678 2795 4720; x_wconf 89' lang='lat' dir='ltr'><strong>est</strong></span> <span class='ocrx_word' id='word_1_805' title='bbox 2857 4666 3103 4736; x_wconf 76' lang='lat' dir='ltr'><strong>magistri</strong></span> <span class='ocrx_word' id='word_1_806' title='bbox 3134 4665 3359 4721; x_wconf 77' lang='lat' dir='ltr'><strong>fratrum</strong></span> <span class='ocrx_word' id='word_1_807' title='bbox 3394 4684 3653 4723; x_wconf 84' lang='lat' dir='ltr'><strong>suorum.</strong></span> 
     </span>
    </p>
   </div>
   <div class='ocr_carea' id='block_1_108' title="bbox 2537 4756 4030 4833">
    <p class='ocr_par' dir='ltr' id='par_1_108' title="bbox 2537 4756 4030 4833">
     <span class='ocr_line' id='line_1_108' title="bbox 2537 4756 4030 4833; baseline 0.005 -21"><span class='ocrx_word' id='word_1_808' title='bbox 2537 4760 2693 4828; x_wconf 81' lang='lat' dir='ltr'><strong>(Cap.</strong></span> <span class='ocrx_word' id='word_1_809' title='bbox 2743 4756 2988 4813; x_wconf 71' lang='lat' dir='ltr'><strong>XXI.—</strong></span> <span class='ocrx_word' id='word_1_810' title='bbox 3021 4758 3175 4813; x_wconf 70' lang='lat' dir='ltr'><strong>Vcrs.</strong></span> <span class='ocrx_word' id='word_1_811' title='bbox 3228 4760 3307 4826; x_wconf 88' lang='lat' dir='ltr'><strong>l.)</strong></span> <span class='ocrx_word' id='word_1_812' title='bbox 3367 4780 3384 4810; x_wconf 80' lang='grc' dir='ltr'><strong>ι</strong></span> <span class='ocrx_word' id='word_1_813' title='bbox 3439 4761 3704 4833; x_wconf 71' lang='lat' dir='ltr'><strong>Dixitque</strong></span> <span class='ocrx_word' id='word_1_814' title='bbox 3762 4766 4030 4827; x_wconf 83' lang='lat' dir='ltr'><strong>Dominus,</strong></span> 
     </span>
    </p>
   </div>
   <div class='ocr_carea' id='block_1_109' title="bbox 2464 4850 4033 4927">
    <p class='ocr_par' dir='ltr' id='par_1_109' title="bbox 2464 4850 4033 4927">
     <span class='ocr_line' id='line_1_109' title="bbox 2464 4850 4033 4927; baseline 0.002 -24"><span class='ocrx_word' id='word_1_815' title='bbox 2464 4861 2688 4921; x_wconf 88' lang='lat' dir='ltr'><strong>propter</strong></span> <span class='ocrx_word' id='word_1_816' title='bbox 2714 4850 2844 4904; x_wconf 89' lang='lat' dir='ltr'><strong>Saul</strong></span> <span class='ocrx_word' id='word_1_817' title='bbox 2871 4858 2925 4904; x_wconf 86' lang='lat' dir='ltr'><strong>et</strong></span> <span class='ocrx_word' id='word_1_818' title='bbox 2970 4851 3192 4904; x_wconf 91' lang='lat' dir='ltr'><strong>domum</strong></span> <span class='ocrx_word' id='word_1_819' title='bbox 3231 4854 3610 4927; x_wconf 70' lang='lat' dir='ltr'><strong>sanguinutn;</strong></span> <span class='ocrx_word' id='word_1_820' title='bbox 3664 4858 3797 4925; x_wconf 77' lang='lat' dir='ltr'><strong>quia</strong></span> <span class='ocrx_word' id='word_1_821' title='bbox 3850 4858 4033 4912; x_wconf 78' lang='lat' dir='ltr'><strong>occidit</strong></span> 
     </span>
    </p>
   </div>
   <div class='ocr_carea' id='block_1_110' title="bbox 2462 4944 4033 5012">
    <p class='ocr_par' dir='ltr' id='par_1_110' title="bbox 2462 4944 4033 5012">
     <span class='ocr_line' id='line_1_110' title="bbox 2462 4944 4033 5012; baseline 0.004 -12"><span class='ocrx_word' id='word_1_822' title='bbox 2462 4944 2817 5000; x_wconf 81' lang='lat' dir='ltr'><strong>Gabaonitas.</strong></span> <span class='ocrx_word' id='word_1_823' title='bbox 2848 4964 2865 4994; x_wconf 79' lang='grc' dir='ltr'><strong>ι</strong></span> <span class='ocrx_word' id='word_1_824' title='bbox 2915 4944 3124 4999; x_wconf 88' lang='lat' dir='ltr'><strong>Domus</strong></span> <span class='ocrx_word' id='word_1_825' title='bbox 3159 4947 3493 5012; x_wconf 78' lang='lat' dir='ltr'><strong>sanguinum</strong></span> <span class='ocrx_word' id='word_1_826' title='bbox 3553 4959 3685 5003; x_wconf 90' lang='lat' dir='ltr'><strong>sunt</strong></span> <span class='ocrx_word' id='word_1_827' title='bbox 3728 4952 3824 5003; x_wconf 78' lang='lat' dir='ltr'><strong>lilii</strong></span> <span class='ocrx_word' id='word_1_828' title='bbox 3877 4952 4033 5006; x_wconf 71' lang='lat' dir='ltr'><strong>Sani:</strong></span> 
     </span>
    </p>
   </div>
   <div class='ocr_carea' id='block_1_111' title="bbox 2463 5035 4031 5110">
    <p class='ocr_par' dir='ltr' id='par_1_111' title="bbox 2463 5035 4031 5110">
     <span class='ocr_line' id='line_1_111' title="bbox 2463 5035 4031 5110; baseline 0.003 -22"><span class='ocrx_word' id='word_1_829' title='bbox 2463 5038 2706 5105; x_wconf 91' lang='lat' dir='ltr'><strong>quicum</strong></span> <span class='ocrx_word' id='word_1_830' title='bbox 2753 5037 2927 5090; x_wconf 81' lang='lat' dir='ltr'><strong>Doeclt</strong></span> <span class='ocrx_word' id='word_1_831' title='bbox 2963 5035 3220 5101; x_wconf 71' lang='lat' dir='ltr'><strong>Idumaeo,</strong></span> <span class='ocrx_word' id='word_1_832' title='bbox 3261 5038 3388 5091; x_wconf 88' lang='lat' dir='ltr'><strong>dum</strong></span> <span class='ocrx_word' id='word_1_833' title='bbox 3439 5041 3619 5095; x_wconf 83' lang='lat' dir='ltr'><strong>adhuc</strong></span> <span class='ocrx_word' id='word_1_834' title='bbox 3654 5047 3807 5110; x_wconf 86' lang='lat' dir='ltr'><strong>pueri</strong></span> <span class='ocrx_word' id='word_1_835' title='bbox 3841 5054 4031 5105; x_wconf 66' lang='lat' dir='ltr'><strong>essent,</strong></span> 
     </span>
    </p>
   </div>
   <div class='ocr_carea' id='block_1_112' title="bbox 2465 5130 3838 5191">
    <p class='ocr_par' dir='ltr' id='par_1_112' title="bbox 2465 5130 3838 5191">
     <span class='ocr_line' id='line_1_112' title="bbox 2465 5130 3838 5191; baseline 0.007 -9"><span class='ocrx_word' id='word_1_836' title='bbox 2465 5131 2776 5184; x_wconf 76' lang='lat' dir='ltr'><strong>sacerdotes</strong></span> <span class='ocrx_word' id='word_1_837' title='bbox 2801 5140 2853 5183; x_wconf 82' lang='lat' dir='ltr'><strong>et</strong></span> <span class='ocrx_word' id='word_1_838' title='bbox 2882 5130 3213 5185; x_wconf 87' lang='lat' dir='ltr'><strong>Gabaonilas</strong></span> <span class='ocrx_word' id='word_1_839' title='bbox 3239 5132 3291 5184; x_wconf 88' lang='lat' dir='ltr'><strong>itt</strong></span> <span class='ocrx_word' id='word_1_840' title='bbox 3324 5131 3474 5185; x_wconf 67' lang='lat' dir='ltr'><strong>Nube</strong></span> <span class='ocrx_word' id='word_1_841' title='bbox 3492 5136 3838 5191; x_wconf 70' lang='lat' dir='ltr'><strong>ceciderunt.</strong></span> 
     </span>
    </p>
   </div>
   <div class='ocr_carea' id='block_1_113' title="bbox 2533 5219 4033 5293">
    <p class='ocr_par' dir='ltr' id='par_1_113' title="bbox 2533 5219 4033 5293">
     <span class='ocr_line' id='line_1_113' title="bbox 2533 5219 4033 5293; baseline 0.008 -21"><span class='ocrx_word' id='word_1_842' title='bbox 2533 5221 2713 5290; x_wconf 73' lang='lat' dir='ltr'><strong>(Vers.</strong></span> <span class='ocrx_word' id='word_1_843' title='bbox 2739 5221 2820 5289; x_wconf 61' lang='grc' dir='ltr'><strong>Ξ.)</strong></span> <span class='ocrx_word' id='word_1_844' title='bbox 2857 5219 3009 5275; x_wconf 67' lang='lat' dir='ltr'><strong>«Filii</strong></span> <span class='ocrx_word' id='word_1_845' title='bbox 3037 5222 3237 5292; x_wconf 88' lang='lat' dir='ltr'><strong>quippe</strong></span> <span class='ocrx_word' id='word_1_846' title='bbox 3269 5220 3432 5278; x_wconf 83' lang='lat' dir='ltr'><strong>Israel</strong></span> <span class='ocrx_word' id='word_1_847' title='bbox 3466 5224 3800 5293; x_wconf 82' lang='lat' dir='ltr'><strong>juravcrunt</strong></span> <span class='ocrx_word' id='word_1_848' title='bbox 3851 5231 3947 5286; x_wconf 89' lang='lat' dir='ltr'><strong>eis.</strong></span> <span class='ocrx_word' id='word_1_849' title='bbox 3978 5230 4033 5284; x_wconf 84' lang='lat' dir='ltr'><strong>Et</strong></span> 
     </span>
    </p>
   </div>
   <div class='ocr_carea' id='block_1_114' title="bbox 2464 5314 4029 5393">
    <p class='ocr_par' dir='ltr' id='par_1_114' title="bbox 2464 5314 4029 5393">
     <span class='ocr_line' id='line_1_114' title="bbox 2464 5314 4029 5393; baseline 0.005 -27"><span class='ocrx_word' id='word_1_850' title='bbox 2464 5315 2636 5368; x_wconf 75' lang='lat' dir='ltr'><strong>voluit</strong></span> <span class='ocrx_word' id='word_1_851' title='bbox 2680 5314 2805 5367; x_wconf 81' lang='lat' dir='ltr'><strong>Sani</strong></span> <span class='ocrx_word' id='word_1_852' title='bbox 2854 5323 3137 5382; x_wconf 82' lang='lat' dir='ltr'><strong>percutere</strong></span> <span class='ocrx_word' id='word_1_853' title='bbox 3173 5329 3266 5369; x_wconf 81' lang='lat' dir='ltr'><strong>eos</strong></span> <span class='ocrx_word' id='word_1_854' title='bbox 3318 5316 3454 5369; x_wconf 82' lang='lat' dir='ltr'><strong>zelo.</strong></span> <span class='ocrx_word' id='word_1_855' title='bbox 3494 5336 3511 5366; x_wconf 77' lang='grc' dir='ltr'><strong>ι</strong></span> <span class='ocrx_word' id='word_1_856' title='bbox 3550 5318 3685 5375; x_wconf 87' lang='lat' dir='ltr'><strong>Zelo</strong></span> <span class='ocrx_word' id='word_1_857' title='bbox 3739 5326 3901 5392; x_wconf 86' lang='lat' dir='ltr'><strong>quasi</strong></span> <span class='ocrx_word' id='word_1_858' title='bbox 3947 5338 4029 5393; x_wconf 85' lang='lat' dir='ltr'><strong>pro</strong></span> 
     </span>
    </p>
   </div>
   <div class='ocr_carea' id='block_1_115' title="bbox 2466 5400 4025 5476">
    <p class='ocr_par' dir='ltr' id='par_1_115' title="bbox 2466 5400 4025 5476">
     <span class='ocr_line' id='line_1_115' title="bbox 2466 5400 4025 5476; baseline 0.006 -22"><span class='ocrx_word' id='word_1_859' title='bbox 2466 5403 2591 5457; x_wconf 72' lang='lat' dir='ltr'><strong>filiis</strong></span> <span class='ocrx_word' id='word_1_860' title='bbox 2619 5403 2779 5458; x_wconf 77' lang='lat' dir='ltr'><strong>Israel</strong></span> <span class='ocrx_word' id='word_1_861' title='bbox 2806 5414 2859 5456; x_wconf 90' lang='lat' dir='ltr'><strong>et</strong></span> <span class='ocrx_word' id='word_1_862' title='bbox 2886 5400 3046 5465; x_wconf 80' lang='lat' dir='ltr'><strong>Jnda,</strong></span> <span class='ocrx_word' id='word_1_863' title='bbox 3097 5404 3289 5459; x_wconf 81' lang='lat' dir='ltr'><strong>dicens</strong></span> <span class='ocrx_word' id='word_1_864' title='bbox 3332 5422 3345 5458; x_wconf 92' lang='lat'><strong>:</strong></span> <span class='ocrx_word' id='word_1_865' title='bbox 3379 5402 3549 5461; x_wconf 69' lang='lat' dir='ltr'><strong>Iosue</strong></span> <span class='ocrx_word' id='word_1_866' title='bbox 3592 5412 3767 5476; x_wconf 82' lang='lat' dir='ltr'><strong>gratis</strong></span> <span class='ocrx_word' id='word_1_867' title='bbox 3822 5414 4025 5467; x_wconf 83' lang='lat' dir='ltr'><strong>eosdem</strong></span> 
     </span>
    </p>
   </div>
   <div class='ocr_carea' id='block_1_116' title="bbox 2464 5494 4028 5567">
    <p class='ocr_par' dir='ltr' id='par_1_116' title="bbox 2464 5494 4028 5567">
     <span class='ocr_line' id='line_1_116' title="bbox 2464 5494 4028 5567; baseline 0.006 -19"><span class='ocrx_word' id='word_1_868' title='bbox 2464 5494 2795 5550; x_wconf 79' lang='lat' dir='ltr'><strong>Gabaonitas</strong></span> <span class='ocrx_word' id='word_1_869' title='bbox 2826 5496 3009 5550; x_wconf 83' lang='lat' dir='ltr'><strong>vivere</strong></span> <span class='ocrx_word' id='word_1_870' title='bbox 3039 5497 3350 5565; x_wconf 80' lang='lat' dir='ltr'><strong>permisisse</strong></span> <span class='ocrx_word' id='word_1_871' title='bbox 3387 5495 3533 5567; x_wconf 65' lang='grc' dir='ltr'><strong>(λοι.</strong></span> <span class='ocrx_word' id='word_1_872' title='bbox 3564 5516 3640 5565; x_wconf 82' lang='lat' dir='ltr'><strong>ts,</strong></span> <span class='ocrx_word' id='word_1_873' title='bbox 3674 5503 3809 5567; x_wconf 62' lang='lat' dir='ltr'><strong>i6):</strong></span> <span class='ocrx_word' id='word_1_874' title='bbox 3844 5516 3897 5561; x_wconf 85' lang='lat' dir='ltr'><strong>et</strong></span> <span class='ocrx_word' id='word_1_875' title='bbox 3924 5506 4028 5559; x_wconf 72' lang='lat' dir='ltr'><strong>ﬁliis</strong></span> 
     </span>
    </p>
   </div>
   <div class='ocr_carea' id='block_1_117' title="bbox 2535 5654 4023 5730">
    <p class='ocr_par' dir='ltr' id='par_1_117' title="bbox 2535 5654 4023 5730">
     <span class='ocr_line' id='line_1_117' title="bbox 2535 5654 4023 5730; baseline 0.003 -24"><span class='ocrx_word' id='word_1_876' title='bbox 2535 5660 2559 5692; x_wconf 78' lang='grc' dir='ltr'>α</span> <span class='ocrx_word' id='word_1_877' title='bbox 2592 5657 2759 5707; x_wconf 76' lang='lat' dir='ltr'><strong>Antea</strong></span> <span class='ocrx_word' id='word_1_878' title='bbox 2786 5664 2921 5713; x_wconf 85' lang='lat' dir='ltr'><strong>erat,</strong></span> <span class='ocrx_word' id='word_1_879' title='bbox 2953 5656 3006 5706; x_wconf 87' lang='lat' dir='ltr'><strong>in</strong></span> <span class='ocrx_word' id='word_1_880' title='bbox 3031 5671 3133 5730; x_wconf 74' lang='grc' dir='ltr'>ᾳιιιι</span> <span class='ocrx_word' id='word_1_881' title='bbox 3160 5654 3417 5730; x_wconf 56' lang='lat' dir='ltr'><strong>viderunt:</strong></span> <span class='ocrx_word' id='word_1_882' title='bbox 3446 5654 3688 5730; x_wconf 64' lang='lat' dir='ltr'><strong>Domino</strong></span> <span class='ocrx_word' id='word_1_883' title='bbox 3714 5677 3809 5725; x_wconf 87' lang='lat' dir='ltr'><strong>per</strong></span> <span class='ocrx_word' id='word_1_884' title='bbox 3831 5660 4023 5730; x_wconf 68' lang='lat' dir='ltr'><strong>Moysen</strong></span> 
     </span>
    </p>
   </div>
   <div class='ocr_carea' id='block_1_118' title="bbox 2464 5724 4023 5802">
    <p class='ocr_par' dir='ltr' id='par_1_118' title="bbox 2464 5724 4023 5802">
     <span class='ocr_line' id='line_1_118' title="bbox 2464 5724 4023 5802; baseline 0.003 -25"><span class='ocrx_word' id='word_1_885' title='bbox 2464 5737 2798 5802; x_wconf 52' lang='lat' dir='ltr'><strong>prccantum.</strong></span> <span class='ocrx_word' id='word_1_886' title='bbox 2834 5736 2885 5775; x_wconf 85' lang='lat' dir='ltr'><strong>ut</strong></span> <span class='ocrx_word' id='word_1_887' title='bbox 2909 5727 3188 5802; x_wconf 36' lang='lat' dir='ltr'><strong>quo-modo.</strong></span> <span class='ocrx_word' id='word_1_888' title='bbox 3221 5739 3323 5779; x_wconf 69' lang='lat' dir='ltr'><strong>etc.</strong></span> <span class='ocrx_word' id='word_1_889' title='bbox 3359 5724 3526 5779; x_wconf 49' lang='lat' dir='ltr'><strong>Nobis</strong></span> <span class='ocrx_word' id='word_1_890' title='bbox 3580 5744 3682 5783; x_wconf 72' lang='lat' dir='ltr'><strong>uzs.</strong></span> <span class='ocrx_word' id='word_1_891' title='bbox 3716 5724 3776 5784; x_wconf 79' lang='lat' dir='ltr'><strong>et</strong></span> <span class='ocrx_word' id='word_1_892' title='bbox 3799 5747 3863 5785; x_wconf 75' lang='lat' dir='ltr'><strong>ex</strong></span> <span class='ocrx_word' id='word_1_893' title='bbox 3891 5724 4023 5799; x_wconf 51' lang='lat' dir='ltr'><strong>parte</strong></span> 
     </span>
    </p>
   </div>
   <div class='ocr_carea' id='block_1_119' title="bbox 2466 5795 3191 5863">
    <p class='ocr_par' dir='ltr' id='par_1_119' title="bbox 2466 5795 3191 5863">
     <span class='ocr_line' id='line_1_119' title="bbox 2466 5795 3191 5863; baseline -0.004 -14"><span class='ocrx_word' id='word_1_894' title='bbox 2466 5795 2745 5851; x_wconf 81' lang='lat' dir='ltr'><strong>Ilabauuut</strong></span> <span class='ocrx_word' id='word_1_895' title='bbox 2777 5795 2929 5863; x_wconf 79' lang='lat' dir='ltr'><strong>sequi</strong></span> <span class='ocrx_word' id='word_1_896' title='bbox 2968 5796 3191 5863; x_wconf 78' lang='lat' dir='ltr'><strong>placuit.</strong></span> 
     </span>
    </p>
   </div>
  </div>
