4198 6350
801 399 934 464 ιιετ

2305 384 2706 445 Ai‘PENDlX.

3926 373 4041 434 1428

776 530 878 570 sua
908 515 1273 576 interemptus
1303 514 1409 569 est,
1436 504 1597 575 quia,
1624 519 1733 560 non
1777 498 2135 557 custodiendo
2162 500 2364 565 legem,
2402 502 2443 558 Α
2476 498 2661 566 praelia
2711 496 2797 549 hic
2829 505 2877 551 ει
2904 494 3074 565 infra}
3108 508 3257 557 vero,
3301 493 3396 563 qui
3435 490 3622 544 ηοηιῖι
3662 490 3911 543 rosum,-
3963 491 4041 542 c3.

781 605 913 672 Ιρκίι
938 617 1169 658 censura
1202 609 1521 669 peremptus
1546 605 1649 653 est.
1684 597 1744 651 lu
1778 594 1895 664 lege
1924 594 2071 647 enim
2112 592 2184 645 ita
2214 590 2355 645 scri-

778 708 929 765 ptum
966 704 1051 749 est
1076 710 1091 748 :
1132 692 1243 747 Diis
1268 710 1370 746 non
1394 692 1661 755 detrahes,
1696 696 1745 743 et
1772 688 2060 757 principem
2081 684 2258 755 populi
2282 684 2358 737 tui

779 806 883 845 non
934 788 1216 842 maledica
1272 786 1475 856 (Exod.
1532 800 1665 849 uti,
1732 781 1852 851 28).

851 884 1031 957 (Vera.
1062 883 1152 948 22,
1184 883 1300 951 εδ.)
1338 881 1499 935 «Περ
1529 877 1656 934 fecit
1689 877 1926 932 Banaias
1951 876 2093 929 (ilius
2123 871 2356 929 Joiadre.

782 980 847 1033 I'lt
875 978 990 1044 ipse
1020 977 1340 1030 nominatus
1390 974 1534 1027 inter
1571 983 1684 1028 tres
1737 970 2018 1035 robustos,
2053 969 2145 1036 qui
2200 976 2363 1022 erant

784 1071 1005 1141 triginta
1036 1069 1353 1125 nobiliores.
1381 1085 1399 1119 ο
1431 1063 1781 1137 lntelligitnr,
1810 1064 2069 1134 quiaipse
2091 1060 2359 1116 nominari

782 1167 985 1238 dignus
1013 1174 1161 1221 esset
1195 1164 1338 1217 inter
1382 1171 1497 1217 tres
1556 1163 1837 1220 robustos.
1882 1159 1932 1211 id
1983 1167 2090 1223 est,
2149 1156 2358 1222 Abisai,

786 1259 1155 1324 Sihbachai,et
1177 1256 1478 1322 Jonatltan;
1505 1255 1708 1323 quippe
1730 1253 1820 1320 qui
1849 1251 2057 1305 viribus
2082 1250 2163 1305 eis
2194 1250 2363 1318 aequi.

789 1350 966 1417 parari
1001 1358 1203 1419 posset.
1244 1368 1261 1399 ι
1299 1347 1360 1402 lli
1389 1349 1550 1401 etiam
1571 1356 1683 1400 tres
1713 1354 1872 1399 erant
1890 1345 2359 1413 sttpertriginta.’

790 1442 855 1497 Et
884 1456 953 1495 ne
976 1456 1137 1511 quem
1170 1450 1408 1503 moveat,
1442 1440 1587 1509 quod
1617 1440 1670 1493 in
1714 1454 1929 1493 summa
1964 1453 2069 1491 non
2116 1438 2362 1509 triginta,

792 1532 886 1586 sed
928 1533 1151 1601 triginta
1211 1542 1419 1601 septem
1486 1531 1758 1599 legantur.
1818 1529 2060 1599 Triginta
2122 1530 2266 1583 enim
2314 1540 2366 1582 ct

791 1632 996 1690 septem
1079 1634 1209 1679 sunt
1276 1625 1381 1679 bne
1415 1624 1620 1679 modo:
1682 1634 1889 1692 septem
1944 1622 2200 1675 videlicet
2257 1621 2362 1675 ior-

790 1719 955 1772 tiores
1014 1716 1069 1771 hi
1120 1726 1286 1784 sunt,
1357 1716 1548 1780 David,
1602 1716 1697 1785 qui
1761 1716 2067 1785 appellatur
2120 1714 2369 1767 Adeoda-

790 1818 897 1871 tus,
940 1806 1151 1869 Abisai,
1185 1807 1503 1871 Sibbachai,
1558 1805 1861 1871 Jonatltan,
1915 1804 2161 1868 Eleazar,
2211 1802 2365 1858 Sem-

792 1916 933 1962 maa,
960 1901 1103 1953 illius
1130 1901 1291 1967 Aggre
1318 1898 1389 1951 dc.
1424 1899 1605 1972 Arari,
1635 1909 1689 1951 et
1724 1896 1995 1957 Banaias;
2048 1912 2177 1950 ecce
2238 1910 2367 1965 sep-

792 2002 919 2046 tcm.
941 1991 1187 2063 Triginta
1209 2000 1387 2045 autem
1417 1992 1467 2043 1ιὶ
1484 2000 1633 2052 sunt,
1655 1992 1834 2053 Asael,
1863 1990 2125 2051 Elcanan,
2147 1990 2367 2043 Semma

796 2088 863 2137 de
893 2084 1085 2147 Aradi,
1122 2083 1335 2143 Eliclia,
1377 2082 1525 2146 Elez,
1556 2082 1705 2140 Hira.
1746 2081 2036 2144 llabiezer,
2092 2078 2375 2155 Mobunai.

796 2173 1046 2240 Selmon,
1108 2175 1381 2238 Maltarai,
1442 2174 1632 2243 Eleplt,
1692 2172 1945 2236 Banaiav,
2004 2171 2372 2234 Pltralonites,

803 2268 983 2332 Eldar,
1022 2265 1204 2330 Hidai,
1243 2267 1554 2325 Albialliou.
1588 2273 1866 2325 Azmavet,
1902 2264 2115 2326 Eliaba,
2148 2263 2369 2317 Setnma

793 2362 861 2415 de
888 2360 1068 2427 Arari,
1106 2360 1322 2422 ilaiam,
1359 2359 1686 2427 Eliplteletlt,
1725 2358 1920 2423 Eliam,
1976 2356 2156 2419 Esrai,
2192 2356 2362 2411 Phra-

796 2451 1124 2521 rai..ligaal,
1160 2450 1316 2511 Boni,
1375 2450 1595 2511 Selcclr,
1660 2448 1880 2513 Naarai,
1940 2447 2093 2509 llira,
2159 2446 2360 2513 Gareb,

798 2544 958 2600 Urias
991 2543 1232 2599 Elhmus.
1260 2543 1388 2597 ideo
1416 2559 1547 2611 ergo
1575 2541 1733 2596 Urius
1768 2542 1987 2596 Etltaaus
2020 2540 2243 2595 ultimus
2269 2556 2365 2609 po-

798 2636 948 2689 nitur
981 2647 1209 2703 propter
1242 2634 1296 2690 id
1330 2635 1477 2719 quod
1504 2636 1775 2704 sequitur.

868 2724 1022 2793 (Cap.
1058 2722 1249 2778 XXIV.
1291 2752 1359 2765 -—
1387 2722 1541 2777 Vers.
1587 2726 1663 2780 l.)
1701 2742 1720 2775 ‹
1760 2722 1823 2775 Ει
1846 2723 2055 2778 addidit
2086 2725 2238 2781 furor
2266 2728 2368 2782 Do-

797 2817 933 2871 mini
976 2815 1136 2871 irasci
1166 2826 1353 2870 contra
1390 2815 1576 2869 israel.
1621 2834 1639 2867 ι
1678 2813 1797 2868 iam
1827 2817 1972 2868 enim
2028 2818 2161 2872 ultio
2226 2819 2369 2873 facta

800 2912 977 2967 fuerat
1001 2912 1055 2967 in
1082 2910 1257 2966 David
1294 2911 1423 2967 etin
1459 2911 1678 2966 domum
1720 2909 1860 2979 ejus.
1894 2909 1951 2964 In
2004 2914 2206 2981 pepulo
2250 2913 2365 2987 [ΑΙ.

2463 591 2554 645 vid
2585 590 2642 643 in
2673 589 2992 659 peritnendo
3036 586 3163 642 Uria
3194 585 3409 651 Ethmo,
3445 585 3693 639 necdum
3730 583 3862 635 ultio
3885 583 4041 636 divini

2466 684 2611 737 facta
2684 681 2890 737 fuerat.
2962 681 3177 740 Idcirco
3248 680 3339 735 hic
3400 682 3646 733 ultimus
3716 678 3946 747 ponitur,
3999 688 4044 730 ut

2466 776 2607 831 ultio
2707 776 2905 830 mortis
2983 774 3102 841 «ius
3191 776 3248 826 in
3345 772 3559 842 populo
3642 778 4041 824 monstraretur.

2467 870 2570 924 l'ro
2610 883 2721 939 quo
2756 870 2954 938 popqu
2974 870 3175 937 legitur
3236 868 3290 919 in
3349 864 3841 935 subsequentibus
3892 864 4037 916 David

2463 964 2711 1021 dixisse:
2752 982 2770 1016 ο
2816 961 3073 1017 Vertatur
3131 977 3327 1017 manus
3358 969 3478 1025 tua,
3548 961 3815 1021 obsecro,
3874 972 4040 1012 contra

2464 1073 2570 1121 me,
2603 1067 2655 1112 et
2692 1068 2882 1113 contra
2914 1057 3136 1111 domum
3191 1055 3365 1127 patris
3389 1056 3560 1109 mei.»

2542 1151 2724 1223 (Vers.
2758 1152 2835 1221 9.)
2872 1171 2890 1204 ι
2931 1150 2994 1205 Et
3016 1151 3236 1205 inventa
3269 1159 3399 1205 sunt
3432 1149 3503 1203 de
3543 1148 3722 1202 lsrael
3760 1147 4041 1215 oetingenta

2474 1247 2639 1302 millia
2668 1246 2911 1300 virorum
2946 1246 3195 1306 fortium.
3225 1246 3325 1313 qui
3356 1245 3671 1297 educerent
3701 1241 3933 1312 gladium
3965 1254 4043 1293 :et

2468 1343 2533 1393 de
2566 1340 2702 1393 Juda
2736 1339 3032 1409 quingenta
3063 1337 3228 1389 millia
3253 1346 3697 1406 pugnatorum.»
3732 1333 3787 1385 ln
3824 1332 4041 1391 lli-bove.

2482 1432 2733 1485 Virorum
2784 1432 3003 1500 legitur:
3045 1432 3103 1483 in
3162 1430 3629 1495 Paralipomenon
3695 1442 3827 1479 vero
3852 1427 4045 1493 legitur.

2469 1524 2619 1579 Mille
2642 1525 2839 1590 millia,
2868 1534 3079 1578 centum
3102 1522 3273 1576 millia
3302 1524 3368 1575 de
3392 1521 3664 1590 Israel.iet
3694 1522 3761 1573 de
3775 1519 3914 1573 Iuda
3935 1538 4046 1589 qua-

2470 1620 2747 1687 dringenta
2783 1618 3119 1688 septuaginta
3141 1617 3311 1670 millia
3331 1614 3382 1686 (1
3428 1615 3627 1669 Paral.
3656 1632 3777 1677 xxi,
3828 1615 3901 1679 5).
3921 1614 4048 1679 Quos

2467 1712 2685 1781 quidem
2723 1711 3131 1781 intelligendum
3160 1719 3269 1772 est,
3312 1726 3340 1763 a
3374 1708 3519 1765 Joab
3550 1722 3875 1763 numeratos
3908 1723 4043 1762 esse:

2472 1806 2569 1858 sed
2620 1818 2889 1859 summam
2948 1817 3137 1856 eorum
3202 1802 3450 1856 noluisse
3510 1801 3821 1854 ostendere
3874 1800 4041 1860 David.

2478 1897 2582 1951 nisi
2615 1906 2825 1951 tantmn
2862 1906 3125 1963 quantum
3163 1896 3217 1948 in
3271 1895 3559 1948 Samuelis
3592 1894 3743 1947 libro
3783 1894 4040 1947 scribitur.

2549 1989 2725 2056 (Vera.
2754 1988 2865 2055 15.)
2896 2006 2914 2039 ι
2950 1987 3286 2054 immisitque
3316 1986 3591 2041 Dominus
3626 1986 3985 2055 pestilentiam
4005 1988 4048 2037 in

2479 2082 2645 2134 lal’llt‘i
2674 2079 2740 2133 de
2774 2095 2930 2133 mane
2967 2096 3141 2149 usque
3177 2079 3243 2131 ad
3298 2088 3522 2147 tempus
3596 2078 3983 2132 constitutum.
4032 2096 4045 2126 ι

2481 2174 2725 2244 Tempus
2752 2172 3109 2227 constitutqu
3148 2173 3277 2234 diei,
3311 2177 3544 2251 quando
3606 2172 3947 2226 sacriﬁcium
3976 2188 4051 2224 ve-

2482 2269 2784 2337 spertinum
2813 2266 3163 2321 oll‘erebatur.

2550 2361 2731 2424 (Vers.
2771 2359 2889 2429 Si.)
2928 2379 2947 2411 ι
2982 2360 3125 2414 Emit
3154 2375 3288 2429 ergo
3322 2360 3494 2414 David
3554 2376 3755 2413 aream
3815 2374 3864 2414 et
3910 2362 4051 2413 ilOVF'S

2462 2454 2670 2521 argenti
2690 2452 2837 2507 siclis
2854 2453 3268 2523 quinquaginta;
3290 2453 3437 2522 quod
3461 2454 3591 2506 etin
3616 2453 4051 2521 Paralipomenon:

2466 2546 2540 2599 ita
2581 2546 2814 2615 legitur:
2862 2546 3013 2598 Dedit
3049 2562 3173 2615 ergo
3215 2544 3383 2598 Darid
3410 2545 3602 2600 Ornan
3648 2562 3750 2613 pro
3784 2549 3894 2600 loco
3922 2550 4052 2600 sit-tos

2467 2638 2893 2705 aurijustissimi
2925 2638 3174 2705 ponderis
3200 2648 3477 2691 sexcentos
3500 2637 3547 2699 (Ι
3588 2637 3800 2691 Paral.
3835 2655 3940 2700 ut.
3968 2640 4044 2691 9.5.

2478 2729 2893 2803 Intelligendum
2993 2744 3227 2797 namque
3306 2738 3390 2783 est
3453 2730 3632 2784 boves
3708 2731 3921 2799 argenti
3990 2731 4052 2782 si-

2479 2823 2581 2877 clis
2607 2822 3064 2890 [quinquaginta;
3122 2838 3303 2877 aream
3360 2839 3493 2877 vero
3552 2827 3843 2878 sexcentis
3900 2825 4052 2877 aureis

2476 2932 2559 2969 ειη
2587 2931 2697 2969 $58.

808 3110 3355 3137 Wm—

1693 3239 1814 3326 lN
1902 3239 2355 3330 LIBRUM
2442 3244 2586 3332 III
2674 3234 3140 3333 REGUM‘

880 3512 1037 3581 (Cap.
1061 3509 1105 3566 1.
1132 3538 1204 3553 -—-
1227 3510 1385 3570 Vers.
1414 3508 1492 3581 6.)
1530 3531 1548 3563 ι
1587 3512 1710 3566 Erat
1730 3520 1915 3567 autem
1947 3512 2226 3572 'Adouias
2256 3516 2377 3586 pul-
2408 3526 2452 3583 ο
2487 3527 2615 3573 tur:
2662 3517 2729 3572 Et
2788 3522 3089 3573 consolatus
3130 3527 3206 3572 est
3258 3518 3430 3573 David
3492 3518 3798 3575 Betluabee
3860 3537 4047 3576 uxorem

811 3606 941 3661 alter
968 3605 1143 3670 valde,
1182 3604 1457 3662 secundus
1493 3614 1620 3667 natu
1647 3618 1771 3676 post
1802 3606 2078 3661 Absalom.
2103 3628 2121 3659 ι
2174 3606 2381 3664 Notan-

812 3700 939 3751 dum
980 3698 1123 3768 quod
1170 3698 1222 3752 in
1264 3696 1490 3753 llehrzeo
1532 3698 1602 3752 ita
1631 3699 1829 3766 legitur
1867 3717 1881 3753 :
1918 3718 1939 3756 ‹
1974 3700 2039 3753 Et
2068 3702 2247 3769 ipsum
2286 3717 2378 3772 pe-

813 3792 954 3861 perit
980 3802 1095 3861 post
1124 3792 1398 3855 Absalon,
1440 3811 1457 3843 ι
1487 3793 1823 3847 subauditur
1858 3804 2169 3863 peccatum.

887 3881 1072 3953 (Vera.
1108 3883 1189 3946 8.)
1223 3902 1241 3936 ι
1284 3882 1501 3937 Sadoch
1532 3898 1663 3943 vero
1694 3885 1955 3940 sacerdos
1984 3893 2037 3939 et
2071 3884 2304 3941 Banaias
2330 3886 2388 3940 lic

816 3972 922 4027 lius
937 3973 1159 4036 Joiada.
1193 3983 1247 4033 et
1276 3972 1486 4037 Natlian
1520 3974 1802 4044 prOpIteta.
1826 3984 1878 4027 et
1908 3974 2108 4041 Semei,
2140 3986 2195 4031 et
2227 3976 2387 4045 thei,

818 4073 871 4118 et
897 4065 1263 4123 robustissimi
1291 4065 1458 4120 David
1488 4082 1593 4120 non
1625 4078 1782 4119 erant
1804 4080 1929 4120 eum
1968 4070 2199 4125 Adouia.
2238 4089 2256 4121 ι
2288 4070 2389 4126 Se-

818 4158 924 4215 tnel
956 4160 1070 4226 ipse
1097 4166 1180 4211 est
1210 4157 1443 4224 Nabatlt,
1486 4169 1637 4229 pater
1661 4158 1975 4228 Jeroboam,
2004 4182 2035 4234 q
2058 4166 2110 4219 ui
2142 4166 2246 4221 fuit
2276 4182 2389 4221 ma.

819 4250 986 4317 gister
1016 4250 1347 4316 Salomonis,
1382 4262 1435 4306 et
1460 4252 1563 4306 fuit
1594 4254 1661 4308 de
1729 4253 2005 4314 Balturitn.
2079 4258 2129 4311 il
2187 4272 2271 4314 est
2319 4260 2387 4313 de

820 4345 1031 4399 elecﬁs.
1063 4342 1195 4397 Rbei
1222 4355 1402 4399 autem
1429 4344 1546 4413 ipse
1593 4358 1671 4400 est
1709 4345 1891 4402 Hiram
1925 4348 2157 4403 Zairues
2209 4368 2389 4405 sacer-

820 4438 937 4500 dos,
955 4437 1005 4489 id
1027 4446 1107 4489 est
1127 4437 1384 4504 magister
1408 4437 1599 4492 David.
1622 4435 2009 4495 liobustissimi
2032 4456 2264 4512 namque
2293 4443 2393 4498 Da-

821 4528 908 4581 vid
967 4544 1128 4597 supra
1164 4529 1356 4592 notati,
1388 4528 1670 4585 fortissimi
1703 4530 2112 4601 intelliguntur.

894 4620 1072 4691 (Vers.
1114 4621 1223 4689 ΙἸ.)
1264 4640 1282 4672 ι
1307 4620 1493 4676 Nonne
1520 4633 1602 4687 ttt,
1632 4623 1853 4677 domine
1914 4627 1987 4678 mi
2022 4641 2137 4687 rex,
2192 4630 2393 4699 jurasti

823 4715 1037 4769 ancillae
1069 4723 1198 4776 tuae.
1229 4715 1446 4779 dicens,
1496 4716 1646 4786 quod
1676 4718 1943 4773 Salomon
1975 4718 2118 4774 ﬁlius
2153 4732 2279 4776 tuus
2316 4738 2396 4775 re-

820 4806 1005 4871 gnabit
1034 4815 1153 4870 post
1181 4816 1350 4872 me,et
1385 4806 1497 4875 ipse
1529 4809 1739 4863 Sedebit
1773 4811 1824 4863 in
1854 4816 2051 4864 throno
2077 4828 2195 4865 meo
2220 4815 2271 4865 ἲ»
2303 4811 2395 4867 Ju-

827 4912 975 4951 rasse
1004 4896 1171 4950 David
1205 4899 1426 4963 dicitur,
1477 4900 1696 4968 quando
1753 4916 1873 4959 eam
1945 4904 2259 4959 consolatus
2306 4916 2388 4959 est
2426 4910 2468 4966 υ

825 4994 949 5055 post
1002 4996 1229 5047 mortem
1257 4990 1375 5052 lilii,
1427 4988 1572 5044 sicut
1623 4991 1674 5043 in
1736 4992 1876 5047 libro
1928 4994 2199 5051 Samuelis
2256 4996 2386 5065 legi-

907 5102 1165 5177 ‘__Absunt
1190 5104 1448 5177 inmultjs
1479 5120 1612 5164 mss.
1630 5108 2032 5177 exemplaribus
2068 5110 2394 5175 Quwstiones

829 5173 883 5226 in
914 5172 1104 5245 librum
1133 5176 1343 5233 tertium
1377 5173 1593 5245 Regum.

906 5247 926 5275 ³
957 5244 1159 5301 Vitiose
1186 5255 1241 5300 et
1271 5244 1465 5299 contra
1495 5247 1637 5301 sacri
1664 5257 1847 5304 textus
1888 5248 2048 5305 ﬁdem
2080 5262 2195 5306 erat
2224 5261 2384 5313 antea

901 5374 925 5433 ξ
962 5359 1306 5433 Epigraphen
1342 5377 1493 5415 meus
1526 5379 1625 5417 ms.
1657 5365 1888 5433 supplet.

905 5431 931 5470 δ
972 5430 1246 5504 interserit
1283 5447 1433 5485 tuens
1463 5448 1564 5491 ms.
1600 5430 1893 5502 putremeo
1946 5453 1963 5490 :
1998 5437 2140 5504 quod
2170 5449 2223 5491 et
2256 5437 2383 5490 Am-

839 5501 989 5553 bros.
1024 5501 1175 5553 facit.

910 5580 932 5607 ε
966 5568 1140 5650 llujus
1192 5578 1248 5623 et
1310 5572 1698 5650 subsequentis
1748 5576 2001 5650 versiculi
2056 5578 2395 5650 expositione

837 5637 1181 5711 “artiums
1210 5655 1276 5694 ει
1298 5637 1568 5711 ουιτυριῐς
1604 5661 1735 5697 mss.
1775 5648 1838 5697 ad
1883 5649 1999 5702 libri
2036 5637 2236 5702 caiizcm
2282 5647 2392 5699 dis-

840 5707 1063 5771 tulerat,
1109 5707 1176 5763 de
1208 5725 1315 5778 qua
1349 5707 1763 5781 ipse'luxatioue
1810 5719 2182 5784 conqueritur.
2241 5716 2390 5768 Meus

842 5792 948 5858 ius.
985 5787 1272 5858 utramque
1294 5797 1393 5835 suo
1426 5784 1544 5837 low
1570 5786 1911 5858 postliminio
1937 5789 2198 5851 restituit,
2250 5795 2387 5839 tam-

842 5848 953 5907 elsi
988 5849 1043 5903 in
1078 5848 1480 5921 illo'postrcma
1523 5848 1777 5924 pet‘iccipc
1817 5874 1842 5910 ιι
1871 5858 2069 5921 \‘t't'llis,
2107 5872 2159 5911 ut
2188 5848 2385 5912 Srilirrt

2485 3630 2639 3667 suam
2674 3610 2761 3683 (11
2789 3612 2915 3684 Reg.
2937 3627 3037 3673 ιιι.
3068 3612 3183 3677 24).

2558 3708 2895 3777 (Vers.2l.)
2926 3727 2946 3760 ι
2978 3708 3202 3777 Eritque
3261 3722 3389 3761 cum
3452 3707 3762 3762 durmierit
3818 3709 4048 3762 dominus

2488 3814 2641 3854 meus
2656 3816 2749 3855 rex
2763 3815 2885 3854 cum
2908 3800 3158 3869 patribus
3171 3799 3528 3865 suis;erimus
3546 3814 3686 3863 ergo
3707 3801 3727 3829 ¹
3749 3798 4049 3853 etSalomon

2489 3890 2634 3945 ﬁlius
2652 3908 2802 3946 meus
2822 3900 3156 3960 peccatores,
3180 3891 3231 3944 id
3256 3898 3339 3945 est
3360 3906 3688 3943 mamzeres.
3706 3910 3723 3940 ι
3759 3891 3885 3945 Inde
3908 3891 4050 3943 mise-

2490 3984 2777 4039 ricordiam
2802 3985 2995 4037 iecisse
3032 3984 3196 4037 Deum
3214 3998 3337 4035 cum
3359 3981 3549 4043 David.
3582 3981 3850 4037 Salomon
3870 3984 3989 4035 dicit
4010 4000 4050 4033 Ill

2491 4077 2951 4144 subsequentibus
2978 4092 2991 4128 :
3026 4088 3092 4128 eo
3117 4072 3259 4143 quod
3290 4072 3461 4125 lilium
3494 4074 3591 4140 qui
3624 4074 3933 4127 secundum
3988 4073 4053 4124 le-

2492 4182 2613 4237 gem
2650 4183 2885 4220 mamzer
2910 4176 3049 4227 erat,
3086 4179 3472 4220 successorem
3510 4165 3589 4218 illi
3620 4163 3777 4219 fecit.
3812 4166 3899 4219 Ait
3926 4164 4051 4218 enim

2494 4261 2566 4312 ita
2598 4274 2614 4314 :
2644 4259 2719 4312 Tu
2743 4259 3048 4327 fecisticuut
3078 4274 3225 4310 servo
3249 4267 3339 4309 tuo
3385 4258 3565 4309 David
3597 4256 3623 4296 δ
3653 4258 4053 4310 misericordiam

2496 4354 2772 4422 grandem,
2798 4364 2843 4405 et
2870 4352 3056 4405 dedisti
3074 4352 3120 4403 ei
3148 4350 3318 4417 [ilium
3345 4349 3612 4402 sedentem
3638 4365 3804 4416 super
3835 4348 4054 4400 thronum

2494 4448 2607 4512 ejus
2646 4446 2784 4498 sicut
2809 4453 2884 4496 est
2929 4443 3081 4494 hodie
3120 4437 3240 4509 (Ill
3262 4437 3391 4507 Reg.
3429 4453 3512 4499 ut,
3554 4438 3639 4506 6).

2566 4534 2901 4606 (Vers.35.)
2959 4552 2977 4584 ο
3030 4522 3225 4586 Τοῐιὶιθ
3275 4530 3560 4585 vobiscum
3620 4546 3816 4585 servos
3876 4530 4053 4586 dourui

2496 4630 2687 4691 vestri,
2717 4640 2770 4681 et
2804 4628 3066 4695 imponite
3103 4626 3451 4678 Salomonem
3487 4622 3662 4675 lilium
3705 4640 3891 4676 meum
3918 4638 4056 4688 super

2498 4723 2699 4775 mulum
2738 4734 2937 4773 meam.
2990 4738 3006 4768 ι
3051 4717 3251 4771 Servos
3288 4716 3374 4768 Itie
3401 4714 3537 4769 dicit
3583 4715 3813 4770 Ceretlti
3842 4726 3897 4770 et
3939 4716 4054 4769 Pitc-

2500 4816 2649 4878 letlti.
2680 4816 2730 4869 id
2757 4824 2843 4868 cst
2893 4812 3242 4880 septuaginta
3278 4825 3439 4865 senes
3466 4810 3718 4878 judices.

2576 4906 2730 4976 (Cap.
2761 4906 2829 4960 ll.
2858 4904 3087 4957 —\'ers.
3123 4903 3201 4970 5.)
3238 4921 3255 4952 ι
3309 4900 3459 4967 Quos
3518 4901 3749 4961 occidit.
3788 4914 3844 4957 et
3893 4901 4059 4957 ell’mlit

2491 5000 2815 5066 sanguinem
2856 4996 2978 5050 belli
3013 4997 3062 5048 in
3089 5008 3217 5064 pace
3244 5003 3265 5033 ο
3299 5010 3315 5046 :
3361 5003 3415 5048 et
3463 4993 3652 5061 posuit
3710 5011 3963 5050 cruorem
4016 4996 4057 5047 in

2508 5132 2629 5182 ergo
2663 5131 2760 5181 pro
2804 5130 2914 5181 ego.
2971 5110 3316 5173 Ambrosian,
3373 5118 3420 5161 et
3460 5125 3689 5180 quoque
3750 5113 4057 5182 particulam

2502 5187 2782 5252 praeponit,
2810 5195 2857 5237 et
2895 5197 3005 5250 ego.

2505 5380 2819 5436 antequam,
2850 5378 2981 5429 etc..
3014 5368 3376 5422 desideretur.
3404 5364 3764 5436 Ambrosiam
3822 5366 3920 5419 hoc
3967 5383 4055 5419 nam

2505 5456 2531 5489 a
2563 5434 2683 5490 mro
2722 5457 2822 5491 ms.
2859 5440 3093 5495 abludit.
3130 5436 3277 5501 «μιυά
3333 5434 3615 5497 versiculi,
3691 5435 3848 5489 Venit
3901 5448 4051 5489 autem

2504 5513 2717 5563 nuntius
2743 5510 2811 5562 ad
2845 5509 2998 5570 Joab,
3041 5523 3212 5579 usque
3256 5513 3371 5574 post
3424 5504 3724 5579 Δᾼςιοηίαηι.
3778 5510 4055 5579 expositio-

2502 5595 2622 5630 nem
2657 5582 2922 5648 ιπςιιροηὶι
2948 5574 3138 5639 alteri;
3160 5593 3287 5646 quos
3325 5574 3538 5639 occidit,
3570 5587 3620 5628 et
3643 5577 3838 5643 e/fadit
3858 5574 4052 5648 sangui-

2480 5643 2895 5703 .uemﬁl)esunt
2943 5665 3068 5701 vero
3102 5643 3180 5699 ad
3213 5648 3449 5712 priorem
3509 5648 3715 5699 versic.
3755 5650 3940 5706 verba,
4000 5643 4049 5699 ιέ

2496 5719 2693 5771 scilicet
2727 5733 3002 5789 antequam
3037 5719 3270 5772 .‘idottias
3324 5714 3615 5785 ttﬂcclusset
3675 5734 3913 5787 regnum,
3939 5725 4045 5778 etc,

2500 5802 2670 5859 usque
2706 5792 2756 5843 in
2788 5793 2967 5843 linem.
