4198 6350
181 387 319 453 1429

1079 408 1367 480 QUIEST.
1413 414 1768 476 II‘EBII.\[C.
1815 418 1893 477 IN
1947 420 2096 482 LIB.
2138 420 2239 481 Ill
2276 423 2563 488 REGUM.

3324 438 3470 504 “‘30

177 514 358 616 latim
392 531 551 578 suo,»
589 526 696 572 etc.
727 516 1054 589 Sanguinem
1090 524 1214 580 belli
1239 525 1491 584 ellndissc
1519 530 1755 596 dicitur,
1803 545 1848 605 Α
1878 543 2155 606 generatio
2203 545 2461 600 scicntiw.
2513 543 2726 610 Mahol,
2763 549 3114 624 indulgentia.
3166 552 3463 618 Generatio

176 606 305 673 quia
344 623 474 662 cum
503 620 652 664 esset
686 626 811 679 pax.
841 617 1130 672 suscitavit
1165 620 1392 675 bellum.

258 696 446 763 (Vers.
482 699 580 770 S.)
617 720 634 752 ι
666 703 846 760 llabes
876 723 1095 775 queque
1123 713 1262 780 apud
1300 720 1351 766 te
1383 713 1559 768 Semei
1600 714 1768 768 lilium

177 789 348 852 Cera,
383 793 479 846 lilii
512 793 726 849 Gemini
763 797 830 852 de
867 797 1150 863 Bahnrim,
1184 805 1279 872 qui
1323 805 1604 858 maledixit
1641 807 1769 862 mihi

178 885 404 937 maledit
427 886 573 942 tione
592 893 849 956 pessima.
867 910 886 944 ι
912 892 1148 947 Pessima
1173 895 1435 950 Ilebraice
1469 913 1774 955 NIMBElETIl

181 987 432 1043 meum)
466 979 689 1048 dicitur,
739 984 880 1053 quod
908 986 1146 1057 quinque
1177 990 1377 1044 litteris
1412 994 1760 1056 enuntiatur,

183 1069 235 1122 id
285 1082 393 1138 est,
435 1089 566 1138 nun,
598 1091 762 1141 mem,
789 1093 900 1143 res,
933 1082 1084 1142 lado,
1119 1083 1272 1135 thau.
1313 1083 1369 1136 In
1409 1102 1543 1150 nun,
1573 1102 1763 1150 nomen.

181 1165 241 1215 id
279 1177 363 1218 est
399 1168 648 1237 adulter;
706 1185 870 1236 mem,
900 1188 1169 1230 MOABITA1
1239 1193 1346 1237 res.
1387 1195 1540 1241 κλει,
1583 1180 1632 1233 id
1690 1191 1774 1234 est

179 1258 428 1325 (inpius,-
462 1261 618 1326 Iade,
650 1278 834 1326 usus,
862 1264 913 1320 id
936 1277 1018 1320 est
1060 1267 1326 1336 (cpi-osus,
1360 1272 1507 1335 than,
1539 1288 1772 1340 τιιιιεω,

183 1349 239 1402 il
273 1365 352 1407 est
385 1355 744 1412 abominatus.
786 1359 880 1410 «Et
907 1359 1030 1428 jura
1046 1362 1086 1412 vi
1120 1361 1167 1414 ei
1200 1378 1293 1429 per
1335 1361 1525 1431 Deum,
1552 1366 1774 1432 dicens,

181 1445 304 1501 Non
335 1462 385 1504 te
427 1449 748 1504 iuterliciam
787 1451 988 1518 gladio,
1028 1471 1048 1504 ι
1094 1454 1188 1508 sed
1220 1456 1421 1527 lingua.

257 1563 447 1628 (νει-ει.
477 1565 594 1632 ‘22.)
633 1583 653 1617 ι
691 1564 911 1620 Postilla
956 1566 1006 1621 ei
1032 1579 1086 1622 et
1115 1585 1365 1637 regnum.
1395 1571 1510 1641 Ipse.
1543 1583 1624 1627 est
1661 1577 1770 1628 I'ra-

184 1671 268 1708 ter
300 1671 456 1709 meus
476 1657 648 1726 major
667 1673 750 1710 me
778 1667 865 1712 :et
893 1660 1054 1713 habet
1081 1663 1093 1692 ¹
1118 1663 1382 1716 Abiathar
1409 1667 1771 1724 sacerdotem.

185 1760 238 1800 ει
266 1745 407 1803 Joab
442 1749 611 1803 lilium
637 1749 860 1806 Sarvize.
907 1752 994 1806 ιΙιι
1022 1753 1254 1809 Hebraeo
1287 1755 1359 1808 ita
1397 1758 1630 1812 habetur
1661 1777 1674 1813 :
1706 1758 1774 1811 Et

187 1841 457 1894 Abiathar
498 1844 783 1909 sacerdoti,
811 1854 858 1896 et
887 1846 1025 1898 Joab
1085 1847 1200 1914 [ilio
1240 1845 1441 1902 Sarria:
1474 1867 1492 1904 :
1522 1853 1666 1921 quod
1705 1855 1777 1908 ita

188 1934 609 2004 intelligendum
641 1945 773 1991 est:
805 1935 1027 1991 Postula
1078 1939 1150 2000 ei,
1191 1939 1242 1992 id
1299 1953 1406 2005 est,
1459 1944 1681 2000 Adonize
1736 1957 1788 2002 et
1823 1941 1862 1995 Β

187 2027 461 2081 Ablatbar
492 2029 786 2094 sacerdOIi,
826 2040 880 2085 et
907 2030 1042 2085 JOaIJ
1081 2032 1192 2086 lilio
1216 2033 1423 2088 Sarviae
1454 2055 1702 2109 regnum.

262 2118 450 2188 (Vers.
477 2119 592 2189 ει.)
631 2119 761 2174 Vivit
790 2121 1045 2178 Dominus
1072 2127 1162 2195 qui
1195 2127 1319 2194 fecit
1369 2130 1498 2179 mihi
1526 2130 1765 2196 domum,

189 2215 328 2267 sicut
353 2214 562 2269 locutus
596 2224 712 2284 est;
754 2217 804 2271 id
833 2229 932 2280 est,
968 2220 1113 2274 sicut
1146 2221 1395 2284 promisit
1435 2221 1625 2288 David,
1654 2224 1778 2280 fecit

193 2323 282 2361 me
317 2317 377 2361 ut
399 2323 578 2364 essem
616 2324 708 2364 rex
735 2311 929 2364 domus
958 2309 1145 2364 David.

264 2399 447 2468 (V'ers.
478 2401 624 2471 28.)t
667 2400 827 2455 Venit
847 2404 1073 2458 nuntius
1110 2410 1174 2457 ad
1215 2403 1374 2468 .Ioab,
1405 2408 1550 2475 quod
1612 2412 1779 2463 ἀει-Ιί-

194 2505 384 2548 uasset
447 2508 574 2565 post
655 2495 926 2549 Adoniam
991 2506 1045 2551 et
1102 2513 1208 2550 non
1267 2501 1594 2556 declinasset
1661 2513 1781 2571 post

196 2585 576 2640 Salamouetn.
603 2604 621 2637 ι
680 2586 728 2638 id
763 2596 866 2650 est,
901 2590 1046 2641 venit
1082 2588 1147 2641 ad
1173 2603 1297 2643 eum
1336 2590 1500 2655 latura,
1544 2594 1688 2662 quod
1729 2595 1778 2649 in

193 2678 364 2731 domo
400 2677 716 2732 Salomonis
741 2679 1018 2733 diceretur
1045 2679 1192 2733 illum
1212 2693 1460 2735 secutum
1484 2701 1590 2739 non
1613 2687 1783 2742 fuisse

195 2767 576 2835 Salomonem,
618 2771 713 2824 sed
753 2771 1062 2826 declinasse
1095 2783 1216 2840 post
1251 2774 1516 2828 Arioniam
1545 2794 1559 2832 :
1593 2789 1644 2830 nt
1667 2779 1775 2832 sci-

195 2863 328 2930 licet
356 2874 656 2933 antequam
691 2865 945 2918 Adonias
987 2865 1308 2921 aﬂ'ectassct
1342 2885 1594 2933 regnum,
1625 2871 1780 2924 Salo-

194 2971 417 3010 moncm
446 2972 550 3009 non
573 2957 852 3022 dilexisse,
892 2974 988 3011 nec
1012 2959 1059 3012 ei
1088 2957 1293 3013 favisse
1323 2974 1337 3026 ;
1371 2961 1465 3014 sed
1497 2964 1564 3015 ab
1587 2980 1650 3016 eo
1682 2967 1775 3017 de-

193 3050 432 3104 clinasse
464 3051 755 3114 diceretur,
779 3050 922 3120 quod
949 3060 1117 3105 totum
1139 3052 1212 3106 rei
1243 3055 1489 3122 probavit
1515 3069 1766 3109 eventus.

271 3162 455 3234 (Vers.
489 3163 603 3232 5t.)
638 3181 657 3216 ι
691 3165 1066 3235 Sepultnsqne
1095 3176 1179 3222 cst
1207 3166 1378 3222 Jacob
1407 3169 1463 3230 in.
1493 3169 1655 3223 domo
1685 3188 1780 3227 sua

197 3259 252 3310 in
289 3257 534 3312 deserto.
579 3276 597 3309 ι
637 3257 923 3312 Desertum
960 3261 1046 3313 hic
1079 3276 1174 3328 pro
1226 3263 1490 3316 munditia
1532 3279 1774 3332 |):|lllllll‘.
1807 3295 1848 3347 ο

196 3349 396 3404 Merula
432 3350 578 3404 enim
612 3351 756 3404 sicut
792 3352 1072 3405 desertqu
1115 3354 1313 3408 domus
1341 3358 1457 3424 ejus
1492 3357 1668 3408 lum-nt
1709 3361 1776 3411 ab

194 3443 348 3496 emui
402 3443 704 3512 pollutione
754 3452 810 3498 et
860 3448 1167 3513 sanguine,
1223 3460 1453 3524 excepto
1510 3452 1779 3520 sanguine

197 3535 385 3589 Abner
411 3545 465 3589 et
495 3537 730 3590 Amasae.

274 3650 430 3717 (Cap.
470 3650 555 3702 lll.
586 3681 644 3688 —
677 3649 834 3705 Vers.
866 3652 946 3721 ὅ.)
989 3671 1006 3703 ι
1043 3653 1238 3712 Dilcxit
1290 3666 1472 3710 autem
1524 3657 1780 3719 Salomon

203 3741 517 3804 Dominum,
548 3744 839 3800 ambulans
867 3745 918 3797 in
951 3749 1234 3815 praeceptis
1264 3747 1427 3801 David
1455 3750 1624 3816 patris
1660 3751 1778 3805 sui:

197 3843 434 3903 exceplo
468 3837 615 3904 quod
652 3837 705 3890 in
741 3839 978 3893 excelsis
1013 3840 1354 3894 inimolabal.
1397 3861 1414 3892 ι
1457 3842 1591 3894 lliue
1637 3854 1782 3908 patet

199 3925 466 3977 Salomon
501 3927 552 3976 in
593 3940 695 3990 eo,
737 3929 882 3995 quod
916 3929 991 3981 ait
1028 3945 1041 3980 :
1079 3925 1396 3982 lmmolabat
1437 3933 1486 3983 in
1524 3932 1780 3993 ercclsis,

197 4019 327 4084 quia
358 4028 602 4086 quatuor
633 4021 794 4074 annis
826 4030 1122 4075 cunctatus
1149 4031 1232 4075 est
1260 4026 1531 4076 aediﬁcare
1557 4025 1779 4086 domum

199 4109 446 4163 Domini.
483 4109 620 4163 Illud
652 4111 857 4180 quippe
890 4124 1009 4167 erat
1039 4113 1316 4168 excelsum
1355 4118 1649 4172 maximum
1675 4157 1689 4178 ,
1729 4118 1778 4170 id

194 4211 285 4259 est
309 4203 482 4256 altare
514 4202 646 4256 illud
682 4203 827 4273 quod
863 4204 1076 4275 Moyses
1111 4205 1336 4260 fecerat.

278 4318 435 4386 (Cap.
478 4319 562 4371 IV.
588 4348 653 4359 —-
683 4320 840 4374 νεεδ.
876 4320 988 4389 I9.)
1023 4340 1040 4373 ι
1077 4322 1143 4375 Et
1173 4323 1464 4392 praefectus
1495 4340 1637 4378 unus
1665 4335 1784 4378 erat

200 4427 372 4479 super
405 4421 630 4465 terram.
669 4431 688 4462 ι
733 4413 837 4467 Iste
887 4412 1179 4482 praefectus
1226 4415 1456 4471 Azarias
1493 4416 1637 4470 Illius
1679 4417 1785 4471 Na-

199 4503 333 4554 tban
386 4511 544 4564 erat,
595 4501 662 4555 de.
710 4519 817 4573 quo
863 4520 1027 4574 supra
1076 4505 1342 4560 scribitur
1381 4524 1394 4560 :
1451 4506 1515 4560 Et
1563 4510 1783 4565 Azarias

1885 630 2131 685 scientiae
2168 634 2551 701 intelliguntur
2576 635 2865 693 duodecim
2894 645 3103 712 tribus;
3141 646 3233 701 lilii
3260 646 3463 717 Mahol,

1886 724 1936 778 id
1970 736 2050 779 est
2087 728 2179 781 lilii
2217 729 2409 787 Jaeoh.

1957 821 2137 888 (Vers.
2188 823 2302 893 39..)
2341 845 2356 876 ι
2407 824 2649 882 Locutus
2696 837 2781 883 est
2832 827 3090 886 Salomon
3141 836 3243 888 tria
3295 839 3460 895 millia

1890 914 2298 986 parabolarnm.
2355 935 2374 966 ι
2429 916 2483 969 In
2539 919 2847 975 Proverbiis
2887 923 3032 976 enim
3079 939 3272 980 versus
3323 947 3463 983 non-

1883 1013 2029 1076 genti
2092 1017 2147 1062 et
2212 1009 2529 1078 quindecim
2597 1014 2948 1068 continentur
3012 1019 3083 1086 ’ς
3145 1017 3196 1071 in
3265 1021 3464 1086 quibus

1886 1102 2050 1155 etiam
2085 1101 2442 1156 continentur
2474 1102 2573 1156 tria
2610 1103 2776 1157 millia
2812 1107 3108 1173 parabole.
3153 1108 3460 1177 (Vers.33).

1895 1213 1913 1245 ι
1953 1193 2018 1248 Et
2047 1195 2274 1249 {nerunt
2311 1195 2563 1250 carmina
2596 1195 2717 1265 ejus
2753 1196 2994 1266 quinque
3023 1201 3214 1256 millia.
3257 1201 3320 1254 Et
3355 1203 3466 1256 (Iis-

1886 1289 2098 1356 putavit
2135 1305 2299 1357 super
2334 1289 2499 1356 lignis
2535 1304 2562 1343 a
2601 1291 2786 1345 cedro'
2821 1309 2944 1361 qua:
2991 1305 3076 1349 est
3119 1297 3171 1349 in
3214 1297 3460 1358 Libano.

1887 1397 2063 1449 usque
2094 1381 2160 1434 ad
2201 1384 2494 1452 hyssopum
2561 1399 2683 1455 qua:
2712 1387 2992 1452 egreditur
3025 1387 3091 1442 de
3128 1389 3333 1458 pariete
3364 1408 3378 1445 :
3408 1401 3462 1447 et

1885 1474 2151 1530 disseruit
2183 1475 2250 1528 de
2279 1475 2566 1545 iumentis,
2602 1487 2656 1530 et
2692 1478 3036 1545 volucribus,
3059 1489 3113 1535 et
3151 1483 3461 1551 reptilibns.

1886 1576 1941 1617 et
1975 1565 2242 1634 piscibus.
2286 1583 2303 1616 ι
2337 1564 2639 1636 Disputavit
2662 1571 2807 1623 enim
2832 1571 2900 1626 de
2927 1575 3138 1627 naturis
3162 1573 3461 1644 lignorum,

1884 1655 2289 1725 jumentorum,
2327 1660 2605 1728 reptilium
2636 1671 2689 1716 et
2720 1663 2980 1730 piscium,
3011 1664 3078 1720 de
3116 1667 3165 1720 vi
3205 1667 3475 1723 videlicet.

1887 1759 1940 1804 ct
1974 1752 2188 1806 naturis
2225 1752 2446 1806 illorum
2470 1793 2486 1820 ,
2524 1762 2576 1807 et
2602 1761 2855 1824 tempore
2893 1772 3004 1827 quo
3043 1769 3369 1829 nascuntur,
3411 1770 3466 1817 et

1890 1859 1988 1897 cur
2022 1858 2129 1896 non
2160 1845 2341 1898 omnia
2375 1844 2426 1898 in
2467 1861 2800 1915 unaquaque
2835 1857 2976 1902 terra
3009 1861 3328 1908 nascantur.

1969 1935 2123 2006 (Cap.
2172 1935 2352 1989 VL—
2379 1934 2529 1989 Vers.
2578 1937 2693 2004 57.)
2729 1956 2745 1988 ι
2789 1938 2951 1992 Anno
2997 1950 3190 2009 quarto
3235 1941 3462 1999 fundata

1882 2039 1966 2085 est
2016 2029 2214 2083 domus
2270 2029 2482 2082 Domini
2539 2030 2590 2082 in
2644 2046 2832 2085 mense
2884 2031 3008 2088 ΖΗ).
3063 2052 3080 2084 ι
3120 2032 3320 2090 Mensis
3359 2035 3465 2090 iste

1883 2122 2087 2192 Aprilis
2124 2129 2229 2184 est,
2269 2120 2360 2190 qui
2394 2131 2448 2176 et
2486 2121 2587 2174 Var
2621 2134 2853 2177 vocatur
2889 2125 2937 2179 δ.
2974 2125 3073 2180 Zib
3103 2127 3247 2181 enim
3290 2127 3464 2182 inter-

1886 2224 2132 2284 pretatur
2193 2217 2390 2269 vultus.
2457 2215 2672 2270 Idcirco.
2695 2217 2881 2272 vultus
2911 2258 2925 2282 ,
2983 2219 3108 2288 quia
3147 2220 3202 2273 in
3238 2219 3460 2275 dedica-

1888 2310 2032 2362 tione
2080 2309 2306 2377 templi,
2360 2311 2532 2363 nubes
2583 2309 2772 2378 gloria:
2825 2310 3009 2365 vultus
3065 2309 3280 2365 Domini
3331 2313 3464 2366 texit

1887 2403 2173 2469 templum.
2225 2403 2328 2456 Var
2379 2415 2562 2458 autem
2616 2405 3013 2472 interpretatur
3075 2420 3261 2470 pavor.
3336 2405 3464 2460 Ideo

1886 2507 2056 2560 pavor
2082 2533 2096 2556 ,
2149 2495 2273 2561 quia
2326 2495 2551 2547 timetur
2596 2511 2662 2547 ne
2703 2510 2764 2547 ea
2802 2509 2923 2559 quze
2963 2493 3146 2562 lruges
3180 2505 3336 2550 teri-ie
3373 2499 3459 2550 de-

1885 2587 2034 2648 benl,
2093 2586 2144 2638 in
2203 2587 2301 2640 hoc
2343 2601 2530 2640 tuensc
2569 2585 2731 2641 .aeris
2783 2584 3206 2656 intemperantia
3270 2587 3446 2643 infru-

1884 2694 2075 2732 cmosa
2115 2679 2265 2732 (iant.

1955 2773 2110 2841 (Cap.
2155 2770 2263 2824 VII.
2290 2801 2347 2810 —-
2386 2769 2538 2825 Vers.
2572 2771 2676 2835 15,
2711 2771 2824 2836 Ν.)
2863 2789 2880 2820 ι
2927 2769 3067 2824 Misit
3107 2785 3331 2840 quoque
3368 2785 3463 2825 res

1885 2868 2180 2926 Salen-on,
2219 2877 2267 2918 et
2319 2868 2440 2919 tulit
2477 2863 2663 2917 lliram
2709 2864 2778 2918 de
2825 2862 2970 2932 Tyro
3013 2864 3181 2915 lilium
3219 2864 3464 2918 mulieris

1887 2961 2062 3012 vidum
2091 2961 2157 3013 de
2190 2960 2332 3012 tribu
2379 2957 2724 3026 Nephthalim
2752 2995 2766 3020 ,
2817 2965 2969 3024 patre
3000 2956 3165 3026 Tyrio
3195 2956 3463 3010 artillcem

1886 3055 2161 3106 :erarimn.
2228 3073 2244 3103 ι
2304 3052 2457 3107 Unde
2509 3060 2562 3105 et
2613 3051 2666 3103 in
2726 3051 3179 3119 Paralipomenon
3216 3051 3462 3118 legitur:

1891 3146 2013 3198 illisi
2057 3163 2180 3214 ergo
2227 3145 2318 3199 tibi
2365 3147 2533 3199 virum
2581 3145 2890 3212 prudentem
2944 3153 2992 3197 et
3027 3144 3460 3209 scientissimum,-

1892 3238 2100 3291 lluram
2149 3250 2353 3303 patrem
2397 3253 2568 3291 meum
2595 3277 2609 3300 ,
2653 3237 2822 3301 ﬁlium
2871 3237 3104 3289 mulieris
3148 3235 3212 3288 de
3251 3234 3464 3303 ﬁliabus

1891 3333 2029 3396 Dan,
2066 3331 2216 3399 cujus
2249 3341 2402 3398 pater
2433 3329 2623 3400 Tyrius
2653 3330 2756 3400 fuit
2790 3327 2877 3396 (Il
2903 3327 3093 3381 Paral.
3132 3344 3192 3389 Il,
3227 3329 3314 3391 l5,
3351 3328 3461 3396 ll).

1887 3425 1948 3478 Et
1990 3423 2287 3476 notandum
2351 3422 2495 3490 quod
2536 3421 2589 3474 in
2628 3418 2913 3474 Malaeliitn
2951 3418 3172 3472 llieram
3209 3419 3413 3472 dicitur
3445 3435 3457 3471 :

1888 3520 1939 3570 in
1981 3516 2427 3584 Paralipomenon
2463 3529 2593 3567 vero
2631 3511 2859 3566 llurant.
2899 3512 3086 3566 Hiram
3115 3511 3258 3566 enim
3292 3511 3465 3566 inter-

1887 3621 2169 3677 pretatur,
2209 3607 2332 3660 vivit
2372 3606 2612 3660 sublimis
2644 3623 2656 3658 :
2692 3605 2896 3660 lluram
2932 3616 3150 3669 autem,
3198 3603 3334 3658 Deus
3373 3620 3466 3657 εει

1885 3703 2072 3754 celsus.
2105 3701 2286 3753 lliram
2331 3702 2385 3755 in
2417 3699 2704 3752 Malachitn
2745 3697 2946 3751 dicitur
2989 3695 3158 3750 fuisse
3189 3697 3254 3750 de
3284 3695 3462 3766 Tyro,

1885 3804 1937 3846 ct
1973 3793 2115 3846 ﬁlius
2143 3793 2389 3846 mulieris
2426 3789 2700 3859 vidumde
2731 3789 2876 3843 tribu
2922 3787 3270 3857 Nephthalim
3307 3798 3459 3856 patre

1889 3887 2077 3957 Tyrio.
2105 3885 2396 3940 Sciendum
2435 3881 2582 3954 quod
2631 3883 2697 3936 de
2727 3881 2871 3935 tribu
2918 3880 3264 3950 Nephthalim
3311 3892 3465 3949 pater

1887 3978 2003 4047 (‘jlls
2037 3977 2220 4039 fuerit,
2249 3993 2358 4046 quo
2393 3983 2633 4037 mortuo,
2670 3989 2805 4028 uxor
2830 3973 2972 4042 ejus,
2998 3988 3123 4041 qua:
3156 3972 3242 4026 hic
3269 3973 3466 4026 mulier

1891 4069 2049 4122 vidua
2087 4068 2391 4132 scribitur,
2426 4068 2675 4121 eumdem
2712 4063 2899 4118 Hiram
2936 4065 2988 4118 in
3023 4061 3220 4133 Tyrutn
3251 4063 3467 4116 misisse

1889 4163 2119 4215 docendi
2153 4162 2322 4230 gratia
2356 4159 2572 4213 dicatur
2599 4197 2614 4222 ,
2646 4167 2698 4212 et
2745 4172 2774 4210 a
2819 4172 2926 4226 quo
2969 4157 3167 4212 doctus
3217 4157 3270 4209 itt
3324 4155 3466 4225 Tyro

1897 4261 1998 4309 luit
2025 4295 2039 4318 ,
2072 4266 2223 4324 pater
2253 4256 2371 4323 ejus
2403 4253 2602 4324 Tyrius
2630 4259 2882 4306 vocatur.
2922 4251 3136 4305 Idcirco
3165 4260 3320 4318 νςιιιε
3360 4248 3467 4318 Ty-

1893 4351 1975 4403 rio
2006 4349 2174 4403 fuisse
2219 4347 2423 4402 dicitur
2451 4387 2464 4411 ,
2494 4361 2618 4399 cum
2660 4347 2849 4413 utique
2883 4353 3032 4414 pater
3063 4343 3182 4412 ejus
3212 4344 3280 4397 de
3321 4343 3464 4395 tribu

1892 4437 2246 4507 Nephthalim
2302 4437 2488 4492 fuerit.
2522 4435 2678 4502 Quod
2721 4449 2853 4490 vero
2906 4436 2958 4489 in
3009 4434 3464 4502 Paralipomenon

1892 4531 2133 4602 legitur,
2189 4529 2394 4584 lluram
2451 4545 2628 4599 regem
2677 4529 2884 4584 dixisse
2919 4545 2930 4580 :
2965 4525 3094 4581 Misi
3151 4527 3244 4579 tibi
3296 4527 3466 4579 virum

199 4593 346 4661 [ilius
387 4591 606 4646 Nat/tan
643 4612 798 4664 super
835 4598 1109 4664 praefectos
1141 4597 1296 4667 (vers.
1335 4599 1390 4665 5)
1415 4637 1429 4660 ,
1501 4617 1606 4655 non
1649 4617 1781 4670 0pc-

1900 4623 2370 4693 prudentissimum
2428 4635 2474 4675 et
2527 4623 2957 4685 scientissimum,
2998 4625 3206 4676 [Iuram
3263 4630 3466 4685 patrem

201 4704 325 4741 rum
349 4727 362 4749 ,
397 4687 490 4740 Sl'd
525 4688 849 4757 simpliciter
880 4702 927 4744 ⁸.

278 4777 434 4832 Vers.
467 4778 582 4847 3t.)
629 4799 644 4830 ι
689 4779 753 4833 Ει
789 4793 905 4834 erat
949 4783 1254 4851 sapientior
1287 4786 1502 4840 cunctis
1535 4787 1777 4842 homini-

204 4871 330 4925 bus.
369 4867 686 4940 Sapientior
719 4872 894 4927 Ethan
936 4875 1182 4942 Esraitas,
1218 4887 1272 4931 et
1302 4879 1513 4942 Emam,
1539 4891 1595 4933 et
1619 4883 1782 4937 Chal-

201 4963 360 5025 cltol,
405 4971 459 5016 et
491 4962 667 5016 Barda
697 5002 711 5028 ,
748 4967 876 5018 Iiliis
910 4967 1109 5022 Mahol.
1155 4989 1172 5020 ι
1217 4969 1388 5025 Etlian
1423 4976 1567 5029 enim
1612 4974 1782 5028 inter-

207 5064 494 5123 pretatur,
542 5054 885 5112 durissimus.
946 5059 1196 5127 Esraita,
1249 5065 1546 5121 orientalis.
1607 5068 1779 5121 [illum

204 5146 321 5212 ipse
361 5155 444 5199 est
486 5147 760 5202 Abraham
799 5153 1107 5206 orientalis.
1157 5153 1329 5210 Eman
1377 5158 1468 5225 qui
1514 5158 1783 5228 interpre-

207 5253 351 5292 tatur
383 5239 576 5306 ﬁdelis,
615 5252 698 5296 est
729 5241 962 5312 Moyses.
992 5243 1288 5309 Chalchol.
1325 5250 1418 5316 qui
1459 5249 1780 5319 interpreta-

204 5339 331 5394 tur,
375 5331 676 5401 gubernans
703 5378 716 5399 ,
756 5344 839 5391 est
877 5333 1101 5406 Joseplt.
1137 5337 1313 5394 Darda
1351 5340 1781 5409 interpretatur,

286 5472 296 5498 '
341 5467 576 5525 Verbum
608 5471 760 5525 habet
794 5474 844 5526 in
876 5474 1241 5528 Ambrosiauo
1274 5491 1374 5541 ms,
1400 5491 1504 5529 non
1542 5485 1645 5542 est,
1685 5494 1784 5534 nec

209 5565 260 5613 in
303 5560 530 5682 Ιιῗὶπεεο
565 5565 784 5632 quidem
824 5581 890 5619 eo
924 5565 1088 5621 modo
1117 5577 1362 5632 resonat,
1395 5567 1488 5622 sed
1516 5552 1592 5628 151
1610 5579 1663 5624 et
1701 5571 1782 5624 illi

209 5647 350 5682 Sillll)
377 5648 404 5682 e
426 5642 498 5682 €81

208 5647 404 5695 supple
426 5647 520 5696 est.

282 5703 300 5730 ²
334 5700 409 5754 Ex
445 5703 548 5756 hoc
581 5703 700 5756 loco
764 5703 1209 5760 manifestissime
1255 5708 1647 5777 comprobatur
1690 5728 1786 5766 au-

287 5824 310 5852 ι
350 5813 562 5876 Ιειιιιειυ,
597 5833 695 5870 non
728 5834 963 5885 operum,
1003 5819 1092 5874 sed
1126 5819 1450 5889 simpliciter,
1489 5839 1642 5878 meus
1682 5843 1782 5880 Ille.

211 5898 316 5937 non
357 5897 620 5953 agnoscn.

1891 4731 2068 4768 meum
2104 4731 2117 4768 :
2153 4723 2358 4784 patrem
2392 4713 2676 4781 dignitatis
2710 4713 2882 4780 gratia
2921 4728 3044 4766 eum
3079 4720 3270 4775 vocat,
3323 4710 3466 4765 sicut

1892 4807 1944 4860 iu
1984 4807 2264 4876 plerisque
2293 4807 2427 4860 locis
2458 4807 2678 4875 legitur.
2709 4803 2905 4859 Eilium
2949 4819 3075 4858 vero
3113 4803 3356 4858 mulieris
3399 4803 3465 4856 de

1898 4899 2113 4952 ﬁliabus
2144 4899 2256 4953 Dan
2283 4914 2407 4954 eum
2444 4909 2639 4960 vocat,
2673 4899 2797 4967 quia
2843 4907 3016 4951 mater
3060 4895 3179 4964 ejus
3206 4896 3274 4950 de
3315 4895 3460 4949 tribu

1893 4992 2004 5045 Dan
2055 4991 2198 5058 luit,
2249 4991 2316 5046 de
2372 5007 2571 5062 genere
2607 4989 2874 5044 Solomith
2905 4989 3112 5043 set-oris
3146 4987 3337 5044 Ooliab
3370 4988 3462 5041 lilii

1895 5083 2172 5149 Aizamas,
2207 5082 2366 5151 cujus
2401 5083 2542 5137 Illius
2576 5080 2844 5135 Solomith
2875 5079 3162 5151 Egyptius
3192 5079 3245 5132 in
3277 5093 3464 5132 eremo

1893 5176 2170 5245 lapidatus
2211 5184 2337 5230 est:
2374 5191 2478 5229 non
2525 5175 2671 5228 enim
2720 5173 2909 5228 eadem
2963 5173 3226 5226 Solomith
3270 5183 3464 5239 sponte

1889 5271 2062 5324 eidem
2117 5268 2370 5339 {Egyplio
2421 5269 2711 5338 conjuncta
2762 5269 2862 5321 fuit
2918 5281 2938 5304 ε
2971 5307 2984 5329 ,
3033 5269 3125 5320 sed
3160 5266 3264 5318 vim
3298 5271 3464 5317 abeo

1893 5377 2149 5432 perpessa
2181 5374 2283 5416 est.
2324 5363 2532 5416 Idcirco
2563 5361 2776 5416 meritis
2803 5359 2933 5430 ejus.
2955 5359 3155 5413 laetum
3187 5359 3351 5411 fuisse
3382 5358 3462 5411 di-

1892 5511 2103 5554 rtorem
2131 5499 2338 5566 Quast.
2379 5496 2767 5552 Hebraicarum
2804 5497 2856 5552 iu
2887 5496 3058 5551 libros
3089 5495 3318 5566 lii-gum,
3339 5503 3463 5566 post

1891 5565 2550 5644 doctoresAlassorethas
2583 5569 2866 5644 scripsisse
2902 5583 2917 5631 ;
2958 5583 3080 5619 nam
3113 5565 3462 5644 Massoretliae

1892 5641 2185 5694 Proverbia
2233 5640 2543 5693 Salomonis
2595 5639 2647 5691 in
2697 5635 3002 5706 nongentos
3051 5646 3102 5692 et
3146 5635 3461 5704 quindecim

1891 5727 2086 5765 versus
2122 5711 2295 5766 divisa
2330 5725 2450 5764 esse
2485 5709 2797 5765 voluerunt.

1963 5822 1990 5863 δ
2026 5823 2084 5877 Ιιι
2125 5824 2376 5878 Ambros.
2412 5841 2536 5888 ms.,
2573 5825 2662 5891 qui
2694 5835 2741 5878 et
2774 5823 2924 5878 laiar
2956 5833 3008 5877 ct
3038 5821 3153 5877 Iinr
3187 5829 3423 5876 vocatur.

1967 5907 1998 5968 τι
2021 5895 2078 5956 lu
2113 5910 2232 5949 meo
2262 5910 2389 5962 ius,
2423 5894 2583 5963 fuisse
2616 5899 2940 5964 suspicatur,
2971 5904 3074 5950 etc.
