4198 6350
788 402 927 468 H35

793 629 889 670 eos
921 615 1381 668 cotntuoratos,et
1410 604 1619 676 Regum
1657 604 1886 658 historia
1915 601 2133 654 scribit.
2163 601 2230 654 lli
2277 618 2359 653 re-

790 707 980 754 nerunt
1044 697 1108 750 de
1166 694 1343 749 calore
1368 698 1539 766 patris
1563 697 1747 748 domus
1773 693 1980 746 Rechab
2017 690 2272 762 (IParal.
2299 708 2360 752 ll,

787 792 820 844 5
843 792 901 856 ι),
934 792 982 843 id
1012 801 1094 844 est
1141 791 1208 844 de
1238 791 1407 858 stirpe
1429 788 1670 843 Rechab.

857 904 1045 973 (Ibid)
1101 926 1116 955 ι
1152 906 1446 959 Arhinoam
1483 918 1618 954 uxor
1650 904 1814 954 l‘tavid
1851 901 2177 956 lett-uelitis.
2219 921 2235 952 ι
2269 900 2364 954 llie

784 998 994 1054 .lezrael
1033 999 1183 1052 locus
1211 1005 1315 1057 est.
1350 997 1400 1049 in
1433 1011 1540 1064 quo
1570 991 1784 1049 Naboth
1825 995 2114 1051 habitarit.
2156 993 2208 1048 In
2251 995 2354 1048 Pa-

789 1093 1185 1162 ralipomenon,
1218 1088 1402 1142 Daniel
1443 1087 1493 1156 (Ι
1528 1087 1716 1140 l’aral.
1777 1104 1871 1151 ttt,
1905 1090 1950 1156 Ι)
1987 1103 2001 1141 :
2040 1089 2091 1140 itt
2130 1087 2361 1156 Regum,

789 1185 1035 1244 Citlioall,
1072 1184 1121 1236 id
1160 1197 1240 1237 cst
1298 1181 1578 1236 vindicans
1615 1194 1817 1247 patrem
1851 1197 1867 1232 :
1909 1198 1971 1232 t-o
2008 1183 2149 1248 quod
2181 1180 2361 1233 disco-

793 1288 952 1346 ptaus
999 1290 1119 1329 cum
1187 1274 1549 1342 Miphiboseth
1615 1275 2015 1342 quaestionibus
2081 1273 2256 1341 Levis.
2312 1284 2364 1325 «ιι

797 1371 964 1422 \iclot‘
1029 1369 1351 1436 apparebat,
1412 1376 1468 1419 et
1541 1372 1747 1435 patrem
1810 1365 1999 1418 ulcisci
2071 1365 2364 1417 \‘itlebatttr

793 1461 875 1527 (ll
912 1459 1040 1531 Reg.
1075 1477 1184 1523 six,
1224 1461 1295 1513 25
1349 1462 1550 1529 seqq).

864 1577 1020 1642 (Cap.
1055 1572 1143 1628 lll.
1175 1603 1247 1613 —
1274 1571 1433 1628 γεγε.
1462 1574 1541 1642 5.)
1601 1592 1619 1624 t
1655 1572 1934 1626 .ictrahaut
1992 1572 2134 1624 titius
2194 1570 2361 1623 Dat-id

793 1671 859 1720 de
913 1667 1044 1736 Egla
1099 1682 1268 1720 uxore
1319 1681 1440 1719 sua.
1475 1685 1493 1717 ι
1549 1666 1678 1735 Egla
1712 1667 2105 1734 interpretatur
2173 1664 2363 1727 vitula,

795 1776 957 1827 quam
990 1761 1237 1812 nonnulli
1271 1767 1468 1826 putant
1501 1757 1698 1812 Miettul
1744 1761 1908 1812 tiliam
1941 1758 2092 1810 Saul.

863 1872 1046 1943 (νει-ε.
1083 1873 1157 1939 5.)
1189 1873 1240 1923 ltt
1278 1871 1758 1942 llitralipomcuon,
1801 1874 2046 1930 Sintntaa
2083 1876 2227 1930 lilins
2262 1875 2364 1928 Da-
2399 1873 2437 1926 Β

795 1970 923 2027 νηὶ,
978 1967 1068 2034 qui
1128 1966 1179 2018 in
1234 1963 1443 2034 Regum
1503 1954 1698 2020 Samaa
1762 1967 2076 2020 nominatur
2110 1968 2188 2038 (ιι
2242 1968 2363 2039 Reg.

797 2076 905 2118 ut.
942 2059 1055 2122 ει).
1116 2057 1359 2123 Sitntuaa
1413 2061 1796 2126 itttepretatur,
1844 2060 2038 2111 exaudi
2079 2077 2091 2116 :
2145 2062 2366 2119 Sanum,

792 2151 1097 2204 exauditus.
1131 2151 1374 2204 Bathsua
1409 2165 1583 2204 usater
1616 2151 1682 2204 Sa
1709 2153 1945 2204 omanis.
1987 2149 2042 2203 In
2089 2150 2369 2220 Paralipo—

795 2262 988 2295 menon
1019 2246 1216 2296 dicitur
1241 2245 1344 2297 tilia
1377 2244 1552 2297 Amii-l
1589 2263 1601 2297 :
1637 2254 1690 2297 et
1731 2245 2149 2311 interpretatur.
2181 2261 2366 2298 nomen

788 2338 904 2404 ejus
940 2355 952 2390 :
989 2333 1249 2400 Bathsua,
1286 2337 1400 2403 ﬁlia
1439 2337 1846 2404 deprecationis.
1880 2336 1936 2388 ln
1966 2334 2173 2405 Regum
2206 2338 2368 2390 Beth-

790 2439 972 2494 stbue,
1009 2435 1117 2482 tilia
1156 2431 1321 2482 lilium
1358 2431 1452 2484 lilii
1482 2431 1830 2497 Acltitnphr'l,
1876 2440 1929 2481 rt
1958 2432 2367 2498 interpretatur,

792 2520 904 2587 ﬁlia
968 2529 1183 2587 septem,
1242 2520 1357 2587 ﬁlia
1416 2521 1701 2585 satietatis,
1738 2521 1847 2587 ﬁlii
1904 2521 2220 2586 jttraincnti
2285 2520 2362 2587 (ll

794 2611 917 2677 Reg.
977 2627 1051 2671 ιι,
1110 2613 1185 2674 ὃ).
1248 2611 1417 2664 Ειίειιη
1497 2612 1906 2679 interpretatur,
1944 2614 2246 2665 Deasuteus
2277 2628 2370 2678 po-

789 2707 990 2772 pulus;
1023 2704 1276 2771 Atnmiel,
1317 2702 1381 2771 p'o
1422 2706 1540 2756 ulut
1577 2721 1719 2757 meus
1763 2704 1925 2758 Deus.

871 2817 1050 2886 (Vera.
1117 2817 1196 2885 6.)
1258 2817 1315 2871 ln
1384 2818 1842 2886 Paralipomenon
1891 2818 2210 2872 scribuntur
2259 2819 2370 2871 duo

796 2913 891 2965 lilii
931 2911 1114 2975 Dat-id,
1148 2911 1293 2982 Noga
1325 2921 1380 2966 et
1412 2912 1736 2982 Eliplteleth,
1767 2913 1858 2982 qui
1909 2913 1960 2964 in
2014 2914 2218 2982 lli-gnat
2258 2930 2364 2967 nou

804 3005 908 3058 hab
946 3016 1096 3059 ntur.

866 3124 1045 3190 (Vera.
1072 3125 1183 3186 l5.)
1206 3122 1328 3178 Filii
1352 3121 1568 3188 clusi-ae,
1591 3125 1819 3186 Sullum,
1841 3125 2096 3178 Joanuun
2131 3137 2153 3163 α
2180 3123 2369 3178 ellua-

2162 395 2400 454 APPEN
2414 395 2564 457 [ΠΧ.

786 521 842 576 in
895 517 1179 586 l’t-ophetis
1233 513 1620 567 versabantur.
1668 509 1724 565 in
1762 509 2138 565 tabernaculis
2175 519 2356 560 autem
2393 521 2436 571 λ

3922 383 4033 449 1636

2546 514 2701 584 (Cap.
2738 515 2820 569 IV.
2844 511 3068 565 -—\'rrs.
3105 512 3178 578 1.)
3220 530 3236 562 t
3269 506 3391 562 Filii
3423 506 3568 561 Juda
3601 503 3899 571 quinque,»
3953 504 4030 567 qui

2463 610 2572 680 jam
2605 608 2858 677 superius
2910 605 3033 659 aliis
3077 602 3399 658 nominibus
3435 596 3714 654 nominati
3766 607 3912 649 sunt.
3953 595 4032 649 llic

2472 711 2651 752 autem
2689 707 2970 752 mutantur
3006 695 3232 750 nomina
3271 705 3292 732 ε
3334 689 3642 761 repetendo
3675 703 3840 742 causa
3893 689 4034 740 inter.

2467 787 3432 861 pretationis,Pharezinterpretatur
3455 783 3677 844 divisio;
3704 779 3874 832 Esron
3898 782 4034 832 inter-

2467 891 2732 955 pretatur,
2766 883 3010 946 atrium;
3044 879 3182 933 Zara
3209 889 3391 943 ortus;
3429 874 3656 927 (ἴΙιλι-ιυί
3699 873 3814 939 ipse
3846 880 3921 926 est
3956 871 4030 924 Er.

2463 975 2684 1029 Charmi
2726 975 3141 1039 interpretatur,
3165 973 3310 1026 tinea
3341 987 3457 1025 mea
3484 987 3497 1030 ;
3523 967 3615 1026 lir,
3653 965 3897 1033 uigilans.
3923 963 4031 1025 llur,

2463 1072 2630 1138 quiet
2681 1069 2857 1122 Ouau.
2891 1067 3005 1120 llnr
3055 1066 3471 1134 interpretatur,
3538 1061 3820 1128 fenestra;
3865 1057 4031 1118 (insit,

2468 1161 3016 1216 mut-utttratio.Sttltal
3051 1161 3166 1230 ipse
3196 1169 3280 1213 est
3310 1157 3458 1213 Scia.

2536 1258 2717 1326 (νει-ς.
2755 1253 2836 1323 ‘2.)
2870 1254 3035 1308 Suhal
3071 1253 3254 1322 genuit
3291 1252 3489 1312 Railta,
3540 1261 3598 1304 et
3657 1251 3829 1305 Baiha
3873 1247 4033 1312 genuit

2463 1355 2655 1414 Jahad,
2688 1351 2856 1405 Jahad
2891 1351 3077 1420 genuit
3105 1350 3332 1402 Ahutnai
3367 1359 3417 1402 ct
3455 1348 3640 1401 Laud:
3679 1343 3830 1398 Luat!
3874 1339 4034 1410 genuit

2465 1449 2684 1509 Ethatn,
2720 1445 2910 1500 Ethau
2963 1444 3146 1512 genuit
3188 1441 3461 1496 .lezraht-l.
3497 1457 3524 1491 a
3572 1456 3685 1508 quo
3725 1451 3923 1489 nomen
3954 1449 4032 1486 ac-

2464 1538 2607 1606 cepit
2659 1539 2787 1591 urhs
2843 1539 2894 1589 itt
2959 1551 3067 1605 qua
3118 1534 3328 1589 Naltutlt
3368 1533 3681 1586 habitabat.
3721 1527 3886 1581 Sohal
3940 1526 4037 1592 ipse

2465 1638 2648 1705 genuit
2699 1635 2890 1692 ltaiha.
2937 1634 3026 1702 qui
3054 1632 3158 1689 alio
3198 1631 3423 1688 nomine
3465 1628 3536 1683 Er
3593 1624 3941 1678 nominatur:
3971 1622 4037 1672 id-

2467 1729 2612 1782 circo
2646 1725 2787 1794 quod
2836 1725 2905 1778 Er
2957 1734 3008 1778 et
3048 1723 3224 1784 Onau,
3302 1723 3354 1774 in
3410 1729 3642 1788 peccato
3697 1731 3800 1769 suo
3855 1715 4035 1766 mortui

2471 1830 2617 1873 sunt.
2674 1820 2833 1871 Suhul
2893 1817 3282 1885 interpretatur
3339 1815 3528 1879 spica;
3603 1810 3772 1872 Sola,
3850 1810 4037 1860 missas.

2470 1913 2620 1978 Quod
2674 1927 2803 1960 vero
2865 1911 3016 1978 prius
3071 1910 3192 1960 aliis
3247 1907 3572 1960 nominibus
3628 1914 3686 1956 et
3746 1902 3906 1955 modo
3937 1902 4043 1953 aliis

2474 2008 2788 2061 uominitms
2820 2007 3197 2058 nominantur.
3235 2003 3308 2055 ad
3345 2000 3677 2071 mysterium
3713 1998 3964 2066 pertinet.

2545 2093 2723 2158 (Vi-rs.
2765 2093 2841 2160 1.)
2880 2112 2896 2141 t
2935 2091 3173 2144 Phanuel
3212 2099 3361 2159 pater
3395 2090 3602 2149 Gedor.
3635 2099 3697 2141 et
3748 2087 3886 2140 Ezer
3913 2095 4044 2152 pater

2475 2185 2678 2248 Iluea,t
2712 2185 2803 2236 lilii
2833 2183 3064 2236 fuerunt
3103 2182 3248 2238 Iiur:
3282 2183 3483 2237 fratres
3520 2180 3658 2235 lluri
3704 2181 3799 2233 lilii
3838 2179 4042 2232 Slarit:

2473 2279 2653 2331 Getlor
2687 2293 2812 2330 vero
2844 2288 2897 2330 et
2935 2275 3067 2330 llttsi
3100 2276 3318 2329 nomina
3353 2282 3488 2328 sunt
3521 2274 3799 2326 locorum.

2544 2369 2721 2440 (vers.
2758 2371 2895 2435 58.)
2959 2389 2976 2420 t
3030 2369 3212 2422 Ashur
3283 2367 3476 2434 genuit
3537 2367 3718 2419 Ethan
3750 2374 3811 2418 ει·
3869 2377 4044 2414 nomen

2475 2465 2662 2518 matris
2696 2465 2814 2530 ejus
2850 2463 3000 2516 llaia.
3043 2481 3059 2512 ι
3101 2459 3274 2513 Ethan
3328 2459 3520 2529 genuit
3558 2457 3737 2516 Chus.
3795 2453 3944 2509 Chus
3975 2471 4046 2519 g-‘-

2477 2557 2591 2610 tntit
2624 2554 2884 2611 Solmba'.
2924 2553 3145 2607 Sohoba
3194 2553 3380 2621 genuit
3429 2549 3622 2611 Jahes,
3680 2551 3774 2616 qui
3817 2548 3917 2600 luit
3966 2548 4047 2597 dno

2473 2661 2610 2709 etur,
2643 2653 2706 2703 de
2736 2665 2846 2714 quo
2877 2645 3134 2715 superius
3178 2647 3384 2699 dictum
3419 2653 3524 2698 est.
3556 2643 3718 2709 Quod
3749 2656 3882 2693 vero
3920 2641 4043 2693 inter

2473 2743 2620 2795 Chus
2661 2751 2712 2792 et
2741 2741 2900 2793 labes
2949 2737 3382 2791 introducuutur
3419 2736 3790 2803 cognationes
3829 2732 4050 2786 Aharhel

2476 2834 2564 2886 ﬁlii
2604 2837 2794 2891 Arum.
2823 2832 2937 2884 haec
2962 2845 3124 2885 causa
3157 2839 3238 2884 est
3269 2847 3278 2880 :
3317 2830 3585 2891 Aharhel,
3622 2829 3740 2897 ipse
3768 2836 3855 2881 est
3887 2826 4048 2888 Ohab,

2471 2929 2560 2998 qui
2592 2927 3002 2992 interpretatur,
3031 2932 3140 2989 post
3175 2923 3484 2975 exercitum.
3514 2920 3691 2974 Filius
3725 2921 3918 2985 Arum,
3951 2920 4048 2986 ipse

2473 3028 2553 3072 est
2575 3017 2785 3072 Jcthro.
2814 3015 2983 3069 Arum
3015 3013 3411 3081 interpretatur
3431 3013 3731 3065 eraltatus.
3767 3010 3906 3077 Quia
3937 3027 4049 3082 ergo

2473 3109 2632 3174 labes
2683 3105 2914 3160 docebat
2961 3119 3056 3158 eos
3113 3103 3422 3157 habitantes
3473 3104 3528 3156 in
3581 3103 3870 3164 tentoriis.
3917 3103 4045 3157 sicut

797 3221 966 3275 cititn.
1004 3237 1023 3269 ι
1053 3220 1258 3273 Sellum
1288 3229 1390 3275 est.
1419 3234 1581 3286 quettt
1615 3217 1838 3271 Naehao
1877 3234 1966 3270 rex
1999 3217 2214 3286 {Egypti
2242 3231 2366 3282 cap-
2398 3216 2414 3266 l

2475 3199 2731 3266 superius
2765 3198 2970 3251 dictum
3009 3203 3114 3261 est,
3173 3195 3298 3249 ideo
3351 3196 3788 3250 introducuntur
3839 3198 3892 3249 in
3942 3196 4046 3266 eius

798 3313 966 3363 tivum
997 3312 1152 3363 duxit
1191 3313 1242 3364 itt
1277 3310 1598 3379 .‘Egyptutu.
1629 3310 1782 3365 Unde
1819 3312 2067 3364 meminit
2095 3309 2366 3363 .letemias

803 3410 943 3470 (cap.
992 3410 1124 3464 uti,
1163 3417 1306 3457 vers.
1349 3402 1433 3471 ll)
1469 3417 1481 3452 :
1519 3400 1780 3467 Quoniam
1808 3401 1916 3452 lure
1943 3402 2068 3452 dicit
2117 3399 2371 3453 Dominus

801 3496 869 3546 ad
908 3494 1295 3563 Sclluutﬁliunt
1335 3493 1496 3549 lasitc
1553 3512 1722 3563 regem
1794 3493 1964 3552 Judit.
1999 3497 2087 3559 qui
2133 3498 2370 3564 regnavit

800 3602 893 3652 pro
925 3585 1072 3639 Josia
1108 3600 1259 3657 patre
1283 3603 1400 3640 suo.
1436 3587 1540 3652 Qui
1567 3602 1808 3656 egressus
1857 3586 1919 3638 de
1969 3590 2084 3643 loco
2132 3587 2233 3638 isto
2267 3602 2370 3638 non

805 3690 1087 3731 revertetur
1113 3679 1212 3730 ltuc
1242 3678 1408 3733 ultra.

875 3785 1057 3854 (Vera.
1100 3787 1208 3856 lli.)
1265 3785 1535 3854 Joacbiut,
1587 3789 1682 3861 qui
1736 3799 1784 3844 et
1814 3787 2065 3852 Eliacitu,
2105 3788 2221 3856 ipse
2252 3786 2375 3842 Joa-

807 3879 948 3932 chiut
979 3879 1178 3935 ductus
1224 3890 1307 3934 est
1350 3883 1405 3935 in
1445 3882 1775 3951 Babylonem
1817 3898 1940 3936 cum
1987 3883 2130 3936 vasis
2190 3882 2376 3951 templi

810 3970 1040 4036 Domini,
1079 3980 1134 4022 et
1184 3970 1396 4034 Daniel,
1435 3974 1670 4034 Anauia,
1719 3981 1774 4024 et
1823 3971 2044 4033 Azaria,
2098 3981 2148 4023 et
2194 3969 2377 4025 blisael

808 4080 930 4114 eum
965 4076 1050 4118 eo.
1083 4061 1290 4118 Joacitn
1321 4063 1465 4117 tilias
1495 4063 1637 4130 ejus,
1664 4065 1754 4132 qui
1785 4075 1838 4116 et
1863 4062 2181 4126 locltonias,
2210 4063 2377 4130 capti-

810 4170 908 4210 vus
940 4154 966 4193 ¹³
994 4157 1190 4211 ductus
1224 4166 1305 4210 est
1335 4157 1388 4209 itt
1409 4156 1760 4225 Babylonem,
1800 4172 1924 4210 cum
1959 4166 2170 4212 ceteris
2232 4154 2377 4209 \asis

815 4250 1013 4300 domus
1056 4247 1288 4311 Domini,
1327 4265 1448 4301 cum
1495 4249 1776 4301 Esechiele
1826 4259 1880 4302 et
1929 4248 2292 4310 llatdoelneo,
2325 4249 2378 4300 in

813 4339 965 4408 t-ujus
999 4339 1116 4394 loco
1155 4340 1484 4395 substitutus
1515 4349 1599 4394 est
1638 4340 1961 4406 Matii-auius,
2006 4340 2097 4408 qui
2135 4350 2188 4392 et
2212 4339 2379 4394 Sedc-

815 4447 989 4487 cuias.

886 4549 1064 4619 (Vers.
1127 4547 1239 4618 l7.)
1295 4565 1312 4597 t
1346 4547 1465 4601 Filii
1496 4545 1794 4648 Jechqniae,
1842 4547 1998 4604 Assir
2034 4546 2317 4648 Salathiel,
2359 4565 2377 4594 ι
2416 4552 2458 4606 ιι
2491 4545 2577 4648 {2)

815 4661 979 4698 unum
1031 4659 1230 4697 nomen
1257 4651 1360 4701 est.
1393 4643 1504 4708 ipse
1534 4651 1618 4694 est
1650 4640 1887 4694 Phadaia
1939 4649 2090 4708 pater
2135 4639 2378 4691 Zoroba-

814 4735 918 4788 hel.
977 4733 1042 4788 Et
1094 4735 1484 4801 interpretatur
1518 4730 1754 4786 Phadaia
1789 4733 2086 4799 redemptus
2135 4731 2376 4796 Domini,

815 4828 989 4892 Assir,
1019 4835 1347 4888 earceratus;
1383 4823 1664 4890 Salathiel,
1700 4825 1876 4894 frutex
1918 4825 2145 4878 Domini.
2177 4824 2382 4878 Sentie-

817 4937 903 4973 ser
935 4922 1076 4975 ﬁlius
1119 4917 1390 4974 Jecbunia:
1416 4960 1430 4982 ,
1463 4919 1558 4988 qui
1593 4919 1642 4971 itt
1702 4918 1834 4972 Ezra
1890 4919 2154 4973 Sesbasar
2209 4920 2382 4972 nunti-

821 5013 1281 5066 natur.Senuest:r
1307 5019 1716 5078 Interpretatur,
1734 5011 2146 5079 blasphematur.
2185 5011 2383 5061 Sesha-

818 5123 908 5160 sar
948 5109 1336 5175 interpretatur
1395 5102 1700 5156 tribulatus.
1778 5102 2039 5156 Sesbasar
2081 5103 2343 5157 scribitur
2369 5141 2382 5166 ,

817 5199 904 5253 cui
947 5200 1119 5268 Cyrus
1155 5197 1539 5251 annumeravit
1565 5211 1691 5249 vasa
1727 5196 1919 5249 domus
1952 5194 2186 5248 Domini.

889 5313 1068 5380 (Vers.
1123 5313 1237 5382 22.)
1296 5310 1808 5366 Seclteuiasltahuit
1864 5312 2033 5364 lilium
2110 5311 2384 5364 Setuciant

819 5408 1056 5472 unicum,
1098 5407 1188 5476 qui
1231 5407 1418 5461 habuit
1447 5408 1688 5476 quinque
1741 5408 1902 5470 tilios,
1949 5409 2144 5459 Athus.
2174 5405 2385 5472 Jegaal,

822 5501 1031 5554 Baaria.
1062 5498 1280 5562 Naaria,
1309 5511 1362 5553 et
1391 5501 1618 5569 Saphat,
1656 5500 1747 5568 qui
1778 5515 1899 5554 eum
1939 5509 2090 5569 patre
2141 5515 2242 5551 suo
2290 5496 2387 5550 Sc-

823 5596 983 5657 meia,
1015 5595 1103 5661 qui
1141 5592 1336 5645 unicus
1374 5596 1543 5660 patris
1573 5602 1712 5652 erat.
1743 5609 1836 5645 sex
1873 5602 2288 5661 computantur.

894 5742 918 5768 ι
961 5729 1082 5789 ills.
1121 5742 1166 5782 et
1202 5729 1426 5785 Joac/tat
1464 5747 1594 5782 unus
1620 5742 1713 5791 est,
1747 5745 1896 5796 quem
1933 5727 2106 5781 Nec/to
2132 5745 2243 5787 rex,
2271 5734 2384 5796 etc.

899 5801 926 5838 ι’
972 5800 1165 5853 Vocem
1200 5802 1430 5867 captivus
1464 5816 1569 5854 non
1605 5795 1766 5852 habet
1797 5814 1896 5854 ms.
1942 5815 2036 5869 pro
2081 5813 2187 5867 qua
2214 5795 2388 5861 addit,

827 5875 910 5936 qui
946 5871 1100 5922 etiam
1133 5869 1434 5924 Chanattias
1465 5871 1668 5936 ductus,
1709 5879 1810 5925 etc.

2477 3294 2762 3362 progenie,
2819 3289 2978 3359 quasi
3011 3305 3041 3343 a
3093 3288 3392 3360 majoribus
3445 3291 3570 3359 eius
3619 3291 3895 3359 progeniti
3929 3291 4043 3344 sint.

2478 3387 2632 3440 Hune
2662 3385 2822 3438 labes
2852 3384 3034 3438 lerunt
3071 3383 3312 3436 nonnulli
3371 3383 3551 3437 adhuc
3584 3386 3796 3447 virere,
3840 3395 4047 3452 propter

2480 3482 2617 3532 hanc
2651 3478 2974 3530 sententiam
3010 3491 3113 3544 qua
3146 3475 3371 3539 dicitur,
3411 3476 3665 3544 prtrstitit
3708 3477 3757 3529 ei
3782 3475 3922 3530 Deus
3944 3491 4048 3544 qam

2475 3581 2715 3640 precatus
2745 3578 2824 3622 est
2858 3571 2874 3636 (
2901 3585 3036 3622 vers.
3077 3569 3187 3634 10).

2550 3660 2730 3726 (Vers.
2769 3659 2880 3726 ll.)
2912 3677 2930 3710 t
2963 3658 3132 3714 Caleb
3163 3659 3333 3712 frater
3365 3657 3537 3721 Suaa,
3574 3660 3690 3728 ipse
3720 3669 3804 3712 est
3837 3659 3991 3712 llam.
4028 3675 4045 3706 i

2480 3751 2614 3805 llam
2647 3752 3036 3821 interpretatur
3080 3752 3320 3806 excelsus
3346 3769 3376 3816 ,°«
3402 3762 3457 3805 et
3479 3751 3648 3815 Suaa,
3674 3752 3922 3805 sublimis
3945 3748 4046 3821 [Αἰ.

2481 3842 2744 3914 humilis].
2775 3841 2942 3897 Caleb.
2959 3844 3138 3912 genuit
3164 3842 3395 3906 Machir,
3429 3842 3639 3898 blachir
3655 3844 3848 3912 genuit
3870 3842 4050 3905 Eston,

2484 3936 2649 3991 Eston
2686 3935 2872 4006 genuit
2925 3933 3197 3988 Tehinna.
3239 3934 3391 4000 Quod
3430 3950 3559 3989 vero
3595 3936 3730 3989 dicit
3783 3949 3910 3989 eum
3963 3948 4047 4002 pa-

2484 4037 2616 4082 trem
2664 4028 2814 4081 urbis
2842 4025 3004 4090 Naas,
3034 4027 3258 4096 intelligi
3290 4037 3466 4096 potest
3491 4036 3585 4080 aut
3610 4027 3891 4082 Bethleem
3930 4066 3944 4087 .
3979 4035 4053 4079 est

2481 4131 2576 4174 aut
2631 4129 2802 4175 mater
2852 4117 2992 4185 lsai;
3031 4118 3157 4188 quia
3193 4119 3293 4173 ἰπὶ
3337 4119 3388 4173 in
3414 4119 3523 4173 alio
3551 4119 3669 4176 loco
3695 4118 3865 4182 Naas,
3894 4119 3944 4170 id
3979 4128 4053 4171 est

2481 4213 2712 4276 coluber,
2737 4220 2982 4264 vocatur.
3002 4209 3210 4280 Abigail
3239 4224 3394 4263 soror
3423 4220 3506 4264 est
3536 4209 3727 4270 David.
3758 4209 3867 4263 ﬁlia
3895 4207 4049 4269 Naas,

2485 4305 2537 4358 id
2571 4314 2652 4356 est
2706 4302 2850 4356 lsai:
2887 4302 2978 4371 qui
3015 4312 3250 4371 utroque
3285 4303 3505 4355 nomine
3543 4302 3867 4356 vocabatur.
3903 4302 4056 4354 Gelra

2486 4396 2787 4450 Istuaelites
2821 4396 3009 4449 habuit
3070 4409 3294 4448 uxorem
3350 4394 3562 4464 Abigail
3633 4395 3800 4446 tiliam
3903 4394 4049 4448 Sans.

2491 4486 2640 4552 Quod
2662 4501 2788 4540 vero
2812 4485 2962 4550 dicit,
2985 4486 3074 4540 isti
3098 4493 3218 4539 sunt
3254 4487 3354 4551 ﬁlii
3402 4484 3529 4553 ltus.
3557 4484 3678 4557 rirt]
3703 4484 3875 4539 Recita
3910 4489 4048 4554 (rers.

2586 4615 2598 4630 .
2640 4577 2818 4630 Recha
2879 4578 3291 4644 interpretatur,
3331 4585 3498 4638 tener,
3549 4593 3708 4646 quem
3761 4578 3849 4630 hic
3901 4577 4049 4630 David

2489 4671 2735 4724 nonnulli
2769 4669 2998 4736 intelligi
3039 4669 3249 4722 volunt.
3292 4667 3384 4722 Sic
3422 4670 3571 4722 enim
3628 4670 3744 4738 ipse
3776 4674 3848 4724 ait
3899 4687 3910 4721 :
3956 4670 4049 4739 Ego

2485 4778 2601 4812 sum
2639 4770 2782 4813 tener
2806 4769 2855 4813 et
2882 4769 3068 4812 unctus
3113 4775 3204 4813 rea:
3253 4757 3335 4826 (II
3396 4759 3526 4827 Reg.
3585 4775 3668 4820 ut.
3721 4761 3838 4825 '59).
3897 4761 3958 4814 Et
4003 4764 4046 4813 in

2488 4855 2593 4906 alio
2625 4855 2744 4906 loco
2779 4873 2791 4906 :
2829 4854 2980 4920 quasi
3014 4853 3144 4922 ligni
3171 4851 3489 4906 vermiculus
3520 4853 3815 4914 terterultts.
3851 4854 4042 4907 Idcirco

2487 4948 2629 4998 enim
2682 4946 2780 5000 viri
2834 4945 3041 5007 ltecha,
3080 4946 3128 4999 id
3163 4954 3247 4999 est
3308 4946 3499 5007 David,
3564 4947 3869 5008 dicuntur,
3931 4948 4052 5012 quia

2495 5049 2714 5107 propter
2744 5037 3151 5106 exprimendam
3200 5037 3586 5107 genealogiam
3653 5037 3822 5091 Dawid
3891 5042 3941 5091 in
3970 5040 4054 5091 hac

2492 5131 2761 5184 sententia
2813 5129 3056 5182 annotati
3091 5137 3240 5183 sunt.

2562 5221 2738 5290 (Vers.
2779 5223 2891 5291 l3.)
2951 5239 2970 5271 ς
3022 5222 3241 5275 Chettez
3301 5221 3492 5292 genuit
3546 5220 3810 5279 Othoniel
3868 5238 3919 5278 et
3973 5223 4054 5277 Sac

2496 5318 2686 5369 raiam.
2726 5335 2744 5365 ι
2797 5314 2870 5368 De
2924 5312 3115 5367 Saraia
3170 5314 3369 5367 dicitur
3422 5315 3702 5381 prodiisse
3760 5315 3922 5372 Joab.
3971 5319 4055 5381 Qui

2497 5411 2618 5463 ideo
2653 5408 2853 5460 dicitur
2906 5417 3060 5476 pater
3114 5406 3272 5459 vallis
3320 5407 3624 5473 artiﬁcum,
3676 5410 3809 5479 quia
3843 5413 3906 5466 de
3954 5411 4055 5462 {this

2495 5503 2612 5570 ejus
2665 5501 2888 5555 fuerunt
2947 5499 3236 5557 architecti
3288 5501 3353 5553 ad
3414 5502 3814 5557 aediﬁcandum
3867 5506 4054 5557 domum

2498 5595 2734 5651 Domini.

2569 5743 2589 5770 ε
2639 5731 2736 5802 bis.
2776 5729 2872 5782 llic
2902 5740 3074 5781 autem
3109 5731 3327 5782 mutatis
3356 5735 3670 5790 nominibus
3712 5737 3830 5788 ideo
3856 5747 4056 5802 κρείων

2499 5813 2602 5857 tttr.
2641 5801 2803 5856 Farcs
2845 5801 3246 5868 interpretatur,
3283 5811 3391 5854 etc.
