4198 6350
802 334 941 397 1143

2295 316 2698 380 ΑΡΡΕΝυιΧ.

3940 312 4054 374 illi

795 445 954 508 naua,
997 443 1200 512 requies
1238 457 1253 501 ;
1286 437 1553 499 Naaman,
1599 435 2014 506 pulcherrimus.
2072 433 2123 484 lu
2161 431 2368 483 l’arali-
2404 435 2444 488 Α
2479 429 2575 483 ιςιί
2611 429 2994 484 custodiebant
3035 430 3232 483 oStium
3280 429 3632 484 tabernaculi
3670 429 3932 482 exterius.
3969 429 4054 481 Pa-

793 551 1087 603 pmnenon,
1130 531 1312 600 Rapha
1346 548 1362 586 :
1398 531 1453 584 in
1490 530 1690 584 Genesi
1746 529 2006 581 scribitur
2049 524 2172 585 Alii,
2222 524 2366 591 quml

795 631 1182 697 interpretatur
1212 626 1378 694 frater
1399 641 1540 677 meus
1574 640 1592 687 ;
1620 622 1834 693 Rapha,
1875 619 2154 672 medicina.

868 742 1047 814 (\‘crs.
1077 742 1128 798 6.
1157 743 1174 813 )
1209 761 1226 794 1
1255 741 1317 794 Hi
1343 749 1473 796 sunt
1505 740 1595 793 lilii
1643 737 1789 792 Ahod
1839 735 2116 805 principes
2166 747 2371 800 cogna-

795 838 1004 889 tionum
1052 837 1413 890 habitantium
1452 836 1502 887 in
1542 832 1755 893 Gabaa,
1809 830 1900 898 qui
1945 827 2193 882 translati
2242 833 2371 878 sunt

794 929 843 980 111
875 926 1192 982 Manabath.
1224 948 1242 978 s
1273 926 1565 980 Manaltath
1602 925 1989 989 interpretatur
2042 918 2367 984 sepulcrum.

793 1019 851 1074 In
883 1019 1174 1074 Manaltatlt
1207 1021 1458 1074 translati
1498 1025 1650 1079 sunt,
1680 1017 1897 1084 quando
1945 1028 2041 1082 pro
2074 1012 2280 1064 sci-lere
2315 1012 2368 1062 in

797 1129 1021 1166 usotem
1060 1112 1232 1165 levita:
1262 1120 1592 1182 perpetrato,
1637 1108 1816 1179 gladio
1843 1116 2186 1161 corruerunt.
2217 1102 2367 1168 Quod

800 1217 928 1257 vero
959 1204 1212 1273 sequitur
1245 1219 1258 1256 :
1291 1201 1532 1256 Naaman
1566 1209 1746 1254 autem
1783 1210 1835 1252 et
1862 1197 1998 1250 Altia
2030 1206 2082 1248 et
2115 1195 2254 1249 Gcra
2292 1195 2368 1262 ip-

793 1314 854 1353 se
878 1300 1156 1355 transtulit
1187 1315 1301 1361 eos,
1335 1299 1588 1364 designat
1635 1313 1730 1352 eos
1782 1297 1954 1350 fuisse
2005 1295 2280 1365 principes
2318 1299 2372 1344 et

797 1393 905 1446 illis
952 1392 1257 1445 emittuisse
1303 1389 1468 1446 Cera.
1524 1389 1678 1446 Unde
1726 1398 1780 1442 et
1831 1387 2093 1458 singulari
2146 1401 2372 1438 ttutncro

795 1485 1209 1548 describuntur,
1272 1483 1388 1552 ipse
1455 1480 1733 1535 transtulit
1797 1494 1910 1533 eos.
1953 1478 2025 1530 De
2077 1474 2181 1529 isto
2231 1475 2370 1529 Gi-ra

796 1577 1063 1646 processit
1087 1577 1378 1646 progenies
1405 1573 1566 1637 Gera,
1599 1575 1691 1644 qui
1726 1572 1824 1625 fuit
1854 1582 2006 1641 pater
2040 1567 2245 1624 Sentei.

869 1691 1049 1760 (νει-ι.
1081 1694 1139 1745 8.
1176 1687 1504 1757 )Serachim
1558 1687 1766 1741 dimisit
1808 1701 2002 1742 uxores
2032 1702 2160 1742 suas
2207 1683 2358 1740 Usim

793 1793 849 1838 ct
877 1784 1040 1848 Bara,
1066 1794 1119 1837 ct
1147 1783 1286 1851 fugit
1311 1783 1364 1835 in
1389 1791 1585 1835 terram
1617 1779 1797 1841 Moab,
1821 1790 1876 1833 et
1904 1782 2114 1846 accepit
2145 1791 2368 1831 uxorem
2402 1789 2449 1849 Β

795 1878 962 1943 Odes,
998 1893 1062 1930 ex
1097 1892 1202 1944 qua
1236 1874 1477 1940 suscepit
1507 1873 1672 1936 ﬁlios,
1700 1875 1791 1940 qtti
1827 1874 1915 1925 hic
1957 1871 2296 1924 scribuntur.

865 1968 1043 2035 (νει-ς.
1082 1968 1166 2021 13.
1198 1971 1214 2033 )
1260 1984 1278 2016 s
1307 1964 1374 2018 lli
1401 1965 1734 2033 fugaverunt
1765 1965 2102 2016 habitatores
2143 1962 2308 2026 Geth,
2347 1982 2367 2014 s

794 2072 849 2115 et
881 2061 976 2114 ulli
1009 2067 1136 2113 sunt
1171 2058 1367 2111 fratres
1397 2071 1527 2111 suos
1560 2057 1700 2111 illius
1727 2054 2010 2126 Epitraim,
2043 2054 2134 2125 qui
2174 2070 2368 2110 eorum

801 2153 1112 2208 ceciderant
1146 2151 1351 2219 gladio.

869 2265 1054 2334 (Vers.
1088 2266 1179 2321 40.
1213 2267 1231 2334 )
1262 2283 1281 2317 s
1317 2263 1558 2320 Fuerunt
1591 2273 1771 2319 autem
1806 2265 1898 2318 lilii
1932 2264 2089 2320 Ulam
2125 2264 2226 2318 viri
2252 2262 2364 2318 for-

799 2360 994 2412 tissimi
1027 2370 1079 2412 et
1106 2374 1303 2426 magno
1326 2357 1543 2419 robore,
1578 2358 1861 2411 tendentes
1897 2372 2110 2420 arcum,
2143 2368 2200 2410 et
2228 2359 2372 2410 mul-

801 2463 884 2503 tos
923 2452 1192 2504 habentes
1230 2450 1370 2503 ﬁlios
1402 2463 1466 2503 ac
1517 2457 1766 2518 nepotes,
1819 2463 2038 2504 centum
2095 2450 2372 2520 quinqua-

799 2545 968 2609 ginta.
997 2562 1014 2594 1
1052 2541 1147 2596 llic
1175 2556 1396 2596 centum
1419 2541 1822 2612 quinquaginta
1856 2541 2100 2596 referunt
2133 2545 2197 2595 ad
2228 2544 2370 2595 ﬁlios

805 2627 980 2693 Ulant,
1007 2640 1063 2681 111
1100 2630 1200 2683 iste
1229 2631 1300 2684 sit
1322 2644 1518 2684 sensus
1554 2645 1570 2683 :
1612 2640 1836 2686 luerunt
1866 2643 2048 2684 autem
2076 2633 2168 2686 lilii
2209 2629 2367 2685 Ulam

797 2733 1012 2773 centum
1039 2724 1461 2793 quinquaginta,
1497 2739 1592 2794 per
1641 2734 1858 2795 tropum
1893 2725 1986 2794 qui
2020 2736 2246 2779 vocatur
2276 2726 2367 2796 hy-

799 2811 1086 2877 perbatou.

872 2921 1025 2991 (Cap.
1058 2921 1387 2980 lX.—-Vers.
1416 2925 1515 2993 2.)
1550 2920 1870 2992 Nathitmei,
1910 2928 1961 2982 id
2008 2936 2093 2982 est
2158 2929 2366 2984 donati.

802 3015 940 3066 Sunt
964 3018 1108 3067 enim
1133 3013 1474 3078 (iabaonitaz.
1508 3033 1574 3072 eo
1605 3019 1747 3086 quod
1779 3019 1844 3072 ad
1877 3019 2226 3073 serviendum
2255 3020 2365 3073 dati

801 3115 930 3158 sunt
967 3106 1032 3158 ad
1068 3109 1329 3174 templum
1373 3107 1588 3161 Domini
1636 3125 1665 3162 a
1706 3107 1893 3164 Iosue.

874 3216 1051 3288 (Vers.
1088 3222 1174 3275 11.
1211 3223 1230 3292 )
1275 3240 1293 3273 1
1320 3223 1554 3276 Azarias
1597 3237 1814 3292 quoque
1852 3223 1994 3276 ﬁlius
2046 3221 2304 3279 Heli-lum.
2346 3241 2364 3274 s

801 3307 907 3361 Iste
935 3319 1016 3363 est
1051 3308 1302 3366 Helcltias
1329 3315 1587 3369 sacerdos
1623 3330 1875 3384 magnus,
1916 3315 2008 3386 qui
2047 3317 2244 3370 librum
2293 3318 2372 3370 le-

801 3404 883 3470 gis
911 3403 1114 3456 invenit
1157 3415 1399 3474 tempore
1434 3405 1623 3472 Josiaa,
1664 3420 1716 3462 et
1743 3408 1945 3464 dicitur
1997 3407 2168 3464 fuisse
2219 3421 2374 3480 pater

800 3493 1048 3548 Jereutize
1094 3498 1394 3566 propheta.

874 3585 1053 3655 (Vers.
1095 3588 1232 3655 l5.)
1291 3588 1666 3657 Bachbachar,
1729 3597 2111 3661 carpentarius
2166 3595 2374 3649 idcirco

803 3674 1151 3743 describitur,
1190 3683 1314 3750 quia
1348 3683 1581 3736 artiﬁcio
1606 3699 1706 3738 suo
1741 3684 2068 3756 frangebatur
2120 3687 2173 3740 in
2212 3687 2374 3741 domo

806 3765 1041 3831 Domini,
1078 3779 1130 3824 et
1154 3783 1267 3825 erat
1311 3783 1374 3828 tle
1403 3777 1544 3828 tribu
1589 3775 1738 3832 Levi.

877 3884 1051 3950 (Vers.
1090 3886 1208 3954 l6.)
1233 3907 1250 3938 1
1283 3889 1638 3945 EtBarachia:
1658 3893 1795 3946 ﬁlius
1811 3893 2013 3961 Asaph,
2036 3893 2125 3947 ﬁlii
2154 3895 2374 3961 Elcana,

807 3977 896 4044 qui
930 3977 1194 4034 habitavit
1243 3982 1294 4034 ltt
1337 3983 1490 4035 atriis
1522 3981 1834 4053 Netopltati.
1877 4004 1896 4037 1
1940 3985 2235 4054 Netophati
2269 4003 2370 4041 uo-

811 4084 928 4122 men
969 4071 1070 4124 loci
1117 4084 1222 4137 est,
1260 4074 1350 4128 ubi
1386 4076 1661 4129 habitavit
1689 4077 1870 4131 Heleel
1927 4079 2069 4133 filius
2104 4079 2273 4140 Bnua,
2305 4081 2372 4134 de

807 4176 915 4229 quo
945 4165 1197 4232 superius
1226 4166 1431 4219 dictum
1463 4177 1565 4220 est.
1603 4167 1708 4232 Qui
1744 4180 1896 4222 erant
1927 4186 2132 4223 corona:
2181 4172 2370 4224 domus

807 4255 995 4308 Jacob.
1022 4258 1187 4311 Abdia
1226 4260 1367 4312 ﬁlius
1400 4262 1646 4324 Semeizc,
1679 4263 1772 4314 lilii
1806 4262 1980 4328 Caial,
2003 4264 2094 4316 lilii
2132 4263 2369 4318 Idithun.

810 4348 914 4402 lste
944 4359 1027 4402 est
1056 4348 1273 4404 ldithun
1301 4363 1490 4405 cautor
1523 4352 1710 4407 David.
1741 4353 2118 4408 Observabant
2139 4357 2190 4408 111
2217 4370 2371 4424 pnrta

805 4439 969 4507 regis,
1013 4438 1078 4491 ad
1133 4440 1397 4493 orientem
1448 4441 1514 4494 de
1565 4443 1689 4494 liliis
1723 4443 1847 4496 Levi
1888 4460 1984 4512 per
2041 4448 2185 4501 vices
2220 4463 2368 4510 suas,

815 4533 905 4598 qui
937 4542 1093 4585 erant
1117 4543 1376 4585 cantores
1410 4550 1423 4596 ;
1455 4543 1510 4587 et
1544 4535 1756 4589 vicibus
1790 4535 1903 4590 suis
1934 4538 1997 4592 ad
2035 4539 2370 4607 psallendum

804 4640 930 4676 eum
968 4625 1130 4676 David
1177 4626 1486 4679 veniebant.

878 4738 1062 4808 (Vers.
1107 4739 1193 4803 19,
1231 4741 1322 4795 20.
1368 4741 1384 4809 )
1425 4761 1443 4792 r
1471 4743 1670 4797 Scllum
1700 4761 1833 4798 vero
1867 4748 2009 4802 lilius
2067 4749 2227 4813 Core,
2279 4749 2373 4802 ﬁlii

804 4832 1098 4898 Abiasaph,
1154 4834 1245 4885 lilii
1278 4832 1437 4888 Core.
1485 4854 1502 4886 s
1544 4834 1640 4889 Hic
1678 4841 1826 4902 prior
1869 4839 2009 4893 Core
2062 4857 2154 4908 per
2207 4842 2374 4908 Aleph

809 4924 1093 4989 scribitur,
1114 4935 1167 4977 ιι
1189 4935 1344 4979 sonat
1369 4927 1507 4980 Core
1538 4945 1552 4986 :
1588 4931 1858 4984 secundus
1890 4947 2015 4985 vero
2049 4949 2143 5000 per
2175 4932 2376 4996 llheth,

804 5026 856 5068 et
881 5025 1038 5067 sonat
1067 5015 1304 5070 Cor-ach.
1337 5018 1499 5079 Core,
1548 5020 1786 5074 clamans
1819 5041 1836 5085 ;
1881 5022 2118 5087 Coraclt,
2144 5025 2325 5078 calvus
2356 5042 2375 5079 :

811 5108 923 5175 ipse
956 5121 1035 5161 est
1067 5110 1156 5176 qui
1212 5111 1262 5162 in
1317 5109 1568 5165 Numeris
1620 5115 1877 5166 scribitur
1911 5117 2047 5185 (cap.
2086 5135 2195 5182 va,
2244 5135 2376 5177 tera.

808 5197 987 5264 l-l9;
1043 5215 1191 5260 xvvt,
1285 5216 1413 5252 rers.
1455 5202 1608 5271 9-H)
1641 5219 1655 5258 :
1689 5205 1759 5256 Hi
1797 5219 1912 5258 sunt
1969 5206 2164 5263 Corittc
2213 5226 2373 5277 super

805 5304 963 5356 opera
997 5292 1273 5342 ministerii
1309 5293 1552 5346 custodes
1597 5298 1974 5351 vestibulorum
2005 5304 2364 5357 tabernaculi.

2477 534 2586 576 tres
2619 539 2748 575 vt-ro
2789 540 2994 587 eorum,
3034 524 3128 592 qui
3159 525 3354 577 subter
3390 526 3751 586 scribuntur,
3813 534 3866 576 et
3898 526 3977 591 qui
4010 527 4052 577 in

2474 615 2738 669 Psalteriu
2780 618 2966 669 titulos
2999 617 3220 677 habent,
3274 617 3378 685 ipsi
3421 619 3832 672 custodiebant
3880 620 4052 669 ostium

2475 708 2708 760 inn-rius
2751 709 3086 763 talwrnaculi
3128 709 3366 772 Domini,
3403 719 3459 763 ct
3494 721 3666 762 erant
3700 719 3958 762 cantores
3983 725 4052 763 ea-

2474 812 2711 855 strorum
2754 802 2982 855 llomiui.
3034 799 3481 856 Taberttaculunt
3525 802 3691 866 dicit,
3738 803 3835 855 ubi
3898 801 4054 856 Domi-

2478 909 2578 946 nus
2641 893 3040 961 rcquiesccbat.
3092 883 3184 947 llis
3234 903 3480 961 quatuor
3535 893 3796 947 excubiis
3844 894 4053 947 creditus

2478 994 2592 1037 erat
2625 986 2807 1038 omnis
2835 1001 3094 1040 numerus
3116 987 3420 1057 janitorttm
3459 1005 3472 1039 :
3504 997 3562 1041 et
3593 998 3846 1057 quatuor
3873 997 4052 1055 partes,

2477 1079 2673 1146 quibus
2707 1076 3075 1132 observabant
3133 1082 3393 1134 custodes
3433 1079 3640 1135 domus
3686 1078 3933 1144 Domini,
3978 1085 4054 1137 de-

2480 1171 2696 1239 scripta!
2735 1184 2864 1224 sunt
2899 1171 2950 1224 in
2989 1171 3128 1225 libro
3168 1171 3543 1228 Numerorum
3579 1175 3729 1243 (cap.
3776 1178 3880 1242 tu}.
3906 1175 4052 1230 Erant

2475 1263 2618 1314 enim
2648 1262 2700 1315 in
2736 1278 3064 1332 unaquaque
3099 1273 3251 1333 parte
3284 1267 3705 1336 quinquaginta
3738 1280 3796 1322 et
3828 1279 3958 1332 tres,
3979 1274 4053 1338 qui

2475 1355 2683 1410 faciunt
2723 1354 2990 1411 ducentos
3016 1357 3304 1412 duodecim
3339 1375 3355 1414 :
3393 1358 3623 1414 Phineas
3655 1361 3811 1429 ﬁlius
3846 1362 4056 1417 Eleazar

2475 1461 2590 1501 erat
2635 1448 2746 1502 dux
2800 1466 2978 1502 eorum
3023 1467 3204 1504 coram
3259 1450 3515 1507 Domino.
3575 1452 3680 1509 Hic
3737 1469 4056 1510 monstratur

2480 1541 2717 1596 Phinees
2748 1542 2927 1596 adhuc
2955 1543 3009 1596 in
3048 1558 3116 1597 eo
3153 1555 3398 1612 tempore
3451 1547 3668 1610 vivere.
3697 1560 3753 1602 et
3807 1549 3859 1601 in
3900 1551 4056 1603 taber-

2481 1634 2675 1686 naculo
2707 1631 2920 1689 vicibus
2957 1635 3072 1689 suis
3107 1639 3404 1693 excubare.
3463 1626 3560 1694 lla:
3614 1652 3754 1695 sunt
3804 1643 3944 1696 vices
3985 1644 4054 1693 vi.

2478 1728 2610 1797 giuti
2663 1739 2922 1798 quatuor,
2973 1746 3092 1798 qua
3147 1731 3198 1784 itt
3238 1736 3603 1803 sequentibus
3657 1737 4053 1798 describuntur,

2478 1835 2709 1889 quarum
2742 1826 2795 1875 in
2821 1821 3148 1892 Evangelio'
3187 1826 3391 1878 mentio
3424 1837 3507 1881 est
3541 1826 3733 1897 (Luae
3771 1846 3810 1890 t,
3833 1830 3865 1883 5
3900 1835 4054 1899 seqq.)

2477 1908 2542 1960 de
2581 1909 2692 1964 vice
2719 1910 2875 1968 Abia.

2555 2009 2739 2088 (Vers.
2781 2024 2913 2092 35.)
2974 2044 2991 2075 ι
3026 2027 3079 2079 1η
3127 2027 3347 2082 Gabaon
3397 2041 3583 2085 autem
3639 2039 4048 2089 cmumenwrai

2475 2122 2629 2177 sunt,
2665 2124 2819 2182 pater
2856 2115 3078 2171 Gabaon
3109 2117 3243 2174 Jaiel
3294 2135 3350 2176 et
3386 2138 3588 2178 namett
3628 2127 3819 2178 uxoris
3871 2140 3896 2166 ι
3947 2130 4054 2196 ejus

2474 2205 2717 2259 Maztcha.
2775 2227 2791 2258 1
2826 2209 2958 2262 Jaiel
3005 2212 3117 2279 ipse
3149 2224 3252 2276 est,
3304 2217 3395 2283 qui
3445 2217 3497 2269 in
3559 2219 3772 2287 Regum
3811 2222 4054 2274 scribitur

2475 2296 2627 2350 Alch
2676 2309 2830 2366 pater
2877 2299 3008 2355 Cllis
3057 2306 3226 2372 patris
3271 2306 3402 2374 511111
3443 2306 3497 2378 (1
3522 2308 3658 2378 lleg.
3688 2327 3767 2375 ιι,
3805 2313 3877 2364 11.
3916 2315 4052 2366 Abiel

2476 2393 2868 2461 interpretatur
2927 2410 3078 2463 pater
3104 2416 3244 2454 incus
3274 2401 3410 2456 Deus
3438 2420 3456 2456 :
3491 2403 3652 2460 Jaiel.
3680 2408 3922 2462 desertus
3953 2408 4049 2469 Dei,

2475 2494 2695 2553 propter
2731 2489 3052 2542 meritorum
3089 2492 3435 2550 distantiam.
3474 2496 3540 2549 Et
3580 2505 4048 2570 notantlum,quia

2476 2579 2615 2631 inter
2655 2580 2793 2633 ﬁlios
2840 2579 2996 2644 Jaicl,
3049 2581 3154 2635 Ncr
3200 2595 3255 2638 et
3307 2588 3442 2643 Cltis
3495 2606 3673 2645 vocati
3711 2610 3774 2645 ur
3834 2594 4046 2660 fratres,

2474 2671 2615 2724 sicut
2649 2680 2702 2724 et
2737 2682 2888 2735 sunt,
2920 2683 2971 2727 et
3007 2676 3059 2727 in
3096 2673 3301 2746 Regum
3339 2679 3411 2732 ita
3454 2682 3699 2736 habetur
3740 2684 3791 2752 tl
3832 2687 3954 2758 Reg.
3981 2706 4047 2750 ts,

2476 2762 2550 2830 1).
2593 2761 2648 2815 111
2683 2766 3042 2832 sequentibus
3072 2783 3203 2823 vero
3239 2769 3468 2837 dicitur,
3508 2773 3628 2828 Ner
3663 2781 3848 2846 genuit
3889 2780 4006 2834 Chis
4037 2799 4052 2835 :

2477 2869 2583 2906 non
2608 2857 2747 2924 quod
2783 2873 2906 2909 eum
2939 2861 3211 2928 genuerit,
3244 2863 3338 2916 sed
3367 2868 3516 2933 quod
3553 2882 3682 2921 eum
3722 2872 4043 2937 edncaverit,

2473 2947 2726 3016 genuisse
2753 2963 2878 3002 eum
2925 2949 3148 3006 dicitur.

2553 3061 2730 3128 (\‘ers.
2781 3064 2866 3118 38.
2907 3065 2922 3132 )
2962 3083 2978 3114 1
3008 3065 3100 3119 Isti
3156 3068 3548 3126 habitaverunt
3607 3090 3640 3129 e
3701 3080 3921 3148 regione
3958 3081 4055 3135 fra-

2402 3134 2445 3190 C
2483 3161 2622 3202 trum
2652 3170 2874 3207 suorum
2918 3156 2971 3208 iu
3024 3155 3326 3213 Jerusalem
3375 3179 3502 3217 cum
3541 3165 3823 3226 fratribus
3873 3177 4000 3228 suis.
4034 3195 4048 3224 s

2483 3243 2744 3306 Quamvis
2767 3243 2898 3298 foris
2922 3263 3107 3302 muros
3120 3247 3424 3306 Jerusalem
3449 3255 3799 3324 habitarent.
3820 3264 4056 3318 dicuntur

2484 3345 2700 3402 propter
2754 3337 3089 3392 vicinitatem
3126 3351 3308 3397 tamen
3357 3357 3413 3400 et
3469 3363 3818 3407 conventum
3861 3355 3959 3410 loci
4006 3358 4050 3409 iu

2480 3422 2778 3479 Jerusalem
2814 3427 3109 3485 habitasse.

2552 3539 2732 3610 (Vers.
2776 3544 2865 3598 39.
2901 3546 2921 3614 )
2958 3565 2976 3598 1
3008 3547 3312 3608 Amiuadab
3341 3554 3493 3611 ﬁlius
3529 3557 3691 3625 Saul,
3732 3581 3751 3613 s
3785 3563 3838 3616 in
3869 3562 4054 3618 Parali-

2481 3648 2750 3702 pomenon
2787 3654 2801 3692 :
2833 3639 2889 3692 In
2931 3639 3138 3711 Regum
3193 3661 3342 3714 vero,
3388 3652 3478 3703 ubi
3541 3659 3772 3712 occisus
3821 3670 3902 3711 est
3941 3677 4052 3714 cum

2484 3735 2653 3791 patre,
2680 3727 2959 3784 Abiuadab
2986 3747 3234 3800 vocatur,
3266 3739 3316 3792 id
3347 3752 3432 3794 est
3481 3742 3656 3800 Pater
3689 3767 3834 3802 meus
3868 3765 4049 3808 ratum.

2482 3815 2538 3868 ln
2572 3818 2692 3871 aliis
2728 3835 2857 3874 vero
2886 3822 3026 3877 locis
3055 3824 3230 3890 Jesbi,
3265 3831 3315 3881 id
3346 3842 3431 3886 est
3497 3852 3836 3906 cocquatus.

2559 3929 2719 3996 (Ibid.
2758 3933 2774 4000 )
2813 3953 2831 3984 s
2859 3937 3055 3989 Asbaal
3098 3938 3240 3993 ﬁlius
3273 3941 3428 4002 Saul.
3471 3965 3489 3996 1
3532 3950 3651 4016 ipse
3679 3966 3768 4007 est
3799 3956 4051 4012 lstSClll.

2489 4018 2688 4074 Esbaul
2738 4024 3127 4094 interpretatur
3177 4034 3313 4099 ignis
3365 4040 3623 4094 maritus.
3668 4046 3935 4107 Isbosetlt,
3984 4052 4053 4102 rir

2480 4115 2831 4179 confusionis.

2559 4229 2739 4324 (Vers.
2772 4230 2861 4286 40.
2893 4238 2911 4299 )
2959 4253 2976 4284 1
3005 4233 3174 4292 Filius
3203 4239 3498 4297 Ionatham
3549 4247 3835 4314 Meribaal,
3882 4255 3970 4324 qui
4005 4265 4051 4308 et

2479 4316 2832 4388 Mcribabaal,
2877 4343 2896 4376 s
2935 4327 3052 4396 ipse
3087 4341 3170 4383 est
3209 4331 3601 4402 Miphibnseth.
3655 4316 3917 4400 Meribaai
3974 4349 4050 4401 ia-

2481 4418 2813 4480 terpretatur
2867 4420 3087 4490 litigatis
3121 4439 3244 4477 cunt
3275 4429 3497 4484 marito.
3545 4433 3912 4504 Meribabaal,
3949 4440 4046 4493 liti-

2401 4510 2441 4565 C
2475 4519 2605 4572 gans
2639 4509 2694 4558 in
2737 4515 3010 4567 maritum.

2558 4618 2739 4687 (Vers.
2773 4627 2860 4678 43.
2895 4628 2910 4694 )
2945 4628 3190 4699 Raplsaia
3223 4645 3274 4688 et
3313 4634 3502 4705 Rapha
3530 4658 3707 4698 unum
3748 4663 3943 4703 nomen
3960 4659 4048 4712 est,

2484 4716 2626 4769 ﬁlius
2677 4717 2866 4782 Binan,
2903 4722 2994 4775 lilii
3046 4725 3214 4780 Mosa.
3279 4728 3465 4798 Rapha
3526 4735 3929 4807 interpretatur
3970 4745 4050 4796 dc-

2484 4810 2652 4876 ﬂucns
2687 4811 2737 4877 b;
2779 4812 3026 4884 Raphaia
3083 4821 3338 4874 medicina
3376 4825 3497 4879 Dei.

2553 4923 2732 4989 (Vers.
2762 4927 2850 4981 44.
2885 4928 2902 4998 )
2932 4931 3250 4988 Azaricltam
3289 4937 3459 4992 Docru
3516 4944 3687 5000 unius
3727 4949 3963 5005 hominis
3985 4965 4050 5006 est

2490 5029 2704 5068 nomen.
2733 5015 2898 5071 Βυυτυ
2934 5022 3332 5091 interpretatur
3377 5032 3804 5104 primogenitus.
3832 5041 4050 5097 Tradunt

2483 5109 2626 5158 enim
2652 5125 2774 5161 eum
2803 5115 3129 5181 armigerum
3161 5117 3290 5172 Snul
3331 5121 3510 5178 Doech
3538 5126 3844 5188 ldumaum
3882 5136 4047 5196 fuissr.

2482 5211 2536 5249 et
2567 5214 2794 5266 puerum
2828 5205 2921 5270 qui
2954 5205 3206 5259 diadema
3234 5219 3288 5262 et
3312 5214 3587 5270 armillam
3618 5216 3757 5274 Saul
3779 5225 3964 5278 detulit
3992 5229 4044 5275 ad

2479 5287 2644 5342 David
2688 5291 2858 5346 ﬁlium
2907 5295 3085 5350 Doech
3124 5298 3372 5358 Idumaei.
3426 5303 3616 5375 Ipsum
3671 5319 3842 5370 etiam
3893 5317 4046 5372 Dorclt

880 5490 894 5518 ⁸
935 5487 1169 5543 Novi-rat
1215 5491 1471 5544 llcbtreus
1503 5504 1686 5548 uoster
1748 5496 2158 5568 Evangeliorutu
2216 5505 2512 5573 volutn‘na,
2561 5521 2715 5565 antea
2754 5511 3010 5578 Matthaei,
3052 5528 3104 5571 et
3140 5517 3226 5570 hic
3281 5518 3466 5575 Lucas.

881 5741 901 5762 ο
949 5725 1047 5776 l'ro
1071 5726 1268 5790 111-(111³,
1306 5725 1357 5778 in
1387 5742 1504 5779 meo
1536 5744 1638 5782 ms.
1678 5743 1758 5784 est
1786 5737 1994 5788 matris.

2558 5743 2581 5779 ιι
2625 5740 2675 5795 111
2715 5760 2816 5802 ms.
2849 5761 2970 5800 meo
3011 5748 3206 5815 tle/lens
3237 5766 3335 5819 pro
3368 5753 3618 5819 deﬂuens
