4198 6350
168 392 319 455 1445

1153 399 1434 471 Oli/EST.
1482 399 1835 462 HERRAIC.
1888 402 1964 460 lN
2004 402 2147 460 HR.
2198 400 2600 464 IPARALH‘.

3320 403 3455 469 1446

170 510 367 563 ferunt
399 525 634 579 puerum
676 511 805 568 Sani
842 513 1031 578 fuisse,
1068 516 1311 583 quicum
1346 530 1411 568 eo
1446 524 1761 585 perrexerat
1802 520 1845 576 Λ
1878 516 2002 582 quia
2040 530 2147 571 tam
2184 518 2350 571 fortes
2389 518 2533 571 \iros
2566 520 2615 571 in
2664 518 2827 573 lst'acl
2864 518 3110 575 dederat.
3151 520 3213 574 Et
3248 533 3448 579 notam

169 605 245 657 ad
287 606 657 671 requirendus
690 606 878 661 asinus
914 609 1083 677 patris
1116 610 1221 664 sui.

248 700 411 769 (Cap.
448 697 520 753 Χ.
552 732 611 745 --
640 698 797 753 Vers.
853 702 952 768 6.)
996 720 1013 752 ι
1069 701 1277 755 Interiit
1326 718 1457 771 ergo
1517 704 1674 765 Sani,
1714 712 1768 755 et

172 802 290 845 tres
316 792 410 847 lilii
444 794 588 862 ejus.
616 802 669 847 et
712 793 892 848 omnis
938 797 1133 847 domus
1168 794 1284 863 ejus
1333 798 1535 864 pariter
1583 800 1766 852 conci-

172 888 283 941 dit.
347 908 365 939 r
416 890 646 942 Domum
701 888 818 957 ejus
855 891 1057 959 pariter
1090 889 1397 943 concidisse.
1448 891 1605 955 dicit,
1655 912 1760 948 non

174 992 238 1033 ut
268 998 380 1035 non
412 992 582 1045 esset,
616 984 681 1038 de
730 985 928 1052 quibus
986 980 1089 1036 fttit
1127 981 1525 1053 Martlocba'us,
1572 988 1663 1041 sed
1708 996 1764 1040 ut

169 1091 288 1131 non
328 1089 607 1145 regnaret.

246 1170 433 1240 (Vers.
476 1175 560 1225 l0.
599 1172 615 1237 )
655 1192 671 1223 ι
708 1172 769 1225 Et
805 1182 966 1239 caput
1005 1171 1124 1238 ejus
1163 1172 1452 1226 allici-runt
1511 1171 1561 1225 in
1618 1182 1763 1227 tem-

169 1265 267 1333 plo
306 1266 511 1334 Dagou.
555 1286 573 1317 ι
601 1268 657 1321 ιιι
689 1264 918 1319 Hebraeo
952 1281 1055 1319 non
1092 1278 1281 1331 caput,
1326 1266 1416 1320 sed
1442 1283 1630 1334 corpus
1667 1266 1767 1319 lia-

172 1360 509 1426 leetur,qnia
557 1368 719 1426 caput
759 1359 869 1427 jatn
925 1362 1186 1413 miserant
1242 1360 1306 1412 ad
1350 1360 1763 1415 circumducen-

168 1454 332 1505 dum.
367 1455 424 1505 In
458 1450 665 1521 Regum
692 1467 820 1505 vero
848 1452 1110 1507 scribitur
1142 1454 1195 1505 in
1232 1451 1487 1505 liatlrsan.
1520 1452 1756 1505 Bellisan

168 1545 325 1607 enim
360 1544 585 1597 tradunt
627 1552 867 1597 meritam
906 1544 1125 1596 donmrrr
1160 1544 1370 1610 Dagou,
1423 1560 1543 1613 qua:
1590 1546 1762 1597 inter-

171 1647 430 1701 pretatur
465 1640 653 1689 domus
685 1635 1015 1689 dormientis.
1068 1636 1181 1690 Alia
1213 1650 1297 1691 est
1329 1638 1473 1690 enim
1513 1636 1759 1689 Betlrsan

172 1731 229 1781 in
264 1728 552 1792 Iudicum,
582 1729 711 1782 etin
751 1726 939 1792 Josue,
971 1743 1091 1797 quae
1124 1729 1536 1799 interpretatur,
1570 1728 1760 1781 domus

165 1822 507 1875 securitatis.

249 1915 417 1983 (Cap.
454 1914 542 1967 XI.
575 1912 804 1967 -Vers.
836 1913 888 1968 8.
929 1917 945 1979 )
978 1933 994 1965 ι
1017 1912 1153 1968 Joalr
1187 1923 1369 1969 autem
1405 1916 1612 1985 reliqua
1670 1934 1757 1971 ur-

172 2009 262 2061 bis
292 2007 591 2067 exstruxit,
629 2023 646 2053 r
686 2004 737 2057 id
760 2018 862 2067 est,
892 2006 1246 2075 pereuntibus
1267 2004 1530 2061 Jcbusacis
1553 2008 1755 2077 gladio,

169 2104 215 2153 si
253 2102 347 2170 qui
382 2116 448 2153 ex
482 2098 742 2153 Israelitis
772 2099 913 2151 inter
940 2114 1033 2153 eos
1075 2100 1277 2153 inventi
1315 2102 1568 2162 fuissent,
1593 2102 1662 2155 ab
1692 2117 1757 2155 eo

168 2199 561 2249 salvabantnr.

242 2287 427 2355 (Veis.
474 2291 608 2353 ll.)
665 2310 681 2339 ι
712 2288 963 2343 Jcsliaam
1016 2287 1162 2341 filius
1222 2288 1563 2338 Aclrarnonni
1610 2286 1757 2354 prin—

168 2398 303 2447 eeps
342 2383 455 2450 (Al.
494 2383 733 2450 ponitur)
766 2383 906 2436 inter
962 2383 1203 2450 triginta.
1250 2398 1265 2432 r
1300 2378 1551 2432 Jesbaam
1586 2379 1755 2430 inter-

170 2484 429 2544 pretatur
482 2474 663 2528 sedens
710 2476 764 2527 in
805 2474 1039 2541 popula:
1092 2472 1237 2527 titius
1287 2471 1650 2529 Aciramonni,
1700 2470 1752 2523 id

168 2576 281 2629 est,
316 2566 762 2634 sapientissimus,
793 2568 904 2634 ipse
931 2575 1013 2619 est
1037 2562 1223 2617 David.
1261 2562 1372 2618 lloc
1407 2574 1491 2615 cst
1525 2562 1670 2631 quod
1700 2564 1751 2616 in

170 2661 383 2731 Regum
410 2659 673 2713 scribitur
704 2676 717 2713 :
747 2657 899 2711 Sedet
931 2658 984 2710 in
1007 2656 1264 2709 cathedra
1329 2656 1753 2723 sapientissimus

170 2750 260 2823 (II
303 2751 434 2821 Reg.
469 2766 625 2813 χχιιι,
662 2750 744 2818 8),
776 2758 829 2804 ct
876 2749 1142 2804 minuitur
1170 2750 1237 2803 de
1272 2750 1558 2817 sapientia,
1597 2748 1751 2817 quasi

168 2845 513 2899 vermiculus
583 2844 713 2912 ligni
774 2843 1103 2896 tenerrimus
1159 2852 1379 2910 propter
1442 2850 1747 2907 peccatum,

167 2936 323 3005 quod
360 2935 639 2990 commisit
684 2936 735 2987 in
774 2930 980 2987 Uriam.
1018 2932 1235 2987 Etcum
1293 2934 1344 2985 in
1379 2931 1583 3001 Regum
1653 2948 1748 2985 vo-

171 3032 385 3085 lumine
441 3030 589 3084 dicat
617 3029 961 3096 octingentos
994 3026 1147 3079 illum
1191 3040 1300 3079 uno
1334 3025 1537 3092 impetu
1584 3025 1753 3076 inter-

172 3124 375 3178 fecisse
424 3120 592 3191 (Ibid.
622 3119 686 3189 ):
726 3120 776 3173 in
809 3118 1269 3187 Paralipomenon
1319 3118 1407 3171 lric
1456 3115 1589 3169 dicit
1641 3126 1750 3169 tre-

171 3223 370 3270 mulos
400 3229 525 3267 cum
558 3211 903 3266 interfecisse
930 3221 957 3251 ι
994 3209 1415 3278 propteripsrrm
1444 3217 1748 3275 peccatum.
1784 3234 1825 3290 ο

176 3308 295 3364 Una
346 3307 467 3361 vice
500 3306 823 3371 intelligitur
879 3318 987 3356 uno
1035 3302 1265 3371 impetu,
1302 3310 1357 3355 et
1406 3302 1751 3370 octingentos

175 3399 545 3455 interfecisse.
591 3396 747 3452 Unde
772 3407 827 3450 et
858 3396 910 3449 iu
947 3394 1155 3465 Regum
1192 3393 1475 3459 scribitur,
1503 3407 1615 3447 uno
1649 3394 1752 3445 im-

175 3502 329 3563 petu.

244 3585 431 3653 (Vers.
476 3584 563 3637 12.
597 3586 613 3651 )
647 3582 824 3635 Alrolri
868 3579 1039 3635 frater
1068 3578 1171 3633 fuit
1210 3580 1317 3633 lsai
1356 3582 1525 3649 patris
1561 3578 1752 3645 David,

176 3681 339 3749 cujus
372 3679 518 3732 filius
552 3677 652 3730 fuit
688 3676 935 3739 Eleatar,
966 3675 1057 3742 qui
1106 3672 1205 3725 fuit
1247 3674 1390 3727 inter
1445 3683 1557 3727 tres
1583 3673 1611 3712 ι)
1661 3689 1753 3742 po-

179 3770 542 3827 rentissimos.
568 3767 619 3820 id
650 3775 755 3828 est,
788 3764 1061 3818 Baanaian
1095 3762 1262 3816 lilium
1293 3761 1522 3824 Joiailar,
1546 3772 1597 3814 et
1626 3762 1751 3813 Alii-

176 3864 256 3917 sai
291 3862 463 3913 lilium
503 3859 709 3912 Sarviaa
744 3856 967 3911 fratrem
1003 3853 1162 3908 Joab.

247 3951 430 4020 (Vers.
475 3953 558 4005 H.
593 3952 612 4020 )
655 3970 673 4002 r
708 3949 994 4004 Steterunt
1030 3949 1083 4002 iu
1127 3948 1306 4001 medio
1349 3946 1485 4016 agri,
1520 3958 1571 3999 et
1625 3962 1748 3998 cum

178 4045 571 4099 defenderunt.
613 4061 631 4093 r
684 4041 854 4095 David
888 4040 1097 4094 scilicet
1132 4048 1189 4093 et
1226 4038 1477 4092 Eleazar.
1538 4036 1647 4091 lloc
1699 4039 1748 4090 in

179 4140 635 4207 Paralipomenon
673 4153 685 4188 :
714 4134 773 4189 In
801 4133 1015 4199 Regum
1046 4147 1177 4186 vero
1208 4131 1563 4200 singulariter
1599 4130 1751 4201 porri-

176 4243 264 4285 tur
303 4231 464 4301 (Ibid.
496 4232 606 4299 10),
643 4238 703 4284 ut
740 4229 884 4298 regis
916 4228 1176 4281 fortitudo
1211 4235 1569 4279 monstretur.

247 4323 431 4395 (Vers.
470 4323 556 4376 15.
589 4324 606 4390 )
662 4341 679 4371 ι
714 4320 1124 4375 Descenderunt
1163 4328 1343 4372 autem
1396 4326 1505 4371 tres
1551 4318 1617 4371 de
1656 4320 1749 4370 tri-

175 4419 318 4486 ginta
360 4416 700 4482 principibus
734 4414 800 4467 ad
842 4424 1049 4481 petram
1100 4411 1156 4463 in
1196 4424 1305 4476 qua
1338 4419 1455 4463 erat
1484 4407 1649 4461 David
1678 4408 1746 4461 ad

175 4512 495 4575 Speluncam
518 4508 784 4558 Ottollam.
820 4522 837 4555 r
870 4500 1006 4557 Tres
1037 4502 1152 4563 isti,
1179 4502 1233 4555 lii
1266 4511 1394 4555 sunt
1415 4516 1553 4570 quos
1582 4515 1746 4569 supra

176 4598 621 4653 utetuorav-inn's.

247 4692 427 4751 (Vers.
486 4688 598 4754 17.)
661 4705 679 4736 ι
710 4682 1043 4739 Desidaverit
1077 4698 1206 4753 ergo
1256 4680 1424 4735 David
1463 4696 1684 4749 aquam,
1722 4699 1741 4731 ι

170 4784 263 4851 qui
300 4796 407 4832 non
453 4778 725 4832 desiderio
755 4790 909 4845 aqua:
953 4776 1055 4828 lioc
1084 4775 1236 4837 fecit,
1278 4774 1372 4828 sed
1405 4773 1471 4827 ad
1505 4772 1746 4842 proban-

171 4876 300 4927 dum
337 4882 518 4925 utrum
550 4880 655 4921 tam
685 4868 853 4921 fortes
894 4865 1127 4921 inveniri
1160 4867 1492 4936 potuissent,
1527 4865 1620 4933 qui
1649 4866 1750 4919 hoc

171 4971 522 5019 attentarent.
554 4961 892 5017 Sacrificavit
917 4975 1033 5014 earn
1065 4959 1293 5013 Domino
1315 4958 1520 5029 gratias
1550 4972 1744 5027 agens,

1878 609 2003 663 dum
2035 617 2174 675 quod
2210 613 2418 671 vinum,
2457 613 2598 680 quod
2640 612 2747 666 Deo
2786 615 2837 667 itr
2876 613 3206 670 sacrificium
3261 616 3453 671 oll‘ere-

1878 699 2063 776 batttr,
2098 714 2235 768 aqua
2275 704 2505 756 mixtum
2560 712 2697 756 erat.

1943 792 2126 863 (\‘ers.
2158 793 2292 862 9.2.)
2340 814 2357 846 ι
2389 797 2622 849 Baaoaia
2652 796 2796 850 filius
2826 794 3049 862 Joiadze,
3081 801 3197 869 ipse
3223 818 3449 872 percus-

1872 889 1944 941 sit
1999 891 2137 942 duos
2189 889 2334 943 Ariel
2364 890 2539 945 Moab.
2577 910 2595 943 ι
2631 890 2687 945 lu
2747 891 2950 961 Regum
2996 894 3259 950 scribitur
3309 899 3448 952 duos

1873 982 2059 1037 leones
2110 981 2265 1034 Moab
2333 983 2447 1049 ipse
2508 986 2798 1052 percussit,
2853 984 2902 1039 id
2957 996 3041 1040 est
3116 990 3254 1043 duos
3304 992 3448 1045 viros

1873 1074 2038 1128 fortes
2073 1075 2140 1129 de
2178 1073 2356 1128 Moab.
2389 1074 2534 1129 Idem
2569 1078 2834 1133 lhanaias
2854 1078 3021 1132 multa
3052 1095 3218 1147 opera
3246 1098 3447 1153 perpe-

1869 1170 2030 1221 trnt'it
2057 1170 2123 1221 de
2146 1165 2643 1224 Cabscel.Cabseel
2668 1186 2860 1225 nomen
2888 1171 2990 1226 loci
3027 1181 3129 1227 est.
3157 1173 3252 1229 llic
3274 1192 3444 1245 opera

1867 1258 1985 1330 ejus
2051 1261 2257 1327 laudat,
2290 1263 2338 1315 id
2373 1271 2453 1317 cst
2519 1262 2865 1331 sapientiam,
2909 1266 3034 1335 quia
3064 1281 3204 1318 unus
3234 1278 3350 1322 erat
3378 1271 3444 1325 de

1869 1363 2219 1425 septuaginta
2243 1355 2566 1410 Senioribus
2608 1352 2795 1409 Israel.
2830 1356 3073 1423 Cabsvel,
3109 1364 3441 1433 congregatio

1869 1445 1985 1496 Dei.

1939 1536 2123 1606 (νοτε.
2147 1538 2239 1593 27.
2277 1540 2294 1611 )
2334 1541 2389 1593 ln
2424 1540 2874 1612 Paralipomenon
2906 1540 3189 1597 Sammotlr
3248 1546 3446 1601 Arodi-

1868 1645 1971 1694 tes,
2006 1634 2119 1699 ipse
2155 1642 2237 1687 est
2271 1635 2362 1701 qui
2392 1635 2446 1687 in
2477 1635 2682 1704 Regum
2710 1635 2977 1689 scribitur
3010 1636 3253 1692 Samma.
3283 1636 3443 1693 Sam-

1864 1740 1947 1778 rna
2007 1727 2402 1795 interpretatur
2428 1728 2644 1791 ibidem;
2677 1727 2930 1793 Samotlr,
3004 1732 3243 1786 nomina.
3302 1732 3442 1788 Ellcs

1867 1820 2006 1874 filius
2042 1817 2215 1873 Plralti
2256 1820 2323 1874 de
2354 1821 2519 1883 Jaito,
2549 1822 2691 1888 quod
2727 1821 2779 1875 in
2818 1820 3025 1892 Regum
3061 1824 3344 1889 scribitur,
3385 1824 3437 1877 in

1868 1910 2323 1980 Paralipomenon
2358 1912 2499 1965 Elles
2533 1910 2770 1966 Plonites
2794 1915 3079 1969 scribitur.
3109 1913 3211 1969 llic
3252 1931 3442 1985 proge-

1868 2005 2010 2057 niem
2051 2004 2242 2057 matris
2296 2005 2566 2073 designat.
2627 2003 2778 2059 Ploni
2819 2006 2964 2060 enim
3019 2006 3121 2060 fuit
3152 2006 3439 2077 proximus

1867 2096 2036 2155 Rooz.
2072 2094 2136 2149 de
2168 2109 2277 2164 quo
2311 2095 2513 2148 dicitur
2542 2096 2595 2149 in
2632 2096 2800 2159 Ruth,
2842 2097 2939 2150 Est
2970 2098 3183 2166 quidam
3217 2099 3437 2167 propiu-

1864 2190 2038 2259 quior.

1937 2283 2118 2350 (γι-τε.
2160 2282 2300 2350 ‘29.)
2334 2284 2389 2336 In
2431 2284 2889 2348 Paralipomenon
2928 2284 3223 2339 Sibliocbai
3258 2284 3440 2354 Uplta-

1867 2376 2052 2432 tlrites.
2110 2377 2221 2443 ipse
2252 2386 2328 2430 est
2370 2376 2461 2445 qui
2524 2378 2575 2429 in
2635 2375 2842 2445 Regum
2909 2377 3175 2429 scribitur
3226 2377 3437 2431 Mobu-

1866 2464 2035 2533 nai(ll
2052 2464 2177 2535 Reg.
2206 2481 2366 2531 xxnt,
2386 2466 2492 2531 23;
2523 2470 2908 2535 interpretatur
2927 2470 3211 2537 redi/icium
3230 2484 3397 2522 meum
3420 2484 3435 2522 2

1866 2556 2179 2621 Sibbocliai,
2210 2560 2465 2612 irretitus.
2490 2560 3015 2630 lnParalipomenon
3033 2561 3146 2616 lliai
3168 2561 3434 2619 Aothites.

1864 2651 1980 2720 ipse
2037 2660 2121 2704 est
2181 2654 2275 2719 qui
2306 2652 2358 2703 in
2396 2652 2601 2721 Regum
2632 2654 2917 2718 scribitur,
2941 2654 3163 2709 Salmon
3198 2653 3283 2721 (II
3312 2654 3436 2724 lteg.

1862 2759 2019 2807 χχιιι,
2046 2743 2136 2813 28)
2193 2742 2414 2798 Salmon
2456 2745 2868 2814 interpretatur,
2921 2748 3016 2800 sub
3050 2748 3256 2801 umbra.
3295 2746 3435 2809 lliai,

1862 2836 2157 2891 excitatus.
2192 2838 2441 2893 Aotliitrs
2473 2838 2615 2892 ﬁlius
2645 2839 2804 2892 Aottii
2843 2837 3025 2892 fratris
3053 2839 3153 2894 [sai
3184 2842 3222 2894 ¹.

1939 2932 2116 3000 (Vers.
2152 2932 2267 2999 50.)
2303 2931 2471 2985 Heleb
2508 2932 2559 2984 in
2599 2931 3077 2999 Paralipomenon,
3114 2934 3204 3001 qui
3243 2939 3296 2987 in
3329 2934 3437 2989 Re-

1860 3040 1981 3093 gum
2035 3023 2291 3078 scribitur
2343 3022 2509 3077 lleicd
2572 3023 2654 3094 (11
2702 3023 2825 3093 lleg.
2867 3040 3037 3084 mn,
3073 3024 3185 3094 '29).
3245 3025 3432 3089 Helclr,

1860 3114 2018 3180 adeps
2047 3131 2066 3177 ;
2094 3111 2287 3179 Heleil,
2323 3124 2489 3168 terra.

1931 3202 2112 3272 (Vers.
2145 3204 2257 3272 32.)
2290 3205 2458 3259 Hurai
2504 3207 2556 3259 in
2602 3204 3083 3277 Paralipomenon,
3138 3208 3192 3262 in
3224 3209 3430 3279 Regnrn

1858 3299 2117 3351 scribitur
2146 3298 2313 3353 llcdai
2348 3296 2435 3364 (11
2459 3296 2584 3367 Reg.
2616 3314 2772 3366 xsur,
2810 3300 2923 3369 50).
2961 3300 3129 3355 llrrrai
3158 3301 3428 3372 interpre-

1857 3401 2000 3445 tatur
2068 3392 2299 3459 fenestra
2351 3409 2505 3457 mea;
2573 3392 2737 3447 lledai
2773 3394 3163 3463 interpretatur
3211 3413 3430 3451 arunteu

1855 3500 2048 3537 meum.
2093 3482 2247 3537 Abiel
2305 3483 2357 3536 in
2392 3484 2867 3552 Paralipomenon,
2924 3487 2977 3540 in
3013 3486 3222 3557 Regum
3253 3488 3432 3541 Aliial-

1857 3578 1960 3629 bon
2019 3574 2097 3646 (II
2144 3576 2271 3644 Reg.
2305 3577 2601 3646 xsut,5l).
2654 3578 2831 3643 Abiel,
2890 3589 3041 3648 pater
3066 3596 3209 3633 meus
3266 3580 3425 3633 Deus.

1854 3670 2140 3733 Aliialbon,
2198 3679 2349 3737 pater
2382 3684 2527 3723 meus
2557 3668 2726 3723 dolor.
2758 3700 2826 3710 —
2858 3689 2877 3722 ι
2915 3671 3096 3723 L‘liada
3133 3671 3275 3725 filius
3323 3672 3430 3723 Da-

1858 3764 1988 3825 vid,
2032 3781 2048 3813 ι
2117 3762 2171 3815 in
2236 3762 2495 3830 Regum,
2574 3773 2628 3816 et
2690 3764 2742 3817 in
2816 3762 3307 3832 Paralipomenon,
3372 3766 3423 3818 in

1854 3856 2028 3924 priruo
2074 3854 2193 3908 loco
2246 3854 2560 3907 nominatur
2602 3854 2793 3907 eodem
2828 3853 3036 3909 modo:
3102 3853 3155 3907 irt
3183 3854 3426 3909 secundo

1854 3964 1980 4000 vero
2054 3947 2302 3999 Baiiada.
2396 3946 2582 3999 Eliada
2644 3947 3035 4012 interpretatur
3090 3946 3226 3999 Deus
3282 3963 3423 4000 mens

1854 4040 2110 4107 cognorit.
2147 4037 2391 4099 Baliada,
2423 4039 2646 4089 maritus
2680 4039 2936 4105 cognovit.
2983 4037 3228 4090 Tradunt
3261 4052 3423 4105 prop.

1854 4143 1933 4185 ter
1968 4134 2464 4201 transgressionem
2499 4131 2797 4193 David,lroe
2825 4148 3017 4182 nomen
3051 4132 3419 4183 immutatum.

1922 4223 2103 4287 (Vcr-s.
2136 4222 2252 4290 55.)
2276 4222 2330 4274 In
2363 4223 2592 4291 Regum,
2622 4225 2712 4275 filii
2750 4223 2933 4285 Jasen,
2968 4221 3277 4277 Jonatlian:
3316 4239 3420 4277 non

1852 4323 1933 4366 est
1968 4312 2267 4381 putandum
2298 4314 2445 4381 quod
2479 4311 2623 4365 filius
2664 4314 2783 4382 ejus
2829 4314 2918 4367 sit.
2959 4314 3244 4380 Sigillazim
3278 4316 3419 4367 enim

1853 4409 2073 4476 ponitur
2104 4404 2399 4467 Jonatban,
2425 4415 2478 4458 et
2509 4416 2591 4459 est
2622 4407 2765 4460 filius
2794 4406 2914 4473 ejus
2948 4404 3106 4475 Sagic
3135 4408 3186 4458 in
3212 4406 3419 4460 Parali-

1856 4513 2149 4568 pomenon.
2190 4496 2309 4550 ια’-ιιι
2338 4512 2469 4550 vero
2503 4499 2661 4550 Asem
2700 4498 2915 4553 Ciznni.
2951 4497 3111 4553 Jaseu
3153 4500 3419 4568 interpre-

1778 4569 1825 4625 Ῐ)
1859 4600 1998 4643 tatur
2034 4590 2316 4643 dormitor.
2354 4592 2535 4651 Asem,
2569 4592 2889 4644 nominatus.

1927 4682 2102 4751 (γωδ.
2130 4682 2245 4747 54.)
2314 4700 2331 4731 ι
2370 4681 2560 4734 Ailram
2600 4682 2741 4735 ﬁlius
2778 4681 2984 4736 Sacbar
3011 4722 3027 4744 ,
3067 4702 3085 4735 ι
3120 4685 3171 4736 in
3214 4685 3419 4739 Parali-

1855 4793 2147 4845 pomenon,
2183 4786 2234 4829 et
2271 4774 2656 4843 interpretatur
2690 4793 2882 4829 merces
2912 4794 2930 4841 ;
2964 4778 3015 4828 in
3052 4775 3256 4846 Regum
3286 4780 3422 4830 scii-

1856 4869 1995 4919 bitur
2033 4866 2163 4920 Saar
2225 4866 2327 4935 (II
2368 4866 2489 4936 Reg.
2530 4884 2690 4933 χχιιι,
2724 4868 2856 4938 55),
2918 4880 2970 4922 et
3027 4869 3420 4939 interpretatur

1854 4973 2061 5016 cantor.

243 5160 257 5189 ¹
305 5155 631 5231 Aliter_n_iss.
658 5154 879 5231 codices
904 5152 1253 5231 Corbeiensis
1280 5165 1331 5208 et
1354 5154 1725 5231 Colbertiuus,
1767 5156 1858 5223 qui
1890 5156 1989 5209 hoc
2026 5158 2185 5209 modo
2223 5154 2409 5225 legunt
2444 5172 2460 5212 :
2532 5156 2699 5223 Hilari,
2742 5158 3027 5213 exaltatus.
3076 5158 3278 5214 Battaia
3324 5163 3413 5231 {uo
3482 5148 3485 5149 ν

171 5229 426 5281 rutom'tes
461 5225 604 5291 [ilius
636 5226 804 5279 Alrodi
833 5225 1016 5294 fratris
1047 5223 1151 5277 lsui
1191 5227 1393 5290 Ilurai,
1426 5237 1534 5278 etc.

244 5450 267 5479 II
310 5438 439 5501 Οιιή
469 5436 591 5487 hinc
623 5438 1019 5487 subnectuutur
1051 5435 1205 5504 verba
1258 5451 1433 5504 usque
1487 5435 1551 5488 ad
1590 5437 1721 5489 alte-

172 5526 288 5562 rum
342 5507 680 5573 interfecisse.
735 5516 892 5556 antea
954 5503 1425 5568 desiderabantur,
1474 5508 1717 5573 exceptis

170 5587 383 5647 propter
446 5578 612 5641 ipsum
672 5584 962 5647 peccatum,
1014 5590 1149 5647 qtae
1192 5576 1455 5642 superiori
1513 5578 1718 5647 isoeolo

166 5646 379 5716 juncta,
416 5648 494 5699 sic
526 5656 702 5697 tamen
751 5646 930 5696 luxata
985 5646 1155 5698 videri
1206 5655 1475 5716 poterant.
1515 5646 1716 5699 Locuu

172 5732 395 5787 quoquo
430 5716 838 5787 rnodosupplet
886 5730 1037 5787 meus
1076 5731 1176 5768 ms.
1207 5725 1258 5768 et
1292 5715 1385 5787 qui
1438 5730 1580 5787 nune
1628 5718 1720 5769 de-

175 5784 321 5839 mum
370 5786 660 5845 succurrit,
714 5800 851 5837 unus
904 5784 1295 5838 Ambrosianus
1348 5786 1386 5837 D
1441 5786 1722 5845 littera,ct

175 5872 324 5911 num.
355 5856 444 5920 88,
479 5864 822 5925 praenotatos,
853 5870 878 5906 a
913 5870 1018 5925 quo
1054 5865 1292 5924 excepta:
1327 5855 1452 5907 olim
1510 5856 1723 5909 varian-

1832 5446 1910 5488 tes
1944 5435 2204 5487 lectiones
2248 5452 2352 5486 non
2382 5436 2433 5487 in
2466 5436 2597 5487 istas
2631 5454 2717 5488 mo
2741 5438 2811 5491 lo.
2854 5438 2946 5490 sed
2983 5450 3028 5490 et
3069 5442 3120 5492 in
3155 5444 3413 5504 superius

1827 5522 2053 5558 excusas
2081 5505 2427 5568 Οιιιεειίιιιιυς
2466 5507 2515 5555 in
2549 5506 2695 5573 Regii
2724 5525 2753 5557 ιι
2798 5510 2985 5565 libros.
3046 5511 3187 5563 inter
3218 5525 3245 5562 a
3292 5528 3413 5565 vor-

1828 5591 1970 5648 saria
2010 5592 2149 5633 mea.
2180 5575 2388 5648 aliique
2425 5580 2639 5642 generis
2694 5579 2924 5629 schodas
2976 5581 3256 5648 Irucusqim
3310 5582 3409 5636 de-

1827 5646 2103 5697 lituerant.
2156 5644 2433 5697 Ceterum
2500 5648 2647 5698 illrtnr
2708 5651 2848 5700 scias
2906 5663 2934 5701 a
2990 5666 3107 5702 tneo
3164 5644 3261 5703 ius.
3320 5666 3410 5705 aut

1828 5730 2129 5778 nunquam,
2173 5725 2265 5766 aut
2303 5730 2427 5767 raro
2459 5716 2767 5770 admodum"
2808 5719 3121 5773 dissentire.

1894 5784 1917 5822 ιο
1961 5785 1998 5837 S
2024 5800 2050 5835 e
2085 5786 2285 5837 habent
2321 5802 2495 5851 meus,
2522 5795 2686 5855 atque
2721 5792 3071 5842 Ambrosian.
3108 5806 3209 5842 ms.
3242 5792 3411 5846 Ann-3

1826 5866 1939 5909 crat
1973 5856 2398 5924 potentissimus,
2434 5857 2579 5925 quod
2618 5857 2918 5913 referretur
2948 5859 3009 5912 ad
3065 5857 3407 5915 Eleazarum.
