4198 6350
149 332 289 399 1449

144 544 273 615 quia
329 564 361 603 a
391 560 549 606 sexto
575 551 789 622 psalmo
819 551 1189 622 incipiebant,
1217 554 1311 624 qui
1347 555 1448 610 hoc
1482 557 1645 611 habet
1674 558 1727 612 in

142 641 327 698 titulo.
388 644 498 699 Pro
522 653 719 700 octava
751 655 956 714 autem,
1006 648 1231 717 quidam
1283 658 1480 719 putant
1501 665 1597 720 pro
1617 653 1728 706 cir-

141 735 489 791 cumcisione
528 749 579 793 ι.

218 822 409 894 (Vers.
442 826 559 899 22.)
599 846 618 881 ς
654 827 963 886 Chonenias
997 840 1179 885 autem
1217 834 1471 904 princeps
1520 833 1730 891 Levita-

143 931 300 979 rum.
364 921 673 990 prophetiae
727 931 960 993 praeerat
1006 924 1073 978 ad
1111 926 1517 994 prmciuendum
1563 929 1733 981 melo-

139 1006 337 1073 diam;
377 1026 396 1060 ι
438 1010 567 1078 quia
592 1012 711 1083 ipse
757 1014 837 1068 eis
864 1014 1060 1084 spiritu
1110 1017 1431 1087 prophetiae,
1468 1017 1731 1074 melodias

141 1108 202 1155 t-t
229 1101 398 1156 verba
428 1104 496 1157 ad
535 1106 853 1162 memoriam
888 1109 1199 1164 revocabat.

219 1191 409 1261 (Vers.
429 1196 549 1268 25.)
578 1216 597 1251 r
628 1198 918 1255 Barachias
941 1210 993 1257 et
1014 1201 1501 1273 Eleanajanilores
1531 1222 1721 1261 arcae.»

136 1284 246 1341 llic
274 1286 541 1354 ianitores
574 1302 883 1362 portatores
908 1295 937 1335 δ
969 1306 1151 1350 vocat.

212 1375 401 1446 (Vers.
432 1377 549 1449 26.)
618 1399 637 1433 ο
672 1382 917 1453 Cumque
963 1384 1263 1453 adiuvisset
1323 1384 1465 1442 Deus
1506 1387 1723 1453 levitas,

141 1469 235 1536 qui
295 1472 592 1540 portabant
646 1489 830 1530 arcam
885 1476 1141 1542 foederis,
1171 1495 1189 1528 ι
1240 1477 1495 1537 timentes
1532 1497 1722 1537 casum

141 1559 292 1619 Dm'.
971 1619 974 1622 .

208 1654 365 1725 (Cap.
400 1655 542 1712 XVI.
567 1686 639 1699 —
672 1656 803 1713 Vers
829 1658 908 1728 5.)
958 1680 976 1712 ι
1007 1661 1395 1731 Obed-Edom,
1445 1675 1498 1720 t-t
1546 1665 1721 1723 Jeihel

138 1760 313 1817 super
344 1761 574 1817 organa.
615 1767 634 1802 ι
666 1750 771 1808 Iste
798 1751 971 1810 Jeibel
1017 1765 1123 1819 est.
1174 1756 1243 1810 de
1278 1758 1436 1827 cujus
1465 1763 1720 1831 progenie

135 1837 244 1892 fuit
281 1839 440 1895 Abiel
470 1844 764 1913 prophetes
790 1884 805 1908 ,
845 1846 936 1915 qui
988 1838 1045 1901 in
1074 1847 1269 1902 diebus
1289 1847 1558 1921 Josapbat
1591 1868 1719 1923 pro-

138 1929 413 2000 phetavit.

208 2019 409 2091 (Vers.
446 2021 576 2091 21.)
640 2042 660 2076 t
697 2023 803 2079 Sed
857 2026 1161 2098 increpavit
1196 2045 1293 2100 pro
1346 2032 1429 2088 eis
1462 2049 1647 2106 reges,
1690 2054 1709 2088 ι

132 2113 491 2170 Pharaonem
522 2126 576 2171 et
607 2116 944 2174 Abimelech.

203 2205 390 2275 (Vers.
412 2208 529 2279 59.)
562 2227 581 2261 t
612 2209 822 2266 Sadoclt
846 2223 1027 2267 autem
1058 2215 1421 2279 sacerdotem.
1443 2217 1713 2276 etfratres

128 2300 283 2353 illius
333 2300 653 2357 sacerdotes
687 2318 873 2356 coram
908 2304 1262 2359 tabernaequ
1290 2307 1501 2363 Domini
1536 2310 1590 2364 in
1616 2328 1711 2367 cx-

128 2393 303 2458 celso,
341 2394 434 2463 qui
470 2404 628 2449 erant
654 2395 707 2449 in
742 2393 991 2450 Gabaon.
1023 2416 1042 2450 ι
1081 2398 1180 2452 Hic
1212 2398 1460 2463 Gabaon.
1485 2405 1706 2471 quidam

123 2486 311 2539 locum
345 2485 639 2554 quemdam
668 2488 1009 2543 arbitrantur
1031 2506 1152 2545 esse
1178 2492 1229 2546 in
1261 2491 1583 2563 Jerusalem,
1616 2500 1705 2554 ubi

124 2593 155 2631 a
195 2578 366 2632 David
402 2578 809 2634 tabernaculum
851 2582 1098 2649 ftederis,
1143 2594 1197 2640 et
1239 2600 1365 2641 arca
1396 2592 1706 2645 testamenti

126 2670 348 2725 Domini
379 2671 640 2726 collocata
664 2684 812 2727 sunt.
833 2673 1053 2732 Gabaon
1088 2677 1479 2747 interpretatur
1528 2683 1701 2738 vallis.

123 2760 417 2815 Excelsum
447 2770 628 2815 autem
658 2774 880 2833 propter
904 2765 1297 2824 sublimitatem
1323 2772 1506 2826 cultus
1530 2773 1699 2827 divini

120 2853 477 2906 existimant.

193 2940 379 3010 (Vers.
412 2941 526 3012 45.)
581 2962 599 2995 ι
642 2943 916 3000 Reversus
942 2954 1030 3001 est
1060 2946 1229 3003 David
1260 2961 1318 3003 ut
1350 2950 1699 3007 bencdiccret

110 3031 309 3086 domui
343 3048 478 3086 su-e.
518 3050 536 3085 ι
577 3032 808 3100 Quidam
840 3035 1283 3093 benedictionem
1324 3040 1410 3095 hic
1437 3057 1532 3111 per
1558 3046 1699 3099 anti-

1094 342 1371 413 QU/EST.
1421 345 1776 407 IIEBRAIC.
1826 347 1903 407 IN
1943 352 2084 416 LIB.
2133 356 2148 413 I
2194 356 2549 418 PAIHLIP.

219 452 406 523 (Vera.
434 455 557 530 2|.)
590 476 608 511 r
639 457 697 514 ltt
724 456 953 514 citharis
980 473 1078 529 pro
1110 468 1301 515 octava
1336 463 1632 516 cantabant
1659 479 1673 530 ;
1705 481 1723 515 ι
1761 468 1805 523 Α

3282 368 3419 435 1450

1908 469 2081 539 (Vers.
2125 473 2232 544 I2.)
2267 492 2285 526 ι
2326 474 2478 530 Fecit
2516 476 2679 533 David
2706 481 2811 537 sibi
2848 497 3048 540 nomen
3080 500 3203 541 cutn
3232 502 3408 544 rever-

1837 572 2041 617 teretur
2084 575 2239 636 capta
2296 567 2499 639 Syria,
2561 570 2612 624 in
2670 574 2809 629 valle
2857 576 3195 645 Salinarum,
3253 582 3413 639 cmsis

1835 652 2023 708 decem
2049 663 2102 709 et
2137 668 2262 712 octo
2291 660 2593 715 millibusn
2633 661 2833 718 Eodem
2854 669 3016 723 modo
3039 678 3093 724 et
3128 670 3180 725 in
3202 669 3411 743 Regum

1834 746 2099 816 scriptum
2134 758 2217 804 est
2254 752 2337 819 (11
2373 754 2498 827 Reg.
2527 773 2644 823 vm,
2687 758 2801 830 15).
2835 760 2986 816 Multi
3025 764 3170 818 enim
3198 767 3412 822 duode-

1833 837 1939 893 cim
1972 842 2140 896 millia
2173 845 2395 911 habent,
2422 865 2609 907 errore
2646 851 2817 919 ducti,
2852 870 2918 909 eo
2940 858 3084 925 quod
3120 859 3173 911 in
3203 860 3412 926 psalmo

1832 935 2093 991 scribitur
2126 938 2405 995 duodecim
2439 947 2629 1000 millia.
2681 948 2788 1004 Sed
2828 950 2938 1004 illic
2973 940 3257 1008 duodecim
3292 957 3407 1009 titil-

1832 1025 1900 1079 lia
1934 1029 2073 1083 .loab
2103 1030 2451 1089 interfecisse
2485 1042 2798 1105 perhibetur
2823 1084 2836 1108 ,
2867 1043 2959 1099 hic
2995 1046 3177 1099 decem
3211 1057 3263 1100 et
3286 1057 3409 1101 octo

1831 1119 1996 1173 tnillia
2030 1121 2257 1178 Abisai:
2315 1133 2368 1179 et
2401 1138 2621 1196 propter
2661 1135 2856 1200 regalis
2888 1134 3130 1191 nominis
3174 1136 3410 1205 dignita-

1832 1220 1963 1275 tem,
2012 1214 2187 1269 David
2232 1217 2464 1273 victoria
2499 1223 2814 1280 ascribitur.
2849 1228 2943 1282 Est
2972 1229 3116 1283 enim
3152 1230 3205 1284 in
3236 1229 3404 1285 Para-

1831 1302 2144 1371 lipomenon
2188 1311 2348 1377 plane
2367 1314 2658 1382 scriptum,
2688 1320 2829 1386 quod
2848 1321 3030 1377 Abisai
3064 1323 3179 1379 Iure
3212 1323 3403 1382 decem

1826 1404 1882 1449 et
1907 1406 2033 1451 octo
2064 1401 2231 1454 millia
2262 1404 2618 1462 interfecerit.

1899 1491 2216 1563 (Vers.15.)
2243 1498 2645 1570 Commentarii,
2662 1504 3158 1575 Cnumtentatorcs,
3182 1512 3276 1582 qui
3304 1529 3401 1567 an-

1895 1770 2073 1840 (Vers.
2108 1772 2218 1842 I6.)
2274 1774 2589 1830 Abimelccb
2624 1778 2769 1836 liltus
2797 1782 3065 1840 Abiatbar
3098 1788 3151 1842 in
3187 1789 3400 1846 Parali-

1824 1875 2119 1929 pomenon,
2153 1866 2204 1919 itt
2236 1866 2442 1937 Regum
2471 1870 2815 1927 Achitnclecit
2849 1878 3133 1932 scribitur.
3163 1881 3392 1937 Abimeo

1822 1952 1961 2021 Icht,
1991 1966 2142 2020 pater
2177 1975 2321 2013 meus
2354 1977 2467 2015 rex.
2500 1963 2874 2029 Achimclecb,
2909 1968 3081 2036 frater
3110 1986 3253 2025 meus
3280 1989 3392 2028 rex.

1820 2045 1961 2100 Susa
1999 2050 2261 2105 scribitur
2313 2052 2796 2123 Paralipomenon,
2854 2060 2908 2113 in
2960 2061 3165 2131 Ilegttm
3202 2065 3390 2118 Saraia

1819 2140 1902 2207 (Il
1940 2141 2071 2210 Reg.
2099 2160 2225 2207 VIII,
2261 2146 2367 2213 I7).
2403 2147 2565 2212 Susa,
2600 2151 2877 2219 gaudium.
2904 2153 3115 2218 Saraia,
3146 2158 3390 2226 princeps

1817 2230 2053 2289 Domini.
2088 2235 2346 2291 Bahurim
2396 2239 2812 2308 interpretatur,
2854 2244 3157 2302 electorum.
3186 2249 3388 2316 Pbalti.

1814 2324 2091 2379 liberatus.
2124 2325 2271 2391 Lais,
2296 2328 2440 2396 ﬁlius
2464 2330 2650 2386 leonis.

1885 2415 2074 2486 (Vers.
2101 2418 2227 2487 17.)
2276 2437 2294 2470 σ
2333 2419 2492 2475 Venit
2522 2439 2693 2492 usque
2720 2426 2786 2480 ad
2821 2427 3076 2483 B-slturim
3100 2471 3116 2496 ,
3163 2451 3182 2485 ι
3213 2450 3387 2504 usque

1810 2509 1876 2560 ad
1911 2507 2089 2561 locum
2129 2510 2417 2566 doctorum
2451 2522 2504 2567 et
2546 2517 2848 2572 electorum
2877 2559 2894 2583 ,
2946 2538 2976 2576 e
3009 2524 3210 2592 quibus
3244 2544 3386 2584 unus

1808 2609 1943 2652 erat.
1978 2600 2193 2655 Cerethi
2221 2643 2237 2665 ,
2268 2608 2736 2663 exterminatores.
2771 2610 3044 2680 Pbeietbi,
3085 2617 3382 2675 admirabi-

1806 2690 1903 2746 les.
1942 2692 2208 2749 Dicuntur
2246 2700 2388 2751 enim
2425 2700 2595 2755 fuisse
2632 2706 2976 2774 septuaginta
3004 2706 3229 2765 Iudices
3259 2714 3383 2769 loco

1804 2798 1993 2839 eorum
2028 2786 2339 2856 substituti,
2375 2807 2511 2859 quos
2546 2793 2755 2865 Moyses
2801 2798 2853 2850 in
2883 2813 3091 2865 eremo,
3151 2801 3382 2862 Domino

1805 2878 2155 2946 precipiente
2181 2921 2197 2942 ,
2242 2882 2537 2954 delegerat.
2575 2888 2631 2941 ltt
2672 2889 2913 2959 Regum,
2958 2895 3053 2949 filii
3091 2897 3257 2952 David
3287 2917 3381 2954 sa-

1802 2968 2052 3026 cerdotes
2083 2971 2167 3040 (ll
2189 2972 2313 3043 Reg.
2344 2990 2462 3043 vni,
2490 2977 2604 3047 I8);
2636 2978 2688 3033 in
2721 2980 3195 3052 Paralipomenon.
3218 2991 3380 3057 primi

1801 3060 1870 3113 ad
1912 3077 2127 3116 manum
2152 3067 2298 3135 regis
2356 3068 2697 3127 scribuntur.
2732 3074 2809 3126 Ad
2851 3091 3018 3129 unum
3046 3081 3193 3134 enim
3246 3098 3374 3136 seu-

112 3123 365 3191 pbrasim
393 3121 594 3176 dictam
627 3133 840 3193 putant.
877 3125 1107 3180 Domum
1138 3143 1266 3183 vero
1297 3129 1492 3185 Micbol
1521 3172 1533 3193 ,
1570 3134 1691 3189 tiliae
1720 3158 1763 3214 ο
1796 3168 1917 3207 sum
1951 3166 2245 3225 utrumque
2275 3162 2529 3216 conveni,
2557 3182 2571 3219 ε
2605 3166 2729 3233 quia
2756 3167 2842 3220 hic
2866 3169 2999 3223 dicit
3025 3186 3121 3226 eos
3144 3175 3372 3242 primos,

114 3214 248 3242 Rud
306 3228 468 3242 ηιιοηη
510 3214 809 3242 ἶηιι-Α-υι..ἔι
864 3215 1031 3242 n-..:.a
1105 3233 1163 3242 Α-
1206 3236 1305 3242 -_-__.
1333 3222 1345 3242 l
1412 3222 1458 3242 !_
1492 3223 1523 3242 ιε
1568 3241 1573 3242 ,
1643 3237 1652 3242 .

112 3214 251 3269 Saul
303 3228 469 3283 quam
509 3214 815 3285 increpavit
861 3215 1053 3282 David,
1100 3233 1166 3274 eo
1201 3222 1347 3289 quod
1409 3222 1692 3293 indignata

108 3310 208 3371 sit,
256 3322 381 3360 cum
418 3305 645 3362 vidisset
672 3322 795 3361 eum
828 3308 1206 3367 subsilientem
1240 3328 1424 3368 coram
1460 3312 1693 3375 Domino

108 3410 243 3451 ante
278 3412 467 3452 arcam
489 3400 830 3455 testamenti.

180 3489 347 3559 (Cap.
377 3487 538 3541 XVII.
566 3519 638 3531 —
665 3489 821 3544 Vers.
855 3490 933 3560 8.)
974 3510 991 3542 ι
1030 3493 1290 3563 Fecitque
1312 3499 1415 3553 sibi
1440 3517 1636 3557 nomen
1663 3515 1685 3542 ε

106 3584 276 3649 quasi
314 3582 477 3636 unius
508 3583 771 3651 majorum
802 3622 815 3646 ,
846 3585 939 3653 qui
972 3586 1325 3644 celebrantur
1374 3593 1427 3647 in
1460 3604 1627 3649 terra.
1664 3614 1684 3648 ι

108 3674 290 3727 L'nins
352 3673 646 3743 majorum,
698 3685 791 3728 aut
852 3677 1166 3745 Abraham,
1211 3692 1306 3737 aut
1338 3684 1489 3739 Isaac
1524 3728 1538 3750 ,
1596 3696 1689 3742 aut

106 3763 305 3819 Jacob.

181 3854 357 3925 (Cap.
408 3853 595 3910 XVIII.
648 3886 698 3896 —
730 3855 883 3913 Vers.
919 3859 1011 3929 1.)
1076 3880 1095 3913 r
1132 3860 1200 3916 Ut
1254 3864 1469 3921 tolleret.
1518 3867 1683 3924 David

102 3947 271 4013 Gelli,
308 3960 364 4003 et
410 3948 547 4003 tilias
584 3950 703 4019 ejus
750 3950 819 4005 de
850 3968 1015 4008 manu
1072 3954 1510 4015 Philistinorum.
1545 3981 1564 4012 ι
1624 3963 1682 4018 In

104 4040 320 4108 Regum
354 4040 614 4094 scribitur
647 4056 661 4094 :
696 4039 835 4094 Tulit
868 4043 1079 4111 frenum
1112 4047 1304 4100 tribuli
1328 4090 1342 4113 ,
1390 4058 1448 4102 ut
1491 4050 1683 4105 dilata-

103 4138 189 4179 ret
240 4129 531 4197 imperium
587 4144 745 4184 suum
778 4146 948 4203 usque
996 4136 1062 4189 ad
1107 4134 1308 4192 flumen
1340 4136 1679 4209 Euphraten.

107 4218 350 4284 Quidam
383 4229 576 4289 putant
604 4222 671 4276 de
698 4222 978 4279 Adadezer
1030 4228 1258 4294 dictum,
1289 4246 1498 4287 necnon
1531 4243 1583 4288 ct
1611 4234 1682 4290 de

100 4310 419 4366 Tbibabatb
470 4320 521 4365 et
563 4316 627 4367 de
656 4312 835 4378 Chun.
890 4315 947 4369 lu
982 4317 1186 4386 Regum
1235 4321 1403 4376 Betba
1428 4334 1479 4378 et
1511 4324 1678 4379 Bero-

100 4402 245 4456 tbai.
276 4401 446 4455 Betlta
479 4402 893 4473 interpretatur,
930 4409 1158 4477 requies.
1188 4409 1465 4479 BerOthai,
1503 4416 1675 4484 fontes

96 4496 223 4548 mei.
258 4493 535 4548 Thibabat
561 4537 577 4561 ,
624 4497 935 4553 macellum.
1008 4500 1167 4556 Chun
1200 4541 1214 4567 ,
1252 4519 1526 4566 percussus
1560 4507 1669 4581 [ΑΙ.
1704 4512 1748 4569 D
1780 4493 1946 4572 vatus
1974 4517 2167 4588 fuisse,

93 4587 563 4659 compercussus]:
620 4602 840 4659 propter
893 4593 1222 4650 derisionem
1274 4599 1419 4653 enim
1471 4602 1523 4655 in
1569 4604 1670 4662 hoc

94 4681 219 4732 low
253 4681 564 4733 immutatio
596 4682 881 4735 nominum
918 4684 1058 4739 facta
1075 4699 1177 4740 est.

163 4769 351 4838 (Vers.
382 4771 460 4838 9.)
504 4789 520 4821 ι
560 4771 713 4826 Tbou
743 4789 833 4827 rex
871 4775 1104 4842 Ematli;
1145 4796 1165 4829 ι
1207 4779 1259 4832 in
1296 4779 1669 4852 Paralipome-

90 4877 229 4922 non,
264 4862 318 4915 in
351 4859 557 4931 Regum
592 4863 727 4917 Tlmi
764 4864 847 4935 (Il
886 4866 1014 4936 Reg.
1037 4874 1178 4937 ,vttt,
1216 4870 1291 4939 9).
1321 4873 1480 4937 Thoi.
1516 4892 1668 4929 error

87 4969 238 5006 meus
268 4969 288 5006 .°
341 4953 523 5019 Tbou,
552 4972 702 5010 error
737 4974 918 5012 eorum
948 4976 970 5015 :
1016 4962 1144 5031 quia
1200 4964 1366 5018 lilium
1403 4980 1562 5020 suum
1608 4968 1662 5023 iu

93 5045 224 5099 dolo
254 5048 322 5099 ad
355 5046 524 5101 David
548 5050 815 5105 mittebat.
844 5052 1052 5109 Idcirco
1093 5057 1333 5111 nominis
1356 5059 1665 5116 immutatio

87 5140 235 5191 facta
273 5147 378 5192 est.

157 5229 345 5297 ('v'ers.
383 5229 494 5299 10.)
552 5250 569 5283 t
602 5231 747 5289 Μίδὶι
800 5235 1038 5289 Aduratn
1088 5238 1254 5293 lilium
1286 5255 1446 5296 suum
1482 5260 1498 5311 ;
1541 5263 1560 5296 ι
1604 5247 1657 5301 in

82 5321 320 5388 Regum,
346 5319 530 5375 lorum
562 5322 664 5391 (II
690 5324 812 5395 Reg.
845 5342 961 5390 viti,
996 5328 1126 5398 I0).
1164 5329 1370 5399 Joram,
1403 5334 1541 5391 Deus
1569 5354 1658 5391 ea:-

79 5415 275 5478 celsns,
305 5415 566 5477 Adurunt,
596 5416 749 5468 decor
778 5419 1040 5474 excelsus.

146 5618 163 5637 ⁸
198 5605 273 5659 lix
310 5622 375 5661 eo
402 5609 646 5675 scilicet,
700 5623 757 5692 ut
783 5612 1390 5692 Pseudofllierunymus
1441 5626 1493 5679 in
1526 5644 1649 5685 eum

75 5682 346 5743 psaiinuin
373 5689 539 5757 nutat.
568 5683 718 5766 quod
741 5694 921 5737 octavo
940 5688 1033 5766 die
1062 5682 1521 5751 circumciduntur

75 5756 368 5815 moge‘ntln.
401 5756 449 5800 et
482 5751 755 5805 immunda
780 5769 891 5808 esse
916 5756 1198 5814 desistunt.

319 5844 586 5904 Ptraoe.
632 5847 844 5913 XXIII.

1797 3250 1852 3296 et
1875 3244 1988 3298 illic
2012 3246 2348 3313 sacerdotes,
2369 3261 2594 3321 propter
2618 3256 2956 3311 nobilitatem
2972 3268 3024 3312 rt
3040 3261 3369 3330 prioratum.

1798 3332 1860 3386 lli
1891 3335 2032 3387 enim
2066 3346 2196 3391 sunt
2222 3340 2315 3408 qui
2352 3343 2400 3394 ei
2432 3343 2483 3396 itt
2515 3344 2693 3400 Ebron
2724 3350 2832 3403 nati
2863 3360 3012 3406 sunt.

1865 3422 2018 3493 (Cap.
2054 3424 2195 3481 XIX.
2221 3457 2291 3468 —
2328 3432 2475 3488 Vers.
2502 3435 2581 3502 2.)
2626 3454 2643 3485 σ
2683 3436 2901 3494 Faciam
2930 3443 3366 3505 misericordiam

1794 3529 1916 3568 rum
1941 3517 2095 3571 Anon
2130 3519 2242 3574 filio
2274 3521 2442 3579 Naas.
2510 3527 2770 3585 Praestitit
2832 3535 2979 3589 enim
3038 3549 3196 3607 pater
3245 3543 3369 3608 ejus

1794 3606 1926 3660 mibi
1954 3609 2206 3678 gratiam.
2250 3631 2269 3664 ι
2327 3613 2475 3670 Naas
2510 3617 2611 3672 fuit
2646 3636 2735 3674 rex
2760 3622 3017 3693 Ammon,
3042 3606 3141 3698 qui
3178 3631 3229 3685 in
3267 3632 3369 3688 Re-

1790 3710 1915 3766 gum
1950 3699 2213 3788 scribitur
2242 3703 2324 3774 (Il
2348 3705 2475 3777 Reg.
2512 3725 2564 3773 ι,
2590 3712 2815 3780 2),'cum
2839 3732 2947 3784 ntan
2973 3722 3208 3788 primum
3231 3727 3363 3780 Saul

1789 3785 1842 3839 in
1879 3786 2254 3847 defensionem
2297 3795 2462 3853 Jabes
2509 3802 2734 3857 Galaath
2770 3785 3030 3876 pugnavit
3062 3853 3078 3877 ,
3128 3823 3181 3868 et
3230 3817 3361 3872 vicit

1789 4054 1843 4112 In
1896 4060 2130 4131 Regum,
2181 4067 2464 4125 dimidiam
2512 4087 2719 4144 partem
2772 4080 2950 4135 barba:
2991 4086 3251 4150 prarcidit,
3298 4097 3375 4149 et,

1784 4161 1961 4205 vestes
2012 4169 2206 4211 eorum
2236 4161 2444 4217 medias
2497 4180 2672 4236 usque
2703 4171 2770 4223 ad
2807 4182 2959 4226 nates
2989 4172 3157 4244 (Ibid.
3190 4176 3265 4245 4).
3292 4176 3349 4232 ln

1783 4241 2236 4315 Paralipomenon
2271 4292 2287 4318 ,
2346 4254 2690 4323 decalvavit,
2744 4271 2799 4317 et
2841 4241 3085 4333 prmcidit
3132 4241 3351 4325 tunicas

1780 4349 1964 4399 eorum
1996 4341 2203 4398 medias
2240 4361 2413 4414 usque
2443 4349 2510 4403 ad
2538 4351 2780 4422 inguina.
2819 4356 2971 4422 Quod
3004 4360 3058 4413 in
3089 4375 3198 4415 uno
3231 4362 3350 4417 loco

1782 4426 1955 4495 deest,
1990 4430 2041 4484 in
2074 4431 2183 4487 alio
2220 4433 2453 4491 habetur
2486 4457 2499 4494 :
2557 4442 2699 4496 unde
2728 4446 3006 4512 colligitur
3042 4463 3135 4504 eos
3169 4450 3350 4506 decal-

2202 4533 2258 4578 et
2289 4524 2488 4583 barbas
2519 4546 2670 4586 rasas
2696 4549 2791 4589 eos
2827 4536 3113 4609 habuisse,
3138 4553 3195 4597 et
3255 4560 3348 4600 vc-

1779 4608 2036 4663 stimenta
2056 4620 2277 4681 praecisa
2311 4626 2435 4673 ante
2458 4628 2512 4675 et
2540 4634 2707 4679 retro.

1845 4700 2027 4769 (Vers.
2055 4704 2142 4758 16.
2176 4706 2194 4774 )
2235 4705 2477 4776 Sophocli
2512 4723 2686 4768 autem
2718 4719 2956 4789 princeps
2990 4724 3193 4781 militia:
3230 4741 3343 4783 erat

1772 4791 2065 4849 Adadczer.
2122 4796 2372 4867 Sophach
2429 4803 2839 4874 interpretatur,
2890 4815 3336 4876 evisceratumin

1770 4884 1972 4953 Regum
2026 4890 2286 4944 scribitur
2318 4892 2530 4951 Sobacb
2588 4898 2670 4971 (II
2706 4900 2831 4973 Rrg.
2868 4920 2921 4970 χ,
2952 4908 3064 4978 16),
3089 4921 3141 4965 et
3170 4916 3338 4970 inter.

1769 4988 2034 5047 pri-tatur,
2075 4982 2418 5042 columbaria.

1846 5067 1998 5141 (Cap.
2039 5070 2151 5127 XX.
2192 5104 2260 5113 —
2292 5075 2444 5134 Vers.
2478 5080 2558 5149 2.)
2596 5100 2615 5135 t
2655 5083 2804 5144 Tulit
2846 5104 3025 5147 autent
3075 5112 3331 5154 coronam

1766 5154 1933 5212 David
1966 5160 2235 5220 Melcbom
2271 5169 2339 5224 de
2370 5172 2550 5241 capite
2584 5176 2726 5245 ejus.
2761 5200 2779 5231 ι
2816 5181 3077 5239 Melcbom
3126 5190 3328 5245 idolum

1764 5255 2198 5311 Atnmonitarutn
2228 5260 2295 5316 de
2328 5279 2434 5332 quo
2467 5264 2519 5317 in
2550 5267 2780 5339 Regum,
2805 5282 2856 5327 et
2885 5275 2936 5329 iu
2968 5278 3331 5349 Paralipome-

1763 5361 1893 5409 non,
1928 5358 1981 5400 et
2021 5348 2073 5403 in
2120 5349 2398 5421 Sophonia
2430 5360 2712 5416 scribitur.
2745 5363 3009 5422 llIelehom
3061 5348 3324 5443 interpre-

1762 5445 1928 5502 tatur,
1962 5455 2054 5493 rex
2076 5458 2277 5497 eorum.
2300 5446 2371 5501 De
2400 5450 2695 5508 simulacro
2720 5458 2861 5511 enim
2886 5460 3029 5516 illius
3057 5464 3183 5519 idoli
3205 5468 3329 5523 tulit

1829 5639 1857 5678 ι)
1886 5639 2229 5731 illart'ian‘mus
2256 5647 2451 5704 vitiose
2479 5664 2774 5721 peccatores
2801 5657 3019 5731 legerat.
3046 5662 3143 5718 Bis.
3175 5673 3326 5723 uter-

1754 5726 1858 5781 que
1890 5713 2143 5792 castigat.

1830 5790 1851 5817 ε
1890 5780 2159 5837 Victorius
2184 5787 2465 5859 rescripsit
2500 5791 2724 5865 Fcriqne
2756 5800 2849 5854 tibi
2872 5818 3078 5871 nontrn,
3115 5816 3221 5863 etc.
