2102 3707
388 210 452 244 1451

1107 205 1310 236 Al’PE‘NDIX.

1949 205 2012 236 ΜΩ

388 270 471 297 David
485 269 620 296 diadema.
637 267 763 295 ltlicitutn
779 271 837 294 erat
853 266 887 293 de
906 265 985 292 idolis
995 264 1098 299 aliquid
1111 264 1170 291 auri
1188 268 1209 295 Α
1226 271 1286 290 netu
1302 267 1453 290 corrtterat.
1475 263 1538 290 Levi
1562 269 1625 289 vero
1644 270 1697 290 non
1719 265 1927 298 numerabatur,
1945 267 2007 300 quia

388 321 526 350 appetere.
543 321 589 342 aut
615 314 730 349 argenti,
755 313 857 341 Judmis
877 321 925 348 per
943 313 1040 347 legem.
1063 312 1125 344 Sed,
1143 317 1172 338 ttt

388 363 437 397 ipsi
450 362 572 394 tradunt,
591 362 668 388 Ethai
691 360 824 393 Jethaetts,
846 361 890 395 qui
904 361 935 387 tle
955 363 1035 394 gente
1052 358 1172 385 Philisti-

388 416 484 435 uorutn
502 408 535 435 ad
552 408 634 434 David
649 413 770 440 venerat,
793 408 851 441 ipse
868 405 994 433 diadema
1011 405 1124 440 diripuit
1139 404 1173 431 de

386 456 475 489 capite
487 454 629 487 Mulchotu,
648 459 677 481 ttt
689 455 782 482 liceret
799 453 912 480 Hebraeo
931 452 965 480 de
986 460 1067 479 tttanu
1086 451 1173 478 homi-

387 503 429 530 nis
445 510 551 536 rapere.
564 502 638 536 qttod
653 501 686 528 de
699 502 786 534 capite
805 500 869 527 idoli
883 508 936 527 non
952 500 1061 527 licebat.

422 547 512 578 (Vers.
527 547 567 582 4.)
583 556 591 572 ε
603 546 666 574 Post
678 546 733 572 luce
747 545 843 572 ittitutn
857 550 900 573 est
910 545 1045 573 bellumin
1056 544 1169 577 Gezerp

387 594 414 620 itt
429 592 544 628 Rugum.
563 594 589 620 in
605 591 663 619 Gob
679 590 723 626 (II
741 591 804 627 Reg.
822 600 878 622 xu.
896 591 952 626 18).
967 591 1026 618 Gob
1039 591 1172 625 interpre-

387 645 461 667 talttr
491 640 603 666 lotttsla.
618 638 704 666 Gezer
719 647 784 666 vero
812 645 911 665 nomen
929 637 982 664 loci
1008 642 1060 668 est.
1089 642 1115 664 et
1131 637 1173 663 itt-

388 691 551 721 terprt-tatur
582 686 727 712 ordinatio.
747 685 822 712 Sicut
839 685 960 716 locustae,
987 684 1022 710 ita
1038 683 1087 710 filii
1105 684 1174 710 Ara-

388 736 446 767 phu:
466 733 593 760 delebant
608 732 701 759 Israel.
717 732 826 766 Arapha
840 731 912 758 ettitn
928 730 981 757 fttit
997 738 1085 757 nurus
1105 730 1174 756 Nou-

389 780 435 811 tni,
467 781 501 805 de
524 779 602 812 cujus
632 778 763 813 progenie
788 777 1047 812 ftteruntgigantea.
1065 776 1173 803 Golith

386 831 413 854 et
430 827 529 853 fratres
542 826 612 860 ejus.

425 873 518 907 (Ibid.)
537 882 546 897 σ
574 872 602 900 In
620 880 674 907 quo
689 871 825 906 percu5sit
852 870 988 896 Sobocbai
1015 868 1174 895 Httsatltiles

387 920 503 953 Saphai;
525 928 534 944 ι
551 919 578 945 in
596 919 701 953 Regum
715 917 788 952 Saph
804 916 910 952 (Ibid.l.
925 915 996 950 Saph
1009 916 1174 949 interpreta-

1226 309 1371 337 saccrdotii
1396 309 1528 344 dignitate
1544 310 1724 344 praecellebat.

1260 356 1349 391 (lbid.l
1368 365 1377 381 ι
1398 355 1523 383 Gladium
1543 357 1648 383 Domini
1669 362 1696 383 et
1715 363 1828 385 mortem
1844 363 1869 386 ct
1883 359 2010 393 angelum

1226 400 1342 428 Domini.
1365 411 1374 427 ι
1389 400 1493 428 Dicitur
1522 402 1653 429 Dominus
1679 403 1706 429 in
1723 403 1869 438 (Egyplum
1894 405 2010 431 descen-

1224 448 1308 479 disse.
1322 455 1347 477 et
1359 449 1528 485 percussisse
1541 449 1699 486 Egyptium
1715 451 1810 486 plagis,
1821 458 1847 479 et
1862 454 2012 487 peremisse

1224 495 1420 531 pritnogeuitos
1432 496 1622 532 Egyptiorunt
1636 497 1736 531 (Exod.
1754 507 1800 530 xtt.
1810 499 1922 533 ‘29).Hic
1940 508 2011 530 vero,

1224 543 1295 578 quod
1311 544 1468 571 terribiliter
1484 544 1603 579 positum
1617 550 1658 572 est
1676 546 1793 580 pritnttm
1806 546 1840 573 de
1855 547 1948 581 gladio
1963 546 2011 573 Do-

1225 591 1303 622 mini,
1322 595 1490 625 temperatur
1507 591 1571 618 (lunt
1591 591 1693 619 dicitur
1716 593 1792 628 (verr.
1810 593 1868 628 Η),
1891 599 1916 621 ιι
1936 603 2013 629 ange-

1225 639 1278 665 lunt
1294 638 1420 668 Domini.
1437 646 1491 666 non
1519 640 1545 666 itt
1564 646 1643 666 manu
1662 639 1782 668 ltontinis
1795 660 1802 672 .
1826 645 1855 667 ιιι
1878 640 2010 675 flagellum

1224 687 1284 722 ejus
1303 694 1357 713 non
1375 691 1449 714 esset
1466 687 1492 712 itt
1509 694 1589 714 ntanu
1605 687 1735 718 hominis,
1749 688 1795 715 sed
1816 689 1841 715 in
1856 696 1938 715 manu
1954 688 2011 719 Dei,

1226 734 1288 767 quia
1302 732 1392 759 multa:
1410 732 1595 760 miserationis
1605 739 1658 761 est.
1680 733 1825 768 Flagellum
1835 736 1909 762 enim
1925 735 2012 762 homi-

1228 781 1271 807 nis
1288 785 1315 806 et
1336 780 1363 806 in
1387 778 1475 814 gladio
1500 783 1554 810 est.
1582 785 1610 806 et
1636 780 1662 807 itt
1695 780 1776 808 fame.
1801 781 1871 813 Quia
1900 788 2013 816 possunt

1228 824 1375 859 prohibere
1393 824 1610 852 venundationes
1635 826 1661 853 lti
1683 828 1753 862 apud
1779 835 1851 862 quos
1875 834 1943 855 sunt
1958 828 2013 855 fru-

1226 874 1328 897 tttcnta.

1263 915 1353 950 (Vers.
1373 917 1429 951 15.)
1451 927 1459 944 ι
1482 919 1554 946 Vidit
1568 920 1719 952 Dominus,
1742 925 1768 946 et
1781 920 1915 947 misertus
1929 924 1982 947 est.
2002 929 2011 944 ι

390 972 443 997 lur,
454 966 591 992 limitmre.
604 964 715 999 Sa‘phai,
730 964 854 995 limittarc
869 971 968 989 meum.
985 961 1014 989 In
1028 961 1172 995 Paralipo-
1190 957 1212 987 Β
1227 962 1311 989 Αίυιιι
1325 962 1432 990 Sadoch
1450 965 1620 992 sacerdotem
1638 966 1783 992 infulatum
1798 965 1947 992 Dominum
1969 965 2015 991 de-

389 1017 498 1039 meuon.
515 1009 548 1035 de
565 1017 665 1043 genere
680 1008 812 1042 Raphaim
830 1017 836 1034 :
854 1008 880 1035 in
895 1008 1016 1042 Regum.
1039 1007 1072 1034 de
1089 1007 1174 1041 stirpe

388 1055 481 1089 Ilapha
497 1055 591 1093 (Ibid.)_
607 1056 670 1092 quia
696 1055 742 1082 lilii
759 1054 859 1089 Orphe:
874 1058 952 1081 erant
966 1054 999 1080 de
1013 1061 1115 1088 genere
1136 1053 1176 1087 gi-

387 1107 510 1135 ganttttn.

432 1148 522 1183 (Vers.
540 1148 580 1182 5.)
607 1156 616 1172 ι
644 1146 672 1174 In
699 1155 752 1182 qtto
770 1145 906 1181 percussit
931 1145 1098 1172 Adeodatus.
1120 1154 1129 1169 ι
1144 1145 1173 1170 In

389 1195 502 1222 Hebraeo
512 1195 621 1228 legitur,
636 1194 757 1220 Elcanan
772 1194 842 1219 filius
857 1192 926 1223 Jair,
937 1191 1074 1218 Leetnites
1088 1197 1100 1211 ιι
1122 1190 1175 1217 fta-

391 1246 443 1268 tcr.
460 1240 526 1272 Jair,
552 1240 677 1274 vigilum.
695 1239 721 1266 in
734 1231 847 1274 Regum
877 1238 1008 1265 scribitur
1024 1236 1082 1264 Hur
1103 1237 1175 1264 [ilius

386 1287 477 1316 .laare.
495 1288 566 1321 quod
588 1288 785 1321 interpretatur
800 1284 986 1316 saltusllbid.,
1007 1283 1062 1318 l9);
1078 1283 1104 1309 itt
1121 1283 1175 1310 Re-

390 1342 451 1367 gum
468 1334 605 1360 scribitur
625 1333 839 1368 Bethlehetnites
867 1331 950 1365 (Ibid.
962 1330 982 1365 );
996 1330 1022 1356 itt
1035 1329 1175 1363 Paralipo-

388 1385 487 1404 menon
502 1398 510 1409 ,
535 1377 671 1405 Leetuites
695 1377 791 1404 frater.
817 1375 955 1403 Interfecit
974 1383 1040 1409 ergo
1065 1373 1173 1401 Goliath

387 1423 551 1453 (letthzcum.
571 1422 686 1449 fratrem
707 1422 793 1449 Goliae
821 1421 952 1449 Pltilistxi
965 1440 972 1453 ,
991 1428 1072 1455 quem
1090 1421 1175 1447 inter-

388 1469 451 1495 fecit
468 1468 564 1495 David.
589 1467 712 1495 Fuerunt
727 1468 799 1503 enim
821 1467 855 1494 de
875 1467 962 1501 stirpe
976 1466 1074 1501 Orpha:
1092 1466 1172 1501 quin-

387 1522 449 1549 que.
467 1514 499 1541 de
515 1514 615 1548 quibus
628 1514 654 1540 in
669 1514 845 1548 sequentibus
863 1513 932 1540 dicit

422 1561 514 1595 (Vers.
540 1562 579 1594 7.)
598 1569 607 1585 ε
639 1560 671 1586 Et
691 1560 829 1595 percussit
848 1567 912 1586 eum
929 1558 1067 1587 Jonatban
1099 1559 1171 1585 filius

388 1609 515 1635 Samtnaa
533 1608 626 1634 fratris
642 1607 736 1634 David.
758 1617 767 1632 ι
780 1606 917 1634 Jottathan
938 1607 995 1641 ipse
1007 1611 1049 1633 est
1065 1604 1170 1632 Nathan

388 1656 526 1689 proplteta,
538 1655 583 1688 qui
606 1654 700 1681 habuit
712 1654 781 1681 duos
798 1653 906 1685 fratres,
925 1651 985 1680 Joel
995 1657 1022 1679 et
1034 1651 1169 1679 Jonadab.

388 1703 491 1729 Idcitco
516 1703 539 1728 ci
560 1703 603 1728 hic
620 1709 719 1728 nomen
739 1701 823 1734 patris
839 1701 1000 1735 imponitur,
1020 1700 1084 1734 quia
1101 1700 1172 1726 inter

388 1751 554 1784 prwliatores
572 1749 747 1776 describitur.
762 1747 812 1776 Ubi
824 1755 889 1775 vero
903 1748 937 1775 de
953 1748 1096 1783 prophetia
1113 1747 1172 1781 ejus

387 1797 532 1829 scribitur,
553 1805 605 1823 non
631 1797 655 1823 ei
680 1796 827 1822 adnotatur
843 1798 930 1829 pater,
948 1801 981 1821 eo
997 1793 1069 1828 quod
1085 1798 1173 1831 pater

386 1842 445 1876 ejus
465 1843 596 1877 propheta
613 1850 668 1870 tton
688 1842 781 1869 fuerit.

423 1889 500 1923 (Cap.
518 1888 588 1915 XXI.
613 1903 647 1908 —
664 1889 743 1915 Vers.
760 1888 787 1914 5.
809 1887 818 1922 )
840 1896 850 1913 ε
883 1886 961 1919 Quod
978 1886 1004 1913 in
1026 1890 1170 1920 peccatum

388 1940 528 1969 reputetur
545 1934 650 1966 lsrucli,
670 1942 679 1958 ι
701 1933 728 1960 id
757 1938 798 1960 est
834 1933 861 1959 in
886 1937 1000 1959 mortem
1015 1952 1022 1965 ,
1039 1940 1099 1967 qua:
1123 1939 1172 1966 pro

388 1986 500 2015 peceato
516 1982 598 2007 venit.

423 2026 513 2061 (V'crs.
527 2026 566 2060 5.)
587 2026 615 2052 ltt
633 2024 874 2060 Paralipomenon,
901 2024 975 2051 mille
1004 2024 1086 2051 millia
1102 2025 1127 2056 δ,
1144 2029 1170 2051 et

386 2080 493 2101 centum
525 2072 609 2098 millia
629 2080 636 2099 :
667 2072 693 2098 itt
715 2070 819 2105 Regum
850 2070 878 2105 (1
895 2070 956 2105 Reg.
983 2079 1020 2104 ιι,
1038 2071 1077 2106 8),
1097 2071 1171 2098 mille

386 2124 505 2145 trecenta
519 2118 613 2150 millia,
639 2119 666 2144 in
682 2116 910 2151 Paralipomenon
927 2117 1085 2143 scribuntur
1104 2122 1131 2144 et
1145 2116 1172 2143 hi

384 2166 430 2197 qui
448 2168 649 2195 remanserunt,
663 2168 688 2191 et
704 2163 750 2198 qui
768 2163 903 2189 interfecti
920 2168 995 2189 sunt.
1016 2164 1043 2190 ln
1063 2163 1169 2197 Regum

386 2220 450 2239 vero
482 2211 534 2237 vivi
563 2209 750 2236 tantummodo
780 2214 972 2236 numerantur.
1000 2209 1079 2242 Quod
1106 2216 1172 2236 vero

385 2258 526 2289 scribitur,
545 2255 722 2290 septuaginta
735 2254 819 2280 mil!ia
837 2254 981 2281 interfecta
1008 2254 1103 2284 fuisse.
1129 2253 1172 2280 hic

1227 1014 1368 1043 precatum
1389 1009 1482 1042 fuisse,
1504 1016 1532 1038 et
1547 1011 1682 1039 imitatum
1708 1011 1792 1038 fuiSse
1811 1017 1918 1045 patrem
1934 1019 2013 1039 suum

1225 1053 1329 1085 Aaron,
1345 1057 1372 1079 et
1388 1053 1461 1081 illius
1474 1063 1569 1089 preces
1579 1064 1605 1082 et
1618 1057 1790 1083 devotionem
1807 1056 1956 1083 Dominum
1979 1058 2016 1083 \‘i-

1225 1098 1308 1128 disse.
1323 1103 1349 1125 et
1368 1099 1511 1127 tnisertum
1526 1102 1624 1129 fuisse.

1263 1145 1352 1175 (Vers.
1374 1146 1426 1178 18.)
1449 1146 1477 1174 ltt
1497 1147 1726 1183 Paralipomenon
1752 1149 1860 1180 Ornan.
1885 1154 1913 1176 et
1931 1149 2016 1176 inter-

1227 1197 1359 1225 pretatur,
1375 1192 1463 1220 lumen
1478 1193 1551 1221 nobis
1568 1202 1578 1221 :
1594 1194 1621 1221 in
1637 1194 1741 1230 Regum
1758 1203 1820 1222 vero
1837 1196 1949 1223 Areuna
1963 1197 1972 1229 (
1988 1194 2015 1221 11

1226 1237 1290 1272 Reg.
1309 1246 1384 1269 xxtv,
1406 1238 1471 1274 16),
1497 1240 1523 1266 id
1546 1245 1588 1267 est
1614 1249 1687 1267 arca.
1711 1242 1803 1268 Orttau
1818 1261 1826 1274 ,
1858 1241 2015 1269 Ιεδυθςευηι

1227 1283 1312 1311 fuisse
1326 1284 1364 1310 ibi
1385 1288 1514 1319 patescit,
1530 1287 1593 1320 quia
1608 1287 1696 1314 noluit
1717 1287 1799 1314 David
1812 1288 1918 1322 absque
1933 1295 2016 1322 pecu-

1227 1329 1270 1356 nia
1291 1330 1392 1365 aliquid
1408 1331 1469 1366 ejus
1496 1331 1595 1360 offerre
1609 1333 1736 1360 Domino.
1758 1333 1787 1360 lu
1807 1333 1865 1369 lege
1884 1336 1960 1361 enim
1977 1338 2016 1360 est

1227 1376 1404 1410 proltibitum.
1421 1377 1537 1411 Quidam
1558 1379 1660 1406 idcirco
1675 1379 1770 1407 dicunt
1786 1379 1829 1407 bis
1850 1381 2015 1415 sanguinem

1228 1421 1318 1449 fusum
1334 1430 1348 1449 a
1364 1423 1447 1450 David
1467 1432 1516 1459 pro
1532 1425 1666 1462 sanguine
1685 1426 1790 1458 Imstili.
1804 1434 1888 1461 quem
1908 1427 2017 1459 eﬁudit,

1226 1472 1253 1495 et
1270 1476 1319 1503 pro
1333 1471 1465 1504 sanguine
1482 1469 1563 1503 Urite,
1578 1471 1623 1505 qui
1643 1470 1746 1499 eﬂttsus
1763 1478 1816 1500 est.

1265 1514 1342 1549 (Cap.
1369 1516 1463 1544 XXIII.
1489 1531 1524 1537 -—
1549 1517 1628 1544 Vers.
1660 1517 1704 1549 15,
1727 1517 1782 1552 16.)
1799 1528 1808 1543 ι
1830 1519 1893 1546 Filii
1911 1519 2017 1547 Gersan

1227 1561 1274 1588 ﬁlii
1290 1561 1386 1597 Moysi,
1404 1562 1502 1589 Sebuel
1520 1563 1632 1597 primus.
1653 1573 1662 1589 ι
1682 1564 1772 1599 lpsuut
1791 1565 1961 1593 feruntesse
1971 1567 2018 1601 qui

1227 1607 1254 1634 in
1271 1607 1409 1639 Iudicum.
1432 1607 1567 1636 Jonathan
1582 1610 1714 1637 scribitur
1732 1610 1834 1645 (Judic.
1857 1619 1944 1644 mit,
1961 1611 2018 1645 30).

1227 1655 1273 1688 qui
1290 1655 1340 1681 fuit
1356 1655 1485 1682 sacerdos
1501 1656 1527 1682 itt
1541 1656 1612 1683 tribu
1630 1656 1698 1683 Dan.
1718 1656 1855 1684 Jonathan
1880 1658 2019 1691 interpre-

1225 1705 1309 1732 tatur,
1321 1701 1427 1728 Domini
1436 1702 1544 1729 dottum.
1552 1701 1663 1734 Sebuel,
1673 1710 1803 1730 revertens
1814 1705 1851 1730 ad
1863 1704 2018 1735 Domitium;

1226 1747 1258 1774 de
1272 1754 1326 1781 quo
1341 1747 1472 1774 scribitur
1491 1756 1498 1775 :
1513 1747 1572 1781 Ipse
1587 1753 1612 1775 el
1625 1749 1676 1782 ﬁlii
1698 1750 1755 1782 eius
1769 1749 1877 1784 fuerunt
1894 1755 2021 1777 sacerdo-

1226 1798 1263 1820 tes
1278 1794 1305 1819 iu
1321 1793 1389 1820 tribu
1413 1793 1481 1826 Dan,
1505 1802 1586 1829 usque
1607 1796 1642 1821 ad
1669 1796 1737 1821 diem
1761 1797 1928 1828 raptiritatis
1943 1802 2020 1823 teme

1226 1838 1334 1874 (lbid.),
1351 1840 1377 1867 id
1394 1844 1454 1872 est,
1481 1848 1568 1871 usque
1594 1841 1628 1867 ad
1654 1841 1727 1868 diem
1755 1842 1866 1875 quando
1882 1850 1952 1870 arca
1970 1843 2021 1869 Do-

1225 1886 1291 1912 ntitti
1300 1887 1334 1913 ab
1342 1886 1493 1922 Allophylis
1503 1892 1580 1921 capta
1591 1892 1642 1914 est.
1653 1887 1762 1919 Sebuel,
1775 1889 1922 1914 revertitur
1932 1889 2019 1916 Deus:

1223 1933 1300 1967 juxta
1316 1933 1367 1959 ltoc
1380 1933 1452 1967 quod
1473 1933 1588 1960 habetur
1607 1933 1634 1959 itt
1651 1934 1781 1967 propheta
1796 1942 1804 1962 :
1821 1934 2020 1962 Connrtimim

1225 1979 1259 2004 tul
1276 1986 1326 2009 me,
1342 1983 1366 2005 et
1381 1986 1426 2012 ego
1443 1983 1580 2005 convertar
1596 1979 1631 2004 ad
1647 1987 1690 2005 vos
1708 1979 1832 2014 (Zathar.
1854 1988 1874 2012 ι,
1890 1982 1934 2014 3).

1262 2025 1424 2061 (Vers.17.)
1444 2035 1453 2051 ι
1482 2027 1570 2052 Porro
1606 2026 1654 2053 lilii
1684 2026 1807 2053 Rahabia
1838 2028 2020 2063 multiplicati

1225 2076 1290 2100 sunt
1310 2080 1391 2106 supra
1416 2072 1526 2099 ntoduut
1543 2072 1597 2108 [ΑΙ.
1619 2071 1755 2107 domum].
1775 2082 1783 2097 ι
1799 2073 1831 2099 Εἰ
1853 2074 1904 2101 ltic
1926 2075 2022 2108 imple-

1225 2123 1282 2146 tum
1297 2123 1349 2151 est,
1368 2120 1441 2153 qttod
1468 2119 1601 2146 Dominus
1616 2119 1729 2145 dixitad
1750 2119 1863 2153 Moysen
1880 2129 1889 2149 :
1912 2120 2022 2147 υἰωίιις

1225 2172 1275 2195 me,
1297 2169 1324 2190 ut
1339 2164 1440 2191 deleam
1457 2164 1582 2199 populum
1594 2166 1685 2196 istum,
1703 2172 1726 2192 et
1746 2166 1845 2199 faciam
1864 2171 1891 2193 te
1912 2167 1942 2193 in
1964 2175 2022 2201 gett-

1225 2215 1287 2242 tem,
1303 2219 1362 2245 qua:
1378 2210 1463 2245 major
1475 2212 1526 2238 ista
1543 2216 1581 2238 est
1596 2211 1696 2246 (Exod.
1714 2219 1799 2243 xxxtt,
1816 2213 1876 2245 10).

1259 2255 1351 2291 (Vers.
1369 2256 1426 2291 27.)
1461 2266 1470 2282 ι
1496 2257 1578 2284 Juxta
1595 2262 1729 2292 praerepta
1760 2257 1845 2285 David
1860 2259 2022 2286 nm'issimzt

385 2309 489 2330 tantum
505 2304 594 2337 capita
620 2301 760 2329 seniorum
775 2304 965 2327 numerantur.
982 2300 1116 2327 Caeterum
1137 2300 1170 2327 de
1191 2301 1211 2328 D
1226 2302 1421 2336 supputabitur
1439 2302 1556 2329 filiorum
1573 2302 1636 2329 Levi
1658 2311 1801 2334 numerus.
1823 2311 1836 2329 a
1855 2305 1961 2340 viginti
1978 2314 2023 2332 au-

386 2351 463 2385 plebe
483 2354 522 2377 tot
539 2349 623 2375 millia
642 2348 783 2375 interfecta
804 2351 880 2379 sunt,
898 2351 964 2381 quot
988 2346 1169 2373 milleuariunt

387 2401 508 2425 trecenta
533 2402 678 2422 numerum
702 2393 851 2421 excedunt.
877 2393 914 2420 De
943 2393 1013 2419 ttibu
1041 2391 1121 2424 Levi,
1145 2396 1172 2419 et

387 2443 541 2477 llcujautin,
553 2441 616 2475 quia
633 2447 686 2467 non
699 2443 764 2466 suttt
777 2439 924 2471 numerati,
939 2447 991 2466 non
1008 2443 1072 2465 suttt
1090 2440 1173 2466 inter'

387 2491 448 2517 fecti
468 2498 474 2516 :
492 2488 555 2522 quia
587 2486 725 2521 Benjamin
760 2486 820 2513 ideo
850 2486 957 2517 evasit.
976 2485 1039 2518 quia
1070 2485 1171 2512 recenti

389 2542 509 2570 tempore
524 2536 646 2561 fraterno
665 2532 754 2568 gladio
766 2539 834 2567 pene
850 2539 935 2566 usque
948 2531 981 2558 ad
1006 2531 1173 2558 internecio-

425 2613 432 2627 ‘
449 2613 525 2639 Hunc
541 2613 629 2639 locum
648 2611 680 2638 ad
707 2611 785 2637 ﬁdem
814 2617 882 2637 mss.
902 2609 1027 2636 codicum
1053 2609 1173 2635 restitui-

390 2656 460 2675 ntus.
479 2649 507 2673 In
525 2648 605 2674 editis
623 2647 693 2680 apud
714 2646 857 2671 Erasnttttn
882 2645 917 2671 ita
952 2645 1068 2676 legimus
1086 2644 1173 2680 :Qute

390 2684 477 2717 t-iajor
490 2684 542 2710 ista
552 2688 599 2709 est.
613 2678 766 2717 Novissima
776 2679 1085 2717 sttppulaltiturﬁliorum
1101 2678 1173 2717 Leuit

389 2713 506 2755 qttutttliu
524 2716 721 2744 tabernaculum
740 2715 844 2742 Domttti
861 2715 1015 2741 mutabatur
1026 2715 1056 2741 de
1070 2714 1127 2741 loco
1139 2713 1173 2740 ad

423 2802 432 2814 ⁸
448 2798 571 2824 illartian.
594 2796 790 2823 Iletltlehemites
807 2796 849 2821 Itic
868 2795 976 2829 legerat,
992 2794 1171 2827 quemadmo-

390 2836 453 2860 t'lunt
469 2841 523 2859 non
538 2834 564 2858 itt
582 2832 806 2865 Paralipomenon
819 2830 906 2862 libris,
924 2831 970 2856 sed
984 2829 1086 2864 [legum
1104 2829 1176 2856 seri--

391 2870 527 2929 bllhu'Eum
547 2910 606 2929 uteo
629 2909 680 2927 tus.
710 2900 846 2926 Victorius
869 2906 997 2934 quoque,
1020 2899 1050 2925 In
1068 2898 1174 2925 Parali-

388 2946 521 2972 pomenon,
535 2937 678 2972 quingenta
709 2933 884 2970 septuaginta?
905 2934 997 2961 millia.
1018 2933 1049 2960 In
1074 2934 1173 2968 Regum

1225 2347 1267 2374 nis
1278 2352 1302 2374 ct
1318 2348 1444 2381 supra‘.t
1457 2347 1571 2380 Quando
1582 2348 1787 2374 tabernaculum
1796 2349 1915 2377 Domini
1932 2358 2023 2377 more-

1225 2393 1303 2420 batttr
1314 2393 1347 2420 de
1363 2394 1423 2420 loco
1434 2394 1466 2420 ad
1482 2394 1582 2426 locum,
1597 2401 1611 2420 a
1625 2394 1734 2428 triginta
1755 2394 1769 2413 δ
1781 2395 1865 2422 annis
1877 2396 2024 2431 eligeban-

1226 2445 1270 2467 tur
1286 2449 1293 2466 τ
1311 2445 1456 2475 postquam
1475 2448 1537 2467 vero
1554 2440 1682 2474 tentplozn
1709 2440 1816 2467 Domini
1844 2443 2021 2470 adiﬁcatum

1224 2491 1275 2518 est.
1289 2494 1304 2513 a
1321 2486 1416 2522 viginti
1432 2488 1523 2514 antiis.
1548 2486 1626 2520 Quod
1648 2495 1712 2514 vero
1737 2487 1764 2514 in
1782 2487 1963 2522 quibusdam
1978 2498 2023 2517 co-

1224 2531 1332 2558 dicibus
1349 2532 1474 2563 habetur,
1493 2534 1527 2558 ad
1541 2532 1681 2566 ferventem
1704 2532 1841 2565 similam,
1870 2539 1901 2561 et
1918 2535 1949 2561 in
1963 2536 2024 2569 qui.

1226 2610 1310 2636 locum
1333 2619 1349 2636 α
1377 2610 1766 2646 vigintirannitreligebautur.
1789 2610 1948 2646 Postquam
1966 2621 2025 2639 rem

1226 2645 1350 2682 templum
1378 2645 1486 2682 Domini
1500 2645 1674 2682 rwdtﬁcotum
1688 2651 1743 2677 est,
1766 2654 1782 2672 α
1801 2645 1924 2682 triginta
1938 2650 2024 2673 annis.

1225 2680 1290 2710 Ome
1310 2680 1423 2716 omnino
1438 2681 1533 2707 mutila
1554 2689 1587 2716 ac
1604 2687 1732 2715 corrupta
1753 2680 1853 2716 probth
1873 2688 2025 2710 contextus

1225 2723 1303 2743 sacer
1319 2716 1327 2742 l
1343 2715 1431 2742 Paral.
1448 2723 1527 2747 xxttt.
1548 2715 1593 2743 Ἠ.

1226 2793 1308 2824 mille,
1322 2798 1374 2820 etc.

1262 2834 1273 2848 ι
1291 2830 1359 2855 Cum
1378 2828 1493 2861 vulgatis
1515 2834 1578 2856 ante
1604 2829 1790 2857 Mat-tianzcunt
1817 2832 1904 2859 libris
1928 2841 2023 2862 mens.

1226 2863 1518 2902 atqtte_.~\_n_tbrosiantt_s
1534 2872 1600 2892 mss.
1617 2866 1644 2891 itt
1662 2866 1711 2892 hoc
1731 2868 1935 2897 consentiunt.
1953 2869 2023 2902 (μισ-ἱ

1227 2899 1315 2933 viginti
1340 2899 1384 2924 hic
1400 2906 1449 2932 pro
1469 2900 1590 2933 tr‘t'gmlu,
1607 2906 1689 2934 atque
1713 2908 1728 2927 e
1742 2908 1884 2930 converso
1903 2899 2023 2931 nmini-

1226 2936 1298 2968 ginta
1312 2941 1360 2968 pro
1379 2934 1470 2968 viginti
1486 2935 1561 2961 anuis
1578 2935 1737 2970 praeferunt.
