  <div class='ocr_page' id='page_1' title='image "/cluster/home/n/w/nwhite01/storage/ocr_20150623/23/hvd.32044012674545/738.png"; bbox 0 0 2102 3727; ppageno 0'>
   <div class='ocr_carea' id='block_1_1' title="bbox 51 232 109 266">
    <p class='ocr_par' dir='ltr' id='par_1_1' title="bbox 51 232 109 266">
     <span class='ocr_line' id='line_1_1' title="bbox 51 232 109 266; baseline -0.052 0"><span class='ocrx_word' id='word_1_1' title='bbox 51 232 109 266; x_wconf 67' lang='grc'><strong>1453</strong></span> 
     </span>
    </p>
   </div>
   <div class='ocr_carea' id='block_1_2' title="bbox 489 219 1227 261">
    <p class='ocr_par' dir='ltr' id='par_1_2' title="bbox 489 219 1227 261">
     <span class='ocr_line' id='line_1_2' title="bbox 489 219 1227 261; baseline -0.008 -5"><span class='ocrx_word' id='word_1_2' title='bbox 489 223 632 261; x_wconf 71' lang='grc' dir='ltr'><strong>ΟῙΗΞΒΤ,</strong></span> <span class='ocrx_word' id='word_1_3' title='bbox 654 221 836 254; x_wconf 79' lang='lat' dir='ltr'><strong>HEBRAIC.</strong></span> <span class='ocrx_word' id='word_1_4' title='bbox 855 221 897 252; x_wconf 85' lang='lat' dir='ltr'><strong>IN</strong></span> <span class='ocrx_word' id='word_1_5' title='bbox 915 221 988 252; x_wconf 75' lang='lat' dir='ltr'><strong>LIB.</strong></span> <span class='ocrx_word' id='word_1_6' title='bbox 1009 219 1023 249; x_wconf 88' lang='grc' dir='ltr'>Ι</span> <span class='ocrx_word' id='word_1_7' title='bbox 1050 220 1227 250; x_wconf 76' lang='lat' dir='ltr'><strong>PARALIP.</strong></span> 
     </span>
    </p>
   </div>
   <div class='ocr_carea' id='block_1_3' title="bbox 1605 217 1672 251">
    <p class='ocr_par' dir='ltr' id='par_1_3' title="bbox 1605 217 1672 251">
     <span class='ocr_line' id='line_1_3' title="bbox 1605 217 1672 251; baseline 0 -1"><span class='ocrx_word' id='word_1_8' title='bbox 1605 217 1672 251; x_wconf 66' lang='grc'><strong>1454</strong></span> 
     </span>
    </p>
   </div>
   <div class='ocr_carea' id='block_1_4' title="bbox 49 275 1672 323">
    <p class='ocr_par' dir='ltr' id='par_1_4' title="bbox 49 275 1672 323">
     <span class='ocr_line' id='line_1_4' title="bbox 49 275 1672 323; baseline -0.007 -10"><span class='ocrx_word' id='word_1_9' title='bbox 49 292 157 321; x_wconf 53' lang='lat' dir='ltr'><strong>busdam</strong></span> <span class='ocrx_word' id='word_1_10' title='bbox 175 288 209 316; x_wconf 68' lang='lat' dir='ltr'><strong>ad</strong></span> <span class='ocrx_word' id='word_1_11' title='bbox 225 288 367 323; x_wconf 63' lang='lat' dir='ltr'><strong>{ei-sentem</strong></span> <span class='ocrx_word' id='word_1_12' title='bbox 394 281 585 310; x_wconf 89' lang='lat' dir='ltr'><strong>tantummodo</strong></span> <span class='ocrx_word' id='word_1_13' title='bbox 601 303 608 313; x_wconf 80' lang='lat'><strong>,</strong></span> <span class='ocrx_word' id='word_1_14' title='bbox 632 288 710 307; x_wconf 78' lang='lat' dir='ltr'><strong>error</strong></span> <span class='ocrx_word' id='word_1_15' title='bbox 731 283 781 306; x_wconf 79' lang='lat' dir='ltr'><strong>est.</strong></span> <span class='ocrx_word' id='word_1_16' title='bbox 802 278 830 305; x_wconf 91' lang='lat' dir='ltr'><strong>In</strong></span> <span class='ocrx_word' id='word_1_17' title='bbox 846 279 871 307; x_wconf 74' lang='grc' dir='ltr'>Α</span> <span class='ocrx_word' id='word_1_18' title='bbox 885 282 911 304; x_wconf 88' lang='lat' dir='ltr'><strong>ct</strong></span> <span class='ocrx_word' id='word_1_19' title='bbox 926 277 996 304; x_wconf 85' lang='lat' dir='ltr'><strong>infra</strong></span> <span class='ocrx_word' id='word_1_20' title='bbox 1012 277 1108 312; x_wconf 83' lang='lat' dir='ltr'><strong>viginti</strong></span> <span class='ocrx_word' id='word_1_21' title='bbox 1129 283 1227 308; x_wconf 83' lang='lat' dir='ltr'><strong>armes,</strong></span> <span class='ocrx_word' id='word_1_22' title='bbox 1246 275 1351 302; x_wconf 88' lang='lat' dir='ltr'><strong>idcirco</strong></span> <span class='ocrx_word' id='word_1_23' title='bbox 1374 275 1591 311; x_wconf 74' lang='lat' dir='ltr'><strong>indignationem</strong></span> <span class='ocrx_word' id='word_1_24' title='bbox 1621 275 1672 304; x_wconf 87' lang='lat' dir='ltr'><strong>Do-</strong></span> 
     </span>
    </p>
   </div>
   <div class='ocr_carea' id='block_1_5' title="bbox 50 323 831 366">
    <p class='ocr_par' dir='ltr' id='par_1_5' title="bbox 50 323 831 366">
     <span class='ocr_line' id='line_1_5' title="bbox 50 323 831 366; baseline -0.02 0"><span class='ocrx_word' id='word_1_25' title='bbox 50 340 157 366; x_wconf 68' lang='lat' dir='ltr'><strong>llehrxo</strong></span> <span class='ocrx_word' id='word_1_26' title='bbox 177 343 231 362; x_wconf 94' lang='lat' dir='ltr'><strong>non</strong></span> <span class='ocrx_word' id='word_1_27' title='bbox 246 334 329 361; x_wconf 88' lang='lat' dir='ltr'><strong>habet</strong></span> <span class='ocrx_word' id='word_1_28' title='bbox 347 332 375 359; x_wconf 90' lang='lat' dir='ltr'><strong>in</strong></span> <span class='ocrx_word' id='word_1_29' title='bbox 391 331 444 358; x_wconf 87' lang='lat' dir='ltr'><strong>hoc</strong></span> <span class='ocrx_word' id='word_1_30' title='bbox 457 330 517 356; x_wconf 78' lang='lat' dir='ltr'><strong>loco</strong></span> <span class='ocrx_word' id='word_1_31' title='bbox 525 327 653 359; x_wconf 83' lang='lat' dir='ltr'><strong>similam,</strong></span> <span class='ocrx_word' id='word_1_32' title='bbox 666 326 730 361; x_wconf 85' lang='lat' dir='ltr'><strong>quia</strong></span> <span class='ocrx_word' id='word_1_33' title='bbox 741 323 831 352; x_wconf 87' lang='lat' dir='ltr'><strong>simila</strong></span> 
     </span>
    </p>
   </div>
   <div class='ocr_carea' id='block_1_6' title="bbox 48 373 831 421">
    <p class='ocr_par' dir='ltr' id='par_1_6' title="bbox 48 373 831 421">
     <span class='ocr_line' id='line_1_6' title="bbox 48 373 831 421; baseline -0.019 -10"><span class='ocrx_word' id='word_1_34' title='bbox 48 387 92 421; x_wconf 49' lang='grc' dir='ltr'><strong>δέω</strong></span> <span class='ocrx_word' id='word_1_35' title='bbox 111 384 195 418; x_wconf 84' lang='lat' dir='ltr'><strong>paulo</strong></span> <span class='ocrx_word' id='word_1_36' title='bbox 215 380 344 415; x_wconf 77' lang='lat' dir='ltr'><strong>superius</strong></span> <span class='ocrx_word' id='word_1_37' title='bbox 370 377 509 405; x_wconf 83' lang='lat' dir='ltr'><strong>nominata</strong></span> <span class='ocrx_word' id='word_1_38' title='bbox 533 378 596 401; x_wconf 86' lang='lat' dir='ltr'><strong>est:</strong></span> <span class='ocrx_word' id='word_1_39' title='bbox 611 373 657 400; x_wconf 84' lang='lat' dir='ltr'><strong>sed</strong></span> <span class='ocrx_word' id='word_1_40' title='bbox 681 376 713 421; x_wconf 73' lang='lat' dir='ltr'><strong>od</strong></span> <span class='ocrx_word' id='word_1_41' title='bbox 730 376 831 421; x_wconf 60' lang='lat' dir='ltr'><strong>torren—</strong></span> 
     </span>
    </p>
   </div>
   <div class='ocr_carea' id='block_1_7' title="bbox 48 416 834 460">
    <p class='ocr_par' dir='ltr' id='par_1_7' title="bbox 48 416 834 460">
     <span class='ocr_line' id='line_1_7' title="bbox 48 416 834 460; baseline -0.02 -2"><span class='ocrx_word' id='word_1_42' title='bbox 48 416 145 458; x_wconf 68' lang='lat' dir='ltr'><strong>ilumin</strong></span> <span class='ocrx_word' id='word_1_43' title='bbox 163 428 277 456; x_wconf 65' lang='lat' dir='ltr'><strong>Hebraeo</strong></span> <span class='ocrx_word' id='word_1_44' title='bbox 299 425 420 460; x_wconf 79' lang='lat' dir='ltr'><strong>ponitur,</strong></span> <span class='ocrx_word' id='word_1_45' title='bbox 449 427 478 450; x_wconf 92' lang='lat' dir='ltr'><strong>ut</strong></span> <span class='ocrx_word' id='word_1_46' title='bbox 501 420 648 447; x_wconf 73' lang='lat' dir='ltr'><strong>subaudias</strong></span> <span class='ocrx_word' id='word_1_47' title='bbox 660 418 759 452; x_wconf 75' lang='lat' dir='ltr'><strong>spicas.</strong></span> <span class='ocrx_word' id='word_1_48' title='bbox 775 416 834 443; x_wconf 83' lang='lat' dir='ltr'><strong>Pri-</strong></span> 
     </span>
    </p>
   </div>
   <div class='ocr_carea' id='block_1_8' title="bbox 50 465 833 505">
    <p class='ocr_par' dir='ltr' id='par_1_8' title="bbox 50 465 833 505">
     <span class='ocr_line' id='line_1_8' title="bbox 50 465 833 505; baseline -0.023 -1"><span class='ocrx_word' id='word_1_49' title='bbox 50 477 126 504; x_wconf 66' lang='lat' dir='ltr'><strong>miliae</strong></span> <span class='ocrx_word' id='word_1_50' title='bbox 146 474 222 502; x_wconf 88' lang='lat' dir='ltr'><strong>enim</strong></span> <span class='ocrx_word' id='word_1_51' title='bbox 239 472 378 505; x_wconf 85' lang='lat' dir='ltr'><strong>spicarum</strong></span> <span class='ocrx_word' id='word_1_52' title='bbox 397 468 507 504; x_wconf 81' lang='lat' dir='ltr'><strong>quando</strong></span> <span class='ocrx_word' id='word_1_53' title='bbox 527 465 731 493; x_wconf 73' lang='lat' dir='ltr'><strong>deferebantur,</strong></span> <span class='ocrx_word' id='word_1_54' title='bbox 747 466 833 488; x_wconf 90' lang='lat' dir='ltr'><strong>torre-</strong></span> 
     </span>
    </p>
   </div>
   <div class='ocr_carea' id='block_1_9' title="bbox 50 507 833 554">
    <p class='ocr_par' dir='ltr' id='par_1_9' title="bbox 50 507 833 554">
     <span class='ocr_line' id='line_1_9' title="bbox 50 507 833 554; baseline -0.024 -2"><span class='ocrx_word' id='word_1_55' title='bbox 50 526 157 553; x_wconf 82' lang='lat' dir='ltr'><strong>bautur,</strong></span> <span class='ocrx_word' id='word_1_56' title='bbox 172 525 200 549; x_wconf 88' lang='lat' dir='ltr'><strong>et</strong></span> <span class='ocrx_word' id='word_1_57' title='bbox 220 526 306 554; x_wconf 79' lang='lat' dir='ltr'><strong>grana</strong></span> <span class='ocrx_word' id='word_1_58' title='bbox 327 515 554 544; x_wconf 89' lang='lat' dir='ltr'><strong>eomedebantur.</strong></span> <span class='ocrx_word' id='word_1_59' title='bbox 571 509 648 544; x_wconf 82' lang='lat' dir='ltr'><strong>Quod</strong></span> <span class='ocrx_word' id='word_1_60' title='bbox 674 516 760 544; x_wconf 71' lang='lat' dir='ltr'><strong>genus</strong></span> <span class='ocrx_word' id='word_1_61' title='bbox 777 507 833 535; x_wconf 90' lang='lat' dir='ltr'><strong>cibi</strong></span> 
     </span>
    </p>
   </div>
   <div class='ocr_carea' id='block_1_10' title="bbox 50 568 385 603">
    <p class='ocr_par' dir='ltr' id='par_1_10' title="bbox 50 568 385 603">
     <span class='ocr_line' id='line_1_10' title="bbox 50 568 385 603; baseline -0.024 -6"><span class='ocrx_word' id='word_1_62' title='bbox 50 571 126 602; x_wconf 69' lang='lat' dir='ltr'><strong>vulgo</strong></span> <span class='ocrx_word' id='word_1_63' title='bbox 142 574 258 603; x_wconf 77' lang='lat' dir='ltr'><strong>grnueas</strong></span> <span class='ocrx_word' id='word_1_64' title='bbox 275 568 385 592; x_wconf 83' lang='lat' dir='ltr'><strong>vocant.</strong></span> 
     </span>
    </p>
   </div>
   <div class='ocr_carea' id='block_1_11' title="bbox 79 601 833 651">
    <p class='ocr_par' dir='ltr' id='par_1_11' title="bbox 79 601 833 651">
     <span class='ocr_line' id='line_1_11' title="bbox 79 601 833 651; baseline -0.024 -7"><span class='ocrx_word' id='word_1_65' title='bbox 79 601 172 651; x_wconf 46' lang='lat' dir='ltr'><strong>(Ver—5.</strong></span> <span class='ocrx_word' id='word_1_66' title='bbox 192 612 251 647; x_wconf 73' lang='lat'><strong>29.)</strong></span> <span class='ocrx_word' id='word_1_67' title='bbox 276 611 306 638; x_wconf 90' lang='lat' dir='ltr'><strong>In</strong></span> <span class='ocrx_word' id='word_1_68' title='bbox 337 607 503 645; x_wconf 77' lang='lat' dir='ltr'><strong>quibusdam</strong></span> <span class='ocrx_word' id='word_1_69' title='bbox 529 604 671 633; x_wconf 73' lang='lat' dir='ltr'><strong>codicibus</strong></span> <span class='ocrx_word' id='word_1_70' title='bbox 698 601 833 651; x_wconf 67' lang='lat' dir='ltr'><strong>habetur:</strong></span> 
     </span>
    </p>
   </div>
   <div class='ocr_carea' id='block_1_12' title="bbox 52 648 837 697">
    <p class='ocr_par' dir='ltr' id='par_1_12' title="bbox 52 648 837 697">
     <span class='ocr_line' id='line_1_12' title="bbox 52 648 837 697; baseline -0.023 -6"><span class='ocrx_word' id='word_1_71' title='bbox 52 674 60 690; x_wconf 86' lang='grc'><em>‹</em></span> <span class='ocrx_word' id='word_1_72' title='bbox 80 648 170 697; x_wconf 67' lang='lat' dir='ltr'><strong>Super</strong></span> <span class='ocrx_word' id='word_1_73' title='bbox 185 668 266 688; x_wconf 85' lang='lat' dir='ltr'><strong>omne</strong></span> <span class='ocrx_word' id='word_1_74' title='bbox 281 657 388 693; x_wconf 86' lang='lat' dir='ltr'><strong>pondus</strong></span> <span class='ocrx_word' id='word_1_75' title='bbox 401 659 428 683; x_wconf 81' lang='lat' dir='ltr'><strong>et</strong></span> <span class='ocrx_word' id='word_1_76' title='bbox 444 660 603 682; x_wconf 88' lang='lat' dir='ltr'><strong>mensuram</strong></span> <span class='ocrx_word' id='word_1_77' title='bbox 617 660 625 680; x_wconf 85' lang='lat'><strong>:</strong></span> <span class='ocrx_word' id='word_1_78' title='bbox 648 660 656 676; x_wconf 76' lang='grc' dir='ltr'><strong>ι</strong></span> <span class='ocrx_word' id='word_1_79' title='bbox 674 649 722 677; x_wconf 89' lang='lat' dir='ltr'><strong>sed</strong></span> <span class='ocrx_word' id='word_1_80' title='bbox 742 649 767 675; x_wconf 92' lang='lat' dir='ltr'><strong>in</strong></span> <span class='ocrx_word' id='word_1_81' title='bbox 784 648 837 674; x_wconf 82' lang='lat' dir='ltr'><strong>He-</strong></span> 
     </span>
    </p>
   </div>
   <div class='ocr_carea' id='block_1_13' title="bbox 49 698 836 740">
    <p class='ocr_par' dir='ltr' id='par_1_13' title="bbox 49 698 836 740">
     <span class='ocr_line' id='line_1_13' title="bbox 49 698 836 740; baseline -0.023 -1"><span class='ocrx_word' id='word_1_82' title='bbox 49 713 117 738; x_wconf 72' lang='lat' dir='ltr'><strong>braeo</strong></span> <span class='ocrx_word' id='word_1_83' title='bbox 132 710 161 737; x_wconf 90' lang='lat' dir='ltr'><strong>in</strong></span> <span class='ocrx_word' id='word_1_84' title='bbox 181 709 233 735; x_wconf 89' lang='lat' dir='ltr'><strong>hoc</strong></span> <span class='ocrx_word' id='word_1_85' title='bbox 249 706 308 734; x_wconf 85' lang='lat' dir='ltr'><strong>loco</strong></span> <span class='ocrx_word' id='word_1_86' title='bbox 323 704 426 740; x_wconf 77' lang='lat' dir='ltr'><strong>pondus</strong></span> <span class='ocrx_word' id='word_1_87' title='bbox 440 710 493 730; x_wconf 91' lang='lat' dir='ltr'><strong>non</strong></span> <span class='ocrx_word' id='word_1_88' title='bbox 510 701 602 733; x_wconf 85' lang='lat' dir='ltr'><strong>habet,</strong></span> <span class='ocrx_word' id='word_1_89' title='bbox 616 698 663 727; x_wconf 88' lang='lat' dir='ltr'><strong>sed</strong></span> <span class='ocrx_word' id='word_1_90' title='bbox 678 702 836 724; x_wconf 83' lang='lat' dir='ltr'><strong>mensuram</strong></span> 
     </span>
    </p>
   </div>
   <div class='ocr_carea' id='block_1_14' title="bbox 50 745 838 791">
    <p class='ocr_par' dir='ltr' id='par_1_14' title="bbox 50 745 838 791">
     <span class='ocr_line' id='line_1_14' title="bbox 50 745 838 791; baseline -0.023 -6"><span class='ocrx_word' id='word_1_91' title='bbox 50 764 151 786; x_wconf 53' lang='lat' dir='ltr'><strong>tantum</strong></span> <span class='ocrx_word' id='word_1_92' title='bbox 167 755 309 791; x_wconf 77' lang='lat' dir='ltr'><strong>geminato</strong></span> <span class='ocrx_word' id='word_1_93' title='bbox 327 751 441 780; x_wconf 86' lang='lat' dir='ltr'><strong>nomine</strong></span> <span class='ocrx_word' id='word_1_94' title='bbox 467 749 596 784; x_wconf 83' lang='lat' dir='ltr'><strong>positam,</strong></span> <span class='ocrx_word' id='word_1_95' title='bbox 623 745 682 774; x_wconf 84' lang='lat' dir='ltr'><strong>sive</strong></span> <span class='ocrx_word' id='word_1_96' title='bbox 702 751 760 771; x_wconf 91' lang='lat' dir='ltr'><strong>eam</strong></span> <span class='ocrx_word' id='word_1_97' title='bbox 777 748 838 791; x_wconf 74' lang='lat' dir='ltr'><strong>quas</strong></span> 
     </span>
    </p>
   </div>
   <div class='ocr_carea' id='block_1_15' title="bbox 51 790 839 832">
    <p class='ocr_par' dir='ltr' id='par_1_15' title="bbox 51 790 839 832">
     <span class='ocr_line' id='line_1_15' title="bbox 51 790 839 832; baseline -0.022 0"><span class='ocrx_word' id='word_1_98' title='bbox 51 790 180 832; x_wconf 64' lang='lat' dir='ltr'><strong>brachiis</strong></span> <span class='ocrx_word' id='word_1_99' title='bbox 189 806 237 830; x_wconf 80' lang='lat' dir='ltr'><strong>aut</strong></span> <span class='ocrx_word' id='word_1_100' title='bbox 255 800 383 828; x_wconf 73' lang='lat' dir='ltr'><strong>manibus</strong></span> <span class='ocrx_word' id='word_1_101' title='bbox 398 819 406 832; x_wconf 91' lang='lat'><strong>,</strong></span> <span class='ocrx_word' id='word_1_102' title='bbox 431 801 478 824; x_wconf 82' lang='lat' dir='ltr'><strong>aut</strong></span> <span class='ocrx_word' id='word_1_103' title='bbox 495 794 609 822; x_wconf 83' lang='lat' dir='ltr'><strong>funibus</strong></span> <span class='ocrx_word' id='word_1_104' title='bbox 631 791 754 823; x_wconf 88' lang='lat' dir='ltr'><strong>tuetitur,</strong></span> <span class='ocrx_word' id='word_1_105' title='bbox 780 790 839 817; x_wconf 88' lang='lat' dir='ltr'><strong>sive</strong></span> 
     </span>
    </p>
   </div>
   <div class='ocr_carea' id='block_1_16' title="bbox 50 847 292 885">
    <p class='ocr_par' dir='ltr' id='par_1_16' title="bbox 50 847 292 885">
     <span class='ocr_line' id='line_1_16' title="bbox 50 847 292 885; baseline -0.021 -6"><span class='ocrx_word' id='word_1_106' title='bbox 50 859 106 879; x_wconf 74' lang='lat' dir='ltr'><strong>eam</strong></span> <span class='ocrx_word' id='word_1_107' title='bbox 125 856 188 885; x_wconf 67' lang='lat' dir='ltr'><strong>qua</strong></span> <span class='ocrx_word' id='word_1_108' title='bbox 206 847 292 875; x_wconf 72' lang='lat' dir='ltr'><strong>vasis.</strong></span> 
     </span>
    </p>
   </div>
   <div class='ocr_carea' id='block_1_17' title="bbox 82 884 840 932">
    <p class='ocr_par' dir='ltr' id='par_1_17' title="bbox 82 884 840 932">
     <span class='ocr_line' id='line_1_17' title="bbox 82 884 840 932; baseline -0.021 -9"><span class='ocrx_word' id='word_1_109' title='bbox 82 884 162 932; x_wconf 79' lang='lat' dir='ltr'><strong>(Cap.</strong></span> <span class='ocrx_word' id='word_1_110' title='bbox 184 891 283 921; x_wconf 73' lang='lat' dir='ltr'><strong>XXIV.</strong></span> <span class='ocrx_word' id='word_1_111' title='bbox 302 906 337 911; x_wconf 93' lang='lat'><strong>-—</strong></span> <span class='ocrx_word' id='word_1_112' title='bbox 354 889 431 917; x_wconf 79' lang='lat' dir='ltr'><strong>Vcrs.</strong></span> <span class='ocrx_word' id='word_1_113' title='bbox 447 887 487 921; x_wconf 83' lang='lat'><strong>5.)</strong></span> <span class='ocrx_word' id='word_1_114' title='bbox 504 897 513 913; x_wconf 76' lang='grc' dir='ltr'><strong><em>ι</em></strong></span> <span class='ocrx_word' id='word_1_115' title='bbox 541 884 682 932; x_wconf 78' lang='lat' dir='ltr'><strong>Principes</strong></span> <span class='ocrx_word' id='word_1_116' title='bbox 697 886 840 932; x_wconf 62' lang='lat' dir='ltr'><strong>_sanctua-</strong></span> 
     </span>
    </p>
   </div>
   <div class='ocr_carea' id='block_1_18' title="bbox 50 927 840 977">
    <p class='ocr_par' dir='ltr' id='par_1_18' title="bbox 50 927 840 977">
     <span class='ocr_line' id='line_1_18' title="bbox 50 927 840 977; baseline -0.024 -6"><span class='ocrx_word' id='word_1_117' title='bbox 50 927 91 977; x_wconf 58' lang='lat' dir='ltr'><strong>rEi;</strong></span> <span class='ocrx_word' id='word_1_118' title='bbox 108 927 159 969; x_wconf 82' lang='lat' dir='ltr'><strong>lilii</strong></span> <span class='ocrx_word' id='word_1_119' title='bbox 182 940 317 971; x_wconf 79' lang='lat' dir='ltr'><strong>Ithamar;</strong></span> <span class='ocrx_word' id='word_1_120' title='bbox 342 934 481 972; x_wconf 75' lang='lat' dir='ltr'><strong>principes</strong></span> <span class='ocrx_word' id='word_1_121' title='bbox 496 932 554 964; x_wconf 86' lang='lat' dir='ltr'><strong>Dei,</strong></span> <span class='ocrx_word' id='word_1_122' title='bbox 569 931 602 959; x_wconf 92' lang='lat' dir='ltr'><strong>de</strong></span> <span class='ocrx_word' id='word_1_123' title='bbox 619 927 817 977; x_wconf 68' lang='lat' dir='ltr'><strong>filiis—Eleazari</strong></span> <span class='ocrx_word' id='word_1_124' title='bbox 832 934 840 954; x_wconf 86' lang='lat'><strong>:</strong></span> 
     </span>
    </p>
   </div>
   <div class='ocr_carea' id='block_1_19' title="bbox 886 323 1165 356">
    <p class='ocr_par' dir='ltr' id='par_1_19' title="bbox 886 323 1165 356">
     <span class='ocr_line' id='line_1_19' title="bbox 886 323 1165 356; baseline -0.004 -7"><span class='ocrx_word' id='word_1_125' title='bbox 886 323 951 349; x_wconf 92' lang='lat' dir='ltr'><strong>mini</strong></span> <span class='ocrx_word' id='word_1_126' title='bbox 969 327 1097 356; x_wconf 81' lang='lat' dir='ltr'><strong>expertus</strong></span> <span class='ocrx_word' id='word_1_127' title='bbox 1113 326 1165 349; x_wconf 85' lang='lat' dir='ltr'><strong>est.</strong></span> 
     </span>
    </p>
   </div>
   <div class='ocr_carea' id='block_1_20' title="bbox 923 366 1673 404">
    <p class='ocr_par' dir='ltr' id='par_1_20' title="bbox 923 366 1673 404">
     <span class='ocr_line' id='line_1_20' title="bbox 923 366 1673 404; baseline 0.001 -9"><span class='ocrx_word' id='word_1_128' title='bbox 923 368 1012 399; x_wconf 81' lang='lat' dir='ltr'><strong>(Vers.</strong></span> <span class='ocrx_word' id='word_1_129' title='bbox 1024 368 1081 402; x_wconf 67' lang='lat' dir='ltr'><strong>3H.)</strong></span> <span class='ocrx_word' id='word_1_130' title='bbox 1098 377 1107 393; x_wconf 76' lang='grc' dir='ltr'>ι</span> <span class='ocrx_word' id='word_1_131' title='bbox 1124 368 1152 394; x_wconf 91' lang='lat' dir='ltr'><strong>lu</strong></span> <span class='ocrx_word' id='word_1_132' title='bbox 1165 367 1243 394; x_wconf 88' lang='lat' dir='ltr'><strong>fastis</strong></span> <span class='ocrx_word' id='word_1_133' title='bbox 1259 366 1330 404; x_wconf 75' lang='lat' dir='ltr'><strong>regis</strong></span> <span class='ocrx_word' id='word_1_134' title='bbox 1348 366 1451 400; x_wconf 79' lang='lat' dir='ltr'><strong>David;</strong></span> <span class='ocrx_word' id='word_1_135' title='bbox 1469 377 1477 393; x_wconf 70' lang='grc' dir='ltr'>ι</span> <span class='ocrx_word' id='word_1_136' title='bbox 1497 368 1560 403; x_wconf 88' lang='lat' dir='ltr'><strong>qttia</strong></span> <span class='ocrx_word' id='word_1_137' title='bbox 1576 377 1673 404; x_wconf 74' lang='lat' dir='ltr'><strong>super-</strong></span> 
     </span>
    </p>
   </div>
   <div class='ocr_carea' id='block_1_21' title="bbox 886 414 1671 448">
    <p class='ocr_par' dir='ltr' id='par_1_21' title="bbox 886 414 1671 448">
     <span class='ocr_line' id='line_1_21' title="bbox 886 414 1671 448; baseline 0.004 -8"><span class='ocrx_word' id='word_1_138' title='bbox 886 414 1011 442; x_wconf 82' lang='lat' dir='ltr'><strong>veniente</strong></span> <span class='ocrx_word' id='word_1_139' title='bbox 1042 414 1229 448; x_wconf 62' lang='lat' dir='ltr'><strong>indignatione</strong></span> <span class='ocrx_word' id='word_1_140' title='bbox 1258 414 1325 447; x_wconf 81' lang='lat' dir='ltr'><strong>Dei,</strong></span> <span class='ocrx_word' id='word_1_141' title='bbox 1347 414 1438 441; x_wconf 87' lang='lat' dir='ltr'><strong>omnis</strong></span> <span class='ocrx_word' id='word_1_142' title='bbox 1465 415 1516 442; x_wconf 79' lang='lat' dir='ltr'><strong>iste</strong></span> <span class='ocrx_word' id='word_1_143' title='bbox 1539 424 1671 444; x_wconf 84' lang='lat' dir='ltr'><strong>numerus</strong></span> 
     </span>
    </p>
   </div>
   <div class='ocr_carea' id='block_1_22' title="bbox 887 461 1672 497">
    <p class='ocr_par' dir='ltr' id='par_1_22' title="bbox 887 461 1672 497">
     <span class='ocr_line' id='line_1_22' title="bbox 887 461 1672 497; baseline 0.003 -9"><span class='ocrx_word' id='word_1_144' title='bbox 887 461 1067 488; x_wconf 81' lang='lat' dir='ltr'><strong>corturbatus</strong></span> <span class='ocrx_word' id='word_1_145' title='bbox 1085 465 1138 493; x_wconf 87' lang='lat' dir='ltr'><strong>est,</strong></span> <span class='ocrx_word' id='word_1_146' title='bbox 1154 466 1181 488; x_wconf 91' lang='lat' dir='ltr'><strong>et</strong></span> <span class='ocrx_word' id='word_1_147' title='bbox 1197 469 1249 488; x_wconf 91' lang='lat' dir='ltr'><strong>non</strong></span> <span class='ocrx_word' id='word_1_148' title='bbox 1264 461 1375 488; x_wconf 87' lang='lat' dir='ltr'><strong>fuerunt</strong></span> <span class='ocrx_word' id='word_1_149' title='bbox 1395 461 1532 489; x_wconf 87' lang='lat' dir='ltr'><strong>distributi</strong></span> <span class='ocrx_word' id='word_1_150' title='bbox 1559 471 1606 497; x_wconf 83' lang='lat' dir='ltr'><strong>per</strong></span> <span class='ocrx_word' id='word_1_151' title='bbox 1622 464 1672 491; x_wconf 88' lang='lat' dir='ltr'><strong>mi-</strong></span> 
     </span>
    </p>
   </div>
   <div class='ocr_carea' id='block_1_23' title="bbox 887 507 1378 543">
    <p class='ocr_par' dir='ltr' id='par_1_23' title="bbox 887 507 1378 543">
     <span class='ocr_line' id='line_1_23' title="bbox 887 507 1378 543; baseline 0.002 -9"><span class='ocrx_word' id='word_1_152' title='bbox 887 508 1010 537; x_wconf 67' lang='lat' dir='ltr'><strong>nisteria,</strong></span> <span class='ocrx_word' id='word_1_153' title='bbox 1026 514 1114 540; x_wconf 78' lang='lat' dir='ltr'><strong>neque</strong></span> <span class='ocrx_word' id='word_1_154' title='bbox 1127 507 1159 533; x_wconf 87' lang='lat' dir='ltr'><strong>ad</strong></span> <span class='ocrx_word' id='word_1_155' title='bbox 1176 508 1264 543; x_wconf 84' lang='lat' dir='ltr'><strong>aliqua</strong></span> <span class='ocrx_word' id='word_1_156' title='bbox 1279 507 1378 535; x_wconf 83' lang='lat' dir='ltr'><strong>oflicia.</strong></span> 
     </span>
    </p>
   </div>
   <div class='ocr_carea' id='block_1_24' title="bbox 925 554 1673 590">
    <p class='ocr_par' dir='ltr' id='par_1_24' title="bbox 925 554 1673 590">
     <span class='ocr_line' id='line_1_24' title="bbox 925 554 1673 590; baseline 0.004 -9"><span class='ocrx_word' id='word_1_157' title='bbox 925 554 1013 587; x_wconf 74' lang='lat' dir='ltr'><strong>(Yars.</strong></span> <span class='ocrx_word' id='word_1_158' title='bbox 1032 554 1089 588; x_wconf 72' lang='lat'><strong>25.)</strong></span> <span class='ocrx_word' id='word_1_159' title='bbox 1109 564 1119 580; x_wconf 84' lang='grc'><strong><em>‹</em></strong></span> <span class='ocrx_word' id='word_1_160' title='bbox 1138 554 1187 582; x_wconf 82' lang='lat' dir='ltr'><strong>His</strong></span> <span class='ocrx_word' id='word_1_161' title='bbox 1204 560 1294 582; x_wconf 82' lang='lat' dir='ltr'><strong>autem</strong></span> <span class='ocrx_word' id='word_1_162' title='bbox 1311 554 1459 586; x_wconf 71' lang='lat' dir='ltr'><strong>thesauris,</strong></span> <span class='ocrx_word' id='word_1_163' title='bbox 1481 556 1528 590; x_wconf 89' lang='lat' dir='ltr'><strong>qui</strong></span> <span class='ocrx_word' id='word_1_164' title='bbox 1551 560 1629 583; x_wconf 89' lang='lat' dir='ltr'><strong>erant</strong></span> <span class='ocrx_word' id='word_1_165' title='bbox 1647 557 1673 584; x_wconf 83' lang='lat' dir='ltr'><strong>in</strong></span> 
     </span>
    </p>
   </div>
   <div class='ocr_carea' id='block_1_25' title="bbox 889 598 1674 638">
    <p class='ocr_par' dir='ltr' id='par_1_25' title="bbox 889 598 1674 638">
     <span class='ocr_line' id='line_1_25' title="bbox 889 598 1674 638; baseline 0.003 -9"><span class='ocrx_word' id='word_1_166' title='bbox 889 601 1014 629; x_wconf 80' lang='lat' dir='ltr'><strong>urbibus.</strong></span> <span class='ocrx_word' id='word_1_167' title='bbox 1036 611 1044 628; x_wconf 74' lang='grc' dir='ltr'>ι</span> <span class='ocrx_word' id='word_1_168' title='bbox 1064 601 1223 630; x_wconf 80' lang='lat' dir='ltr'><strong>Thesauros</strong></span> <span class='ocrx_word' id='word_1_169' title='bbox 1241 601 1268 628; x_wconf 91' lang='lat' dir='ltr'><strong>in</strong></span> <span class='ocrx_word' id='word_1_170' title='bbox 1284 601 1336 628; x_wconf 91' lang='lat' dir='ltr'><strong>hoc</strong></span> <span class='ocrx_word' id='word_1_171' title='bbox 1351 602 1421 633; x_wconf 90' lang='lat' dir='ltr'><strong>loco,</strong></span> <span class='ocrx_word' id='word_1_172' title='bbox 1442 609 1495 629; x_wconf 92' lang='lat' dir='ltr'><strong>non</strong></span> <span class='ocrx_word' id='word_1_173' title='bbox 1514 598 1601 630; x_wconf 84' lang='lat' dir='ltr'><strong>solum</strong></span> <span class='ocrx_word' id='word_1_174' title='bbox 1627 612 1674 638; x_wconf 88' lang='lat' dir='ltr'><strong>pc—</strong></span> 
     </span>
    </p>
   </div>
   <div class='ocr_carea' id='block_1_26' title="bbox 889 649 1580 682">
    <p class='ocr_par' dir='ltr' id='par_1_26' title="bbox 889 649 1580 682">
     <span class='ocr_line' id='line_1_26' title="bbox 889 649 1580 682; baseline 0.001 -6"><span class='ocrx_word' id='word_1_175' title='bbox 889 649 1010 682; x_wconf 89' lang='lat' dir='ltr'><strong>cuniatn,</strong></span> <span class='ocrx_word' id='word_1_176' title='bbox 1030 649 1076 676; x_wconf 86' lang='lat' dir='ltr'><strong>sed</strong></span> <span class='ocrx_word' id='word_1_177' title='bbox 1092 653 1118 676; x_wconf 92' lang='lat' dir='ltr'><strong>et</strong></span> <span class='ocrx_word' id='word_1_178' title='bbox 1134 656 1228 676; x_wconf 81' lang='lat' dir='ltr'><strong>omnes</strong></span> <span class='ocrx_word' id='word_1_179' title='bbox 1244 649 1424 676; x_wconf 73' lang='lat' dir='ltr'><strong>substantiam</strong></span> <span class='ocrx_word' id='word_1_180' title='bbox 1446 649 1580 677; x_wconf 83' lang='lat' dir='ltr'><strong>nominat.</strong></span> 
     </span>
    </p>
   </div>
   <div class='ocr_carea' id='block_1_27' title="bbox 928 694 1676 731">
    <p class='ocr_par' dir='ltr' id='par_1_27' title="bbox 928 694 1676 731">
     <span class='ocr_line' id='line_1_27' title="bbox 928 694 1676 731; baseline 0.001 -9"><span class='ocrx_word' id='word_1_181' title='bbox 928 695 1017 730; x_wconf 82' lang='lat' dir='ltr'><strong>(Vers.</strong></span> <span class='ocrx_word' id='word_1_182' title='bbox 1046 696 1104 730; x_wconf 52' lang='grc' dir='ltr'><strong>δὲ.)</strong></span> <span class='ocrx_word' id='word_1_183' title='bbox 1135 704 1145 722; x_wconf 77' lang='lat' dir='ltr'><strong>t</strong></span> <span class='ocrx_word' id='word_1_184' title='bbox 1177 694 1314 722; x_wconf 79' lang='lat' dir='ltr'><strong>Jonathan</strong></span> <span class='ocrx_word' id='word_1_185' title='bbox 1342 700 1431 722; x_wconf 87' lang='lat' dir='ltr'><strong>atttem</strong></span> <span class='ocrx_word' id='word_1_186' title='bbox 1459 701 1573 731; x_wconf 82' lang='lat' dir='ltr'><strong>patruus</strong></span> <span class='ocrx_word' id='word_1_187' title='bbox 1592 696 1676 724; x_wconf 82' lang='lat' dir='ltr'><strong>David</strong></span> 
     </span>
    </p>
   </div>
   <div class='ocr_carea' id='block_1_28' title="bbox 890 741 1677 777">
    <p class='ocr_par' dir='ltr' id='par_1_28' title="bbox 890 741 1677 777">
     <span class='ocr_line' id='line_1_28' title="bbox 890 741 1677 777; baseline 0 -7"><span class='ocrx_word' id='word_1_188' title='bbox 890 742 1065 771; x_wconf 72' lang='lat' dir='ltr'><strong>consiliarius</strong></span> <span class='ocrx_word' id='word_1_189' title='bbox 1079 752 1088 768; x_wconf 75' lang='grc' dir='ltr'>ι</span> <span class='ocrx_word' id='word_1_190' title='bbox 1108 742 1166 777; x_wconf 87' lang='lat' dir='ltr'><strong>ipse</strong></span> <span class='ocrx_word' id='word_1_191' title='bbox 1187 746 1230 770; x_wconf 89' lang='lat' dir='ltr'><strong>est</strong></span> <span class='ocrx_word' id='word_1_192' title='bbox 1252 741 1360 769; x_wconf 79' lang='lat' dir='ltr'><strong>Natban</strong></span> <span class='ocrx_word' id='word_1_193' title='bbox 1391 743 1536 777; x_wconf 82' lang='lat' dir='ltr'><strong>propheta.</strong></span> <span class='ocrx_word' id='word_1_194' title='bbox 1559 743 1677 771; x_wconf 77' lang='lat' dir='ltr'><strong>Patruus</strong></span> 
     </span>
    </p>
   </div>
   <div class='ocr_carea' id='block_1_29' title="bbox 891 788 1606 823">
    <p class='ocr_par' dir='ltr' id='par_1_29' title="bbox 891 788 1606 823">
     <span class='ocr_line' id='line_1_29' title="bbox 891 788 1606 823; baseline 0 -8"><span class='ocrx_word' id='word_1_195' title='bbox 891 796 957 816; x_wconf 88' lang='lat' dir='ltr'><strong>vero</strong></span> <span class='ocrx_word' id='word_1_196' title='bbox 974 788 1087 816; x_wconf 87' lang='lat' dir='ltr'><strong>honoris</strong></span> <span class='ocrx_word' id='word_1_197' title='bbox 1102 792 1129 816; x_wconf 85' lang='lat' dir='ltr'><strong>et</strong></span> <span class='ocrx_word' id='word_1_198' title='bbox 1144 788 1358 823; x_wconf 71' lang='lat' dir='ltr'><strong>propinquitatis</strong></span> <span class='ocrx_word' id='word_1_199' title='bbox 1381 796 1465 817; x_wconf 81' lang='lat' dir='ltr'><strong>causa</strong></span> <span class='ocrx_word' id='word_1_200' title='bbox 1481 793 1606 816; x_wconf 90' lang='lat' dir='ltr'><strong>vocatur.</strong></span> 
     </span>
    </p>
   </div>
   <div class='ocr_carea' id='block_1_30' title="bbox 927 834 1679 870">
    <p class='ocr_par' dir='ltr' id='par_1_30' title="bbox 927 834 1679 870">
     <span class='ocr_line' id='line_1_30' title="bbox 927 834 1679 870; baseline -0.001 -7"><span class='ocrx_word' id='word_1_201' title='bbox 927 835 1019 870; x_wconf 87' lang='lat' dir='ltr'><strong>(lbid.)</strong></span> <span class='ocrx_word' id='word_1_202' title='bbox 1036 844 1045 861; x_wconf 87' lang='grc'><strong><em>‹</em></strong></span> <span class='ocrx_word' id='word_1_203' title='bbox 1070 834 1158 862; x_wconf 84' lang='lat' dir='ltr'><strong>Jahiel</strong></span> <span class='ocrx_word' id='word_1_204' title='bbox 1188 835 1257 862; x_wconf 81' lang='lat' dir='ltr'><strong>ﬁlius</strong></span> <span class='ocrx_word' id='word_1_205' title='bbox 1275 835 1425 862; x_wconf 77' lang='lat' dir='ltr'><strong>Achamoni</strong></span> <span class='ocrx_word' id='word_1_206' title='bbox 1448 840 1506 863; x_wconf 91' lang='lat' dir='ltr'><strong>erat</strong></span> <span class='ocrx_word' id='word_1_207' title='bbox 1524 843 1585 862; x_wconf 92' lang='lat' dir='ltr'><strong>cum</strong></span> <span class='ocrx_word' id='word_1_208' title='bbox 1616 835 1679 862; x_wconf 84' lang='lat' dir='ltr'><strong>ﬁliis</strong></span> 
     </span>
    </p>
   </div>
   <div class='ocr_carea' id='block_1_31' title="bbox 894 881 1678 917">
    <p class='ocr_par' dir='ltr' id='par_1_31' title="bbox 894 881 1678 917">
     <span class='ocr_line' id='line_1_31' title="bbox 894 881 1678 917; baseline 0 -9"><span class='ocrx_word' id='word_1_209' title='bbox 894 882 977 916; x_wconf 76' lang='lat' dir='ltr'><strong>regis.</strong></span> <span class='ocrx_word' id='word_1_210' title='bbox 996 891 1005 908; x_wconf 70' lang='grc' dir='ltr'>ι</span> <span class='ocrx_word' id='word_1_211' title='bbox 1025 882 1079 909; x_wconf 89' lang='lat' dir='ltr'><strong>Iste</strong></span> <span class='ocrx_word' id='word_1_212' title='bbox 1090 881 1178 909; x_wconf 88' lang='lat' dir='ltr'><strong>Jahiel</strong></span> <span class='ocrx_word' id='word_1_213' title='bbox 1199 886 1241 908; x_wconf 87' lang='lat' dir='ltr'><strong>est</strong></span> <span class='ocrx_word' id='word_1_214' title='bbox 1257 881 1328 908; x_wconf 86' lang='lat' dir='ltr'><strong>filius</strong></span> <span class='ocrx_word' id='word_1_215' title='bbox 1347 882 1441 914; x_wconf 83' lang='lat' dir='ltr'><strong>David,</strong></span> <span class='ocrx_word' id='word_1_216' title='bbox 1459 883 1505 917; x_wconf 89' lang='lat' dir='ltr'><strong>qui</strong></span> <span class='ocrx_word' id='word_1_217' title='bbox 1527 882 1554 909; x_wconf 92' lang='lat' dir='ltr'><strong>in</strong></span> <span class='ocrx_word' id='word_1_218' title='bbox 1574 882 1678 916; x_wconf 82' lang='lat' dir='ltr'><strong>Regum</strong></span> 
     </span>
    </p>
   </div>
   <div class='ocr_carea' id='block_1_32' title="bbox 893 927 1680 965">
    <p class='ocr_par' dir='ltr' id='par_1_32' title="bbox 893 927 1680 965">
     <span class='ocr_line' id='line_1_32' title="bbox 893 927 1680 965; baseline 0.003 -11"><span class='ocrx_word' id='word_1_219' title='bbox 893 927 989 955; x_wconf 85' lang='lat' dir='ltr'><strong>Chilab</strong></span> <span class='ocrx_word' id='word_1_220' title='bbox 1000 928 1168 955; x_wconf 88' lang='lat' dir='ltr'><strong>nominatur.</strong></span> <span class='ocrx_word' id='word_1_221' title='bbox 1182 928 1346 961; x_wconf 79' lang='lat' dir='ltr'><strong>Achamoni,</strong></span> <span class='ocrx_word' id='word_1_222' title='bbox 1367 929 1579 962; x_wconf 77' lang='lat' dir='ltr'><strong>sapientissimus</strong></span> <span class='ocrx_word' id='word_1_223' title='bbox 1598 937 1606 958; x_wconf 87' lang='lat'><strong>:</strong></span> <span class='ocrx_word' id='word_1_224' title='bbox 1621 929 1680 965; x_wconf 78' lang='lat' dir='ltr'><strong>ipse</strong></span> 
     </span>
    </p>
   </div>
   <div class='ocr_carea' id='block_1_33' title="bbox 50 964 1047 1025">
    <p class='ocr_par' dir='ltr' id='par_1_33' title="bbox 50 964 1047 1025">
     <span class='ocr_line' id='line_1_33' title="bbox 50 964 1047 1025; baseline -0.016 -8"><span class='ocrx_word' id='word_1_225' title='bbox 50 964 392 1025; x_wconf 38' lang='lat' dir='ltr'><strong>principes-sacerdotum</strong></span> <span class='ocrx_word' id='word_1_226' title='bbox 417 964 450 1008; x_wconf 76' lang='lat' dir='ltr'><strong>de</strong></span> <span class='ocrx_word' id='word_1_227' title='bbox 479 979 602 1006; x_wconf 82' lang='lat' dir='ltr'><strong>Eleazar.</strong></span> <span class='ocrx_word' id='word_1_228' title='bbox 634 985 643 1002; x_wconf 76' lang='grc' dir='ltr'><strong><em>ι</em></strong></span> <span class='ocrx_word' id='word_1_229' title='bbox 730 974 839 1025; x_wconf 73' lang='lat' dir='ltr'><strong>idcirco</strong></span> <span class='ocrx_word' id='word_1_230' title='bbox 858 964 878 990; x_wconf 70' lang='grc' dir='ltr'><strong>Β</strong></span> <span class='ocrx_word' id='word_1_231' title='bbox 893 975 1047 1025; x_wconf 54' lang='lat' dir='ltr'><strong>estPavid:</strong></span> 
     </span>
    </p>
   </div>
   <div class='ocr_carea' id='block_1_34' title="bbox 52 1019 840 1072">
    <p class='ocr_par' dir='ltr' id='par_1_34' title="bbox 52 1019 840 1072">
     <span class='ocr_line' id='line_1_34' title="bbox 52 1019 840 1072; baseline -0.025 -7"><span class='ocrx_word' id='word_1_232' title='bbox 52 1019 191 1072; x_wconf 71' lang='lat' dir='ltr'><strong>principes</strong></span> <span class='ocrx_word' id='word_1_233' title='bbox 202 1032 251 1061; x_wconf 88' lang='lat' dir='ltr'><strong>Dei</strong></span> <span class='ocrx_word' id='word_1_234' title='bbox 265 1031 395 1058; x_wconf 85' lang='lat' dir='ltr'><strong>dicuntur</strong></span> <span class='ocrx_word' id='word_1_235' title='bbox 409 1026 546 1063; x_wconf 79' lang='lat' dir='ltr'><strong>principes</strong></span> <span class='ocrx_word' id='word_1_236' title='bbox 558 1021 709 1051; x_wconf 74' lang='lat' dir='ltr'><strong>sanctuarii</strong></span> <span class='ocrx_word' id='word_1_237' title='bbox 723 1020 755 1048; x_wconf 91' lang='lat' dir='ltr'><strong>de</strong></span> <span class='ocrx_word' id='word_1_238' title='bbox 770 1019 840 1046; x_wconf 71' lang='lat' dir='ltr'><strong>Itha-</strong></span> 
     </span>
    </p>
   </div>
   <div class='ocr_carea' id='block_1_35' title="bbox 52 1074 487 1115">
    <p class='ocr_par' dir='ltr' id='par_1_35' title="bbox 52 1074 487 1115">
     <span class='ocr_line' id='line_1_35' title="bbox 52 1074 487 1115; baseline -0.025 -5"><span class='ocrx_word' id='word_1_239' title='bbox 52 1090 122 1113; x_wconf 89' lang='lat' dir='ltr'><strong>mar,</strong></span> <span class='ocrx_word' id='word_1_240' title='bbox 133 1080 203 1115; x_wconf 79' lang='lat' dir='ltr'><strong>quia</strong></span> <span class='ocrx_word' id='word_1_241' title='bbox 220 1078 257 1105; x_wconf 86' lang='lat' dir='ltr'><strong>ibi</strong></span> <span class='ocrx_word' id='word_1_242' title='bbox 280 1074 487 1104; x_wconf 80' lang='lat' dir='ltr'><strong>ministrabant.</strong></span> 
     </span>
    </p>
   </div>
   <div class='ocr_carea' id='block_1_36' title="bbox 84 1116 843 1163">
    <p class='ocr_par' dir='ltr' id='par_1_36' title="bbox 84 1116 843 1163">
     <span class='ocr_line' id='line_1_36' title="bbox 84 1116 843 1163; baseline -0.022 -8"><span class='ocrx_word' id='word_1_243' title='bbox 84 1127 179 1163; x_wconf 60' lang='lat' dir='ltr'><strong>(Vera.</strong></span> <span class='ocrx_word' id='word_1_244' title='bbox 194 1125 251 1159; x_wconf 83' lang='lat' dir='ltr'><strong>I6.)</strong></span> <span class='ocrx_word' id='word_1_245' title='bbox 272 1132 282 1149; x_wconf 73' lang='grc' dir='ltr'><strong><em>ι</em></strong></span> <span class='ocrx_word' id='word_1_246' title='bbox 299 1121 434 1150; x_wconf 83' lang='lat' dir='ltr'><strong>Vicesima</strong></span> <span class='ocrx_word' id='word_1_247' title='bbox 451 1116 575 1146; x_wconf 78' lang='lat' dir='ltr'><strong>Ezechiel</strong></span> <span class='ocrx_word' id='word_1_248' title='bbox 590 1124 597 1148; x_wconf 87' lang='lat'><strong>;</strong></span> <span class='ocrx_word' id='word_1_249' title='bbox 616 1124 626 1142; x_wconf 75' lang='grc' dir='ltr'><strong><em>ι</em></strong></span> <span class='ocrx_word' id='word_1_250' title='bbox 640 1123 654 1142; x_wconf 84' lang='lat' dir='ltr'><strong>a</strong></span> <span class='ocrx_word' id='word_1_251' title='bbox 675 1122 728 1150; x_wconf 84' lang='lat' dir='ltr'><strong>qua</strong></span> <span class='ocrx_word' id='word_1_252' title='bbox 743 1120 843 1147; x_wconf 80' lang='lat' dir='ltr'><strong>cogno-</strong></span> 
     </span>
    </p>
   </div>
   <div class='ocr_carea' id='block_1_37' title="bbox 50 1163 614 1202">
    <p class='ocr_par' dir='ltr' id='par_1_37' title="bbox 50 1163 614 1202">
     <span class='ocr_line' id='line_1_37' title="bbox 50 1163 614 1202; baseline -0.025 0"><span class='ocrx_word' id='word_1_253' title='bbox 50 1183 112 1202; x_wconf 86' lang='lat' dir='ltr'><strong>men</strong></span> <span class='ocrx_word' id='word_1_254' title='bbox 131 1172 251 1201; x_wconf 75' lang='lat' dir='ltr'><strong>sortitus</strong></span> <span class='ocrx_word' id='word_1_255' title='bbox 269 1175 310 1197; x_wconf 89' lang='lat' dir='ltr'><strong>est</strong></span> <span class='ocrx_word' id='word_1_256' title='bbox 326 1166 454 1194; x_wconf 66' lang='lat' dir='ltr'><strong>Ezcchiel</strong></span> <span class='ocrx_word' id='word_1_257' title='bbox 471 1163 614 1200; x_wconf 84' lang='lat' dir='ltr'><strong>propheta.</strong></span> 
     </span>
    </p>
   </div>
   <div class='ocr_carea' id='block_1_38' title="bbox 84 1203 844 1255">
    <p class='ocr_par' dir='ltr' id='par_1_38' title="bbox 84 1203 844 1255">
     <span class='ocr_line' id='line_1_38' title="bbox 84 1203 844 1255; baseline -0.024 -7"><span class='ocrx_word' id='word_1_258' title='bbox 84 1219 182 1255; x_wconf 75' lang='lat' dir='ltr'><strong>(Vers.</strong></span> <span class='ocrx_word' id='word_1_259' title='bbox 200 1217 258 1251; x_wconf 74' lang='lat'><strong>22.)</strong></span> <span class='ocrx_word' id='word_1_260' title='bbox 278 1225 287 1242; x_wconf 74' lang='grc' dir='ltr'>ι</span> <span class='ocrx_word' id='word_1_261' title='bbox 318 1213 459 1242; x_wconf 87' lang='lat' dir='ltr'><strong>Salomoth</strong></span> <span class='ocrx_word' id='word_1_262' title='bbox 486 1210 520 1238; x_wconf 89' lang='lat' dir='ltr'><strong>de</strong></span> <span class='ocrx_word' id='word_1_263' title='bbox 546 1209 609 1237; x_wconf 87' lang='lat' dir='ltr'><strong>filiis</strong></span> <span class='ocrx_word' id='word_1_264' title='bbox 628 1207 744 1255; x_wconf 79' lang='lat' dir='ltr'><strong>lssahar.</strong></span> <span class='ocrx_word' id='word_1_265' title='bbox 766 1213 776 1232; x_wconf 76' lang='grc' dir='ltr'><strong><em>ι</em></strong></span> <span class='ocrx_word' id='word_1_266' title='bbox 791 1203 844 1231; x_wconf 87' lang='lat' dir='ltr'><strong>Su-</strong></span> 
     </span>
    </p>
   </div>
   <div class='ocr_carea' id='block_1_39' title="bbox 50 1254 845 1302">
    <p class='ocr_par' dir='ltr' id='par_1_39' title="bbox 50 1254 845 1302">
     <span class='ocr_line' id='line_1_39' title="bbox 50 1254 845 1302; baseline -0.021 -8"><span class='ocrx_word' id='word_1_267' title='bbox 50 1254 148 1302; x_wconf 80' lang='lat' dir='ltr'><strong>perius</strong></span> <span class='ocrx_word' id='word_1_268' title='bbox 162 1265 271 1300; x_wconf 83' lang='lat' dir='ltr'><strong>generis</strong></span> <span class='ocrx_word' id='word_1_269' title='bbox 292 1259 431 1288; x_wconf 80' lang='lat' dir='ltr'><strong>feminini.</strong></span> <span class='ocrx_word' id='word_1_270' title='bbox 450 1256 591 1285; x_wconf 82' lang='lat' dir='ltr'><strong>Salomoth</strong></span> <span class='ocrx_word' id='word_1_271' title='bbox 609 1262 673 1282; x_wconf 85' lang='lat' dir='ltr'><strong>vero</strong></span> <span class='ocrx_word' id='word_1_272' title='bbox 686 1254 712 1281; x_wconf 92' lang='lat' dir='ltr'><strong>in</strong></span> <span class='ocrx_word' id='word_1_273' title='bbox 727 1259 845 1287; x_wconf 87' lang='lat' dir='ltr'><strong>sequen-</strong></span> 
     </span>
    </p>
   </div>
   <div class='ocr_carea' id='block_1_40' title="bbox 50 1306 421 1346">
    <p class='ocr_par' dir='ltr' id='par_1_40' title="bbox 50 1306 421 1346">
     <span class='ocr_line' id='line_1_40' title="bbox 50 1306 421 1346; baseline -0.024 -6"><span class='ocrx_word' id='word_1_274' title='bbox 50 1313 124 1340; x_wconf 62' lang='lat' dir='ltr'><strong>tibus</strong></span> <span class='ocrx_word' id='word_1_275' title='bbox 141 1309 251 1346; x_wconf 71' lang='lat' dir='ltr'><strong>generis</strong></span> <span class='ocrx_word' id='word_1_276' title='bbox 267 1306 421 1335; x_wconf 86' lang='lat' dir='ltr'><strong>masculini.</strong></span> 
     </span>
    </p>
   </div>
   <div class='ocr_carea' id='block_1_41' title="bbox 85 1343 846 1393">
    <p class='ocr_par' dir='ltr' id='par_1_41' title="bbox 85 1343 846 1393">
     <span class='ocr_line' id='line_1_41' title="bbox 85 1343 846 1393; baseline -0.021 -7"><span class='ocrx_word' id='word_1_277' title='bbox 85 1343 182 1393; x_wconf 57' lang='lat' dir='ltr'><strong>(Veis.</strong></span> <span class='ocrx_word' id='word_1_278' title='bbox 208 1354 266 1388; x_wconf 75' lang='lat'><strong>26.)</strong></span> <span class='ocrx_word' id='word_1_279' title='bbox 289 1363 298 1379; x_wconf 76' lang='grc' dir='ltr'>ι</span> <span class='ocrx_word' id='word_1_280' title='bbox 316 1352 380 1380; x_wconf 84' lang='lat' dir='ltr'><strong>Filii</strong></span> <span class='ocrx_word' id='word_1_281' title='bbox 403 1349 500 1377; x_wconf 68' lang='lat' dir='ltr'><strong>hlerari</strong></span> <span class='ocrx_word' id='word_1_282' title='bbox 525 1346 665 1376; x_wconf 78' lang='lat' dir='ltr'><strong>Jaaliahu.</strong></span> <span class='ocrx_word' id='word_1_283' title='bbox 684 1354 694 1372; x_wconf 73' lang='grc' dir='ltr'><strong><em>ι</em></strong></span> <span class='ocrx_word' id='word_1_284' title='bbox 711 1344 767 1393; x_wconf 70' lang='lat' dir='ltr'><strong>llic</strong></span> <span class='ocrx_word' id='word_1_285' title='bbox 781 1343 846 1393; x_wconf 58' lang='lat' dir='ltr'><strong>.laa-</strong></span> 
     </span>
    </p>
   </div>
   <div class='ocr_carea' id='block_1_42' title="bbox 51 1390 844 1435">
    <p class='ocr_par' dir='ltr' id='par_1_42' title="bbox 51 1390 844 1435">
     <span class='ocr_line' id='line_1_42' title="bbox 51 1390 844 1435; baseline -0.021 -2"><span class='ocrx_word' id='word_1_286' title='bbox 51 1390 135 1434; x_wconf 74' lang='lat' dir='ltr'><strong>ziahu</strong></span> <span class='ocrx_word' id='word_1_287' title='bbox 153 1424 162 1435; x_wconf 83' lang='lat'><strong>.</strong></span> <span class='ocrx_word' id='word_1_288' title='bbox 184 1403 212 1430; x_wconf 93' lang='lat' dir='ltr'><strong>in</strong></span> <span class='ocrx_word' id='word_1_289' title='bbox 246 1399 376 1427; x_wconf 85' lang='lat' dir='ltr'><strong>vicesima</strong></span> <span class='ocrx_word' id='word_1_290' title='bbox 405 1399 502 1431; x_wconf 91' lang='lat' dir='ltr'><strong>quarta</strong></span> <span class='ocrx_word' id='word_1_291' title='bbox 532 1392 677 1421; x_wconf 81' lang='lat' dir='ltr'><strong>Maaziahu</strong></span> <span class='ocrx_word' id='word_1_292' title='bbox 703 1390 844 1418; x_wconf 74' lang='lat' dir='ltr'><strong>scribitur.</strong></span> 
     </span>
    </p>
   </div>
   <div class='ocr_carea' id='block_1_43' title="bbox 52 1435 845 1479">
    <p class='ocr_par' dir='ltr' id='par_1_43' title="bbox 52 1435 845 1479">
     <span class='ocr_line' id='line_1_43' title="bbox 52 1435 845 1479; baseline -0.02 -2"><span class='ocrx_word' id='word_1_293' title='bbox 52 1449 200 1477; x_wconf 81' lang='lat' dir='ltr'><strong>Maaziahn</strong></span> <span class='ocrx_word' id='word_1_294' title='bbox 215 1447 423 1479; x_wconf 84' lang='lat' dir='ltr'><strong>interpretatur,</strong></span> <span class='ocrx_word' id='word_1_295' title='bbox 440 1440 471 1467; x_wconf 83' lang='lat' dir='ltr'><strong>de</strong></span> <span class='ocrx_word' id='word_1_296' title='bbox 485 1439 589 1466; x_wconf 69' lang='lat' dir='ltr'><strong>auxilio</strong></span> <span class='ocrx_word' id='word_1_297' title='bbox 614 1438 671 1464; x_wconf 85' lang='lat' dir='ltr'><strong>Dei.</strong></span> <span class='ocrx_word' id='word_1_298' title='bbox 689 1435 818 1463; x_wconf 73' lang='lat' dir='ltr'><strong>Jaaliahu</strong></span> <span class='ocrx_word' id='word_1_299' title='bbox 837 1455 845 1467; x_wconf 88' lang='lat'><strong>,</strong></span> 
     </span>
    </p>
   </div>
   <div class='ocr_carea' id='block_1_44' title="bbox 51 1491 320 1523">
    <p class='ocr_par' dir='ltr' id='par_1_44' title="bbox 51 1491 320 1523">
     <span class='ocr_line' id='line_1_44' title="bbox 51 1491 320 1523; baseline -0.03 0"><span class='ocrx_word' id='word_1_300' title='bbox 51 1496 188 1523; x_wconf 73' lang='lat' dir='ltr'><strong>auxilium</strong></span> <span class='ocrx_word' id='word_1_301' title='bbox 201 1491 320 1519; x_wconf 82' lang='lat' dir='ltr'><strong>Domini.</strong></span> 
     </span>
    </p>
   </div>
   <div class='ocr_carea' id='block_1_45' title="bbox 88 1528 845 1574">
    <p class='ocr_par' dir='ltr' id='par_1_45' title="bbox 88 1528 845 1574">
     <span class='ocr_line' id='line_1_45' title="bbox 88 1528 845 1574; baseline -0.021 -7"><span class='ocrx_word' id='word_1_302' title='bbox 88 1541 172 1574; x_wconf 85' lang='lat' dir='ltr'><strong>(Cap.</strong></span> <span class='ocrx_word' id='word_1_303' title='bbox 187 1536 272 1565; x_wconf 69' lang='lat' dir='ltr'><strong>XXV.</strong></span> <span class='ocrx_word' id='word_1_304' title='bbox 284 1549 318 1555; x_wconf 90' lang='lat'>—</span> <span class='ocrx_word' id='word_1_305' title='bbox 334 1533 411 1561; x_wconf 82' lang='lat' dir='ltr'><strong>Vers.</strong></span> <span class='ocrx_word' id='word_1_306' title='bbox 430 1532 469 1566; x_wconf 86' lang='lat'><strong>5.)</strong></span> <span class='ocrx_word' id='word_1_307' title='bbox 488 1540 497 1557; x_wconf 74' lang='grc' dir='ltr'>ι</span> <span class='ocrx_word' id='word_1_308' title='bbox 521 1529 557 1557; x_wconf 89' lang='lat' dir='ltr'><strong>Ut</strong></span> <span class='ocrx_word' id='word_1_309' title='bbox 583 1528 683 1556; x_wconf 80' lang='lat' dir='ltr'><strong>exaltet</strong></span> <span class='ocrx_word' id='word_1_310' title='bbox 697 1534 785 1574; x_wconf 86' lang='lat' dir='ltr'><strong>cornu</strong></span> <span class='ocrx_word' id='word_1_311' title='bbox 800 1545 806 1559; x_wconf 87' lang='lat'><strong>,</strong></span> <span class='ocrx_word' id='word_1_312' title='bbox 836 1534 845 1551; x_wconf 75' lang='grc' dir='ltr'>ι</span> 
     </span>
    </p>
   </div>
   <div class='ocr_carea' id='block_1_46' title="bbox 50 1573 774 1616">
    <p class='ocr_par' dir='ltr' id='par_1_46' title="bbox 50 1573 774 1616">
     <span class='ocr_line' id='line_1_46' title="bbox 50 1573 774 1616; baseline -0.019 -3"><span class='ocrx_word' id='word_1_313' title='bbox 50 1586 77 1613; x_wconf 85' lang='lat' dir='ltr'><strong>id</strong></span> <span class='ocrx_word' id='word_1_314' title='bbox 95 1573 153 1616; x_wconf 74' lang='lat' dir='ltr'><strong>est,</strong></span> <span class='ocrx_word' id='word_1_315' title='bbox 171 1590 257 1610; x_wconf 87' lang='lat' dir='ltr'><strong>cornu</strong></span> <span class='ocrx_word' id='word_1_316' title='bbox 275 1580 371 1613; x_wconf 81' lang='lat' dir='ltr'><strong>Israel,</strong></span> <span class='ocrx_word' id='word_1_317' title='bbox 389 1579 446 1606; x_wconf 87' lang='lat' dir='ltr'><strong>sive</strong></span> <span class='ocrx_word' id='word_1_318' title='bbox 458 1584 554 1609; x_wconf 87' lang='lat' dir='ltr'><strong>cornu,</strong></span> <span class='ocrx_word' id='word_1_319' title='bbox 575 1582 665 1610; x_wconf 81' lang='lat' dir='ltr'><strong>regem</strong></span> <span class='ocrx_word' id='word_1_320' title='bbox 681 1573 774 1600; x_wconf 83' lang='lat' dir='ltr'><strong>David.</strong></span> 
     </span>
    </p>
   </div>
   <div class='ocr_carea' id='block_1_47' title="bbox 89 1617 885 1667">
    <p class='ocr_par' dir='ltr' id='par_1_47' title="bbox 89 1617 885 1667">
     <span class='ocr_line' id='line_1_47' title="bbox 89 1617 885 1667; baseline -0.018 -10"><span class='ocrx_word' id='word_1_321' title='bbox 89 1631 185 1666; x_wconf 59' lang='grc' dir='ltr'><strong>(γεω.</strong></span> <span class='ocrx_word' id='word_1_322' title='bbox 200 1628 260 1662; x_wconf 69' lang='grc' dir='ltr'><strong>ΞἹ.)</strong></span> <span class='ocrx_word' id='word_1_323' title='bbox 281 1636 290 1653; x_wconf 77' lang='grc' dir='ltr'>ι</span> <span class='ocrx_word' id='word_1_324' title='bbox 310 1626 338 1654; x_wconf 93' lang='lat' dir='ltr'><strong>In</strong></span> <span class='ocrx_word' id='word_1_325' title='bbox 353 1628 428 1652; x_wconf 86' lang='lat' dir='ltr'><strong>sorte</strong></span> <span class='ocrx_word' id='word_1_326' title='bbox 443 1623 572 1651; x_wconf 84' lang='lat' dir='ltr'><strong>vicesima</strong></span> <span class='ocrx_word' id='word_1_327' title='bbox 587 1620 693 1653; x_wconf 80' lang='lat' dir='ltr'><strong>Elibs,s</strong></span> <span class='ocrx_word' id='word_1_328' title='bbox 707 1620 753 1667; x_wconf 85' lang='lat' dir='ltr'><strong>qui</strong></span> <span class='ocrx_word' id='word_1_329' title='bbox 768 1617 849 1653; x_wconf 88' lang='lat' dir='ltr'><strong>paulo</strong></span> <span class='ocrx_word' id='word_1_330' title='bbox 861 1634 885 1667; x_wconf 69' lang='grc' dir='ltr'>ο</span> 
     </span>
    </p>
   </div>
   <div class='ocr_carea' id='block_1_48' title="bbox 52 1666 849 1713">
    <p class='ocr_par' dir='ltr' id='par_1_48' title="bbox 52 1666 849 1713">
     <span class='ocr_line' id='line_1_48' title="bbox 52 1666 849 1713; baseline -0.019 -7"><span class='ocrx_word' id='word_1_331' title='bbox 52 1678 187 1713; x_wconf 79' lang='lat' dir='ltr'><strong>superius</strong></span> <span class='ocrx_word' id='word_1_332' title='bbox 204 1674 310 1702; x_wconf 82' lang='lat' dir='ltr'><strong>Eliatha</strong></span> <span class='ocrx_word' id='word_1_333' title='bbox 335 1671 496 1700; x_wconf 84' lang='lat' dir='ltr'><strong>nominatus</strong></span> <span class='ocrx_word' id='word_1_334' title='bbox 511 1673 564 1697; x_wconf 86' lang='lat' dir='ltr'><strong>est.</strong></span> <span class='ocrx_word' id='word_1_335' title='bbox 582 1667 690 1694; x_wconf 85' lang='lat' dir='ltr'><strong>Eliatha</strong></span> <span class='ocrx_word' id='word_1_336' title='bbox 713 1666 849 1713; x_wconf 85' lang='lat' dir='ltr'><strong>interpre-</strong></span> 
     </span>
    </p>
   </div>
   <div class='ocr_carea' id='block_1_49' title="bbox 51 1712 754 1755">
    <p class='ocr_par' dir='ltr' id='par_1_49' title="bbox 51 1712 754 1755">
     <span class='ocr_line' id='line_1_49' title="bbox 51 1712 754 1755; baseline -0.02 -3"><span class='ocrx_word' id='word_1_337' title='bbox 51 1712 142 1755; x_wconf 76' lang='lat' dir='ltr'><strong>tatur,</strong></span> <span class='ocrx_word' id='word_1_338' title='bbox 158 1722 230 1749; x_wconf 81' lang='lat' dir='ltr'><strong>Deus</strong></span> <span class='ocrx_word' id='word_1_339' title='bbox 243 1728 317 1747; x_wconf 80' lang='lat' dir='ltr'><strong>meus</strong></span> <span class='ocrx_word' id='word_1_340' title='bbox 336 1719 382 1752; x_wconf 58' lang='lat' dir='ltr'><strong>tu};</strong></span> <span class='ocrx_word' id='word_1_341' title='bbox 400 1716 491 1748; x_wconf 84' lang='lat' dir='ltr'><strong>Eliba,</strong></span> <span class='ocrx_word' id='word_1_342' title='bbox 509 1715 577 1742; x_wconf 86' lang='lat' dir='ltr'><strong>Deus</strong></span> <span class='ocrx_word' id='word_1_343' title='bbox 589 1721 674 1744; x_wconf 75' lang='lat' dir='ltr'><strong>metu,</strong></span> <span class='ocrx_word' id='word_1_344' title='bbox 690 1712 754 1739; x_wconf 72' lang='lat' dir='ltr'><strong>seni.</strong></span> 
     </span>
    </p>
   </div>
   <div class='ocr_carea' id='block_1_50' title="bbox 92 1758 850 1807">
    <p class='ocr_par' dir='ltr' id='par_1_50' title="bbox 92 1758 850 1807">
     <span class='ocr_line' id='line_1_50' title="bbox 92 1758 850 1807; baseline -0.02 -8"><span class='ocrx_word' id='word_1_345' title='bbox 92 1772 176 1807; x_wconf 82' lang='lat' dir='ltr'><strong>(Cap.</strong></span> <span class='ocrx_word' id='word_1_346' title='bbox 192 1768 287 1797; x_wconf 76' lang='lat' dir='ltr'><strong>XXVI.</strong></span> <span class='ocrx_word' id='word_1_347' title='bbox 304 1782 338 1787; x_wconf 94' lang='lat'><strong><em>—</em></strong></span> <span class='ocrx_word' id='word_1_348' title='bbox 353 1765 433 1792; x_wconf 69' lang='grc' dir='ltr'><strong>νει-ε.</strong></span> <span class='ocrx_word' id='word_1_349' title='bbox 461 1761 524 1795; x_wconf 80' lang='lat' dir='ltr'><strong>I5.)</strong></span> <span class='ocrx_word' id='word_1_350' title='bbox 550 1770 560 1787; x_wconf 87' lang='grc'><strong>‹</strong></span> <span class='ocrx_word' id='word_1_351' title='bbox 577 1759 754 1807; x_wconf 48' lang='grc' dir='ltr'><strong>ΟὺᾳςξξΕάοιξι</strong></span> <span class='ocrx_word' id='word_1_352' title='bbox 773 1758 850 1793; x_wconf 83' lang='lat' dir='ltr'><strong>plaga</strong></span> 
     </span>
    </p>
   </div>
   <div class='ocr_carea' id='block_1_51' title="bbox 53 1804 851 1845">
    <p class='ocr_par' dir='ltr' id='par_1_51' title="bbox 53 1804 851 1845">
     <span class='ocr_line' id='line_1_51' title="bbox 53 1804 851 1845; baseline -0.02 0"><span class='ocrx_word' id='word_1_353' title='bbox 53 1804 193 1845; x_wconf 79' lang='lat' dir='ltr'><strong>australis</strong></span> <span class='ocrx_word' id='word_1_354' title='bbox 216 1817 245 1841; x_wconf 89' lang='lat' dir='ltr'><strong>et</strong></span> <span class='ocrx_word' id='word_1_355' title='bbox 268 1812 332 1840; x_wconf 83' lang='lat' dir='ltr'><strong>ﬁliis</strong></span> <span class='ocrx_word' id='word_1_356' title='bbox 357 1816 400 1838; x_wconf 89' lang='lat' dir='ltr'><strong>est</strong></span> <span class='ocrx_word' id='word_1_357' title='bbox 427 1810 526 1836; x_wconf 87' lang='lat' dir='ltr'><strong>domus</strong></span> <span class='ocrx_word' id='word_1_358' title='bbox 552 1805 674 1834; x_wconf 85' lang='lat' dir='ltr'><strong>concilii.</strong></span> <span class='ocrx_word' id='word_1_359' title='bbox 706 1815 715 1830; x_wconf 75' lang='grc' dir='ltr'><strong><em>ι</em></strong></span> <span class='ocrx_word' id='word_1_360' title='bbox 736 1804 851 1832; x_wconf 86' lang='lat' dir='ltr'><strong>Domum</strong></span> 
     </span>
    </p>
   </div>
   <div class='ocr_carea' id='block_1_52' title="bbox 52 1852 850 1895">
    <p class='ocr_par' dir='ltr' id='par_1_52' title="bbox 52 1852 850 1895">
     <span class='ocr_line' id='line_1_52' title="bbox 52 1852 850 1895; baseline -0.019 -5"><span class='ocrx_word' id='word_1_361' title='bbox 52 1861 172 1891; x_wconf 84' lang='lat' dir='ltr'><strong>concilii</strong></span> <span class='ocrx_word' id='word_1_362' title='bbox 185 1859 310 1895; x_wconf 83' lang='lat' dir='ltr'><strong>plerique</strong></span> <span class='ocrx_word' id='word_1_363' title='bbox 323 1855 437 1890; x_wconf 74' lang='lat' dir='ltr'><strong>intelligi</strong></span> <span class='ocrx_word' id='word_1_364' title='bbox 450 1854 546 1881; x_wconf 89' lang='lat' dir='ltr'><strong>volunt</strong></span> <span class='ocrx_word' id='word_1_365' title='bbox 559 1852 659 1880; x_wconf 82' lang='lat' dir='ltr'><strong>Sancta</strong></span> <span class='ocrx_word' id='word_1_366' title='bbox 670 1853 828 1879; x_wconf 87' lang='lat' dir='ltr'><strong>sanctorqu</strong></span> <span class='ocrx_word' id='word_1_367' title='bbox 843 1868 850 1882; x_wconf 85' lang='lat'><strong>,</strong></span> 
     </span>
    </p>
   </div>
   <div class='ocr_carea' id='block_1_53' title="bbox 52 1899 514 1941">
    <p class='ocr_par' dir='ltr' id='par_1_53' title="bbox 52 1899 514 1941">
     <span class='ocr_line' id='line_1_53' title="bbox 52 1899 514 1941; baseline -0.022 -6"><span class='ocrx_word' id='word_1_368' title='bbox 52 1908 82 1934; x_wconf 91' lang='lat' dir='ltr'><strong>in</strong></span> <span class='ocrx_word' id='word_1_369' title='bbox 97 1913 157 1941; x_wconf 89' lang='lat' dir='ltr'><strong>quo</strong></span> <span class='ocrx_word' id='word_1_370' title='bbox 169 1909 229 1933; x_wconf 86' lang='lat' dir='ltr'><strong>erat</strong></span> <span class='ocrx_word' id='word_1_371' title='bbox 245 1909 377 1930; x_wconf 90' lang='lat' dir='ltr'><strong>arcanum</strong></span> <span class='ocrx_word' id='word_1_372' title='bbox 395 1899 514 1928; x_wconf 75' lang='lat' dir='ltr'><strong>consilii.</strong></span> 
     </span>
    </p>
   </div>
   <div class='ocr_carea' id='block_1_54' title="bbox 91 1939 852 1985">
    <p class='ocr_par' dir='ltr' id='par_1_54' title="bbox 91 1939 852 1985">
     <span class='ocr_line' id='line_1_54' title="bbox 91 1939 852 1985; baseline -0.02 -5"><span class='ocrx_word' id='word_1_373' title='bbox 91 1939 165 1985; x_wconf 65' lang='lat' dir='ltr'><strong>(inp.</strong></span> <span class='ocrx_word' id='word_1_374' title='bbox 188 1949 299 1978; x_wconf 82' lang='lat' dir='ltr'><strong>xxvu.</strong></span> <span class='ocrx_word' id='word_1_375' title='bbox 316 1962 350 1968; x_wconf 85' lang='lat'><strong>—</strong></span> <span class='ocrx_word' id='word_1_376' title='bbox 365 1946 444 1973; x_wconf 77' lang='lat' dir='ltr'><strong>Vers.</strong></span> <span class='ocrx_word' id='word_1_377' title='bbox 462 1945 520 1978; x_wconf 68' lang='grc' dir='ltr'><strong>ιδ.)</strong></span> <span class='ocrx_word' id='word_1_378' title='bbox 539 1953 548 1969; x_wconf 87' lang='grc'><strong>‹</strong></span> <span class='ocrx_word' id='word_1_379' title='bbox 568 1942 648 1969; x_wconf 85' lang='lat' dir='ltr'><strong>Elihu</strong></span> <span class='ocrx_word' id='word_1_380' title='bbox 665 1940 748 1968; x_wconf 90' lang='lat' dir='ltr'><strong>frater</strong></span> <span class='ocrx_word' id='word_1_381' title='bbox 767 1939 852 1966; x_wconf 89' lang='lat' dir='ltr'><strong>David</strong></span> 
     </span>
    </p>
   </div>
   <div class='ocr_carea' id='block_1_55' title="bbox 53 1985 851 2035">
    <p class='ocr_par' dir='ltr' id='par_1_55' title="bbox 53 1985 851 2035">
     <span class='ocr_line' id='line_1_55' title="bbox 53 1985 851 2035; baseline -0.02 -8"><span class='ocrx_word' id='word_1_382' title='bbox 53 2000 194 2035; x_wconf 86' lang='lat' dir='ltr'><strong>princeps</strong></span> <span class='ocrx_word' id='word_1_383' title='bbox 208 1994 294 2027; x_wconf 81' lang='lat' dir='ltr'><strong>Juda;</strong></span> <span class='ocrx_word' id='word_1_384' title='bbox 317 2002 325 2019; x_wconf 77' lang='grc' dir='ltr'><strong><em>ι</em></strong></span> <span class='ocrx_word' id='word_1_385' title='bbox 341 1993 368 2019; x_wconf 90' lang='lat' dir='ltr'><strong>in</strong></span> <span class='ocrx_word' id='word_1_386' title='bbox 385 1991 489 2026; x_wconf 80' lang='lat' dir='ltr'><strong>Regum</strong></span> <span class='ocrx_word' id='word_1_387' title='bbox 513 1988 721 2035; x_wconf 19' lang='lat' dir='ltr'><strong>Eliabrvocatur</strong></span> <span class='ocrx_word' id='word_1_388' title='bbox 735 1986 745 2021; x_wconf 93' lang='lat'><strong>(</strong></span> <span class='ocrx_word' id='word_1_389' title='bbox 760 1985 772 2012; x_wconf 91' lang='grc'><strong><em>1</em></strong></span> <span class='ocrx_word' id='word_1_390' title='bbox 787 1985 851 2020; x_wconf 82' lang='lat' dir='ltr'><strong>Req.</strong></span> 
     </span>
    </p>
   </div>
   <div class='ocr_carea' id='block_1_56' title="bbox 53 2032 853 2079">
    <p class='ocr_par' dir='ltr' id='par_1_56' title="bbox 53 2032 853 2079">
     <span class='ocr_line' id='line_1_56' title="bbox 53 2032 853 2079; baseline -0.02 -6"><span class='ocrx_word' id='word_1_391' title='bbox 53 2032 118 2077; x_wconf 63' lang='lat' dir='ltr'><strong>svr,</strong></span> <span class='ocrx_word' id='word_1_392' title='bbox 135 2044 177 2079; x_wconf 85' lang='lat'><strong>6).</strong></span> <span class='ocrx_word' id='word_1_393' title='bbox 196 2041 284 2073; x_wconf 83' lang='lat' dir='ltr'><strong>Eliab,</strong></span> <span class='ocrx_word' id='word_1_394' title='bbox 300 2040 371 2079; x_wconf 66' lang='lat' dir='ltr'><strong>Deus</strong></span> <span class='ocrx_word' id='word_1_395' title='bbox 386 2044 458 2065; x_wconf 83' lang='lat' dir='ltr'><strong>meus</strong></span> <span class='ocrx_word' id='word_1_396' title='bbox 475 2041 561 2070; x_wconf 58' lang='lat' dir='ltr'><strong>pater,</strong></span> <span class='ocrx_word' id='word_1_397' title='bbox 576 2033 668 2066; x_wconf 87' lang='lat' dir='ltr'><strong>Elihu.</strong></span> <span class='ocrx_word' id='word_1_398' title='bbox 685 2032 756 2059; x_wconf 82' lang='lat' dir='ltr'><strong>Deus</strong></span> <span class='ocrx_word' id='word_1_399' title='bbox 780 2039 853 2058; x_wconf 83' lang='lat' dir='ltr'><strong>meus</strong></span> 
     </span>
    </p>
   </div>
   <div class='ocr_carea' id='block_1_57' title="bbox 53 2092 207 2120">
    <p class='ocr_par' dir='ltr' id='par_1_57' title="bbox 53 2092 207 2120">
     <span class='ocr_line' id='line_1_57' title="bbox 53 2092 207 2120; baseline -0.032 0"><span class='ocrx_word' id='word_1_400' title='bbox 53 2092 207 2120; x_wconf 76' lang='lat' dir='ltr'><strong>Dominus.</strong></span> 
     </span>
    </p>
   </div>
   <div class='ocr_carea' id='block_1_58' title="bbox 97 2126 882 2173">
    <p class='ocr_par' dir='ltr' id='par_1_58' title="bbox 97 2126 882 2173">
     <span class='ocr_line' id='line_1_58' title="bbox 97 2126 882 2173; baseline -0.017 -9"><span class='ocrx_word' id='word_1_401' title='bbox 97 2136 198 2173; x_wconf 76' lang='lat' dir='ltr'><strong>(Vers.</strong></span> <span class='ocrx_word' id='word_1_402' title='bbox 213 2133 271 2168; x_wconf 66' lang='lat' dir='ltr'><strong>Q5.)</strong></span> <span class='ocrx_word' id='word_1_403' title='bbox 287 2142 297 2158; x_wconf 67' lang='grc' dir='ltr'><strong><em>ε</em></strong></span> <span class='ocrx_word' id='word_1_404' title='bbox 321 2130 414 2158; x_wconf 85' lang='lat' dir='ltr'><strong>Noluit</strong></span> <span class='ocrx_word' id='word_1_405' title='bbox 429 2133 519 2156; x_wconf 86' lang='lat' dir='ltr'><strong>autem</strong></span> <span class='ocrx_word' id='word_1_406' title='bbox 535 2135 583 2155; x_wconf 83' lang='lat' dir='ltr'><strong>eos</strong></span> <span class='ocrx_word' id='word_1_407' title='bbox 597 2126 686 2154; x_wconf 83' lang='lat' dir='ltr'><strong>David</strong></span> <span class='ocrx_word' id='word_1_408' title='bbox 710 2132 855 2153; x_wconf 85' lang='lat' dir='ltr'><strong>numerare</strong></span> <span class='ocrx_word' id='word_1_409' title='bbox 879 2149 882 2151; x_wconf 37' lang='grc' dir='ltr'><strong>ν</strong></span> 
     </span>
    </p>
   </div>
   <div class='ocr_carea' id='block_1_59' title="bbox 51 2173 854 2219">
    <p class='ocr_par' dir='ltr' id='par_1_59' title="bbox 51 2173 854 2219">
     <span class='ocr_line' id='line_1_59' title="bbox 51 2173 854 2219; baseline -0.02 -6"><span class='ocrx_word' id='word_1_410' title='bbox 51 2195 68 2213; x_wconf 81' lang='lat' dir='ltr'><strong>:s</strong></span> <span class='ocrx_word' id='word_1_411' title='bbox 90 2182 193 2219; x_wconf 75' lang='lat' dir='ltr'><strong>viginti</strong></span> <span class='ocrx_word' id='word_1_412' title='bbox 212 2182 218 2199; x_wconf 92' lang='lat'>&#39;</span> <span class='ocrx_word' id='word_1_413' title='bbox 246 2179 328 2206; x_wconf 86' lang='lat' dir='ltr'><strong>anuis</strong></span> <span class='ocrx_word' id='word_1_414' title='bbox 342 2184 355 2198; x_wconf 77' lang='grc' dir='ltr'>ι</span> <span class='ocrx_word' id='word_1_415' title='bbox 376 2175 502 2203; x_wconf 87' lang='lat' dir='ltr'><strong>inferius.</strong></span> <span class='ocrx_word' id='word_1_416' title='bbox 523 2183 532 2200; x_wconf 77' lang='grc' dir='ltr'>ι</span> <span class='ocrx_word' id='word_1_417' title='bbox 560 2173 633 2201; x_wconf 84' lang='lat' dir='ltr'><strong>Usus</strong></span> <span class='ocrx_word' id='word_1_418' title='bbox 651 2173 723 2200; x_wconf 87' lang='lat' dir='ltr'><strong>enim</strong></span> <span class='ocrx_word' id='word_1_419' title='bbox 741 2176 800 2199; x_wconf 91' lang='lat' dir='ltr'><strong>erat</strong></span> <span class='ocrx_word' id='word_1_420' title='bbox 814 2176 854 2203; x_wconf 93' lang='lat' dir='ltr'><strong>ut,</strong></span> 
     </span>
    </p>
   </div>
   <div class='ocr_carea' id='block_1_60' title="bbox 50 2217 855 2265">
    <p class='ocr_par' dir='ltr' id='par_1_60' title="bbox 50 2217 855 2265">
     <span class='ocr_line' id='line_1_60' title="bbox 50 2217 855 2265; baseline -0.022 -6"><span class='ocrx_word' id='word_1_421' title='bbox 50 2232 78 2259; x_wconf 87' lang='lat' dir='ltr'><strong>si</strong></span> <span class='ocrx_word' id='word_1_422' title='bbox 106 2217 224 2265; x_wconf 70' lang='lat' dir='ltr'><strong>quando</strong></span> <span class='ocrx_word' id='word_1_423' title='bbox 248 2225 443 2252; x_wconf 86' lang='lat' dir='ltr'><strong>numeraretur</strong></span> <span class='ocrx_word' id='word_1_424' title='bbox 463 2227 478 2246; x_wconf 91' lang='lat' dir='ltr'><strong>a</strong></span> <span class='ocrx_word' id='word_1_425' title='bbox 495 2218 589 2265; x_wconf 82' lang='lat' dir='ltr'><strong>viginti</strong></span> <span class='ocrx_word' id='word_1_426' title='bbox 601 2217 691 2265; x_wconf 6' lang='lat' dir='ltr'><strong>pannis</strong></span> <span class='ocrx_word' id='word_1_427' title='bbox 709 2220 736 2244; x_wconf 90' lang='lat' dir='ltr'><strong>et</strong></span> <span class='ocrx_word' id='word_1_428' title='bbox 751 2223 833 2265; x_wconf 85' lang='lat' dir='ltr'><strong>supra</strong></span> <span class='ocrx_word' id='word_1_429' title='bbox 847 2236 855 2248; x_wconf 89' lang='lat'><strong>,</strong></span> 
     </span>
    </p>
   </div>
   <div class='ocr_carea' id='block_1_61' title="bbox 52 2262 855 2304">
    <p class='ocr_par' dir='ltr' id='par_1_61' title="bbox 52 2262 855 2304">
     <span class='ocr_line' id='line_1_61' title="bbox 52 2262 855 2304; baseline -0.019 -1"><span class='ocrx_word' id='word_1_430' title='bbox 52 2262 283 2304; x_wconf 69' lang='lat' dir='ltr'><strong>numerarentur</strong></span> <span class='ocrx_word' id='word_1_431' title='bbox 299 2270 326 2296; x_wconf 89' lang='lat' dir='ltr'><strong>hi</strong></span> <span class='ocrx_word' id='word_1_432' title='bbox 342 2267 388 2302; x_wconf 90' lang='lat' dir='ltr'><strong>qui</strong></span> <span class='ocrx_word' id='word_1_433' title='bbox 403 2268 529 2301; x_wconf 89' lang='lat' dir='ltr'><strong>poterant</strong></span> <span class='ocrx_word' id='word_1_434' title='bbox 550 2263 585 2291; x_wconf 84' lang='lat' dir='ltr'><strong>ad</strong></span> <span class='ocrx_word' id='word_1_435' title='bbox 601 2263 671 2290; x_wconf 86' lang='lat' dir='ltr'><strong>bella</strong></span> <span class='ocrx_word' id='word_1_436' title='bbox 698 2262 855 2297; x_wconf 84' lang='lat' dir='ltr'><strong>procedere,</strong></span> 
     </span>
    </p>
   </div>
   <div class='ocr_carea' id='block_1_62' title="bbox 928 1020 1681 1057">
    <p class='ocr_par' dir='ltr' id='par_1_62' title="bbox 928 1020 1681 1057">
     <span class='ocr_line' id='line_1_62' title="bbox 928 1020 1681 1057; baseline 0.001 -9"><span class='ocrx_word' id='word_1_437' title='bbox 928 1021 1006 1055; x_wconf 83' lang='lat' dir='ltr'><strong>(Cap.</strong></span> <span class='ocrx_word' id='word_1_438' title='bbox 1024 1020 1120 1048; x_wconf 73' lang='lat' dir='ltr'><strong>XXIX.</strong></span> <span class='ocrx_word' id='word_1_439' title='bbox 1134 1036 1167 1042; x_wconf 91' lang='lat'><strong>-</strong></span> <span class='ocrx_word' id='word_1_440' title='bbox 1183 1023 1260 1049; x_wconf 82' lang='lat' dir='ltr'><strong>Vers.</strong></span> <span class='ocrx_word' id='word_1_441' title='bbox 1285 1022 1342 1057; x_wconf 75' lang='lat' dir='ltr'><strong>2i.)</strong></span> <span class='ocrx_word' id='word_1_442' title='bbox 1366 1032 1375 1048; x_wconf 72' lang='grc' dir='ltr'><strong>ε</strong></span> <span class='ocrx_word' id='word_1_443' title='bbox 1405 1022 1513 1050; x_wconf 88' lang='lat' dir='ltr'><strong>Taurus</strong></span> <span class='ocrx_word' id='word_1_444' title='bbox 1529 1022 1602 1049; x_wconf 87' lang='lat' dir='ltr'><strong>mille</strong></span> <span class='ocrx_word' id='word_1_445' title='bbox 1617 1030 1681 1050; x_wconf 87' lang='lat' dir='ltr'><strong>cum</strong></span> 
     </span>
    </p>
   </div>
   <div class='ocr_carea' id='block_1_63' title="bbox 894 1067 1477 1098">
    <p class='ocr_par' dir='ltr' id='par_1_63' title="bbox 894 1067 1477 1098">
     <span class='ocr_line' id='line_1_63' title="bbox 894 1067 1477 1098; baseline 0.003 -4"><span class='ocrx_word' id='word_1_446' title='bbox 894 1067 1070 1095; x_wconf 87' lang='lat' dir='ltr'><strong>lihaminibus</strong></span> <span class='ocrx_word' id='word_1_447' title='bbox 1083 1069 1140 1096; x_wconf 85' lang='lat' dir='ltr'><strong>suis</strong></span> <span class='ocrx_word' id='word_1_448' title='bbox 1154 1078 1161 1098; x_wconf 85' lang='lat'><strong>;</strong></span> <span class='ocrx_word' id='word_1_449' title='bbox 1182 1078 1191 1095; x_wconf 74' lang='grc' dir='ltr'><strong><em>ι</em></strong></span> <span class='ocrx_word' id='word_1_450' title='bbox 1210 1069 1237 1096; x_wconf 90' lang='lat' dir='ltr'><strong>id</strong></span> <span class='ocrx_word' id='word_1_451' title='bbox 1253 1074 1295 1097; x_wconf 84' lang='lat' dir='ltr'><strong>est</strong></span> <span class='ocrx_word' id='word_1_452' title='bbox 1327 1077 1388 1097; x_wconf 93' lang='lat' dir='ltr'><strong>curn</strong></span> <span class='ocrx_word' id='word_1_453' title='bbox 1403 1069 1477 1098; x_wconf 88' lang='lat' dir='ltr'><strong>vino.</strong></span> 
     </span>
    </p>
   </div>
   <div class='ocr_carea' id='block_1_64' title="bbox 929 1113 1680 1148">
    <p class='ocr_par' dir='ltr' id='par_1_64' title="bbox 929 1113 1680 1148">
     <span class='ocr_line' id='line_1_64' title="bbox 929 1113 1680 1148; baseline 0.003 -8"><span class='ocrx_word' id='word_1_454' title='bbox 929 1113 1019 1148; x_wconf 79' lang='lat' dir='ltr'><strong>(Vers.</strong></span> <span class='ocrx_word' id='word_1_455' title='bbox 1047 1115 1105 1148; x_wconf 77' lang='lat'><strong>22.)</strong></span> <span class='ocrx_word' id='word_1_456' title='bbox 1136 1124 1144 1140; x_wconf 80' lang='grc' dir='ltr'>ι</span> <span class='ocrx_word' id='word_1_457' title='bbox 1176 1115 1321 1143; x_wconf 84' lang='lat' dir='ltr'><strong>Unxerunt</strong></span> <span class='ocrx_word' id='word_1_458' title='bbox 1354 1117 1477 1143; x_wconf 84' lang='lat' dir='ltr'><strong>secundo</strong></span> <span class='ocrx_word' id='word_1_459' title='bbox 1506 1116 1680 1143; x_wconf 85' lang='lat' dir='ltr'><strong>Salomonem</strong></span> 
     </span>
    </p>
   </div>
   <div class='ocr_carea' id='block_1_65' title="bbox 898 1160 1680 1197">
    <p class='ocr_par' dir='ltr' id='par_1_65' title="bbox 898 1160 1680 1197">
     <span class='ocr_line' id='line_1_65' title="bbox 898 1160 1680 1197; baseline 0.001 -10"><span class='ocrx_word' id='word_1_460' title='bbox 898 1160 983 1188; x_wconf 89' lang='lat' dir='ltr'><strong>filium</strong></span> <span class='ocrx_word' id='word_1_461' title='bbox 999 1160 1093 1188; x_wconf 82' lang='lat' dir='ltr'><strong>David.</strong></span> <span class='ocrx_word' id='word_1_462' title='bbox 1111 1170 1119 1187; x_wconf 74' lang='grc' dir='ltr'><strong>ι</strong></span> <span class='ocrx_word' id='word_1_463' title='bbox 1136 1162 1282 1189; x_wconf 76' lang='lat' dir='ltr'><strong>Unxerunt</strong></span> <span class='ocrx_word' id='word_1_464' title='bbox 1296 1167 1385 1190; x_wconf 85' lang='lat' dir='ltr'><strong>autem</strong></span> <span class='ocrx_word' id='word_1_465' title='bbox 1397 1170 1459 1190; x_wconf 90' lang='lat' dir='ltr'><strong>eum</strong></span> <span class='ocrx_word' id='word_1_466' title='bbox 1478 1162 1504 1189; x_wconf 93' lang='lat' dir='ltr'><strong>in</strong></span> <span class='ocrx_word' id='word_1_467' title='bbox 1520 1162 1680 1197; x_wconf 86' lang='lat' dir='ltr'><strong>principem,</strong></span> 
     </span>
    </p>
   </div>
   <div class='ocr_carea' id='block_1_66' title="bbox 896 1207 1681 1245">
    <p class='ocr_par' dir='ltr' id='par_1_66' title="bbox 896 1207 1681 1245">
     <span class='ocr_line' id='line_1_66' title="bbox 896 1207 1681 1245; baseline -0.001 -11"><span class='ocrx_word' id='word_1_468' title='bbox 896 1207 1019 1235; x_wconf 90' lang='lat' dir='ltr'><strong>dicentes</strong></span> <span class='ocrx_word' id='word_1_469' title='bbox 1036 1215 1043 1233; x_wconf 88' lang='lat'><strong>:</strong></span> <span class='ocrx_word' id='word_1_470' title='bbox 1060 1208 1233 1243; x_wconf 82' lang='lat' dir='ltr'><strong>Quicumque</strong></span> <span class='ocrx_word' id='word_1_471' title='bbox 1257 1214 1351 1245; x_wconf 75' lang='lat' dir='ltr'><strong>regnet</strong></span> <span class='ocrx_word' id='word_1_472' title='bbox 1363 1229 1370 1241; x_wconf 84' lang='lat'><strong>,</strong></span> <span class='ocrx_word' id='word_1_473' title='bbox 1398 1213 1425 1236; x_wconf 92' lang='lat' dir='ltr'><strong>tu</strong></span> <span class='ocrx_word' id='word_1_474' title='bbox 1443 1209 1512 1236; x_wconf 82' lang='lat' dir='ltr'><strong>Deus</strong></span> <span class='ocrx_word' id='word_1_475' title='bbox 1534 1213 1635 1242; x_wconf 82' lang='lat' dir='ltr'><strong>noster,</strong></span> <span class='ocrx_word' id='word_1_476' title='bbox 1654 1212 1681 1234; x_wconf 92' lang='lat' dir='ltr'><strong>tn</strong></span> 
     </span>
    </p>
   </div>
   <div class='ocr_carea' id='block_1_67' title="bbox 896 1253 1263 1288">
    <p class='ocr_par' dir='ltr' id='par_1_67' title="bbox 896 1253 1263 1288">
     <span class='ocr_line' id='line_1_67' title="bbox 896 1253 1263 1288; baseline 0.005 -8"><span class='ocrx_word' id='word_1_477' title='bbox 896 1260 1003 1288; x_wconf 83' lang='lat' dir='ltr'><strong>semper</strong></span> <span class='ocrx_word' id='word_1_478' title='bbox 1020 1253 1058 1281; x_wconf 85' lang='lat' dir='ltr'><strong>sis</strong></span> <span class='ocrx_word' id='word_1_479' title='bbox 1074 1254 1145 1281; x_wconf 65' lang='lat' dir='ltr'><strong>Deus</strong></span> <span class='ocrx_word' id='word_1_480' title='bbox 1162 1259 1263 1282; x_wconf 88' lang='lat' dir='ltr'><strong>noster.</strong></span> 
     </span>
    </p>
   </div>
   <div class='ocr_carea' id='block_1_68' title="bbox 939 1298 1684 1336">
    <p class='ocr_par' dir='ltr' id='par_1_68' title="bbox 939 1298 1684 1336">
     <span class='ocr_line' id='line_1_68' title="bbox 939 1298 1684 1336; baseline 0 -10"><span class='ocrx_word' id='word_1_481' title='bbox 939 1299 1018 1335; x_wconf 86' lang='lat' dir='ltr'><strong>(Cap.</strong></span> <span class='ocrx_word' id='word_1_482' title='bbox 1034 1298 1157 1327; x_wconf 76' lang='lat' dir='ltr'><strong>XXVIII.</strong></span> <span class='ocrx_word' id='word_1_483' title='bbox 1172 1316 1205 1323; x_wconf 82' lang='grc'><strong><em>-</em></strong></span> <span class='ocrx_word' id='word_1_484' title='bbox 1222 1300 1300 1328; x_wconf 75' lang='lat' dir='ltr'><strong>Vers.</strong></span> <span class='ocrx_word' id='word_1_485' title='bbox 1319 1301 1358 1335; x_wconf 84' lang='lat' dir='ltr'><strong>I.)</strong></span> <span class='ocrx_word' id='word_1_486' title='bbox 1373 1310 1381 1327; x_wconf 81' lang='grc' dir='ltr'>ι</span> <span class='ocrx_word' id='word_1_487' title='bbox 1398 1300 1449 1334; x_wconf 88' lang='lat' dir='ltr'><strong>Qui</strong></span> <span class='ocrx_word' id='word_1_488' title='bbox 1466 1305 1601 1336; x_wconf 67' lang='lat' dir='ltr'><strong>prmerant</strong></span> <span class='ocrx_word' id='word_1_489' title='bbox 1620 1300 1684 1328; x_wconf 85' lang='lat' dir='ltr'><strong>sub-</strong></span> 
     </span>
    </p>
   </div>
   <div class='ocr_carea' id='block_1_69' title="bbox 898 1345 1685 1381">
    <p class='ocr_par' dir='ltr' id='par_1_69' title="bbox 898 1345 1685 1381">
     <span class='ocr_line' id='line_1_69' title="bbox 898 1345 1685 1381; baseline 0 -9"><span class='ocrx_word' id='word_1_490' title='bbox 898 1345 1006 1372; x_wconf 68' lang='lat' dir='ltr'><strong>stantiae</strong></span> <span class='ocrx_word' id='word_1_491' title='bbox 1021 1346 1092 1380; x_wconf 74' lang='lat' dir='ltr'><strong>regis</strong></span> <span class='ocrx_word' id='word_1_492' title='bbox 1111 1352 1172 1373; x_wconf 90' lang='lat' dir='ltr'><strong>cum</strong></span> <span class='ocrx_word' id='word_1_493' title='bbox 1196 1346 1343 1374; x_wconf 85' lang='lat' dir='ltr'><strong>eunuchis.</strong></span> <span class='ocrx_word' id='word_1_494' title='bbox 1374 1355 1383 1372; x_wconf 81' lang='grc' dir='ltr'><strong><em>ι</em></strong></span> <span class='ocrx_word' id='word_1_495' title='bbox 1405 1347 1494 1380; x_wconf 72' lang='lat' dir='ltr'><strong>Quaeri</strong></span> <span class='ocrx_word' id='word_1_496' title='bbox 1525 1352 1613 1381; x_wconf 83' lang='lat' dir='ltr'><strong>potest</strong></span> <span class='ocrx_word' id='word_1_497' title='bbox 1635 1354 1685 1374; x_wconf 80' lang='lat' dir='ltr'><strong>cur</strong></span> 
     </span>
    </p>
   </div>
   <div class='ocr_carea' id='block_1_70' title="bbox 899 1391 1685 1427">
    <p class='ocr_par' dir='ltr' id='par_1_70' title="bbox 899 1391 1685 1427">
     <span class='ocr_line' id='line_1_70' title="bbox 899 1391 1685 1427; baseline 0 -10"><span class='ocrx_word' id='word_1_498' title='bbox 899 1391 945 1419; x_wconf 85' lang='lat' dir='ltr'><strong>hie</strong></span> <span class='ocrx_word' id='word_1_499' title='bbox 964 1391 1086 1418; x_wconf 86' lang='lat' dir='ltr'><strong>eunuchi</strong></span> <span class='ocrx_word' id='word_1_500' title='bbox 1107 1392 1139 1418; x_wconf 87' lang='lat' dir='ltr'><strong>ad</strong></span> <span class='ocrx_word' id='word_1_501' title='bbox 1159 1397 1212 1419; x_wconf 83' lang='lat' dir='ltr'><strong>tant</strong></span> <span class='ocrx_word' id='word_1_502' title='bbox 1229 1392 1332 1427; x_wconf 86' lang='lat' dir='ltr'><strong>grande</strong></span> <span class='ocrx_word' id='word_1_503' title='bbox 1355 1394 1504 1420; x_wconf 91' lang='lat' dir='ltr'><strong>concilium</strong></span> <span class='ocrx_word' id='word_1_504' title='bbox 1522 1393 1609 1420; x_wconf 88' lang='lat' dir='ltr'><strong>vocati</strong></span> <span class='ocrx_word' id='word_1_505' title='bbox 1624 1398 1685 1420; x_wconf 54' lang='lat' dir='ltr'><strong>es“:</strong></span> 
     </span>
    </p>
   </div>
   <div class='ocr_carea' id='block_1_71' title="bbox 900 1437 1686 1474">
    <p class='ocr_par' dir='ltr' id='par_1_71' title="bbox 900 1437 1686 1474">
     <span class='ocr_line' id='line_1_71' title="bbox 900 1437 1686 1474; baseline 0.001 -11"><span class='ocrx_word' id='word_1_506' title='bbox 900 1438 1038 1469; x_wconf 83' lang='lat' dir='ltr'><strong>dicantur,</strong></span> <span class='ocrx_word' id='word_1_507' title='bbox 1054 1445 1116 1464; x_wconf 90' lang='lat' dir='ltr'><strong>cum</strong></span> <span class='ocrx_word' id='word_1_508' title='bbox 1133 1437 1272 1465; x_wconf 83' lang='lat' dir='ltr'><strong>lsraelitas</strong></span> <span class='ocrx_word' id='word_1_509' title='bbox 1285 1438 1409 1466; x_wconf 85' lang='lat' dir='ltr'><strong>abscindi</strong></span> <span class='ocrx_word' id='word_1_510' title='bbox 1423 1439 1464 1467; x_wconf 78' lang='lat' dir='ltr'><strong>lex</strong></span> <span class='ocrx_word' id='word_1_511' title='bbox 1482 1440 1686 1474; x_wconf 53' lang='lat' dir='ltr'><strong>prohiberet,”</strong></span> 
     </span>
    </p>
   </div>
   <div class='ocr_carea' id='block_1_72' title="bbox 901 1483 1685 1520">
    <p class='ocr_par' dir='ltr' id='par_1_72' title="bbox 901 1483 1685 1520">
     <span class='ocr_line' id='line_1_72' title="bbox 901 1483 1685 1520; baseline 0.001 -11"><span class='ocrx_word' id='word_1_512' title='bbox 901 1483 1062 1517; x_wconf 63' lang='lat' dir='ltr'><strong>alienigena:</strong></span> <span class='ocrx_word' id='word_1_513' title='bbox 1087 1492 1142 1511; x_wconf 90' lang='lat' dir='ltr'><strong>non</strong></span> <span class='ocrx_word' id='word_1_514' title='bbox 1169 1484 1249 1512; x_wconf 82' lang='lat' dir='ltr'><strong>facile</strong></span> <span class='ocrx_word' id='word_1_515' title='bbox 1277 1490 1395 1520; x_wconf 88' lang='lat' dir='ltr'><strong>possunt</strong></span> <span class='ocrx_word' id='word_1_516' title='bbox 1422 1486 1528 1513; x_wconf 88' lang='lat' dir='ltr'><strong>admitti</strong></span> <span class='ocrx_word' id='word_1_517' title='bbox 1564 1486 1597 1512; x_wconf 91' lang='lat' dir='ltr'><strong>ad</strong></span> <span class='ocrx_word' id='word_1_518' title='bbox 1630 1490 1685 1511; x_wconf 78' lang='lat' dir='ltr'><strong>tam</strong></span> 
     </span>
    </p>
   </div>
   <div class='ocr_carea' id='block_1_73' title="bbox 901 1529 1687 1567">
    <p class='ocr_par' dir='ltr' id='par_1_73' title="bbox 901 1529 1687 1567">
     <span class='ocr_line' id='line_1_73' title="bbox 901 1529 1687 1567; baseline 0.003 -12"><span class='ocrx_word' id='word_1_519' title='bbox 901 1529 1002 1563; x_wconf 79' lang='lat' dir='ltr'><strong>grande</strong></span> <span class='ocrx_word' id='word_1_520' title='bbox 1017 1530 1163 1558; x_wconf 76' lang='lat' dir='ltr'><strong>Concilium</strong></span> <span class='ocrx_word' id='word_1_521' title='bbox 1189 1531 1279 1565; x_wconf 80' lang='lat' dir='ltr'><strong>(Deut.</strong></span> <span class='ocrx_word' id='word_1_522' title='bbox 1308 1539 1375 1558; x_wconf 79' lang='lat' dir='ltr'><strong>unt</strong></span> <span class='ocrx_word' id='word_1_523' title='bbox 1392 1552 1399 1564; x_wconf 92' lang='lat'><strong>,</strong></span> <span class='ocrx_word' id='word_1_524' title='bbox 1431 1532 1441 1558; x_wconf 82' lang='grc' dir='ltr'><strong>ι</strong></span> <span class='ocrx_word' id='word_1_525' title='bbox 1466 1532 1544 1567; x_wconf 58' lang='grc' dir='ltr'><strong>ηιμ).</strong></span> <span class='ocrx_word' id='word_1_526' title='bbox 1563 1531 1687 1558; x_wconf 84' lang='lat' dir='ltr'><strong>Tradunt</strong></span> 
     </span>
    </p>
   </div>
   <div class='ocr_carea' id='block_1_74' title="bbox 900 1575 1687 1612">
    <p class='ocr_par' dir='ltr' id='par_1_74' title="bbox 900 1575 1687 1612">
     <span class='ocr_line' id='line_1_74' title="bbox 900 1575 1687 1612; baseline 0.001 -9"><span class='ocrx_word' id='word_1_527' title='bbox 900 1575 1007 1603; x_wconf 67' lang='lat' dir='ltr'><strong>Hebraei</strong></span> <span class='ocrx_word' id='word_1_528' title='bbox 1024 1575 1051 1602; x_wconf 88' lang='lat' dir='ltr'><strong>in</strong></span> <span class='ocrx_word' id='word_1_529' title='bbox 1069 1575 1120 1603; x_wconf 90' lang='lat' dir='ltr'><strong>hoc</strong></span> <span class='ocrx_word' id='word_1_530' title='bbox 1135 1575 1198 1604; x_wconf 91' lang='lat' dir='ltr'><strong>loco</strong></span> <span class='ocrx_word' id='word_1_531' title='bbox 1215 1576 1277 1604; x_wconf 83' lang='lat' dir='ltr'><strong>illos</strong></span> <span class='ocrx_word' id='word_1_532' title='bbox 1291 1577 1382 1604; x_wconf 89' lang='lat' dir='ltr'><strong>vocari</strong></span> <span class='ocrx_word' id='word_1_533' title='bbox 1397 1578 1542 1605; x_wconf 82' lang='lat' dir='ltr'><strong>eunuchos</strong></span> <span class='ocrx_word' id='word_1_534' title='bbox 1552 1597 1560 1609; x_wconf 86' lang='lat'><strong>,</strong></span> <span class='ocrx_word' id='word_1_535' title='bbox 1572 1578 1632 1612; x_wconf 85' lang='lat' dir='ltr'><strong>qui,</strong></span> <span class='ocrx_word' id='word_1_536' title='bbox 1654 1580 1687 1604; x_wconf 86' lang='lat' dir='ltr'><strong>ab</strong></span> 
     </span>
    </p>
   </div>
   <div class='ocr_carea' id='block_1_75' title="bbox 902 1620 1688 1655">
    <p class='ocr_par' dir='ltr' id='par_1_75' title="bbox 902 1620 1688 1655">
     <span class='ocr_line' id='line_1_75' title="bbox 902 1620 1688 1655; baseline 0.004 -9"><span class='ocrx_word' id='word_1_537' title='bbox 902 1620 1031 1647; x_wconf 86' lang='lat' dir='ltr'><strong>omnibus</strong></span> <span class='ocrx_word' id='word_1_538' title='bbox 1046 1620 1153 1647; x_wconf 87' lang='lat' dir='ltr'><strong>actibus</strong></span> <span class='ocrx_word' id='word_1_539' title='bbox 1169 1622 1262 1649; x_wconf 62' lang='lat' dir='ltr'><strong>saeculi</strong></span> <span class='ocrx_word' id='word_1_540' title='bbox 1286 1622 1367 1650; x_wconf 88' lang='lat' dir='ltr'><strong>alieni</strong></span> <span class='ocrx_word' id='word_1_541' title='bbox 1381 1643 1388 1655; x_wconf 91' lang='lat'><strong>,</strong></span> <span class='ocrx_word' id='word_1_542' title='bbox 1404 1623 1522 1650; x_wconf 90' lang='lat' dir='ltr'><strong>orationi</strong></span> <span class='ocrx_word' id='word_1_543' title='bbox 1540 1627 1641 1649; x_wconf 82' lang='lat' dir='ltr'><strong>tantum</strong></span> <span class='ocrx_word' id='word_1_544' title='bbox 1661 1629 1688 1650; x_wconf 85' lang='lat' dir='ltr'><strong>et.</strong></span> 
     </span>
    </p>
   </div>
   <div class='ocr_carea' id='block_1_76' title="bbox 902 1666 1687 1700">
    <p class='ocr_par' dir='ltr' id='par_1_76' title="bbox 902 1666 1687 1700">
     <span class='ocr_line' id='line_1_76' title="bbox 902 1666 1687 1700; baseline 0.004 -7"><span class='ocrx_word' id='word_1_545' title='bbox 902 1666 1012 1694; x_wconf 89' lang='lat' dir='ltr'><strong>lectioni</strong></span> <span class='ocrx_word' id='word_1_546' title='bbox 1031 1668 1164 1695; x_wconf 88' lang='lat' dir='ltr'><strong>vacabant</strong></span> <span class='ocrx_word' id='word_1_547' title='bbox 1181 1677 1188 1697; x_wconf 86' lang='lat'><strong>:</strong></span> <span class='ocrx_word' id='word_1_548' title='bbox 1213 1673 1240 1696; x_wconf 92' lang='lat' dir='ltr'><strong>et</strong></span> <span class='ocrx_word' id='word_1_549' title='bbox 1259 1677 1359 1697; x_wconf 78' lang='lat' dir='ltr'><strong>uxores</strong></span> <span class='ocrx_word' id='word_1_550' title='bbox 1377 1678 1430 1696; x_wconf 84' lang='lat' dir='ltr'><strong>non</strong></span> <span class='ocrx_word' id='word_1_551' title='bbox 1448 1677 1529 1697; x_wconf 81' lang='lat' dir='ltr'><strong>causa</strong></span> <span class='ocrx_word' id='word_1_552' title='bbox 1549 1669 1668 1696; x_wconf 87' lang='lat' dir='ltr'><strong>libidinis</strong></span> <span class='ocrx_word' id='word_1_553' title='bbox 1680 1690 1687 1700; x_wconf 87' lang='grc'>,</span> 
     </span>
    </p>
   </div>
   <div class='ocr_carea' id='block_1_77' title="bbox 901 1714 1690 1751">
    <p class='ocr_par' dir='ltr' id='par_1_77' title="bbox 901 1714 1690 1751">
     <span class='ocr_line' id='line_1_77' title="bbox 901 1714 1690 1751; baseline 0.003 -11"><span class='ocrx_word' id='word_1_554' title='bbox 901 1714 949 1740; x_wconf 88' lang='lat' dir='ltr'><strong>sed</strong></span> <span class='ocrx_word' id='word_1_555' title='bbox 978 1715 1160 1749; x_wconf 76' lang='lat' dir='ltr'><strong>suscipienda:</strong></span> <span class='ocrx_word' id='word_1_556' title='bbox 1192 1716 1277 1751; x_wconf 81' lang='lat' dir='ltr'><strong>prolis</strong></span> <span class='ocrx_word' id='word_1_557' title='bbox 1304 1717 1391 1751; x_wconf 80' lang='lat' dir='ltr'><strong>gratia</strong></span> <span class='ocrx_word' id='word_1_558' title='bbox 1435 1716 1594 1748; x_wconf 80' lang='lat' dir='ltr'><strong>habebant,</strong></span> <span class='ocrx_word' id='word_1_559' title='bbox 1620 1723 1690 1751; x_wconf 84' lang='lat' dir='ltr'><strong>quos</strong></span> 
     </span>
    </p>
   </div>
   <div class='ocr_carea' id='block_1_78' title="bbox 902 1759 1687 1794">
    <p class='ocr_par' dir='ltr' id='par_1_78' title="bbox 902 1759 1687 1794">
     <span class='ocr_line' id='line_1_78' title="bbox 902 1759 1687 1794; baseline 0.003 -8"><span class='ocrx_word' id='word_1_560' title='bbox 902 1759 1038 1794; x_wconf 78' lang='lat' dir='ltr'><strong>Josephus</strong></span> <span class='ocrx_word' id='word_1_561' title='bbox 1047 1761 1197 1788; x_wconf 82' lang='lat' dir='ltr'><strong>secundum</strong></span> <span class='ocrx_word' id='word_1_562' title='bbox 1205 1770 1299 1789; x_wconf 85' lang='lat' dir='ltr'><strong>eorum</strong></span> <span class='ocrx_word' id='word_1_563' title='bbox 1314 1762 1438 1790; x_wconf 70' lang='lat' dir='ltr'><strong>haeresim</strong></span> <span class='ocrx_word' id='word_1_564' title='bbox 1450 1762 1567 1790; x_wconf 80' lang='lat' dir='ltr'><strong>Essenos</strong></span> <span class='ocrx_word' id='word_1_565' title='bbox 1575 1763 1588 1782; x_wconf 77' lang='grc' dir='ltr'>δ</span> <span class='ocrx_word' id='word_1_566' title='bbox 1598 1767 1687 1789; x_wconf 77' lang='lat' dir='ltr'><strong>vocat.</strong></span> 
     </span>
    </p>
   </div>
   <div class='ocr_carea' id='block_1_79' title="bbox 941 1805 1690 1841">
    <p class='ocr_par' dir='ltr' id='par_1_79' title="bbox 941 1805 1690 1841">
     <span class='ocr_line' id='line_1_79' title="bbox 941 1805 1690 1841; baseline -0.001 -8"><span class='ocrx_word' id='word_1_567' title='bbox 941 1805 1031 1840; x_wconf 84' lang='lat' dir='ltr'><strong>(Vers.</strong></span> <span class='ocrx_word' id='word_1_568' title='bbox 1049 1807 1087 1840; x_wconf 68' lang='grc' dir='ltr'><strong>Ξ.)</strong></span> <span class='ocrx_word' id='word_1_569' title='bbox 1109 1815 1119 1832; x_wconf 81' lang='grc'><em>‹</em></span> <span class='ocrx_word' id='word_1_570' title='bbox 1139 1807 1237 1834; x_wconf 70' lang='lat' dir='ltr'><strong>Audite</strong></span> <span class='ocrx_word' id='word_1_571' title='bbox 1255 1814 1313 1840; x_wconf 88' lang='lat' dir='ltr'><strong>me,</strong></span> <span class='ocrx_word' id='word_1_572' title='bbox 1337 1807 1435 1834; x_wconf 70' lang='lat' dir='ltr'><strong>fratres</strong></span> <span class='ocrx_word' id='word_1_573' title='bbox 1451 1807 1503 1835; x_wconf 89' lang='lat' dir='ltr'><strong>mei</strong></span> <span class='ocrx_word' id='word_1_574' title='bbox 1528 1811 1555 1834; x_wconf 87' lang='lat' dir='ltr'><strong>et</strong></span> <span class='ocrx_word' id='word_1_575' title='bbox 1575 1805 1690 1841; x_wconf 83' lang='lat' dir='ltr'><strong>populus</strong></span> 
     </span>
    </p>
   </div>
   <div class='ocr_carea' id='block_1_80' title="bbox 904 1852 1689 1887">
    <p class='ocr_par' dir='ltr' id='par_1_80' title="bbox 904 1852 1689 1887">
     <span class='ocr_line' id='line_1_80' title="bbox 904 1852 1689 1887; baseline -0.001 -9"><span class='ocrx_word' id='word_1_576' title='bbox 904 1859 993 1880; x_wconf 88' lang='lat' dir='ltr'><strong>meus.</strong></span> <span class='ocrx_word' id='word_1_577' title='bbox 1012 1860 1021 1878; x_wconf 82' lang='grc'><strong>›</strong></span> <span class='ocrx_word' id='word_1_578' title='bbox 1040 1852 1069 1879; x_wconf 93' lang='lat' dir='ltr'><strong>ln</strong></span> <span class='ocrx_word' id='word_1_579' title='bbox 1085 1852 1137 1879; x_wconf 88' lang='lat' dir='ltr'><strong>hoc</strong></span> <span class='ocrx_word' id='word_1_580' title='bbox 1152 1853 1212 1880; x_wconf 91' lang='lat' dir='ltr'><strong>loco</strong></span> <span class='ocrx_word' id='word_1_581' title='bbox 1228 1857 1255 1880; x_wconf 88' lang='lat' dir='ltr'><strong>et</strong></span> <span class='ocrx_word' id='word_1_582' title='bbox 1275 1852 1476 1880; x_wconf 85' lang='lat' dir='ltr'><strong>fraternitatem</strong></span> <span class='ocrx_word' id='word_1_583' title='bbox 1496 1857 1523 1881; x_wconf 92' lang='lat' dir='ltr'><strong>et</strong></span> <span class='ocrx_word' id='word_1_584' title='bbox 1539 1853 1689 1887; x_wconf 82' lang='lat' dir='ltr'><strong>prioratum</strong></span> 
     </span>
    </p>
   </div>
   <div class='ocr_carea' id='block_1_81' title="bbox 904 1898 1180 1925">
    <p class='ocr_par' dir='ltr' id='par_1_81' title="bbox 904 1898 1180 1925">
     <span class='ocr_line' id='line_1_81' title="bbox 904 1898 1180 1925; baseline -0.004 0"><span class='ocrx_word' id='word_1_585' title='bbox 904 1905 984 1925; x_wconf 80' lang='lat' dir='ltr'><strong>suum</strong></span> <span class='ocrx_word' id='word_1_586' title='bbox 1001 1898 1180 1925; x_wconf 69' lang='lat' dir='ltr'><strong>demonstrat.</strong></span> 
     </span>
    </p>
   </div>
   <div class='ocr_carea' id='block_1_82' title="bbox 940 1942 1690 1980">
    <p class='ocr_par' dir='ltr' id='par_1_82' title="bbox 940 1942 1690 1980">
     <span class='ocr_line' id='line_1_82' title="bbox 940 1942 1690 1980; baseline 0.001 -11"><span class='ocrx_word' id='word_1_587' title='bbox 940 1957 974 1962; x_wconf 95' lang='lat'><strong>—</strong></span> <span class='ocrx_word' id='word_1_588' title='bbox 991 1942 1068 1977; x_wconf 86' lang='lat' dir='ltr'><strong>(Cap.</strong></span> <span class='ocrx_word' id='word_1_589' title='bbox 1083 1943 1181 1971; x_wconf 78' lang='lat' dir='ltr'><strong>XXIX.</strong></span> <span class='ocrx_word' id='word_1_590' title='bbox 1199 1944 1278 1972; x_wconf 80' lang='lat' dir='ltr'><strong>Vcrs.</strong></span> <span class='ocrx_word' id='word_1_591' title='bbox 1293 1945 1351 1980; x_wconf 64' lang='grc' dir='ltr'><strong>εδ.)</strong></span> <span class='ocrx_word' id='word_1_592' title='bbox 1387 1955 1395 1971; x_wconf 73' lang='grc' dir='ltr'>ι</span> <span class='ocrx_word' id='word_1_593' title='bbox 1415 1945 1545 1979; x_wconf 81' lang='lat' dir='ltr'><strong>Seditque</strong></span> <span class='ocrx_word' id='word_1_594' title='bbox 1561 1944 1690 1972; x_wconf 76' lang='lat' dir='ltr'><strong>Salomon</strong></span> 
     </span>
    </p>
   </div>
   <div class='ocr_carea' id='block_1_83' title="bbox 906 1990 1690 2027">
    <p class='ocr_par' dir='ltr' id='par_1_83' title="bbox 906 1990 1690 2027">
     <span class='ocr_line' id='line_1_83' title="bbox 906 1990 1690 2027; baseline 0.001 -11"><span class='ocrx_word' id='word_1_595' title='bbox 906 1997 992 2024; x_wconf 81' lang='lat' dir='ltr'><strong>super</strong></span> <span class='ocrx_word' id='word_1_596' title='bbox 1006 1990 1135 2017; x_wconf 85' lang='lat' dir='ltr'><strong>thronum</strong></span> <span class='ocrx_word' id='word_1_597' title='bbox 1154 1991 1277 2024; x_wconf 85' lang='lat' dir='ltr'><strong>Domini;</strong></span> <span class='ocrx_word' id='word_1_598' title='bbox 1303 2001 1313 2017; x_wconf 73' lang='grc' dir='ltr'><strong><em>ι</em></strong></span> <span class='ocrx_word' id='word_1_599' title='bbox 1342 1995 1452 2027; x_wconf 89' lang='lat' dir='ltr'><strong>propter</strong></span> <span class='ocrx_word' id='word_1_600' title='bbox 1484 1991 1690 2019; x_wconf 84' lang='lat' dir='ltr'><strong>similitudinem</strong></span> 
     </span>
    </p>
   </div>
   <div class='ocr_carea' id='block_1_84' title="bbox 907 2038 1621 2071">
    <p class='ocr_par' dir='ltr' id='par_1_84' title="bbox 907 2038 1621 2071">
     <span class='ocr_line' id='line_1_84' title="bbox 907 2038 1621 2071; baseline 0.003 -9"><span class='ocrx_word' id='word_1_601' title='bbox 907 2038 1028 2068; x_wconf 88' lang='lat' dir='ltr'><strong>lconutu,</strong></span> <span class='ocrx_word' id='word_1_602' title='bbox 1046 2038 1093 2071; x_wconf 88' lang='lat' dir='ltr'><strong>qui</strong></span> <span class='ocrx_word' id='word_1_603' title='bbox 1106 2038 1187 2064; x_wconf 86' lang='lat' dir='ltr'><strong>etiam</strong></span> <span class='ocrx_word' id='word_1_604' title='bbox 1203 2038 1231 2065; x_wconf 92' lang='lat' dir='ltr'><strong>in</strong></span> <span class='ocrx_word' id='word_1_605' title='bbox 1251 2038 1398 2065; x_wconf 85' lang='lat' dir='ltr'><strong>Cheruhim</strong></span> <span class='ocrx_word' id='word_1_606' title='bbox 1418 2038 1621 2065; x_wconf 87' lang='lat' dir='ltr'><strong>describuntur.</strong></span> 
     </span>
    </p>
   </div>
   <div class='ocr_carea' id='block_1_85' title="bbox 943 2081 1694 2120">
    <p class='ocr_par' dir='ltr' id='par_1_85' title="bbox 943 2081 1694 2120">
     <span class='ocr_line' id='line_1_85' title="bbox 943 2081 1694 2120; baseline 0.004 -12"><span class='ocrx_word' id='word_1_607' title='bbox 943 2081 1033 2116; x_wconf 83' lang='lat' dir='ltr'><strong>(Vers.</strong></span> <span class='ocrx_word' id='word_1_608' title='bbox 1046 2083 1104 2117; x_wconf 79' lang='lat'><strong>‘29.)</strong></span> <span class='ocrx_word' id='word_1_609' title='bbox 1124 2093 1134 2109; x_wconf 76' lang='grc' dir='ltr'>ι</span> <span class='ocrx_word' id='word_1_610' title='bbox 1150 2083 1234 2111; x_wconf 80' lang='lat' dir='ltr'><strong>Gesta</strong></span> <span class='ocrx_word' id='word_1_611' title='bbox 1249 2089 1339 2112; x_wconf 90' lang='lat' dir='ltr'><strong>autem</strong></span> <span class='ocrx_word' id='word_1_612' title='bbox 1352 2084 1434 2112; x_wconf 85' lang='lat' dir='ltr'><strong>David</strong></span> <span class='ocrx_word' id='word_1_613' title='bbox 1450 2085 1541 2120; x_wconf 89' lang='lat' dir='ltr'><strong>priora</strong></span> <span class='ocrx_word' id='word_1_614' title='bbox 1558 2088 1584 2111; x_wconf 79' lang='lat' dir='ltr'><strong>ct</strong></span> <span class='ocrx_word' id='word_1_615' title='bbox 1602 2084 1694 2111; x_wconf 84' lang='lat' dir='ltr'><strong>novis-</strong></span> 
     </span>
    </p>
   </div>
   <div class='ocr_carea' id='block_1_86' title="bbox 906 2127 1690 2164">
    <p class='ocr_par' dir='ltr' id='par_1_86' title="bbox 906 2127 1690 2164">
     <span class='ocr_line' id='line_1_86' title="bbox 906 2127 1690 2164; baseline 0.004 -9"><span class='ocrx_word' id='word_1_616' title='bbox 906 2127 986 2155; x_wconf 76' lang='lat' dir='ltr'><strong>sima.</strong></span> <span class='ocrx_word' id='word_1_617' title='bbox 1020 2137 1030 2153; x_wconf 72' lang='lat' dir='ltr'><strong>s</strong></span> <span class='ocrx_word' id='word_1_618' title='bbox 1062 2128 1180 2162; x_wconf 82' lang='lat' dir='ltr'><strong>Priora,</strong></span> <span class='ocrx_word' id='word_1_619' title='bbox 1207 2131 1317 2164; x_wconf 78' lang='lat' dir='ltr'><strong>quando</strong></span> <span class='ocrx_word' id='word_1_620' title='bbox 1342 2130 1464 2163; x_wconf 72' lang='lat' dir='ltr'><strong>regnavit</strong></span> <span class='ocrx_word' id='word_1_621' title='bbox 1501 2131 1527 2157; x_wconf 94' lang='lat' dir='ltr'><strong>in</strong></span> <span class='ocrx_word' id='word_1_622' title='bbox 1559 2129 1690 2158; x_wconf 84' lang='lat' dir='ltr'><strong>llebron:</strong></span> 
     </span>
    </p>
   </div>
   <div class='ocr_carea' id='block_1_87' title="bbox 908 2173 1695 2211">
    <p class='ocr_par' dir='ltr' id='par_1_87' title="bbox 908 2173 1695 2211">
     <span class='ocr_line' id='line_1_87' title="bbox 908 2173 1695 2211; baseline 0.004 -12"><span class='ocrx_word' id='word_1_623' title='bbox 908 2173 1054 2201; x_wconf 85' lang='lat' dir='ltr'><strong>novissima</strong></span> <span class='ocrx_word' id='word_1_624' title='bbox 1072 2193 1081 2206; x_wconf 90' lang='lat'><strong>,</strong></span> <span class='ocrx_word' id='word_1_625' title='bbox 1114 2176 1222 2210; x_wconf 85' lang='lat' dir='ltr'><strong>quando</strong></span> <span class='ocrx_word' id='word_1_626' title='bbox 1251 2176 1375 2211; x_wconf 84' lang='lat' dir='ltr'><strong>regnavit</strong></span> <span class='ocrx_word' id='word_1_627' title='bbox 1405 2177 1432 2203; x_wconf 94' lang='lat' dir='ltr'><strong>in</strong></span> <span class='ocrx_word' id='word_1_628' title='bbox 1458 2176 1623 2203; x_wconf 81' lang='lat' dir='ltr'><strong>Jerusalem.</strong></span> <span class='ocrx_word' id='word_1_629' title='bbox 1640 2175 1695 2202; x_wconf 87' lang='lat' dir='ltr'><strong>No-</strong></span> 
     </span>
    </p>
   </div>
   <div class='ocr_carea' id='block_1_88' title="bbox 909 2220 1693 2257">
    <p class='ocr_par' dir='ltr' id='par_1_88' title="bbox 909 2220 1693 2257">
     <span class='ocr_line' id='line_1_88' title="bbox 909 2220 1693 2257; baseline 0.005 -12"><span class='ocrx_word' id='word_1_630' title='bbox 909 2220 1020 2247; x_wconf 80' lang='lat' dir='ltr'><strong>tandum</strong></span> <span class='ocrx_word' id='word_1_631' title='bbox 1035 2220 1110 2254; x_wconf 82' lang='lat' dir='ltr'><strong>quod</strong></span> <span class='ocrx_word' id='word_1_632' title='bbox 1124 2222 1307 2256; x_wconf 74' lang='lat' dir='ltr'><strong>quadraginta</strong></span> <span class='ocrx_word' id='word_1_633' title='bbox 1324 2223 1402 2250; x_wconf 88' lang='lat' dir='ltr'><strong>annis</strong></span> <span class='ocrx_word' id='word_1_634' title='bbox 1417 2230 1546 2257; x_wconf 72' lang='lat' dir='ltr'><strong>regnasse</strong></span> <span class='ocrx_word' id='word_1_635' title='bbox 1564 2222 1693 2257; x_wconf 74' lang='lat' dir='ltr'><strong>perbibe-</strong></span> 
     </span>
    </p>
   </div>
   <div class='ocr_carea' id='block_1_89' title="bbox 909 2266 1693 2302">
    <p class='ocr_par' dir='ltr' id='par_1_89' title="bbox 909 2266 1693 2302">
     <span class='ocr_line' id='line_1_89' title="bbox 909 2266 1693 2302; baseline 0.004 -10"><span class='ocrx_word' id='word_1_636' title='bbox 909 2271 963 2298; x_wconf 82' lang='lat' dir='ltr'><strong>tur,</strong></span> <span class='ocrx_word' id='word_1_637' title='bbox 986 2271 1012 2293; x_wconf 94' lang='lat' dir='ltr'><strong>et</strong></span> <span class='ocrx_word' id='word_1_638' title='bbox 1030 2266 1057 2293; x_wconf 89' lang='lat' dir='ltr'><strong>in</strong></span> <span class='ocrx_word' id='word_1_639' title='bbox 1083 2266 1167 2294; x_wconf 87' lang='lat' dir='ltr'><strong>Libro</strong></span> <span class='ocrx_word' id='word_1_640' title='bbox 1181 2267 1291 2295; x_wconf 88' lang='lat' dir='ltr'><strong>Samuel</strong></span> <span class='ocrx_word' id='word_1_641' title='bbox 1310 2269 1430 2296; x_wconf 78' lang='lat' dir='ltr'><strong>secundo</strong></span> <span class='ocrx_word' id='word_1_642' title='bbox 1447 2268 1576 2295; x_wconf 85' lang='lat' dir='ltr'><strong>scribitur</strong></span> <span class='ocrx_word' id='word_1_643' title='bbox 1591 2273 1693 2302; x_wconf 82' lang='lat' dir='ltr'><strong>septem</strong></span> 
     </span>
    </p>
   </div>
   <div class='ocr_carea' id='block_1_90' title="bbox 51 2307 1694 2353">
    <p class='ocr_par' dir='ltr' id='par_1_90' title="bbox 51 2307 1694 2353">
     <span class='ocr_line' id='line_1_90' title="bbox 51 2307 1694 2353; baseline -0.004 -5"><span class='ocrx_word' id='word_1_644' title='bbox 51 2327 108 2350; x_wconf 78' lang='lat' dir='ltr'><strong>aut</strong></span> <span class='ocrx_word' id='word_1_645' title='bbox 127 2319 225 2353; x_wconf 84' lang='lat' dir='ltr'><strong>aliquo</strong></span> <span class='ocrx_word' id='word_1_646' title='bbox 247 2314 400 2344; x_wconf 78' lang='lat' dir='ltr'><strong>ministerio</strong></span> <span class='ocrx_word' id='word_1_647' title='bbox 418 2311 505 2346; x_wconf 79' lang='lat' dir='ltr'><strong>fungi.</strong></span> <span class='ocrx_word' id='word_1_648' title='bbox 529 2309 598 2343; x_wconf 71' lang='lat' dir='ltr'><strong>Qui:</strong></span> <span class='ocrx_word' id='word_1_649' title='bbox 625 2315 690 2336; x_wconf 77' lang='lat' dir='ltr'><strong>vero</strong></span> <span class='ocrx_word' id='word_1_650' title='bbox 705 2307 789 2335; x_wconf 66' lang='lat' dir='ltr'><strong>David</strong></span> <span class='ocrx_word' id='word_1_651' title='bbox 805 2315 853 2342; x_wconf 63' lang='grc' dir='ltr'><strong>είδ-</strong></span> <span class='ocrx_word' id='word_1_652' title='bbox 868 2307 894 2336; x_wconf 82' lang='grc' dir='ltr'><strong>ι)</strong></span> <span class='ocrx_word' id='word_1_653' title='bbox 908 2312 988 2339; x_wconf 85' lang='lat' dir='ltr'><strong>annis</strong></span> <span class='ocrx_word' id='word_1_654' title='bbox 1009 2317 1036 2340; x_wconf 94' lang='lat' dir='ltr'><strong>et</strong></span> <span class='ocrx_word' id='word_1_655' title='bbox 1066 2321 1113 2341; x_wconf 81' lang='lat' dir='ltr'><strong>sex</strong></span> <span class='ocrx_word' id='word_1_656' title='bbox 1131 2315 1273 2342; x_wconf 71' lang='lat' dir='ltr'><strong>mensibus</strong></span> <span class='ocrx_word' id='word_1_657' title='bbox 1288 2315 1315 2342; x_wconf 91' lang='lat' dir='ltr'><strong>in</strong></span> <span class='ocrx_word' id='word_1_658' title='bbox 1344 2315 1451 2347; x_wconf 83' lang='lat' dir='ltr'><strong>Hebrou</strong></span> <span class='ocrx_word' id='word_1_659' title='bbox 1463 2333 1471 2346; x_wconf 90' lang='lat'><strong>,</strong></span> <span class='ocrx_word' id='word_1_660' title='bbox 1491 2315 1518 2341; x_wconf 92' lang='lat' dir='ltr'><strong>in</strong></span> <span class='ocrx_word' id='word_1_661' title='bbox 1544 2314 1694 2342; x_wconf 78' lang='lat' dir='ltr'><strong>Jerusalem</strong></span> 
     </span>
    </p>
   </div>
   <div class='ocr_carea' id='block_1_91' title="bbox 54 2353 853 2398">
    <p class='ocr_par' dir='ltr' id='par_1_91' title="bbox 54 2353 853 2398">
     <span class='ocr_line' id='line_1_91' title="bbox 54 2353 853 2398; baseline -0.025 -3"><span class='ocrx_word' id='word_1_662' title='bbox 54 2362 297 2398; x_wconf 73' lang='lat' dir='ltr'><strong>tirraliterjussit</strong></span> <span class='ocrx_word' id='word_1_663' title='bbox 321 2367 417 2388; x_wconf 88' lang='lat' dir='ltr'><strong>omnes</strong></span> <span class='ocrx_word' id='word_1_664' title='bbox 434 2357 585 2388; x_wconf 87' lang='lat' dir='ltr'><strong>numerari,</strong></span> <span class='ocrx_word' id='word_1_665' title='bbox 610 2361 637 2382; x_wconf 90' lang='lat' dir='ltr'><strong>et</strong></span> <span class='ocrx_word' id='word_1_666' title='bbox 650 2361 731 2388; x_wconf 85' lang='lat' dir='ltr'><strong>supra</strong></span> <span class='ocrx_word' id='word_1_667' title='bbox 751 2353 853 2388; x_wconf 62' lang='lat' dir='ltr'><strong>viginti,</strong></span> 
     </span>
    </p>
   </div>
   <div class='ocr_carea' id='block_1_92' title="bbox 97 2428 770 2468">
    <p class='ocr_par' dir='ltr' id='par_1_92' title="bbox 97 2428 770 2468">
     <span class='ocr_line' id='line_1_92' title="bbox 97 2428 770 2468; baseline -0.019 -3"><span class='ocrx_word' id='word_1_668' title='bbox 97 2440 107 2455; x_wconf 82' lang='lat'><strong>‘</strong></span> <span class='ocrx_word' id='word_1_669' title='bbox 127 2433 309 2468; x_wconf 70' lang='lat' dir='ltr'><strong>ManuScripti</strong></span> <span class='ocrx_word' id='word_1_670' title='bbox 326 2432 401 2463; x_wconf 86' lang='lat' dir='ltr'><strong>libri,</strong></span> <span class='ocrx_word' id='word_1_671' title='bbox 413 2439 429 2457; x_wconf 87' lang='lat' dir='ltr'><strong>o</strong></span> <span class='ocrx_word' id='word_1_672' title='bbox 443 2430 535 2468; x_wconf 68' lang='lat' dir='ltr'><strong>viginti</strong></span> <span class='ocrx_word' id='word_1_673' title='bbox 552 2428 629 2468; x_wconf 67' lang='lat' dir='ltr'><strong>annis</strong></span> <span class='ocrx_word' id='word_1_674' title='bbox 644 2432 770 2468; x_wconf 61' lang='lat' dir='ltr'><strong>etsupru.</strong></span> 
     </span>
    </p>
   </div>
   <div class='ocr_carea' id='block_1_93' title="bbox 99 2464 857 2503">
    <p class='ocr_par' dir='ltr' id='par_1_93' title="bbox 99 2464 857 2503">
     <span class='ocr_line' id='line_1_93' title="bbox 99 2464 857 2503; baseline -0.008 -12"><span class='ocrx_word' id='word_1_675' title='bbox 99 2477 110 2491; x_wconf 74' lang='grc' dir='ltr'><strong>ι</strong></span> <span class='ocrx_word' id='word_1_676' title='bbox 127 2464 304 2503; x_wconf 63' lang='lat' dir='ltr'><strong>Coniunctim</strong></span> <span class='ocrx_word' id='word_1_677' title='bbox 324 2464 643 2503; x_wconf 55' lang='lat' dir='ltr'><strong>leguttturpumstinnes</strong></span> <span class='ocrx_word' id='word_1_678' title='bbox 667 2464 769 2503; x_wconf 43' lang='lat' dir='ltr'><strong>istm&#39;in</strong></span> <span class='ocrx_word' id='word_1_679' title='bbox 789 2467 857 2503; x_wconf 67' lang='lat' dir='ltr'><strong>mss.</strong></span> 
     </span>
    </p>
   </div>
   <div class='ocr_carea' id='block_1_94' title="bbox 53 2496 859 2538">
    <p class='ocr_par' dir='ltr' id='par_1_94' title="bbox 53 2496 859 2538">
     <span class='ocr_line' id='line_1_94' title="bbox 53 2496 859 2538; baseline -0.021 0"><span class='ocrx_word' id='word_1_680' title='bbox 53 2496 293 2538; x_wconf 35' lang='lat' dir='ltr'><strong>codicibusnec</strong></span> <span class='ocrx_word' id='word_1_681' title='bbox 313 2496 367 2530; x_wconf 71' lang='lat' dir='ltr'><strong>ulla</strong></span> <span class='ocrx_word' id='word_1_682' title='bbox 386 2502 413 2528; x_wconf 94' lang='lat' dir='ltr'><strong>in</strong></span> <span class='ocrx_word' id='word_1_683' title='bbox 437 2496 492 2538; x_wconf 84' lang='lat' dir='ltr'><strong>illis</strong></span> <span class='ocrx_word' id='word_1_684' title='bbox 505 2503 547 2538; x_wconf 78' lang='lat' dir='ltr'><strong>est</strong></span> <span class='ocrx_word' id='word_1_685' title='bbox 564 2497 704 2538; x_wconf 69' lang='lat' dir='ltr'><strong>distinctio</strong></span> <span class='ocrx_word' id='word_1_686' title='bbox 729 2496 800 2523; x_wconf 84' lang='lat' dir='ltr'><strong>inter</strong></span> <span class='ocrx_word' id='word_1_687' title='bbox 826 2496 859 2521; x_wconf 93' lang='lat' dir='ltr'><strong>Ii-</strong></span> 
     </span>
    </p>
   </div>
   <div class='ocr_carea' id='block_1_95' title="bbox 52 2532 859 2577">
    <p class='ocr_par' dir='ltr' id='par_1_95' title="bbox 52 2532 859 2577">
     <span class='ocr_line' id='line_1_95' title="bbox 52 2532 859 2577; baseline -0.022 -4"><span class='ocrx_word' id='word_1_688' title='bbox 52 2532 283 2577; x_wconf 42' lang='lat' dir='ltr'><strong>Similia-imm</strong></span> <span class='ocrx_word' id='word_1_689' title='bbox 304 2543 331 2566; x_wconf 89' lang='lat' dir='ltr'><strong>et</strong></span> <span class='ocrx_word' id='word_1_690' title='bbox 352 2536 516 2565; x_wconf 88' lang='lat' dir='ltr'><strong>secundum.</strong></span> <span class='ocrx_word' id='word_1_691' title='bbox 532 2534 567 2561; x_wconf 81' lang='lat' dir='ltr'><strong>At</strong></span> <span class='ocrx_word' id='word_1_692' title='bbox 584 2532 761 2560; x_wconf 81' lang='lat' dir='ltr'><strong>Colbertinus</strong></span> <span class='ocrx_word' id='word_1_693' title='bbox 774 2538 859 2564; x_wconf 87' lang='lat' dir='ltr'><strong>supra</strong></span> 
     </span>
    </p>
   </div>
   <div class='ocr_carea' id='block_1_96' title="bbox 96 2609 858 2650">
    <p class='ocr_par' dir='ltr' id='par_1_96' title="bbox 96 2609 858 2650">
     <span class='ocr_line' id='line_1_96' title="bbox 96 2609 858 2650; baseline -0.017 -2"><span class='ocrx_word' id='word_1_694' title='bbox 96 2631 106 2641; x_wconf 80' lang='grc' dir='ltr'>ι</span> <span class='ocrx_word' id='word_1_695' title='bbox 125 2620 223 2650; x_wconf 69' lang='lat' dir='ltr'><strong>Nosti-i</strong></span> <span class='ocrx_word' id='word_1_696' title='bbox 242 2625 307 2646; x_wconf 81' lang='lat' dir='ltr'><strong>vero</strong></span> <span class='ocrx_word' id='word_1_697' title='bbox 326 2623 394 2643; x_wconf 87' lang='lat' dir='ltr'><strong>mss.</strong></span> <span class='ocrx_word' id='word_1_698' title='bbox 421 2615 564 2650; x_wconf 66' lang='lat' dir='ltr'><strong>impressa</strong></span> <span class='ocrx_word' id='word_1_699' title='bbox 579 2610 689 2639; x_wconf 84' lang='lat' dir='ltr'><strong>lectioni</strong></span> <span class='ocrx_word' id='word_1_700' title='bbox 706 2609 858 2637; x_wconf 86' lang='lat' dir='ltr'><strong>rectissime</strong></span> 
     </span>
    </p>
   </div>
   <div class='ocr_carea' id='block_1_97' title="bbox 52 2660 857 2722">
    <p class='ocr_par' dir='ltr' id='par_1_97' title="bbox 52 2660 857 2722">
     <span class='ocr_line' id='line_1_97' title="bbox 52 2660 857 2722; baseline -0.021 -1"><span class='ocrx_word' id='word_1_701' title='bbox 52 2660 301 2720; x_wconf 51' lang='lat' dir='ltr'><strong>.uEerElsliznis</strong></span> <span class='ocrx_word' id='word_1_702' title='bbox 317 2683 590 2722; x_wconf 71' lang='lat' dir='ltr'><strong>loqttiturJoscpims,</strong></span> <span class='ocrx_word' id='word_1_703' title='bbox 607 2682 654 2709; x_wconf 92' lang='lat' dir='ltr'><strong>lib.</strong></span> <span class='ocrx_word' id='word_1_704' title='bbox 672 2681 702 2707; x_wconf 77' lang='lat' dir='ltr'><strong>de</strong></span> <span class='ocrx_word' id='word_1_705' title='bbox 718 2679 796 2722; x_wconf 45' lang='lat' dir='ltr'><strong>iisti:</strong></span> <span class='ocrx_word' id='word_1_706' title='bbox 806 2678 857 2722; x_wconf 50' lang='lat' dir='ltr'><strong>In:</strong></span> 
     </span>
    </p>
   </div>
   <div class='ocr_carea' id='block_1_98' title="bbox 50 2714 857 2760">
    <p class='ocr_par' dir='ltr' id='par_1_98' title="bbox 50 2714 857 2760">
     <span class='ocr_line' id='line_1_98' title="bbox 50 2714 857 2760; baseline -0.022 -2"><span class='ocrx_word' id='word_1_707' title='bbox 50 2714 298 2760; x_wconf 23' lang='lat' dir='ltr'><strong>daicofc—avpsb.‘</strong></span> <span class='ocrx_word' id='word_1_708' title='bbox 310 2714 398 2750; x_wconf 62' lang='lat' dir='ltr'><strong>verus</strong></span> <span class='ocrx_word' id='word_1_709' title='bbox 410 2725 501 2748; x_wconf 89' lang='lat' dir='ltr'><strong>autem</strong></span> <span class='ocrx_word' id='word_1_710' title='bbox 512 2714 517 2718; x_wconf 84' lang='grc'><em>’</em></span> <span class='ocrx_word' id='word_1_711' title='bbox 530 2717 642 2744; x_wconf 86' lang='lat' dir='ltr'><strong>Hieron.</strong></span> <span class='ocrx_word' id='word_1_712' title='bbox 665 2720 745 2750; x_wconf 82' lang='lat' dir='ltr'><strong>epist.</strong></span> <span class='ocrx_word' id='word_1_713' title='bbox 762 2714 808 2747; x_wconf 73' lang='lat'><strong>2&#39;2,</strong></span> <span class='ocrx_word' id='word_1_714' title='bbox 823 2714 857 2740; x_wconf 81' lang='lat' dir='ltr'><strong>ad</strong></span> 
     </span>
    </p>
   </div>
   <div class='ocr_carea' id='block_1_99' title="bbox 910 2357 1389 2395">
    <p class='ocr_par' dir='ltr' id='par_1_99' title="bbox 910 2357 1389 2395">
     <span class='ocr_line' id='line_1_99' title="bbox 910 2357 1389 2395; baseline 0.008 -12"><span class='ocrx_word' id='word_1_715' title='bbox 910 2357 1020 2392; x_wconf 85' lang='lat' dir='ltr'><strong>triginta</strong></span> <span class='ocrx_word' id='word_1_716' title='bbox 1037 2363 1092 2387; x_wconf 84' lang='lat' dir='ltr'><strong>tres</strong></span> <span class='ocrx_word' id='word_1_717' title='bbox 1105 2360 1115 2375; x_wconf 87' lang='grc'><strong><em>³</em></strong></span> <span class='ocrx_word' id='word_1_718' title='bbox 1127 2359 1172 2393; x_wconf 83' lang='lat' dir='ltr'><strong>(Il</strong></span> <span class='ocrx_word' id='word_1_719' title='bbox 1184 2359 1249 2395; x_wconf 82' lang='lat' dir='ltr'><strong>Reg.</strong></span> <span class='ocrx_word' id='word_1_720' title='bbox 1265 2369 1293 2394; x_wconf 92' lang='lat' dir='ltr'><strong>v,</strong></span> <span class='ocrx_word' id='word_1_721' title='bbox 1309 2360 1335 2394; x_wconf 73' lang='grc' dir='ltr'><strong>ι,</strong></span> <span class='ocrx_word' id='word_1_722' title='bbox 1350 2360 1389 2394; x_wconf 81' lang='lat'><strong>5).</strong></span> 
     </span>
    </p>
   </div>
   <div class='ocr_carea' id='block_1_100' title="bbox 912 2427 1695 2458">
    <p class='ocr_par' dir='ltr' id='par_1_100' title="bbox 912 2427 1695 2458">
     <span class='ocr_line' id='line_1_100' title="bbox 912 2427 1695 2458; baseline 0.004 -4"><span class='ocrx_word' id='word_1_723' title='bbox 912 2427 1039 2457; x_wconf 82' lang='lat' dir='ltr'><strong>laudatus</strong></span> <span class='ocrx_word' id='word_1_724' title='bbox 1070 2431 1142 2458; x_wconf 90' lang='lat' dir='ltr'><strong>hune</strong></span> <span class='ocrx_word' id='word_1_725' title='bbox 1168 2431 1267 2458; x_wconf 88' lang='lat' dir='ltr'><strong>retinet</strong></span> <span class='ocrx_word' id='word_1_726' title='bbox 1298 2430 1418 2458; x_wconf 85' lang='lat' dir='ltr'><strong>titulum</strong></span> <span class='ocrx_word' id='word_1_727' title='bbox 1435 2429 1556 2457; x_wconf 81' lang='lat' dir='ltr'><strong>miniatis</strong></span> <span class='ocrx_word' id='word_1_728' title='bbox 1577 2430 1695 2457; x_wconf 81' lang='lat' dir='ltr'><strong>litteris:</strong></span> 
     </span>
    </p>
   </div>
   <div class='ocr_carea' id='block_1_101' title="bbox 913 2462 1695 2501">
    <p class='ocr_par' dir='ltr' id='par_1_101' title="bbox 913 2462 1695 2501">
     <span class='ocr_line' id='line_1_101' title="bbox 913 2462 1695 2501; baseline 0.001 -11"><span class='ocrx_word' id='word_1_729' title='bbox 913 2462 1025 2501; x_wconf 66' lang='lat' dir='ltr'><strong>finiunt</strong></span> <span class='ocrx_word' id='word_1_730' title='bbox 1044 2465 1209 2498; x_wconf 72' lang='lat' dir='ltr'><strong>Quwstiones</strong></span> <span class='ocrx_word' id='word_1_731' title='bbox 1235 2467 1266 2492; x_wconf 74' lang='lat' dir='ltr'><strong>de</strong></span> <span class='ocrx_word' id='word_1_732' title='bbox 1289 2465 1355 2493; x_wconf 81' lang='lat' dir='ltr'><strong>libro</strong></span> <span class='ocrx_word' id='word_1_733' title='bbox 1371 2466 1456 2501; x_wconf 81' lang='lat' dir='ltr'><strong>primo</strong></span> <span class='ocrx_word' id='word_1_734' title='bbox 1483 2465 1695 2499; x_wconf 82' lang='lat' dir='ltr'><strong>Purulipomeni.</strong></span> 
     </span>
    </p>
   </div>
   <div class='ocr_carea' id='block_1_102' title="bbox 913 2496 1234 2535">
    <p class='ocr_par' dir='ltr' id='par_1_102' title="bbox 913 2496 1234 2535">
     <span class='ocr_line' id='line_1_102' title="bbox 913 2496 1234 2535; baseline 0.012 -11"><span class='ocrx_word' id='word_1_735' title='bbox 913 2496 1093 2535; x_wconf 49' lang='lat' dir='ltr'><strong>Incipiunt-de</strong></span> <span class='ocrx_word' id='word_1_736' title='bbox 1108 2503 1234 2528; x_wconf 82' lang='lat' dir='ltr'><strong>secundo.</strong></span> 
     </span>
    </p>
   </div>
   <div class='ocr_carea' id='block_1_103' title="bbox 917 2611 1697 2647">
    <p class='ocr_par' dir='ltr' id='par_1_103' title="bbox 917 2611 1697 2647">
     <span class='ocr_line' id='line_1_103' title="bbox 917 2611 1697 2647; baseline -0.003 -9"><span class='ocrx_word' id='word_1_737' title='bbox 917 2612 1043 2639; x_wconf 77' lang='lat' dir='ltr'><strong>Eustotk.</strong></span> <span class='ocrx_word' id='word_1_738' title='bbox 1072 2620 1148 2639; x_wconf 89' lang='lat' dir='ltr'><strong>num.</strong></span> <span class='ocrx_word' id='word_1_739' title='bbox 1176 2613 1211 2639; x_wconf 78' lang='lat'><strong>35</strong></span> <span class='ocrx_word' id='word_1_740' title='bbox 1228 2621 1235 2639; x_wconf 90' lang='lat'><strong>:</strong></span> <span class='ocrx_word' id='word_1_741' title='bbox 1258 2621 1266 2638; x_wconf 76' lang='grc' dir='ltr'>ί</span> <span class='ocrx_word' id='word_1_742' title='bbox 1285 2611 1364 2639; x_wconf 86' lang='lat' dir='ltr'><strong>Tales</strong></span> <span class='ocrx_word' id='word_1_743' title='bbox 1382 2613 1433 2647; x_wconf 80' lang='lat' dir='ltr'><strong>(sc.</strong></span> <span class='ocrx_word' id='word_1_744' title='bbox 1452 2611 1635 2645; x_wconf 84' lang='lat' dir='ltr'><strong>continentes)</strong></span> <span class='ocrx_word' id='word_1_745' title='bbox 1650 2611 1697 2638; x_wconf 82' lang='lat' dir='ltr'><strong>Jo-</strong></span> 
     </span>
    </p>
   </div>
   <div class='ocr_carea' id='block_1_104' title="bbox 917 2647 1696 2682">
    <p class='ocr_par' dir='ltr' id='par_1_104' title="bbox 917 2647 1696 2682">
     <span class='ocr_line' id='line_1_104' title="bbox 917 2647 1696 2682; baseline 0.001 -10"><span class='ocrx_word' id='word_1_746' title='bbox 917 2649 1019 2681; x_wconf 79' lang='lat' dir='ltr'><strong>seplius</strong></span> <span class='ocrx_word' id='word_1_747' title='bbox 1044 2647 1072 2674; x_wconf 91' lang='lat' dir='ltr'><strong>in</strong></span> <span class='ocrx_word' id='word_1_748' title='bbox 1100 2649 1220 2675; x_wconf 84' lang='lat' dir='ltr'><strong>secunda</strong></span> <span class='ocrx_word' id='word_1_749' title='bbox 1246 2647 1368 2675; x_wconf 74' lang='lat' dir='ltr'><strong>Judaica:</strong></span> <span class='ocrx_word' id='word_1_750' title='bbox 1396 2648 1562 2682; x_wconf 71' lang='lat' dir='ltr'><strong>captivitatis</strong></span> <span class='ocrx_word' id='word_1_751' title='bbox 1582 2647 1696 2675; x_wconf 77' lang='lat' dir='ltr'><strong>historia</strong></span> 
     </span>
    </p>
   </div>
   <div class='ocr_carea' id='block_1_105' title="bbox 916 2682 1496 2710">
    <p class='ocr_par' dir='ltr' id='par_1_105' title="bbox 916 2682 1496 2710">
     <span class='ocr_line' id='line_1_105' title="bbox 916 2682 1496 2710; baseline -0.003 -1"><span class='ocrx_word' id='word_1_752' title='bbox 916 2682 1033 2710; x_wconf 74' lang='lat' dir='ltr'><strong>Essenos</strong></span> <span class='ocrx_word' id='word_1_753' title='bbox 1049 2683 1141 2710; x_wconf 81' lang='lat' dir='ltr'><strong>refert.</strong></span> <span class='ocrx_word' id='word_1_754' title='bbox 1161 2692 1170 2708; x_wconf 79' lang='grc' dir='ltr'><strong><em>ι</em></strong></span> <span class='ocrx_word' id='word_1_755' title='bbox 1491 2693 1496 2702; x_wconf 82' lang='lat'><strong><em>=</em></strong></span> 
     </span>
    </p>
   </div>
  </div>
