4198 6350
745 342 888 406 1455

2158 351 2562 420 APPENDIX.

3897 362 4013 428 1456

770 499 3996 552 _______________________,____________

1355 673 1477 762 IN
1558 673 2012 764 LIBRUM
2097 680 2185 768 II
2263 679 3387 785 PARALIPOMENON‘.

829 971 982 1041 (Cap.
1016 972 1055 1023 l.
1089 999 1155 1008 —
1193 967 1348 1021 νει-ε.
1402 969 1454 1021 8.
1512 984 1529 1017 ι
1591 965 1792 1022 Fecisti
1849 985 1972 1024 cum
2008 981 2162 1041 patre
2214 989 2336 1027 meo
2367 992 2411 1038 Α

759 1061 1189 1119 misericordiam
1221 1075 1470 1129 magnam
1500 1099 1514 1124 ,
1551 1073 1603 1115 et
1646 1062 1982 1116 constituisti
2037 1081 2120 1119 me
2155 1081 2335 1136 regem

760 1171 858 1226 pro
884 1170 972 1210 eo.
1026 1175 1043 1207 ι
1089 1156 1222 1222 Quia
1257 1156 1559 1208 secundum
1599 1154 1773 1224 legem
1842 1157 2175 1227 prohibitum
2223 1170 2341 1216 erat

760 1265 829 1302 ne
857 1249 982 1318 quis
1036 1247 1104 1302 de
1141 1247 1364 1302 alterius
1399 1262 1571 1302 uxore
1626 1257 1923 1318 generatus
1974 1251 2204 1306 auderet
2258 1253 2339 1308 iti-

762 1345 929 1396 tt'oire
961 1341 1258 1396 Ecclesiam
1300 1341 1412 1395 Dei.

829 1432 1007 1494 (Vers.
1035 1433 1164 1492 Li.)
1200 1451 1216 1483 ι
1261 1432 1325 1486 Et
1355 1432 1481 1486 fecit
1540 1448 1631 1486 eos
1655 1448 1776 1487 esse
1833 1435 1884 1487 in
1928 1433 2162 1490 urbibus
2198 1454 2337 1506 qua-

765 1526 1062 1593 drigarum,
1096 1534 1148 1578 et
1187 1541 1308 1578 cum
1339 1540 1462 1594 rege
1499 1527 1548 1577 iu
1574 1523 1898 1580 Jerusalem.
1933 1545 1950 1576 ›
2000 1526 2171 1581 Urbes
2197 1545 2335 1598 qua-

764 1619 1034 1686 drigarum
1086 1621 1212 1671 dicit
1248 1629 1425 1672 cortes
1459 1619 1510 1682 ⁸,
1571 1635 1692 1685 qum
1746 1621 1798 1671 in
1836 1619 2142 1673 Jerusalem
2179 1633 2338 1676 erant

763 1709 1043 1761 aediﬁcata.-
1063 1710 1127 1760 ad
1169 1709 1453 1763 stationem
1520 1723 1808 1772 curruum,
1849 1709 1992 1778 quod
2020 1719 2074 1763 et
2102 1726 2338 1781 sequen-

764 1800 836 1852 tia
885 1807 1213 1862 monstrant,
1272 1815 1395 1852 cum
1432 1799 1671 1853 dicitur:
1714 1819 1731 1850 r
1765 1799 1973 1852 Etcum
2015 1815 2137 1868 rege
2162 1801 2330 1855 Jeru-

763 1891 949 1944 salem.
985 1910 1004 1942 ι

835 1979 1013 2050 (Vers.
1060 1981 1171 2050 16.)
1197 2001 1213 2032 ‹
1240 1981 1375 2048 Equi
1407 1983 1471 2036 de
1497 1982 1734 2054 Egypto
1756 1994 1808 2037 et
1842 1987 1906 2038 de
1935 1985 2107 2042 Choa.
2149 2007 2164 2037 ι
2193 1989 2339 2040 Clioa

769 2071 860 2124 alii
897 2071 1084 2125 dicunt
1139 2072 1371 2134 insulam
1434 2088 1555 2127 esse
1612 2091 1774 2127 unam
1813 2078 1878 2130 de
1903 2076 2252 2145 Cycladibus.
2287 2079 2338 2130 in

766 2177 873 2230 qua
893 2162 993 2216 fuit
1021 2162 1390 2234 IEsculapius.
1429 2161 1638 2219 Hebraei
1677 2166 1885 2232 dicunt,
1918 2178 1969 2220 et
1999 2169 2101 2220 huc
2127 2170 2342 2223 nomine

765 2255 1240 2324 congregationem
1292 2254 1611 2323 significari.

840 2345 1008 2416 (Cap.
1037 2345 1104 2400 ll.
1132 2376 1194 2384 —
1236 2347 1391 2400 Vcrs.
1427 2347 1553 2414 15.)
1607 2347 1658 2400 ln
1713 2347 2165 2416 Paralipomenon
2229 2347 2335 2402 llu-
2374 2347 2414 2403 Β

772 2453 909 2501 ram,
942 2437 1082 2504 quod
1118 2437 1512 2504 interpretatur
1555 2435 1691 2491 Deus
1729 2437 1962 2490 excelsus
1991 2455 2005 2491 :
2031 2438 2082 2490 in
2127 2438 2336 2506 Regum

776 2525 1046 2592 lliramUl
1067 2525 1188 2594 (leg.
1215 2543 1265 2589 ν,
1295 2527 1382 2593 Η)
1421 2528 1562 2595 quod
1587 2532 1992 2596 interpretatur,
2023 2531 2141 2582 civit
2173 2531 2343 2582 arcel-

766 2635 884 2671 sus.
919 2618 1144 2683 Nisique
1173 2621 1263 2672 tibi
1303 2618 1510 2670 "urant
1560 2630 1760 2687 patrem
1795 2637 1986 2674 meum.
2017 2621 2115 2675 llic
2140 2622 2342 2675 Huram

774 2713 920 2768 illius
944 2711 1046 2765 fuit
1104 2712 1357 2765 mulieris'
1380 2715 1444 2766 de
1496 2713 1748 2782 progenie
1785 2713 2073 2775 SaIOmith,
2106 2718 2168 2769 de
2204 2717 2344 2768 tribu

778 2805 912 2868 Dan,
955 2805 1046 2874 qui
1095 2806 1146 2858 in
1220 2805 1357 2858 libro
1404 2802 1762 2858 Numerorum
1817 2807 2095 2858 scribitur.
2129 2806 2338 2860 Patrem

778 2912 904 2950 vero
935 2897 1054 2966 ejus
1087 2898 1315 2951 tradunt
1342 2896 1548 2951 Πρυταξὶ
1583 2897 1752 2951 fuisse
1789 2898 2078 2950 Hebraeum
2114 2903 2180 2952 de
2223 2915 2351 2966 pro-

780 2990 936 3052 genie
984 2991 1196 3054 Ooliab,
1252 2992 1318 3042 dc
1362 2991 1500 3042 tribu
1552 2986 1700 3053 ‘Dan,
1739 2991 1835 3060 qui
1897 2991 1948 3042 in
1983 3005 2170 3043 eremo
2225 3005 2349 3042 cmn

787 3079 1019 3133 Beseleel
1063 3089 1320 3149 operatus
1354 3091 1456 3133 est.
1493 3081 1648 3145 Quod
1705 3095 1831 3132 vero
1865 3081 1954 3133 liie
1993 3079 2209 3147 Tyrium
2231 3096 2351 3132 eum

785 3181 959 3236 vocat,
993 3172 1064 3224 illi
1117 3172 1309 3225 dicunt
1358 3173 1460 3224 hoc
1515 3172 1868 3225 translatione
1926 3169 2127 3222 factum
2159 3169 2351 3221 fuisse.

783 3263 938 3317 Zoori
978 3266 1120 3318 enim
1169 3264 1350 3333 lingua
1386 3278 1573 3317 eorum
1645 3261 1939 3331 plasntator
2001 3261 2352 3330 intelligitur.

781 3356 961 3427 Tyrus
1017 3358 1190 3420 enim,
1258 3371 1421 3426 quam
1453 3357 1527 3409 illi
1563 3355 1666 3409 Sor
1690 3365 1911 3420 vocant,
1945 3353 1997 3407 iit
2032 3353 2354 3423 quihusdam

776 3452 918 3503 locis
965 3450 1238 3517 angustia,
1284 3449 1337 3502 in
1385 3447 1713 3518 quibusdam
1777 3446 2065 3516 plasmatio
2129 3445 2358 3514 intelligi

782 3539 941 3592 solet.
979 3538 1188 3593 Idcirco
1261 3550 1420 3594 vocat
1474 3537 1625 3592 illum
1679 3547 1886 3607 patrem
1913 3551 2099 3600 suum,
2133 3536 2261 3605 quia
2290 3534 2356 3588 ad

789 3648 912 3684 cum
938 3631 1004 3686 de
1035 3642 1178 3686 terra
1234 3631 1397 3685 Israel
1431 3631 1496 3684 ad
1535 3631 1989 3701 peregrinandum
2056 3627 2357 3698 proiectus,

2515 985 2533 1049 (
2567 986 2721 1041 Vers.
2763 989 2850 1056 24,
2892 990 3019 1060 95.)
3049 1013 3066 1044 ε
3095 993 3159 1048 Et
3193 1011 3316 1052 cum
3373 1000 3666 1070 deprecati
3729 1001 3929 1059 iuerint
3975 1008 4020 1061 in

2441 1073 2560 1130 loco
2592 1078 2718 1144 isto,
2768 1085 2965 1139 exaudi
3009 1088 3076 1142 de
3107 1092 3291 1157 creto;
3352 1103 3404 1148 et
3440 1098 3758 1166 pt-Opitiare
3817 1113 4020 1169 peccata

2441 1185 2654 1261 eorum,
2683 1185 2738 1229 et
2771 1176 2937 1231 reduc
2969 1195 3063 1235 eos
3095 1182 3149 1236 in
3181 1193 3380 1240 terram
3412 1203 3584 1258 quam
3629 1192 3838 1246 dedisti
3871 1195 4020 1261 patri-

2445 1259 2544 1316 bus
2571 1279 2798 1323 eorum.
2822 1289 2840 1320 s
2885 1270 3020 1326 Cum
3049 1275 3196 1329 enim
3248 1293 3344 1333 eos
3377 1279 3429 1333 in
3467 1280 3595 1336 loco
3626 1281 3752 1351 ipso
3787 1259 4022 1341 oraturos

2442 1354 2589 1408 dicat
2621 1374 2634 1411 :
2674 1373 2773 1413 cur
2813 1362 2967 1430 dicit,
2991 1373 3044 1420 et
3067 1368 3233 1422 reduc
3271 1385 3364 1424 eos
3388 1371 3442 1426 in
3477 1357 3692 1427 terram
3753 1392 3920 1445 quam
3943 1381 4024 1432 de-

2443 1448 2570 1502 disti
2612 1453 2857 1520 patribus
2893 1471 3106 1526 eorum,
3135 1462 3237 1515 nisi
3273 1463 3411 1520 forte
3449 1464 3505 1520 hi
3535 1468 3633 1536 qni
3666 1468 3746 1521 ibi
3779 1469 3847 1523 ad
3879 1485 4025 1524 orau-

2444 1544 2570 1596 dum
2607 1548 2874 1614 venerint.
2906 1552 3154 1609 obtinere
3181 1556 3420 1623 valeant,
3468 1570 3528 1613 ut
3563 1561 3621 1616 hi
3655 1563 3756 1633 qui
3791 1563 3845 1617 in
3869 1568 4028 1633 capti-

2447 1636 2663 1692 vitatem
2695 1641 2843 1695 ducti
2896 1654 3044 1709 sunt,
3099 1647 3450 1704 reducantur.

2557 1735 2741 1800 (νει-ε.
2775 1737 2868 1794 26.
2899 1740 2916 1806 )
2943 1759 2960 1788 ι
2989 1738 3054 1794 Et
3085 1745 3330 1797 conversi
3360 1760 3389 1798 a
3423 1747 3678 1814 peccatis
3709 1748 3851 1814 suis,
3883 1764 4030 1802 exau-

2443 1820 2562 1875 dias
2599 1839 2716 1878 eos.
2747 1847 2763 1878 ι
2793 1827 3122 1896 Notandum,
3159 1837 3300 1903 quod
3328 1851 3454 1889 cum
3517 1838 3586 1892 ad
3615 1841 3894 1893 orandum
3933 1858 4031 1910 per-

2446 1917 2611 1983 gitur,
2637 1934 2664 1972 a
2698 1925 2934 1987 peccatis
2968 1930 3396 1983 convertendum
3429 1941 3538 1985 est.
3571 1951 3591 1983 ¢
3665 1931 4031 1988 Sanctiticaiit

2449 2007 2705 2066 Salomon
2732 2015 2968 2070 medium
3007 2019 3128 2071 atrii
3165 2031 3290 2075 ante
3328 2022 3597 2091 templum
3631 2023 3856 2079 Domini
3889 2046 3906 2077 ι
3935 2033 3948 2095 (
3977 2029 4024 2080 il

2449 2101 2636 2158 Paral.
2661 2122 2756 2169 vn,
2781 2108 2809 2160 7
2836 2111 2874 2172 ).
2906 2109 3064 2174 Quia,
3096 2126 3202 2180 prae
3227 2114 3583 2171 multitudine
3605 2118 4025 2182 sacriﬁciorum,

2449 2195 2636 2252 hostia:
2699 2215 2806 2253 non
2841 2213 3090 2270 poterant
3149 2205 3330 2259 oﬂerri
3389 2222 3585 2264 omnes
3649 2210 3708 2263 in
3779 2212 3959 2272 altari.
3988 2223 4033 2265 et

2450 2290 2571 2342 ideo
2634 2295 2864 2348 mediam
2927 2307 3133 2365 partem
3194 2301 3316 2352 atrii
3359 2301 3662 2368 dedicarit,
3726 2313 3786 2358 ut
3819 2307 3946 2361 etin
3975 2322 4026 2358 ea

2450 2391 2527 2441 ita
2565 2386 2875 2455 oﬂerretur,
2904 2392 3048 2445 sicut
3079 2395 3130 2445 in
3164 2393 3345 2446 altari.

2521 2481 2675 2550 (Cap.
2702 2483 3048 2538 Vll.—Vers.
3088 2484 3166 2554 9.)
3217 2483 3478 2554 Fecitque
3540 2487 3633 2543 die
3695 2502 3890 2545 octava
3935 2500 4033 2544 col-

2451 2575 2666 2630 lectam.
2693 2595 2711 2628 »
2791 2574 2913 2631 Haec
2941 2587 3024 2632 est
3057 2579 3282 2633 collecta
3343 2596 3467 2648 quae
3498 2581 3551 2635 in
3609 2581 3754 2637 libro
3785 2584 4033 2639 Numero-

2453 2681 2570 2718 rum
2600 2665 2618 2737 [
2643 2667 2726 2720 Al.
2766 2666 2990 2722 Levitici
3023 2667 3041 2738 ]
3078 2670 3363 2724 scribitur.
3398 2669 3522 2724 Dies
3552 2684 3780 2726 actas-us
3818 2679 3919 2726 erit
3956 2694 4032 2728 ro-

2453 2759 2529 2811 bis
2561 2758 2930 2814 celeberrimus
2966 2772 3121 2832 atque
3152 2765 3728 2834 sanctissimus(.‘\'unt.
3757 2785 3905 2829 uix,
3929 2771 4030 2836 35).

2457 2852 2550 2905 Est
2573 2857 2709 2908 enim
2733 2865 2890 2909 cattus
2918 2867 3076 2924 atque
3099 2859 3349 2912 collecta'.
3389 2858 3616 2916 Duabus
3656 2862 3806 2915 enim
3842 2863 4034 2917 vicibus

2457 2949 2508 3000 in
2542 2963 2686 3002 anno
2717 2949 2797 3002 hee
2819 2950 3060 3004 collectae
3075 2951 3488 3020 colligebantur,
3524 2952 3577 3007 id
3628 2965 3712 3009 est
3740 2954 3827 3008 die
3856 2964 4036 3008 octat-o

2460 3043 2706 3110 l‘aschte,
2742 3053 2795 3098 et
2826 3045 2911 3100 die
2943 3056 3141 3100 octavo
3193 3046 3736 3102 Tabernaculorum.
3769 3049 3836 3102 Et
3861 3058 4037 3102 notau-

2461 3132 2590 3186 dum
2647 3135 2790 3203 qttod
2822 3136 2872 3188 in
2913 3151 2975 3188 ea
3005 3151 3121 3204 quae
3151 3137 3200 3188 in
3242 3135 3452 3191 Pascha
3521 3137 3934 3197 celebrabatur.
3961 3140 4038 3190 di-

2461 3228 2640 3278 citur:
2693 3224 3039 3280 Celebrabitis
3097 3227 3373 3282 collectam
3447 3228 3684 3283 Domino
3723 3229 3830 3284 Deo
3869 3240 4034 3282 nostra

2462 3314 2644 3386 (Deut.
2679 3333 2786 3381 stt,
2827 3318 2882 3383 8)
2918 3334 2932 3382 ;
2985 3319 3035 3371 in
3063 3333 3124 3373 ea
3151 3335 3278 3375 vero
3317 3336 3438 3392 quae
3471 3321 3527 3375 in
3563 3323 3915 3376 solemnitate
3947 3322 4038 3375 Ta.

2465 3410 2915 3469 bernaculorum.
2964 3410 3310 3466 Celebrabitis
3343 3413 3628 3466 collectam
3657 3415 3822 3468 vobis.

2539 3500 2788 3571 (Cap.Vl.
2835 3532 2901 3546 --
2945 3504 3098 3559 Vers.
3139 3504 3309 3574 42.)r
3372 3505 3493 3560 Non
3561 3520 3785 3564 avertas
3859 3510 4036 3562 facient

2464 3593 2664 3649 Christi
2691 3595 2806 3662 tui;
2848 3614 2868 3648 ι
2904 3597 2956 3651 id
2987 3606 3092 3659 est.
3130 3613 3236 3652 non
3272 3600 3537 3668 reprobes
3598 3602 4033 3671 deprecationem

789 3725 973 3779 docuit
1002 3738 1126 3777 eum
1191 3724 1444 3776 timorem
1509 3721 1748 3782 Domini.
1775 3728 1828 3774 et
1879 3719 2108 3774 adduxit
2131 3733 2254 3774 eum
2292 3719 2352 3774 ad

2471 3702 2669 3742 meam.
2706 3686 2860 3745 Unde
2892 3699 2946 3743 et
2980 3690 3214 3746 dicitur:
3238 3687 3482 3760 Suscepit
3512 3692 3714 3760 faciem
3741 3704 3885 3747 tuam
3907 3690 4039 3762 (Ila-

787 3818 1150 3885 mguitionem
1197 3815 1322 3888 [ηιε.
1387 3810 1910 3885 congregationem]
1964 3811 2080 3867 Dei.

848 3907 1011 3975 (Cap.
1043 3905 1133 3960 Ill.
1167 3935 1237 3945 —
1258 3905 1409 3960 Vera.
1442 3903 1514 3972 1.)
1552 3903 1717 3956 Moria
1758 3903 2151 3970 interpretatur
2182 3901 2317 3954 visio
2345 3913 2364 3956 ε

792 4001 908 4065 ipse
926 4006 1006 4052 est
1034 3998 1175 4052 enim
1197 3997 1350 4051 locus
1399 3993 1464 4048 de
1485 4009 1591 4062 qno
1617 3993 1823 4047 dictum
1863 3992 2030 4047 estad
2053 3991 2325 4046 Abraham
2351 4009 2364 4045 :

806 4091 946 4144 l'mle
978 4091 1028 4142 in
1064 4099 1260 4142 terram
1291 4087 1501 4140 visionis
1540 4082 1690 4151 (Ceu.
1739 4099 1876 4150 uti,
1901 4083 2012 4152 14.)

865 4184 1038 4248 (Vers.
1071 4182 1125 4250 3)
1156 4199 1172 4230 ι
1208 4184 1268 4233 ιη
1303 4192 1558 4232 mensura
1592 4176 1764 4245 prima
1789 4194 1806 4226 ι
1834 4217 1849 4240 ,
1889 4176 1940 4229 id
1973 4183 2056 4229 est
2109 4189 2366 4229 mensura

793 4292 894 4345 qua
926 4273 1130 4342 Moyses
1168 4269 1574 4324 tabernaculum
1603 4268 1655 4320 in
1681 4281 1862 4320 eremo
1895 4281 2117 4321 mensus
2145 4276 2254 4321 est.

866 4370 883 4438 (
915 4368 1066 4421 Vers.
1099 4363 1180 4417 l7.
1212 4365 1229 4431 )
1266 4361 1479 4416 iacliiin
1511 4361 1921 4428 interpretatur,
1975 4370 2317 4428 praparator
2346 4372 2366 4411 :

798 4462 941 4513 hunc
972 4458 1155 4510 volunt
1180 4455 1403 4521 intelligi
1437 4452 1624 4506 David.
1664 4451 1827 4515 llooz,
1858 4461 2079 4522 propter
2109 4454 2364 4506 virtutem

799 4551 1083 4603 castitatis.

868 4644 1022 4711 (Cap.
1053 4639 1139 4693 ιν.
1161 4670 1229 4682 -
1254 4637 1407 4691 Vers.
1442 4636 1520 4704 7.)
1562 4633 1902 4689 «Secundum
1932 4633 2167 4701 speciem
2203 4649 2365 4703 quam

793 4737 1028 4804 jusscrat
1069 4731 1216 4794 ﬁeri;
1246 4749 1262 4780 ι
1316 4728 1661 4790 subauditur,
1716 4725 1881 4780 Deus.
1947 4725 2111 4779 Boves
2147 4735 2370 4795 propter

799 4826 1115 4881 memoriam
1145 4821 1296 4874 vituli
1333 4821 1384 4872 in
1419 4833 1601 4870 eremo
1630 4817 1860 4869 conditi.
1883 4815 2165 4869 Basilicam
2203 4833 2361 4884 gran-

802 4922 920 4973 dem
963 4917 1050 4970 ttbi
1085 4928 1238 4982 reges
1269 4913 1519 4964 orabant.

2469 3783 2608 3836 lach.
2639 3798 2677 3847 t,
2709 3783 2787 3851 9).

2541 3873 2695 3943 (Cap.
2733 3873 2836 3929 VII.
2871 3898 2939 3913 --
2961 3874 3115 3930 νει-ε.
3138 3873 3248 3944 10.)
3283 3874 3594 3933 «ιτειιωιεε
3624 3887 3794 3949 atque
3817 3879 4040 3947 gauden-

2470 3971 2550 4020 tes
2568 3980 2732 4034 super
2759 3966 2913 4020 bonis
2953 3982 3074 4036 qua:
3095 3966 3302 4022 fecerat
3326 3967 3593 4023 Dominus
3623 3970 3796 4024 David
3826 3979 3877 4023 et
3898 3969 4038 4025 Salo-

2471 4071 2598 4111 mon
2631 4066 2683 4113 et
2710 4057 2874 4112 Israel
2906 4060 3104 4128 populo
3159 4075 3280 4114 suo.
3309 4078 3328 4111 s
3385 4060 3526 4127 Quia
3590 4061 3792 4124 David,
3827 4063 4038 4116 dimisso

2473 4159 2696 4220 peccato
2719 4147 2866 4204 Uria:
2886 4151 3076 4212 Etbai,
3108 4166 3336 4221 regnum
3369 4153 3649 4207 concessit
3685 4154 3738 4207 in
3772 4155 4041 4222 sempiter-

2475 4258 2624 4296 num.
2651 4242 2717 4296 Et
2739 4240 3042 4306 Salomoni,
3079 4259 3239 4312 quem
3275 4244 3359 4297 lex
3388 4244 3724 4313 prohibebat
3756 4245 4038 4300 Ecclesiam

2473 4334 2569 4390 Dei
2596 4335 2823 4400 intrare,
2854 4351 2960 4389 non
2995 4336 3170 4390 solum
3225 4338 3464 4401 veniam,
3501 4337 3598 4390 sed
3626 4339 3796 4392 etiam
3831 4354 4038 4408 regnum

2475 4428 2746 4482 concessit
2779 4445 2792 4482 :
2828 4437 2880 4482 et
2902 4428 3090 4489 Israel,
3123 4428 3217 4497 qui
3249 4439 3371 4498 post
3400 4431 3820 4488 multitudinem
3854 4450 4042 4503 praeva-

2475 4521 2826 4584 ricationuin,
2871 4522 3130 4590 templum
3159 4523 3211 4575 iti
3244 4537 3352 4591 quo
3382 4521 3684 4578 Dominum
3715 4526 4037 4589 invocarent,

2477 4613 2716 4681 requiem
2747 4622 2801 4667 et
2839 4612 2928 4667 Dei
2954 4613 3182 4682 gratiam
3213 4623 3556 4668 meruerunt.

2546 4707 2702 4776 (Cap.
2740 4706 2880 4762 Vlll.
2911 4737 2975 4747 --
3007 4708 3161 4762 Vers.
3198 4705 3276 4776 3.)
3313 4724 3330 4758 t
3381 4703 3650 4763 Civitates
3675 4724 3817 4778 quas
3843 4710 4045 4766 dederat

2476 4799 2661 4855 Hiram
2719 4801 2996 4855 Salomoni
3030 4800 3379 4855 mdiﬁeavit.»
3440 4799 3549 4854 Eas
3605 4801 3891 4868 civitates,
3920 4820 4040 4874 quas

2477 4892 2730 4948 Salomon
2762 4894 2908 4948 dedit
2941 4895 3149 4958 Hiram,
3181 4895 3353 4947 etistc
3423 4891 3603 4947 noluit
3660 4910 3761 4948 eas
3800 4896 4042 4964 recipere.

877 5013 1028 5078 (cap.
1070 5008 1154 5061 VL
1189 5035 1247 5044 __
1269 5006 1421 5058 vers.
1458 5003 1561 5070 4.).
1612 5002 1873 5056 Dominus
1899 4999 2035 5053 dixit
2067 5008 2124 5051 ιη
2155 4999 2369 5051 habita.
2404 5023 2445 5076 D
2478 4985 2570 5038 sed
2605 4986 2814 5078 uocauit
2852 4993 3054 5039 terram
3083 4984 3316 5049 Chaltul,
3347 4985 3497 5054 ipsas
3523 4987 3664 5041 dicit
3691 4988 3881 5042 Hiram
3910 4985 4044 5040 Salo-

807 5115 885 5158 ret
917 5105 968 5155 iit
998 5099 1254 5168 caligine.
1288 5116 1304 5147 ι
1383 5095 1600 5162 quando
1662 5091 1727 5143 ad
1759 5090 1973 5157 Moysen
2011 5089 2148 5142 dixit
2183 5107 2195 5141 :
2231 5088 2364 5142 Ecce

805 5213 894 5266 ego
923 5195 1066 5248 venio
1087 5193 1152 5244 ad
1181 5199 1228 5243 te
1259 5191 1311 5241 in
1340 5187 1580 5239 columna
1604 5184 1752 5237 iiut-is
1788 5181 1982 5250 (Exod.
2003 5198 2114 5245 XIX,
2143 5180 2222 5248 9).

886 5333 897 5359 '
938 5321 1224 5388 Signiﬁcat
1260 5321 1371 5373 loca
1435 5317 1607 5371 cincta
1669 5315 1987 5391 parietibus,
2026 5314 2221 5391 quibus
2249 5313 2367 5363 ani-

815 5401 971 5453 malia
1004 5384 1296 5450 babentur,
1329 5406 1435 5457 quo
1461 5403 1625 5463 sensu
1684 5399 1733 5463 et
1783 5386 2082 5437 Vitruvius.
2147 5384 2239 5436 lib.
2278 5397 2372 5463 vr,

811 5475 972 5523 bium
1031 5472 1209 5516 cortcs
1287 5464 1548 5512 noninal.
1615 5457 1791 5509 ltzilice
1883 5467 2124 5520 quoque.
2216 5457 2372 5523 corti.

812 5522 983 5608 Atque
1013 5535 1124 5586 haec
1165 5531 1383 5599 quidem
1415 5528 1684 5596 expositio
1729 5525 2056 5594 pneturenda
2091 5523 2166 5574 illi
2193 5522 2376 5574 videa-

887 5660 906 5680 ⁸
935 5646 1054 5703 llic.
1089 5652 1146 5696 ut
1177 5655 1358 5706 supra.
1399 5640 1644 5697 Martiali.
1680 5639 1827 5705 ponit
1859 5653 1872 5688 :
1905 5634 2378 5706 Incipiuntﬂums-

819 5723 983 5773 tiones
1025 5703 1295 5767 Hebraica:
1334 5713 1496 5775 partis
1527 5703 1768 5762 secunda:
1809 5709 1928 5758 libri
1960 5703 2375 5758 [Jahre—lamin:

820 5792 999 5855 hisque
1048 5782 1291 5834 similiter
1335 5774 1578 5846 anpzitu’it
1646 5783 1911 5855 notu_-’am,
1965 5792 2121 5837 quam
2176 5774 2378 5855 habes:

831 5881 850 5912 ι
894 5844 981 5913 Sic
1015 5855 1175 5910 habet
1203 5866 1352 5906 metis
1383 5844 1485 5904 ms.
1536 5851 1878 5903 Ambrosian.
1913 5858 2155 5912 tantum,
2189 5844 2378 5910 Incipit

2479 5077 2620 5129 inoni
2660 5077 2892 5131 dedisse.

2550 5169 2832 5240 (Vers.6.)
2870 5168 3104 5224 «Omnia
3172 5185 3292 5238 qua:
3316 5170 3491 5225 voluit
3553 5170 3850 5241 Salomon,
3904 5185 4046 5245 atque

2483 5321 2591 5373 tur,
2621 5325 2737 5376 quae
2768 5311 2929 5364 tralit
2965 5310 3153 5363 urbem
3215 5307 3661 5363 Bethmarcaboth
3683 5351 3697 5375 ,
3756 5313 3811 5368 id
3838 5324 3919 5368 est
3968 5315 4047 5364 da-

2483 5397 2624 5432 mttm
2655 5396 2924 5442 curruum,
2975 5389 3030 5433 et
3061 5383 3232 5433 Haser
3264 5378 3404 5433 Susa
3439 5421 3453 5446 ,
3490 5383 3640 5449 quod
3711 5396 3798 5438 est
3842 5398 4046 5437 commo-

2487 5453 2622 5503 ratio
2669 5467 2941 5519 equorum,
3001 5450 3292 5519 designari.

2485 5633 2546 5682 ατ
2575 5633 2804 5684 secunda
2838 5640 3004 5698 parte.
3041 5633 3209 5686 Antea
3237 5640 3376 5694 erat,
3430 5631 3500 5686 In
3553 5636 3754 5688 lit-rum
3791 5635 4046 5690 secundum

2492 5702 2953 5778 Paralipomenon.
2994 5703 3283 5778 Videuquae
3315 5703 3383 5757 de
3417 5705 3625 5774 prioris
3660 5709 3839 5778 partis
3886 5710 4047 5761 inscri-

2490 5784 2667 5842 ptione
2692 5773 3036 5826 adnutamus.
3078 5791 3090 5824 l
3133 5771 3285 5825 Ευιτ.
