4198 6350
156 313 290 378 145⁸1

1043 333 1330 404 QUxEST.
1369 338 1726 400 IIEIIRMC.
1766 343 1844 404 IN
1883 348 2008 407 LIB
2077 352 2129 410 II
2171 356 2256 414 PA
2275 355 2524 419 RALIP.

3278 361 3428 426 “58”

155 429 806 542 ᾖίεβοξυῖῑῖηεδίηοθνίῑ
843 439 919 542 ’ίη
950 439 1251 500 Ierusalem
1283 451 1410 503 θῑὶη
1444 451 1668 506 Libano.
1716 473 1731 504 ι
1775 463 1812 515 Α
1848 465 2206 520 sccrabautur
2264 485 2458 523 manus
2501 471 2666 538 illius,
2737 475 2828 542 qui
2883 475 3144 530 sacerdos
3195 475 3412 529 futurus

157 520 255 576 Iiic
321 523 374 578 in
434 526 645 582 Libano
692 533 949 601 templum
980 536 1334 604 signiﬁcatur,
1401 542 1557 610 juxta
1606 546 1732 599 illud

155 614 461 673 Ezeehielis
501 637 518 676 :
553 638 572 671 ι
608 620 792 691 Aperi,
824 624 1048 695 Libane,
1080 640 1270 695 portas
1299 641 1418 686 luas
1445 635 1734 703 (lme,Za-

153 706 304 761 cher.
339 726 419 774 xt,
455 712 527 778 I).
567 732 586 766 ι
612 715 665 768 lu
703 717 1048 774 solemnitate
1103 722 1589 792 hebdomadarum,
1622 750 1640 783 ι
1680 732 1728 785 id

151 811 238 856 est
293 802 672 865 Pentecostes.

223 897 581 965 (Cap.|X..—
596 904 750 962 Vere.
780 907 894 966 29.)
925 909 1184 980 «Reliqua
1225 921 1404 967 autem
1437 930 1600 984 opera
1635 916 1732 970 Sa-

149 986 388 1046 lomonis
424 995 666 1062 priorum
683 1009 736 1052 et
762 1001 1202 1056 novissimorom.
1231 1024 1248 1056 ι
1279 1006 1550 1070 Priorum,
1583 1019 1733 1068 aute-

148 1096 318 1149 quam
354 1090 746 1152 prmvariratus
778 1103 964 1162 esset;
1001 1101 1388 1166 posteriorum,
1444 1114 1729 1173 postquam

150 1176 547 1241 prrevaricatus
609 1193 713 1236 est.

227 1265 404 1326 (Ibid.
439 1268 458 1338 )
489 1289 506 1322 ι
561 1272 619 1326 In
679 1275 884 1331 visione
931 1294 1144 1348 quoque
1181 1281 1352 1338 Jaddo
1421 1286 1672 1340 videntis.
1704 1308 1722 1340 ι

147 1357 328 1410 Jaddo
361 1360 478 1426 ipse
511 1373 593 1416 est
637 1366 947 1436 prophetes,
988 1375 1079 1439 qui
1114 1375 1178 1424 ad
1214 1376 1545 1443 arguentium
1577 1378 1730 1433 .It-ro-

152 1449 311 1501 ltoam
352 1466 448 1518 pro
512 1455 670 1509 altari
741 1460 886 1527 quod
937 1460 1165 1524 fecerat,
1202 1477 1231 1516 a
1279 1466 1384 1519 llco
1424 1467 1622 1523 missus
1649 1479 1728 1524 est

151 1541 208 1592 in
276 1541 609 1602 Samariam.

244 1654 263 1686 ι
304 1637 465 1692 Pater
494 1649 614 1695 tuus
644 1643 939 1699 durissiqu
981 1648 1111 1718 jugo
1142 1665 1242 1704 nos
1276 1655 1579 1719 oppressit;
1613 1674 1630 1706 ι
1661 1670 1728 1709 eo

150 1729 300 1795 quod
341 1732 526 1799 viginti
571 1746 805 1804 quatuor
826 1739 991 1792 millia
1017 1755 1110 1809 per
1136 1742 1281 1796 vices
1305 1746 1586 1801 mensibus
1617 1748 1730 1800 sin-

149 1821 290 1888 guli-
313 1826 673 1881 morabantur
691 1845 813 1883 cum
833 1847 954 1902 rege
974 1834 1024 1885 in
1051 1834 1374 1889 Jerusalem.

216 1914 583 1985 (Ven-.6.“
630 1920 756 1973 Iniit
814 1925 1099 1977 consilium
1161 1941 1284 1979 cum
1349 1929 1571 1984 senibus
1636 1931 1727 2000 qui

151 2013 422 2061 steterant
451 2024 633 2063 coram
662 2021 810 2080 patre
833 2017 951 2083 ejus
988 2015 1300 2080 Salomone,
1329 2037 1345 2067 ι
1387 2020 1434 2072 id
1461 2029 1565 2085 est,
1600 2037 1725 2074 cum

151 2097 353 2150 Banaia
416 2101 526 2154 tilio
549 2102 769 2167 .Ioiadae,
798 2115 852 2159 et
901 2105 1071 2160 Jahiel
1128 2108 1238 2162 ﬁlio
1269 2110 1594 2177 Aclramoni,
1634 2114 1726 2182 qui

148 2190 257 2242 ali.»
293 2195 729 2246 uoruiuoCIrilaIt
771 2208 1019 2253 \'oc:ttttr.

222 2281 553 2355 (Vers.8.)i
595 2284 803 2342 Relicto
869 2291 1099 2345 consilio
1156 2308 1516 2352 seuum,eum
1574 2292 1729 2362 juve-

149 2374 314 2428 nibus
374 2386 611 2433 tractare
667 2383 852 2448 catpit,
879 2400 896 2432 ι
960 2382 1012 2436 id
1044 2394 1126 2437 est
1156 2401 1171 2438 :
1207 2385 1514 2450 Adhuram,
1559 2386 1649 2456 qui
1673 2388 1727 2442 in

150 2469 510 2536 sequentibus
528 2470 807 2540 lapidatus
845 2456 1194 2531 describitur.

224 2559 407 2626 (Yers.
436 2562 546 2630 16.)
582 2582 600 2615 ι
638 2563 795 2620 Nunc
824 2577 1003 2620 autent
1036 2568 1158 2622 vide
1201 2569 1420 2624 doutttm
1449 2581 1593 2625 tuam
1625 2571 1728 2624 Da-

149 2655 264 2707 vid.
293 2673 311 2704 »
375 2653 528 2710 Nunc
585 2668 762 2712 autem
820 2660 998 2714 videat
1032 2661 1193 2725 Deus,
1226 2665 1351 2732 quia
1381 2665 1526 2733 quod
1563 2680 1662 2720 nos
1697 2683 1726 2719 a

148 2746 317 2800 domo
353 2747 518 2801 David
552 2752 882 2816 recedimus,
915 2763 1194 2822 peccatum
1225 2765 1303 2810 est
1330 2757 1562 2811 ﬁliorum
1587 2758 1724 2827 ejus,

147 2838 244 2906 qui
283 2855 384 2894 nos
412 2840 700 2908 abjiciunt.

227 2927 409 2997 (Vers.
441 2933 553 3002 18.)
583 2933 639 2987 In
667 2933 871 3004 Regum
899 2936 1017 3008 (Ill
1049 2938 1170 3009 Reg.
1211 2957 1305 3003 vtt,
1339 2942 1447 3008 13).
1486 2942 1724 3000 Duram:

148 3021 203 3073 iu
233 3023 706 3092 Paralipomenon,
744 3029 1045 3084 Adhuram.
1072 3031 1273 3086 Harant
1312 3050 1326 3086 :
1368 3032 1596 3087 Flavius
1630 3050 1726 3088 ea:-

147 3118 350 3171 eltatus
378 3135 398 3172 :
425 3119 725 3186 Adhuram,
747 3120 918 3176 Ruina
947 3123 1207 3179 excitata.

224 3220 240 3273 (
273 3213 402 3281 Cap.
445 3214 537 3267 XI.
565 3245 631 3255 —
661 3214 814 3271 Vers.
852 3216 928 3284 5.)
959 3237 976 3269 ι
1021 3217 1084 3272 Et
1140 3219 1428 3271 aulitieavit
1478 3219 1724 3275 civitates

150 3315 424 3359 tuuratas.
469 3325 486 3356 ι
524 3306 698 3360 Causa
728 3309 854 3362 belli
908 3311 1198 3363 aediﬁcavit
1247 3312 1514 3365 civitates.

237 3396 429 3466 (Vt-rs.
463 3398 573 3467 l5.)
609 3417 626 3448 ι
692 3396 1018 3454 Sacerdmes
1079 3400 1419 3454 excelsorum
1451 3410 1505 3455 et
1530 3402 1727 3456 daemo-

151 3505 309 3542 uum.
350 3507 367 3539 ι
401 3488 537 3554 Quia
563 3489 740 3542 sicubi
767 3489 928 3542 ﬁebat
958 3491 1156 3560 imago,
1220 3491 1497 3546 dcentones
1526 3493 1728 3547 dabant

149 3595 440 3644 respousa,
481 3589 534 3634 et
571 3583 1048 3635 constituebantur
1074 3583 1155 3637 eis
1179 3585 1513 3639 sacerdotes.

226 3673 410 3745 (Vers.
451 3672 534 3725 I8.
564 3672 581 3741 )
607 3692 623 3722 ι
660 3673 819 3726 Duxit
861 3682 1041 3727 autem
1083 3673 1323 3727 Roboam
1362 3691 1583 3729 uxorem
1618 3678 1728 3732 Ma-

153 3768 299 3830 Iaad,
332 3765 498 3819 ﬁliam
530 3765 781 3829 Jerimut,
818 3766 909 3818 ﬁlii
947 3767 1135 3820 David.
1169 3786 1186 3817 ι
1220 3767 1326 3821 Iste
1359 3766 1593 3822 Jerimut
1619 3785 1722 3823 non

153 3859 439 3920 Scribitur,
487 3873 664 3924 neque
697 3857 750 3909 iu
792 3855 1021 3926 Regum,
1076 3872 1249 3924 neque
1281 3859 1332 3911 irt
1365 3858 1727 3930 Paralipome-

153 3965 286 4013 non,
313 3950 437 4015 quia
471 3947 568 3999 Iuit
590 3948 654 4000 de
679 3947 800 4000 liliis
854 3948 1304 4003 concubinarum.

226 4043 243 4109 (
281 4041 438 4094 Vers.
463 4041 580 4109 ΞΟ.)
611 4059 627 4090 ‹
667 4041 888 4110 Accepit
951 4039 1228 4094 Maacltam
1277 4043 1439 4097 ﬁliam
1495 4046 1728 4100 Abessa-

155 4139 268 4199 Ion,
298 4155 315 4187 ι
345 4133 462 4187 Non
494 4146 576 4189 est
607 4135 1032 4192 isIeAbessalou
1063 4139 1206 4194 ﬁlius
1240 4139 1426 4203 David,
1453 4143 1543 4194 sed
1565 4143 1724 4207 alios,

151 4231 294 4297 quod
321 4229 372 4282 iu
409 4225 613 4297 Regum
635 4230 908 4285 volumine
928 4232 1330 4286 demonstratur
1348 4231 1466 4302 (III
1484 4232 1606 4303 Reg.
1635 4251 1725 4300 xv,

153 4326 265 4393 ε).

224 4417 399 4488 (Cap.
434 4416 981 4486 XII.—Vcrs.15.)t
1045 4419 1254 4488 Scripta
1314 4422 1524 4476 suntin
1585 4421 1726 4477 libro

1839 565 1972 609 erat.
2002 556 2152 612 llunc
2183 563 2323 615 enim
2346 580 2552 618 morem
2581 565 2866 621 Jeroboam
2899 580 3116 638 ceperat
3136 569 3200 624 ad
3229 584 3412 624 sacer-

1838 649 1993 702 dotes
2030 652 2296 706 idolorum
2356 657 2784 712 consecrandos.

1912 749 1926 806 (
1970 740 2124 797 Vers.
2192 745 2299 810 l7.)
2337 765 2352 796 ι
2394 746 2456 801 Et
2481 750 3097 804 corrueruutvulnerati
3152 768 3216 804 ex
3241 750 3410 806 Israel

1837 837 2231 907 quinquaginta
2267 840 2428 892 millia
2451 842 2688 896 virorum
2724 843 2970 898 fortium.
3005 863 3020 895 ι
3057 843 3116 898 Hi
3144 845 3400 900 nimirum

1836 933 1926 998 qui
1951 941 2076 984 ante,
2102 931 2302 985 idolum
2334 947 2693 991 curvavcruut
2727 955 2900 1006 genua
2929 954 3048 993 sua.
3071 937 3402 1007 Praeceptum

1835 1021 1977 1074 ειιίιιι
2015 1034 2130 1078 erat
2163 1024 2212 1076 iu
2246 1024 2385 1094 lege,
2440 1035 2496 1078 ttt
2528 1027 2571 1080 si
2602 1031 2720 1097 quis
2757 1030 2957 1085 idolum
2993 1030 3265 1092 adoraret,
3294 1043 3408 1084 tuo-

1834 1129 2062 1169 reretur.

1907 1232 2078 1299 (Vms.
2108 1237 2213 1300 I9.)
2247 1257 2263 1287 σ
2305 1239 2368 1291 Et
2392 1240 2529 1308 cepit
2559 1237 2809 1291 Bello-let
2845 1240 2978 1292 tilias
2997 1243 3134 1304 ejus.
3167 1259 3184 1290 ›
3222 1236 3408 1292 Betltel
3434 1230 3444 1258 ⁷

1835 1326 1951 1395 ipsa
2017 1339 2094 1381 est
2179 1330 2229 1382 iu
2293 1347 2398 1400 qua
2483 1343 2736 1400 posuerat
2810 1332 3094 1386 Jerohoam
3151 1333 3407 1397 vitulum,

1842 1435 1860 1467 ι
1903 1416 2121 1486 Ephrou
2175 1436 2389 1490 quoque
2439 1434 2491 1477 et
2519 1423 2658 1477 ﬁlias
2724 1421 2861 1491 eius.
2890 1442 2907 1474 ι
2945 1422 3160 1491 Ephrou
3191 1423 3302 1489 ipsa
3325 1433 3408 1475 est

1837 1510 2078 1565 Sieltem.

1905 1629 2252 1696 (Cap.XV.—
2277 1631 2426 1684 Vers.
2450 1633 2554 1693 l.)¢
2577 1633 2798 1686 Azarias
2819 1640 2997 1685 autem
3019 1628 3400 1684 ﬁliusOdetIm

1833 1718 2003 1774 Odeth
2036 1723 2149 1792 ipse
2175 1734 2258 1777 est
2301 1724 2494 1785 Jaddo.
2529 1727 2619 1792 qui
2652 1726 2716 1777 ad
2745 1724 3032 1779 Jeroboam
3069 1724 3268 1777 missus
3301 1729 3405 1776 est.

1908 1836 2082 1906 (Vers.
2123 1837 2175 1891 5.
2206 1837 2222 1906 )
2258 1857 2275 1888 ι
2311 1839 2365 1891 In
2429 1849 2671 1908 tempore
2721 1839 2812 1892 illo
2837 1853 2941 1893 nou
2975 1839 3078 1892 erit
3113 1853 3215 1904 pax
3249 1851 3408 1904 egre-

1833 1927 2000 1980 dieuti
2021 1936 2072 1980 et
2133 1930 2476 1997 iugredicuti.
2516 1949 2532 1980 ι
2566 1931 2814 1984 Tradunt
2872 1931 2977 1983 hoc
3009 1927 3405 1998 quinquaginta

1834 2019 2047 2073 duobus
2091 2021 2249 2076 anuis
2322 2031 2444 2088 post
2503 2025 2838 2076 eversionem
2873 2023 3059 2090 templi
3097 2020 3405 2088 impletum,

1835 2110 1908 2163 ita
1926 2119 1984 2163 ut
2017 2110 2070 2163 in
2109 2111 2192 2166 his
2261 2114 2666 2182 quinquaginta
2696 2115 2910 2167 duobus
2944 2113 3126 2173 anuis,
3160 2128 3257 2165 nec
3290 2113 3406 2165 avis
3447 2143 3449 2146 ι

1837 2202 2121 2267 volaverit,
2161 2220 2262 2258 nec
2287 2206 2458 2258 bestia
2520 2206 2894 2272 pertransierit
2935 2221 3028 2274 per
3055 2203 3356 2258 Jerusalem
3386 2219 3410 2267 ς·

1833 2304 1885 2349 et
1919 2296 2081 2350 Israel
2103 2297 2202 2351 iuit
2231 2298 2439 2367 absque
2468 2313 2562 2368 spe
2588 2299 2625 2366 ί,
2645 2309 2699 2353 et
2724 2314 2913 2353 omnes
2964 2308 3152 2369 gentes
3196 2298 3247 2349 iu
3275 2311 3406 2350 cou-

1833 2389 2166 2443 turbatione.

1899 2479 2082 2550 (Vers.
2104 2480 2155 2534 8.
2195 2482 2211 2548 )
2247 2499 2264 2532 ‹
2302 2481 2365 2534 Ει
2410 2481 2694 2535 aediﬁcavit
2736 2481 2906 2535 altare
2967 2479 3199 2544 Domini,
3256 2480 3413 2548 quod‘

1833 2580 2099 2625 eratante
2136 2572 2422 2639 porticum.
2449 2590 2467 2622 ι
2504 2572 2659 2635 Illud,
2698 2572 2926 2633 scilicet,
2978 2570 3122 2639 quod
3155 2585 3184 2623 a
3241 2569 3400 2625 Salo-

1833 2678 1993 2716 tuoue
2049 2672 2428 2717 constructum
2474 2663 2666 2727 fuerat,
2740 2662 3039 2717 renovavit.

1907 2780 1922 2845 (
1954 2777 2107 2830 Vers.
2137 2777 2258 2846 15.)
2299 2795 2316 2828 t
2357 2777 2408 2830 Itt
2454 2793 2613 2830 omne
2644 2779 2787 2830 enim
2846 2776 3012 2830 corde
3044 2791 3143 2829 suo
3184 2776 3401 2844 jurave-

1834 2879 1981 2922 runt.
2018 2888 2035 2919 ι
2084 2869 2137 2922 In
2197 2871 2383 2934 corde,
2432 2869 2485 2921 iu
2521 2868 2746 2936 jejunio,
2805 2867 2940 2920 etiu
2995 2865 3308 2932 afﬂictione,
3343 2866 3405 2919 in

1830 2963 2127 3021 voluntate,
2162 2961 2213 3013 in
2253 2961 2614 3030 elecmosyua.

1903 3051 2082 3122 (Vers.
2114 3050 2225 3122 16.)
2251 3071 2268 3102 ι
2301 3051 2405 3106 Sed
2429 3063 2479 3106 et
2503 3053 2780 3106 Maacham
2806 3061 3034 3105 matrem
3063 3052 3164 3105 Asa
3184 3050 3344 3120 regis.
3377 3069 3396 3103 ι

1753 3149 1800 3212 c
1839 3142 2043 3196 Idcirco
2075 3159 2179 3197 non
2212 3144 2346 3197 dixit
2377 3151 2608 3196 matrem
2639 3158 2817 3205 suam,
2854 3143 2980 3210 quia
3012 3158 3117 3195 non
3149 3141 3400 3194 ambula-

1838 3235 1930 3289 bat
1970 3235 2110 3287 viam
2173 3245 2401 3298 rectam,
2436 3235 2576 3289 sicut
2639 3234 2782 3288 ﬁlius
2834 3235 2975 3303 ejus.
3004 3253 3022 3284 ι
3058 3233 3132 3286 Ex
3169 3242 3400 3302 augusto

1831 3328 2083 3394 deposuit
2117 3327 2378 3395 imperio;
2419 3347 2437 3378 ι
2471 3329 2569 3381 hoc
2595 3337 2700 3390 est,
2723 3328 2789 3382 de
2820 3327 3148 3381 sacerdotio.
3185 3348 3200 3377 ι
3233 3327 3401 3380 Coru-

1831 3422 2028 3474 miuuit
2051 3421 2400 3474 simulacrum
2429 3420 2631 3490 Priapi,
2661 3431 2714 3474 ct
2743 3421 3048 3474 combussit
3075 3421 3125 3472 iu
3157 3431 3402 3475 torrente

1832 3513 2044 3567 Cedron
2081 3531 2093 3567 :
2129 3534 2144 3564 ν
2190 3514 2359 3566 Aiunt
2410 3513 2801 3567 conuuinuisse
2857 3513 3102 3574 istud,et
3134 3513 3272 3566 clam
3310 3529 3401 3566 vo-

1831 3607 1997 3660 luisse
2040 3605 2330 3674 projicere,
2371 3607 2514 3674 quod
2564 3605 2822 3659 Dominus
2881 3613 2937 3658 ut
2965 3605 3317 3673 patefaceret,
3345 3607 3401 3660 in

1833 3708 2076 3752 terrente
2110 3697 2318 3752 Cedron
2350 3713 2413 3751 ex
2463 3715 2600 3767 aqua
2631 3698 2771 3766 ignis
2824 3699 3108 3766 pt'otressit.

1903 3791 2054 3859 (Cap.
2083 3790 2220 3844 XVI.
2243 3820 2315 3832 -—
2339 3791 2493 3847 Vers.
2530 3791 2638 3859 10.)
2671 3810 2688 3842 ι
2717 3791 2885 3846 Iussit
2938 3808 3060 3846 eum
3092 3793 3141 3846 in
3175 3809 3403 3846 nervum

1833 3884 1970 3936 tuitti
1997 3901 2010 3946 ;
2044 3903 2060 3934 ι
2089 3898 2154 3937 eo
2186 3885 2329 3950 quod
2363 3884 2580 3950 publice
2616 3902 2673 3938 se
2698 3886 2899 3954 arguit.

1908 3975 2085 4043 (Vers.
2119 3975 2226 4043 l2.)
2251 3995 2268 4026 ι
2315 3976 2492 4029 Doluit
2519 3979 2680 4045 pedes
2705 3979 2812 4031 Asa
2844 3995 2858 4044 ;
2895 3997 2912 4030 ι
2951 3979 3075 4044 quia
3103 3981 3398 4050 podagrico

1833 4067 2063 4120 humore
2114 4079 2398 4136 correptus
2447 4078 2550 4122 est.
2609 4069 2916 4121 Notandum
2971 4070 3114 4139 quod
3183 4073 3400 4142 regibus

1830 4173 1994 4211 causa
2050 4158 2359 4211 reverentia:
2412 4160 2817 4212 combustioues
2863 4161 3314 4216 vestimentorum
3345 4177 3399 4220 et

1831 4261 2132 4300 aromatum
2187 4247 2406 4301 ﬁebant.
2454 4246 2608 4302 Unde
2632 4249 2853 4314 dicitur,
2884 4269 2900 4300 ς
2975 4249 3209 4319 Etjuxta
3243 4269 3395 4307 coru-

1830 4338 2114 4392 bustioues
2140 4339 2405 4406 majorum
2436 4340 2635 4393 facient
2681 4341 2800 4395 tibi.
2840 4359 2857 4392 ι

1908 4430 2061 4498 (Cap.
2095 4430 2256 4484 XVII.
2293 4460 2362 4469 —
2389 4430 2641 4501 Vers.3.)
2682 4453 2699 4485 ι
2744 4434 2807 4487 Et
2854 4435 3153 4490 ambulavit
3210 4437 3262 4490 in
3296 4439 3405 4491 viis

151 4509 383 4564 Semeiae
420 4509 721 4578 prephette,
754 4519 807 4564 et
831 4509 985 4563 Addo
1039 4512 1293 4568 videntis.
1335 4531 1353 4565 ι
1389 4513 1542 4567 lque
1572 4514 1726 4568 Addo
1762 4491 1804 4547 θ
1835 4491 2260 4587 David-primis;
2305 4541 2321 4574 ι
2360 4523 2409 4575 id
2437 4533 2538 4587 est,
2578 4491 2866 4592 antequam
2903 4542 3177 4594 peccasset
3206 4528 3393 4584 David.

152 4603 408 4669 superius
432 4600 606 4653 Iaddo
655 4602 974 4654 nominavit.

224 4693 386 4763 (Cap.
420 4691 628 4745 XllI.—
659 4692 812 4746 Vers.
849 4693 928 4760 4.)
959 4712 976 4745 α
1016 4692 1174 4747 Stetit
1219 4695 1353 4749 Abia
1385 4711 1547 4766 super
1574 4714 1728 4753 mon-

154 4793 261 4838 tem
323 4783 645 4836 Samaraim.
685 4781 908 4836 ›,Μιιιιί
967 4793 1156 4850 putant
1185 4785 1287 4838 hoc
1349 4786 1416 4840 de
1475 4788 1722 4844 Samaria

152 4877 384 4936 dictum,
412 4875 555 4943 quod
588 4889 693 4928 non
740 4882 919 4943 potest
971 4891 1112 4930 esse.
1149 4875 1273 4932 Fuit
1301 4881 1445 4932 enim
1477 4897 1632 4935 mons
1670 4883 1722 4936 in

151 4968 435 5037 Ephraim,
473 4967 613 5020 haud
665 4967 910 5035 procula
943 4967 1211 5032 Carmelo,
1255 4970 1345 5024 ubi
1407 4972 1509 5027 fuit
1561 4974 1726 5030 Elias.

227 5060 519 5129 (\‘crs.5.)
557 5081 574 5110 ‹
618 5061 720 5129 Ipsi
779 5071 830 5116 et
886 5061 1009 5116 ﬁliis
1065 5063 1182 5129 ejus
1235 5073 1446 5132 paetum
1520 5067 1672 5121 salis.
1707 5086 1724 5119 ι

154 5151 380 5205 Paetum
415 5151 543 5203 salis
570 5152 620 5203 iu
657 5153 1150 5220 quibusdamiocis
1182 5171 1278 5224 pro
1323 5155 1438 5225 lege
1493 5158 1725 5225 ponitur,

157 5262 276 5313 qua:
301 5245 548 5296 omnium
613 5245 1023 5320 condimentum
1059 5260 1160 5309 e5t,
1194 5260 1246 5302 et
1281 5249 1332 5301 in
1358 5250 1458 5303 hoc
1491 5250 1608 5303 loco
1634 5267 1731 5320 pro

156 5337 318 5390 domo
347 5336 536 5396 Βάκ-ἑά.
581 5338 672 5404 qui
701 5317 955 5390 universo
984 5337 1144 5393 Israel
1178 5339 1579 5395 condimentum
1606 5343 1727 5398 fuit.

233 5425 411 5496 (Vers.
466 5430 517 5481 7.
550 5427 566 5497 )
599 5447 616 5477 ι
655 5427 824 5482 Porro
851 5427 1095 5483 Roboam
1148 5441 1264 5485 erat
1307 5435 1455 5488 rudis
1479 5445 1532 5487 et
1564 5437 1727 5490 corde

155 5518 372 5586 pavido.
413 5537 430 5568 ι
458 5518 594 5581 Quia
645 5518 873 5574 Semeia:
928 5523 1203 5591 propheta}
1243 5524 1401 5578 verba
1450 5526 1724 5584 extimuit.

236 5619 250 5678 (
286 5609 444 5663 Vcrs.
484 5611 536 5663 9.
559 5616 604 5680 )t
639 5612 693 5664 In
723 5623 881 5666 tauro
905 5624 958 5668 et
1012 5615 1273 5668 arietibus
1308 5626 1510 5687 septem
1549 5638 1564 5669 ι
1591 5635 1725 5673 cou-

1898 4614 2074 4682 (Vers.
2111 4613 2218 4669 lii.)
2245 4631 2262 4663 ‹
2327 4613 2456 4668 Post
2505 4615 2667 4668 istum
2725 4631 2945 4684 quoque
2980 4621 3395 4676 Amasiaslilius

1830 4705 1988 4757 Zacri
2047 4716 2401 4758 consecratur
2470 4708 2734 4771 Domino;
2777 4729 2795 4761 ι
2849 4726 2914 4762 eo
2960 4713 3100 4777 quod
3153 4729 3298 4769 esset
3327 4720 3394 4771 de.

1826 4796 1965 4849 tribu
2011 4796 2255 4849 Issaehar
2283 4805 2334 4850 et
2368 4809 2512 4853 esset
2542 4800 2752 4855 doctor.

1902 4885 1921 4959 (
1953 4887 2087 4956 Cap.
2119 4888 2302 4943 XVIII.
2334 4918 2401 4930 -—
2444 4889 2596 4946 Vers.
2630 4893 2713 4946 58.
2742 4893 2759 4960 )
2797 4911 2815 4942 ‹
2889 4891 3059 4947 Porro
3116 4911 3202 4948 rex
3233 4897 3392 4950 Israel

1834 4980 2011 5033 stabat
2036 4980 2090 5034 in
2140 4996 2302 5034 curru
2339 4999 2437 5036 suo
2479 4993 2666 5036 contra
2726 4983 2917 5053 Syros,
2971 5004 3142 5053 ttsque
3170 4992 3235 5041 ad
3271 5006 3394 5045 ves-

1831 5085 2040 5139 perum,
2074 5079 2126 5123 ct
2157 5080 2496 5127 ritortttttsesl
2518 5075 2796 5130 occidente
2822 5078 2991 5131 SOIC.‘
3023 5081 3254 5148 Accepto
3281 5083 3398 5135 vul-

1840 5176 1971 5214 nere
2002 5163 2242 5227 mortali,
2276 5163 2438 5229 jussit
2475 5179 2532 5217 se
2572 5168 2766 5231 teneri,
2805 5185 2870 5220 ne
2890 5173 3395 5239 deprehenderetur

1838 5252 1905 5305 ab
1937 5253 2206 5319 hostibus,
2242 5256 2384 5323 quod
2417 5258 2733 5314 vulneratus
2767 5270 2930 5325 esset,
2985 5273 3037 5315 et
3067 5263 3208 5318 illius
3243 5268 3396 5321 ruina

1838 5354 1890 5398 et
1930 5344 2175 5398 hostibus
2207 5348 2510 5414 victoriam,
2550 5358 2604 5403 et
2662 5354 2856 5421 popqu
2908 5355 3209 5422 periculum
3262 5359 3399 5429 fuga:

1839 5437 2123 5500 incuteret,
2179 5436 2470 5495 Occidente
2502 5444 2614 5496 sole:
2667 5454 2911 5498 mortuus
2977 5457 3080 5510 cst,
3140 5459 3196 5503 ut
3247 5461 3403 5506 nocte

1841 5527 2149 5597 prmsidituu
2190 5529 2325 5597 fuga:
2355 5547 2465 5586 sua:
2522 5537 2750 5603 populus
2799 5537 3042 5595 haberet.

1919 5619 2068 5688 (Cap.
2101 5619 2239 5674 XIX.
2270 5623 2512 5679 —-Vurs.
2544 5628 2641 5696 ἓ.)
2681 5649 2697 5678 ‹
2735 5629 2867 5683 .lehu
2925 5637 3059 5688 (ilius
3117 5636 3334 5704 Ariani;
3381 5659 3399 5693 ι

245 5795 260 5822 ³
293 5792 639 5845 Ambrosiam.
695 5791 862 5848 codex
895 5835 905 5858 ,
949 5791 1130 5848 Fuerit
1178 5795 1369 5863 absque
1419 5800 1549 5865 ipsa.
1612 5798 1724 5854 Ilo:
1769 5819 2003 5872 quoque,
2037 5802 2101 5856 Et
2132 5806 2407 5873 dcrliravit,
2439 5827 2532 5879 pro
2567 5814 2861 5881 extimum,
