2102 3721
353 218 426 253 1159

1068 224 1273 258 ᾹΡΡΕΝΒΙΧ.

1923 228 1987 260 1460

360 275 433 303 illius
446 274 568 303 videlicet
582 275 734 310 prophetae,
751 275 797 308 qui
825 277 859 304 ab
878 276 930 306 Asa
945 284 1009 313 rege
1024 278 1093 306 suda
1114 279 1142 306 in
1160 288 1182 316 Α
1201 282 1276 316 ginta
1297 281 1376 309 annis
1400 289 1408 309 :
1428 286 1456 309 et
1470 282 1538 309 dicit
1567 282 1663 310 tilium.
1677 283 1737 318 ejus
1754 282 1901 311 Achasiam
1927 290 1986 310 cum

360 327 497 348 carcerem
514 320 616 348 missus
631 324 685 348 est.

394 366 473 401 (Cap.
490 365 551 393 XX.
572 367 697 395 —Vers.
712 368 737 395 1.
759 368 768 404 )
783 367 842 395 Filii
870 367 959 396 Moab.
978 373 1005 397 et
1017 369 1063 397 ﬁlii
1078 368 1157 396 Am-‘

361 419 436 445 mon,
462 417 490 440 et
520 420 582 441 cum
611 414 650 441 eis
679 414 713 442 de
729 414 902 443 Ammonitis.
931 424 941 442 ι
961 414 1146 447 Ammonitas,

360 459 492 487 Iduma‘os
505 459 563 487 vult
579 460 706 495 intelligi,
723 460 785 495 quia
796 461 830 488 ob
842 461 1022 488 reverentiam
1034 460 1145 488 fraterni

360 505 490 534 nominis.
504 504 636 533 nolebant
651 505 678 533 in
706 506 822 541 pristino
838 507 931 534 habitu
948 513 1022 534 arma
1038 514 1148 534 movere

360 560 456 580 rontra
484 552 580 585 lsrael,
610 551 657 580 sed
692 553 921 589 transﬁgurabant
936 561 965 582 se
982 553 1008 581 in
1023 553 1147 582 habitum

361 600 590 627 Ammonitarum.

396 646 486 682 (Vers.
497 647 525 674 2.
543 646 552 681 )
571 656 580 673 ι
599 646 637 674 De
647 646 690 674 his
706 647 772 675 locis
784 654 845 681 quae
860 651 937 674 trans
947 654 1023 675 mare
1039 652 1121 681 sunt;
1136 657 1145 673 ›

362 701 438 720 mare
454 692 608 720 Saiinarum
625 698 678 726 est,
695 693 740 720 ubi
756 693 884 722 Jordanis
900 694 1002 722 inﬂuit.

398 738 488 774 (Vers.
500 738 540 773 5.)
553 748 562 765 ι
578 740 648 768 Ante
658 740 758 767 atrium
777 740 908 767 novum)»
926 740 1032 767 Atrium
1046 748 1147 767 novum

361 790 447 818 vocat,
463 785 489 813 id
504 791 557 818 est,
574 786 684 814 atrium.
695 786 765 822 quod
778 786 914 821 peccando
924 791 1001 814 vetus
1013 787 1145 819 fecerant.

362 835 390 859 et
405 832 563 865 paenitendo
577 832 610 859 ad
625 832 767 867 pristinam
784 833 938 860 novitatem
972 833 1148 861 reduxerant.

404 887 503 922 (Vers.
522 887 549 915 9.
569 888 578 922 )
595 887 698 916 Nomen
724 888 797 916 enim
829 892 903 917 tuum
922 889 949 916 in
966 889 1046 917 domo
1061 889 1122 917 ista.
1139 899 1148 915 ι

362 933 441 966 Quod
476 934 607 968 scriptum
627 940 687 962 erat
706 934 734 962 in
764 935 853 963 fronte
880 935 1027 970 pontiﬁcis.
1046 936 1104 963 sive
1123 936 1150 963 in

1199 336 1314 364 regnare
1329 330 1471 363 coepisset.
1492 329 1578 357 fuisse
1595 329 1778 366 quadraginta
1802 330 1923 357 duorum
1942 337 1986 356 an-

1197 383 1309 403 norum.
1331 374 1410 409 Quod
1424 375 1447 403 si
1467 375 1504 403 ita
1519 380 1573 408 est,
1602 376 1710 404 duobus
1731 376 1813 404 annis
1838 380 1985 410 antequam

1198 421 1258 456 ipse
1271 426 1355 450 natus
1369 426 1424 455 est,
1439 422 1497 457 ipse
1514 421 1591 450 illum
1606 424 1712 458 genuit.
1732 421 1811 456 Quod
1826 422 1880 449 nisi
1898 421 1987 449 solva-

1198 473 1253 500 tur,
1266 476 1348 504 quam
1365 470 1402 497 sit
1417 468 1578 503 ridiculum,
1599 469 1682 497 etiam
1698 469 1814 504 simplex
1837 468 1925 496 lector
1944 468 1987 495 ad-

1198 515 1290 542 vertit.
1309 514 1370 550 lpse
1393 515 1466 543 enim
1481 514 1588 549 Joram,
1606 515 1653 551 qui
1681 515 1725 542 hic
1744 514 1928 550 quadraginta
1943 521 1987 540 an.

1199 561 1243 588 nis
1259 561 1363 590 vixisse
1389 561 1566 595 describitur,
1591 565 1619 590 et
1646 567 1709 589 octo
1735 561 1817 588 annis
1847 567 1987 595 regnasse,

1199 606 1269 635 vixit
1299 616 1386 636 annos
1415 608 1612 644 quadraginta,
1641 613 1669 636 et
1697 608 1823 642 regnavit
1846 606 1946 641 viginti
1965 610 1989 633 et

1200 660 1275 682 octo.
1293 654 1360 682 Octo
1386 655 1458 682 enim
1470 656 1546 688 anni,
1567 656 1614 691 qui
1632 656 1657 684 ei
1673 656 1700 683 in
1717 663 1801 691 regno
1817 655 1988 683 tribuuntur.

1201 701 1252 736 ipsi
1276 707 1340 730 sunt
1362 708 1509 738 antequam
1529 703 1631 731 fratres
1647 703 1796 736 occideret,
1823 710 1887 729 cum
1903 701 1989 729 adhuc

1202 747 1365 775 innocenter
1385 748 1502 776 viveret.
1522 747 1623 784 Viginti
1641 756 1708 776 vero
1732 749 1809 780 anni,
1833 748 1937 783 quibus
1952 755 1989 773 τερ

1202 794 1306 828 gnavit,
1335 794 1399 822 ideo
1417 803 1431 822 a
1448 803 1563 823 numero
1583 795 1644 830 ejus
1675 795 1852 826 auferuntur,
1882 794 1947 829 quia
1965 794 1987 819 in

1203 840 1335 875 languore
1350 845 1378 869 et
1394 842 1422 869 in
1442 842 1620 870 tribulatione
1636 841 1749 869 deduxit
1766 849 1815 870 eos
1830 850 1837 868 :
1856 841 1922 868 ideo
1939 840 1989 866 filio

1203 890 1264 925 ejus
1278 889 1449 921 tribuuntur,
1483 889 1531 924 qui
1554 897 1610 916 non
1639 889 1758 923 amplius
1785 895 1869 923 quam
1897 885 1988 922 viginti

1204 936 1275 964 duos
1311 942 1399 963 annos
1436 933 1554 968 habens.
1589 941 1720 969 regnasse
1755 932 1929 969 perhibetur,
1958 938 1989 958 ne

363 982 527 1010 vestimento
555 982 664 1018 Ephod,
680 983 750 1018 quod
759 984 794 1012 .in
820 983 998 1018 sequentibus
1014 988 1150 1011 monstra-
1166 988 1189 1018 Β
1203 983 1238 1010 de
1255 988 1433 1010 numerorum
1451 988 1559 1009 summa
1575 984 1761 1012 remanentes,
1778 986 1903 1006 errorem
1920 978 1991 1004 iuda-

365 1033 418 1056 tur.
435 1027 511 1056 idem
525 1028 602 1056 locus
614 1027 704 1056 Jeruei
717 1033 831 1057 vocatus
848 1029 897 1063 {est
908 1029 942 1057 ab
955 1037 987 1057 ea
1001 1029 1057 1062 die,
1072 1029 1098 1057 id
1111 1033 1152 1057 est

364 1074 443 1100 timor
456 1073 512 1101 Dei.

400 1120 498 1153 (Vers.
511 1120 557 1147 20.
573 1120 582 1155 )
601 1130 610 1146 ι
628 1120 736 1154 Egressi
763 1126 827 1149 sunt
839 1129 888 1157 per
913 1122 1054 1150 desertum
1083 1122 1153 1150 Thes

364 1174 425 1193 cne.
439 1175 449 1192 ι
465 1166 543 1194 Unde
569 1166 620 1194 fuit
642 1166 788 1196 Theeuites
809 1168 919 1195 femina.

401 1212 492 1247 (νει-ε.
503 1213 548 1240 21.
563 1212 572 1247 )
589 1221 598 1238 ι
625 1213 799 1240 Coniitemini
824 1213 951 1247 Domino,
978 1215 1108 1249 quoniam
1126 1214 1153 1241 in

366 1263 497 1287 :rternum
515 1258 703 1287 misericordia
724 1259 793 1294 ejus.
816 1268 825 1284 ›
843 1259 1029 1288 ldcircodcest
1054 1260 1152 1292 bonus,

367 1304 430 1339 quia
445 1304 473 1332 in
489 1305 539 1331 hac
558 1312 587 1332 re
601 1312 655 1332 non
672 1305 912 1332 mansuetudinem
925 1313 1013 1338 suam,
1030 1313 1082 1341 qua
1097 1313 1157 1334 om-

367 1355 415 1375 nes
435 1349 543 1382 tolerat,
562 1349 608 1376 sed
637 1349 773 1386 judicium
790 1350 924 1377 exercuit.

401 1394 491 1428 (Vers.
508 1394 554 1422 26.
571 1395 580 1429 )
596 1404 605 1420 1
625 1395 795 1422 Vocsverunt
819 1395 910 1422 locum
923 1396 999 1423 illum
1014 1396 1092 1424 vallis
1106 1396 1157 1425 Be-

369 1441 545 1469 nedictionis.
557 1451 566 1467 ›
586 1441 670 1469 Vallis
686 1441 900 1475 Benedictionis,
917 1442 975 1477 ipse
993 1446 1037 1470 est
1051 1441 1155 1476 Jeruel,

368 1488 402 1515 de
431 1495 486 1522 quo
518 1496 600 1523 supra
615 1487 717 1516 dictttm
737 1493 788 1520 est.

402 1545 503 1579 (νοτε.
521 1546 565 1573 51.
580 1546 590 1580 )
605 1555 614 1572 ι
647 1546 751 1574 Nomen
781 1546 875 1574 matris
891 1547 951 1582 ejus
971 1546 1076 1579 Azuba,
1103 1545 1157 1573 filia

370 1591 447 1618 Silai.
462 1600 471 1617 ι
484 1591 549 1619 Silai
577 1592 785 1627 interpretatur.
818 1588 926 1625 missus,
944 1593 1002 1627 ipse
1017 1596 1059 1620 est
1071 1592 1158 1620 Anani

372 1637 528 1672 prophetes,
547 1637 619 1666 illius
642 1637 741 1672 .laddo,
763 1638 798 1666 de
826 1646 881 1673 quo
899 1638 1025 1673 superius
1056 1638 1159 1666 dictum

1203 1028 1259 1064 gini
1276 1033 1430 1062 temporum
1456 1026 1591 1054 facerent.
1611 1026 1749 1054 Achazias
1764 1025 1840 1053 enim
1868 1024 1940 1051 vixit
1955 1024 1992 1049 vi-

1203 1074 1272 1110 ginti
1289 1073 1378 1101 tribus
1393 1073 1485 1104 anuis.
1500 1079 1556 1100 uno
1571 1077 1676 1100 tantum
1690 1079 1763 1099 anno
1776 1070 1916 1106 regnavit.
1930 1068 1990 1097 Col-

1204 1121 1272 1148 latio
1298 1120 1371 1148 cnim
1390 1120 1521 1147 lectionis
1548 1119 1612 1147 libri
1633 1118 1736 1154 Regum
1765 1118 1832 1145 huic
1858 1116 1992 1145 solvenda!

1205 1166 1351 1201 quaestioni
1367 1172 1497 1199 magnum
1515 1165 1618 1199 praebet
1637 1164 1780 1190 auxilium.

1243 1213 1319 1248 (Cap.
1344 1212 1430 1239 XXII.
1447 1227 1482 1233 —
1505 1211 1583 1238 νει-ε.
1601 1211 1642 1245 1.)
1661 1220 1670 1236 ‹
1690 1210 1773 1244 igitur
1791 1209 1910 1237 Azarias
1926 1209 1994 1236 filius

1206 1260 1301 1288 Joram
1331 1266 1378 1286 rex
1396 1258 1477 1286 Juda.
1505 1267 1514 1283 ι
1543 1256 1592 1284 Hic
1619 1258 1732 1284 Asarias
1760 1258 1842 1292 paulo
1869 1257 1995 1291 superius

1208 1306 1341 1334 Achazias
1368 1304 1525 1332 nominatus
1550 1308 1604 1331 est.
1634 1302 1770 1330 Aehazias
1787 1302 1994 1337 interpretatur.

1208 1351 1405 1388 apprehendens
1430 1350 1573 1378 Dominum
1589 1357 1599 1377 :
1618 1349 1732 1377 Azarias
1758 1350 1926 1385 adjutus-ium
1945 1348 1996 1376 Do-

1208 1399 1286 1427 mini.
1302 1398 1335 1426 Et
1351 1398 1413 1425 ideo
1431 1401 1556 1424 mutatur
1571 1396 1597 1424 ei
1611 1403 1712 1424 nomen
1736 1396 1764 1423 in
1784 1396 1887 1423 melius
1906 1396 1934 1423 in
1949 1395 1997 1422 hoc

1209 1446 1281 1477 loco,
1295 1451 1328 1472 en
1343 1443 1427 1478 quod.
1450 1442 1528 1477 juxta
1550 1445 1717 1476 praceptum
1734 1441 1853 1474 Domini,
1874 1441 1909 1468 ad
1925 1440 1998 1468 inﬁr-

1209 1496 1285 1517 suum
1301 1488 1468 1516 visitandum
1488 1486 1679 1514 descenderat.

1246 1535 1335 1571 (Vers.
1356 1534 1395 1570 8.)
1417 1543 1425 1560 ι
1445 1533 1478 1560 Et
1493 1533 1565 1560 tilios
1581 1532 1698 1559 fratrum
1721 1531 1862 1565 Achazim,
1887 1532 1932 1566 qui
1949 1531 1999 1558 nii-

1212 1582 1369 1611 nistrabant
1393 1581 1429 1608 ei.
1456 1589 1465 1606 ι
1489 1579 1574 1607 Filios
1590 1578 1706 1607 fratrum
1730 1578 1797 1607 dicit
1816 1578 1999 1607 consobrinos

1211 1633 1240 1658 et
1258 1629 1490 1663 consanguineos.

373 1661 528 1672 ν--ν---ηη
547 1661 619 1666 ------
643 1661 741 1672 -----,
765 1661 797 1666 -ν
828 1661 879 1673 ηι--ν
899 1661 1025 1673 --τν--η
1058 1661 1158 1666 -------

373 1688 426 1712 cst.
440 1683 492 1718 Qui
524 1684 629 1712 idcirco
643 1684 744 1712 missus
772 1688 884 1713 vocatus
897 1689 949 1717 est,
968 1692 1001 1712 eo
1025 1683 1099 1720 quod
1125 1684 1159 1712 ad

1249 1675 1327 1711 (Cap.
1352 1661 1448 1704 ixm.
1468 1674 1650 1709 -—Vers.5.)
1678 1683 1688 1700 ι
1715 1674 1748 1700 Et
1773 1673 1854 1701 tertia
1886 1678 1950 1707 pars
1965 1671 2000 1720 ἔξ-

377 1736 481 1766 patrem
499 1730 631 1767 Josaphat
643 1739 772 1767 generum
788 1739 880 1766 suum,
895 1731 929 1760 ad
943 1732 1161 1767 prophetandum

375 1778 476 1805 missus
492 1781 544 1805 est.

411 1822 500 1858 (Vers.
511 1824 568 1857 57.)
585 1833 594 1850 ‹
610 1823 787 1858 Prnpbetavit
803 1824 907 1851 Eliezer
921 1823 994 1852 illius
1008 1823 1131 1852 Dodahu.
1149 1832 1159 1849 ι

378 1871 490 1898 Dodahu
521 1870 683 1906 intelligitur
699 1871 772 1899 ﬁlius
794 1870 923 1898 avunculi
946 1872 1008 1906 ejus
1028 1870 1163 1905 Josaphat

377 1917 476 1944 fuisse.

414 1963 491 1998 (Cap.
521 1962 596 1990 XXI.
612 1978 647 1983 —
662 1962 739 1990 Vers.
758 1963 798 1998 2.)
821 1973 831 1989 ι
852 1963 954 1991 Omnes
974 1964 1002 1991 hi
1015 1963 1062 1991 lllli
1083 1963 1165 1991 Josa-

379 2009 540 2045 phat‘iegis
564 2009 653 2043 Ju-Ja;
675 2018 684 2035 ι
708 2009 771 2042 quia
794 2010 974 2037 imitabantur
995 2017 1077 2045 opera
1093 2010 1166 2045 regis

379 2056 512 2091 .losaphat
527 2063 535 2082 :
552 2055 613 2083 ideo
632 2055 789 2090 duplicatur
805 2063 867 2083 cum
888 2056 989 2083 dicitur
1007 2064 1015 2083 :
1033 2065 1042 2082 ε
1062 2055 1166 2083 Omnes

380 2103 424 2131 isti
441 2102 488 2130 ﬁlii
506 2102 653 2137 losaphat.
675 2110 686 2128 ι

415 2159 495 2195 (Vers
525 2157 564 2193 6.)
592 2167 601 2184 ι
634 2157 791 2185 Ambuluvit
817 2157 911 2185 Joram
936 2158 962 2185 in
994 2157 1045 2186 viis
1073 2165 1166 2193 regum

380 2206 477 2238 lsrael,
494 2205 566 2232 sicut
576 2208 667 2239 egerat
682 2204 778 2231 domus
790 2203 879 2231 Ahab.
893 2204 960 2231 Filia
975 2204 1077 2239 quippe
1088 2204 1168 2232 Abab

381 2257 439 2280 erat
468 2259 537 2279 uxor
564 2251 635 2286 ejus.
656 2259 666 2276 ι
684 2250 791 2278 Athalia
821 2255 878 2277 erat
905 2258 975 2277 uxor
995 2251 1068 2284 ejus,
1106 2257 1168 2285 qua

383 2307 436 2326 non
456 2297 545 2329 Ahab,
559 2296 606 2324 sed
618 2296 694 2323 Amri
709 2296 762 2322 filia
775 2300 845 2328 erat,
859 2295 906 2323 sed
926 2295 1079 2323 imitatione
1093 2296 1167 2323 illius

382 2347 434 2372 tilia
452 2348 544 2372 vorata
557 2347 609 2371 est.
626 2342 703 2370 Unde
715 2348 741 2370 et
750 2344 776 2370 in
787 2343 888 2377 Regum
899 2341 1000 2369 dicitur
1011 2342 1044 2370 de
1052 2341 1143 2369 Joram
1156 2348 1164 2368 :
1184 2341 1206 2368 ι)

383 2392 448 2419 Erat
470 2391 563 2426 quippe
576 2398 654 2425 gener
671 2390 764 2417 (lamus
781 2389 854 2417 Almb
867 2388 911 2425 (iV
935 2389 997 2423 Reg.
1011 2396 1069 2422 vm,
1084 2389 1119 2416 27
1130 2388 1151 2424 ).

417 2436 510 2472 (Vers.
534 2436 591 2469 11.)
619 2435 732 2470 Insuper
757 2435 863 2463 excelsa
896 2434 1047 2462 fabricatus
1071 2439 1123 2462 est.
1155 2444 1164 2460 ι

385 2484 511 2519 Plerique
524 2486 621 2518 putant
643 2483 671 2510 in
688 2482 770 2509 domo
788 2481 894 2509 Domini
913 2481 990 2508 illum
1006 2482 1112 2509 excelsa
1127 2481 1169 2509 fa-

385 2531 521 2558 bricatum
552 2530 646 2560 fuisse.
676 2536 736 2563 qum
755 2530 808 2555 sita
837 2533 879 2555 est
897 2528 924 2554 iu
953 2531 1045 2555 monte
1071 2527 1167 2560 Moria,

385 2576 457 2610 quod
484 2575 654 2602 manifestius
676 2574 702 2600 in
718 2574 803 2609 gestis
833 2573 956 2601 Manasse
985 2573 1059 2608 regis
1076 2577 1168 2600 osten~

386 2623 473 2650 ditur.

423 2679 512 2711 (νοτε.
531 2678 586 2712 17.)
598 2676 668 2704 «Nec
678 2677 807 2705 remansit
817 2676 857 2705 eis
871 2677 941 2704 [ilius
955 2676 1007 2703 nisi
1020 2676 1167 2704 .Ioachaz.»

391 2725 516 2756 inachaz.
532 2724 590 2758 ipse
602 2723 796 2756 estA-zliazias,
808 2723 965 2757 paterJoas,
984 2722 1053 2749 filius
1066 2721 1169 2754 .luram,

389 2771 468 2805 cujus
486 2777 565 2797 soror
582 2769 633 2796 fuit
646 2768 927 2796 JosabcthJosabeth
953 2777 1016 2796 vero
1044 2777 1097 2795 non
1117 2768 1170 2795 fuit

390 2817 443 2844 tilia
460 2815 584 2847 Athaliar,
601 2816 647 2843 sed
666 2816 698 2843 de
717 2816 768 2841 alia
795 2822 878 2842 uxore
903 2815 1023 2850 suscepit
1045 2823 1105 2842 eam
1126 2814 1173 2842 Jo-

391 2871 459 2890 tam.
479 2861 599 2894 Qumstio
617 2863 692 2888 valde
717 2862 845 2896 perplexa
861 2863 996 2889 oboritur.
1014 2861 1083 2889 Dicit
1100 2862 1172 2888 enim

393 2914 523 2942 regnasse
534 2905 628 2934 Joram
641 2912 702 2933 octo
716 2906 806 2937 annis,
824 2911 849 2932 ιιι
864 2905 964 2932 vixisse
980 2914 1041 2932 eum
1057 2906 1175 2939 quadra-

1212 1726 1291 1757 porta
1311 1729 1372 1757 qua!
1389 1721 1543 1756 appellatur
1558 1719 1764 1747 Funilainentia
1794 1718 1878 1746 Porta
1895 1716 2003 1745 Funda-

1214 1768 1308 1801 meuti,
1328 1772 1406 1803 porta
1423 1766 1584 1795 sanctuarii.
1606 1775 1616 1792 ι
1636 1766 1669 1793 Et
1686 1772 1768 1792 omne
1788 1764 1930 1799 reliquum
1947 1762 2003 1790 vul-

1213 1823 1264 1851 gus
1283 1814 1410 1843 observet
1429 1813 1570 1842 custodias
1594 1812 1715 1844 Domini,
1736 1821 1745 1838 ι
1762 1812 1788 1839 id
1809 1816 1863 1844 est,
1878 1809 2003 1846 quamvis

1214 1861 1363 1889 necessarii
1378 1861 1435 1889 sint
1447 1860 1482 1888 ad
1497 1859 1667 1894 implendum
1680 1866 1761 1895 opus.
1777 1858 1804 1886 id
1819 1862 1877 1889 est.
1893 1856 1929 1885 ad
1939 1863 2003 1883 con-

1216 1907 1377 1936 firmandum
1410 1914 1502 1942 regem
1522 1914 1530 1934 :
1548 1906 1694 1933 observent
1740 1910 1831 1932 tamen
1861 1903 2006 1931 custodias

1215 1955 1336 1986 Domini,
1381 1962 1415 1981 ne
1441 1954 1503 1989 quis
1526 1957 1682 1980 esterorum
1714 1951 1888 1986 ingrediatur
1918 1949 1996 1976 locuti

1216 2008 1299 2036 quem
1325 1999 1430 2035 ingredi
1446 2006 1501 2027 non
1529 1998 1641 2031 debent.
1659 1997 1712 2025 nisi
1731 1996 1893 2024 sacerdotes
1917 1999 1947 2022 et
1961 1994 1990 2022 Lr

1216 2045 1290 2072 vitae.

1252 2089 1342 2124 (Vers.
1359 2088 1422 2124 ,11.)
1442 2097 1451 2115 ι
1474 2089 1667 2125 Impasuerunt
1685 2095 1769 2122 super
1793 2095 1858 2114 eum
1880 2086 2009 2114 diadema

1217 2140 1244 2164 et
1269 2136 1472 2167 testimonium,
1499 2145 1508 2161 ι
1532 2134 1730 2162 Testimonium
1756 2138 1836 2161 erant
1864 2134 2010 2170 phylacte-

1218 2183 1270 2215 ria,
1290 2190 1323 2210 eo
1347 2182 1419 2216 quod
1446 2182 1473 2209 in
1493 2181 1548 2209 illis
1568 2181 1662 2208 decem
1691 2181 1773 2208 verba
1798 2180 1870 2214 legis
1892 2184 2011 2207 essent:

1221 2239 1230 2256 ι
1249 2228 1387 2263 Unxitque
1413 2235 1475 2254 eum
1501 2227 1598 2254 Joiada
1623 2226 1744 2262 pontifex
1770 2230 1798 2253 et
1824 2226 1875 2253 lilii
1903 2225 1976 2259 ejus.
1997 2234 2005 2250 ι

1220 2273 1381 2301 Zachariam
1409 2273 1485 2304 dicit.
1502 2273 1548 2307 qui
1566 2272 1700 2307 propheta
1724 2275 1796 2304 erat,
1817 2279 1905 2306 quem
1921 2276 2012 2306 postea

1224 2320 1294 2347 idem
1315 2318 1543 2351 Joasinterfecit,
1561 2323 1590 2345 ut
1604 2318 1637 2345 ad
1663 2325 1794 2352 magnum
1820 2317 2013 2344 damnatioms

1224 2365 1284 2400 ejus
1299 2365 1449 2399 pertineret
1468 2366 1645 2398 augmentum
1663 2363 1682 2395 ¹,
1698 2370 1760 2389 eum
1778 2363 1954 2394 interficere,
1969 2361 2013 2395 qui

1221 2419 1251 2439 se
1263 2412 1290 2438 in
1305 2418 1395 2445 regem
1411 2414 1536 2437 unxerat.

1257 2457 1350 2492 (Vers.
1367 2456 1410 2491 t3)
1430 2465 1440 2482 ‹
1459 2456 1532 2483 Vidit
1551 2463 1641 2489 regem
1659 2459 1776 2483 stantem
1791 2461 1882 2488 super
1899 2454 2012 2489 gradum

1221 2509 1320 2531 suum:
1336 2511 1345 2528 s
1361 2510 1444 2537 super
1455 2502 1612 2529 columnam
1626 2501 1764 2532 videlicet,
1778 2508 1867 2535 quam
1883 2500 2013 2528 Salomon

1223 2553 1424 2585 praeparaverat
1438 2548 1551 2582 regibus
1565 2547 1591 2574 in
1613 2546 1736 2574 basilica.

1259 2594 1350 2628 (Vera.
1369 2594 1426 2629 16.)
1444 2602 1454 2620 s
1474 2593 1577 2628 Pepigit
1595 2592 1690 2620 .loiada
1709 2591 1799 2619 fmdus
1813 2592 1891 2619 inter
1908 2600 1941 2619 se
1958 2591 2015 2618 uni-

1223 2649 1390 2676 versumque
1414 2640 1543 2675 populum
1561 2644 1589 2667 et
1605 2647 1706 2671 regem.
1725 2648 1734 2664 ι
1755 2638 1790 2665 Se
1816 2639 1845 2665 in
1870 2639 1935 2665 loco
1951 2637 2014 2671 legis

1223 2692 1249 2716 et
1267 2688 1325 2720 Dei,
1344 2688 1443 2722 quippe
1463 2687 1510 2721 qui
1530 2686 1654 2713 minister
1668 2685 1714 2712 Dei
1740 2689 1814 2717 erat,
1840 2686 1987 2712 rollocans
2004 2691 2011 2710 :

1222 2740 1248 2762 et
1258 2736 1338 2768 cuius
1353 2742 1449 2762 nomen
1464 2734 1670 2768 interpretatur,
1683 2732 1826 2759 Dominum
1840 2739 2013 2767 cognoscens.

1223 2781 1258 2809 Et
1273 2781 1401 2815 populum
1417 2785 1444 2807 et
1460 2787 1549 2813 regem
1569 2788 1575 2805 :
1594 2783 1622 2806 ut
1637 2783 1663 2805 et
1679 2779 1795 2813 populus
1813 2785 1841 2805 et
1859 2787 1908 2806 rex
1928 2778 2016 2806 ohedi~

1227 2832 1286 2852 rent
1301 2825 1356 2853 Deo
1368 2830 1393 2851 et
1406 2825 1460 2860 logi
1478 2824 1548 2857 ejus,
1564 2829 1588 2850 ct
1608 2823 1724 2858 populus
1738 2831 1801 2857 erga
1818 2831 1916 2857 regem
1936 2823 2016 2849 ﬁdeli-

1229 2877 1269 2900 ter
1285 2876 1387 2906 ageret.
1403 2875 1431 2897 et
1454 2878 1499 2897 rex
1520 2869 1649 2903 populum
1674 2876 1736 2896 cum
1760 2869 1873 2904 iustitia
1904 2874 2013 2902 regem.

1263 2915 1353 2950 (Vers.
1376 2914 1431 2948 18.)
1451 2925 1460 2940 ‹
1482 2914 1539 2941 Sub
1556 2914 1683 2941 inertibus
1698 2914 1879 2941 sacerdotum
1897 2919 1925 2940 et
1942 2912 2013 2939 [mh

431 2965 440 2980 ¹
457 2965 531 2994 Meus
557 2972 617 2994 cum
640 2966 811 2994 Ambrosiam.
832 2972 882 2993 ms.
910 2963 1091 2990 denimentum
1117 2970 1165 2995 pro
1181 2968 1318 2994 auqmenlo
1333 2961 1449 2990 orafcrt.

748 3231 2064 3716 Ἰ

86 3696 1967 3721 —‘
