4198 6350
185 299 313 364 1161

184 419 387 464 tarum.
426 429 447 463 ι
486 409 565 467 Ne
604 411 671 467 de
711 408 816 467 alia
863 412 1006 466 tribu
1048 410 1365 467 sacerdotes
1415 410 1629 471 flerent,
1658 407 1757 460 nisi
1796 406 1840 463 Δ

179 504 251 557 de
289 503 450 561 Levi.

256 597 443 671 (νει-ε.
473 600 586 670 19.)
616 619 633 653 ι
659 600 959 657 Constituit
984 616 1204 671 quoque
1224 600 1491 672 janitores
1515 599 1569 656 in
1594 600 1768 671 p0rtis

186 697 385 752 domus
426 694 669 763 Domini,
703 708 761 751 ut
797 713 903 750 non
938 696 1317 765 ingrederetur
1356 696 1677 750 immundus
1712 694 1765 747 in

185 788 337 843 omni
368 802 469 853 re;
511 805 528 839 ι
566 787 616 842 id
651 795 753 848 est,
793 796 850 840 nt
888 788 1198 842 nullatenus
1224 788 1332 840 ulla
1361 787 1656 842 occasione
1690 786 1771 840 in-

188 879 520 950 grederetur
551 880 606 933 in
643 879 865 934 domum
898 881 1113 935 Domini
1142 881 1343 950 aliquis
1371 880 1438 933 de
1470 880 1769 935 sacerdoti-

189 974 291 1028 bus
319 972 477 1027 Baal.

260 1067 447 1137 (Vers.
494 1067 609 1136 2|.)
647 1085 666 1119 ι
707 1065 773 1121 Ει
800 1066 929 1121 urbs
958 1066 1201 1136 quievit;
1246 1083 1265 1117 ι
1303 1066 1422 1120 sive
1450 1066 1576 1136 quia
1620 1076 1770 1121 cate-

188 1176 297 1215 nus
329 1161 604 1215 idolorum
659 1160 906 1215 cultibus
959 1172 1202 1231 tempore
1242 1163 1474 1215 Atiialia:
1524 1162 1769 1232 inquieta

187 1268 335 1318 erat,
373 1257 489 1309 sive
519 1256 645 1321 quia
676 1265 799 1324 post
831 1256 1123 1309 tumnltmn
1156 1274 1266 1329 quo
1295 1273 1387 1312 rex
1434 1270 1632 1313 unctus
1663 1266 1768 1323 est,

191 1348 412 1403 Atbalia
446 1349 755 1412 interfecta,
800 1351 1031 1422 singulis
1064 1352 1129 1405 ad
1168 1353 1362 1408 domos
1391 1370 1518 1408 snas
1545 1368 1773 1423 pergen-

194 1442 369 1506 tibus,
402 1443 583 1496 omnis
626 1445 977 1498 tumultuatio
1006 1448 1339 1515 conquievit.

266 1533 424 1604 (Cap.
476 1533 664 1591 XXIV.
699 1566 762 1576 -
812 1535 966 1592 Vers.
1016 1539 1091 1607 1.)
1140 1557 1157 1589 ι
1205 1540 1268 1594 Et
1324 1557 1521 1593 nmnen
1580 1540 1772 1594 matris

190 1627 315 1695 ejus
348 1626 532 1690 Sebia,
565 1630 633 1682 de
690 1628 979 1685 Bersabee.
1036 1650 1055 1683 ι
1095 1631 1304 1688 Idcirco
1347 1650 1545 1688 nomen
1604 1636 1775 1701 patris

1032 299 1324 370 QUEST.
1364 299 1727 357 HEBRMC.
1773 292 1851 353 IN
1924 288 2093 353 ΗΒΑ
2128 292 2174 349 ll
2235 287 2590 351 PARALIP.

3314 284 3451 349 146?.

1942 404 2119 469 (γεῖς.
2147 404 2262 473 26.)
2304 424 2323 457 ι
2383 402 2631 457 Insitliati
2680 414 2807 480 sunt
2836 404 2881 458 ei
2917 401 3088 456 Zebat
3125 401 3264 456 ﬁlius
3298 400 3453 455 Seni-

1873 514 1992 555 tnaa
2024 498 2353 553 Amanitidis
2397 509 2452 555 et
2498 496 2765 551 Jozabatlt
2820 499 2964 551 ﬁlius
2987 497 3267 550 Samarith
3303 494 3451 549 Moa.

1871 594 2084 648 bitidis.
2124 611 2143 645 ›
2184 592 2393 647 Idcirco
2427 594 2572 647 enim
2607 607 2702 646 eos
2736 591 2870 646 dicit
2902 592 3040 646 lilios
3073 591 3443 644 Amanitidum

1872 699 1926 741 et
1958 686 2337 749 Moabitidum,
2387 687 2451 740 ad
2489 684 2927 757 exaggerandum
2979 686 3238 738 malitiam
3274 686 3449 739 Israe-

1875 781 2130 844 Iitarum.
2187 780 2280 849 qui
2330 779 2513 833 ulcisci
2572 780 2867 833 noluerunt
2923 777 3267 832 sacerdotem
3328 777 3443 837 Dei.

1874 875 2016 942 quod
2054 874 2126 927 illi
2171 873 2422 928 fecerunt
2459 873 2549 939 qui
2585 873 2677 926 lilii
2720 871 3154 939 alienigenarum
3203 868 3443 923 fuerunt.

1949 989 2125 1055 (Vers.
2161 990 2278 1059 9.7.)
2324 1011 2340 1042 ι
2377 988 2552 1045 Porro
2606 991 2696 1042 lilii
2745 991 2861 1058 ejus
2894 989 2910 1021 ί
2946 998 2997 1042 et
3032 1002 3263 1065 summa
3291 1002 3453 1054 pecn-

1877 1085 1979 1138 niaa
2009 1096 2034 1124 ι
2061 1100 2076 1149 ;
2119 1102 2137 1135 ι
2174 1083 2311 1137 filios
2342 1083 2481 1152 ejus,
2510 1097 2650 1153 quos
2682 1080 2801 1150 Syri
2837 1081 3231 1137 interfecerunt
3269 1096 3451 1133 coram

1874 1194 1960 1242 eo,
1994 1179 2257 1232 facientes
2284 1178 2336 1230 in
2366 1193 2491 1231 eum
2524 1175 2887 1246 ignominiosa
2917 1177 3145 1244 judicia,
3180 1178 3294 1230 sive
3326 1176 3448 1242 quia

1878 1280 2062 1339 turpes
2097 1271 2150 1324 in
2181 1285 2305 1325 eum
2343 1284 2430 1323 res
2460 1279 2709 1338 egerunt,
2745 1270 2860 1324 sive
2897 1270 3024 1337 quia
3063 1270 3454 1325 interlicientes

1878 1364 2017 1418 filios
2062 1364 2182 1434 ejus
2236 1363 2683 1433 improperabant
2717 1363 2764 1417 ei
2797 1362 3003 1425 scelus,
3063 1362 3209 1431 quod
3268 1364 3366 1416 iste
3400 1361 3452 1414 in

1878 1455 2197 1512 Zachariam
2234 1468 2663 1528 perpetrayerat.
2717 1457 2769 1509 in
2806 1455 3030 1510 Hebraeo
3061 1472 3074 1509 :
3114 1474 3129 1507 ι
3171 1453 3234 1508 Ει
3265 1453 3455 1507 fumla~

1880 1562 2125 1609 mentum
2175 1553 2374 1607 domus
2424 1552 2543 1611 Dei,
2583 1569 2600 1601 ο
2638 1565 2703 1604 eo
2735 1551 2879 1618 quod
2919 1551 3141 1617 sanguis
3174 1547 3454 1601 Zacharia:

1881 1661 2053 1711 usque
2082 1647 2145 1697 ad
2172 1645 2587 1698 fundamentum
2617 1643 2798 1707 templi
2824 1652 2878 1696 et
2905 1641 3092 1695 altaris
3122 1640 3450 1710 pervenerit.

194 1718 347 1772 illius
394 1735 500 1773 non
539 1722 821 1787 scribitur,
853 1724 980 1792 quia
1016 1739 1120 1777 non
1153 1725 1257 1779 fuit
1291 1734 1400 1779 tam
1445 1728 1679 1792 celebre,
1714 1741 1773 1782 ut
1803 1751 1848 1810 Β
1948 1734 2079 1803 Cap.
2106 1733 2272 1788 XXV.
2296 1735 2531 1788 --Vers.
2564 1734 2643 1790 2.)
2686 1731 2978 1801 «Fet-itque
3012 1730 3213 1783 bonum
3248 1729 3302 1782 in
3324 1744 3455 1785 con-

192 1810 361 1865 scribi
398 1812 682 1881 patuisset.
711 1814 956 1879 Quorum
986 1815 1131 1869 enim
1166 1818 1391 1871 nomina
1429 1821 1769 1887 scribuntur,

196 1916 295 1960 aut
322 1906 664 1968 celebritate.
698 1916 792 1962 aut
821 1912 1090 1979 potentia,
1128 1921 1220 1965 aut
1252 1914 1618 1982 generositate
1650 1915 1769 1969 illo-

196 2013 321 2051 rum
353 1998 431 2050 fit.

273 2089 460 2157 (Vers.
509 2092 590 2163 5.)
632 2112 649 2146 ι
711 2092 1046 2165 Egredituini
1089 2098 1154 2151 ad
1213 2097 1463 2151 civitates
1512 2094 1675 2159 Iuda,
1725 2108 1779 2152 et

199 2184 448 2253 colligite
476 2191 541 2240 de
564 2187 827 2243 universo
864 2188 1026 2243 Israel
1055 2191 1342 2258 pecuniam
1382 2191 1447 2243 ad
1480 2200 1776 2260 sai-tatecla

198 2277 388 2345 templi
426 2275 523 2332 Dei
576 2281 741 2335 vestri
802 2296 896 2347 per
947 2283 1195 2351 singulos
1235 2298 1430 2336 annos.
1478 2302 1496 2334 ι
1537 2284 1658 2337 ΙΙειιο
1696 2296 1778 2339 est

202 2369 435 2433 pecunia
497 2356 661 2439 quam
695 2372 747 2425 in
779 2372 893 2442 lege
933 2372 1051 2426 dari
1092 2384 1420 2443 praeceptum
1458 2384 1561 2437 est,
1612 2390 1774 2443 quam

204 2461 257 2512 in
296 2462 737 2517 dinumeratione
785 2465 956 2533 ipsius
992 2479 1085 2532 per
1134 2464 1379 2532 singulos
1431 2478 1608 2518 annos
1648 2466 1778 2519 dare

200 2563 628 2618 consueverant,
664 2555 718 2609 id
751 2567 855 2620 est,
890 2556 1086 2625 singuli
1122 2556 1382 2610 dimidios
1414 2555 1602 2618 siclos,
1633 2558 1775 2625 quod

198 2662 228 2698 a
274 2647 495 2709 diebus,
544 2664 611 2702 ex
663 2665 772 2719 quo
806 2649 1021 2703 Atltalia
1060 2664 1288 2718 regnare
1344 2649 1617 2716 cmpisset,
1671 2666 1776 2706 non

194 2739 482 2794 dederant.

272 2833 456 2902 (Vere.
485 2833 567 2903 7.)
608 2851 626 2885 ι
665 2827 876 2890 Athalia
906 2837 1051 2891 enim
1086 2836 1407 2907 impiissima
1440 2846 1494 2891 et
1530 2836 1622 2890 filii
1659 2838 1777 2904 ejus

195 2931 590 2983 destruxerunt
618 2927 837 2981 domum
874 2927 1110 2983 Domini.
1152 2947 1171 2980 ι
1215 2926 1384 2982 Filios
1418 2929 1558 2994 ejus.
1594 2944 1779 2984 sacer-

197 3024 356 3078 dotes
414 3022 687 3077 idolorum
735 3022 886 3088 dicit,
942 3022 1265 3091 plernmque
1315 3022 1459 3076 enim
1508 3023 1561 3076 in
1617 3038 1778 3077 sacro

1884 1836 2070 1897 spectu
2101 1827 2331 1889 Domini,
2356 1836 2729 1880 verumtamen
2754 1840 2860 1879 non
2887 1824 2941 1877 in
2967 1823 3130 1877 corde
3156 1821 3414 1891 perfecto,
3432 1840 3449 1871 ι

1883 1920 2011 1990 quia
2037 1935 2137 1990 pro
2165 1920 2451 1989 prmsentis
2479 1917 2665 1973 surculi
2693 1917 2984 1987 dignitate,
3012 1929 3120 1969 non
3151 1928 3247 1984 pro
3272 1912 3453 1967 futura

1884 2013 2056 2083 patria
2096 2012 2400 2067 laborabat.

1953 2124 2130 2195 (Vers.
2166 2125 2244 2193 3.)
2285 2144 2304 2177 σ
2339 2124 2617 2194 Jugulavit
2652 2140 2838 2179 servos
2901 2125 2992 2193 qui
3030 2122 3346 2177 occiderant
3376 2137 3457 2175 rc-

1881 2235 2000 2289 gem
2032 2230 2238 2288 patrem
2274 2234 2452 2273 suum.
2502 2237 2522 2267 ι
2561 2220 2886 2287 Quanquam
2933 2216 3008 2269 illi
3043 2214 3137 2270 Dei
3172 2217 3368 2269 timore
3404 2224 3458 2267 et

1883 2310 1936 2363 in
1974 2310 2185 2363 ultione
2219 2311 2498 2364 Zachariae
2540 2311 2692 2364 illum
2727 2308 3031 2364 occiderint
3066 2324 3080 2361 :
3117 2317 3298 2362 tamen
3333 2305 3453 2378 [ΑΙ.

1883 2402 2128 2472 idcirco]
2164 2405 2231 2454 ab
2266 2419 2329 2457 eo
2362 2404 2532 2458 occisi
2581 2413 2709 2457 sunt
2754 2402 3090 2471 iudicialiter
3124 2417 3137 2453 :
3173 2400 3298 2470 quia
3348 2413 3454 2452 non
3518 2439 3521 2443 .

1882 2510 1975 2547 ore
2042 2496 2341 2563 pt'opitettl’,
2405 2511 2504 2549 nec
2562 2496 2818 2548 consultu
2869 2494 3081 2548 Domini
3143 2512 3155 2547 :
3211 2493 3303 2547 sed
3361 2507 3455 2546 sua

1883 2587 2310 2656 praesumptione
2346 2587 2496 2639 illum
2533 2586 2878 2642 occiderunt.

1952 2700 2153 2773 (νας.
2194 2703 2271 2769 7.)
2306 2721 2324 2753 ‹
2367 2701 2479 2754 Non
2517 2713 2599 2755 est
2639 2701 2782 2755 Deus
2813 2717 2934 2754 cum
2968 2700 3131 2755 Israel
3163 2712 3212 2756 et
3244 2704 3460 2759 cunctis

1884 2798 2007 2852 [iliis
2065 2795 2345 2863 prraint.
2394 2814 2412 2846 ι
2455 2794 2590 2858 Quin
2642 2810 2766 2848 cum
2816 2794 2939 2848 aliis
2990 2795 3237 2850 tribubus
3285 2809 3456 2851 erat:

1884 2905 2005 2944 cum
2054 2889 2199 2941 tribu
2255 2886 2512 2955 prraim
2549 2885 2692 2939 unde
2745 2899 2899 2955 reges
2956 2896 3135 2952 erant,
3173 2901 3279 2939 non
3321 2900 3458 2954 erat,

1885 2988 2105 3049 propter
2147 2977 2657 3047 prtevaricationcm
2695 2975 2985 3031 Jeroboam
3029 2986 3082 3032 et
3132 2989 3456 3034 caeterorum

196 3114 425 3184 eloquio
464 3112 560 3168 lilii
597 3128 703 3169 non
731 3087 1027 3179 nascendo,
1060 3114 1154 3168 sed
1179 3087 1456 3169 imitando
1490 3125 1773 3170 vorantur.
1802 3094 1851 3160 ε
1887 3087 2094 3184 ’,θεῖ’-ω’

210 3206 617 3260 Destruxerant
667 3215 849 3260 autem
899 3206 1118 3260 domum
1173 3205 1286 3271 Dei,
1334 3206 1447 3260 sive
1495 3206 1783 3275 spoliatqu

204 3299 368 3350 istam
395 3296 753 3361 ornamentis,
789 3295 927 3363 sive,
958 3307 1017 3351 ut
1046 3295 1243 3361 ferunt,
1275 3306 1583 3352 terra-motu
1618 3297 1780 3363 facto,

204 3391 352 3443 sicut
400 3398 645 3457 tempore
677 3388 822 3444 Ozias
860 3405 874 3444 :
914 3399 971 3443 ut
1026 3390 1168 3445 sicut
1217 3390 1312 3445 illo
1368 3390 1607 3443 intrante
1657 3406 1780 3443 cum

207 3481 515 3545 tburibulo,
543 3482 615 3535 ita
640 3484 801 3536 etiam
830 3481 1043 3537 Athalia
1069 3482 1209 3537 idola
1229 3483 1280 3537 in
1310 3482 1533 3537 domum
1565 3481 1780 3538 Domini

207 3574 430 3629 mittere
466 3573 695 3638 nitente,
725 3584 1073 3629 terramotus
1107 3575 1280 3630 factus
1308 3576 1400 3631 sit.

278 3665 471 3735 (Vers.
510 3666 622 3734 16.)
665 3686 682 3718 ι
728 3665 805 3722 Eo
841 3669 983 3736 quod
1029 3669 1473 3723 fccissetbonum
1510 3670 1561 3723 in
1595 3669 1782 3736 Israel,

204 3771 259 3813 et
301 3774 426 3813 cum
467 3757 575 3811 Deo
622 3767 675 3812 et
705 3773 828 3811 cum
878 3760 1041 3812 domo
1080 3760 1214 3828 ejus.
1262 3776 1281 3810 ι
1317 3760 1453 3814 Cum
1492 3761 1621 3828 Deo,
1656 3762 1782 3831 quia

204 3850 379 3915 idola,
410 3865 534 3918 qua:
559 3849 625 3903 ad
662 3851 1105 3917 aspernationcm
1144 3850 1235 3904 Dei
1270 3850 1409 3906 facta
1444 3861 1621 3918 erant,
1656 3855 1787 3909 sub-

203 3943 406 4005 vertit;
443 3956 568 3994 cttm
619 3940 782 3995 domo
833 3940 974 4009 ejus,
1028 3944 1156 4011 quia
1202 3943 1392 3997 ruinas
1428 3953 1481 3999 et
1514 3946 1785 4003 scissuras

205 4032 547 4088 instauravit
576 4032 629 4085 in
678 4032 866 4094 Israel,
921 4034 1047 4100 quia
1103 4049 1328 4101 regnum
1367 4035 1563 4090 domus
1616 4037 1782 4092 David

206 4124 566 4188 instauravit,
586 4140 843 4179 amovens
863 4125 988 4180 inde
1008 4127 1389 4192 idololatriam,
1412 4144 1530 4198 qum
1544 4132 1785 4198 peccatis

201 4218 426 4271 illorum
458 4215 735 4270 dominata
773 4216 971 4271 fuerat.

280 4310 468 4382 (Vera.
522 4311 632 4379 17.)
692 4330 710 4363 ι
764 4313 1054 4380 Postquam
1114 4312 1249 4367 obiit
1298 4313 1513 4379 Juiada,
1558 4315 1785 4385 ingrcssi

1959 3182 2139 3253 (Vers.
2193 3184 2302 3251 lO.)
2342 3202 2359 3232 ι
2396 3182 2681 3251 Separavit
2736 3184 2919 3250 itaque
2971 3187 3217 3241 Amasias
3250 3188 3458 3244 exerci-

1888 3285 2025 3339 tum,
2059 3276 2148 3343 qui
2204 3287 2424 3329 venerat
2456 3276 2517 3327 ad
2553 3290 2676 3329 eam
2717 3293 2780 3329 ex
2818 3277 3094 3345 Ephraim,
3127 3280 3255 3348 quia
3310 3279 3456 3334 idola

1887 3383 2073 3424 secum
2118 3368 2407 3421 trahebant.
2452 3386 2469 3419 ι
2506 3367 2755 3423 Amasias
2799 3379 2919 3437 post
2960 3370 3161 3423 cmdem
3196 3370 3461 3428 lduma'o-

1892 3477 2034 3523 rom,
2068 3471 2121 3513 et
2156 3462 2352 3516 allatus
2382 3461 2515 3514 deos
2553 3460 2786 3514 liliornm
2821 3462 2962 3527 Seir,
3013 3464 3206 3518 statuit
3254 3465 3376 3521 illos
3406 3468 3461 3522 in

1887 3555 2020 3608 deos
2054 3554 2179 3609 s’bi.
2230 3553 2365 3608 Cum
2421 3554 2567 3607 enim
2608 3554 3088 3624 praecipitarentur
3135 3557 3225 3611 illa
3274 3558 3459 3614 decem

1891 3649 2081 3712 millia,
2114 3650 2203 3702 il!a
2236 3648 2401 3713 idola,
2435 3664 2554 3716 quae
2581 3664 2769 3703 secum
2799 3649 3096 3715 habebant,
3134 3665 3458 3719 responsum

1889 3740 2179 3807 dederunt,
2242 3743 2363 3796 ideo
2423 3742 2545 3795 illos
2601 3742 2941 3806 interfectos,
3005 3742 3131 3811 quia
3187 3743 3253 3796 de
3308 3744 3459 3798 cultu

1888 3848 2075 3888 eorum
2112 3834 2445 3903 negligentes
2498 3834 2752 3889 fuissent.
2797 3831 2999 3888 Videtis
3025 3850 3155 3902 ergo
3192 3834 3284 3888 ille
3315 3835 3457 3888 idola

1890 3940 2154 3994 responsa
2211 3925 2363 3987 dare,
2409 3936 2463 3979 et
2502 3942 2530 3979 a
2572 3927 2729 3979 ruina
2778 3925 2936 3994 eripi,
2981 3925 3082 3978 hoc
3126 3941 3313 3980 errore
3370 3928 3460 3982 de-

1888 4027 2103 4088 ceptus.
2134 4019 2381 4072 adoravit
2417 4033 2501 4073 ea.

1960 4132 2141 4201 (Vers.
2189 4134 2298 4200 15.)
2340 4152 2357 4184 t
2398 4133 2545 4187 illisit
2607 4134 2925 4203 prophetam
2972 4134 3039 4187 ad
3070 4148 3220 4187 eum.
3263 4152 3280 4183 ι
3329 4134 3460 4188 Pro-

1889 4227 2049 4297 pheta
2084 4226 2171 4280 bic
2200 4224 2410 4279 Eliezer
2448 4234 2554 4286 est,
2588 4225 2730 4280 [ilius
2767 4224 3013 4289 Dodabu,
3048 4226 3098 4279 id
3139 4234 3221 4278 est
3285 4240 3461 4279 avun-

1890 4318 1997 4373 culi
2031 4318 2169 4386 ejns.
2205 4318 2270 4371 de
2300 4332 2409 4386 quo
2444 4318 2705 4384 superius
2740 4316 2948 4370 dictum
2984 4326 3087 4371 est.
3122 4318 3461 4385 Cessarilquc

202 4414 339 4459 sunt
367 4404 642 4473 principes
671 4402 832 4466 Juda,
862 4413 916 4459 et
942 4404 1312 4459 adoraverunt
1345 4422 1548 4475 regem.
1585 4426 1603 4459 ι
1642 4410 1786 4463 Ado-
1818 4430 1864 4485 ι)
1890 4410 2163 4478 propheta.
2190 4416 2239 4461 et
2277 4408 2409 4462 dixit
2446 4405 2529 4475 (ll
2568 4406 2761 4461 Paral.
2808 4424 2957 4473 xvnt,
2984 4409 3063 4476 6.)
3090 4409 3357 4473 Cessavit,
3392 4412 3457 4464 ad

206 4504 476 4552 raveruut
507 4512 629 4551 eum
657 4505 716 4551 ut
760 4495 924 4551 deum
966 4513 981 4553 :
1012 4508 1063 4552 et
1094 4499 1367 4566 acquievit
1393 4515 1582 4554 eorum
1621 4503 1786 4557 obse-

203 4591 356 4660 quiis
390 4590 670 4656 delinitus,
700 4599 760 4643 ut
787 4604 845 4644 se
871 4598 931 4644 ut
974 4591 1135 4645 deum
1174 4591 1276 4644 coli
1310 4596 1675 4660 permitteret.

286 4681 470 4752 (Vers.
515 4682 629 4751 20.)
668 4700 686 4733 ι
739 4680 863 4736 llaec
918 4683 1049 4737 dicit
1082 4682 1227 4737 Deus
1266 4682 1392 4754 [ΑΙ.
1448 4683 1785 4759 Dominus]:

209 4776 401 4841 Quare
438 4772 883 4842 transgrellitniui
912 4784 1239 4843 praeceptum
1280 4773 1533 4830 Domini?
1573 4796 1589 4828 ι
1632 4780 1707 4832 Ac
1743 4780 1787 4832 si

209 4880 403 4936 aperte
438 4866 583 4920 dicat
619 4884 633 4921 :
664 4882 825 4936 quem
873 4882 969 4920 vos
1006 4865 1174 4921 Deum
1227 4867 1428 4923 habere
1460 4869 1777 4936 destitistis,

215 4963 270 5014 in
306 4969 520 5014 tantum
573 4969 633 5014 ut
682 4960 788 5013 tale
820 4961 974 5014 nefas
1030 4959 1289 5021 feceritis.
1326 4962 1468 5029 quod
1504 4978 1785 5031 nunquam

214 5066 341 5107 ante
375 5053 428 5107 in
458 5053 612 5108 vobis
636 5052 837 5109 factum
866 5063 965 5108 est.
998 5054 1062 5107 Et
1092 5053 1386 5106 notandum
1420 5054 1562 5118 quod
1595 5070 1700 5108 non
1735 5058 1785 5110 in

215 5150 335 5205 alio
378 5148 500 5201 loco
533 5147 831 5212 invenitur,
870 5147 993 5201 flrec
1028 5148 1151 5198 dicit
1202 5146 1364 5198 Deus.
1399 5147 1499 5199 nisi
1552 5146 1638 5201 hic
1674 5160 1793 5200 tan-

218 5255 357 5296 tum.
394 5238 515 5293 F.1ii
552 5239 698 5293 enim
737 5237 1011 5293 Zachariae
1050 5253 1172 5292 cum
1206 5253 1268 5290 eo
1308 5235 1576 5291 interfecti
1613 5249 1732 5291 sunt
1772 5255 1784 5294 :

212 5345 271 5389 et
302 5333 426 5387 ideo
462 5331 597 5384 dicit
632 5330 861 5385 filiorum
902 5329 1107 5385 Joiadae
1150 5331 1472 5384 sacerdotis.

296 5452 313 5481 ³
360 5449 465 5503 Pro
498 5446 603 5499 illis
641 5444 821 5497 verbis
867 5454 1154 5499 eontvxtus
1204 5446 1365 5505 sacri.
1397 5456 1443 5498 et
1470 5461 1672 5497 suntme
1704 5460 1789 5511 pe-

218 5522 420 5579 cnniw,
467 5517 594 5571 editi
626 5524 783 5567 antea
814 5515 936 5568 libri
970 5515 1252 5568 ridiculam
1303 5530 1414 5569 rem
1466 5526 1784 5582 posuerunt,

219 5592 456 5651 sc-liret,
491 5600 537 5641 et
576 5585 858 5638 multitudo
909 5587 1213 5653 prophetiae.
1269 5584 1576 5652 Eodemque
1629 5585 1790 5636 modo

1891 4503 2067 4557 minas
2103 4501 2245 4568 regis
2282 4519 2295 4554 :
2331 4508 2384 4553 et
2415 4498 2576 4564 dixit,
2616 4499 2681 4553 ad
2720 4501 3008 4566 imperium
3048 4499 3281 4556 Domini.

1960 4594 2139 4665 (Vers.
2174 4592 2286 4659 16.)
2323 4610 2339 4641 ι
2376 4590 2519 4657 Quia
2548 4591 2727 4645 fecisti
2760 4592 2860 4647 hoc
2890 4593 3115 4656 malum,
3148 4592 3460 4664 etinsttpcr

1888 4700 1995 4739 non
2049 4683 2368 4753 acquievisti
2424 4683 2661 4739 consilio
2716 4700 2858 4738 meo.
2903 4703 2920 4735 ι
2973 4683 3220 4739 Consilio
3277 4696 3457 4739 autem

1886 4777 2005 4846 ejus
2052 4777 2451 4843 acquiesceret,
2492 4775 2537 4828 si
2575 4791 2670 4831 eos
2716 4776 2841 4847 igne
2878 4778 3248 4843 combureret,
3298 4780 3459 4833 vesti-

1889 4879 2073 4924 menta
2098 4870 2486 4937 disrunrperet,
2507 4870 2747 4923 cinerem
2772 4885 2938 4939 super
2962 4881 3125 4939 caput
3156 4882 3457 4940 spargeret,

1890 4976 1943 5015 et
1998 4969 2169 5014 totum
2224 4975 2282 5014 se
2333 4960 2668 5028 prenitentiae
2724 4960 2932 5015 daret:
2977 4962 3081 5015 hoc
3132 4962 3333 5015 etenim
3383 4964 3469 5016 illi.

1890 5053 2180 5107 consilium
2221 5056 2511 5121 prophetes
2543 5052 2795 5104 dederat.

1888 5173 1895 5191 ι
1963 5142 2146 5211 (Vers.
2180 5143 2292 5213 18.)
2324 5162 2342 5194 ι
2367 5143 2616 5197 Carduus
2644 5142 2861 5206 Libani,
2886 5144 2976 5212 qni
3001 5153 3081 5197 est
3105 5145 3157 5198 in
3180 5144 3409 5201 Libano.

1894 5235 1993 5290 llic
2022 5236 2285 5291 carduum
2317 5236 2509 5289 Libani
2543 5243 2721 5299 vocat,
2752 5236 2821 5288 ob
2847 5238 3263 5305 generositatem
3295 5239 3462 5301 illius.

1897 5328 1988 5396 qui
2021 5327 2270 5396 quamvis
2304 5326 2640 5395 negligenter
2666 5336 2866 5391 ageret,
2899 5328 3109 5391 magnis
3153 5337 3266 5381 erat
3299 5329 3464 5395 majo-

1899 5454 2155 5500 sescenta
2188 5444 2292 5497 alia
2334 5443 2625 5513 depravata
2655 5444 2911 5502 retinent.
2954 5459 3075 5509 qum
3109 5444 3295 5497 lectori
3330 5460 3460 5496 erit-

1897 5516 2010 5569 ditu
2037 5515 2365 5570 cachinnum
2409 5525 2645 5574 movent,
2676 5514 2803 5565 dtttn
2848 5514 3130 5580 imperitos
3167 5515 3464 5568 delectant.

293 5716 310 5735 '
350 5705 452 5758 .‘ls.
486 5720 703 5773 quoque
730 5718 901 5763 meus,
939 5711 1099 5772 atque
1135 5717 1238 5755 una
1284 5701 1628 5756 Ambrosian.
1664 5713 1761 5769 pro
1802 5711 1849 5757 et
1880 5717 2089 5754 simium
2120 5698 2373 5769 pecuniw,
2408 5710 2529 5745 cum
2576 5695 2808 5766 vulgatis
2860 5706 3016 5749 antea
3072 5695 3224 5747 libris
3280 5695 3462 5761 habet,

221 5790 276 5837 ει
306 5776 589 5831 ηιαιιὶιιιιιι›
615 5775 914 5841 prop/(elue.
