2102 3516
394 197 461 227 1663

1104 203 1310 235 ΑΡΡΕΝΟΙΧ.

1955 209 2009 240 ll“

393 255 470 282 rihus
487 257 782 293 procreatus:quippe
794 256 1175 293 quidelsraelsemineerat.
1193 261 1214 288 A
1266 259 1356 296 (νοτε.
1387 261 1446 297 2'2.)
1465 271 1474 289 ι
1503 262 1616 295 Reliqua
1644 268 1736 291 autem
1761 271 1921 291 sernmnum
1948 265 2010 294 Osi:

428 300 517 335 (Vers.
533 301 591 337 24.)
610 302 712 331 «Omne
729 312 839 340 quoque
863 312 958 332 aurum
976 309 1004 332 ct
1020 310 1175 340 argentum.

393 352 420 374 et
433 348 560 375 universa
582 356 643 384 quae
665 356 771 385 reperta
783 355 847 378 sunt
859 351 886 378 in
901 350 982 378 domo
991 351 1178 386 Dominiapud

392 392 601 423 (Μυσὴ-Μυκη.»
640 396 717 430 Apud
741 395 915 423 Ohed-Edom
934 405 941 424 :
969 397 1032 432 quia
1054 397 1113 432 ejus
1131 397 1177 424 ﬁlii

391 441 702 478 custodiebanteaqetab
716 450 747 470 eo
757 442 892 478 descripta
903 444 956 471 sibi
970 444 1176 478 permanebant.

430 487 520 524 (Vers.
536 489 594 524 25.)
611 497 621 515 1
641 489 713 517 Vixit
732 489 859 517 Amasias
871 489 1015 517 ﬁliusJoas
1029 498 1085 521 rex.
1103 496 1178 526 post-

393 542 476 568 quam
495 540 619 563 mortuus
645 540 686 563 est
703 535 767 563 Juas
792 536 864 564 ﬁlius
886 535 987 563 Johaaz
1015 545 1061 564 rex
1085 537 1177 569 Israel.

394 582 551 614 quindecim
564 583 653 610 annis.
676 592 685 609 ι
702 583 739 610 Eo
755 588 877 618 tempore
891 583 918 610 in
932 588 1011 611 utero
1025 584 1177 611 habebatur

394 629 484 661 (Ilias.
504 630 548 663 qui
577 635 670 664 postea
694 633 818 666 regnavit
836 631 862 657 in
878 627 1041 658 Jerusalem.
1058 630 1136 659 Unde
1150 634 1178 658 ct

394 674 533 708 scribitur,
553 685 562 701 ε
580 674 704 704 Sedccim
722 684 856 703 annorum
875 682 935 704 erat
951 676 1041 708 Ozias.
1059 684 1121 703 cum
1138 684 1180 703 rc-

393 728 476 752 enare
499 721 639 756 cmpisSet.
663 730 671 747 ι
698 722 735 748 Ex
753 730 786 749 eo
811 728 943 757 tempore,
972 730 1027 756 quo
1050 722 1179 750 discessit

392 766 517 793 Amasias
555 774 570 794 a
597 767 723 800 Domino.
741 768 889 795 iusurrexit
914 776 997 803 super
1019 776 1082 796 eum
1110 776 1177 796 con-

391 813 493 845 juratio
517 814 543 840 in
566 813 727 842 Jerusalem.
755 815 823 847 Quia
848 821 881 841 ex
907 822 939 841 eo
964 819 1098 850 tempore.
1123 822 1178 849 quo

393 860 531 895 prophetae
544 862 689 889 consilium
708 869 760 888 non
781 860 897 894 audivit.
923 869 1013 897 neque
1035 861 1067 888 ad
1087 861 1176 888 Domi-

393 912 458 932 num
474 907 595 933 converti
609 907 702 937 voluit,
715 906 879 942 praeparatio
892 907 1091 942 conjurationis
1104 907 1177 935 illius

394 952 464 979 facta
487 958 538 986 est,
551 958 578 980 et
592 959 705 981 eatenus
730 954 823 986 dilata,
845 954 933 981 donec
951 954 983 981 ad
1001 961 1179 982 consumma-

394 999 495 1026 tionem
519 999 683 1033 perveniret.

429 1045 519 1081 (Vers.
534 1045 593 1078 28.)
612 1056 622 1072 ‹
641 1046 875 1081 Reportantesque
892 1054 976 1080 super
987 1054 1086 1082 equos,
1102 1054 1179 1081 sepe-

397 1091 497 1118 lierunt
511 1100 583 1118 eum.
599 1101 608 1118 ι
624 1091 685 1119 Non
698 1092 768 1119 enim
785 1093 845 1120 sine
858 1100 942 1120 causa
957 1092 1099 1127 Scriptura
1107 1092 1180 1119 ‘Jicit

392 1145 454 1164 cum
468 1146 548 1173 super
561 1146 647 1173 equos
659 1143 808 1173 portatum;
819 1139 866 1165 sed
878 1138 1016 1173 colligitur
1028 1138 1090 1166 ideo
1102 1138 1177 1166 illum

391 1184 555 1217 portandum
579 1192 661 1219 super
685 1192 783 1219 equos.
801 1185 865 1219 quia
888 1185 955 1212 deos
974 1184 1069 1216 Edom.
1086 1184 1131 1219 qui
1149 1185 1176 1211 in

391 1231 471 1265 equis
487 1231 678 1265 portabantur.
695 1230 862 1258 adorarerit.
880 1231 911 1257 Iit
926 1230 1030 1258 idcirco
1045 1238 1099 1257 non
1115 1238 1178 1265 por-

391 1282 477 1304 tatum
507 1284 589 1312 super
616 1277 746 1304 humeros
769 1286 776 1304 :
798 1278 861 1312 quia
891 1277 1046 1307 neglexerat
1073 1278 1178 1305 servire

390 1322 447 1349 Deo
466 1322 561 1354 Israel.
577 1322 658 1354 cujus
675 1321 803 1357 mysteria
822 1329 904 1357 super
921 1322 1051 1349 humeros
1066 1320 1177 1348 Chaati-

390 1373 477 1395 tantm
498 1368 599 1402 portari
612 1367 734 1402 jusserat
747 1373 768 1395 '.

426 1415 504 1449 (Cap.
526 1414 620 1441 XXVI.
641 1429 676 1435 —-
693 1415 772 1443 Vers.
790 1415 828 1450 I.)
847 1414 928 1442 Ozias
947 1415 973 1441 in
988 1415 1175 1449 Paralipome-

389 1470 442 1488 non
461 1469 469 1489 :
491 1462 516 1489 in
535 1461 650 1496 Regum.
669 1462 781 1489 Azarias
807 1462 936 1489 scribitur
961 1462 1033 1490 ﬁlius
1055 1462 1176 1490 Amasis:

389 1508 444 1541 (ιγ
461 1508 525 1542 Reg.
540 1516 596 1541 xiv.
612 1508 671 1543 2t.)
687 1508 773 1536 Ozias'
781 1508 853 1535 enim
866 1508 1074 1542 interpretatur.
1089 1508 1174 1536 uirtus

389 1554 446 1581 Dei.
472 1555 595 1586 Marias,
614 1554 745 1581 auxilium
762 1554 877 1590 Domini.
906 1553 1011 1581 Idcirco
1028 1554 1101 1581 enim
1118 1553 1175 1582 vir-

1232 308 1354 343 priorum
1370 313 1397 337 et
1420 309 1644 343 novissimorum,
1663 309 1758 337 scribit
1782 309 1867 337 Isaias
1899 311 2009 345 prophe-

1232 358 1270 381 ta.
1289 363 1298 380 ι
1314 354 1397 383 Isaias
1421 360 1448 383 et
1471 358 1605 392 propheta
1632 356 1743 391 scripsit
1772 366 1778 384 :
1798 366 1807 383 ι
1827 357 1857 384 In
1874 365 1951 384 anno
1964 366 2009 392 quo

1232 405 1358 428 mortuus
1374 406 1416 428 est
1432 410 1477 430 rex
1493 402 1585 435 Ozias.
1602 403 1657 430 vidi
1674 402 1818 431 Dominum
1847 404 2006 432 sedentem»

1232 445 1298 479 (Ira.
1315 452 1351 479 vt.
1371 445 1414 481 I);
1431 454 1463 474 eo
1478 454 1552 475 anno
1573 448 1649 475 illum
1663 453 1801 476 mortuum
1815 448 1902 476 fuisse
1915 449 2009 477 descri-

1230 491 1280 522 bit.
1298 499 1353 527 quo
1369 493 1444 528 lepra
1464 501 1613 529 percussus
1627 499 1680 523 est.

1268 538 1346 573 (Cap.
1372 539 1479 567 XXVII.
1501 555 1536 561 —
1552 539 1629 568 νει-ε.
1646 541 1685 576 5.)
1704 551 1713 566 ι
1730 542 1763 569 Et
1780 543 1806 569 in
1825 550 1906 570 muro
1932 542 2009 576 Ophel

1230 585 1316 612 multa
1333 586 1498 614 construxit.
1518 596 1527 613 ι
1546 586 1575 615 In
1600 595 1680 615 muro
1696 587 1781 623 Ophel
1798 609 1805 620 ,
1833 589 1886 616 hcc
1919 592 1962 616 cst
1987 588 2009 615 in

1230 639 1310 659 muro
1330 633 1438 666 nebula.
1470 634 1542 669 quod
1554 634 1715 669 intelligitur
1731 634 1830 662 Sancta
1846 640 2009 662 sanctorum.

1231 679 1363 707 Dominus
1378 681 1450 707 enim
1463 681 1542 712 dixit,
1559 686 1586 708 ut
1603 681 1738 709 habitaret
1758 682 1785 709 in
1801 682 1913 709 nebula.

1267 724 1355 760 (Vers.
1370 726 1409 761 8.)
1427 736 1437 752 ι
1464 726 1550 755 Filius
1563 727 1658 763 viginti
1676 729 1796 764 quinque
1808 736 1946 756 annorum
1959 733 2009 756 erat

1229 771 1367 806 Joatham.
1382 780 1443 800 cum
1459 780 1573 808 regnare
1597 775 1737 809 coepisset.
1758 785 1768 801 ι
1789 774 1840 802 llic
1868 780 1897 803 et
1909 775 2008 803 initium

1230 819 1306 853 regni
1318 818 1378 854 ejus
1405 823 1431 847 et
1458 819 1613 847 innocentia
1629 819 1814 849 describitur:
1833 826 1863 848 ut
1881 827 2009 849 monstra-

1230 870 1272 892 ret
1285 872 1345 892 eum
1364 865 1390 892 in
1403 866 1559 894 innocentia
1576 875 1780 903 perseverasse.
1792 875 1848 903 qua
1861 868 1957 902 coepit.

1267 912 1344 947 (Cap.
1366 911 1462 940 XXIII.
1480 928 1514 933 —
1532 914 1610 941 Vers.
1627 914 1666 950 7.)
1683 923 1693 940 ι
1723 913 1836 941 Masiam
1861 914 1948 941 ﬁlium
1963 913 2011 940 IIo-

1231 955 1305 988 loch.
1325 966 1335 982 ι
1358 956 1385 983 id
1398 962 1439 984 est
1471 958 1555 985 ﬁlium
1577 957 1656 986 idolis
1671 958 1799 991 Ammon,
1814 958 1887 992 quod
1905 958 2012 984 vocaba-

1231 1005 1277 1028 tur
1291 1000 1410 1036 Moloch,
1428 1002 1455 1029 id
1487 1007 1530 1030 est
1556 1010 1615 1030 rex.
1648 1003 1750 1030 Idcirco
1775 1003 1848 1030 enim
1872 1002 1947 1029 ﬁlius
1959 1003 2012 1036 ejus

1230 1047 1340 1080 dicitur.
1353 1049 1425 1083 quod
1441 1048 1479 1075 illi
1507 1056 1585 1077 sacra
1609 1049 1768 1077 instituebat
1787 1053 1815 1076 et
1836 1049 1942 1077 cultus.
1961 1048 2013 1076 Hoc

1230 1098 1257 1120 et
1273 1093 1300 1120 in
1314 1093 1433 1122 Jeremia
1451 1094 1536 1123 habes
1550 1095 1583 1122 de
1596 1094 1720 1127 lsmaele.
1734 1094 1780 1129 qui
1799 1094 1969 1122 describitur
1980 1093 2009 1120 de

1230 1147 1329 1175 genere
1343 1141 1427 1175 regio,
1444 1148 1506 1168 cum
1521 1148 1574 1169 non
1590 1141 1624 1168 de
1641 1148 1739 1176 genere
1758 1141 1833 1176 regio
1852 1140 1950 1173 fuerit.
1966 1140 2010 1168 sed

1230 1187 1264 1214 de
1278 1186 1360 1220 Gera,
1373 1194 1457 1214 servo
1468 1186 1597 1222 [Egyptio
1613 1186 1723 1221 (λιι-ειη.
1737 1195 1790 1218 xu.
1806 1187 1818 1213 I
1833 1187 1932 1221 seqq).

1267 1231 1346 1260 γει-ε.
1360 1233 1400 1268 9.)
1420 1242 1429 1258 ι
1446 1232 1482 1260 Ea
1499 1236 1659 1267 tempestate
1673 1239 1733 1260 erat
1764 1232 1800 1259 ibi
1814 1232 1949 1267 propheta
1969 1238 2013 1258 no-

1229 1278 1304 1306 mine
1328 1278 1416 1306 Obeth
1434 1278 1459 1304 b.
1490 1287 1499 1304 ι
1515 1278 1577 1313 Ipse
1607 1284 1650 1306 est
1666 1283 1742 1312 pater
1765 1278 1881 1310 Azariaa,
1899 1278 1947 1313 qui
1963 1278 2011 1305 Asa

1230 1325 1284 1359 regi
1300 1324 1481 1359 prophetavit.
1500 1324 1538 1350 Ad
1553 1324 1775 1359 prophetandum
1787 1325 1862 1351 enirn
1877 1326 1907 1351 in
1922 1324 2013 1351 Sama-

1229 1371 1297 1398 riam
1322 1375 1455 1402 venerat.
1481 1371 1545 1405 quia
1573 1370 1607 1397 de
1636 1370 1706 1398 Iuda
1730 1375 1800 1398 erat.
1829 1370 1937 1398 Idcirco
1962 1377 2011 1396 non

1227 1417 1296 1444 dixit
1311 1425 1317 1443 :
1334 1416 1398 1443 Ilrrc
1421 1416 1488 1443 dicit
1517 1416 1667 1449 Dominus,-
1688 1417 1752 1451 quia
1769 1424 1823 1444 non
1843 1422 1925 1444 erant
1942 1416 2012 1451 digni

1228 1469 1353 1490 sermone
1370 1462 1523 1498 propheta.
1553 1461 1639 1488 Iratus
1655 1462 1727 1489 enim
1743 1467 1800 1489 erat
1818 1461 1891 1489 Deus
1905 1462 1970 1489 illis.
1986 1461 2011 1487 In

1227 1508 1279 1536 hoc
1294 1509 1354 1535 solo
1373 1508 1433 1535 loco
1447 1509 1536 1535 Acha:
1549 1512 1662 1535 vocatur
1674 1515 1719 1535 rex
1739 1507 1822 1535 Israel
1844 1516 1851 1534 :
1874 1516 1929 1534 non
1944 1506 2011 1542 quod

1227 1562 1310 1590 super
1326 1561 1436 1582 omnem
1451 1553 1534 1581 Israel
1558 1554 1724 1589 regnaverit.
1745 1554 1791 1581 sed
1808 1554 1875 1589 quia
1901 1558 2011 1581 secutus

389 1606 433 1627 tus
458 1601 563 1628 Domini
586 1605 713 1632 vocatur,
747 1600 810 1635 quia
837 1608 933 1635 magna
962 1601 988 1627 in
1005 1608 1067 1627 eum
1089 1600 1211 1641 virtusc
1227 1601 1262 1627 sit
1277 1608 1359 1635 opera
1379 1608 1472 1634 regum
1498 1600 1605 1627 Israel:
1625 1600 1651 1627 in
1673 1604 1778 1626 tantum
1795 1603 1822 1626 et
1835 1599 1933 1626 nullus
1953 1603 2013 1625 ante

386 1647 496 1675 Domini
522 1653 633 1675 ostensa
656 1653 698 1675 est
724 1647 903 1683 percussione
922 1647 1015 1682 lepra.
1033 1651 1060 1674 et
1080 1651 1173 1675 terre-

387 1700 461 1722 ntotn
480 1695 562 1722 facto.

424 1741 516 1776 (Vers.
527 1742 565 1776 5.)
581 1755 588 1767 1
605 1741 757 1777 Exquisivit
771 1741 854 1768 Deum
867 1741 895 1768 in
914 1740 1012 1768 diebus
1022 1740 1171 1774 Zachariae,

386 1787 564 1822 lntelligentis
585 1792 612 1815 et
630 1788 748 1815 videntis
776 1787 873 1814 Deum.
896 1795 905 1812 ι
922 1786 1072 1813 Zacharias
1100 1787 1172 1817 ﬁlius

386 1833 536 1865 Zachariae.
549 1833 595 1860 ﬁlii
609 1832 724 1865 Joiadte.
741 1832 786 1867 qui
805 1836 866 1867 post
891 1836 1005 1858 monem
1022 1832 1108 1867 patris
1124 1839 1173 1858 na-

386 1883 441 1910 tus.
460 1877 623 1912 posthumus
639 1877 725 1910 patris
747 1884 844 1903 nomen
863 1877 979 1903 sortitus
1000 1882 1053 1904 est.
1070 1876 1171 1904 Intelli-

384 1932 451 1958 gt-us
466 1924 539 1950 cuitu
555 1928 583 1950 et
597 1923 693 1950 videns
706 1922 858 1950 dicebatur.
875 1921 1043 1957 lntelligens,
1060 1927 1172 1957 propter

385 1968 588 2001 saCerdotium;
606 1968 710 2000 videns,
726 1972 837 2002 propter
852 1967 1036 2002 prophetiam.

422 2015 510 2049 (Vers.
526 2014 563 2048 '7.)
583 2023 592 2039 ‹
621 2013 719 2041 Contra
737 2013 849 2045 Arabes.
876 2013 922 2048 qui
957 2013 1117 2040 habitabant
1138 2013 1167 2039 in

387 2061 515 2088 Gurhaal.
537 2069 546 2086 ι
580 2059 639 2094 Ipsa
664 2064 704 2086 est
724 2058 837 2092 Gerara.
863 2059 890 2086 in
908 2067 962 2094 qua
981 2060 1168 2094 peregrinatus

387 2113 428 2135 cst
441 2108 587 2134 Abraham.
1083 2108 1087 2109 '

425 2147 513 2190 (ναῖε.
529 2153 567 2187 9.)
582 2162 592 2178 ι
605 2151 759 2180 ,λΕιιίιίωινῑι
775 2151 856 2179 Ozias
870 2156 959 2179 turres
974 2150 1002 2178 in
1016 2150 1169 2178 Jerusalem

387 2209 470 2235 super
486 2204 591 2235 portam
607 2199 715 2234 Anguli,
734 2203 761 2226 et
777 2206 860 2233 super
878 2201 986 2233 portam
1001 2196 1094 2226 Vallis.
1106 2203 1170 2230 por-

388 2254 444 2274 tam
476 2245 612 2277 civitatis;
634 2252 647 2270 a
662 2250 738 2278 porta
763 2244 891 2279 Ephraim
911 2250 997 2278 usque
1013 2242 1046 2270 ad
1063 2246 1169 2277 portam

1227 1654 1290 1674 eum
1308 1646 1341 1674 de
1361 1646 1471 1681 regibus
1488 1645 1604 1681 nequior
1618 1644 1712 1673 luerit.
1735 1645 1810 1673 Unde
1823 1650 1853 1672 et
1866 1645 1968 1672 dicitur
1981 1644 2013 1671 de

1226 1699 1269 1724 co,
1282 1692 1354 1727 quod
1375 1691 1504 1719 nudasset
1517 1690 1615 1718 Judam
1629 1690 1772 1725 praeceptis
1788 1695 1816 1718 et
1831 1691 1939 1717 auxilio
1955 1690 2011 1719 Dei.

1227 1737 1300 1765 sicut
1313 1738 1347 1766 de
1359 1738 1450 1765 Aaron
1467 1737 1610 1771 scribitur,
1623 1736 1698 1772 quod
1714 1737 1846 1764 nudasset
1867 1737 2010 1771 populum.

1226 1783 1309 1810 Auxit
1326 1788 1513 1818 contemptum
1529 1787 1540 1802 ε
1556 1784 1613 1817 ipse
1627 1790 1674 1810 rex
1689 1782 1792 1809 Achaz.
1811 1782 1891 1814 Quod
1906 1782 2011 1809 videtur

1226 1830 1302 1864 quasi
1317 1829 1495 1865 superﬂuum.
1505 1828 1582 1862 Quod
1593 1829 1660 1857 dicit
1680 1829 1750 1864 ipse.
1762 1836 1845 1856 causa
1861 1827 2013 1855 notationis

1226 1876 1277 1903 hoc
1290 1875 1366 1904 facit.
1386 1875 1465 1902 Notat
1492 1875 1564 1903 enim
1581 1874 1641 1909 ejus
1667 1875 1809 1906 malitiam.
1823 1874 1896 1901 sicut
1917 1878 1946 1901 et
1957 1881 2013 1901 ere-

1225 1922 1312 1949 broin
1330 1921 1437 1949 Iaudem
1456 1922 1505 1949 hoc
1519 1921 1532 1941 δ
1549 1929 1698 1957 pronomen
1714 1921 1778 1956 poni
1795 1920 1877 1948 solet.

1262 1967 1351 2002 (Vers.
1379 1968 1438 2003 27.)
1456 1976 1466 1993 ι
1494 1968 1527 1995 Et
1547 1968 1714 2002 sepelierunt
1741 1974 1802 1994 eum
1831 1968 1860 1993 in
1875 1967 2013 1994 civitatem

1223 2013 1375 2041 Jerusalem
1389 2022 1396 2046 ;
1413 2022 1426 2041 ›
1444 2013 1508 2048 quia
1520 2021 1573 2040 non
1586 2007 1751 2047 sepelierunt
1766 2019 1829 2039 eum
1844 2012 1873 2039 in
1888 2011 2014 2047 sepulcro

1226 2068 1332 2095 regum.
1350 2060 1396 2088 sed
1409 2060 1436 2086 in
1449 2058 1598 2086 Jerusalem
1613 2059 1721 2086 civitate
1737 2059 1763 2086 in
1775 2059 1830 2086 alio
1847 2059 1923 2087 loco.
1935 2059 2011 2092 Quod

1225 2114 1289 2134 vero
1308 2107 1374 2134 dicit
1389 2115 1396 2133 :
1417 2115 1426 2131 ‹
1445 2105 1504 2133 Non
1517 2110 1678 2140 receperunt
1693 2113 1757 2141 eum
1782 2105 1810 2132 in
1825 2106 1960 2140 sepulcro
1974 2113 2015 2132 reo

1226 2161 1289 2189 gum
1322 2152 1417 2185 Israel.
1440 2162 1449 2178 ι
1468 2157 1547 2179 sonat
1567 2153 1594 2179 in
1622 2151 1756 2179 Hebraeo:
1773 2152 1846 2186 quod
1865 2153 1948 2187 quasi
1966 2152 2013 2186 ipsi

1225 2206 1287 2226 eum
1311 2205 1364 2226 non
1393 2198 1556 2233 receperint,
1583 2197 1629 2231 qui
1658 2197 1694 2224 ibi
1733 2197 1832 2232 sepulti
1857 2197 2013 2225 sunt:sed

1225 2245 1352 2281 quoniam
1365 2245 1463 2272 melius
1476 2243 1587 2278 intelligi
1600 2243 1709 2276 debeat,
1718 2244 1810 2270 aut‘ab
1827 2244 1955 2275 adimis.
1968 2243 2013 2278 Qui

388 2293 504 2328 Anguli;
524 2299 604 2327 quam
635 2290 699 2318 Joas
729 2299 773 2318 rex
797 2291 879 2318 Israel
897 2291 1082 2321 destruxerat.
1113 2288 1170 2323 ipse
1186 2293 1210 2322 ι)
1223 2290 1317 2317 eadem
1343 2290 1467 2325 sepulcra
1492 2288 1691 2320 custodiebant.
1707 2288 1877 2324 prohibitum
1898 2294 1954 2321 est.
1969 2292 2015 2316 aut

387 2338 558 2365 instauravit.
573 2346 582 2362 ι
597 2336 704 2363 Portam
720 2336 791 2363 enim
812 2336 950 2370 Ephraim.
969 2339 1074 2370 portam
1090 2332 1173 2359 Vallis

388 2384 520 2411 nominat.
544 2383 571 2410 In
588 2382 746 2409 aediﬁcando
763 2382 849 2409 noluit
867 2382 927 2416 ejus
943 2388 1041 2407 nomen
1056 2385 1169 2413 ponere.

388 2430 460 2465 quod
477 2430 503 2456 in
520 2428 684 2456 destruendo
702 2432 838 2462 posuerat.
857 2426 912 2454 Nec
927 2426 1064 2453 immerito
1082 2432 1089 2451 :
1104 2423 1169 2459 quia

390 2476 435 2509 qui
457 2474 538 2502 idolis
560 2473 731 2504 immolabat,
754 2476 781 2499 et
795 2473 931 2507 particeps
948 2472 975 2499 in
1004 2469 1170 2499 destruendo

389 2522 488 2552 fuerat.
510 2522 536 2547 in
557 2519 734 2546 aediﬁcatione
752 2519 861 2553 proprio
876 2518 987 2546 nomine
998 2526 1050 2546 non
1073 2515 1169 2543 meruit

389 2567 555 2601 nuncupari.
584 2565 631 2593 sed
664 2565 773 2593 nomine
800 2565 877 2593 vallis
908 2569 1171 2600 ccnsetur,proptcr

390 2614 615 2641 humiliatiouem.

423 2659 512 2693 (Vers.
541 2659 598 2693 2|.)
628 2660 656 2686 In
688 2659 769 2687 domo
799 2662 936 2694 separata,
960 2659 1037 2694 juxta
1051 2659 1123 2694 quod
1142 2660 1169 2686 in

387 2707 508 2734 Lcritico
523 2707 659 2734 scribitur.

421 2798 627 2831 IjAmhrosian.
655 2797 736 2831 Cujus
765 2797 911 2823 ministeria
939 2804 1018 2830 super
1046 2800 1169 2822 numeros

386 2832 572 2859 Cltaatitarum
586 2837 694 2866 portare
703 2833 779 2866 jusxa
791 2837 883 2864 erant;
899 2831 942 2858 cui
952 2831 1096 2865 postremis
1109 2835 1168 2856 tau-

386 2873 441 2893 tum
459 2868 549 2894 verbis
569 2875 646 2894 meus
666 2875 773 2901 quoque
790 2867 922 2894 concinit.

422 2903 435 2921 ιι
451 2903 623 2930 Ambrosian.
653 2900 703 2929 ms.
719 2900 821 2930 nomine
835 2901 937 2935 Edcd.;
953 2906 980 2928 et
995 2900 1073 2936 paulo
1096 2905 1166 2936 pust.

386 2938 417 2964 de
428 2936 523 2965 Judwa
538 2945 585 2972 pro
601 2936 683 2964 Juda.

1224 2337 1278 2364 alio
1290 2336 1381 2371 aliquo
1402 2336 1493 2368 modo,
1512 2335 1652 2362 voluntate
1666 2340 1755 2361 tamen
1774 2334 1832 2361 Dei.

1263 2381 1339 2416 (Cap.
1361 2380 1458 2408 XXIX.
1472 2395 1507 2400 —-
1519 2380 1599 2408 Vers.
1615 2381 1657 2416 1.)
1673 2389 1682 2406 ε
1698 2379 1804 2408 Nomen
1826 2383 1929 2409 matris
1958 2381 2013 2416 ejns

1223 2428 1302 2461 Abia,
1317 2427 1393 2461 [lilia
1403 2427 1541 2455 Zacharias
1552 2427 1699 2461 postltumi.
1718 2426 1860 2455 Zacharia
1874 2429 2013 2463 prophet:

1223 2478 1250 2501 et
1267 2473 1432 2506 sacerdotis.
1448 2473 1494 2508 qui
1510 2480 1525 2500 a
1544 2472 1594 2500 Joa
1614 2480 1675 2508 rege
1689 2473 1851 2500 interiectus
1869 2480 1944 2502 erat.

1259 2520 1348 2554 (ἵετε.
1369 2519 1409 2553 5.)
1425 2529 1434 2545 ‹
1452 2519 1512 2554 Ipse
1527 2519 1553 2546 in
1580 2526 1651 2546 anno
1664 2524 1692 2546 et
1719 2525 1812 2546 inense
1826 2520 1921 2554 primo
1938 2520 2010 2555 regni

1223 2566 1275 2593 sui.
1295 2574 1305 2591 ι
1323 2565 1350 2592 In
1375 2565 1485 2593 llebreaa
1512 2566 1609 2600 lingua:
1629 2565 1768 2596 idiomate.
1788 2566 1875 2593 etiam
1906 2567 2012 2601 primus

1222 2611 1279 2639 dics
1295 2612 1370 2646 regni
1382 2612 1441 2645 ejus
1453 2612 1479 2638 in
1497 2612 1547 2638 hac
1564 2611 1746 2645 descriptione
1758 2611 1942 2640 subauditur.

1258 2655 1346 2691 (Vers.
1376 2656 1414 2690 5.)
1444 2665 1452 2681 ι
1484 2655 1594 2683 Auferte
1619 2663 1727 2683 omnem
1756 2657 1966 2685 immunditiam
1981 2658 2012 2685 dc

1222 2703 1391 2736 sanctuario,
1408 2712 1416 2728 ι
1431 2703 1456 2730 id
1468 2709 1519 2734 est,
1532 2702 1601 2730 idola
1616 2710 1675 2737 qua:
1688 2703 1779 2730 Achaz
1793 2710 1943 2738 posuerat.
1954 2712 2011 2739 qu.e

1231 2810 1235 2814 -
1262 2798 1272 2811 ι
1288 2791 1413 2822 Martian.
1429 2792 1528 2825 aliique
1546 2791 1623 2823 editi,
1648 2796 1783 2825 peccatum
1799 2799 1809 2822 ;
1823 2793 2008 2820 renitentibus

1222 2835 1273 2854 ms.
1295 2835 1309 2853 e
1338 2827 1437 2867 quibus
1454 2827 1627 2854 Ambrosiau.
1646 2827 1722 2852 duxit
1751 2834 1886 2861 praeterea
1920 2830 2009 2858 habet.

1222 2870 1271 2897 pro
1284 2867 1369 2889 auxit.

1258 2897 1270 2916 ἀ
1287 2898 1367 2925 Addit
1385 2897 1558 2925 Ambrosian.
1574 2897 1621 2923 hoc
1637 2897 1723 2923 modo.
