4198 6350
176 391 321 461 1465

1064 400 1357 474 ΟΗᾸΞΞΤ.
1398 404 1759 469 IIEBRAIC.
1803 406 1883 469 IN
1917 406 2065 468 LIB.
2104 406 2163 465 ΙΙ
2201 405 2560 466 PARALIP.

3305 401 3438 465 H66

174 514 233 568 in
270 513 492 567 modum
530 512 775 570 mulieris
801 520 1155 583 menstruam
1175 528 1229 573 et
1263 520 1466 588 polluta
1497 529 1653 574 erant
1689 528 1744 574 et
1786 527 1826 581 Α
1856 525 1909 578 iu
1937 520 2185 591 reliquiis
2216 533 2357 574 arcte
2381 516 2495 571 Noe
2532 518 2807 572 culturam
2840 515 3118 571 habuisse.
3146 513 3281 570 Cum
3309 522 3441 582 ergo

173 605 521 674 polluebant.

247 696 432 766 (Vers.
469 698 548 768 (ἰ.)
590 719 607 753 ι
644 700 970 759 Averterunt
1017 702 1185 758 facies
1241 720 1371 759 suas
1421 719 1449 758 a
1498 707 1757 760 taberna-

173 793 303 845 culo
332 785 569 857 Domini,
604 801 660 847 et
694 796 1036 863 prtebuerunt
1063 796 1308 851 dorsum.
1351 815 1369 848 ι
1413 796 1565 863 Quod
1599 805 1757 868 plene

171 886 443 939 scribitur
476 885 528 938 in
580 885 847 954 Ezechiel,
885 889 975 944 tibi
1031 890 1254 955 dicitur,
1298 888 1498 957 Viginti
1532 894 1757 963 quinque

171 978 318 1030 riros
376 978 619 1031 habentes
652 983 813 1033 dorsa
863 980 931 1034 ad
968 983 1241 1050 templum,
1276 992 1326 1036 ct
1382 981 1660 1038 adorantes
1686 985 1755 1037 ad

172 1078 353 1121 ortum
381 1071 509 1124 solis
555 1069 770 1141 (Ezeclt.
814 1088 933 1135 \‘III,
974 1073 1086 1139 16).

248 1160 429 1232 (\‘ers.
464 1164 580 1233 21.)
622 1183 640 1216 ι
681 1164 872 1220 Hircus
902 1176 1107 1234 septem
1139 1181 1239 1235 pro
1286 1178 1528 1236 peccato.
1570 1186 1590 1222 ι
1619 1167 1761 1224 Con-

177 1264 259 1304 tra
299 1268 504 1308 morem
563 1256 616 1309 in
678 1255 778 1310 hoc
825 1256 945 1311 loco
994 1261 1194 1312 factum
1242 1268 1344 1313 est.
1398 1259 1454 1313 In
1506 1259 1757 1315 omnibus

173 1346 327 1398 enim
368 1347 503 1400 locis
558 1363 700 1401 unus
737 1364 832 1417 pro
864 1360 1087 1418 peccato
1127 1350 1309 1402 hircus
1338 1350 1521 1403 oﬂ'erri
1552 1351 1761 1406 solebat

175 1435 376 1505 (Lerit.
418 1453 492 1501 tv,
541 1438 646 1504 23;
696 1454 772 1503 tx,
823 1439 888 1502 5;
938 1456 1096 1503 χχιιι,
1139 1440 1247 1502 19).
1289 1440 1395 1493 Sed
1430 1442 1559 1507 quia
1590 1444 1759 1497 multa

175 1539 338 1581 erant
375 1539 615 1597 peccata,
646 1530 767 1584 ideo
797 1542 1003 1599 septem
1042 1531 1177 1584 hirci
1205 1531 1391 1586 oll'et‘ri
1424 1532 1755 1590 debuerunt.

180 1621 397 1674 Idcirco
460 1619 577 1675 Gad
668 1622 925 1675 videntem
986 1630 1187 1688 vocat,
1257 1625 1383 1691 quia
1476 1626 1759 1694 prophetia

176 1726 278 1781 per
319 1712 495 1765 visunt
528 1712 577 1763 ei
606 1712 877 1765 veniebat.
904 1710 1018 1765 Mus
1043 1720 1159 1765 erat
1197 1711 1399 1766 Levitis
1420 1752 1435 1777 ,
1471 1724 1528 1768 ut
1560 1716 1635 1769 illi
1665 1719 1759 1773 de-

176 1801 470 1855 traherent
513 1801 680 1869 pelles
738 1801 1226 1867 holocaustorum;
1261 1811 1315 1856 et
1362 1803 1757 1867 sacerdotibus,

1864 622 2185 681 quereretur
2214 611 2328 684 [ΑΙ.
2363 607 2722 680 qurereretur]
2750 610 3075 679 deprecans,
3110 623 3211 663 cur
3234 622 3293 661 se
3328 623 3437 660 non

1863 704 2163 773 adjuvisset
2192 746 2206 769 ,
2271 705 2361 775 qui
2426 703 2591 757 etiam
2656 700 2797 755 lilios
2834 716 2961 755 suos
2986 700 3346 755 Adrameleclt
3384 710 3437 753 et

1865 792 2092 847 Sarasar
2124 794 2225 847 sibi
2258 796 2503 855 offerret,
2532 794 2577 846 si
2605 792 2705 846 hoc
2735 791 2824 845 ille
2860 798 3039 845 ratum
3068 790 3310 855 duceret,
3362 790 3437 843 illi

1865 885 1969 939 hoc
2030 885 2311 939 audientes
2365 894 2586 954 posttnt
2618 884 2823 949 clades,
2880 883 3091 944 ruinas,
3124 890 3179 937 et
3209 882 3438 949 ignomi-

1861 977 2005 1037 nias,
2042 977 2297 1029 timentes
2322 977 2388 1029 ab
2426 992 2490 1030 eo
2520 975 2773 1039 interﬁci,
2803 973 3195 1028 interfecerunt
3220 988 3367 1029 eum.

1935 1068 2115 1135 (Vers.
2156 1069 2269 1137 5|.)
2312 1088 2329 1118 ι
2364 1066 2441 1121 De
2488 1079 2742 1136 portento
2772 1067 2915 1137 quod
2952 1066 3228 1120 acciderat
3277 1081 3439 1135 super

1865 1171 2087 1225 tetram,
2124 1181 2141 1214 ι
2183 1163 2247 1215 de
2278 1163 2410 1215 Solis
2443 1163 2615 1213 reditu
2645 1177 2749 1230 per,
2776 1161 2945 1215 lineas
2980 1159 3191 1212 decem.
3225 1157 3303 1211 Ad
3338 1158 3442 1211 hoc

1864 1272 2030 1309 unum
2062 1258 2377 1325 mysterium
2437 1253 2847 1322 inquirendum,
2893 1251 3055 1321 legati
3090 1250 3235 1317 regis
3260 1248 3439 1320 Baby-

1870 1349 2026 1401 lonia:
2080 1358 2363 1402 venerunt.
2424 1368 2441 1398 ι
2486 1346 2720 1416 Reliquit
2772 1360 2894 1399 eum
2936 1346 3075 1398 Deus
3104 1353 3161 1397 ut
3192 1349 3430 1397 tentare-

1866 1449 1989 1505 tur;
2028 1459 2045 1490 ι
2077 1441 2201 1508 quia
2237 1457 2342 1493 non
2387 1438 2735 1510 prohibuitei
2772 1454 2865 1508 per
2897 1438 3215 1507 prapltetam
3253 1445 3442 1489 osten-

1864 1532 1996 1585 dere
2032 1532 2323 1586 thesauros
2351 1549 2499 1595 suos,
2524 1533 2619 1586 sed
2655 1532 2945 1586 thesauros
2977 1530 3170 1583 domus
3201 1528 3438 1593 Domini,

1867 1625 2010 1677 unde
2042 1633 2095 1677 et
2144 1633 2331 1693 postea
2356 1626 2421 1678 ab
2457 1626 2646 1677 eodem
2676 1625 2937 1695 propheta
2974 1623 3300 1691 obiurgatus
3326 1631 3438 1675 cst.

1938 1714 2116 1785 (Vers.
2152 1715 2267 1786 55.)
2306 1734 2323 1767 ι
2367 1716 2427 1769 Et
2461 1716 2800 1784 sepelierunt
2849 1732 2970 1770 eum
3005 1730 3168 1783 super
3190 1713 3438 1783 sepulcra

1870 1811 2097 1866 liliomm
2131 1813 2320 1867 David.
2352 1832 2370 1864 ι
2418 1812 2478 1865 Et
2508 1813 2609 1866 hoc
2658 1815 2985 1874 notandum,
3012 1812 3140 1879 quia
3165 1809 3441 1863 excelsius

180 1900 238 1945 ut
273 1893 490 1961 quando
522 1909 619 1962 pro
645 1902 867 1959 peceato
885 1892 1039 1947 ﬁebat
1069 1894 1422 1960 sacriﬁcium,
1449 1896 1758 1950 sacerdotes

1865 1907 2168 1973 sepulcrum
2205 1904 2422 1958 cancris
2452 1903 2575 1957 liliis
2609 1901 2773 1957 David
2807 1902 2998 1956 habuit
3027 1902 3206 1955 meriti
3233 1912 3441 1968 praero-

178 1985 557 2039 detralterent.
588 1985 655 2039 Et
692 1983 899 2039 idcirco
929 1986 1242 2041 sacerdotes
1273 1988 1327 2041 iu
1358 1988 1463 2041 hoc
1496 1990 1614 2042 loco
1662 1986 1759 2041 de—

182 2079 476 2133 trahebant
508 2078 704 2149 pelles;
743 2079 869 2145 quia
897 2093 993 2146 pro
1016 2087 1234 2146 peccato
1266 2078 1594 2134 sacriﬁcium
1621 2089 1757 2135 erat.

184 2171 252 2224 Et
283 2173 411 2241 quia
447 2171 799 2226 sacerdOIum
831 2187 1088 2227 numerus
1119 2188 1224 2226 ttou
1257 2172 1384 2244 [πη.
1415 2172 1617 2244 minus]
1649 2175 1763 2228 suf-

184 2266 380 2320 ficiens
445 2274 564 2319 erat
617 2264 685 2317 ad
747 2265 851 2319 hoc
904 2266 1307 2336 peragendum,
1346 2270 1474 2336 quia
1514 2278 1760 2337 tempore

182 2360 369 2413 Acha:
405 2358 568 2428 regis,
600 2357 835 2426 dispersi
870 2358 1099 2413 necdum
1154 2362 1356 2415 reversi
1391 2371 1585 2430 erant;
1636 2363 1759 2418 ideo

178 2453 447 2523 juverunt
499 2465 595 2505 eos
650 2449 850 2506 lratres
904 2467 1093 2506 eorum
1124 2450 1346 2517 Levitze,
1400 2457 1526 2524 quia
1557 2454 1761 2509 Levitis

183 2545 392 2598 rectius
421 2552 540 2597 erat
567 2542 632 2598 ad
665 2542 1079 2597 sacriﬁcandum
1122 2546 1222 2607 uti,
1285 2560 1448 2613 quam
1509 2547 1763 2600 sacerdo-

187 2634 337 2687 tibus
374 2650 389 2685 :
425 2648 490 2686 eo
517 2630 660 2702 quod
712 2640 957 2701 tempore
986 2632 1189 2695 Achaz,
1238 2642 1291 2687 et
1324 2634 1421 2703 ipsi
1468 2648 1762 2688 consense-

188 2733 355 2787 runt;
408 2723 609 2791 quippe
661 2721 787 2792 quia
818 2722 1099 2792 exemplar
1152 2724 1337 2779 altaris
1411 2724 1758 2792 Damasceni,

182 2814 329 2870 Urize
354 2814 597 2881 pontiﬁci
626 2816 850 2868 missum
873 2824 978 2869 est.

258 2905 411 2974 (Cap.
454 2904 624 2959 XXX.
667 2932 728 2943 —
766 2903 918 2959 Vers.
955 2905 1031 2975 1.)
1073 2924 1092 2957 ι
1136 2906 1371 2976 Scripsit
1392 2924 1611 2979 quoque
1641 2914 1759 2981 epi-

184 3000 359 3055 stolas
392 2999 458 3052 ad
489 2999 744 3067 Epltraint
775 3005 829 3053 et
856 2997 1121 3053 Manasse.
1165 3017 1184 3049 ι
1222 2998 1358 3053 Cum
1414 3002 1565 3056 omni
1598 3001 1760 3059 Israel

184 3094 403 3164 publice
437 3092 678 3145 misisset
720 3091 961 3155 nuntios,
1019 3089 1268 3146 Manasse
1297 3101 1351 3147 et
1390 3093 1648 3163 Ephraim
1677 3096 1760 3150 la-

1901 2007 2060 2047 ίιιινίι.

1901 2010 2060 2047 attva.

1864 2010 1895 2065 8
1936 2089 2113 2157 (Cap.
2160 2085 2396 2140 ΧΧΚΙῘΙ.
2446 2115 2515 2126 —
2574 2083 2723 2137 Vers.
2762 2084 2842 2154 5.)
2882 2100 2899 2134 ι
2941 2082 3004 2136 Ει
3041 2082 3287 2137 adoravit
3321 2097 3439 2135 om-

1865 2170 1988 2233 nem
2042 2182 2285 2233 militiam
2328 2180 2474 2233 caeli.
2509 2198 2526 2229 ι
2619 2177 2911 2231 Duodecim
2968 2177 3146 2245 signa,
3215 2189 3336 2244 qua:
3383 2174 3435 2228 in

1866 2272 2090 2325 zodiaca
2121 2280 2269 2335 sunt,
2300 2278 2357 2322 ut
2394 2270 2634 2323 tradunt.

1940 2364 2112 2433 (Vers.
2142 2362 2220 2431 3.)
2264 2379 2281 2413 ι
2319 2361 2831 2416 Edilicavitautem
2859 2376 2920 2415 ea
2952 2372 3151 2415 cuncto
3172 2357 3438 2414 exercitui

1865 2456 2011 2521 coeli,
2057 2476 2075 2505 ι
2120 2457 2171 2509 id
2208 2465 2312 2521 est,
2364 2455 2466 2509 sub
2502 2455 2725 2508 nomine
2758 2455 3042 2508 stellarum
3078 2454 3437 2519 dzemonibus,

1866 2551 1917 2602 in
1960 2550 2100 2602 valle
2136 2549 2415 2614 Benenon,
2450 2564 2569 2617 qua:
2602 2549 2708 2601 alio
2743 2548 2864 2601 loco
2897 2547 3192 2601 Geliennon
3217 2546 3435 2611 dicitur,

1868 2642 1917 2696 id
1949 2652 2053 2707 est,
2122 2661 2140 2693 ι
2200 2642 2356 2695 vallis
2410 2641 2645 2695 ﬁliorum
2684 2640 2897 2694 Ennon.
2935 2660 2952 2692 ι
2996 2638 3089 2693 Est
3126 2641 3269 2694 enim
3318 2640 3433 2693 haec

1867 2735 2007 2789 haud
2034 2733 2216 2804 procul
2243 2736 2309 2786 ab
2330 2733 2656 2795 Jerusalem,
2683 2734 2747 2787 de
2770 2750 2872 2802 qua
2896 2734 2946 2786 in
2970 2731 3202 2786 Ieremia
3220 2732 3436 2798 (Jerent.

1866 2828 2161 2893 vu,’52),et
2197 2827 2249 2879 in
2285 2826 2489 2895 Regum
2524 2824 2625 2887 (ιγ
2662 2826 2786 2894 Reg.
2834 2841 2965 2888 xui,
3002 2825 3245 2887 10)1ἰι›ιό
3282 2825 3440 2893 plene

1866 2919 2147 2974 scribitur.
2177 2917 2258 2972 Ab
2293 2934 2353 2973 ea
2411 2920 2554 2972 enim
2592 2920 2801 2986 origine
2845 2920 3055 2988 accepit
3085 2933 3283 2972 nomen
3325 2917 3433 2972 Ge-

1869 3013 2069 3066 henna.

1936 3104 2114 3172 (V'crs.
2153 3105 2266 3174 10.)
2300 3124 2317 3157 ι
2353 3103 2703 3173 Locutusque
2729 3113 2815 3158 est
2848 3105 3108 3158 Dominus
3129 3105 3192 3158 ad
3226 3118 3350 3159 eum
3381 3113 3436 3159 et

184 3195 369 3240 lenlel‘
424 3185 595 3247 mis".
658 3184 724 3237 ad
776 3199 871 3237 θος
898 3198 1035 3252 QUOS
1078 3184 1285 3238 εοίθῦίη
1324 3201 1652 3242 εοηιθτειιω
1689 3188 1755 3243 il'i
1787 3215 1834 3275 (ς
1865 3198 1930 3250 ad
1962 3199 2220 3268 populum
2270 3200 2409 3267 ejus,
2448 3210 2500 3252 et
2533 3201 2813 3253 attendere
2862 3201 3156 3253 noluerunt
3182 3201 3233 3253 in
3271 3215 3434 3253 manu

182 3291 347 3344 posse
371 3290 467 3345 per
494 3274 776 3344 epistolas.
796 3274 873 3327 Illi
900 3274 1042 3328 enim
1062 3276 1411 3344 superbiores
1431 3290 1602 3345 erant,
1630 3294 1759 3347 pro-

184 3378 307 3437 pter
328 3370 530 3433 regiam
555 3366 900 3435 dignitatem,
928 3381 1049 3434 qua:
1079 3376 1196 3419 erat
1216 3370 1267 3420 in
1299 3368 1461 3421 domo
1477 3368 1757 3435 Epltraim.

259 3458 419 3529 (\‘ers
476 3457 589 3525 18.)
634 3474 652 3506 ι
709 3455 897 3523 Magna
962 3457 1106 3508 enim
1149 3471 1273 3524 pars
1308 3458 1491 3526 pepuli
1524 3460 1760 3516 comedit

184 3555 384 3618 Phase,
403 3570 511 3607 non
537 3554 685 3606 iuxta
714 3551 855 3621 quod
876 3550 1133 3619 scriptum
1154 3560 1255 3605 est.
1281 3570 1300 3603 ›
1324 3551 1597 3623 Scriptum
1615 3556 1757 3609 enim

185 3656 324 3712 erat,
356 3656 415 3699 ut
445 3644 537 3714 qui
570 3643 747 3714 primo
774 3657 962 3695 mense
999 3658 1105 3695 non
1160 3653 1410 3711 poterant
1445 3646 1754 3700 comedere.

186 3736 433 3793 secundo
484 3734 856 3789 comederent.
896 3732 1056 3788 Venit
1096 3736 1239 3787 enim
1300 3737 1536 3805 plurima
1573 3739 1760 3791 multi-

189 3828 346 3889 tudo,
390 3841 509 3894 quaz
548 3825 831 3893 puriticata
864 3840 968 3879 non
1014 3838 1130 3879 erat
1171 3826 1224 3877 in
1272 3843 1460 3883 mense
1492 3830 1755 3894 secundo,

184 3926 240 3973 et
268 3917 396 3987 quia
430 3916 484 3968 in
527 3915 687 3968 tertio
722 3930 909 3968 mense
971 3915 1221 3969 illicitum
1276 3926 1395 3970 erat
1436 3918 1569 3971 illud
1602 3935 1758 3988 pera-

186 4025 337 4080 gere,
390 4010 444 4062 in
500 4007 740 4062 secundo
774 4016 1123 4079 peregerunt.
1157 4010 1262 4065 Pro
1295 4011 1381 4065 his
1413 4014 1589 4067 oravit
1625 4012 1761 4068 Eze-

184 4101 361 4165 chias,
427 4114 591 4168 quem
637 4098 919 4153 exaudivit
956 4099 1243 4167 Dominus,
1274 4113 1326 4157 et
1373 4104 1618 4171 placatus
1675 4116 1759 4160 est

186 4190 390 4261 papula
448 4206 567 4245 suo.
624 4191 812 4257 Aiunt,
862 4193 1143 4247 neminem
1196 4174 1462 4261 pollutum
1515 4198 1757 4265 potuisse

184 4285 361 4337 Phase
407 4282 714 4345 comedere,
745 4284 877 4353 quin
913 4286 1095 4337 statim
1130 4297 1457 4353 moreretur,
1500 4297 1553 4341 et
1582 4288 1636 4342 in
1693 4306 1757 4344 eo

184 4382 456 4447 placatum
484 4374 773 4428 Dominum
806 4385 1204 4444 cognoverunt,
1260 4378 1386 4447 quia
1410 4356 1757 4436 comedentes

186 4467 445 4522 exstincti
489 4482 594 4518 non
625 4476 775 4519 sunt.

259 4561 417 4628 (Cap.
456 4555 668 4611 XXXII.
728 4584 796 4597 -—
838 4558 992 4613 Vers.
1030 4559 1144 4626 2!.)
1178 4578 1195 4612 ι
1259 4560 1638 4632 Reversusque
1671 4575 1755 4619 est
1786 4554 1837 4616 Ι)
1860 4595 1943 4641 ιν.
1978 4580 2031 4649 ο)

186 4669 310 4708 cum
364 4654 663 4720 ignominia
704 4653 756 4705 in
801 4659 1003 4707 terram
1074 4671 1249 4709 suam.
1308 4675 1326 4707 ι
1369 4659 1613 4712 Tradnnt
1650 4660 1753 4715 lle-

184 4742 314 4795 Itrzi
364 4741 440 4793 illi
495 4749 659 4809 caput
712 4750 764 4795 et
834 4742 1061 4795 barbam
1117 4759 1291 4798 rasam
1343 4747 1410 4801 ab
1474 4750 1666 4817 angelo
1704 4751 1754 4804 iu

186 4829 653 4899 ignominiaitt,et
687 4831 788 4885 hoc
860 4831 1033 4886 fuisse
1087 4836 1229 4902 quod
1283 4853 1373 4906 per
1434 4842 1752 4909 prophetam

189 4921 383 4973 Isaiam
417 4920 617 4972 dictum
636 4929 720 4973 est
752 4919 853 4974 :In
886 4923 969 4974 die
998 4923 1095 4976 illa
1126 4927 1274 4979 radct
1306 4930 1561 4983 novacula
1592 4944 1752 4986 acuta

183 5014 443 5065 conducta
495 5014 544 5065 in
578 5029 693 5083 rege
724 5014 1060 5083 Assyriorum
1095 5032 1249 5086 caput
1281 5034 1325 5075 et
1373 5024 1613 5091 barbam,
1646 5038 1752 5082 etc.

186 5103 326 5172 (Iaa.
357 5104 589 5171 \‘tt,20).
621 5106 791 5169 Quem
836 5124 959 5160 cum
994 5112 1178 5163 eadem
1230 5115 1523 5182 ignominia
1561 5135 1749 5184 perve-

186 5197 335 5251 nisse
372 5194 436 5246 ad
474 5198 730 5264 templum
773 5199 866 5253 Dei
922 5206 1005 5254 sui
1042 5202 1295 5269 Nesratb,
1340 5223 1500 5276 quem
1565 5212 1754 5267 dicunt

263 5410 280 5431 ·
311 5398 482 5453 Abest
515 5398 650 5475 [iure
682 5416 711 5453 a
751 5417 870 5475 meo
903 5420 1040 5468 ms.;
1073 5408 1163 5459 sed
1195 5414 1411 5475 gravius
1438 5413 1609 5466 multo
1640 5424 1750 5469 tum

192 5485 309 5537 Ipse
374 5470 950 5547 cuni‘Atnhrusiauus,
1021 5470 1330 5547 Vulgatique
1375 5482 1496 5533 libri
1558 5486 1753 5537 deinde

193 5553 419 5621 peccare
443 5538 694 5615 videntur
728 5542 779 5593 in
802 5545 1023 5621 vocibus
1054 5538 1257 5621 inuris;
1281 5566 1344 5602 ac
1374 5554 1575 5616 triatria,
1613 5572 1750 5621 quas

196 5612 281 5660 hic
312 5612 547 5676 putarint
584 5615 963 5673 transnositas,
994 5630 1055 5667 ac
1102 5618 1382 5681 legendum
1417 5636 1446 5673 e
1472 5612 1750 5675 enutriti-io

191 5693 495 5746 quanquam
546 5695 727 5730 nomen
788 5685 953 5745 patris
1018 5687 1301 5747 scribatur,
1359 5694 1541 5743 matris
1576 5706 1751 5746 tutum

195 5748 342 5798 illius
398 5764 498 5799 non
561 5750 828 5803 scribitur.
862 5752 1121 5805 N-tnirntn
1162 5774 1263 5807 non
1301 5765 1610 5813 nominatur
1640 5764 1748 5815 Ma-

194 5818 371 5869 tt.ts:is
412 5830 599 5881 mater,
635 5836 752 5887 quze
795 5824 1306 5889 11111.ὶ11ς11111λ1κ211ιν,
1341 5846 1461 5895 quin
1496 5832 1745 5901 indignus

1864 3288 2015 3344 Isaia:
2071 3292 2369 3361 prophetae-
2425 3310 2444 3343 ι
2489 3292 2731 3347 Tradnnt
2766 3290 2975 3346 llebra'i
3023 3295 3273 3347 eumdem
3328 3294 3438 3347 Ma-

1866 3395 2063 3435 nassen
2101 3382 2271 3434 tilium
2308 3382 2473 3436 fuisse
2536 3386 2655 3438 tiliae
2687 3384 2838 3439 Isaia:
2866 3395 2906 3453 ‘,
2947 3396 3001 3441 et
3062 3388 3179 3441 ideo
3209 3390 3286 3452 .in
3334 3390 3437 3444 hoc

1864 3472 2004 3537 loco,
2092 3489 2397 3542 quanquam
2451 3478 2639 3527 matris
2694 3477 2985 3543 scribatur,
3034 3479 3205 3547 patris
3256 3491 3434 3536 tamen

1864 3563 2011 3616 illius
2069 3581 2175 3618 non
2229 3566 2488 3620 scribitur
2539 3568 2665 3635 quia
2725 3569 2986 3637 indignus
3014 3584 3130 3625 erat
3168 3574 3434 3640 profanus

1863 3672 1955 3710 rex
1993 3668 2144 3711 tanto
2173 3675 2295 3712 avo.
2350 3658 2597 3714 Tradunt
2626 3661 2652 3699 ι’
2684 3660 2917 3726 Hebraei,
2961 3664 3163 3718 idcirco
3193 3669 3433 3723 occisum

1864 3750 2078 3812 Isaiam,
2109 3768 2172 3803 eo
2200 3753 2340 3820 quod
2370 3768 2464 3806 eos
2486 3756 2837 3821 appellaverit
2864 3759 3135 3827 principes
3163 3760 3434 3816 Sodomo-

1862 3857 1979 3893 rum
2032 3853 2085 3894 et
2116 3841 2456 3897 Gomorrltae.
2507 3845 2571 3897 Et
2604 3850 2727 3915 quia
2756 3850 2891 3901 dixit
2934 3869 2945 3901 :
2991 3850 3105 3904 νέάὶ
3150 3852 3431 3909 Dominum

1860 3932 2116 3985 sedentem
2152 3935 2277 4002 (Isa.
2302 3951 2375 3997 νι,
2403 3936 2447 4001 l)
2474 3952 2488 3999 ;
2529 3954 2649 3990 cum
2679 3957 2771 4005 per
2801 3940 3019 4010 Moysen
3052 3945 3277 3999 dimsit:
3307 3948 3434 4002 Non

1860 4025 2000 4076 enim
2033 4024 2220 4078 videbit
2248 4043 2327 4080 me
2378 4030 2529 4081 homo
2567 4039 2615 4082 et
2656 4032 2783 4083 vivet
2837 4032 3034 4102 (Exod.
3084 4051 3277 4101 χχχιιι,
3316 4038 3432 4109 20).

1861 4113 1926 4167 Et
1957 4120 2083 4183 quia
2112 4118 2250 4170 dixit
2283 4136 2297 4171 :
2336 4120 2504 4172 Addet
2541 4120 2676 4174 Deus
2711 4124 2780 4174 ad
2812 4125 2922 4177 dies
2973 4136 3090 4179 tuos
3127 4131 3428 4196 quindecim

1859 4225 2027 4261 annos
2062 4208 2170 4277 (IV
2201 4210 2333 4280 Reg.
2389 4228 2480 4274 xx,
2505 4215 2557 4281 0)
2583 4233 2597 4278 ;
2643 4231 2709 4269 eo
2738 4219 2880 4285 qttod
2916 4234 3010 4287 per
3036 4220 3251 4291 Moysen
3281 4225 3430 4281 dixe-

1861 4303 1932 4353 rit
1968 4318 1982 4355 :
2019 4300 2082 4353 Et
2141 4319 2417 4356 numerum
2450 4305 2656 4359 dierum
2713 4318 2922 4362 tuorum
2960 4312 3200 4381 imp/etiis
3230 4317 3428 4384 (Exod.

1861 4410 2017 4457 mit,
2052 4394 2168 4462 26).
2205 4396 2412 4464 thuia
2434 4398 2635 4452 dixerit
2664 4417 2677 4455 :
2708 4400 2944 4465 Quwrite
2980 4405 3263 4460 Dominum
3303 4413 3429 4465 dum

1860 4488 2082 4540 inveniri
2132 4498 2335 4555 potest;
2380 4491 2613 4545 invocata
2641 4510 2760 4547 eum
2794 4496 2919 4549 dum
2974 4515 3136 4567 prope
3166 4512 3243 4553 es!
3293 4503 3427 4573 (lsa.

2041 4621 2054 4644 ,
2081 4597 2201 4635 cum
2231 4583 2443 4635 dicatur
2475 4601 2489 4637 :
2521 4587 2649 4648 Qui:
2666 4598 2741 4640 est
2769 4598 2876 4641 tam
2926 4595 3268 4662 propinquus,
3300 4614 3432 4665 quo-

1863 4673 2014 4725 modo
2049 4673 2302 4725 Dominus
2342 4674 2475 4728 Deus
2533 4688 2730 4745 noster,
2792 4684 3002 4749 quando
3054 4701 3172 4739 eum
3213 4689 3428 4744 invoca-

1860 4781 1974 4817 mus
2009 4765 2183 4829 (Deut.
2219 4782 2290 4830 tv,
2324 4767 2402 4821 7).

1932 4856 2107 4925 (Veis.
2146 4860 2255 4924 l5.)
2290 4880 2306 4911 ι
2344 4860 2407 4913 Ει
2437 4865 2692 4927 cognovit
2726 4866 3003 4923 Manasses
3066 4874 3211 4940 quod
3242 4874 3425 4931 Domi-

1872 4960 1977 4998 nus
2038 4948 2147 5014 ipse
2215 4960 2292 5002 cst
2350 4950 2510 5005 Dens.
2553 4972 2570 5003 ›
2610 4954 2741 5009 Dum
2775 4960 2918 5011 enim
2988 4964 3036 5013 in
3100 4962 3423 5032 Babylonem

1859 5036 2056 5089 ductus
2109 5041 2320 5106 fuisset,
2360 5054 2413 5095 et
2453 5046 2503 5096 in
2537 5061 2659 5099 vase
2710 5065 2860 5102 a'neo
2892 5054 3162 5119 perforato
3195 5059 3423 5125 missus,

1860 5131 2072 5182 admoto
2135 5133 2264 5195 igni,
2322 5136 2596 5190 invocavit
2661 5144 2842 5193 omnia
2910 5146 3128 5198 ttotnina
3162 5148 3425 5206 idolorum

1860 5238 1978 5289 qua:
2000 5224 2246 5290 colebat;
2271 5237 2320 5279 ct
2352 5243 2474 5279 cum
2520 5246 2627 5283 non
2677 5233 2868 5286 luisset
2895 5238 2958 5287 ab
2988 5238 3067 5292 eis
3098 5244 3413 5311 exauditus,

1857 5434 1965 5476 erat
2026 5426 2282 5491 profanus
2338 5444 2428 5480 rex
2466 5440 2612 5481 lauto
2645 5448 2764 5496 nvo,
2809 5434 3021 5487 Scilicet
3070 5437 3228 5492 Isaia.
3266 5440 3426 5495 Pater

1859 5508 1987 5571 vero
2033 5498 2152 5562 ejus
2208 5496 2469 5553 Ezechias
2521 5510 2633 5552 tum
2678 5504 2761 5554 hie
2811 5508 3147 5571 nominatur,
3209 5511 3423 5565 tuttth

1859 5562 2090 5631 Ilo-guns,
2128 5583 2235 5618 ut.

1933 5634 2177 5687 l’Cnul‘ei'
2212 5640 2499 5691 Auctorem
2538 5642 2656 5694 libri
2707 5644 2769 5694 de
2817 5645 3084 5712 Prop/telis
3117 5653 3259 5714 apud
3302 5650 3340 5701 I‘I
3384 5652 3427 5703 i-

1936 5706 2143 5769 auium,
2205 5708 2259 5759 ὃ.
2318 5725 2533 5774 quoque
2586 5720 2987 5774 Augustinum,
3047 5732 3108 5770 ac
3173 5668 3427 5774 Theodb-

1860 5704 2143 5769 pltanium,
2205 5708 2259 5759 ὃ.
2318 5725 2533 5777 quoque
2586 5704 2987 5781 Augustinum,
3047 5732 3108 5770 ac
3156 5704 3429 5774 'Tltcodu-

1858 5785 2049 5826 I'L'lllltl.
