4198 6350
764 378 900 446 ΗΒἹ

776 519 956 574 neque
984 503 1268 567 liberatus,
1298 500 1643 555 recordatum
1679 499 1849 553 fuisse
1879 506 1897 526 ⁶
1924 492 2067 561 quod
2108 508 2137 547 a
2168 500 2321 561 patre
2350 509 2397 567 Α

761 601 953 654 crebro
1000 595 1243 647 audierat
1275 611 1289 649 :
1320 592 1458 648 Cum
1510 591 1824 646 invocaveris
1872 604 1951 641 me
2003 589 2058 640 in
2090 586 2315 640 tribulao

764 690 987 747 tione,ct
1005 701 1280 739 conuersus
1304 685 1490 754 fueris,
1515 682 1798 735 exaudiam
1828 690 1875 732 te
1901 720 1915 742 ,
1956 688 2015 732 ut
2046 677 2099 731 in
2127 667 2317 731 Dente-

761 780 1010 835 ronomio
1028 779 1280 833 scribitur
1308 776 1489 845 (Deut.
1518 792 1588 838 tv,
1610 774 1721 835 29):
1748 772 2172 839 exauditumque
2198 781 2319 821 esse

762 888 791 926 a
838 873 1085 934 Domino,
1114 879 1166 923 et
1195 869 1482 923 liberatum
1536 876 1590 921 et
1634 866 1916 919 reductum
1977 864 2031 917 in
2091 873 2319 928 regnum

763 980 946 1025 suum,
969 972 1022 1017 et
1052 962 1105 1015 in
1142 961 1358 1014 modum
1388 959 1643 1013 llabacuc
1670 958 1687 987 ¹
1724 956 2006 1010 reductqu
2063 954 2203 1008 sicut
2234 951 2322 1006 ille

764 1057 855 1111 ille
877 1057 1143 1109 deductus
1171 1053 1346 1108 fuerat
1370 1054 1422 1106 in
1452 1050 1807 1120 Babylonem.

836 1144 1013 1217 (Vera.
1047 1143 1156 1214 Η.)
1196 1162 1214 1193 ι
1249 1140 1623 1195 Circutudedit
1651 1140 1871 1209 Opliel,s
1904 1138 1955 1191 id
1980 1146 2083 1201 est,
2108 1136 2321 1191 instau-

764 1239 903 1295 ravit
948 1239 1230 1292 aediﬁcium
1262 1234 1445 1290 Sancti
1484 1247 1822 1296 sanctorum,
1872 1231 2015 1299 quod
2043 1245 2138 1300 pro
2168 1229 2325 1283 idolis

765 1338 1161 1386 construxerat.
1182 1326 1263 1379 Ad
1292 1326 1611 1379 occidentem
1635 1325 1797 1387 (icon,
1828 1323 1878 1377 id
1897 1332 1999 1386 est,
2032 1337 2060 1376 a
2088 1331 2326 1377 torrente

766 1421 913 1475 Ceou
944 1417 1212 1472 aediﬁcare
1245 1417 1409 1484 cmpit
1467 1430 1638 1484 usque
1674 1416 1738 1468 ad
1784 1424 1995 1484 portam
2063 1413 2322 1476 Piscium,

766 1526 884 1578 ρυλε
917 1518 1001 1563 est
1025 1519 1177 1578 porta
1212 1507 1279 1561 de
1306 1517 1459 1576 parte
1481 1504 1701 1573 Joppes.

840 1599 1017 1667 (Vers.
1047 1598 1158 1664 l9.)
1198 1616 1215 1648 ι
1251 1595 1463 1665 Scripta
1487 1603 1611 1648 sunt
1640 1591 1694 1644 in
1736 1590 2083 1645 sermonibus
2114 1588 2265 1645 Ozai.
2299 1606 2317 1639 ι

778 1690 876 1745 llic
914 1692 1055 1757 Ozai.
1077 1690 1296 1759 quidam
1336 1686 1527 1741 Isaiam
1582 1685 1884 1753 intelligere
1940 1684 2146 1736 volunt.
2197 1679 2325 1734 Ozai

771 1784 914 1837 enim
949 1784 1355 1850 interpretatur,
1403 1779 1535 1832 visio
1573 1794 1709 1831 mea.
1746 1778 1805 1831 Et
1873 1776 1992 1829 ideo
2044 1775 2327 1827 immutato

2184 372 2592 435 AI‘PENDIX.

3879 357 3995 419 1468

2497 489 2677 559 (Vers.
2744 485 2856 552 15.)
2906 503 2923 534 s
2989 483 3217 536 Stabant
3258 482 3312 534 in
3345 479 3543 534 ordine
3595 475 3756 544 juxta
3817 488 3998 539 prace-

2416 593 2571 653 ptum
2601 576 2763 632 David
2802 585 2855 630 et
2886 574 3063 645 Asaph
3086 584 3136 628 et
3170 569 3698 635 Entan,etldithum
3722 567 3993 634 propin-ta-

2420 690 2540 729 rum
2578 671 2740 740 regis.
2782 687 2800 720 ι
2838 667 2964 722 ldeo
3001 666 3275 734 propheta:
3304 663 3452 731 regis
3489 658 3864 719 vocabantur,
3889 658 3996 725 quia

2420 782 2545 821 cum
2578 763 2743 818 David
2779 776 2904 832 rege
2934 759 3259 813 cantabant.

2494 858 2671 929 (Vers.
2700 854 2807 922 18.)
2836 872 2854 904 t
2893 852 3011 905 Non
3045 850 3144 903 fuit
3175 847 3351 901 Phase
3377 844 3564 901 simile
3600 842 3737 897 huic
3762 841 3818 894 in
3851 838 3998 894 lsrael

2423 966 2452 1006 a
2512 949 2703 1002 diebus
2750 944 3019 1000 Samuelis
3053 942 3369 1009 propheta;
3449 957 3467 989 ι
3498 935 3636 1005 quia
3670 946 3865 987 omnes
3918 932 3997 999 qui

2426 1040 2633 1098 inventi
2662 1047 2788 1092 sunt
2840 1038 2893 1091 in
2931 1035 3019 1090 illa
3075 1033 3392 1097 festivitate,
3459 1030 3537 1085 ibi
3570 1036 3793 1098 septem
3828 1024 4000 1077 diebus

2424 1130 2744 1191 commorati
2790 1142 2959 1184 sunt:
2996 1138 3049 1182 et
3082 1143 3272 1183 omnes
3333 1124 3686 1180 suﬂicienter
3745 1120 3817 1173 de
3875 1119 3999 1186 regis

2425 1224 2751 1287 substantia,
2794 1224 2935 1278 etde
3000 1222 3082 1277 liis
3141 1236 3265 1291 quae
3301 1234 3470 1290 supra
3530 1226 3845 1271 memorata
3867 1225 3998 1275 sunt,

2425 1320 2626 1391 epulati
2650 1330 2795 1375 sunt.

2497 1410 2674 1482 (Vers.
2706 1411 2823 1480 21.)
2857 1430 2874 1461 ι
2908 1410 3111 1463 Contra
3141 1407 3303 1461 aliam
3349 1419 3536 1474 pugno
3574 1403 3847 1463 domum;
3896 1419 3914 1451 ι
3950 1400 3995 1452 id

2426 1517 2528 1573 est,
2561 1515 2749 1561 contra
2783 1501 2932 1558 Adad
2966 1499 3230 1556 Remmon
3264 1498 3409 1566 regis
3445 1496 3542 1549 lilii
3577 1492 4003 1559 Tabrimon,qui

2428 1597 2673 1669 regnavit
2728 1599 2782 1649 in
2827 1591 3145 1648 Charcamis
3202 1606 3217 1643 :
3272 1604 3438 1656 quem
3503 1603 3567 1643 ea
3634 1594 4001 1653 tempestate.

2428 1688 2647 1758 quando
2676 1685 2878 1741 Josiam
2924 1697 3019 1738 rex
3058 1680 3275 1735 Nechao
3324 1677 3628 1733 interiecit.
3671 1676 3877 1731 Fat-tus
3932 1684 4004 1729 est

2431 1779 2576 1834 enim
2611 1779 2857 1847 planctus
2884 1787 3113 1845 magnus
3148 1774 3203 1827 in
3236 1771 3506 1842 Mageddo
3534 1787 3549 1823 :
3577 1772 3743 1838 cujus
3770 1769 4007 1824 meminit

772 1876 993 1930 nomine
1047 1872 1455 1934 introducitur,
1507 1870 1653 1939 quod
1724 1866 2104 1921 uianil’estetur
2169 1864 2329 1932 longe
2360 1862 2405 1917 Β
2440 1869 2734 1925 Ζαοιιιιιίιε
2766 1868 3050 1936 propheta,

774 1968 933 2021 istius
978 1964 1169 2017 merita
1204 1961 1271 2016 ab
1303 1961 1446 2015 illius
1505 1958 1713 2013 meritis
1764 1956 1991 2019 distare,
2057 1956 2147 2024 qui
2208 1969 2333 2008 eum

774 2056 1065 2111 interfecit.

841 2146 996 2218 (Cap.
1049 2143 1292 2200 XXXIV.
1334 2173 1403 2185 ——
1436 2144 1592 2199 Vers.
1627 2141 1706 2209 9.)
1764 2158 1782 2192 ι
1838 2140 1919 2195 ΑΙ)
1942 2138 2089 2194 onmi
2119 2149 2335 2207 quoque

775 2240 912 2294 Juda
947 2248 1000 2294 et
1030 2237 1330 2307 Beniamin,
1392 2245 1446 2291 et
1500 2232 1899 2289 habitatoribus
1948 2228 2271 2284 Jerusalem.
2311 2244 2330 2278 ι

778 2332 1120 2386 Habitatores
1149 2327 1450 2383 Jerusalem
1496 2324 1775 2380 dimidiam
1834 2321 2035 2375 tribum
2089 2318 2339 2373 Manasse

779 2423 932 2488 dicit,
984 2421 1077 2491 qui
1123 2419 1440 2489 plerumque
1493 2416 1545 2470 in
1586 2414 1729 2471 tribu
1786 2412 2073 2482 Benjamin
2114 2423 2340 2477 compu-

779 2525 982 2569 ιειιιιιιτ.

852 2604 1037 2673 (Vcrs.
1067 2601 1185 2669 22.)
1219 2618 1239 2651 ι
1278 2597 1357 2653 Ad
1401 2594 1628 2651 Holdam
1678 2608 1799 2663 quas
1844 2593 2123 2647 habitabat
2152 2592 2205 2646 in
2256 2605 2345 2645 se-

780 2697 981 2753 cunda.
1026 2714 1045 2748 ι
1084 2694 1257 2748 llolda
1299 2707 1437 2746 uxor
1487 2688 1589 2743 fuit
1628 2686 1856 2753 Sellutn,
1889 2685 2140 2741 avunculi
2176 2682 2343 2752 patris

780 2788 1050 2852 Jcretnim,
1109 2795 1165 2839 et
1214 2784 1383 2852 patris
1432 2779 1692 2833 Ananeel.
1751 2797 1769 2830 ι
1822 2778 2110 2832 Habitabat
2160 2776 2215 2829 in
2259 2790 2345 2829 se-

782 2880 981 2933 cunda.
1014 2895 1032 2928 ι
1073 2875 1247 2929 Locus
1271 2874 1417 2927 enim
1450 2880 1569 2949 erat
1617 2868 2009 2939 Hierosolymis
2045 2876 2197 2921 extra
2225 2881 2345 2919 mu-

784 2986 929 3033 rum,
966 2969 1017 3022 id
1050 2975 1132 3022 est
1178 2966 1321 3020 inter
1370 2978 1587 3017 murum
1646 2962 1881 3017 civitatis
1908 2970 1962 3015 et
1983 2958 2344 3021 antemuralc,

783 3061 879 3131 qui
918 3058 1211 3113 vocabatur
1262 3055 1497 3111 secunda
1538 3069 1553 3120 ;
1590 3051 1752 3121 cujus
1807 3054 2013 3107 mentio
2049 3051 2106 3105 ﬁt
2154 3051 2209 3103 in
2238 3048 2340 3103 So-

785 3152 985 3220 phonia
1009 3149 1268 3221 prapbeta
1300 3146 1554 3217 (Soplion.
1583 3162 1620 3209 i,
1655 3144 1763 3215 10).
1793 3146 1852 3198 In
1877 3144 2344 3212 Paralipomenon,
2373 3183 2417 3241 ϐ

788 3245 882 3297 lilii
932 3241 1158 3307 Tocaat,
1209 3239 1304 3293 ﬁlii
1368 3238 1537 3292 llasra
1574 3254 1590 3293 :
1626 3238 1681 3291 in
1709 3236 1939 3304 Regum,
1993 3233 2162 3289 Ticua
2234 3232 2343 3289 tilia

784 3340 961 3391 Araaz
1013 3331 1118 3402 (ιν
1172 3330 1299 3402 Reg.
1341 3346 1477 3391 χιιι.
1538 3330 1651 3395 Η).
1688 3329 1894 3383 Tocaat
1956 3328 2347 3399 interpretatur

785 3422 1217 3489 stridor,llasra,
1239 3422 1541 3476 diminutio.
1578 3420 1923 3487 Ticua,spes.
1956 3422 2154 3482 Araaz,
2195 3432 2349 3486 nego-

789 3519 974 3571 tiator.
1019 3515 1262 3572 Custodis
1291 3515 1318 3555 δ
1350 3515 1587 3581 vestium,
1643 3512 1769 3584 quia
1825 3512 2081 3582 templum
2137 3509 2348 3565 Domini

788 3610 1061 3664 servabat.

860 3701 1013 3771 (Cap.
1053 3698 1267 3753 XXXV.
1332 3728 1399 3741 —
1452 3698 1607 3753 Vers.
1649 3696 1728 3766 5.)
1783 3714 1800 3747 t
1854 3694 2045 3749 Ponite
2077 3709 2259 3749 arcam
2292 3693 2349 3747 in

792 3794 1107 3849 sanctuario
1151 3791 1360 3859 templi,
1404 3791 1547 3860 quod
1598 3788 1884 3842 aediﬁcavit
1913 3786 2169 3842 Salomon
2208 3785 2351 3839 (ilius

797 3879 965 3935 David
1016 3894 1108 3933 rex
1152 3878 1337 3933 lsrael.
1384 3896 1403 3930 ι
1440 3877 1747 3931 Notandum
1784 3876 1929 3945 quod
1957 3888 2083 3929 area
2133 3872 2352 3927 Domini

795 3975 933 4028 elata
973 3972 1038 4025 de
1064 3970 1264 4037 templo
1299 3969 1422 4033 fuit,
1454 3982 1616 4036 quam
1676 3967 1838 4021 modo
1890 3967 1944 4020 in
1971 3964 2232 4034 templum
2268 3977 2355 4017 re-

797 4065 920 4119 duci
952 4062 1125 4116 .losias
1154 4062 1428 4131 prae-epit.
1456 4058 1719 4129 Tempore
1742 4058 1885 4113 enim
1908 4052 2351 4122 Achaz,quando

799 4157 1090 4212 simulacra
1125 4155 1178 4208 in
1222 4151 1425 4221 templo
1475 4153 1644 4205 missa
1676 4157 1825 4213 sunt,
1862 4148 2004 4201 elata
2035 4153 2119 4201 est
2154 4145 2278 4199 inde
2300 4151 2356 4198 et

799 4254 959 4307 ducta
984 4249 1037 4302 in
1060 4249 1277 4301 domum
1318 4242 1545 4306 Sellum,
1575 4240 1677 4295 viri
1710 4239 1892 4293 Hohlae
1918 4236 2171 4293 avunculi
2205 4234 2357 4289 Jere-

803 4344 943 4403 tniae.
994 4339 1088 4393 ubi
1139 4336 1436 4406 permansit
1465 4348 1638 4402 usque
1678 4334 1742 4385 ad
1784 4342 1995 4399 tempus
2026 4327 2211 4383 Josiaa.
2243 4325 2358 4382 Nec

801 4436 944 4490 enim
976 4438 1184 4502 poterat
1218 4442 1341 4482 arca
1372 4426 1463 4479 Dei
1498 4440 1617 4479 esse
1652 4426 1706 4477 in
1765 4424 1884 4478 loco
1923 4423 2012 4476 ubi
2064 4419 2355 4476 simulacra

2514 1961 2689 2033 (Vers.
2722 1960 2839 2027 22.)
2873 1977 2893 2012 ι
2929 1958 3115 2014 Noluit
3142 1958 3500 2025 acquiescere
3533 1956 3894 2010 sermonibus
3914 1952 4005 2007 Ne-

2440 2056 2579 2109 chao
2609 2070 2674 2110 es
2705 2069 2800 2109 ore
2827 2052 2954 2118 Dei;
2995 2071 3015 2104 s
3052 2050 3177 2113 quia
3212 2065 3308 2112 per
3345 2048 3648 2103 Jereutiam
3688 2048 4001 2117 prophetam

2440 2146 2881 2216 prophetaverat,
2914 2144 3056 2213 quod
3086 2143 3173 2196 ille.
3203 2156 3542 2197 ascensurus
3573 2151 3702 2195 erat
3734 2141 3795 2195 in
3839 2139 4005 2194 Char-

2441 2239 2633 2304 camis,
2659 2247 2712 2293 et
2731 2237 2954 2292 victoria
2980 2237 3250 2304 potiturus
3277 2252 3291 2289 :
3318 2250 3442 2304 qua:
3468 2233 3764 2303 prophetia
3799 2230 4006 2287 Necliao

2442 2348 2624 2403 regem
2675 2330 2898 2387 minime
2947 2329 3123 2384 latuit.
3161 2326 3317 2382 Unde
3350 2340 3407 2383 et
3460 2327 3751 2397 Rapsaces
3786 2326 3919 2379 dicit
3948 2324 4009 2378 de

2444 2422 2816 2477 Sennacherib
2846 2434 2972 2489 rege
3005 2419 3356 2491 Assyriorum
3393 2435 3407 2471 :
3444 2418 3706 2472 Dentium
3746 2419 3905 2481 iussit
3933 2434 4006 2469 me

2443 2516 2721 2570 ascendere
2753 2513 2821 2566 ad
2854 2521 3048 2566 terram
3077 2513 3237 2565 istam
3263 2509 3361 2577 (IV
3382 2509 3508 2579 Reg.
3535 2526 3698 2573 “tu,
3721 2509 3841 2573 ΞΒ).
3875 2507 4000 2573 Quia

2439 2607 2551 2679 jam
2602 2606 2879 2676 propheta:
2903 2602 3069 2657 Israel
3107 2602 3564 2673 prophetaverant
3600 2602 3731 2662 hoc,
3757 2601 3906 2669 quod
3934 2600 4011 2654 ille

2445 2714 2775 2757 ascensurus
2805 2706 2975 2760 esset,
3010 2696 3154 2765 quod
3184 2710 3310 2750 eum
3345 2696 3571 2749 minime
3598 2694 3785 2748 latuit.

2518 2812 2695 2883 (Vers.
2725 2810 2841 2879 25.)
2882 2829 2899 2862 ι
2935 2807 3138 2863 Omnes
3174 2814 3492 2861 cantatores
3542 2816 3599 2861 et
3656 2806 4009 2866 cantatrices.

2447 2918 2621 2973 usque
2653 2904 2707 2956 in
2740 2907 3063 2971 prmsentem
3098 2896 3265 2959 diem,
3301 2914 3321 2947 ι
3350 2912 3415 2950 eo
3447 2894 3597 2963 quod
3630 2896 3906 2964 scriptum
3936 2903 4013 2948 est

2448 2995 2502 3049 in
2534 2991 2954 3047 Lamentatione
2989 2985 3235 3042 Ieremia:
3270 3002 3284 3038 :
3326 2983 3563 3053 Spiritus
3595 2987 3708 3040 oris
3754 2986 3969 3040 Domini
3997 3023 4011 3049 ,

2450 3084 2691 3140 Christus
2723 3080 2973 3134 Dominus
3000 3076 3215 3148 (Thren.
3251 3093 3326 3142 tv,
3362 3075 3481 3145 ΞΟ).

2520 3198 2698 3270 (Vers.
2726 3194 2841 3266 ‘27.)
2880 3213 2898 3246 ε
2937 3194 3108 3264 Opera
3138 3193 3257 3263 ejus
3305 3191 3482 3262 prima
3531 3200 3588 3246 et
3624 3191 3952 3246 novissima.
3992 3209 4006 3241 ι

2448 3290 2752 3345 Novissima
2784 3289 2839 3342 in
2872 3287 2974 3341 hoc
3002 3288 3119 3340 loco
3148 3298 3213 3339 ea
3255 3283 3394 3338 dicit
3429 3297 3443 3333 :
3470 3296 3537 3337 eo
3563 3283 3715 3352 quod
3746 3297 3858 3337 non
3893 3297 4015 3335 con-

2450 3382 2622 3436 suluit
2674 3379 2956 3432 Dominum
2986 3414 3001 3441 ,
3047 3386 3227 3430 utrum
3280 3387 3507 3443 pergere
3556 3371 3788 3427 deberet
3834 3382 4015 3426 contra

2451 3469 2688 3525 Nechao.

2524 3582 2675 3653 (Cap.
2708 3576 2950 3632 XXXVI.
2970 3574 3213 3629 -Vcrs.
3233 3574 3320 3643 8.)
3355 3592 3373 3626 ι
3410 3570 3645 3642 Reliqua
3675 3580 3869 3624 autem
3899 3585 4015 3624 ver-

2453 3674 2644 3729 borum
2676 3668 2916 3725 Joachim
2948 3676 2999 3722 et
3032 3664 3508 3720 abominationum
3548 3660 3697 3730 ejus,
3731 3676 3870 3731 quas
3899 3675 4021 3729 ope-

2454 3773 2606 3818 ratus
2628 3772 2731 3827 est,
2758 3771 2811 3814 et
2842 3773 2957 3828 quae
2988 3758 3220 3811 inventa:
3251 3764 3380 3809 sunt
3409 3754 3461 3806 in
3496 3766 3618 3805 eo.»
3648 3751 3799 3806 Inter
3832 3761 4016 3805 caetera

2455 3855 2594 3909 mala
2623 3868 2741 3917 qua!
2787 3850 2976 3919 gessit,
3022 3847 3183 3901 etiam
3223 3846 3327 3899 hoc
3367 3844 3496 3899 fecit
3542 3843 3594 3896 iu
3632 3858 3871 3913 corpore
3901 3859 4014 3905 suo,

2456 3944 2599 4017 quod
2633 3942 2892 3997 Dominus
2939 3937 3245 4009 prohibuit,
3284 3937 3408 3989 dum
3458 3934 3665 3989 diceret
3702 3954 3716 3987 :
3758 3934 3880 3988 Non
3906 3946 4019 3987 tou-

2456 4037 2624 4091 deatis
2662 4046 2683 4073 ο
2717 4034 2889 4102 capita
2920 4038 3091 4085 vestra
3124 4031 3144 4061 ¹
3177 4029 3231 4082 in
3277 4027 3565 4081 rotundum
3594 4065 3609 4089 ,
3660 4043 3828 4096 neque
3874 4044 4025 4094 super

2459 4138 2688 4190 mortuo,
2719 4140 2878 4195 neque
2916 4124 3111 4193 stigma
3142 4120 3356 4187 faciatis
3396 4120 3452 4171 in
3487 4120 3801 4186 corporibus
3842 4121 4021 4174 reatris

2461 4219 2650 4289 (Leuit.
2680 4234 2791 4279 XIX,
2816 4216 2909 4281 27,
2936 4212 3053 4284 28).
3083 4211 3212 4278 Qua:
3236 4220 3524 4280 postquam
3552 4221 3812 4265 tnortuns
3844 4222 3944 4272 est,
3972 4212 4019 4263 in

2461 4326 2688 4380 corpore
2724 4309 2843 4378 ejus
2870 4308 3086 4361 inventa
3114 4313 3243 4358 sunt
3266 4304 3313 4358 ⁸.

2536 4423 2714 4494 (Vcrs.
2750 4422 2835 4475 10.
2881 4421 2897 4486 )
2942 4440 2959 4472 ι
2991 4419 3141 4474 Nabo
3172 4417 3478 4486 prophetia.
3527 4436 3544 4467 ι
3588 4415 3687 4470 Est
3746 4417 4026 4471 enimno-

804 4524 1106 4579 introdueta
1141 4519 1377 4580 fuerant,
1411 4527 1464 4570 et
1508 4515 1808 4587 gentilitius
1857 4528 1985 4568 usus
2009 4520 2062 4567 et
2092 4512 2231 4567 ritus
2264 4527 2360 4567 ne—
2390 4510 2435 4565 D
2469 4532 2590 4571 men
2622 4513 2752 4568 idoli
2786 4511 2836 4576 ά,
2865 4512 2950 4565 cui
2983 4510 3123 4563 idem
3152 4507 3305 4561 Nabo
3327 4506 3625 4562 serviebat.
3661 4506 4025 4568 Chodauasar.

806 4614 1152 4670 {aridissimus
1184 4610 1590 4666 observabatur.

879 4774 894 4803 ¹
930 4768 1223 4824 Historiam
1278 4764 1512 4820 Abacuci
1576 4778 1755 4816 veram
1823 4762 2070 4831 agnoscit
2125 4760 2361 4828 scriptor

807 4841 1088 4897 Hebraeus.
1137 4839 1281 4889 sicut
1309 4846 1361 4887 et
1389 4849 1505 4886 cant
1546 4832 1806 4887 Catholici
1842 4834 1983 4885 inter
2014 4832 2359 4883 authenticas

808 4911 1114 4978 Scripturas
1142 4907 1433 4978 recipiunt.

880 4981 899 5009 ²
933 4973 1096 5032 Ειιίιί.
1128 4973 1247 5027 Non
1282 4974 1629 5026 tundebitis...

782 5050 1059 5117 stigmata
1086 5044 1313 5111 facietis,
1346 5053 1451 5117 etc.

877 5106 903 5149 ί
923 5117 1048 5170 Mss.
1068 5106 1394 5182 exemplaria
1412 5112 1490 5164 sic
1510 5110 1689 5179 legunt
1714 5120 1834 5179 post
1855 5108 2067 5163 Inventa
2086 5118 2207 5162 sunt
2226 5123 2245 5161 :
2270 5106 2365 5160 Est

1675 4987 1832 5040 super
1868 4979 2156 5033 mortuum,
2200 4984 2360 5037 neque

885 5306 902 5326 '
931 5294 1056 5348 Mss.
1078 5292 1378 5344 recordatus
1412 5290 1570 5359 fuisse
1599 5288 1810 5351 dicitur,
1844 5285 1980 5355 quod
2010 5302 2041 5339 a
2072 5295 2240 5355 patre,
2260 5297 2364 5340 etc.

884 5366 911 5403 ξι
940 5367 1043 5416 Pro
1071 5363 1307 5421 restium,
1339 5358 1481 5427 (μιοά
1520 5359 1736 5410 verbum
1769 5359 2003 5410 restituit
2060 5372 2211 5410 meus
2262 5370 2365 5409 nis.

817 5436 1112 5500 Scriptura:
1150 5426 1384 5487 textum.
1450 5437 1605 5480 antea
1628 5438 1755 5500 erat
1785 5426 1979 5492 templi.

888 5495 1062 5556 'tilss.
1102 5507 1253 5564 caput
1310 5509 1556 5551 vestrum.
1619 5496 1906 5559 Craterum,
1962 5510 2121 5563 quem
2170 5497 2221 5547 in
2256 5495 2368 5549 suis

820 5584 969 5627 notat
1002 5572 1360 5628 Μεηιὶηηωιιε,
1393 5583 1633 5619 errorem
1671 5567 1839 5619 nostri
1874 5581 1981 5618 non
2006 5574 2211 5619 errant.

886 5643 909 5679 ά
949 5641 1225 5694 Scutiebat
1282 5641 1587 5689 ceontrario
1644 5636 2015 5703 Hieronymus,
2049 5633 2196 5685 Nubo
2261 5648 2367 5685 non

822 5713 947 5765 idoli
1002 5723 1194 5761 nomen
1230 5720 1371 5770 esse,
1414 5710 1505 5758 sed
1547 5706 1781 5757 civitatis
1810 5720 1824 5756 :
1853 5707 2063 5756 tametsi
2098 5703 2308 5770 longius
2342 5718 2369 5754 ει

825 5798 951 5835 tcto
986 5782 1101 5849 ejus
1133 5778 1377 5830 rideatur
1432 5775 1693 5828 scntcutia
1728 5775 1935 5828 abesse.
1973 5772 2030 5825 lu
2072 5773 2360 5826 Cotunteir

2469 4606 2679 4675 capiens
2706 4603 2911 4657 olusma
2952 4605 3146 4654 vinum.

2466 4766 2601 4819 enim
2632 4776 2816 4814 nomen
2843 4756 2995 4817 idoli,
3026 4757 3109 4809 cui
3145 4754 3281 4807 idem
3303 4751 3551 4805 loacltim
3593 4754 3879 4809 serviebat.
3907 4752 4028 4806 Clio-

2468 4836 2721 4890 donazer.
2750 4829 2887 4897 quod
2916 4829 3288 4897 interpretatur
3340 4822 3550 4897 plasma
3585 4823 3767 4875 riuum
3799 4825 4023 4887 capiens.

2470 4891 2777 4957 Notandum
2816 4907 3020 4959 autem,
3053 4891 3403 4961 scriptorem,
3448 4891 3731 4944 Hebraeum
3784 4898 3885 4945 hoc
3918 4895 4023 4945 loco

2470 4987 2677 5041 ponere
2694 4968 3071 5041 etymologiam
3097 4960 3332 5017 nominis
3353 4960 3867 5022 Nabucltudoucsor,
3884 4976 4026 5028 sepa-

2471 5035 2597 5096 rans
2632 5035 2784 5091 Nubo
2841 5054 2867 5089 a
2902 5035 3237 5089 Cliodonaser
3262 5047 3280 5085 :
3310 5041 3363 5084 et
3411 5045 3821 5097 consequenter
3877 5047 4023 5084 erro-

2474 5128 2585 5165 rem
2618 5123 2739 5164 esse
2780 5108 2830 5160 in
2865 5106 3139 5161 codicibus
3164 5101 3575 5170 manuscriptis.

2475 5289 2626 5342 tariis
2670 5289 2722 5340 in
2780 5285 2973 5338 isaiain
3004 5323 3018 5345 ,
3082 5282 3177 5333 lib.
3234 5294 3285 5336 ν,
3340 5292 3460 5345 cap.
3509 5277 3615 5337 15.
3652 5276 3715 5329 ad
3785 5275 4022 5329 vers.2:

2483 5379 2499 5409 ι
2550 5362 2771 5417 Domus,
2829 5352 3023 5421 inquit,
3061 5350 3225 5417 regia,
3274 5356 3327 5400 ct
3383 5347 3513 5421 urbs
3574 5347 3748 5399 [)ibon
3778 5348 4020 5421 adidola,

2477 5444 2597 5496 quae
2628 5428 2679 5479 iit
2713 5414 2876 5496 editis
2905 5414 3089 5496 posita
3115 5414 3745 5496 DUIIl..aSC8||dil_SHpCt'
3784 5414 3949 5476 Nubo,
3980 5426 4023 5467 et

2478 5488 2638 5563 super
2665 5488 3156 5563 Metlabainobilcs
3189 5488 3463 5563 civitates,
3519 5488 4021 5563 ululabituniversa

2480 5555 2775 5635 proiincia.
2806 5564 2858 5614 In
2898 5560 3216 5635 Nabo‘euizn
3253 5568 3368 5609 erat
3394 5555 3638 5635 Cliztntos
3680 5556 3878 5635 idolum
3914 5570 4025 5606 (on-

2479 5625 2773 5693 secratuut,
2829 5633 2971 5699 quod
3023 5631 3127 5681 alio
3181 5631 3398 5699 nomine
3431 5627 3757 5699 apppelatur
3789 5625 4025 5691 Βεειιιιιιιο

2481 5724 2593 5776 gor.
2635 5724 2651 5754 ι
2698 5696 2908 5756 Υἰιὶρέὶε
2940 5700 3078 5769 ψιοά
3113 5700 3162 5747 in
3202 5704 3341 5748 hunc
3377 5696 3557 5748 lOL'uni
3595 5696 3933 5748 adliciatttus.
