4198 6350
182 375 318 439 1489

1044 371 1452 432 EXPOSITIO
1486 368 2106 430 INTERLINEARIS
2147 368 2354 426 LIBRI
2390 369 2548 429 JOB.

3294 367 3428 431 1470

255 488 440 555 (Vers.
471 486 568 542 22.
624 485 642 556 )
690 506 707 538 ι
740 487 899 541 Anno
944 485 1120 554 primo
1154 484 1280 555 Cyri
1321 496 1339 515 ·
1374 488 1518 552 regis
1563 486 1752 538 Persa-
1783 497 1822 551 Α
1859 482 2069 536 dixerat
2115 497 2128 534 :
2167 482 2289 536 11(ιέ
2340 485 2466 534 dicit
2522 484 2771 538 Dominus
2822 485 3022 538 cliristo
3070 499 3182 536 meo
3233 483 3370 552 Cyro
3407 501 3425 537 :

181 599 326 643 rum,
355 582 423 636 ad
454 582 782 650 explendum
816 595 1122 635 sermonem
1179 576 1393 632 Domini
1458 594 1619 646 quem
1672 579 1750 629 lo-

183 684 344 728 cutus
377 673 557 726 fuerat
599 688 693 742 per
725 688 784 727 os
832 671 1099 734 Jeremiae,
1155 671 1437 724 suscitavit
1486 669 1751 724 Dominus

186 768 438 837 spiritum
469 765 596 837 Cyri
633 767 776 836 regis
808 765 1120 828 Persarum,
1156 764 1246 833 qui
1278 765 1438 834 jussit
1469 763 1750 834 praedicari

184 863 238 914 in
261 861 520 914 universo
566 874 733 929 regno
779 874 899 922 suo,
953 858 1114 912 etiam
1167 874 1262 927 per
1292 859 1628 924 Scripturam
1673 860 1752 911 di-

183 968 315 1006 cens
350 969 364 1008 :
396 951 518 1006 llrec
541 952 674 1005 dicit
694 952 864 1022 Cyrus
897 965 991 1004 rex
1018 951 1302 1005 Persarum
1330 950 1556 1006 :Omnia
1588 967 1747 1019 regna

185 1056 345 1101 terra:
373 1046 524 1100 dedit
567 1046 699 1099 mihi
737 1044 1001 1099 Dominus
1041 1045 1178 1098 Deus
1209 1043 1356 1108 eteli,
1388 1053 1441 1096 et
1472 1042 1585 1111 ipse
1616 1061 1751 1111 pne-

183 1138 331 1207 cepit
380 1139 511 1190 mihi
579 1147 638 1190 ut
677 1136 1002 1191 atdiiiearem
1057 1137 1104 1191 ei
1158 1136 1379 1190 domum
1438 1134 1490 1188 in
1531 1133 1751 1189 Jerusa-

184 1229 314 1283 lem.
358 1248 378 1280 ι
433 1230 695 1284 Audierat
745 1231 890 1284 enim
929 1230 1271 1300 prophetiam
1324 1229 1497 1295 Isaiae,
1537 1229 1590 1283 in
1639 1243 1748 1299 qua

259 1400 280 1422 ι
313 1388 448 1443 Tota
478 1389 670 1444 isthzec
699 1388 842 1442 sacri
880 1397 1060 1442 textus
1091 1389 1346 1455 pericope
1381 1399 1586 1455 Septem
1634 1387 1747 1441 fere

186 1475 409 1513 versum
447 1475 623 1524 usque
660 1460 725 1510 ad
752 1459 939 1520 verba,
962 1468 1010 1510 et
1037 1459 1146 1522 ipse
1170 1462 1420 1526 pt‘a't‘epit
1455 1460 1603 1521 mihi,
1639 1469 1746 1511 etc.

187 1531 241 1582 in
298 1544 419 1582 meo
450 1545 556 1582 ms.
605 1544 714 1581 non
761 1536 865 1592 est,
912 1543 1083 1589 neque
1142 1530 1192 1580 in
1253 1530 1616 1581 Ambrosiano
1649 1545 1660 1578 :
1695 1536 1749 1579 et

183 1602 377 1652 abesse
399 1599 620 1666 quidem
655 1598 878 1660 rectius,
906 1599 1104 1651 nedum
1135 1599 1341 1665 absque
1377 1597 1745 1666 expasitionis

1855 575 2003 640 cujus
2045 577 2365 642 apprehendi
2392 593 2603 628 manum
2641 577 2686 645 (Ι
2721 576 2874 631 ΕδιΙιο.
2915 577 2975 644 ι).
3037 575 3204 629 Eztas
3242 577 3423 629 scrilia

1855 663 1903 716 ei
1934 663 2047 718 hmc
2099 666 2246 732 legit,
2303 676 2350 718 et
2406 665 2612 719 idcirco
2665 668 2800 719 dixit
2848 669 2950 721 sibi
2989 683 3018 720 a
3060 667 3284 719 Iloniino
3323 667 3426 719 hoc

1855 764 2183 821 praeceptum
2229 759 2293 808 de
2327 758 2540 810 eunetis
2575 758 2794 826 regibus
2849 767 3141 811 terrarum.
3196 757 3258 810 Ili
3315 757 3424 809 duo

1855 861 1953 915 per
2005 846 2343 915 prophetiam
2402 861 2694 918 antequam
2753 859 3132 911 nascerentur.
3185 850 3423 919 propriis

1855 941 2169 995 nominibus
2195 943 2367 994 vocati
2398 954 2546 1011 sunt,
2583 945 2633 998 id
2664 953 2748 998 est
2805 941 2988 997 Josias
3021 953 3072 995 ct
3101 942 3296 1013 Cyrus.
3331 944 3423 996 Jo-

1854 1032 1985 1095 sias,
2023 1042 2082 1085 ut
2113 1033 2421 1088 destrueret
2452 1037 2611 1100 idola,
2645 1045 2698 1090 et
2730 1038 2939 1090 cultum
2978 1036 3069 1088 Dei
3106 1047 3416 1090 renovaret.

1849 1123 2044 1194 Cyrus,
2083 1136 2140 1179 ut
2178 1126 2367 1180 ruinas
2405 1128 2588 1196 templi
2624 1131 2960 1184 instauraret
3009 1128 3058 1181 δ.

1855 1390 1943 1444 Sic
1974 1391 2178 1444 habent
2220 1407 2392 1454 meus,
2428 1402 2591 1458 atque
2633 1392 2986 1446 Ambrosian.
3039 1407 3138 1445 ms.
3183 1391 3238 1444 In
3295 1408 3418 1443 meo

1856 1473 2032 1514 autem
2068 1466 2497 1526 subsequuntur,
2523 1465 2574 1515 in
2615 1462 2872 1515 Habacuc
2926 1462 3228 1526 prop/retain
3264 1462 3420 1524 Qum-

1854 1529 2427 1600 SIiOHCSLIIlcl‘tittyllltl
2467 1534 2742 1599 ascriptzr,
2773 1547 3003 1600 quarum
3043 1533 3142 1582 hoc
3183 1543 3266 1584 est
3321 1533 3422 1582 ilii-

1854 1601 1988 1652 tinnt
2015 1617 2028 1652 :
2059 1599 2359 1666 Ubicunque
2383 1617 2509 1652 unus
2536 1605 2674 1653 rerbi
2706 1602 2918 1654 Domini
2943 1602 3175 1668 ponitur,
3198 1602 3420 1669 gravedo

1854 1670 1906 1720 in
1955 1672 2236 1737 prophetia
2297 1671 2390 1721 illa
2451 1672 2714 1730 siqnntur.
2770 1672 2874 1723 Sed
2942 1671 3419 1738 llieronyniiannnt

1853 1755 2052 1863 Btttllt'tl
2116 1740 2333 1793 mentiti
2395 1739 2607 1793 illarum
2663 1753 2963 1803 auctorem,
3009 1740 3141 1794 nihil
3186 1747 3268 1793 est
3322 1738 3420 1792 du-

1893 1825 2022 1862 tum.

1893 1825 2022 1862 ιιιιιι.

185 1668 441 1722 thnexae
472 1667 758 1733 dispendio
790 1676 983 1733 potest.

255 1738 283 1776 δ
319 1738 443 1799 (Hic
493 1736 700 1791 addens
735 1751 750 1788 :
785 1737 1090 1804 Expliciunt
1140 1735 1459 1800 Quasliones
1511 1738 1565 1789 in
1615 1739 1746 1791 liora

185 1804 597 1873 Dabre-Jamiu,
619 1807 847 1861 Vallat's.
880 1805 1146 1861 submittit
1172 1817 1352 1862 notam
1377 1809 1744 1877 sequentem.)

214 2144 2935 2188 =ﬁ-—I——-~—_u-~~_—o———_——'~
2969 2151 3228 2164 σ--ιι--ο
3265 2146 3406 2190 =

1427 2450 2131 2543 ADMONITIO

756 2732 838 2794 ΙΝ
878 2731 1494 2807 SUBSEQUENTEM
1555 2733 2131 2799 EXPOSITIONEM
2173 2737 2828 2805 INTERLINEAREM

1537 3040 1682 3152 IN
1771 3040 2064 3157 JOB.

273 3653 469 3711 Nullos
507 3657 560 3709 in
593 3652 789 3709 Jobum
808 3650 1244 3707 Commentarios
1289 3649 1653 3723 Hieronymus
1683 3650 1833 3706 cudit
1865 3667 1877 3704 :
1922 3651 2025 3706 nisi
2066 3651 2113 3707 si
2140 3652 2279 3706 forte
2312 3667 2433 3708 cum
2472 3653 2792 3718 Question“
2815 3655 3099 3712 Hebraicas
3119 3660 3167 3714 in
3206 3664 3413 3718 univer-

184 3759 300 3797 sam
345 3743 686 3812 Scripturam
730 3741 1099 3803 meditaretur,
1146 3754 1285 3808 quas
1320 3750 1523 3803 tamen,
1557 3741 1803 3807 exceptis
1836 3755 1958 3809 qua:
1991 3740 2044 3792 in
2075 3740 2331 3795 Genesim
2366 3750 2517 3801 sunt.
2551 3753 2758 3796 mutato
2791 3746 3041 3810 consilio,
3088 3759 3179 3803 aut
3205 3753 3414 3819 penitus

182 3833 473 3897 dereliquit
506 3871 520 3896 ,
561 3840 656 3884 aut
689 3829 830 3883 intra
881 3827 1214 3883 domesticos
1251 3828 1489 3896 parietes
1515 3827 1693 3893 perire
1725 3827 1936 3889 maluit,
1973 3828 2026 3880 in
2056 3825 2250 3880 Jobum
2289 3842 2504 3896 quoque
2533 3828 2653 3882 licia
2689 3831 2937 3898 quazdam
2977 3848 3040 3886 ac
3073 3837 3413 3905 subtegmina

183 3919 419 3974 texendo
443 3919 593 3988 operi
625 3917 965 3986 praeparavit.
1002 3915 1114 3969 lioc
1145 3925 1320 3968 ratum
1351 3924 1670 3982 certumque
1701 3925 1758 3965 ut
1786 3915 1878 3980 sit,
1903 3916 2081 3984 longis
2116 3917 2170 3968 in
2204 3925 2493 3984 utramque
2521 3927 2727 3984 partem
2760 3919 3216 3988 disputationibus
3243 3940 3414 3979 exsu-

181 4006 526 4074 larejussisj,
563 4021 668 4059 una
700 4006 812 4061 haec
841 4004 1064 4058 demum
1102 4019 1267 4058 causa
1313 4003 1624 4072 praevaleat.
1669 4001 1956 4071 Nunquam
2015 4002 2284 4069 ejusmodi
2316 4003 2706 4057 Commentarii
2740 4017 2833 4058 aut
2870 4008 3114 4060 meminit
3144 4009 3412 4083 lliemnyc

181 4110 305 4148 mus
334 4096 507 4148 verbo
541 4105 723 4157 tenus,
759 4104 851 4146 aut
881 4108 1021 4162 pone
1051 4103 1366 4148 secutorum
1397 4103 1708 4159 temporum
1754 4091 2068 4144 testimonia
2099 4106 2286 4146 eorum
2319 4092 2410 4160 qui
2442 4092 2690 4161 legerint,
2721 4103 2815 4147 aut
2849 4094 3088 4150 viderint
3113 4112 3411 4154 occurrunt

178 4183 312 4246 ulla,
354 4184 399 4236 si
439 4180 636 4235 Bedam
665 4179 906 4248 excipias
946 4196 960 4234 :
993 4189 1087 4233 aut
1129 4179 1358 4246 denique
1390 4177 1687 4244 fragmenta
1721 4178 1827 4230 ulla
1871 4186 1963 4232 aut
1995 4179 2230 4245 reliquis:
2267 4189 2576 4247 supersunt,
2609 4195 2728 4248 quae
2798 4183 2994 4249 γνήσιαι
3051 4184 3161 4236 sint
3197 4201 3257 4238 ac
3288 4203 3412 4242 vere

184 4270 628 4339 llieronymiana.
654 4268 870 4322 Criticis
895 4275 1072 4320 autem
1101 4267 1281 4334 magni
1303 4265 1536 4318 nominis
1569 4264 1823 4333 imposuit
1843 4265 1976 4318 falsa
2003 4266 2102 4317 loci
2131 4268 2413 4333 cujusdam
2439 4264 2976 4321 Commentariorum
3011 4269 3330 4326 S.Doctoris
3356 4278 3407 4327 in

181 4357 370 4412 Amosi
399 4371 518 4424 cap.
547 4374 576 4407 ν
598 4355 776 4421 lectio,
798 4369 917 4423 quae
934 4356 1136 4408 dudum
1152 4354 1378 4418 ferebat,
1409 4352 1595 4405 Nalm:
1625 4355 1677 4405 in
1693 4351 1792 4405 Job
1817 4353 2122 4422 appellatur
2139 4351 2423 4407 Leviathan
2451 4355 2512 4406 de
2535 4354 2684 4422 cujus
2704 4367 2985 4420 natura,et
3019 4367 3214 4411 terrore
3238 4361 3409 4414 multi-

178 4446 302 4514 plici
345 4447 556 4513 plenius
581 4446 695 4511 ipso
719 4445 980 4498 volumine
1000 4445 1393 4506 dixintus,cum
1419 4443 1633 4510 penitus
1661 4441 1874 4494 diverso
1900 4456 2088 4504 sensu,
2119 4440 2368 4494 discimus
2393 4443 2669 4507 scripserit
2696 4445 2766 4496 ibi
2789 4444 2841 4498 S.
2871 4446 3027 4498 Pater
3047 4461 3139 4512 pro
3157 4449 3410 4512 diximus,

178 4533 635 4601 quemadmodum
674 4542 726 4585 et
779 4531 1121 4586 Martianmus
1155 4546 1185 4586 e
1216 4533 1428 4585 duobus
1463 4546 1590 4583 mss.
1642 4530 1906 4589 restituit,
1950 4538 2003 4582 et
2033 4543 2133 4582 nos
2167 4545 2196 4581 e
2233 4528 2479 4594 pluribus
2508 4531 2652 4592 aliis,
2687 4541 2854 4600 atque
2893 4534 2959 4585 iis
2994 4549 3123 4586 sane
3148 4536 3406 4600 antiquis-

179 4623 357 4685 simis,
385 4635 494 4674 nno
536 4618 593 4673 S.
625 4619 816 4672 Crucis
842 4619 897 4672 in
921 4618 1219 4673 Jerusalem
1246 4618 1312 4672 de
1345 4616 1495 4672 Urbe
1523 4617 1668 4670 circa
1699 4631 1901 4669 annum
1931 4615 2468 4684 septingentesimum
2504 4619 2731 4685 scripto,
2765 4619 2984 4674 duobus
3019 4619 3405 4677 Palatino-Va-

179 4709 378 4762 ticanis
420 4708 578 4776 paulo
612 4707 881 4775 sequioris
926 4707 1209 4775 temporis,
1247 4715 1410 4774 atque
1440 4705 1584 4769 aliis,
1633 4718 1773 4772 quos
1809 4705 1873 4756 ad
1924 4718 2048 4756 eum
2083 4702 2257 4755 locum
2299 4703 2660 4770 laudabimus,
2696 4720 2793 4773 pro
2821 4716 2973 4760 certo
3017 4709 3314 4762 asserimus
3357 4719 3408 4764 et

179 4799 587 4850 contirmamus.
620 4793 923 4847 Germanus
957 4795 1056 4847 loci
1104 4794 1225 4861 ejus
1291 4807 1489 4846 sensus
1519 4792 1607 4844 hie
1632 4802 1713 4844 est
1748 4808 1762 4843 ε
1796 4807 1858 4843 ex
1894 4791 2014 4860 ipso
2045 4789 2164 4843 Jobi
2202 4791 2495 4853 volumine,
2534 4793 2636 4845 hoc
2672 4803 2754 4846 est
2785 4794 2960 4862 capite
2989 4795 3408 4866 quadragesimo

179 4895 232 4937 et
262 4884 533 4952 sequenti,
569 4897 727 4951 posse
759 4896 857 4936 nos
897 4881 962 4934 de
1010 4892 1197 4935 natura
1238 4888 1566 4948 terroreque
1613 4878 1899 4946 multiplici
1938 4877 2229 4931 Leviathan
2272 4894 2335 4931 ac
2385 4880 2642 4934 Beemoth
2693 4881 2906 4950 plenius
2936 4883 3140 4953 aliquid
3175 4885 3408 4952 discere,

184 4973 408 5025 minime
452 4986 581 5024 vero
611 4971 840 5032 editum,
877 4970 990 5022 sive
1020 4969 1400 5022 elucubratum
1444 4967 1540 5020 abs
1574 4965 1900 5033 Hieronymo
1936 4967 1986 5020 in
2019 4964 2119 5018 Job
2143 4965 2639 5020 Commentarium.

256 5059 379 5113 Herc
411 5074 533 5112 cum
580 5059 651 5110 ita
687 5073 746 5111 se
779 5058 1030 5121 habeant,
1083 5073 1250 5110 unum
1305 5057 1572 5124 reliquum
1605 5065 1708 5116 est,
1748 5055 1814 5106 de
1847 5069 2032 5106 eorum
2063 5055 2154 5120 qui
2197 5053 2301 5106 sub
2345 5052 2657 5124 Hieronymi
2693 5057 2914 5110 nomine
2953 5058 3406 5112 circumferuntur

179 5145 710 5199 Commentariorum
738 5147 789 5198 in
821 5160 942 5198 eum
971 5144 1164 5196 librum
1211 5153 1432 5196 auctore
1504 5143 1840 5211 perquirere.
1861 5140 1975 5204 Qua
2004 5141 2056 5192 in
2110 5157 2164 5194 re
2196 5142 2324 5194 illud
2357 5157 2476 5195 cum
2510 5143 2698 5210 primis
2730 5154 2813 5196 est
2843 5145 3405 5211 animadvertendum,

182 5232 453 5301 ejusmodi
494 5232 677 5299 operis
727 5242 959 5300 quatuor
1002 5232 1390 5300 propemodum
1440 5246 1582 5293 esse,
1640 5239 1695 5281 ιιι
1728 5243 1826 5296 ego
1874 5228 2090 5295 quidem
2147 5229 2357 5296 opinor,
2392 5229 2556 5282 unius
2602 5232 2917 5298 scriptionis
2953 5232 3306 5300 exemplaria,
3342 5243 3401 5286 nt

186 5322 347 5388 vulgo
379 5329 559 5372 autent
597 5319 936 5381 existimant,
977 5320 1190 5372 diversa
1224 5328 1584 5387 syntagtnata.
1619 5317 1887 5378 Primum,
1925 5316 2067 5381 quod
2105 5314 2649 5384 liieronytnianorum
2686 5318 2918 5385 Operum
2956 5330 3228 5387 postremo
3261 5327 3404 5372 tomo

186 5410 325 5461 inter
361 5407 598 5462 ascititia
643 5419 961 5460 recensetur
1014 5407 1154 5473 (suis
1189 5410 1332 5458 enim
1369 5406 1793 5474 unumquodque
1834 5404 1974 5456 notis
2022 5404 2302 5469 designare
2333 5406 2586 5471 oportet),
2619 5404 2855 5458 Joannes
2887 5406 3182 5460 Sichardns
3216 5424 3243 5459 e
3272 5406 3402 5458 Ful—

185 5500 334 5550 densi
371 5499 696 5550 bibliotheca
731 5502 888 5558 eruit,
934 5498 1276 5566 vulgavitque
1306 5496 1543 5550 Basilmaa
1574 5513 1662 5549 an.
1710 5495 1867 5551 1527.
1907 5492 2143 5559 illudque
2176 5492 2443 5559 Philippo,
2479 5495 2569 5558 qui
2605 5493 2658 5545 S.
2697 5493 3008 5561 Hieronymi
3050 5495 3278 5561 insignis
3308 5510 3402 5545 au-

183 5587 324 5638 ditor
362 5586 481 5648 fuit,
519 5601 616 5637 nec
649 5586 803 5652 plane
840 5586 1131 5644 immetito,
1168 5587 1484 5647 asotibitnr,
1546 5583 1755 5635 tametsi
1781 5579 1970 5632 alienis
2004 5581 2271 5629 interdum
2320 5581 2658 5644 glossetnatis
2694 5583 3007 5646 interpolari
3059 5583 3400 5649 perspicuum

183 5676 270 5725 sit.
317 5673 580 5732 Alterum,
614 5673 655 5724 si
687 5673 846 5722 modo
878 5689 900 5718 ς·
935 5672 1113 5738 priore
1147 5687 1315 5736 usque
1347 5673 1482 5725 adeo
1507 5675 1776 5722 «luet-sun-
1811 5679 1913 5726 est,
1959 5683 2008 5718 tu
2049 5666 2196 5717 Bt'till?
2226 5665 2457 5732 Opi-runt
2491 5670 2804 5721 collectione
2835 5680 2978 5720 tonio
3010 5668 3071 5720 IV
3109 5670 3398 5730 invenitur,

183 5755 435 5810 Nectat'io
471 5756 702 5816 cuidam,
747 5771 834 5808 ,ιιιι
869 5753 1138 5814 Vecterio,
1175 5757 1290 5807 sive
1332 5758 1537 5818 nbirati,
1580 5772 1690 5806 sive
1732 5756 1986 5819 cpismpo
2025 5755 2617 5817 inscriptuni,§auctius
2648 5756 2982 5816 l’rwl'utionc.
3020 5756 3397 5813 nonnullisiuc
