4198 6350
802 365 936 430 H71
2185 372 2460 431 Al‘l‘EN'E

2379 372 2586 434 NDIX.
3923 372 4037 437 1472

800 484 855 539 in
891 485 1008 553 ipso
1033 500 1194 554 σιν-νο
1224 501 1284 537 οι
1322 485 1475 538 [ledae
1529 485 1748 554 ingenio
1775 489 2128 541 assuiuentis.
2154 487 2396 541 Tertium
2432 487 2802 542 Martianaeum
2839 489 3196 559 appellamus.
3227 499 3422 559 estque
3445 492 3566 545 haec
3597 489 3743 559 ipsa,
3778 504 3898 556 quae
3925 493 4032 544 sub-

800 575 1058 636 nectitur,
1092 572 1461 628 luterlinearis
1497 572 1788 640 Expositio,
1819 591 1977 641 quam
2017 577 2250 644 primum
2285 577 2374 630 ille
2405 595 2434 631 e
2461 577 2774 631 Coibeiensi
2808 577 3045 645 quodam
3076 594 3176 632 ms.
3209 578 3382 631 edidit
3415 586 3472 631 et
3535 578 3766 628 laudato
3803 574 4031 644 Philippo

803 664 862 715 Β.
911 661 1154 713 ὒθηιοτὶς
1197 663 1370 715 nostri
1398 663 1667 730 discipulo
1704 674 1978 730 acceptam
2015 667 2322 718 certissime
2355 665 2520 717 refert
2561 681 2622 717 ex
2656 680 2722 715 co
2755 663 2898 730 quod
2933 664 3190 718 librarius
3222 665 3398 718 codici
3459 666 3703 718 attesuit
3741 663 4028 730 huiusmodi

799 749 1112 803 testimonio
1145 769 1158 802 :
1198 749 1323 803 Ha'c
1347 753 1710 818 interpretatio
1749 761 1994 816 excerpta
2028 761 2104 804 est
2138 754 2200 804 de
2251 751 2589 817 Expositione
2625 749 2881 814 Philippi.
2931 751 3196 814 Quartum
3229 753 3466 818 denique
3494 762 3580 804 est
3619 751 4026 805 Meihomianum

800 838 867 890 de
895 838 1111 890 nomine
1145 837 1304 890 Marci
1354 837 1648 899 Meihomii,
1684 838 1735 889 in
1789 838 1946 904 cujus
1997 838 2326 891 bibliotheca
2356 838 2604 891 exstabat
2641 837 2874 904 Trajecti
2933 836 3283 900 Batavorum,
3338 839 3486 903 quod
3523 838 3619 891 ille
3666 854 3766 906 pro
3807 837 4026 906 genuino

805 924 1123 995 llieronymi
1159 928 1267 977 fetu
1304 927 1634 986 venditabat,
1666 935 1716 976 et
1757 925 2086 994 priusquam
2121 929 2391 995 specimen
2429 942 2491 978 ex
2527 942 2590 977 eo
2622 927 2674 977 in
2716 926 2908 992 vulgus
2953 925 3210 992 prodiret.
3277 942 3375 993 pro
3409 940 3680 995 germano
3716 926 4024 979 habebatur.

872 1012 1134 1075 Diximus,
1173 1029 1275 1064 non
1309 1015 1420 1066 htec
1451 1013 1618 1064 videri
1687 1013 1842 1066 nobis
1879 1015 2155 1066 variorum
2184 1023 2468 1066 auctorum
2498 1014 2892 1082 ὑπ’,μνήματα,
2930 1013 3022 1064 sed
3053 1029 3114 1065 es
3156 1027 3266 1063 uno
3301 1029 3466 1078 opere
3497 1014 3650 1066 varia
3689 1015 4023 1065 consarcina-

799 1110 978 1154 torum
1013 1115 1290 1169 cxcerp'a,
1330 1103 1419 1167 qui
1454 1117 1549 1166 pro
1591 1100 1764 1155 lubito
1796 1114 1888 1156 aut
1925 1102 2097 1154 fusius
2139 1100 2408 1168 descripta
2460 1102 2807 1158 imminuttnt.
2841 1110 2936 1153 aut
2965 1116 3084 1164 quae
3117 1102 3300 1154 sobrie
3331 1103 3476 1154 dicta
3528 1102 3888 1165 videbantur,
3918 1116 4021 1153 ani-

798 1189 1058 1258 pliﬁcant.
1096 1189 1168 1243 De
1194 1192 1402 1242 dunlms
1433 1205 1552 1256 qua:
1595 1191 1768 1256 primo
1803 1190 1922 1243 loco
1955 1189 2326 1251 nominamus,
2361 1191 2495 1243 nihil
2526 1200 2606 1242 est
2630 1189 2873 1251 dubium,
2907 1188 2951 1241 si
2989 1189 3216 1240 invicem
3251 1188 3506 1242 conferas
3536 1209 3548 1242 :
3579 1189 3810 1242 totidem
3846 1203 4020 1254 nempe

800 1277 1000 1330 nedum
1036 1280 1335 1336 sentcnlim.
1379 1277 1471 1330 sed
1518 1277 1626 1330 fere
1654 1287 1775 1331 sunt
1817 1278 1868 1331 in
1918 1288 2149 1345 utroque
2186 1278 2350 1330 verba
2381 1293 2443 1340 ;a
2478 1279 2652 1346 capite.
2686 1286 2864 1329 autem
2905 1293 3009 1330 xxx
3049 1277 3114 1328 ad
3163 1277 3324 1330 linem
3363 1294 3538 1345 usque
3584 1279 3780 1330 cadent
3829 1277 4021 1329 utrobi-

796 1381 904 1432 que
943 1378 995 1420 ct
1031 1368 1212 1429 verba,
1260 1383 1324 1419 ne
1354 1368 1611 1421 coronide
1649 1367 1861 1434 quidem
1899 1366 2102 1434 operis,
2151 1377 2206 1418 ιιι
2244 1367 2489 1420 Valesius
2536 1367 2632 1425 ait,
2671 1366 3059 1432 prtetcrmissa.
3093 1363 3245 1428 Quod
3282 1365 3327 1417 si
3357 1366 3627 1434 ampliora
3668 1365 3942 1417 interdum
3973 1366 4016 1416 iu

796 1462 967 1513 a'tero
1011 1475 1304 1514 occurrunt
1343 1472 1678 1522 assumenta,
1720 1464 1818 1514 hoc
1851 1461 2109 1515 nimirum
2146 1462 2298 1516 Beda:
2333 1461 2548 1532 ingenio
2579 1462 2816 1513 dandum
2851 1470 2955 1520 est,
2985 1463 3070 1514 ctti
3107 1461 3270 1513 multa
3311 1462 3678 1512 vetustiorum
3716 1461 3935 1526 St'fiplls‘
3964 1462 4018 1513 de

797 1561 895 1599 Suo
925 1558 1167 1600 attexere
1200 1551 1438 1600 solemne
1464 1547 1602 1599 fuit:
1639 1546 1950 1614 falliturque
1983 1549 2117 1601 adeo
2155 1549 2433 1617 splendide
2464 1545 2763 1609 Victorius,
2800 1547 2888 1614 qui
2919 1548 3062 1614 quod
3097 1548 3344 1614 Philippo
3387 1548 3671 1607 tribuitur,
3716 1545 3872 1598 Beda:
3916 1562 4019 1596 ma-

797 1634 898 1686 luit
930 1636 1229 1697 ascriberc,
1263 1645 1420 1695 atque
1446 1651 1474 1686 e
1516 1649 1804 1696 converso,
1851 1635 1994 1703 quod
2041 1635 2174 1687 Beda
2207 1639 2628 1702 eousarciuavit,
2669 1638 2916 1705 Philippo
2948 1637 3162 1691 tribuit.
3197 1636 3444 1691 Tertium
3479 1635 3619 1704 ip-a,
3651 1651 3774 1699 qum
3810 1635 4020 1700 apponi-

798 1733 907 1786 tur,
943 1726 1168 1778 studiosi
1209 1738 1353 1778 nota.
1392 1725 1433 1776 si
1476 1733 1667 1777 cu'trra
1702 1726 1951 1777 deessent
1990 1738 2328 1789 argumenta.
2368 1743 2395 1780 e
2452 1726 2682 1796 Philippi
2716 1727 3123 1779 commentariis
3160 1725 3392 1778 derivari
3442 1724 3760 1790 persuadet.
3802 1723 3942 1776 Idem
3974 1724 4017 1775 iu

795 1815 1002 1874 Quarto
1037 1813 1457 1880 deprehendisse
1488 1813 1620 1865 mihi
1671 1813 1818 1864 visus
1847 1828 1990 1876 sum,
2037 1813 2252 1866 tametsi
2285 1825 2453 1867 totum
2491 1815 2540 1867 in
2577 1831 2640 1869 eo
2682 1814 2841 1867 fuerit
2868 1815 3325 1868 consarcinatoris
3353 1813 3474 1880 ejus
3504 1811 3771 1866 studium.
3803 1821 3880 1870 ut,
3915 1828 4018 1862 uiuo

792 1904 920 1958 tutis
963 1903 1239 1970 paululum
1315 1903 1514 1963 verbis,
1551 1903 1756 1955 lateret.
1792 1901 2166 1967 Heumantius,
2197 1904 2286 1972 qui
2331 1905 2382 1956 iu
2414 1905 2559 1956 ACIis
2602 1904 2872 1955 Eruditor.
2904 1902 3192 1970 Lipsiens.,
3227 1917 3372 1954 anno
3416 1900 3547 1954 l'ill
3582 1911 3838 1963 excerpta
3873 1917 3931 1951 es
3961 1914 4016 1951 eo

792 1993 1037 2058 qua-dam
1075 1991 1338 2060 vulgavit,
1377 1989 1654 2056 ingenium
1693 1990 1746 2042 iu
1782 2005 1845 2042 eo
1876 1991 2084 2043 llabani
2125 1991 2300 2044 Mauri
2349 1991 2446 2042 tibi
2493 1992 2640 2042 risus
2688 2001 2770 2043 est
2806 1990 3253 2057 deprehendisse,
3286 1999 3338 2041 ct
3385 2005 3511 2040 cum
3561 1989 3754 2057 primis
3802 1987 3918 2055 styli
3964 2001 4015 2040 ac

791 2078 1024 2131 inetlmdi
1057 2080 1322 2132 summam
1354 2079 1818 2139 convenientiam,
1843 2079 1983 2146 quod
2015 2079 2200 2132 multis
2237 2079 2288 2130 in
2327 2077 2503 2130 medio
2535 2078 2781 2130 rdiluctis
2809 2077 2947 2131 locis
2984 2088 3211 2132 conatur
3241 2077 3560 2130 ostendere.
3595 2075 3818 2126 Minime
3849 2087 4014 2127 autem

789 2168 907 2231 ipse
937 2165 1200 2219 ilillltetur
1223 2165 1536 2233 scriptionis
1569 2166 1888 2230 exilitatem,
1924 2175 1980 2218 ut
2007 2182 2112 2219 non
2157 2183 2479 2234 magnopere
2509 2167 2574 2219 de
2621 2167 2831 2230 Repub.
2875 2166 3136 2219 litteraria
3197 2167 3520 2219 meriturum
3552 2180 3675 2216 eum
3726 2163 3842 2215 fore
3867 2162 4001 2216 dicat

791 2255 881 2320 qui
926 2254 1071 2307 illam
1122 2255 1175 2305 in
1211 2253 1386 2305 lucem
1421 2254 1681 2321 producat
1714 2254 1999 2323 integrant,
2044 2254 2255 2322 plenam
2302 2257 2503 2323 quippe
2547 2255 2800 2317 indoctis,
2835 2264 2887 2306 et
2935 2255 3180 2308 ridiculis
3222 2255 3387 2308 etiam
3424 2250 4010 2320 interpretationibus:

791 2343 1110 2409 rectiusque
1144 2339 1313 2393 multo
1345 2340 1619 2393 facturum
1655 2340 1799 2406 quod
1837 2354 1890 2394 et
1922 2341 2080 2395 nobis
2118 2342 2342 2408 placuit,
2378 2343 2468 2409 qui
2503 2356 2568 2394 ex
2604 2340 2696 2394 illo
2728 2340 3098 2408 sterquilinio,
3125 2341 3269 2410 quod
3305 2340 3437 2394 utile
3472 2339 3774 2402 videretur,
3814 2336 4015 2402 collige-

790 2439 890 2488 ret.
927 2444 988 2482 ac
1026 2441 1270 2481 seorsum
1308 2427 1514 2488 ederet,
1553 2425 1604 2479 id
1638 2428 1781 2495 quod
1815 2442 1920 2481 uua
1960 2427 2042 2480 vel
2083 2428 2249 2480 altera
2293 2428 2496 2497 pagella
2538 2427 2928 2497 comprehendi
2959 2431 3152 2496 potuit.

859 2516 960 2570 Sed
1007 2525 1136 2570 sunt
1171 2524 1431 2584 praeterea
1478 2516 1584 2569 duo
1632 2531 1765 2570 mss.
1801 2515 2037 2578 codices,
2072 2518 2163 2584 qui
2197 2515 2602 2588 Illerouymiaui
2653 2518 2888 2570 nominis
2932 2517 3342 2585 praerogativam
3386 2517 3491 2571 sibi
3531 2517 3848 2576 vcmticent,
3893 2530 4014 2580 quos

789 2615 968 2657 tamen
1005 2612 1192 2674 utpote
1246 2603 1378 2656 nihil
1416 2604 1556 2655 inter
1594 2618 1652 2655 se
1697 2603 1938 2658 diversos
1967 2642 1982 2667 ,
2020 2604 2100 2658 sic
2130 2619 2294 2658 unum
2331 2606 2582 2673 idemque
2616 2621 2738 2658 cum
2780 2605 3134 2658 Meibomiano
3166 2621 3288 2660 esse
3331 2606 3736 2659 contenderim.
3786 2606 4013 2658 Alterum

787 2691 1118 2758 Romanum,
1154 2691 1382 2746 alterum
1417 2691 1807 2746 lluboisianum
1837 2699 2113 2761 exemplar
2143 2711 2294 2753 voco.
2323 2695 2469 2764 quod
2504 2695 2554 2746 in
2589 2693 2975 2748 bibliothecam
3011 2691 3398 2746 Duboisianam
3430 2709 3458 2746 a
3490 2693 3563 2746 cl.
3600 2691 3871 2759 Bignonio
3906 2691 4012 2743 illa-

790 2791 901 2834 tum
933 2782 1092 2835 annis
1139 2780 1336 2832 abhinc
1375 2781 1542 2832 ferme
1584 2781 1772 2834 decem
1819 2780 1963 2848 llajze
1995 2782 2316 2836 distractum
2353 2784 2603 2836 auctione
2638 2791 2742 2836 est.
2777 2780 2907 2848 Eﬁis
2943 2781 3340 2850 praestantiam,
3375 2792 3432 2833 ut
3482 2779 3877 2842 lii-itatoribus,
3905 2779 4015 2846 opi-

789 2885 908 2932 nor,
941 2868 1404 2930 commendarent,
1438 2867 1528 2935 qui
1561 2867 1878 2938 (Iatalogum
1914 2873 2240 2931 instruxere,
2277 2872 2518 2923 rationes
2550 2870 2623 2922 ibi
2657 2869 2921 2936 quasdam
2959 2867 3281 2930 adnectunt,
3313 2869 3514 2935 quibus
3542 2867 3666 2934 jure
3696 2867 3864 2919 tribui
3897 2864 4013 2918 illud

787 2972 924 3025 opus
961 2954 1288 3025 Hieronymo
1317 2970 1474 3022 posse
1505 2941 1707 3009 dicant.
1741 2956 1881 3008 Sunt
1911 2971 2036 3009 vero
2071 2956 2171 3009 illa:
2212 2973 2277 3010 ex
2318 2959 2490 3023 ipsius
2520 2957 2856 3009 continentia
2893 2955 3016 3008 libri
3056 2957 3260 3024 petite,
3298 2965 3354 3007 ut
3387 2959 3645 3021 quamvis
3679 2971 3809 3008 cum
3851 2954 4014 3007 oculis

791 3059 1056 3112 usurpare
1089 3059 1196 3096 non
1229 3043 1464 3106 licuerit,
1505 3044 1701 3096 exinde
1741 3057 1920 3096 tamen
1963 3045 2126 3097 certis
2165 3046 2319 3114 quasi
2352 3046 2494 3098 notis
2535 3043 2792 3110 colligere
2831 3043 3016 3103 liceat,
3045 3040 3295 3094 eumdem
3329 3043 3491 3107 plane
3532 3057 3658 3096 esse
3690 3058 3820 3096 cum
3852 3047 4013 3097 aitero

789 3133 902 3185 sive
930 3131 1195 3189 Romano.
1232 3146 1391 3198 quem
1423 3129 1605 3183 Romre
1628 3131 1894 3185 arbitratu
1927 3148 2046 3184 meo
2073 3134 2342 3201 inspicere
2371 3149 2430 3185 ac
2466 3131 2811 3200 pervolutare
2843 3131 3170 3196 permissum
3192 3139 3297 3183 est.
3331 3129 3700 3184 Delineandus
3733 3131 3921 3199 itaque
3941 3139 4014 3184 est

789 3218 976 3286 paucis
1001 3217 1276 3270 Romanus
1311 3217 1412 3270 iste
1441 3233 1542 3270 ms.
1573 3219 1707 3270 liber
1731 3233 1890 3285 quem
1923 3219 2333 3285 perhumaniter
2367 3220 2522 3272 nobis
2551 3219 2746 3271 obtulit
2777 3215 3131 3270 cl.Vatican:e
3166 3216 3516 3271 Bibliotheca:
3544 3228 3729 3270 custos
3764 3220 4008 3270 Assema-

789 3307 912 3358 nius
935 3322 953 3359 :
977 3315 1031 3358 ut
1063 3304 1255 3372 quilms
1287 3306 1626 3370 argumentis
1659 3320 1754 3357 seu
1790 3305 1970 3359 verius
2006 3305 2140 3359 fucis
2169 3307 2279 3360 litec
2308 3308 2411 3361 sibi
2442 3307 2705 3361 hactenus
2737 3305 3172 3376 comparaveriut
3198 3305 3539 3376 dignitatem,
3560 3305 3615 3359 in
3637 3305 3835 3374 vulgus
3864 3307 4014 3374 prod-

786 3408 893 3450 rat.
959 3399 1053 3450 Est
1080 3399 1216 3452 liber
1249 3399 1350 3452 iste
1409 3399 1652 3466 quadrm,
1687 3416 1846 3468 quam
1876 3413 2092 3466 vocant,
2140 3402 2344 3466 formae,
2374 3402 2516 3457 foliis
2548 3418 2616 3456 es
2652 3403 2966 3456 membrana
3001 3413 3320 3471 compactus
3345 3404 3569 3456 circiter
3602 3401 3724 3465 l30,
3766 3412 3822 3456 et
3858 3404 4013 3455 credo

787 3488 1039 3552 equidem
1077 3501 1282 3556 paucos
1314 3499 1438 3541 ante
1469 3490 1743 3542 inventam
1775 3489 2250 3559 Typographicam
2287 3501 2455 3543 artem
2487 3504 2660 3543 annos
2703 3499 2982 3550 exaratus,
3022 3490 3163 3555 quod
3195 3490 3521 3556 suhelegaus
3553 3489 3861 3542 litterarum
3891 3504 4014 3542 conc

788 3574 1044 3627 formatio
1072 3575 1326 3628 ostendit.
1365 3575 1519 3628 Initio
1550 3577 1781 3644 priorem
1819 3575 2126 3646 llierouymi
2161 3577 2534 3631 Prefationem
2566 3576 2619 3629 in
2655 3575 2872 3638 Jobum,
2904 3591 2968 3627 es
3011 3573 3279 3660 Hebraiea
3308 3577 3536 3629 veritate
3566 3575 4008 3642 interpretatum,

787 3663 1046 3716 describit
1073 3677 1100 3713 a
1129 3663 1315 3730 pritn's
1345 3664 1540 3726 verbis,
1582 3662 1751 3733 Cogor
1781 3679 1871 3724 per
1901 3665 2134 3733 singulos
2162 3666 2352 3717 divina
2379 3661 2663 3730 Scriptura
2703 3663 2857 3716 libros
2881 3664 3304 3716 adversariorum
3346 3664 3658 3726 respondere
3695 3664 4011 3728 maledictis,

789 3747 855 3799 ad
885 3750 993 3798 haec
1041 3763 1252 3815 usque:
1285 3746 1461 3814 Eligat
1494 3752 1843 3819 unusquisque
1871 3754 2010 3815 quod
2045 3752 2173 3814 vult,
2220 3762 2268 3804 et
2299 3755 2595 3806 studiosum
2630 3769 2710 3806 me
2756 3754 2949 3820 magis,
2980 3767 3134 3820 quam
3169 3752 3474 3804 maliuolum
3508 3752 3714 3818 probet.
3757 3751 3854 3805 His
3886 3763 4014 3804 atte-

788 3835 863 3886 sit
894 3835 1144 3887 continua
1179 3837 1317 3889 serie
1349 3837 1504 3888 aliam
1537 3853 1598 3888 ex
1659 3839 1869 3905 integro
1893 3837 2204 3906 llierOnymi
2236 3838 2614 3893 Praefationem
2646 3842 2698 3891 in
2729 3839 2982 3893 eumdem
3022 3837 3141 3891 Jobi
3183 3839 3376 3892 librum
3411 3855 3476 3893 ex
3506 3839 3890 3906 Septuaginta.
3930 3841 4014 3891 ad.

787 3922 916 3975 ditis
962 3922 1157 3982 obelis,
1201 3931 1254 3974 et
1291 3925 1636 3985 asterisms,a
1674 3938 1730 3974 se
1780 3925 2088 3976 restitutum
2130 3941 2142 3978 :
2180 3924 2237 3977 Si
2294 3935 2467 3978 autem
2513 3926 2763 3992 ﬁscellam
2796 3927 2958 3994 junco
2997 3934 3243 3989 tererem,
3289 3926 3353 3978 ad
3399 3927 3559 3978 linem
3597 3941 3794 3994 usque,
3855 3930 4012 3995 magis

787 4012 915 4060 utile
949 4011 1074 4077 quid
1106 4025 1166 4061 ex
1190 4011 1295 4062 otio
1320 4026 1429 4062 meo
1456 4008 1649 4062 Christi
1681 4010 1928 4062 Ecclesiis
1951 4024 2250 4063 eventurum
2282 4024 2450 4076 ratus,
2481 4029 2634 4081 quam
2667 4028 2732 4066 ea;
2759 4014 2986 4065 aliorum
3049 4017 3272 4081 negotio.
3297 4015 3373 4066 Ex
3401 4015 3656 4082 genuinis
3683 4015 3866 4081 itaque
3892 4014 4011 4068 llic-

787 4096 998 4164 ronymi
1037 4095 1463 4157 Prefationibus.
1492 4113 1609 4164 (μεριξ
1637 4096 1759 4150 duae
1793 4107 1922 4150 sunt
1961 4098 2012 4150 in
2043 4095 2162 4151 Jobi
2197 4100 2373 4167 ipsum
2411 4099 2634 4170 librum,
2657 4114 2761 4154 non
2798 4099 2945 4152 illum
2976 4101 3192 4168 quidem
3223 4099 3627 4153 Commentario
3659 4102 4010 4166 illustratum,

788 4183 1099 4252 cujusmodi
1145 4184 1350 4236 nullum
1395 4199 1514 4238 esse
1546 4183 1800 4248 diximus,
1835 4183 1927 4238 sed
1961 4185 2194 4252 primum
2233 4202 2296 4239 ex
2335 4184 2596 4239 llebraica
2639 4187 2862 4240 veritate
2903 4201 3254 4248 conversum,
3290 4195 3406 4240 tum
3438 4187 3502 4240 ad
3538 4186 3786 4242 Gracum
3828 4202 4010 4241 exeni-

786 4284 904 4349 plar
948 4281 1312 4342 emendatum,
1348 4280 1603 4349 pleraque
1646 4280 1826 4332 omnia
1861 4281 2274 4333 eonsarcinator
2305 4281 2592 4349 descripsit
2628 4281 2857 4334 totidem
2889 4281 3072 4334 verbis
3109 4324 3124 4346 ,
3163 4296 3426 4349 suamque
3462 4281 3516 4334 in
3563 4297 3675 4334 rem
3712 4280 4010 4336 transtulit.

788 4370 1046 4423 Eaindi-m
1086 4369 1240 4436 plane
1278 4382 1396 4420 Cs'se
1429 4368 1630 4420 codicis
1679 4365 1988 4419 Duboisiaui
2033 4367 2276 4420 fraudem
2336 4369 2680 4438 perspicuum
2739 4379 2845 4422 est.
2878 4365 3012 4419 Nam
3061 4369 3152 4436 qui
3188 4384 3310 4421 eum
3346 4384 3442 4436 pro
3499 4384 3761 4436 germano
3822 4367 3882 4422 S.
3917 4367 4013 4422 Dav

786 4456 1090 4511 ctoiisfctu
1123 4455 1335 4508 student
1365 4454 1674 4513 obtrudere,
1711 4455 1759 4504 in
1793 4470 1855 4505 eo
1890 4455 2062 4514 aiunt,
2123 4453 2433 4524 licioizymi
2483 4465 2697 4521 gustum
2754 4454 2981 4517 referre,
3042 4457 3184 4522 quod
3240 4458 3444 4510 Auctor
3494 4471 3642 4510 nunc
3691 4457 3760 4510 de
3809 4456 4011 4510 emulis

791 4545 1035 4610 queritur
1077 4543 1243 4595 labori
1294 4557 1395 4593 suo
1461 4540 1764 4592 clanculum
1837 4541 2248 4592 detrahe-litibus
2286 4557 2300 4593 :
2356 4559 2497 4596 nunc
2542 4544 2794 4610 antiquos
2827 4543 3170 4610 interpretes.
3222 4544 3498 4611 Aquilam,
3537 4543 3930 4612 Symmachum
3965 4553 4010 4594 et

787 4631 1209 4684 Tlicodotionem
1237 4629 1302 4680 de
1333 4628 1550 4679 nomine
1601 4628 1781 4678 laudat
1825 4644 1838 4681 :
1882 4626 2112 4693 denique
2162 4627 2418 4679 nonnulla
2481 4629 2672 4695 ingeiit
2709 4631 2773 4681 de
2820 4631 3257 4697 interpretatione
3299 4644 3364 4682 ex
3396 4627 3663 4682 Hebraico
3691 4670 3702 4681 .
3758 4628 4008 4698 Equidem

805 4725 917 4773 lm-c
959 4719 1172 4788 piOpiia
1210 4716 1523 4784 Hieronymi
1558 4718 1715 4766 verba
1748 4721 1874 4765 sunt
1906 4731 1918 4766 :
1953 4712 2122 4782 Cogor
2154 4729 2243 4776 per
2273 4715 2504 4784 singulos
2539 4714 2828 4785 Srripturw
2857 4716 3018 4768 libros
3052 4717 3476 4770 adversariorum
3505 4718 3815 4779 respondere
3847 4717 4005 4770 male-

789 4811 940 4860 dictis
971 4810 1100 4876 :qui
1135 4807 1619 4872 interpretationem
1652 4819 1817 4854 meam
1845 4843 1858 4865 ,
1893 4804 2335 4866 reprehensionem
2402 4801 2744 4870 Septuaginta
2797 4803 3141 4870 Interpretum
3207 4805 3602 4856 criminantur:
3637 4807 3794 4872 quasi
3825 4822 3929 4856 non
3961 4815 4001 4856 et

789 4899 930 4960 apud
962 4895 1189 4953 Crwcus.
1225 4893 1432 4961 Aquila,
1464 4889 1803 4960 Symmachus
1831 4900 1875 4940 et
1909 4887 2210 4947 Theodotio,
2242 4887 2317 4940 ιιι
2341 4890 2542 4942 verbum
2574 4908 2598 4942 e
2629 4891 2796 4953 reiho,
2825 4891 2903 4943 vel
2934 4909 3139 4944 sensum
3172 4910 3198 4945 e
3225 4909 3397 4957 sensu,
3429 4893 3503 4945 rel
3532 4909 3594 4946 es;
3623 4905 3843 4961 δυνος-ι
3874 4911 4004 4945 com-

793 4987 1001 5036 tuistum
1027 5021 1042 5044 ,
1082 4993 1127 5034 e:
1174 4983 1356 5033 media:
1392 4989 1735 5044 temperatum
1774 4993 1931 5044 genus
1972 4976 2339 5027 translationis
2397 4979 2769 5041 expresserim.
2825 4979 2886 5030 Et
2927 4982 3086 5043 paulo
3122 4993 3240 5048 post
3287 4981 3379 5048 qui
3433 4985 3584 5034 locus
3625 4996 3753 5033 cum
3811 4999 3838 5032 a
3875 4981 4002 5034 Beda

795 5075 1118 5129 laudaretur.
1155 5071 1352 5121 inultos
1380 5069 1431 5118 in
1457 5083 1577 5118 cuin
1607 5080 1844 5116 errorem
1879 5066 2113 5131 impulit,
2151 5073 2205 5116 ut
2254 5079 2566 5127 expressum
2606 5071 2847 5135 putarint
2880 5083 2943 5122 es
2981 5068 3292 5138 lleronymi
3322 5069 3729 5123 Commentario
3754 5087 3768 5124 :
3797 5072 3998 5124 demum

796 5175 916 5210 i-um
947 5170 997 5209 et
1035 5159 1085 5209 in
1121 5157 1449 5208 Duboisiano
1489 5156 1558 5205 sit
1593 5168 1693 5204 nis.
1731 5153 1970 5218 palmare
2014 5159 2388 5217 argumentum
2433 5167 2526 5217 pro
2560 5156 2740 5222 operis
2771 5157 3130 5221 germanitate
3157 5158 3237 5209 eis
3269 5158 3606 5224 suppeditat,
3645 5159 3740 5224 qui
3774 5174 4000 5225 praecon-

795 5257 946 5312 cepta
985 5245 1070 5296 illa
1102 5243 1350 5310 Opinione
1383 5243 1688 5293 innituntur
1720 5255 1737 5291 :
1771 5237 2022 5304 Obliquus
2053 5239 2186 5288 enim
2241 5240 2568 5305 etiamapud
2617 5239 2860 5294 Hebraeos
2904 5251 3040 5294 totus
3074 5241 3361 5311 liber(Jub)
3394 5243 3564 5309 fertur
3594 5255 3642 5297 et
3680 5247 3934 5308 lubricus,
3963 5258 4000 5297 et

795 5335 928 5400 quod
958 5332 1124 5384 Cra'ci
1157 5331 1382 5382 rhetores
1430 5338 1606 5380 vocant
1637 5326 2109 5393 ἐσχηματισμένος
2138 5341 2151 5377 :
2183 5327 2404 5393 dumque
2439 5328 2586 5379 aliud
2626 5331 2872 5396 loquitur,
2906 5333 3051 5382 aliud
3081 5334 3230 5397 agit;
3259 5345 3313 5382 ut
3345 5334 3390 5383 si
3421 5334 3544 5384 uelis
3575 5334 3873 5400 auguillam
3925 5351 3998 5393 as;

799 5419 1141 5472 inuraruulam
1168 5417 1362 5470 strictis
1397 5427 1565 5468 tenere
1596 5414 1853 5473 manibus,
1886 5423 2083 5480 quanto
2117 5412 2308 5477 fortius
2347 5419 2619 5480 presseris,
2665 5426 2812 5469 tanta
2850 5419 2999 5470 chius
3033 5419 3278 5471 elabitur.
3303 5417 3421 5471 llaec
3461 5420 3747 5484 αὐτοὶέξει
3787 5425 3985 5490 replies.

804 5511 1207 5578 pseudonymus
1238 5515 1444 5569 auctor,
1476 5508 1662 5573 sicque
1693 5505 1879 5557 nititur
1915 5504 2032 5556 fidei
2067 5504 2324 5556 lectorum
2357 5505 2653 5569 imponere.

870 5616 984 5668 .lam
1022 5625 1222 5669 etcum
1273 5614 1635 5666 Meiboiniauo
1665 5629 1805 5667 unus
1845 5613 2074 5667 Romani
2109 5612 2314 5663 corticis
2341 5610 2683 5676 subsequens
2714 5619 3000 5663 contextus
3031 5620 3136 5663 cst.
3176 5609 3492 5666 Succedunt
3559 5615 3823 5668 undecim
3857 5615 3993 5668 Tituli

803 5718 1028 5768 quorum
1054 5704 1258 5769 primus
1281 5702 1346 5752 de
1380 5700 1528 5751 modo
1555 5704 1842 5766 exponendi
1875 5702 2058 5766 incipit
2089 5717 2101 5751 :
2127 5699 2243 5763 Qua
2262 5702 2380 5749 dam
2411 5696 2691 5761 Ilistorice,
2711 5701 2794 5749 hic
2820 5699 3086 5762 dicuntur,
3110 5708 3156 5751 et
3182 5699 3470 5768 Allegorice
3492 5712 3540 5753 et
3580 5701 3880 5767 illos-aliter,
3908 5719 3991 5757 ctr.

805 5790 1254 5856 Postremus,qui
1311 5790 1374 5845 dc
1411 5791 1597 5843 morali
1667 5791 2000 5854 expositione
2055 5799 2154 5851 est,
2198 5787 2480 5842 lnuumera
2529 5787 2681 5840 turba
2733 5787 3130 5852 rogitationum,
3195 5789 3344 5850 quasi
3401 5790 3641 5853 uncillm,
3709 5794 3917 5846 domina
3960 5807 3990 5841 ε.
