4096 6418
1390 541 2689 754 ΕΥΣΕΒΙΟΥ
2850 826 2853 829 ι

382 985 427 994 μ’
624 894 703 999 ,1
1576 851 1841 987 ΤΟΥ
1895 838 2572 939 ΠΑΜΦΙΛΟΥ·
2760 948 2771 959 ,
3283 838 3286 841 ’

414 1027 1719 1186 ’ΥΠΟΜΝΗΜΑΤΑ
1806 1050 2068 1247 ΕΙΣ
2161 1045 2620 1179 ΤΟΥΣ
2695 1047 3589 1187 ΨΑΛΜΟΥΣ.

766 1487 1875 1703 ΕΠΞΕΒΠ
2006 1482 3334 1698 PAMPHILI

1157 1831 1986 2004 (ὶθΜΜΕΝΨΔΒΙΛ
2093 1846 2225 2001 ΙΝ
2338 1845 2912 2005 PSALMOS.

416 2116 523 2183 Em
566 2137 713 2180 mss;
744 2118 1065 2180 codicibus
1112 2125 1315 2197 eruta,
1358 2115 1583 2197 Latine
1612 2132 1815 2197 versa,
1853 2134 1924 2176 ac
1949 2115 2135 2197 _no_tis
2151 2113 2519 2197 Aillustrata,
2551 2115 2764 2197 studio
2803 2126 2862 2178 et
2892 2136 3084 2197 opera
3114 2120 3192 2180 D.
3233 2119 3550 2184 Bernardi
3580 2123 3675 2185 Dn

536 2201 1009 2272 Maurewcou,
1041 2196 1400 2276 presbyteri
1437 2204 1496 2255 et
1524 2194 1815 2256 monachi
1854 2192 2099 2255 ordinis
2132 2193 2197 2256 S.
2246 2193 2597 2271 Benedicti,
2628 2214 2658 2255 e
2688 2192 3171 2275 congregatione
3196 2199 3263 2260 S.
3305 2201 3548 2263 Mauri.

430 386 3676 446 ww

962 2356 1211 2424 (Collectio
1230 2371 1353 2409 nova
1373 2360 1581 2408 Patrum
1609 2363 1656 2407 et
1676 2354 1966 2420 scriptorum
1987 2357 2283 2416 Gracorum,
2312 2356 2530 2418 Parisiis,
2560 2357 2700 2420 1707,
2723 2357 2909 2420 in-fol.,
2936 2366 3052 2410 tom.
3088 2361 3151 2425 Ι.)

2022 2559 2094 2571 ...-

1114 2640 1674 2704 CLEMENTI
1741 2642 1852 2703 ΧῙ
1900 2643 2465 2707 PONTIFICI
2520 2644 2958 2713 MAXIMO.

493 2767 650 2829 Cum
680 2781 799 2844 per
826 2762 1170 2824 Romanum
1200 2761 1396 2821 otium
1423 2760 1736 2839 colloquio
1766 2779 1894 2822 non
1918 2762 2107 2823 semel
2132 2758 2428 2841 dignatus
2453 2771 2585 2836 tuo,
2609 2764 3015 2829 Sanctissime
3044 2772 3273 2849 Pater,
3305 2777 3669 2843 Gracarum

406 2886 565 2948 quas
596 2866 877 2943 apprime
919 2862 1128 2934 calles,
1160 2859 1647 2939 disciplinarum
1668 2864 2005 2923 maximam
2032 2863 2102 2924 in
2131 2871 2188 2922 te
2218 2880 2436 2923 curam
2465 2865 3036 2942 animadverterim,
3081 2894 3153 2935 ea
3186 2880 3339 2941 mihi
3382 2900 3521 2942 cum
3550 2884 3667 2944 sti.

412 2969 615 3029 mulos
659 2965 925 3039 addidit,
958 2973 1030 3026 ut
1052 2968 1191 3045 jam
1232 2963 1446 3025 multis
1489 2965 1675 3026 annis
1724 2965 1955 3026 initum
1988 2964 2350 3026 Gracarum
2392 2968 2728 3029 Musarum
2768 2974 3163 3036 curriculum
3201 2997 3663 3061 prosequerer;

410 3079 543 3131 tum
572 3070 811 3130 animos
845 3067 1016 3147 fecit,
1045 3072 1116 3126 ut
1142 3065 1325 3126 hasce
1357 3063 1828 3125 lucubrationes
1856 3081 2020 3123 meas
2048 3063 2392 3125 Sanctitati
2432 3068 2579 3125 Tua
2611 3085 3064 3149 nuncuparent.
3091 3072 3210 3135 Est
3238 3081 3470 3160 quippe
3501 3084 3666 3144 illud

412 3172 496 3233 iis
530 3171 639 3249 qui
682 3178 956 3230 veterum
984 3168 1398 3229 monumentis
1432 3164 1723 3227 eruendis
1751 3177 1992 3226 atatem
2022 3174 2379 3238 conterunt,-
2414 3185 2525 3227 nec
2560 3167 2871 3231 modicum
2900 3171 2982 3232 ad
3025 3191 3277 3253 operam
3313 3182 3663 3245 navandum

409 3272 903 3342 incitamentum,
935 3286 1073 3329 cum
1102 3269 1153 3330 ii
1182 3269 1292 3347 qui
1322 3266 1630 3346 dignitate
1661 3275 1718 3327 et
1747 3264 2163 3346 amplitudine
2197 3268 2440 3329 cateris
2462 3278 2797 3346 prastant,
2846 3290 3065 3351 parem
3115 3276 3184 3336 in
3228 3295 3296 3337 re
3341 3279 3661 3346 litteraria

411 3371 678 3453 gradum
719 3378 910 3449 gustu
940 3377 998 3431 et
1020 3369 1263 3447 peritia
1295 3384 1508 3428 rerum
1536 3368 1809 3429 assecuti
1850 3376 2020 3429 sunt.
2057 3368 2212 3430 Cum
2251 3378 2482 3443 autem,
2516 3371 2924 3433 Sanctissime
2955 3374 3185 3451 Pater,
3223 3380 3320 3440 rei
3369 3384 3660 3447 ecclesia-

412 3474 585 3535 stica
599 3473 799 3552 juxta
824 3488 899 3529 ac
929 3470 1258 3530 litteraria
1272 3467 1482 3549 judea:
1508 3467 1865 3547 arbiterque
1913 3466 2150 3543 sedeas,
2184 3487 2450 3548 quorum
2490 3469 2669 3532 aliud
2700 3472 2818 3533 tibi
2866 3492 3107 3535 summa
3147 3479 3353 3539 virtus
3386 3485 3661 3545 omnium

411 3574 751 3654 conjuncta
775 3571 938 3632 votis
971 3568 1218 3642 detulit,
1246 3566 1424 3631 aliud
1463 3569 1697 3630 eximia
1724 3568 2213 3648 disciplinarum
2245 3571 2521 3630 omnium
2547 3570 2782 3632 notitia
2814 3591 2943 3633 una
2969 3577 3372 3646 conciliavit:
3403 3583 3508 3643 cui
3523 3601 3648 3662 po-

412 3676 541 3737 tius
572 3672 782 3734 labore
815 3679 871 3730 et
900 3667 1126 3728 sudore
1156 3676 1375 3728 nostro
1401 3675 1596 3748 parta
1626 3668 1984 3748 offeramus,
2018 3685 2201 3746 quam
2236 3670 2292 3730 ei
2321 3671 2431 3749 qui
2452 3689 2579 3731 non
2606 3672 2963 3734 eruditione
2990 3675 3197 3737 minus
3228 3696 3412 3758 quam
3438 3681 3655 3762 digni-

413 3784 538 3835 tate
568 3771 807 3834 cateris
843 3769 1177 3830 antecellat
1196 3772 1226 3828 ?
3018 3795 3023 3801 η

486 3872 749 3936 Eusebii
787 3873 995 3949 itaque
1028 3872 1234 3931 nostri
1267 3872 1726 3934 Commentaria
1754 3875 1824 3935 in
1873 3873 2146 3953 psalmos
2179 3875 2524 3938 Sanctitati
2562 3880 2708 3939 Tua
2734 3878 3043 3942 sistimus.
3079 3879 3251 3960 Opus
3293 3902 3440 3945 sane
3484 3904 3658 3965 egre-

407 3979 603 4057 gium,
652 3975 711 4035 si
749 3974 1100 4052 Scriptura
1129 3989 1324 4032 sacra
1353 3972 1670 4045 notitiam,
1701 3982 1983 4034 veterum
2017 3975 2438 4054 interpretum
2465 3979 2784 4056 copiosam
2820 3980 3296 4059 supellectilem,
3334 3983 3549 4046 doctas
3578 3986 3657 4047 dc

406 4076 711 4155 cujusque
735 4074 970 4154 psalmi
999 4081 1256 4133 auctore
1288 4080 1347 4132 et
1377 4081 1652 4152 tempore
1683 4073 2150 4136 observationes
2178 4078 2586 4154 spectaveris.
2622 4079 2765 4138 Huc
2792 4079 3095 4140 accedunt
3123 4083 3478 4162 frequentes
3509 4105 3656 4148 con-

405 4188 513 4237 tra
543 4178 754 4238 atheos
784 4194 855 4236 ac
886 4174 1112 4252 impios
1141 4174 1562 4241 velitationes.
1602 4193 1674 4236 ac
1724 4173 1798 4235 de
1840 4173 2241 4235 Psalmorum
2285 4177 2615 4249 sententia,
2654 4186 2785 4238 tum
2831 4177 3123 4250 litterati,
3179 4190 3311 4240 tum
3341 4194 3653 4263 mystago-

403 4279 550 4356 gica
576 4274 1068 4338 accuratissima
1097 4269 1555 4345 meditationes,
1584 4281 1643 4333 et
1676 4274 1809 4334 alia
1838 4272 2037 4333 multa
2082 4275 2258 4351 queis
2290 4272 2582 4335 rudiores
2613 4277 2808 4337 animi
2837 4275 2920 4336 ad
2955 4278 3255 4355 pietatem
3274 4324 3292 4353 ,
3324 4285 3654 4362 perfectio-

404 4396 507 4438 res
536 4388 761 4449 autem,
791 4374 885 4435 ad'
905 4375 1226 4435 sublimem
1252 4372 1602 4451 Scriptura
1631 4391 1825 4434 sacra
1853 4374 2148 4434 notitiam
2176 4372 2514 4454 informari
2541 4376 2767 4439 solent.
2796 4377 2938 4437 Hac
2960 4394 3044 4436 ea:
3072 4375 3383 4439 diuturna
3416 4390 3648 4442 tracta-

407 4482 577 4542 tione
629 4476 980 4548 Eusebius,
1043 4473 1362 4553 Pamphili
1403 4473 1707 4551 martyris
1753 4472 2238 4552 Scripturarum
2306 4475 2714 4537 scientissimi
2764 4477 3176 4540 contubernio
3228 4479 3641 4551 nobilitatus,

403 4579 693 4657 apprime
718 4575 959 4646 calluit,
991 4576 1117 4636 hac
1146 4575 1322 4633 docte
1351 4570 1655 4633 disseruit
1686 4574 2180 4651 et-eaplanavit:
2215 4571 2381 4632 unde
2409 4577 2632 4636 merito
2667 4594 2813 4636 sane
2839 4578 3265 4657 Hieronymus
3294 4578 3651 4643 eruditissi-

407 4700 536 4741 mos
581 4682 763 4743 hosce
805 4680 1293 4741 Commentarios
1343 4693 1471 4736 esse
1513 4677 1919 4754 pronuntiat.
1952 4674 2237 4751 Quorum
2270 4686 2446 4740 tanta
2489 4680 2616 4757 fuit
2643 4677 2816 4757 apud
2857 4688 3094 4741 veteres
3132 4682 3542 4754 existimatio,
3575 4694 3646 4744 ut

402 4781 827 4846 Occidentalis
878 4782 1180 4844 Ecclesia
1223 4782 1431 4843 lumen
1474 4778 1638 4840 illud
1666 4778 1978 4840 Eusebius
2018 4780 2427 4843 l’ercellensis
2472 4781 2543 4842 in
2571 4781 2945 4865 Latinorum
2988 4801 3168 4844 usum
3213 4791 3411 4844 totum
3461 4803 3640 4865 opus,

399 4882 704 4946 submotis
738 4892 943 4944 tamen
986 4884 1068 4945 iis
1098 4899 1231 4961 qua
1268 4880 1697 4941 Arianismum
1741 4880 2002 4951 olerent,
2052 4879 2275 4941 Latine
2307 4882 2551 4960 fecerit.
2607 4864 2810 4961 Hujus
2845 4900 2958 4941 nos
3019 4880 3409 4961 diligentiam
3460 4864 3641 4945 amu-

402 4984 626 5058 tantes,
657 5002 757 5059 ne,
789 4985 1044 5067 jamdiu
1092 4984 1256 5045 tanti
1283 4983 1411 5044 viri
1454 4982 1978 5059 interpretatione
2008 4982 2259 5054 amissa,
2291 4991 2514 5042 nostra
2544 4992 2691 5042 atas
2721 4985 2836 5045 hoc
2880 4985 3117 5063 insigni
3160 5001 3347 5062 opere
3390 4972 3634 5059 orbata,

396 5083 689 5163 segnitiei
715 5084 894 5145 nobis
923 5093 1136 5145 notam
1163 5085 1472 5156 inureret,
1514 5100 1593 5143 ea
1622 5080 2017 5142 bibliothecis
2052 5090 2301 5141 erutum
2332 5091 2390 5142 et
2414 5081 2638 5143 Latine
2665 5101 2914 5144 versum
2947 5083 3368 5162 publicamus,
3402 5084 3636 5163 tibique

400 5185 748 5267 offerimus,
781 5194 853 5246 ut
884 5188 1036 5260 tuis,
1062 5184 1466 5246 Sanctissime
1496 5183 1714 5254 Pater,
1750 5180 2057 5260 auspiciis
2088 5181 2339 5259 felicius
2369 5183 2440 5244 in
2469 5182 2667 5243 lucem
2701 5181 2988 5262 prodeat,
3022 5190 3196 5261 teque
3224 5180 3388 5243 duce
3416 5184 3635 5261 faciles

396 5285 523 5347 sibi
549 5293 732 5364 paret
758 5283 839 5344 ad
866 5284 1314 5365 rempublicam
1344 5282 1721 5344 litterariam
1745 5280 1980 5344 aditus.
2972 5356 2987 5375 τ

480 5389 703 5450 Verum
746 5405 877 5448 non
923 5385 1191 5467 perinde
1223 5384 1575 5449 laudandus
1604 5385 1868 5448 Eusebii
1897 5394 2159 5448 conatus
2188 5384 2531 5448 Sanctitati
2567 5387 2711 5447 Tua
2739 5385 3052 5471 videatur,
3085 5385 3144 5448 si
3169 5384 3253 5447 ad
3279 5384 3637 5449 doctrinam

393 5484 468 5550 de
502 5491 556 5550 Τ
554 5490 838 5562 rinitate,
874 5489 934 5550 si
975 5488 1057 5549 ad
1097 5489 1383 5551 vitiatam
1424 5487 1499 5549 de
1562 5487 1748 5550 Verbo
1789 5488 1906 5549 Dei
1952 5489 2321 5549 sententiam
2354 5488 2631 5549 animum
2658 5487 3022 5550 attenderis.
3055 5489 3179 5557 Est
3203 5489 3367 5551 enim
3396 5507 3633 5561 eorum,

392 5609 505 5671 qui
533 5592 721 5655 nimis
743 5592 996 5671 ingenio
1026 5591 1447 5673 doctrinaque
1468 5612 1597 5655 sua
1613 5577 1840 5673 ﬁdunt,
1863 5599 2213 5671 perpetuus
2242 5590 2350 5652 ille
2383 5589 2703 5670 scopulus,
2732 5600 2804 5651 ut
2831 5607 2971 5657 cum
3000 5611 3114 5654 suo
3145 5600 3338 5653 marte
3370 5591 3634 5669 religio-

393 5693 494 5759 nis
542 5692 755 5773 capita
801 5690 1383 5770 deﬁnireaudeant.
1436 5713 1476 5754 a
1521 5711 1684 5755 vera
1732 5691 1880 5772 ﬁdei
1919 5691 2169 5752 tramite
2209 5692 2451 5770 passim
2484 5689 2798 5753 aberrent.
2844 5694 3098 5756 Possem
3140 5692 3625 5769 innumerabiles

716 5792 991 5852 Ριτιιοι.
1024 5792 1140 5853 Gn.
1197 5788 1435 5859 XXIII.
1505 5852 1509 5857 ,

2683 5797 2688 5803 ,
3048 5797 3264 5855 11-
