4096 6382
434 396 491 449 H
1098 387 1363 445 EUSEBil
1401 377 1882 440 CAESARIENSIS
1919 374 2069 431 OPP.
2112 371 2293 427 PARS
2334 368 2420 426 Ill.
2465 400 2536 412 —
2571 367 2981 424 EXEGETICA.
3596 359 3665 415 η

433 518 747 594 proferre,
786 514 893 591 qui
931 529 1091 571 nova
1121 518 1356 569 tentata
1387 508 1520 586 ejus
1555 497 1964 579 explananda
1993 494 2116 564 via,
2148 491 2552 570 naufragium
2580 490 2901 567 fecerunt;
2932 502 3146 544 verum
3173 499 3335 541 unus
3368 486 3494 538 esto
3523 477 3661 537 Eu-

431 583 638 678 sebius
669 583 824 676 satis
858 638 875 676 :
909 616 965 675 is
998 617 1065 676 in
1101 583 1449 690 exemplum
1502 605 1746 668 cunctis
1787 600 2114 679 offeratur.
2158 595 2314 657 Nam
2353 595 2409 653 si
2459 594 2558 652 vir
2591 590 2698 650 ille
2734 599 2969 658 tantus,
3014 597 3104 648 tot
3150 583 3509 664 disciplinis
3542 599 3655 644 cato

431 720 664 787 cultus,
702 718 812 777 ubi
855 734 984 776 sese
1031 684 1295 792 ﬁdenter
1333 724 1658 769 sacrorum
1689 704 2094 778 interpretem
2135 695 2466 775 priestitit,
2507 700 2746 751 tantum
2777 709 2816 748 a
2861 705 3020 748 vera:
3065 686 3327 765 pietatis
3358 684 3668 744 sententia

431 785 785 898 deﬂexerit,
817 815 968 896 quid
992 785 1137 876 aliis
1161 807 1561 891 sperandum,
1591 805 1700 884 qui
1739 820 1867 863 non
1892 799 2160 879 paribus
2193 795 2431 872 ingenii
2461 792 2877 868 doctrinaque
2909 787 3160 848 dotibus
3190 785 3513 854 instructi,
3543 802 3666 862 pa-

431 937 564 979 rem
591 930 790 979 tamen
817 919 1012 977 aleam
1043 916 1256 977 subire
1286 931 1414 972 non
1435 915 1774 970 vereantur
1797 906 1826 963 ?
1861 905 2014 974 Una,
2041 919 2168 960 una
2199 907 2289 956 est
2316 913 2474 957 verte
2501 892 2647 972 ﬁdei
2669 891 2964 960 anchora,
2999 896 3239 946 statuta
3266 885 3507 945 scilicet
3539 883 3667 942 Ec-

437 1019 637 1082 clesiae
668 1040 688 1078 :
719 1019 904 1100 hujus
961 1025 1052 1089 tu,
1085 1016 1325 1076 Summe
1361 1009 1684 1088 Pontifex,
1717 1009 1930 1081 caput,
1962 1000 2344 1074 antistesque
2394 1009 2742 1061 sacrorum,
2778 989 2881 1048 cui
2912 985 3248 1064 religionis
3267 985 3433 1063 jura
3463 978 3672 1040 dicere

435 1123 504 1183 in
533 1119 738 1199 ofﬁcio
768 1082 880 1180 est.
915 1118 1005 1178 Ab
1033 1082 1145 1178 hac
1185 1131 1330 1174 vero
1375 1082 1595 1172 norma
1645 1105 1925 1184 quisquis
1956 1099 2368 1169 aberraverit,
2401 1096 2546 1156 huic
2591 1102 2871 1153 extrema
2906 1096 2963 1149 et
2999 1095 3171 1147 certa
3221 1082 3538 1163 pernicies
3581 1089 3671 1143 est

435 1217 1009 1396 pegmatiﬁur
1040 1313 1121 1376 ad
1147 1311 1333 1393 pedes
1360 1308 1730 1372 Sanctitatis
1766 1307 1915 1366 Tua!
1954 1299 2267 1361 Eusebius
2297 1297 2402 1357 ille
2436 1292 2772 1373 Pamphili,
2807 1301 2877 1352 ut
2909 1291 3039 1370 ejus
3069 1293 3143 1355 de
3192 1287 3381 1350 Verbo
3413 1284 3530 1345 Dei
3558 1280 3666 1341 do-

435 1424 664 1492 ctrina,
703 1437 883 1499 quam
914 1435 1050 1477 cum
1089 1435 1169 1476 ea:
1205 1414 1655 1494 pestiferorum
1697 1406 2014 1472 hominum
2045 1401 2300 1480 afﬂatu,
2333 1409 2461 1456 tum
2499 1414 2578 1455 ex
2626 1393 2868 1471 ingenii
2909 1392 3010 1452 sui
3057 1390 3324 1452 arbitrio
3367 1383 3664 1467 protulit,

429 1520 736 1603 judicium
779 1517 997 1578 subeat
1053 1525 1247 1576 tuum.
1290 1516 1507 1574 Verum
1551 1507 1780 1570 talibus
1827 1510 2089 1565 onustus
2131 1497 2440 1560 mercibus
2471 1497 2584 1557 vix
2628 1504 3025 1573 conspectum
3066 1490 3246 1553 illum
3294 1490 3516 1567 ferret,
3546 1485 3662 1545 via:

436 1623 608 1684 illam
657 1620 979 1681 oculorum
1027 1618 1275 1694 orisque
1323 1613 1690 1696 dignitatem
1731 1607 2123 1676 sustineret,
2183 1602 2312 1661 nisi
2353 1599 2654 1678 permista
2703 1596 2882 1655 malis
2927 1594 3088 1654 bona
3136 1593 3505 1657 innumera,
3537 1585 3667 1645 nisi

437 1720 633 1780 multa
664 1718 940 1798 offerret,
973 1733 1104 1794 quae
1122 1683 1359 1793 passim
1389 1683 1456 1772 in
1488 1726 1674 1788 opere
1704 1703 1957 1782 decerpi
1983 1702 2235 1780 possint
2269 1699 2671 1758 emolumenta
2697 1717 2714 1754 :
2744 1704 2813 1754 ut
2845 1696 2957 1755 hac
2989 1694 3057 1753 in
3084 1709 3152 1750 re
3179 1687 3357 1749 nobis
3414 1683 3672 1745 Eusebii

439 1819 828 1897 diligentiam
872 1815 1136 1877 laudare
1173 1814 1374 1885 liceat,
1409 1811 1465 1870 si
1493 1811 1697 1869 minus
1735 1807 1922 1866 liceat
1962 1804 2028 1863 in
2061 1802 2204 1860 aliis
2236 1799 2536 1858 doctrina:
2569 1796 3010 1856 sinceritatem.
3044 1791 3172 1851 Nos
3211 1805 3379 1858 vero,
3407 1785 3520 1844 etsi
3545 1802 3668 1863 pro

439 1937 608 1980 more
638 1927 856 1976 nostro
885 1917 1008 1978 hcce
1039 1912 1119 1972 ad
1151 1911 1431 1972 codicum
1462 1906 1664 1985 ﬁdem,
1696 1904 1793 1962 uti
1827 1919 1888 1959 se
1932 1899 2182 1967 dabant,
2213 1895 2467 1975 publica
2496 1894 2849 1974 fecerimus,
2889 1889 3152 1951 Eusebii
3187 1897 3389 1946 tamen
3425 1882 3661 1942 Vercel-

441 2015 630 2077 lensis
661 2015 1009 2076 cautionem
1045 2012 1173 2071 alia
1214 2009 1501 2069 cautione
1540 2016 1874 2082 pensamus
1901 2019 1918 2057 :
1943 2000 2010 2058 in
2032 1994 2570 2075 prceliminaribus
2603 1994 2858 2071 quippe,
2900 1988 3162 2050 Eusebii
3195 1984 3267 2044 de
3313 1983 3504 2044 l'erbo
3549 1981 3663 2040 Dei

441 2119 817 2196 opinionem,
850 2132 976 2174 non
1015 2131 1093 2172 ex
1130 2111 1226 2172 his
1270 2105 1444 2168 modo
1496 2101 2008 2168 Commentariis,
2058 2102 2163 2158 sed
2195 2114 2275 2156 ex
2318 2095 2463 2154 aliis
2508 2096 2656 2154 item
2699 2091 2958 2169 scriptis
3003 2084 3273 2168 ejusdem
3318 2084 3662 2161 aperimus.

441 2216 838 2293 confutamus
868 2232 886 2270 :
917 2229 988 2269 ac
1018 2227 1093 2268 ne
1136 2206 1365 2266 malum
1400 2201 1663 2262 occultis
1695 2196 1954 2258 subinde
1987 2196 2191 2256 verbis
2233 2193 2592 2254 obvolutum
2623 2190 2813 2250 latius
2857 2195 3092 2266 serpat,
3126 2204 3163 2244 α
3190 2183 3414 2263 quibus
3453 2199 3673 2240 caven-

440 2289 586 2375 dum
609 2314 692 2374 sit
723 2311 1094 2380 indicamus,
1129 2317 1185 2367 et
1210 2312 1578 2384 argumenta
1604 2311 1826 2361 contra
1855 2297 2034 2376 ﬁdem
2064 2297 2273 2357 oblata
2307 2311 2427 2372 pro
2459 2293 2636 2352 virili
2669 2289 3066 2369 depellimus.

522 2417 688 2478 Huic
735 2423 970 2476 nostra'
1031 2429 1259 2491 operte,
1302 2405 1703 2469 Sanctissime
1732 2404 1943 2474 Pater,
1977 2401 2032 2461 si
2079 2397 2388 2459 calculum
2433 2393 2776 2466 addideris,
2819 2393 2874 2453 si
2917 2393 3040 2452 haec
3083 2387 3289 2450 studio
3315 2385 3670 2465 vigiliisque

441 2518 677 2578 nostris
709 2526 902 2595 parta
933 2512 1172 2575 lubenti
1199 2510 1405 2570 animo
1437 2505 1776 2584 acceperis,
1810 2521 1972 2563 unus
1997 2501 2178 2562 nobis
2209 2503 2418 2561 instar
2447 2499 2718 2558 omnium
2747 2504 2971 2555 auctor
3001 2494 3148 2564 eris,
3169 2502 3236 2552 ut
3271 2489 3509 2551 ceteris
3539 2503 3673 2565 qua:

444 2634 560 2696 per
590 2619 785 2678 otium
813 2622 1151 2696 parantur,
1183 2610 1460 2670 alacrius
1505 2623 1752 2666 manum
1793 2605 2248 2663 admoveamus.
2290 2601 2370 2662 Te
2405 2599 2638 2678 quippe
2679 2598 2793 2659 hoc
2826 2597 2894 2656 in
2933 2596 3192 2657 honoris
3225 2594 3516 2662 culmine,
3558 2591 3672 2651 hac

442 2723 515 2783 in
560 2717 814 2798 specula
847 2715 1117 2787 sedente,
1150 2712 1230 2773 ad
1255 2712 1513 2773 virtutis
1555 2708 1856 2778 studium,
1892 2718 1950 2767 et
1981 2704 2064 2766 ad
2100 2705 2461 2768 litterarum
2500 2702 2741 2762 cultum
2783 2710 3100 2762 acuuntur
3128 2697 3368 2764 animi;
3412 2703 3481 2756 ut
3535 2712 3674 2773 spes

439 2821 530 2883 sit
563 2796 964 2901 afﬂictam-et-
990 2814 1292 2876 labantem
1316 2814 1384 2873 in
1407 2811 1537 2872 dies
1567 2828 1698 2870 rem
1728 2807 2108 2872 litterariam
2137 2824 2249 2886 ope
2280 2815 2338 2866 et
2365 2803 2726 2884 patrocinio
2753 2811 2858 2862 tuo
2889 2807 3315 2861 restauratum
3350 2798 3458 2857 iri.
3492 2796 3675 2870 Quod

442 2925 614 2982 omni
641 2915 1101 2998 exspectatione
1132 2912 1442 2973 maturius
1481 2907 1745 2982 accidet,
1765 2907 1823 2969 si
1850 2907 2030 2968 nobis
2058 2907 2270 2988 fausta
2313 2902 2720 2984 precantibus
2748 2902 2975 2983 faverit
3005 2899 3278 2959 omnium
3320 2894 3678 2957 moderator

443 3020 576 3090 slle,
606 3017 714 3096 qui
739 2995 921 3076 rebus
941 3011 1256 3092 prospicit
1283 3008 1594 3079 humanis,
1627 3023 1737 3066 nec
1769 3015 1826 3065 te
1869 3003 2048 3066 modo
2082 3004 2455 3066 incolumem
2484 3001 2726 3064 diutius
2757 2999 3122 3071 servaverit,
3153 2995 3260 3058 sed
3291 2997 3474 3056 etiam
3505 3006 3679 3056 tran-

451 3116 648 3198 quilla
678 3121 1022 3193 pacataque
1060 3119 1341 3189 tempora
1373 3107 1543 3189 plebi
1570 3124 1698 3168 sua
1714 3103 2098 3184 providerit,
2133 3101 2300 3182 quod
2329 3121 2466 3164 cum
2487 3102 2718 3182 primis
2750 3101 3084 3181 efflagitat,

1747 3207 2118 3268 Sanctitatis
2155 3206 2207 3265 Τ
2207 3223 2322 3278 uc,

2545 3364 3192 3446 Obsequentissi‘mus
3230 3371 3292 3426 et
3328 3364 3518 3426 addi-

422 3445 436 3550 i
2629 3443 3139 3506 ctissimusﬁlius
3175 3451 3236 3505 et
3266 3461 3518 3512 servus,

2549 3544 2618 3604 F.
2680 3544 2864 3604 Bern.
2897 3544 3005 3603 -Du
3048 3544 3516 3606 Monnsucou.

3359 3711 3632 3720 —....-_.___
3651 3710 3663 3718 ο

3405 3725 3562 3734 ...οι-

459 3713 3392 3759 mw

1465 3879 2662 4045 PRIELIMINARIA

827 4158 950 4248 IN
1029 4148 1509 4245 EUSEBII
1571 4133 2463 4234 COMMENTARIA
2541 4134 2663 4222 IN
2745 4133 3310 4228 PSALMOS.

1036 4461 1449 4518 PitOUEMlUM.
2041 4469 2082 4518 Α
2106 4454 2294 4522 prodit
2320 4449 2587 4505 Eusebius
2621 4450 2753 4520 :qui
2786 4449 2831 4505 si
2875 4459 3130 4520 quantam
3184 4452 3528 4517 eruditionis,
3557 4463 3682 4507 tan-

518 4561 758 4616 Tantum
785 4555 889 4614 sibi
924 4570 1121 4609 nomen
1153 4555 1208 4608 in
1233 4570 1291 4608 re
1321 4551 1584 4608 litteraria
1607 4553 1811 4621 peperit
1841 4549 2013 4604 Euse-

453 4653 577 4708 bius
600 4647 974 4709 Ca‘sariensis,
997 4654 1197 4699 utcum
1229 4645 1283 4698 in
1301 4645 1422 4713 ejus
1455 4644 1676 4714 scriptis
1705 4652 2018 4697 restauran-

455 4747 563 4806 dis,
595 4746 640 4799 si
679 4750 952 4814 prostent,
987 4738 1264 4798 emendis,
1294 4740 1342 4792 si
1377 4739 1599 4802 lateant,
1633 4751 1798 4807 opera
1851 4749 2019 4789 nava-

452 4844 568 4898 tur,
593 4835 647 4888 id
686 4836 740 4887 in
772 4833 1050 4903 praecipua
1079 4830 1236 4885 cilicii
1264 4839 1422 4899 parte
1459 4837 1661 4898 ponant
1703 4828 1922 4884 eruditi.
1972 4826 2019 4881 Is

449 4927 602 4980 enim
633 4933 714 4976 tot
745 4924 800 4975 in
828 4921 1073 4985 historia,
1104 4921 1159 4973 in
1180 4917 1552 4986 chronologia,
1585 4918 1640 4971 in
1679 4919 2021 4988 antiquitatis

457 5019 673 5081 notitia,
707 5015 909 5085 ingenii
951 5013 1036 5068 sui
1068 5011 1366 5086 specimina
1389 5011 1563 5074 dedit,
1598 5018 1657 5063 ut
1677 5009 2022 5080 cumprimis

752 5107 1113 5178 scriptoribus
1143 5106 1361 5161 censeri
1405 5114 1700 5160 mereatur.
1730 5101 1908 5157 Unum
1945 5118 2027 5157 re-

460 5204 641 5258 stabat
661 5203 715 5254 in
735 5216 844 5270 quo
864 5198 1126 5253 nullidum
1149 5197 1362 5252 Eusebii
1381 5195 1628 5266 peritiam
1646 5195 2023 5248 internoscen-

461 5293 518 5347 di
553 5290 1014 5364 potestasiuerat,
1044 5288 1415 5364 interpretatio
1441 5286 1693 5339 videlicet
1719 5284 2028 5353 Scriptura-

463 5402 608 5439 rum.
640 5382 757 5449 Qua
789 5387 841 5435 in
875 5397 930 5436 re
951 5396 1073 5436 cum
1105 5397 1212 5434 non
1239 5378 1466 5433 minoris
1496 5375 1640 5446 apud
1663 5385 1870 5431 veteres
1903 5391 2027 5446 pre-

467 5476 526 5528 tii
561 5473 743 5537 fuerit,
776 5481 1081 5543 temporum
1110 5480 1290 5524 tamen
1309 5468 1523 5538 ’in‘jnria
1561 5468 1776 5536 ignmus
1798 5482 1933 5536 pene
1960 5467 2025 5522 ad

467 5573 716 5620 nostrum
765 5581 937 5619 aevum
968 5564 1191 5618 mansit.
1231 5560 1350 5614 tiam
1402 5573 1529 5612 vero
1557 5557 1652 5610 ubi
1691 5558 2024 5612 celeberrimi

2106 4555 2229 4598 .tam
2261 4545 2488 4598 sincera:
2511 4542 2633 4596 ﬁdei
2659 4541 2873 4596 laudem
2897 4543 3130 4602 tulisset.
3154 4544 3242 4596 vix
3270 4558 3452 4614 parem
3477 4544 3677 4597 admit-

2124 4643 2284 4691 teret.
2319 4633 2429 4689 Hos
2454 4635 2640 4703 Iaque
2667 4636 3106 4702 commentarios,
3131 4635 3225 4690 diu
3269 4640 3561 4707 expetitos,
3596 4636 3691 4691 sed

2122 4742 2402 4797 nunquam
2444 4733 2705 4792 tentatas,
2759 4727 2879 4790 tibi,
2915 4728 3086 4783 lector
3142 4729 3374 4792 erudite.
3434 4729 3693 4800 legendos

2123 4819 2392 4875 sistimus.
2421 4815 2738 4872 Versionem
2784 4833 2948 4888 porro
2979 4817 3227 4875 Latinam
3276 4836 3376 4890 pro
3411 4836 3563 4876 more
3592 4836 3690 4875 no-

2122 4924 2238 4969 stro
2289 4913 2363 4967 ita
2413 4911 2831 4980 adornavimus,
2873 4921 2954 4978 ut,
2989 4915 3093 4968 etsi
3152 4915 3580 4984 compendiaria,
3631 4924 3691 4968 ut

2111 5003 2441 5074 plurimum,
2473 5004 2558 5058 via
2592 5003 2736 5058 dicta
2765 5002 2982 5058 Eusebii
3035 5004 3471 5076 interpretemur,
3503 5002 3690 5058 Graeca

2124 5109 2305 5154 tamen
2331 5115 2438 5154 non
2463 5101 2679 5169 penitus
2699 5116 2738 5154 se
2757 5100 2985 5170 vestigio
3007 5109 3276 5155 sectemur
3303 5120 3314 5155 :
3343 5117 3517 5171 neque
3543 5101 3688 5155 enim

2125 5194 2435 5264 importuno
2464 5196 2724 5265 scrupulo
2751 5196 2824 5250 ita
2849 5196 3039 5250 littera
3073 5195 3358 5259 haeremus,
3391 5205 3449 5248 ut
3469 5195 3692 5248 concin-

2129 5299 2252 5338 nam
2305 5287 2588 5339 sententize
2630 5286 2996 5355 exprimendae
3050 5288 3311 5340 rationem
3348 5287 3689 5349 deseramus.

2130 5390 2236 5428 non
2269 5375 2462 5436 nescii,
2497 5373 2565 5428 iis
2595 5375 2690 5443 qui
2733 5377 2896 5429 talem
2924 5379 3168 5430 vertendi
3202 5377 3420 5430 modum
3449 5379 3690 5445 aggressi

2129 5473 2280 5526 sunt,
2319 5481 2441 5520 non
2484 5466 2714 5521 feliciter
2741 5469 2981 5522 cessisse
3022 5479 3299 5522 conatum.
3341 5469 3513 5532 Quam
3567 5482 3694 5521 vero

2130 5555 2339 5609 Latina:
2371 5557 2566 5626 lingua:
2606 5559 3045 5627 peregrinitatem
3102 5561 3403 5614 intulerunt
3438 5559 3693 5614 Ecclesiae

461 5655 619 5708 iiliin
655 5652 902 5708 Psalmos
928 5651 1330 5710 commentarii,
1356 5647 1470 5703 situ
1511 5655 1567 5703 et
1593 5655 1858 5703 vetustate
1891 5665 2028 5718 pense
2120 5653 2470 5712 Patres,eam
2499 5667 2604 5704 non
2635 5654 2857 5708 omnino
2881 5670 3080 5710 exuere
3108 5655 3315 5709 licitum
3351 5657 3446 5708 fuit
3477 5675 3487 5708 :
3519 5669 3692 5724 neque

460 5747 666 5812 obruti,
695 5747 750 5800 in
781 5747 954 5801 lue-cm
979 5743 1220 5808 veniunt,
1241 5743 1291 5794 in
1325 5740 1576 5796 omnibus
1599 5740 1682 5796 sui
1712 5755 1768 5798 se
1795 5741 2022 5796 similem

2085 5815 2090 5819 ι
2122 5742 2274 5798 enim
2330 5743 2592 5820 abstineri
2613 5811 2626 5820 -
2644 5753 2884 5818 potest:
2920 5749 3144 5803 vocibus
3172 5747 3428 5803 diuturno
3457 5748 3690 5815 scripto—
