4096 6400
406 403 479 462 ιδ
1185 392 1697 471 consensisti
1734 391 1803 447 lN
1847 386 2183 446 essurus.
2225 419 2292 429 —
2330 372 2879 446 manumanu.
3600 390 3668 448 it

402 538 529 581 rum
556 520 812 577 Ecclesia
839 535 952 576 usu
979 518 1147 583 tritis,
1174 528 1233 574 ut
1264 525 1414 586 sunt,
1455 517 1803 587 morti/icore,
1827 515 1996 583 vivi/i-
2024 519 2067 575 Α
2099 510 2313 573 haberi,
2343 524 2407 564 ac
2428 510 2769 566 maturandae
2800 511 3055 567 editionis
3087 520 3282 567 auctor
3312 509 3433 565 fuit.
3468 507 3671 564 Accer-

398 631 548 681 ωτι,
579 614 892 685 persecutio,
924 612 1223 676 tribulatio,
1241 622 1294 667 et
1316 613 1543 674 similes,
1569 624 1689 681 qua:
1714 607 1977 679 quodam-

402 709 572 765 modo
599 716 956 772 consecratae,
994 716 1049 763 et
1078 708 1132 762 in
1182 706 1338 762 libris
1372 705 1645 775 frequenti
1685 703 1981 774 Scripturae

401 800 643 857 lectione
683 800 1008 856 intermistis
1053 814 1280 870 prorsus
1332 801 1659 853 necessarias
1695 805 1842 851 sunt.
1880 794 1980 849 Ubi

408 900 709 949 occurrunt
747 892 1049 964 Scriptura:
1071 907 1244 948 sacra:
1271 891 1439 956 dicta,
1470 890 1780 963 Vulgatam,
1810 891 1860 946 si
1893 907 1983 946 res

404 987 484 1042 ita
511 985 673 1052 ferat,
707 987 991 1056 sequimur
1028 1003 1041 1039 :
1077 984 1174 1040 sed
1219 982 1443 1054 quando
1472 999 1537 1039 ex
1580 982 1764 1039 Veteri
1793 981 1986 1038 Testa-

408 1085 597 1133 mento
618 1075 909 1131 sententiae
938 1073 1263 1136 aﬂeruntur,
1286 1075 1415 1144 quia
1440 1074 1762 1144 plerumque
1783 1072 1985 1144 Vulga—

325 1156 330 1160 ’
409 1175 501 1233 ta,
533 1184 599 1223 ex
642 1167 869 1223 Hebraeo
891 1180 1176 1238 expressa,
1214 1172 1338 1220 eum
1368 1164 1556 1222 Graeca
1594 1167 1848 1222 versione
1875 1182 1984 1220 non

412 1258 669 1330 quadrat,
691 1264 816 1313 tum
836 1272 1075 1312 necesse
1115 1271 1345 1327 prorsus
1374 1263 1460 1312 est
1515 1257 1708 1314 litterae
1733 1258 1983 1329 obsequi,

412 1347 687 1418 aliamque
717 1346 1234 1419 interpretationem
1264 1362 1458 1418 parare
1492 1368 1506 1403 :
1548 1350 1694 1421 quod
1728 1350 1857 1405 item
1891 1365 1989 1405 ne-

411 1440 657 1498 cessario
685 1440 1056 1511 praestandum
1101 1440 1281 1496 sicubi
1312 1441 1397 1496 vel
1438 1440 1604 1497 lectio
1632 1441 1870 1506 diversa,
1901 1442 1989 1498 vel

412 1533 637 1590 Eusebii
666 1533 939 1588 sententia
977 1533 1140 1587 aliam
1175 1533 1484 1589 versionem
1507 1537 1768 1603 postulat.
1810 1534 1868 1591 in
1893 1535 1987 1591 de-

411 1639 582 1680 cursu
626 1633 807 1679 autem
847 1624 1029 1693 operis
1083 1624 1276 1679 breves
1330 1638 1595 1695 rarasque.
1630 1635 1792 1681 notas
1841 1624 1993 1681 dedi-

410 1716 743 1786 mus:quia
798 1730 877 1770 eae
923 1715 970 1771 si
1031 1714 1140 1770 huc
1194 1716 1326 1771 illuc
1379 1717 1767 1786 conjiciantur,
1829 1718 1991 1787 vulgo

413 1814 643 1876 pereunt
679 1805 1060 1870 inobservata,
1102 1805 1342 1860 intactae.
1374 1805 1552 1872 Quane
1574 1807 1621 1862 si
1647 1806 1780 1877 quid
1818 1807 1873 1861 in
1905 1806 1991 1863 his

411 1899 824 1954 commentariis
856 1904 1051 1952 notatu
1080 1897 1305 1967 dignum
1341 1899 1604 1966 occurrit,
1633 1900 1687 1954 id
1722 1900 1778 1954 in
1811 1901 1989 1971 prmli-

412 1990 648 2044 minaria
675 1989 1032 2055 contulimus,
1073 1990 1167 2046 tibi
1192 1990 1261 2045 de
1289 1991 1452 2061 style,
1493 1992 1562 2046 de
1590 2006 1789 2063 genere
1816 1992 1989 2047 inter-

411 2081 688 2151 pretandi,
720 2080 789 2136 de
839 2082 1110 2148 doctrina,
1149 2081 1216 2137 de
1267 2082 1555 2152 disciplina
1616 2083 1793 2154 deque
1844 2083 1989 2147 aliis,

405 2188 536 2244 qua:
562 2174 747 2227 omnia
773 2189 940 2228 unum
965 2173 1070 2228 sub
1091 2180 1372 2243 aspectum
1405 2174 1681 2243 conjicere
1710 2191 1742 2229 e
1785 2190 1844 2229 re
1875 2174 1991 2229 fore

411 2262 590 2319 visum
620 2270 705 2320 est
740 2282 753 2318 :
787 2280 964 2334 neque
1018 2272 1275 2334 putamus
1317 2265 1549 2320 eruditis
1602 2273 1656 2319 et
1700 2266 1990 2336 sagacibns

402 2354 705 2411 consilium
743 2353 1175 2426 displiciturum.

921 2465 1156 2523 CAPUT
1186 2466 1482 2525 PRIMUM.

397 2591 780 2638 (MENTARII
808 2597 1015 2639 EUSEBII
1048 2599 1117 2638 EX
1147 2599 1337 2648 QUIBUS
1364 2600 1644 2641 CODICIBUS
1676 2601 1982 2641 PRODEANT.

417 2674 471 2729 ιι.
493 2671 571 2729 De
596 2674 776 2729 codice
805 2674 1123 2730 Taurinensi
1153 2676 1449 2731 cardinalis
1491 2676 1756 2732 Petronii.
1791 2676 1877 2732 ΙΙ.
1914 2676 1992 2731 De

476 2742 661 2800 codice
689 2744 981 2799 cardinalis
1031 2745 1296 2800 Coislinii.
1330 2746 1447 2801 111.
1487 2745 1564 2801 De
1581 2747 1893 2802 Cotbertino
1940 2756 1992 2801 et

484 2819 687 2888 catenis
719 2813 963 2888 Regiis.)
978 2813 1041 2867 V.
1062 2814 1487 2888 GriecipEgsebio
1506 2827 1559 2870 et
1587 2818 1712 2872 aliis
1736 2825 1991 2888 suspecta:

486 2883 617 2952 ﬁdei
666 2883 1014 2954 scriptoribus
1059 2885 1274 2954 infensi.
1317 2885 1380 2940 V.
1412 2885 1629 2942 Catena!
1667 2883 1990 2942 commenta-

486 2956 619 3076 rizs.
651 2953 1143 3023 pessumdederunt.
1187 2954 1284 3012 VI.
1320 2954 1398 3011 De
1436 2957 1844 3027 praefationibus
1876 2957 1990 3013 Eu-

487 3040 544 3076 se
579 3040 638 3076 τι.

487 3040 638 3078 88023.

601 3135 641 3187 Ι.
677 3137 753 3188 De
773 3136 941 3187 codice
961 3136 1254 3189 Taurinensi
1275 3136 1536 3190 cardinalis
1558 3137 1799 3192 Perrouii.

486 3241 927 3300 Commentarios
961 3243 1182 3301 Eusebii
1212 3246 1269 3302 in
1321 3245 1569 3303 Psalmos
1605 3249 1661 3303 in
1694 3247 1985 3304 bibliothe-

404 3330 499 3385 cis
522 3331 689 3388 latere
704 3335 998 3390 multorum
1017 3347 1237 3392 narratu
1264 3338 1377 3408 jam
1403 3339 1613 3408 pridem
1635 3354 1983 3410 acceperam:

416 3431 607 3477 verum
638 3423 786 3479 haud
811 3427 977 3483 certis
1004 3428 1152 3486 notis
1181 3428 1542 3501 iudiciisque;
1566 3431 1658 3486 alii
1680 3432 1825 3487 enim
1841 3431 1988 3501 quod

414 3524 639 3568 rumore
687 3515 902 3579 nuntio.
940 3519 1330 3591 nonnullisque
1379 3519 1743 3577 referentibus
1799 3520 1990 3577 audie-

415 3613 563 3671 rant,
596 3606 748 3662 nnlla
779 3607 907 3663 data
935 3611 1257 3679 experiundi
1302 3611 1581 3678 facultate,
1625 3612 1986 3680 dictitabant;

422 3696 518 3753 alii
571 3696 849 3754 indicibus
882 3700 1133 3755 codicum
1188 3702 1423 3774 decepti,
1459 3704 1706 3775 quadam
1739 3705 1795 3760 in
1836 3701 1989 3762 Psal-

410 3795 540 3840 mos
568 3786 1020 3857 ἀποσπασμάτια,
1051 3788 1271 3845 Eusebii
1321 3792 1543 3848 nomine
1573 3794 1859 3865 insignita,
1888 3808 1987 3868 pro

417 3877 564 3932 veris
595 3876 816 3933 Eusebii
849 3881 1260 3936 commentariis
1303 3882 1629 3938 habuerant.
1660 3885 1835 3942 Annis
1859 3903 1990 3943 vero

416 3967 488 4022 ab
515 3967 646 4023 hinc
670 3969 892 4025 circiter
922 3970 1109 4026 decem
1135 3975 1521 4029 renuntiarunt
1547 3976 1762 4032 sodales
1811 3980 1985 4033 nostri

420 4056 609 4117 Sancti
642 4054 867 4114 Taurini
904 4060 1253 4118 Ebroicensis
1277 4066 1551 4129 monachi,
1580 4073 1797 4122 exstare
1821 4067 1877 4121 in
1905 4068 1987 4122 bi-

412 4145 691 4206 bliotheca
719 4167 840 4216 sua,
875 4168 997 4224 quae
1026 4153 1156 4209 olim
1186 4156 1483 4212 cardinalis
1516 4155 1760 4214 Perronii
1787 4158 1984 4223 fuerat,

418 4243 862 4313 antiquissimum
890 4246 1140 4302 codicem
1191 4251 1713 4306 commentariorum
1767 4251 1985 4309 Eusebii

417 4332 773 4392 Ctesariensis
803 4337 858 4391 in
887 4339 1203 4409 Evangelia,
1227 4355 1293 4395 ac
1332 4343 1692 4399 recentiorem
1737 4345 1903 4400 alium
1932 4346 1985 4399 in

418 4440 530 4496 quo
557 4428 933 4484 commentarii
969 4430 1215 4501 ejusdem
1247 4432 1302 4487 in
1334 4432 1601 4492 Psalmos.
1634 4428 1774 4491 Tum
1804 4437 1987 4492 animo

418 4518 710 4590 utriusque
742 4521 925 4592 operis
940 4523 1292 4592 publicandi,
1323 4527 1512 4597 rogavi
1566 4537 1625 4584 ut
1673 4530 1804 4584 mihi
1840 4531 1985 4585 anti-

2090 602 2260 656 situm
2294 602 2477 670 itaque
2524 603 2775 657 codicem
2820 602 3156 674 deprehendi
3186 602 3524 673 ipsissimum
3548 617 3673 657 esse

2081 692 2537 747 commentarium
2574 690 2821 755 Eusebii,
2850 707 3012 763 quem
3034 691 3332 747 cardinalis
3367 688 3676 753 Perronius

2082 785 2138 840 in
2164 782 2318 837 ltalia
2348 784 2552 853 degens
2575 800 2642 838 ex
2677 783 3084 854 antiquioribus
3116 782 3400 838 codicibus
3431 780 3675 838 exscribi

2083 884 2393 931 curaverat.
2419 877 2470 933 ls
2504 876 2608 931 etsi
2639 875 2707 930 ad
2738 875 3096 931 centesimum
3122 887 3297 943 usque
3324 880 3379 927 et
3410 873 3678 927 ἀναίδεια

2083 981 2235 1021 mum
2260 968 2540 1038 psalmum
2570 967 2923 1038 pertingeret,
2959 965 3013 1019 in
3041 965 3227 1021 multis
3251 964 3573 1026 deﬁciebat;
3597 965 3673 1019 ita

2088 1065 2149 1112 ut
2181 1059 2347 1114 etiam
2382 1060 2579 1130 psalmi
2611 1074 2643 1113 a
2672 1057 3097 1129 quadragesimo
3120 1066 3315 1114 octavo
3350 1056 3418 1112 ad
3447 1066 3674 1130 octoge-

2087 1149 2287 1205 simum
2331 1151 2609 1216 abessent,
2637 1152 2693 1206 in
2734 1150 3055 1220 cretei-isque
3084 1166 3195 1205 non
3225 1165 3407 1219 pauca
3454 1149 3673 1205 deside-

2086 1250 2365 1299 rarentur.

2422 1356 2488 1407 ll.
2525 1358 2600 1407 De
2624 1357 2795 1408 codice
2815 1357 3077 1408 cardinaiis
3099 1358 3340 1411 Coislinii.

2157 1456 2319 1520 Tunc
2348 1463 2601 1519 iteranda
2630 1464 2764 1518 mihi
2792 1462 3299 1536 diligentiafuit,ut
3346 1464 3391 1519 si
3428 1460 3555 1533 quid
3613 1463 3668 1517 in

2089 1559 2185 1611 illo
2211 1558 2447 1620 deesset,
2468 1556 2700 1610 aliorum
2729 1555 2973 1610 subsidio
2998 1554 3206 1610 sarcire
3230 1569 3469 1625 possem.
3508 1551 3671 1608 Forte

2090 1650 2311 1703 fui-tuna
2358 1647 2560 1701 accidit
2599 1655 2657 1700 ut
2688 1647 2744 1700 in
2779 1646 3111 1702 bibliotheca
3160 1645 3491 1717 Segueriana
3534 1646 3672 1698 alter

2089 1740 2263 1795 codex
2288 1737 2507 1794 Eusebii
2540 1738 2595 1792 in
2626 1737 2873 1794 Psalmos
2888 1738 3123 1795 adesset.
3148 1738 3304 1794 Hunc
3323 1738 3393 1794 ab
3421 1738 3671 1793 eminen-

2022 1869 2063 1924 Β
2092 1830 2308 1885 tissimo
2336 1830 2603 1885 cardinali
2656 1829 2921 1885 Coislinio
2948 1831 3257 1901 impetravi,
3281 1831 3374 1901 qui
3408 1844 3519 1902 qua
3548 1830 3671 1899 pol-

2096 1923 2167 1976 let
2190 1920 2529 1976 humanitate
2564 1930 2617 1977 et
2649 1920 3026 1986 beneficentia,
3058 1921 3324 1978 suadente
3347 1936 3412 1975 ac
3443 1934 3673 1975 moneo:

2092 2022 2149 2068 te
2190 2013 2411 2068 domino
2452 2012 2519 2087 de
2568 2013 2619 2067 la
2650 2011 2886 2083 Vergne,
2916 2013 2969 2066 in
3005 2012 3286 2082 publicum
3320 2026 3480 2066 usum
3515 2010 3658 2065 codi-

2093 2119 2213 2159 cem
2263 2104 2579 2174 hujusmodi
2611 2105 2960 2160 commodare
3010 2105 3170 2158 nobis
3208 2103 3536 2174 dedignatus
3557 2117 3668 2157 non

2092 2203 2198 2250 est.
2235 2193 2408 2250 Habet
2437 2196 2484 2250 is
2505 2195 2757 2251 Psalmos
2788 2211 2912 2250 cum
2939 2196 3347 2251 commentariis
3385 2196 3560 2265 plenis
3584 2196 3670 2250 in-

2093 2287 2372 2357 tegrisque
2396 2302 2426 2340 a
2456 2286 2914 2358 quinquagesimo
2943 2287 3010 2341 ad
3039 2286 3465 2357 nonagesimum
3504 2287 3668 2357 quin-

2093 2387 2241 2444 tum;
2273 2379 2347 2433 ita
2379 2388 2438 2433 ut
2464 2377 2630 2446 hujus
2652 2379 2987 2435 adminiculo
3020 2380 3273 2433 lacunam
3295 2378 3442 2432 illam
3478 2380 3670 2450 ingem—

2092 2474 2202 2522 tem
2234 2467 2487 2538 explendi
2521 2467 2948 2524 facultas'essct.
2978 2466 3136 2533 Quod
3171 2482 3304 2523 sane
3332 2469 3467 2523 mihi
3488 2470 3670 2540 inopi-

2092 2565 2280 2613 natum
2308 2564 2362 2613 et
2392 2565 2608 2629 gratum
2628 2558 3023 2615 acciditvnam
3058 2557 3237 2615 solent
3252 2574 3386 2615 esse
3412 2576 3534 2631 quae
3562 2562 3669 2614 mi-

2091 2664 2197 2704 nus
2223 2656 2614 2718 exspectantur
2632 2649 2860 2706 latiora.
2888 2651 2985 2707 Est
3004 2666 3177 2723 porro
3201 2651 3377 2708 codex
3405 2652 3498 2707 ille
3522 2652 3670 2709 deci-

2091 2742 2220 2796 cimi
2269 2740 2477 2803 saeculi,
2505 2741 2738 2811 egregia:
2767 2750 2930 2807 note.
2965 2745 3056 2798 cui
3111 2745 3306 2801 titulus
3349 2745 3667 2813 hujusmodi

2088 2832 2331 2890 secunda
2380 2846 2546 2887 manu
2594 2848 2690 2887 xm
2738 2834 2923 2889 saeculi
2966 2836 3666 2905 pmﬁxus-ester'SeeGiou

2088 2923 2183 2980 τοῦ
2217 2925 2500 2995 Παμφίλου
2552 2924 2828 2997 ’Δρειανοῦ
2875 2924 3134 2997 ἐξήγησις
3177 2930 3256 2991 εἰς
3301 2929 3427 2991 τοὺς
3464 2935 3507 2981 ν’
3528 2927 3667 2998 ψαλ-

2085 3017 2225 3086 ’μοὺς
2253 3013 2346 3068 τοῦ
2373 3013 2552 3077 Δαυῖδ,
2591 3015 2717 3078 τοὺς
2734 3015 2842 3068 ἀπὸ
2878 3021 2957 3068 να⁹
2993 3017 3098 3079 ἓως
3130 3023 3194 3087 ρ’,
3229 3018 3280 3072 id
3304 3026 3410 3084 est,
3453 3017 3668 3073 Eusebii

2089 3107 2360 3177 Pamphili
2387 3108 2578 3160 Ariani
2608 3108 2869 3176 expositio
2917 3108 2975 3161 in
3025 3110 3409 3179 quinquaginta
3426 3110 3667 3178 psalmos

2016 3201 2059 3259 C
2093 3197 2337 3263 Davidis,
2394 3213 2429 3250 α
2479 3198 2911 3269 quinquagesimo
2966 3201 3136 3267 prima
3178 3198 3247 3252 ad
3305 3201 3665 3257 centesimum.

2094 3289 2230 3345 Nam
2281 3290 2527 3360 plerique
2553 3304 2744 3345 omnes
2786 3288 2959 3345 Graeci
3002 3289 3319 3357 Eusebium,
3351 3309 3452 3349 nec
3479 3295 3670 3350 imme-

2093 3390 2328 3446 rentem,
2350 3395 2447 3451 pro
2468 3380 2672 3436 Ariano
2695 3382 2898 3452 passim
2924 3381 3252 3439 habuerunt.
3273 3383 3455 3441 Codex
3487 3394 3667 3441 autem

2093 3475 2185 3531 ille
2210 3481 2520 3544 temporum
2572 3473 2774 3544 injuria
2816 3473 3119 3543 postremis
3160 3474 3404 3545 quinque
3441 3476 3667 3545 psalmis

2088 3568 2358 3621 multatus
2415 3574 2533 3621 est.
2575 3581 2699 3622 nam
2741 3566 2796 3620 in
2841 3566 3253 3638 nonagesimum
3292 3567 3543 3638 quintum
3571 3567 3669 3622 de-

2094 3658 2247 3713 sinit.

2235 3793 2326 3845 lll.
2364 3796 2438 3847 De
2462 3798 2631 3847 calice
2656 3794 3021 3849 ColbertinO‘et
3047 3797 3112 3846 de
3145 3798 3332 3847 catenis
3349 3792 3545 3862 Regiis.

2163 3897 2368 3954 Caetera
2393 3918 2511 3971 quae
2530 3901 2857 3960 deﬁciebant
2886 3920 2953 3960 ex
2977 3904 3166 3959 codice
3187 3904 3506 3960 Colbertino
3535 3903 3663 3972 646,

2093 3989 2385 4044 admodum
2414 3994 2619 4046 recenti
2641 4002 2694 4048 et
2714 4010 2780 4049 ex
2800 3995 3012 4049 catenis
3036 3993 3228 4066 Regiis
3261 3995 3403 4050 1807
3422 4004 3477 4052 et
3503 3996 3663 4069 1878,

2093 4080 2352 4134 nonnulla
2398 4080 2525 4134 item
2566 4096 2634 4135 ex
2653 4090 2855 4137 'catena
2886 4081 3157 4146 Corderii,
3182 4084 3412 4138 mutuati
3439 4099 3665 4152 sumus;

2094 4180 2223 4225 sunt
2260 4176 2438 4224 autem
2468 4180 2678 4226 catena:
2705 4171 2809 4226 illae
2837 4186 2969 4227 mss.
2997 4172 3216 4242 optima:
3255 4179 3397 4226 notae
3420 4182 3473 4227 et
3498 4189 3531 4228 ι
3558 4188 3663 4228 sae-

2086 4261 2227 4319 'euli.
2262 4259 2447 4331 Neque
2473 4268 2654 4317 tamen
2704 4262 2756 4317 id
2788 4264 3050 4332 consequi
3101 4263 3374 4334 potuimus
3397 4272 3458 4319 ut
3487 4272 3663 4320 totum

2093 4353 2547 4407 commentarium
2579 4352 2645 4407 ad
2682 4353 2942 4408 ultimum
2983 4370 3158 4424 usque
3185 4355 3454 4424 psalmum
3490 4357 3547 4409 in
3581 4356 3665 4408 lu-

2094 4456 2211 4498 cem
2242 4441 2487 4512 proferre
2515 4442 2745 4499 liceret:
2777 4444 2832 4498 in
2863 4445 3013 4499 nullo
3053 4445 3198 4500 enim
3248 4460 3315 4501 ex
3349 4448 3664 4502 memoratis

2095 4534 2382 4590 codicibus
2436 4534 2581 4590 ultra
2643 4538 3003 4592 centesimum
3071 4538 3341 4593 decimum
3409 4548 3662 4596 octavum

404 4610 627 4682 quieris
676 4610 824 4667 illius
868 4615 1079 4683 copiam
1120 4614 1378 4672 facerent.
1414 4617 1666 4686 Mittitur,
1695 4622 1909 4687 evolvo,
1941 4633 1993 4678 et
2024 4625 2070 4684 ι)
2099 4624 2391 4695 psalmum,
2422 4625 2704 4696 quidpiam
2722 4626 2955 4683 offertur
2987 4626 3083 4698 (α).
3115 4627 3379 4698 Quodque
3407 4644 3504 4698 per
3531 4630 3662 4685 mihi

413 4705 604 4760 statim
638 4701 822 4758 fucum
838 4704 1056 4760 olfacio.
1086 4705 1223 4773 Quia
1253 4714 1398 4765 enim
1433 4710 1519 4767 bis
1552 4715 1987 4778 commentariis.

415 4807 485 4848 ex
514 4794 792 4849 variorum
827 4795 1370 4867 interpretationibus
1410 4804 1832 4869 consarcinatis,
1872 4801 1988 4860 vul-

404 4885 527 4955 *εειιὶ
556 4886 629 4940 illi
656 4886 877 4943 Eusebii
905 4903 1144 4945 canones
1166 4898 1323 4946 erant
1346 4894 1574 4964 praefixi,
1602 4896 1729 4952 hinc
1749 4898 1986 4955 Eusebio

415 4984 589 5032 totum
641 4978 949 5049 ascriptum
1001 4979 1200 5038 fuerat.
1245 4976 1377 5039 Pari
1428 4984 1595 5056 igitur
1636 5004 1725 5044 me
1767 4990 1984 5045 fortuna

413 5084 643 5124 usurum
668 5069 722 5124 iu
750 5069 953 5126 codice
981 5072 1109 5137 alio,
1143 5090 1307 5145 quem
1333 5078 1694 5135 recentiorem
1718 5080 1985 5150 praedica-

404 5159 568 5225 ‘bant,
597 5167 771 5225 ratus,
801 5158 1093 5217 consilium
1134 5163 1404 5222 intermisi
1442 5185 1456 5222 ε
1515 5182 1581 5224 ac
1613 5178 1674 5225 ut
1717 5171 1983 5244 principia

408 5266 536 5307 sese
564 5249 790 5318 dabant,
826 5254 894 5311 de
920 5256 1276 5312 restituendis
1307 5255 1526 5316 Eusebii
1573 5263 1984 5321 commentariis

412 5353 581 5413 prope
603 5340 1018 5416 ideSpondebam
1053 5349 1314 5406 animum.
1349 5348 1463 5406 Sub
1485 5351 1600 5407 haec
1629 5364 1755 5409 cum
1797 5355 1884 5409 vir
1913 5354 1979 5410 cl.
2012 5396 2015 5397 ν

413 5430 927 5497 Boivini'us,'Gra:ce
978 5438 1369 5510 peritissimus,
1405 5441 1542 5498 istac
1576 5443 1800 5499 haberet
1859 5447 1983 5510 iter,

412 5526 749 5581 renuntiavit
783 5544 890 5584 non
939 5546 1004 5586 ex
1060 5532 1229 5589 veriis
1275 5534 1658 5605 scriptoribus,
1705 5551 1885 5608 neque
1914 5554 1980 5594 ex

408 5616 623 5674 catenis
650 5620 962 5688 collectum,
995 5624 1087 5679 sed
1116 5638 1309 5678 verum
1345 5627 1795 5683 commentarium
1821 5630 1985 5685 isthic

488 5772 566 5839 ea)
614 5772 767 5858 Ha‘nc
814 5777 1069 5858 lacunam
1116 5779 1733 5858 supplevitcardinalis
1785 5785 1986 5858 Angela
2027 5786 2149 5846 Mai.

409 5844 633 5900 «imus.
667 5844 819 5901 Enn.
856 5847 1029 5907 Pun.
1114 5882 1121 5889 ο

2098 4715 2299 4769 mirum
2320 4716 2498 4772 visum
2524 4726 2628 4780 est,
2661 4726 2870 4775 catena:
2903 4719 3007 4775 illre
3030 4718 3210 4786 Regia:
3237 4737 3360 4790 qua:
3386 4737 3558 4794 usque
3597 4724 3665 4779 ad

2098 4806 2458 4862 centesimum
2488 4808 2758 4865 decimum
2794 4820 3045 4866 octavum
3082 4809 3351 4881 psalmum
3392 4813 3664 4887 interpre-

2102 4895 2406 4953 tationibus
2451 4897 2667 4955 Eusebii
2715 4910 2965 4967 utuntur,
2996 4905 3071 4955 ita
3114 4909 3183 4954 ut
3208 4903 3392 4959 nullus
3420 4914 3664 4962 veterum

2094 4994 2452 5066 interpretum
2471 4994 2612 5048 adeo
2642 4994 3016 5063 frequentatus
3043 5004 3318 5060 occurrat,
3351 4995 3406 5050 in
3429 4998 3667 5053 centesi-

2092 5100 2185 5141 mo
2214 5086 2425 5143 decimo
2455 5088 2652 5143 octavo
2684 5086 2893 5157 psalmo
2917 5085 2990 5140 ita
3025 5085 3195 5143 ifinem
3246 5087 3456 5145 faciunt
3488 5088 3663 5146 Euse-

2092 5175 2244 5233 bium
2295 5177 2352 5233 in
2382 5176 2622 5234 medium
2661 5175 2944 5241 afferendi,
2968 5184 3036 5231 ‘ut
3064 5192 3135 5234 ne
3184 5179 3410 5234 verbum
3439 5179 3658 5250 quidem

2092 5266 2325 5325 ulterius
2359 5259 2580 5324 Eusebii
2625 5277 2954 5339 compareat.

2092 5372 2174 5430 IV.
2201 5380 2355 5432 Grani
2384 5380 2600 5433 Eusebio
2623 5390 2675 5432 et
2695 5375 3072 5495 aliisfzgzipecta
3092 5385 3208 5437 fidei
3235 5386 3557 5451 scriptoribus
3583 5390 3664 5440 in-

2163 5540 2326 5602 Unde
2357 5538 2668 5617 conjectare
2690 5547 2836 5603 forte
2855 5548 3066 5604 liceata
3099 5551 3287 5608 multis
3305 5552 3418 5631 jam
3440 5554 3661 5610 saeculis

2093 5633 2314 5693 Eusebii
2371 5639 2797 5694 commentarios
2849 5640 2955 5696 hac
3016 5642 3318 5713 posteriore
3366 5646 3451 5701 sui
3507 5655 3661 5716 parte

2224 5785 2358 5871 Ejus,
2392 5792 2764 5860 praefationem
2820 5796 2926 5858 his.
2949 5796 3420 5868 praliminaribus
3457 5800 3643 5859 subne-
