4096 6402
455 394 517 446 l5
1118 387 1388 444 EUSEBH
1429 384 1911 443 C£SARIENSIS
1949 384 2027 440 ΟΡ

2143 383 2326 436 PARS
2366 383 2455 436 ιιι.
2495 413 2565 423 -
2605 380 3024 434 ΕΧΕΕΕΤΙΕᾹ.
3637 373 3700 423 Ι.)

449 513 730 560 truncatos
762 503 1112 556 librariorum
1143 503 1355 556 incuria
1402 500 1594 566 fuisse,
1636 502 1762 570 quia
1809 502 2019 556 scilicet

2130 500 2229 562 De);
2258 501 2589 570 ὲεραρμὸπεις
2619 499 2765 569 αὑτῷ
2795 500 2861 551 τὰ
2893 501 2958 551 δι’
2989 498 3109 551 ὅλω
3145 501 3237 551 τοῦ
3269 498 3483 568 ἦκα).μοῦ
3508 499 3697 568 δηλου-

449 598 744 666 scriptores
772 597 918 658 illos,
945 596 1040 666 qui
1091 596 1163 650 ob
1209 603 1528 652 temeratam
1565 593 1722 648 tidem
1759 595 1898 647 male
1928 609 2024 646 au-

448 688 692 752 diebant,
714 704 822 742 non
853 689 1086 742 libenter
1102 689 1494 742 exscriberent.
1517 687 1692 756 Atque
1716 686 1841 739 hinc
1862 686 2025 738 etiam

449 779 613 835 fuerit
639 780 785 849 quod
813 778 1090 849 Origeuis,
1124 780 1397 835 Theodori
1445 779 1798 838 HeracleotJe,
1823 776 2028 844 Apolli-

449 865 611 929 narii,
647 864 883 935 Didymi,
911 874 963 918 et
986 863 1261 918 Theodori
1287 862 1655 934 M0psuesteni
1688 869 2028 914 commenta-

450 959 516 1012 rii
543 959 598 1012 in
620 957 1120 1026 Psalmosjamdiu,
1153 957 1395 1024 exceptis
1427 957 1754 1009 Catenarum
1794 952 2025 1011 laciniis,

450 1066 670 1120 pessum
727 1050 906 1104 ierint.
938 1048 1002 1101 Hi
1053 1049 1256 1118 quippe
1307 1048 1626 1116 scriptores,
1663 1045 1874 1098 violatae
1906 1044 2026 1097 ﬁdei

454 1144 568 1197 sive
590 1142 690 1206 rei,
722 1141 836 1196 sive
863 1141 1125 1210 suspecti,
1157 1140 1293 1193 adeo
1324 1140 1504 1208 perosi
1532 1137 1736 1192 Graecis
1763 1145 1920 1190 erant
1941 1143 2029 1197 ,ut

453 1251 521 1291 ne
544 1249 739 1290 nomen
761 1233 982 1304 quidem
1012 1230 1318 1302 proferrent
1351 1233 1470 1285 sine
1501 1229 1836 1297 indignantis
1863 1226 2027 1279 animi

455 1325 875 1398 signiﬁcatione.
906 1324 1044 1377 Hinc
1077 1332 1162 1378 est
1191 1322 1339 1394 quod
1375 1323 1695 1392 plerumque
1737 1320 1791 1373 in
1827 1318 2031 1372 codici--

454 1423 556 1476 bus
583 1419 807 1481 Gracis,
843 1417 934 1472 ubi
981 1416 1267 1487 Origenes,
1292 1415 1585 1478 Eusebius,
1633 1410 2026 1483 Apollinarius,

453 1515 507 1566 in
556 1512 792 1568 medium
832 1510 1153 1576 all‘eruntur,
1190 1508 1257 1564 ad
1298 1509 1598 1579 marginem
1637 1507 1898 1576 scriptum
1934 1505 2030 1559 ob-

451 1620 660 1668 serves,
713 1603 905 1675 ψεύδῃ,
961 1602 1221 1665 mentiris.
1277 1600 1444 1655 Incidi
1491 1614 1591 1670 ego
1638 1601 1694 1654 in
1740 1604 2028 1653 centonem

449 1698 778 1754 Colbertinaa
822 1698 1165 1752 bibliotheca:
1203 1695 1658 1764 manuscriptum,
1694 1693 1787 1764 qui
1815 1691 1883 1746 ad
1913 1693 2030 1746 sin-

452 1789 577 1858 gula
613 1788 888 1859 Origenis,
923 1787 1166 1851 Eusebii,
1206 1785 1556 1856 Apollinarii,
1586 1792 1722 1851 etc.,
1743 1783 1883 1848 loca,
1915 1781 2031 1835 sine

451 1884 694 1954 gularem
719 1882 858 1935 hanc
897 1881 1228 1944 cautionem,
1255 1879 1423 1934 minio
1447 1885 1748 1939 exaratam,
1782 1875 1838 1928 in
1874 1888 2020 1927 mar-
2054 1861 2096 1915 Β

453 1975 577 2042 gine
602 1972 776 2035 aﬂert,
796 1971 1044 2042 ἀνάθεμά
1079 1988 1183 2034 σοι,
1209 1971 1491 2048 anathema
1517 1967 1631 2022 tibi.
1662 1964 2028 2032 Quamobrem

451 2067 622 2120 miror
647 2067 793 2120 hunc
840 2064 1063 2121 Eusebii
1113 2061 1572 2118 commentarium
1615 2056 1683 2112 ad
1731 2071 1830 2111 nos
1859 2070 2033 2124 usque

450 2155 736 2212 devenisse
763 2175 776 2210 :
804 2170 968 2224 quam
995 2155 1141 2208 enim
1169 2151 1413 2206 interitui
1442 2148 1724 2220 proximus
1756 2146 1922 2200 fuerit
1955 2145 2035 2198 in-

451 2249 601 2302 dicat
637 2248 890 2303 codicum
923 2247 1013 2299 illa
1053 2243 1325 2315 paucitas,
1350 2242 1446 2314 qui
1473 2241 1636 2295 etiam
1667 2253 1776 2293 non
1808 2251 2033 2308 prorsus

454 2343 725 2412 integrum
748 2339 1063 2395 exhibeant.

647 2431 708 2481 ν.
742 2429 942 2480 Catenae
966 2427 1345 2476 commentarios
1368 2421 1839 2486 pessumdederunt.

524 2533 638 2590 Nec
678 2547 789 2588 una
840 2546 904 2586 ea
960 2539 1042 2584 est
1083 2535 1249 2582 tanta:
1289 2527 1519 2596 jactura:
1567 2539 1732 2579 causa
1780 2542 1792 2576 :
1844 2537 2031 2576 verum

455 2627 678 2697 quando
709 2631 1028 2679 catenarum
1057 2635 1189 2676 usus
1219 2620 1273 2673 in
1313 2619 1499 2672 orbem
1532 2617 1780 2670 invectus
1805 2622 1910 2675 est,
1943 2614 2031 2664 illa

455 2719 816 2788 interpretum
844 2714 1080 2769 varietas
1105 2713 1177 2766 ita
1220 2711 1534 2766 Graecorum
1577 2706 1791 2761 animos
1817 2703 2030 2758 demul-

453 2811 545 2872 sit,
570 2817 630 2863 ut
664 2803 1087 2863 commentarios
1113 2803 1235 2858 illos
1264 2803 1458 2870 plenos
1481 2801 1832 2868 integrosque
1863 2793 2032 2864 negli-

454 2909 680 2973 gerent:
714 2898 860 2953 unde
895 2897 986 2949 vix
1031 2892 1315 2948 ferendum
1367 2891 1629 2944 damnum
1661 2902 1749 2941 res
1789 2901 1914 2938 cum
1941 2898 2030 2938 ec-

455 2990 769 3047 clesiastica
805 2998 920 3042 tum
952 2985 1219 3040 litteraria
1253 2984 1444 3040 subiit.
1480 2981 1614 3036 Nam
1644 2981 1679 3034 ii
1711 2990 2030 3035 catenarum

452 3082 795 3144 collectores,
822 3095 946 3134 cum
961 3086 1122 3150 gustu
1152 3086 1206 3133 et
1227 3075 1422 3148 peritia
1438 3088 1618 3129 rerum
1634 3087 1744 3127 non
1767 3072 2029 3132 valerent,

452 3173 638 3228 missis
653 3172 813 3241 vulgo
839 3171 928 3233 iis,
948 3186 1068 3240 quas
1089 3170 1170 3225 vel
1190 3167 1257 3222 ad
1286 3165 1574 3222 historiam
1596 3164 1680 3219 vel
1707 3162 1773 3216 ad
1791 3161 2031 3230 discipli-

2129 607 2283 658 μενα,
2303 590 2338 642 ἃ.
2367 591 2460 641 καὶ
2481 588 2632 640 αὐτοὶ
2665 588 2803 640 κατὰ
2833 589 2924 640 τὸν
2951 591 3149 640 οἰκεῖον
3184 589 3370 657 καιρὸν
3400 588 3703 657 ὲπιθεωρή-

2128 701 2312 755 σομεν,
2347 683 2381 736 i.
2407 698 2481 748 e.,
2509 682 2890 750 Consequenter
2927 683 2995 734 ad
3020 686 3127 736 licet:
3158 684 3256 751 ipsi
3285 683 3524 751 (Christo
3558 685 3699 739 sci'i-

2126 782 2234 844 cet)
2291 775 2563 844 coaptabis
2596 793 2657 827 ea
2685 793 2801 842 qua:
2834 778 2884 827 in
2930 786 3041 828 toto
3087 779 3293 844 psalmo
3336 777 3700 835 declarantur.

2127 884 2343 937 qittr'que
2372 885 2465 920 nos
2495 884 2590 921 suo
2623 878 2848 934 tempore
2907 866 3317 935 speculubimur.
3351 869 3549 922 Verum
3597 887 3703 922 non

2129 960 2515 1014 animadvertit
2558 961 2646 1013 ille
2695 960 2780 1012 hic
2815 961 2899 1029 agi
2931 960 2997 1013 de
3033 960 3240 1013 fusiore
3271 960 3516 1028 ejusdem
3554 965 3667 1028 psal
3691 992 3703 1001 -

2131 1053 2204 1106 mi
2260 1054 2888 1122 interpretatione,qn:c
2950 1053 3041 1105 lib.
3113 1069 3165 1104 ix
3224 1051 3704 1106 Demonstrationis

2129 1137 2685 1215 evangelicw'legitur.
2706 1162 2756 1213 p.
2786 1146 2911 1208 435,
2944 1147 3020 1213 (a)
3057 1144 3144 1197 ubi
3172 1144 3419 1212 pluribus
3436 1143 3708 1211 depugnat

2131 1237 2398 1291 Eusebius
2429 1245 2598 1291 totum
2629 1239 2894 1305 psalmum
2915 1237 2980 1290 ad
3010 1237 3212 1291 Christi
3237 1245 3358 1305 post
3374 1236 3705 1305 baptismum

2131 1331 2484 1385 tentationem
2531 1331 2821 1400 pertinere.
2861 1327 3013 1384 Unde
3042 1329 3177 1382 nihil
3212 1329 3299 1381 hic
3332 1327 3399 1383 de
3429 1344 3706 1382 commcn-

2128 1421 2289 1476 tariis
2321 1422 2374 1474 in
2399 1421 2679 1476 Psalmos:
2708 1436 2884 1490 neque
2903 1435 3134 1490 usquam
3171 1430 3302 1490 puto
3336 1419 3627 1473 Eusebium
3653 1420 3705 1471 in

2132 1515 2200 1569 iis
2220 1531 2342 1586 quze
2363 1514 2475 1584 jam
2529 1523 2823 1584 supersunt
2851 1515 3108 1584 operibus
3135 1529 3325 1566 eorum
3367 1513 3703 1571 meminisse,

2133 1614 2260 1675 puta
2292 1607 2419 1676 quia
2451 1622 2575 1660 cum
2613 1607 2713 1660 hos
2759 1606 3186 1660 commentarios
3240 1605 3533 1674 postremis
3579 1605 3703 1656 vita:

2133 1700 2292 1753 annis
2319 1700 2618 1763 adornarit,
2645 1699 2727 1753 vel
2759 1699 2910 1753 nulla
2939 1700 3018 1753 vel
3050 1715 3220 1769 pauca
3249 1699 3552 1754 secundum
3592 1699 3706 1753 haec

2132 1790 2318 1845 edidit.

2606 1859 2666 1910 Il.
2697 1861 3028 1922 Hieronymus
3052 1862 3217 1911 laudat

2203 1965 2304 2032 Qui
2361 1967 2511 2036 prior
2535 1968 2718 2036 itaque
2777 1967 2877 2022 hos
2913 1967 3338 2022 commentarios
3383 1965 3708 2020 memoravit

2134 2065 2217 2112 cst
2239 2055 2602 2128 Hieronymus
2641 2058 2693 2111 in
2736 2058 2878 2111 libro
2913 2058 2988 2112 De
3012 2059 3359 2128 scriptoribus
3389 2058 3707 2112 ecclesiasti-

2135 2147 2232 2210 cis,
2266 2147 2358 2202 ubi
2394 2147 2509 2201 hzec
2555 2147 2622 2202 de
2663 2147 2940 2202 Eusebio:
2998 2148 3254 2202 Eusebius
3310 2149 3571 2203 ϐάτεαι-ατ
3602 2147 3709 2201 Pa-

2136 2238 2359 2292 lwstinte
2402 2240 2700 2307 episcopus,
2731 2239 2787 2291 in
2828 2237 3116 2306 Scripturis
3142 2240 3335 2292 divinis
3379 2240 3708 2292 studiosissi-

2135 2346 2272 2392 mus,
2301 2338 2349 2382 et
2387 2349 2404 2379 ε
2447 2329 2788 2383 Bibliotheca
2817 2331 3009 2383 dicina:
3039 2349 3057 2381 ι
3097 2348 3214 2383 cum
3251 2330 3531 2398 Pamphilo
3563 2347 3708 2383 nar-

2137 2431 2248 2491 tyre
2279 2421 2716 2490 diligentissimus
2742 2425 3135 2492 pervcsligator,
3181 2423 3344 2476 edidit
3380 2424 3590 2490 inﬁnita
3621 2440 3709 2478 vo-

2137 2511 2358 2564 lumina.
2387 2510 2502 2564 Sub
2536 2512 2648 2565 haec
2681 2523 2858 2567 autem
2887 2514 3221 2568 enumeratis
3251 2515 3391 2576 aliis,
3431 2515 3544 2568 hinc
3568 2516 3709 2583 adji-

2134 2605 2247 2657 cit:
2287 2603 2352 2656 Et
2382 2605 2433 2656 in
2463 2619 2528 2657 CL
2576 2607 2809 2673 psalmos
2856 2606 3238 2658 eruditissimos
3276 2609 3705 2670 commentarios.

2132 2702 2181 2746 et
2211 2694 2378 2746 multa
2420 2695 2551 2749 alia.
2585 2693 2642 2746 In
2677 2696 2905 2764 epistola
2941 2704 3119 2748 autem
3179 2712 3276 2749 sua
3325 2696 3390 2749 ad
3451 2698 3711 2768 Augusti-

2132 2801 2288 2849 num,
2319 2786 2567 2854 quiejam
2597 2786 2651 2839 in
2681 2786 2840 2840 editis
2862 2786 3149 2857 Augustini
3172 2803 3309 2840 uxv
3339 2803 3569 2841 numero
3597 2800 3704 2847 est.

2132 2877 2261 2928 talia
2293 2875 2438 2929 fatur
2475 2896 2486 2930 :
2517 2876 2581 2930 In
2613 2878 2982 2945 explanatione
3016 2877 3375 2942 Psalmorum,
3399 2895 3526 2948 quos
3569 2879 3709 2947 apud

2135 2968 2346 3022 Cra'cos
2377 2969 2708 3038 interpretati
2739 2977 2859 3024 sunt
2893 2971 3071 3025 mults
3105 2971 3477 3032 columinibus.
3506 2975 3708 3041 primus

2137 3061 2406 3131 Origenes,
2471 3064 2732 3118 secundus
2790 3062 3047 3118 Eusebius
3101 3063 3470 3124 Ca'sariensis.
3524 3068 3708 3117 tertius

2137 3153 2447 3209 Theodorus
2480 3153 2839 3220 Heracleotes,
2862 3169 3084 3226 quartus
3109 3158 3346 3211 Asterius
3379 3158 3711 3229 Scythopolio

452 3279 602 3329 nam,
621 3265 704 3319 vel
719 3264 784 3317 ad
807 3263 1096 3318 lectionem
1129 3271 1373 3316 veterum
1409 3258 1769 3326 interpretum
1792 3254 2030 3324 pertine-
2058 3264 2103 3328 ε
2138 3255 2316 3312 unus.
2348 3252 2564 3320 quintus
2597 3249 2927 3319 Apollinaris
2959 3249 3306 3314 Laodicenus,
3343 3261 3518 3304 sextus
3544 3251 3710 3318 Didy-

453 3364 598 3422 rent,
655 3370 718 3410 ea
738 3356 913 3411 solum
938 3363 1350 3424 excerpserunt,
1381 3366 1502 3421 quae
1516 3350 1600 3404 sui
1623 3356 1815 3417 captus
1841 3354 2021 3404 erant.

829 3467 915 3519 Ἦ.
941 3469 1017 3518 De
1042 3463 1411 3528 praefationibus
1437 3459 1657 3512 Eusebii.

520 3579 876 3635 Priel‘ationes
914 3575 1018 3628 illae
1043 3571 1244 3626 Griecae
1273 3585 1394 3640 quae
1423 3565 1833 3624 commentariis
1882 3580 2021 3635 prte-

452 3676 745 3729 mittuntur
770 3686 837 3725 ex
863 3667 1053 3722 codice
1079 3664 1404 3719 Taurinensi
1434 3661 1724 3732 prodeunt,
1749 3659 2025 3714 similiter—

454 3782 560 3838 que
577 3769 896 3835 argumenta
923 3761 1275 3830 psalmorum,
1295 3759 1360 3810 ad
1389 3754 1814 3826 mystagogicum
1839 3752 2024 3819 cujus-

456 3876 561 3930 que
589 3857 782 3928 psalmi
819 3867 1040 3909 sensum
1083 3861 1141 3905 ut
1181 3850 1474 3921 plurimum
1522 3846 1866 3904 concinnata,
1903 3858 2025 3913 qum

456 3952 640 4006 omnia
669 3947 814 4003 haud
849 3946 1011 4000 dubie
1045 3945 1112 3999 ab
1144 3945 1262 4014 ipso
1285 3940 1517 3995 Eusebio
1565 3947 1692 3993 sunt
1735 3937 2019 3991 adornata.

454 4043 591 4098 Nam
623 4040 939 4096 Eusebianze
965 4037 1070 4091 illm
1100 4033 1447 4105 priel‘ationes
1490 4030 1657 4084 variis
1686 4037 2025 4083 commenta-

454 4139 657 4190 riorum
693 4133 831 4187 locis
864 4130 998 4184 adeo
1023 4128 1208 4182 afﬁnes
1235 4132 1386 4188 sunt,
1424 4131 1484 4177 ut
1515 4121 1760 4176 eamdem
1812 4119 2022 4172 utrobi-

452 4242 558 4298 que
590 4223 808 4280 Eusebii
833 4235 1055 4276 manum
1081 4217 1265 4274 statim
1304 4211 1702 4284 deprehendas.
1722 4209 2022 4279 Argumen-

451 4324 509 4369 ta
544 4330 672 4370 vero
704 4328 816 4367 non
863 4311 920 4364 in
944 4307 1269 4362 Taurinensi
1300 4303 1464 4358 modo
1497 4303 1704 4362 codice,
1737 4301 1828 4354 sed
1859 4300 2020 4354 etiam

455 4410 511 4462 in
539 4407 712 4476 prima
734 4410 927 4458 catena
960 4399 1148 4470 Regia,
1189 4412 1309 4467 quae
1336 4395 1530 4449 decimi
1555 4393 1736 4449 saeculi
1772 4399 1876 4454 est,
1916 4389 2022 4444 Eu-

457 4499 593 4555 sebii
622 4495 845 4552 nomine
875 4499 1212 4562 comparent.

1071 4601 1299 4658 CAPUT
1341 4601 1400 4657 ll.

455 4709 820 4754 COIIENTABII
857 4706 1062 4748 EUSEBlI
1110 4707 1160 4744 lt‘
1200 4704 1433 4743 PSALIOS
1475 4704 1505 4739 Α
1543 4701 1729 4749 QUIBUS
1765 4696 2017 4743 Αιιτιουιε

918 4776 1296 4818 δειιιρτυιιιιιυε
1334 4773 1588 4812 ιΑυυΑτι.

461 4885 507 4940 Ι.
558 4883 810 4936 Eusebius
845 4881 935 4934 hos
987 4876 1389 4945 commentarios
1426 4875 2020 4945 _nusqit_ant__memorat.

526 4953 610 5008 11.
655 4953 1003 5020 Hieronymus
1029 4943 1385 5020 laudaui!
1416 4939 1673 4995 Eusebius
1690 4939 2024 5020 l'erceite'nsis

524 5025 709 5078 Latine
738 5015 1030 5076 transtulit.
1059 5017 1161 5072 IV.
1190 5015 1540 5068 Theodoretus
1559 5026 1738 5063 eorum
1769 5015 2021 5059 meminit.

535 5096 598 5149 V.
641 5093 872 5164 Itemque
901 5089 1162 5144 Gelasius.

559 5205 596 5254 Ι.
624 5203 867 5254 Eusebius
886 5202 978 5250 hos
1000 5193 1376 5247 commentarios
1405 5202 1638 5252 nusquam
1669 5191 1926 5236 memorat.

522 5308 790 5380 Opinatur
829 5306 912 5358 vir
939 5304 1010 5356 cl.
1044 5297 1426 5353 Tillemontius
1461 5312 1518 5350 se
1559 5291 1932 5348 commentarii
1967 5291 2018 5343 in

454 5399 700 5456 Psalmos
730 5399 834 5454 sub
865 5398 977 5450 haec
1011 5391 1204 5447 edendi
1248 5399 1430 5442 notam
1479 5395 1534 5443 et
1579 5387 2020 5457 pollicitationem

457 5489 672 5546 Eusebii
691 5482 1114 5554 deprehendisse
1142 5481 1193 5534 in
1225 5478 1678 5534 Demonstratione
1702 5475 2017 5545 evangelica,

455 5580 549 5634 lib.
587 5594 641 5640 v,
673 5591 722 5629 c.
750 5575 840 5639 21,
873 5573 966 5627 ubi
996 5571 1062 5626 de
1091 5572 1303 5641 psalmo
1350 5569 1454 5635 Qui
1484 5568 1688 5621 habitat
1720 5567 1772 5620 in
1802 5564 2018 5632 adjuto—

451 5670 536 5723 rio
565 5665 846 5731 Altissimi,
893 5665 1140 5734 loquens,
1173 5663 1286 5716 ιιωο
1315 5661 1506 5714 habet:
1539 5659 1760 5721 Τούτοις
1797 5655 2021 5709 ἀκολού-

2127 3357 2244 3394 mus
2275 3341 2685 3397 Alexandrinus.
2709 3341 2975 3395 Feruntur
2995 3352 3043 3396 et
3073 3343 3398 3396 diversorum
3432 3343 3484 3395 in
3514 3359 3706 3410 paucos

2124 3435 2358 3500 psalmos
2415 3435 2711 3502 opuscula;
2742 3434 2830 3487 sed
2873 3451 3009 3488 nunc
3039 3435 3100 3487 de
3129 3437 3328 3506 integro
3372 3435 3706 3490 Psalmorum

2125 3543 2341 3595 corpore
2367 3527 2614 3582 dicimus.
2646 3529 2798 3596 Apud
2829 3527 3046 3582 Latinos
3093 3541 3266 3582 autem
3323 3529 3564 3582 Hilarius
3616 3529 3710 3582 Pi-

2124 3622 2427 3683 ctaviensis,
2455 3630 2504 3673 et
2561 3620 2814 3674 Eusebius
2853 3619 3188 3674 Vercellensis
3220 3622 3466 3689 episcopi,
3524 3620 3709 3690 Orige-

2127 3728 2243 3763 nem
2273 3723 2322 3763 et
2357 3709 2642 3763 Eusebium
2681 3711 3082 3763 transtulerunt.
3115 3711 3350 3777 Quorum
3402 3714 3626 3779 priorem
3656 3723 3706 3764 et

2126 3810 2304 3853 noster
2327 3801 2638 3854 Ambrosius
2680 3802 2732 3853 in
2767 3802 3080 3872 quibusdam
3124 3815 3332 3857 secutus
3362 3813 3459 3857 est.
3489 3803 3590 3857 [ω
3625 3805 3707 3857 in-

2127 3891 2342 3960 telligas
2375 3890 2445 3945 ab
2481 3890 2687 3944 llilarin
2723 3892 2973 3960 Origeuis
3007 3894 3437 3948 commentarios
3467 3896 3707 3947 transla-

2125 3994 2212 4040 tos
2241 4001 2382 4044 esse.
2416 3994 2473 4038 ut
2505 3987 2661 4040 habet
2689 3987 2827 4039 idem
2862 3985 3223 4056 Hieronymus
3253 4003 3375 4037 cum
3401 3986 3467 4040 de
3499 3985 3704 4039 Hilario

2125 4077 2268 4145 agit;
2302 4079 2368 4132 ab
2398 4077 2632 4132 Eusebio
2657 4087 2835 4131 autem
2869 4075 3199 4130 Vercellensi
3225 4077 3440 4146 gentilis
3474 4079 3556 4133 sui
3587 4078 3703 4133 Ctt-

2126 4172 2390 4224 sariensis
2418 4172 2844 4224 commentarios
2874 4168 3066 4222 Latine
3097 4170 3253 4224 datos
3281 4172 3468 4225 luisse.

2249 4262 2330 4312 lli.
2361 4260 2604 4310 Eusebius
2628 4263 2966 4309 Vercellensis
2987 4274 3075 4309 eos
3109 4261 3277 4311 Latine
3307 4265 3578 4312 transtullt.

2197 4364 2468 4420 Eusebius
2512 4365 2694 4432 itaque
2726 4361 3087 4418 Vercellensis
3130 4365 3228 4420 bos
3280 4367 3702 4421 commentarios

2125 4457 2318 4511 Latine
2343 4457 2646 4516 transtulit,
2675 4464 2732 4508 ut
2757 4456 2884 4508 alibi
2919 4467 3100 4510 narrat
3132 4458 3272 4512 idern
3294 4456 3656 4530 Hieronymus
3684 4479 3695 4512 :

2133 4549 2333 4612 Edidit,
2388 4547 2586 4616 inquit,
2619 4548 2705 4601 ille
2740 4550 2790 4601 in
2850 4549 3088 4603 Psalmos
3147 4552 3554 4605 commentarios
3588 4549 3701 4602 Eu-

2127 4640 2254 4693 sebii
2295 4639 2660 4702 (Ia’sariensis,
2696 4659 2824 4711 quos
2881 4642 2943 4694 de
2983 4643 3163 4698 (ἰητεο
3207 4647 3261 4698 in
3305 4644 3553 4696 Latinum
3588 4663 3702 4697 cer-

2130 4742 2284 4787 terat.
2313 4732 2450 4798 Quia
2493 4749 2622 4787 vero
2655 4733 2707 4786 hi
2749 4738 3126 4789 commentarii
3184 4737 3466 4791 erroribus
3514 4754 3700 4807 asper-

2131 4839 2245 4877 sam
2303 4825 2370 4878 de
2411 4822 2547 4877 Filio
2583 4823 2673 4878 Dei
2723 4827 3050 4879 sententiam
3105 4830 3307 4897 passim
3360 4829 3696 4898 przeferrent,

2131 4932 2193 4968 ea
2262 4917 2524 4985 expunxit
2592 4915 2951 4972 Vercellensis
3013 4937 3132 4988 quae
3198 4921 3454 4974 Arianam
3528 4922 3700 4975 luere-

2132 5007 2234 5061 sim
2304 5018 2588 5077 saperent,
2654 5008 2843 5061 eodem
2914 5017 3049 5062 teste
3121 5009 3450 5080 Hieronymo
3496 5010 3696 5066 Contra

2134 5097 2500 5166 Vigilantiam.
2536 5097 2592 5150 Si
2626 5100 2805 5168 igitur,
2839 5100 2932 5166 ait,
2973 5118 3088 5170 qua!
3125 5101 3258 5153 bona
3279 5113 3398 5156 sunt
3423 5103 3694 5167 transtuli,

2127 5198 2176 5242 et
2207 5189 2348 5241 mala
2380 5189 2457 5242 vel
2489 5192 2682 5257 aptari,
2719 5192 2794 5244 rel
2837 5192 3061 5252 correxi,
3095 5192 3170 5245 rel
3204 5195 3364 5256 tacui,
3397 5197 3696 5264 arguendus

2127 5297 2265 5340 sum,
2291 5297 2384 5333 cur
2409 5297 2500 5349 per
2527 5298 2606 5334 me
2642 5280 2820 5334 Latini
2849 5282 2982 5335 bona
3024 5282 3136 5349 ejus
3171 5283 3417 5350 habeant,
3464 5298 3512 5338 et
3551 5288 3696 5340 mala

2126 5375 2404 5444 ignorent?
2434 5373 2522 5428 Sic
2550 5375 2644 5427 hoc
2670 5376 2864 5428 crimen
2903 5383 3010 5439 est,
3057 5388 3312 5446 arguatur
3350 5387 3398 5430 et
3431 5380 3698 5447 confessor

2128 5466 2392 5529 Hilarius,
2425 5467 2514 5534 qui
2549 5463 2888 5519 Psalmorum
2933 5469 3408 5534 interpretationem
3437 5481 3485 5522 et
3520 5470 3695 5524 homi-

2125 5562 2226 5614 lias
2255 5565 2304 5613 in
2335 5559 2435 5612 Job
2463 5577 2528 5613 ex
2569 5559 2719 5614 libris
2753 5560 2887 5628 ejus,
2933 5561 2988 5613 id
3029 5573 3124 5625 est,
3154 5578 3218 5615 ea:
3245 5561 3425 5616 Cratco
3453 5565 3504 5616 in
3547 5562 3698 5616 Lati-

2124 5670 2247 5704 num
2279 5652 2589 5713 transtulit;
2643 5653 2712 5704 sit
2761 5653 2812 5704 in
2865 5651 3017 5719 culpa
3071 5651 3303 5720 ejusdem
3350 5652 3694 5718 confessionis

528 5764 604 5836 (α)
632 5761 751 5828 Hic,
776 5772 829 5818 et
852 5760 995 5818 mira
1024 5776 1130 5814 non
1158 5758 1347 5820 semel,
1377 5764 1665 5836 revocatur
1698 5755 1872 5835 lector
1900 5753 1964 5806 ad
1995 5764 2255 5836 ultimm-os
2305 5748 2607 5836 cras‘si‘n'res
2634 5744 2774 5836 qui"
2803 5745 3065 5836 librorum
3119 5745 3593 5800 Demonstrationis
3639 5752 3697 5797 et

459 5817 877 5900 Pricparat'ion's
904 5834 1071 5887 textui
1103 5817 1422 5886 inseruntur
1451 5827 1771 5896 I‘utroloyia'
1798 5823 2216 5877 nostr-.eGrrci-a:
2245 5831 2373 5871 tom.
2410 5817 2524 5870 ΧΧΙ
2553 5827 2606 5871 ct
2645 5817 2799 5871 XXII.
2828 5818 2979 5870 lion.
