4096 6398
385 339 451 391 ιἹ
1162 336 1668 395 COMMENTARIA
1709 337 1774 391 ΙΝ
1817 337 2156 396 PSALMOS.
2200 372 2268 381 -—
2306 338 2889 413 PRJELIMINAR'A._
3578 339 3643 392 18

390 452 748 519 Vereellensis,
775 457 866 526 qui
891 456 1127 512 omnium
1166 454 1509 511 Psalmorum
1548 460 1957 513 commentarios
1987 479 2031 535 Α
2063 462 2223 534 vulgo
2254 462 2308 516 in
2341 463 2658 517 recensione
2690 476 2856 531 opera
2888 475 2997 515 non
3049 474 3221 532 pauca
3251 458 3367 532 ipse
3396 456 3478 514 vel
3509 473 3642 513 con—

376 545 606 600 lueretici
642 547 869 603 hominis
916 550 1067 604 vertit
1113 548 1169 602 iu
1220 558 1457 602 nostrum
1487 549 1786 620 eloquium;
1835 552 1955 606 licet

376 637 625 693 heretica
656 642 1081 707 praetermittens,
1104 641 1308 711 optima
1331 657 1547 711 quceque
1592 644 1951 699 transtulerit.

377 729 503 786 Haec
543 746 712 801 porro
740 731 960 789 Eusebii
997 732 1357 789 Vercellensis
1390 734 1769 805 interpretatio
1812 737 1953 807 jam-

376 820 468 876 diu
504 821 712 877 interiit
741 842 754 879 :
785 838 888 879 nec
918 823 1139 879 memini
1172 839 1258 879 me
1287 824 1503 893 uspiam
1532 824 1654 893 ejus
1684 827 1770 880 vel
1801 826 1955 882 codi-

374 928 488 979 ces,
523 915 609 969 vel
636 913 937 986 fragmenta
969 923 1268 971 memorata
1295 916 1740 986 deprehendisse.

708 1027 791 1077 IV.
814 1028 1161 1078 Theodoretus
1183 1041 1355 1078 eorum
1380 1026 1624 1078 meminit.

446 1130 843 1197 Theodoretus,
876 1149 982 1187 non
1007 1134 1227 1203 quidem
1257 1144 1314 1187 ut
1337 1134 1497 1189 hodie
1518 1136 1573 1188 in
1615 1134 1952 1189 Psalmorum

376 1222 809 1294 Erpositionibus
846 1226 1062 1292 legitur,
1100 1242 1219 1296 quae
1268 1227 1468 1296 passim
1512 1236 1775 1282 truncatas
1812 1236 1866 1281 et
1898 1229 1952 1284 in

373 1318 754 1386 compendium
811 1319 1045 1373 redacta:
1098 1326 1258 1382 sunt,
1300 1327 1354 1374 et
1407 1319 1646 1390 quidem,
1682 1330 1739 1374 ut
1767 1323 1954 1391 conje—

374 1416 524 1463 ctare
557 1409 718 1471 licet,
767 1427 797 1463 a
831 1410 1095 1467 Graeculis
1125 1421 1440 1467 catenarum
1473 1414 1818 1478 auctoribus;
1856 1415 1952 1469 sed

375 1509 434 1552 ut
472 1499 540 1552 ab
589 1499 798 1571 Ageliio
853 1503 1142 1570 laudatur,
1196 1520 1249 1574 p.
1299 1503 1437 1568 486,
1489 1506 1544 1559 in
1596 1506 1709 1560 haec
1759 1507 1952 1576 psalmi

374 1607 620 1647 Lxxxvut
650 1593 809 1649 verba
834 1613 847 1649 :
884 1594 960 1648 Tu
982 1612 1099 1650 vero
1128 1597 1370 1665 repulisti
1386 1597 1750 1667 etdespexisti,
1777 1598 1951 1651 distu-

370 1681 486 1736 listi
514 1682 784 1740 Christum
815 1698 962 1743 tuum
988 1705 1005 1741 :
1034 1691 1267 1743 rvertisti
1302 1699 1667 1746 testamentum
1694 1692 1826 1746 servi
1853 1691 1948 1756 tui,

370 1775 672 1844 profanasti
719 1780 774 1833 in
820 1788 960 1834 terra
990 1783 1356 1835 sanctuarium
1387 1783 1537 1853 ejus,
1578 1783 1695 1837 haec
1742 1783 1946 1839 habet:

369 1867 630 1936 Εὐσέϐιος
664 1871 722 1925 δὲ
756 1874 837 1938 εἰς
862 1874 923 1927 τὸ
962 1873 1134 1939 πάθος
1164 1875 1257 1929 τοῦ
1284 1875 1519 1946 Χριστοῦ
1554 1876 1724 1929 ταῦτα
1757 1893 1949 1947 πειρα-

370 1961 486 2026 θεὶς
531 1962 738 2026 λαϐεῖν,
788 1965 912 2019 οὔτε
955 1965 1216 2020 διασῶσαι
1260 1968 1351 2020 τὸν
1396 1968 1586 2040 εἱρμὸν
1630 1968 1733 2039 τῆς
1776 1969 1950 2042 ἑρμη-

368 2051 515 2117 νείας
544 2054 804 2127 ἠδυνήθη,
852 2056 973 2110 οὔτε
1017 2058 1329 2129 δυσφημίας
1375 2059 1649 2123 παντελῶς
1702 2061 1947 2114 ἀπαλλα-

368 2146 560 2218 γῆναι,
604 2148 656 2201 id
682 2156 785 2215 est,
822 2148 1080 2204 Eusebius
1125 2160 1337 2216 autem,
1399 2169 1515 2205 cum
1568 2152 1677 2206 lucc
1729 2153 1791 2204 de
1832 2167 1951 2221 pas-

364 2238 513 2291 sione
544 2237 746 2294 Christi
770 2241 1036 2309 explicare
1065 2244 1340 2296 teutaverit
1362 2284 1376 2305 ,
1409 2260 1569 2313 neque
1593 2244 1783 2297 seriem
1816 2262 1944 2298 nar-

366 2331 590 2384 rationis
628 2347 869 2398 servare,
932 2350 1095 2403 neque
1136 2332 1461 2402 blasphemia
1503 2336 1709 2403 penitus
1754 2352 1948 2391 vacuus

363 2436 477 2474 esse
520 2423 715 2491 patuit.
764 2422 917 2478 Hanc
956 2431 1136 2479 autem
1171 2424 1392 2481 Eusebii
1442 2426 1947 2497 interpretationem

363 2509 642 2570 itisissime
662 2524 969 2570 enarratum
1001 2516 1192 2584 babes,
1231 2519 1370 2588 psal.
1402 2534 1667 2574 Lxxxvm.
1700 2520 1783 2573 An
1818 2535 1949 2576 vero

364 2601 453 2656 hic
482 2596 719 2659 Eusebio
758 2605 1053 2676 impietatis
1085 2619 1215 2664 nota
1258 2610 1384 2679 jure
1419 2611 1704 2677 inuratur,
1743 2628 1946 2680 necne,

361 2694 668 2763 expendere
711 2696 904 2752 inutile
932 2697 1135 2767 fuerit;
1174 2716 1299 2755 cum
1331 2703 1448 2771 ipse
1471 2710 1751 2759 temeratm
1778 2704 1949 2759 divini

367 2780 525 2839 Verbi
556 2787 820 2841 doctrina:
849 2796 1035 2843 notam
1072 2790 1124 2844 in
1180 2792 1303 2848 aliis
1346 2794 1518 2850 multo
1547 2795 1806 2866 liquidius
1863 2797 1949 2850 in-

364 2883 570 2940 currat,
607 2883 667 2928 ut
689 2892 790 2931 suo
823 2878 943 2932 loco
977 2880 1378 2949 comprobatur.
1442 2922 1453 2932 .

782 2988 840 3037 ν.
888 2989 1114 3040 Gelasius
1153 3004 1242 3040 eos
1264 3000 1521 3043 memorat.

432 3108 682 3167 Gelasius
707 3113 775 3168 de
803 3113 1017 3169 duabus
1042 3117 1254 3173 naturis
1299 3117 1355 3171 in
1383 3118 1622 3183 Christo,
1656 3120 1798 3175 inter
1846 3119 1948 3174 Pa-

360 3212 503 3257 trum
557 3205 913 3271 testimonia,
968 3206 1192 3265 Eusebii
1245 3210 1604 3270 Caesariensis
1654 3214 1833 3270 locum
1888 3213 1943 3269 in

360 3297 631 3364 psalmum
664 3298 939 3356 decimum
965 3304 1256 3373 septimum
1295 3304 1473 3368 aﬂert,
1508 3307 1602 3378 qui
1639 3309 1719 3363 sic
1749 3308 1937 3364 habet:

358 3387 502 3444 Deus
520 3390 612 3460 qui
630 3391 901 3446 inclinavit
922 3395 1078 3449 σιειοδ
1116 3404 1167 3450 et
1201 3396 1503 3465 descendit,
1553 3401 1838 3456 ascendens
1888 3403 1945 3456 in

354 3475 620 3532 hominem
639 3495 790 3550 quem
816 3486 1126 3553 assumpsit,
1147 3503 1298 3555 quem
1326 3505 1462 3543 nunc
1484 3490 1750 3545 cherubim
1770 3509 1943 3548 sermo

359 3569 617 3633 nominat,
637 3570 859 3624 evolavit
886 3588 1006 3626 cum
1049 3591 1130 3642 eo,
1154 3592 1433 3632 ascensum
1481 3580 1683 3648 faciens
1713 3598 1830 3636 cum
1860 3583 1943 3637 di-

358 3658 491 3713 uinis
522 3699 537 3723 ,
589 3662 994 3730 spiritualibus,
1045 3666 1444 3738 obsequentibus
1499 3672 1602 3726 sibi
1648 3689 1940 3743 pennarum

359 3752 543 3818 ventis,
572 3752 701 3821 ipsis
722 3756 884 3808 etiam
925 3758 1227 3826 appellatis.
1276 3756 1381 3816 Ubi
1433 3765 1785 3833 paucioribus
1815 3783 1942 3824 sen-

357 3839 583 3893 tentiam
633 3842 924 3910 exprimit,
974 3860 1137 3914 quam
1174 3846 1373 3902 ibidem
1411 3850 1480 3903 ab
1506 3849 1740 3906 Eusebio
1767 3868 1942 3909 enun-

354 3930 524 3984 tiatur
541 3974 557 3999 ,
581 3933 684 3987 etsi
714 3934 902 3991 eadem
932 3951 1160 4006 prorsus
1176 3945 1355 3994 mente
1373 3946 1425 3994 et
1447 3940 1893 4010 interpretatione
1923 3965 1935 4000 :

355 4036 481 4076 nam
520 4020 792 4081 Eusebius
822 4025 1022 4084 ibidem
1067 4028 1426 4085 cherubinum
1459 4030 1611 4087 illum
1642 4034 1696 4087 in
1727 4036 1940 4104 psalmo

354 4123 757 4182 memoratum,
820 4135 927 4191 pro-
973 4120 1327 4177 humanitate
1371 4121 1576 4179 Christi
1629 4125 1811 4182 habet.
1871 4126 1939 4181 Et

352 4205 516 4276 paulo
544 4215 671 4277 post
701 4208 843 4265 idem
872 4209 1127 4268 Gelasius
1180 4228 1247 4269 ex
1295 4214 1495 4271 eodem.
1542 4219 1946 4274 commentario

354 4298 470 4361 haec
496 4299 693 4356 aﬂ'ert:
726 4299 787 4357 Si
807 4319 925 4359 vero
958 4303 1230 4374 jurantem
1269 4323 1388 4361 eum
1417 4306 1651 4363 audieris
1684 4325 1776 4379 per
1811 4327 1938 4366 san-

352 4402 494 4448 ctum
521 4402 570 4448 et
597 4393 813 4450 Patrem
839 4414 1015 4462 suum,
1045 4398 1179 4453 audi
1192 4400 1466 4468 jurantem
1490 4417 1581 4469 per
1608 4401 1775 4457 Deum
1805 4402 1935 4458 Ver-

2059 558 2204 609 sulto
2231 555 2430 623 mittit;
2467 565 2581 610 tum
2610 556 2737 626 quia
2764 596 2779 618 ,
2837 556 2915 609 uti
2948 569 3116 625 supra
3148 554 3352 608 dictum
3399 559 3485 607 est
3513 591 3529 615 ,
3570 565 3639 605 ex

2057 655 2374 703 catenarum
2406 664 2509 704 usu
2545 649 2683 704 bene
2712 649 2885 703 multa
2940 649 2995 702 in
3039 644 3381 715 Scripturam
3424 657 3641 700 sacram

2057 741 2451 795 commentaria
2482 756 2619 811 pene
2648 740 3050 796 obsoleverant.
3088 736 3328 807 indeque
3347 735 3487 791 forte
3516 733 3642 788 fue-

2056 833 2128 887 rit
2155 832 2303 903 quod
2331 840 2440 885 tam
2486 832 2805 902 infrequens
2868 831 3012 903 apud
3067 830 3367 900 scriptores
3419 825 3641 882 Graecos

2058 922 2254 977 horum
2286 922 2490 978 mentio
2517 931 2791 977 occurrat.

2660 1030 2890 1087 CAPUT
2948 1030 3036 1085 Ill.
3633 1089 3636 1092 ,

2055 1140 2210 1180 NOTAE
2248 1142 2531 1182 EUSEBIANI
2572 1142 2725 1182 STYLI
2765 1141 2833 1179 ΕΤ
2865 1141 2968 1179 ενι
3001 1140 3052 1178 Ill
3090 1140 3176 1178 IIIS
3216 1137 3634 1177 COIIENTARIIS.

2059 1240 2109 1296 Ι.
2151 1240 2226 1296 Hi
2262 1242 2842 1310 commentarii'aperte
2894 1239 3111 1310 Eusebii
3159 1247 3302 1310 sunt.
3341 1236 3493 1310 II_._¢_
3534 1235 3638 1310 De-

2127 1314 2499 1384 monstratiuni
2536 1307 2852 1384 euangelica:
2888 1330 2907 1364 ι
2953 1309 3093 1384 style
3133 1308 3352 1384 similes.
3393 1307 3513 1362 111.
3559 1307 3639 1362 De

2123 1383 2261 1453 stylo
2300 1382 2535 1438 Eusebii.
2567 1381 2596 1437 I
2611 1380 2686 1438 νζ
2716 1380 3397 1453 Maximinicarniﬁginam
3425 1386 3483 1433 ut
3509 1394 3638 1453 acu—

2125 1448 2265 1508 latus
2304 1459 2449 1508 testis
2489 1462 2743 1508 memorat
2794 1451 3069 1507 Eusebius.
3124 1448 3194 1507 ν(
3221 1448 3455 1508 Itemque
3498 1449 3636 1503 aliu-

2124 1539 2243 1576 rum
2293 1524 2586 1579 Christiani
2637 1522 2865 1577 nominis
2915 1522 3168 1576 hostium.
3223 1518 3462 1579 VLQuo
3505 1529 3631 1573 tem-

2123 1609 2248 1663 pore
2273 1596 2366 1649 hos
2392 1593 2798 1649 commentarios
2827 1593 3071 1647 ediderit.

2305 1705 2345 1755 l.
2371 1705 2436 1756 Hi
2455 1703 2801 1757 Commentarii
2824 1710 2997 1767 aperte
3028 1701 3227 1753 Eusebii
3251 1707 3384 1752 sunt.

2125 1809 2169 1863 Α
2200 1808 2312 1865 Deo
2336 1810 2626 1865 manifesta
2654 1817 2707 1865 et
2747 1824 2844 1878 per
2877 1823 2936 1863 se
2966 1808 3115 1861 clara
3145 1822 3233 1861 res
3265 1812 3369 1865 est,
3395 1804 3496 1860 hos
3551 1803 3634 1874 ip-

2051 1903 2299 1959 sissimos
2330 1919 2452 1959 esse
2480 1902 2696 1958 Eusebii
2714 1898 3067 1957 Caesariensis
3089 1898 3530 1960 commentarios,
3572 1903 3633 1951 ut

2053 2011 2118 2049 ne
2156 1994 2239 2050 vel
2277 1995 2563 2049 minimum
2593 1992 2745 2049 dubii
2774 1992 3007 2047 eruditis
3027 1997 3081 2045 et
3113 1990 3404 2060 sagacibus
3438 1989 3631 2043 adver-

2052 2103 2172 2141 sum
2228 2087 2469 2142 suboriri
2523 2085 2716 2156 possit.
2782 2080 2983 2138 Verum
3035 2082 3163 2153 quia
3214 2081 3319 2136 hoc
3369 2094 3485 2135 aevo
3518 2094 3632 2135 non

2051 2181 2231 2253 pauci,
2266 2188 2325 2236 ut
2354 2179 2673 2236 criticorum
2723 2192 2922 2232 nomen
2969 2176 3074 2232 sibi
3105 2175 3344 2246 pariant,
3376 2174 3444 2229 de
3472 2172 3629 2229 libris

2051 2288 2189 2343 quos
2228 2287 2299 2327 ne
2345 2271 2428 2327 vel
2461 2268 2793 2339 primoribus
2822 2266 3041 2339 quidem
3074 2266 3244 2321 labris
3293 2267 3626 2336 attigerunt,

2052 2363 2377 2421 sententiam
2408 2362 2551 2417 ferre
2589 2359 2726 2415 nihil
2759 2367 3054 2414 verentur:
3098 2366 3151 2412 et
3182 2357 3358 2428 primo
3395 2373 3631 2428 conspe-

2050 2463 2140 2510 ctu
2178 2455 2251 2509 ita
2286 2455 2640 2526 pronuntiant
2673 2469 2686 2504 :
2731 2453 2849 2506 Non
2878 2450 3021 2520 sapit
3072 2452 3272 2522 stylum
3305 2450 3627 2521 scriptoris,

2051 2547 2332 2616 indignum
2365 2553 2592 2601 auctore
2622 2553 2813 2612 tanto;
2860 2560 2923 2599 ac
2948 2545 3271 2616 plerumque
3310 2543 3366 2598 in
3416 2550 3626 2614 partem

2051 2637 2284 2709 negandi
2313 2637 2670 2709 procliviores
2711 2646 2859 2700 sunt,
2893 2638 3022 2692 hinc
3059 2637 3164 2693 sibi
3190 2645 3515 2691 nasutorum
3549 2634 3630 2689 la-

2050 2745 2194 2784 mam
2217 2728 2609 2784 conciliaturos
2631 2744 2756 2784 esse
2794 2730 2936 2793 rati,
2983 2729 3188 2800 quibus
3214 2743 3323 2783 non
3363 2727 3524 2783 facile
3556 2729 3628 2782 sit

2049 2820 2213 2875 verba
2252 2819 2419 2887 dare;
2450 2819 2574 2875 ideo
2603 2819 2764 2875 nobis
2793 2818 3000 2891 aliquid
3028 2820 3096 2874 de
3124 2817 3435 2874 EuSebiano
3487 2819 3628 2890 style

2048 2913 2135 2969 his
2166 2914 2223 2968 in
2249 2912 2664 2968 commentariis
2706 2911 3028 2982 conspicuo,
3062 2911 3237 2981 deque
3289 2909 3627 2967 manifestis-

2048 3005 2203 3062 simis
2236 3004 2437 3060 ibidem
2469 3002 2763 3060 Euscbiani
2795 3003 2895 3058 aevi
2943 3003 3121 3068 notis,
3152 3002 3457 3058 edisserere
3505 3003 3630 3057 alti-

2046 3112 2172 3154 ωας
2198 3104 2302 3153 est.

2228 3188 2292 3239 ll.
2317 3189 2737 3239 Demonstrationi
2768 3186 3072 3250 evangelica
3091 3187 3223 3248 style
3237 3188 3448 3241 similes.

2115 3295 2261 3351 Nulli
2290 3311 2355 3351 ex
2382 3294 2602 3353 Eusebii
2630 3295 2888 3366 operibus
2924 3294 2996 3349 ita
3027 3294 3209 3350 afﬁnis
3248 3294 3444 3349 borum
3474 3308 3627 3348 com-

2046 3389 2439 3444 mentariorum
2490 3388 2666 3459 stylus
2699 3395 2804 3451 est,
2836 3397 2896 3442 ut
2924 3388 3236 3459 evangelica:
3278 3385 3621 3440 Demonstra-

2046 3482 2177 3537 tioni
2205 3497 2224 3536 :
2269 3497 2378 3536 non
2413 3483 2576 3537 modo
2602 3483 2746 3538 enim
2776 3481 3046 3538 dictiones
3087 3490 3142 3536 et
3178 3478 3451 3534 tractandi
3486 3479 3626 3532 ratio

2043 3582 2382 3641 consonant,
2431 3573 2526 3629 sed
2563 3574 2724 3629 etiam
2757 3571 3163 3643 Scripturarum
3216 3569 3625 3641 interpretatio--

2043 3682 2164 3731 nes,
2191 3667 2459 3722 sententia
2510 3681 2744 3736 semper,
2769 3665 2948 3720 verbis
2977 3680 3086 3720 non
3120 3662 3497 3734 infrequenter
3549 3663 3624 3718 si-

2044 3760 2201 3816 miles
2257 3765 2405 3814 sunt.
2463 3758 2524 3813 ln
2572 3758 3033 3814 Demonstratione
3091 3755 3222 3811 item
3271 3753 3571 3826 evangelica
3605 3794 3620 3819 ,

2042 3848 2269 3921 perinde
2297 3858 2462 3919 atque
2491 3850 2545 3903 in
2581 3849 2684 3905 hoc
2707 3847 3103 3904 commentario
3135 3845 3339 3916 passim
3376 3842 3624 3900 oﬂ‘endas

2042 3944 2098 3997 in
2152 3939 2309 4003 illud,
2339 3940 2556 4010 νοήσεις
2596 3941 2936 4011 ἐπιστήσας,
2983 3937 3237 4009 intelliges
3289 3938 3335 3992 si
3383 3936 3622 3990 animum

2041 4031 2382 4094 adhibueris,
2429 4032 2592 4101 inque
2642 4040 2929 4088 sescentas
2974 4033 3110 4086 alias
3147 4028 3364 4085 dicendi
3414 4028 3623 4085 formu-

2040 4126 2161 4189 las,
2249 4125 2407 4195 queis
2467 4124 2740 4180 sermonis
2819 4124 2891 4179 ab
2949 4124 3058 4179 alio
3120 4123 3188 4178 ad
3240 4122 3389 4178 aliud
3446 4123 3621 4180 series

2038 4217 2411 4275 transfertur:
2456 4231 2620 4273 voces
2666 4215 2903 4273 Eusebio
2961 4216 3353 4286 frequentatas,
3387 4214 3623 4285 aliisque

2039 4309 2403 4381 scriptoribus
2427 4307 2612 4365 minus
2637 4308 2906 4379 usitatas,
2946 4307 3004 4363 in
3038 4315 3271 4379 utroque
3303 4321 3469 4377 opere
3509 4306 3620 4361 ritu

2038 4403 2158 4476 pari
2183 4401 2460 4458 adhibitae
2478 4399 2854 4472 deprehendas
2879 4418 2894 4457 :
2924 4399 3320 4472 explicationes
3353 4398 3422 4454 de
3455 4396 3618 4454 Verbi

353 4485 497 4551 bum,
521 4485 661 4558 quod
682 4488 922 4544 omnibus
949 4492 1159 4547 circulis
1187 4495 1508 4562 prwexsistit
1536 4535 1552 4558 ,
1597 4505 1841 4550 sanctum
1883 4508 1934 4553 et
1965 4512 2010 4568 ι)
2039 4493 2348 4551 substantia
2375 4501 2431 4549 et
2457 4493 2662 4549 deitate
2695 4492 2769 4547 ita
2813 4490 3152 4556 consimiles,
3187 4498 3248 4545 ut
3275 4490 3422 4545 illico
3453 4504 3617 4544 unam

353 4579 684 4648 unigenitum
711 4578 826 4648 ejus
849 4577 1093 4645 Filium,
1145 4599 1297 4655 quem
1348 4584 1513 4639 Deum
1561 4587 1704 4641 varie
1745 4588 1934 4644 locuta:

352 4678 474 4724 sunt
497 4669 698 4724 dudum
723 4689 755 4725 a
775 4671 926 4726 nobis
945 4674 1230 4743 propositae
1250 4690 1396 4730 voces
1420 4691 1439 4729 :
1469 4690 1561 4745 per
1580 4693 1740 4748 quem
1774 4678 1933 4747 jurat

351 4759 491 4814 Deus
515 4771 566 4815 et
590 4761 750 4817 Pater
771 4763 884 4834 ejus
908 4773 1160 4836 tauquam
1178 4764 1428 4821 dilectum
1454 4784 1594 4834 eum,
1631 4771 1724 4839 qui
1745 4785 1812 4825 ex-
1850 4788 1934 4825 se-

351 4854 490 4906 mine
520 4853 687 4908 David
709 4866 809 4920 est,
840 4855 896 4910 in
916 4856 1185 4926 infinitum
1207 4858 1460 4914 saeculum
1490 4860 1891 4931 gloriﬁcaturus
1912 4903 1928 4928 ,

350 4943 489 5014 quod
511 4946 672 4999 etiam
708 4947 911 5017 factum
931 4955 1032 5014 est,
1055 4949 1267 5020 quando
1326 4950 1554 5006 Verbum
1589 4954 1930 5009 incarnatum

350 5051 468 5087 eum
493 5035 583 5105 qui
605 5051 669 5089 ea:
696 5038 892 5092 semine
925 5036 1093 5092 David
1115 5048 1195 5093 est
1233 5042 1554 5109 assumpsit,
1600 5052 1755 5113 atque
1778 5044 1933 5115 dei/i-

351 5136 470 5185 cat:
490 5127 628 5179 unde
653 5135 703 5181 et
722 5126 767 5179 F
771 5129 920 5182 ilium
944 5146 1064 5184 eum
1089 5131 1318 5199 appellat
1338 5131 1516 5187 dicens
1539 5149 1557 5187 :
1590 5152 1610 5185 ι
1639 5132 1751 5204 Ego
1773 5151 1863 5188 ero
1883 5135 1943 5189 εἰς

350 5219 403 5271 in
421 5215 942 5286 Patrem,etipseerit
959 5220 1089 5274 mihi
1113 5222 1165 5275 in
1182 5221 1485 5294 Filium(Il
1511 5221 1635 5295 Reg.
1660 5225 1878 5297 vnn”);
1905 5245 1924 5278 ι

348 5320 397 5364 et
424 5311 655 5365 iterum:
683 5331 701 5363 ‹
736 5310 849 5383 Ego
889 5314 1290 5385 primogenitum
1315 5331 1512 5385 ponam
1557 5315 1710 5371 illum
1749 5317 1937 5389 (Psal-

302 5403 317 5479 ξ
350 5418 612 5467 Lumu,
648 5403 763 5472 28).
804 5423 822 5457 ι
878 5403 1005 5462 Haec
1038 5408 1166 5463 item
1198 5407 1521 5478 compendio
1548 5409 1930 5479 exprimuntur

305 5495 313 5507 ί
348 5510 413 5550 ex
444 5495 891 5565 interpretatione
919 5500 1113 5568 psalmi
1149 5515 1413 5567 Lxxxvnt,
1456 5503 1802 5575 maximeque
1861 5521 1935 5560 ex

349 5602 494 5642 vers.
526 5587 583 5651 4,
609 5588 662 5652 5,
694 5588 784 5653 56,
813 5590 885 5645 57
911 5598 965 5646 et
996 5591 1085 5647 58.

417 5679 535 5736 Etsi
569 5696 697 5736 vero
726 5679 955 5739 Photius
988 5683 1132 5739 inter
1164 5684 1385 5742 Eusebii
1414 5702 1580 5758 opera
1625 5688 1728 5744 bos
1776 5704 1927 5743 com-

345 5773 643 5830 mentarios
674 5789 781 5831 non
808 5783 1128 5844 recenseat,
1182 5777 1314 5833 nihil
1362 5780 1595 5849 mirum;
1651 5788 1766 5838 tum
1798 5781 1926 5852 quia

2034 4586 2256 4646 Eusebii
2292 4593 2550 4649 mentem,
2575 4600 2741 4641 unam
2790 4584 3080 4656 utrobique
3112 4599 3334 4639 manum
3365 4573 3614 4638 olfacias.

2033 4679 2239 4738 Verum
2274 4678 2465 4736 isthaec
2490 4678 2881 4735 exercitatione
2902 4678 3079 4749 prius,
3103 4692 3269 4749 quam
3302 4675 3614 4739 ratiocinio,

2035 4772 2216 4844 quivis
2249 4769 2489 4842 experiri
2516 4771 2696 4827 valeat
2731 4789 2747 4827 :
2786 4786 2965 4843 neque
3004 4770 3093 4826 bis
3124 4769 3334 4825 diutius
3363 4769 3617 4825 insistere

2035 4865 2187 4931 libet,
2210 4864 2280 4919 de
2306 4864 2504 4935 quibus
2533 4863 2739 4918 nullam
2793 4878 2955 4934 spero
2977 4902 2994 4928 ,
3029 4861 3171 4932 apud
3199 4861 3456 4917 cordatos
3509 4860 3617 4915 sal-

2034 4956 2165 5024 tem,
2198 4957 2628 5013 controversiam
2660 4956 2922 5012 futuram.

2524 5046 2612 5098 IlI.
2646 5046 2723 5098 De
2741 5049 2873 5109 stylo
2894 5045 3116 5098 Eusebii.

2103 5152 2200 5208 E‘st
2232 5166 2398 5223 porro
2427 5151 2551 5221 styli
2586 5166 2761 5222 genus
2794 5149 2882 5204 hic
2913 5156 2972 5203 ut
3009 5148 3065 5202 in
3107 5146 3231 5201 aliis
3279 5147 3399 5218 ejus
3428 5145 3611 5214 operi-

2032 5245 2158 5308 bus,
2181 5245 2341 5313 quale
2362 5242 2623 5298 describit
2647 5241 2874 5296 Photius
2898 5241 2952 5293 in
2981 5238 3496 5300 Bibliotheca,num.
3523 5239 3606 5292 1'5:

2032 5337 2144 5409 Τὴν
2185 5337 2242 5392 δὲ
2277 5337 2482 5408 φράσιν
2516 5337 2615 5390 οὐκ
2645 5334 2793 5389 ἐστιν
2835 5332 3072 5401 οὐδαμοῦ
3092 5371 3108 5395 ,
3149 5330 3273 5383 οὔτε
3307 5330 3457 5402 ἡδὺς,
3485 5328 3611 5382 οὗτε

2030 5425 2375 5498 λαμπρότητι
2433 5425 2660 5496 χαίρων.
2718 5421 3044 5493 Πολυμαθὴς
3094 5420 3151 5475 δέ
3188 5422 3335 5475 ἐστιν
3370 5422 3399 5474 ὁ
3443 5420 3606 5489 ἁνήρ,

2029 5518 2135 5574 hoc
2163 5528 2248 5574 est
2275 5537 2287 5573 :
2321 5517 2566 5571 Dictiane
2595 5524 2768 5570 autem
2790 5531 3050 5586 nusquam
3069 5515 3258 5573 suavis
3284 5522 3397 5575 est,
3443 5526 3609 5580 neque

2028 5611 2289 5684 elegantia
2315 5620 2556 5665 ornatus.
2588 5607 3000 5662 Eruditissimus
3033 5617 3206 5661 tamen
3234 5605 3312 5660 vir
3339 5613 3437 5659 est.
3481 5600 3607 5674 Sty-

2029 5696 2116 5765 lus
2143 5708 2328 5778 itaque
2347 5707 2470 5777 ejus
2497 5704 2747 5762 nonnihil
2788 5704 3061 5777 strigosus
3084 5711 3142 5783 et
3175 5702 3466 5779 perplexus
3494 5705 3600 5762 est,

2028 5814 2138 5858 non
2171 5806 2288 5856 arte
2316 5798 2580 5856 limatus;
2611 5796 2787 5855 oratio
2835 5796 3038 5855 nedum
3083 5802 3341 5854 excurrat
3391 5794 3596 5857 libere,
