4096 6408
446 330 514 384 19
1139 328 1407 387 EUSEBH
1446 331 1925 388 CESARIENSIS
1962 331 2114 388 OPP.
2155 332 2335 388 PARS
2369 329 2459 386 ill.
2502 361 2569 371 --
2606 326 3021 385 EXEGETICA.
3634 328 3709 385 ιο

442 447 581 502 adeo
604 446 851 503 intricata
879 446 1199 519 plerumque
1223 457 1307 505 est
1327 492 1341 517 ,
1373 458 1433 505 ut
1461 452 1750 523 scriptoris
1779 463 2015 509 mentem
2042 461 2086 518 Α
2116 462 2271 518 sunt,
2307 453 2384 507 ita
2408 460 2469 507 ut
2507 449 2760 506 divinitus
2801 450 3099 504 immissum
3127 447 3228 503 sibi
3269 445 3542 519 ﬂagellum
3583 448 3706 500 aui-

438 539 526 595 vix
554 554 868 610 assequare.
904 538 1169 596 Periodos
1207 542 1282 596 ita
1326 544 1567 613 prolixas
1607 547 1793 609 ducit,
1829 552 2012 600 ut-ex-

436 636 667 686 tractam
696 631 919 702 longius
939 633 1158 697 seriem,
1188 634 1235 689 si
1263 635 1393 705 quid
1427 636 1552 691 novi
1592 637 1761 693 menti
1795 653 2018 694 succuu-

436 723 606 789 rerit,
652 722 888 779 subinde
942 724 1269 795 intercipiat,
1305 727 1433 781 dum
1482 743 1783 798 suspensus
1830 732 2017 786 animo

435 814 627 880 lector,
660 828 763 869 nec
802 830 912 885 quo
943 814 1233 880 deducere.
1268 833 1369 872 nec
1421 818 1511 873 ubi
1544 820 1801 877 claudere
1853 837 2015 894 argu—

434 914 681 961 mentum
702 906 852 974 velit,
875 908 1181 979 intelligere
1207 911 1371 967 valet.
1400 911 1558 978 Quod
1585 913 1820 970 maxime
1848 915 1934 971 his
1956 917 2014 971 in

434 999 845 1055 commentariis
881 1000 1270 1066 ebserves,ubi
1299 1012 1590 1074 perpetuus
1618 1014 1861 1062 veterum
1890 1023 2012 1063 ver-

435 1089 675 1154 sionum,
705 1106 833 1161 qua:
849 1100 907 1145 ut
941 1092 1235 1162 plurimum
1291 1095 1645 1149 subbarbam
1675 1106 1824 1161 sunt,
1849 1114 2009 1163 usus,

434 1183 670 1253 aliquam
718 1184 859 1255 stylo
908 1184 1030 1254 ejus
1083 1188 1267 1243 intulit
1315 1190 1775 1260 peregrinitatem.
1822 1189 2013 1262 Neque

433 1281 618 1328 tamen
644 1289 743 1344 par
764 1275 965 1345 ubique
993 1277 1119 1348 styli
1143 1278 1283 1332 ratio
1324 1287 1446 1333 est:
1484 1293 1608 1332 nam
1654 1277 1746 1332 ubi
1801 1278 1869 1332 ad
1912 1279 2009 1334 de—

432 1364 761 1435 scriptiones
793 1369 1044 1433 vertitur,
1098 1371 1296 1425 seriem
1334 1378 1564 1425 exornat
1608 1370 1790 1425 verbis
1842 1387 2005 1441 quam

429 1464 613 1525 potest
638 1460 992 1527 lectissimis;
1029 1477 1137 1515 non
1187 1469 1245 1515 ut
1284 1462 1490 1515 otiosos
1540 1460 1685 1516 inani
1731 1458 2005 1533 voluptate

428 1547 756 1614 demulceat,
785 1550 880 1605 sed
912 1559 972 1605 ut
1000 1568 1063 1607 ex
1088 1568 1270 1609 rerum
1300 1568 1421 1623 quae
1458 1555 1559 1610 sub
1599 1564 1875 1623 aspectum
1910 1568 2004 1606 ca-

428 1638 567 1694 dant
600 1641 1008 1710 pulchritudine
1060 1651 1115 1697 et
1163 1650 1431 1698 concentu
1452 1684 1475 1707 ,_
1510 1643 1577 1697 ad
1623 1644 1835 1713 opilicis
1866 1658 2001 1696 cou-

426 1732 835 1801 templationem
867 1734 1091 1788 alliciat.
1146 1733 1235 1787 Sic
1284 1733 1351 1787 ad
1400 1736 1668 1804 psalmum
1721 1750 1893 1797 xvm,
1935 1734 2003 1788 de

425 1837 595 1878 cursu
639 1824 771 1880 solis
802 1824 1075 1887 ﬂoridiore
1118 1826 1257 1897 stylo
1285 1826 1512 1881 miritice
1551 1826 2002 1882 edisserit:alias

424 1913 681 1969 similiter
708 1914 776 1972 de
810 1932 974 1972 verno
1017 1924 1282 1989 tempore,
1318 1919 1495 1989 deque
1524 1933 1792 1990 aquarum
1820 1918 2004 1975 divor-

425 2004 549 2069 tiis,
582 2021 706 2077 quae
752 2009 1144 2079 sapientissimi
1173 2009 1497 2072 Conditoris
1523 2018 1694 2066 nutus
1744 2010 1812 2069 ad
1844 2017 2004 2065 terrae

422 2097 635 2152 cultum
666 2110 721 2155 et
754 2098 1146 2161 (ecunditatem
1196 2102 1535 2158 moderatur.
1583 2101 1774 2158 Divine
1822 2112 2003 2157 autem

420 2186 668 2259 loquitur
696 2190 1091 2247 sicubicontra
1139 2207 1236 2248 eos
1286 2192 1596 2262 disceptat,
1651 2193 1744 2270 qui
1793 2200 2000 2267 tempe-

419 2291 584 2336 rante
610 2280 832 2337 fortuna
860 2298 1042 2338 rerum
1077 2283 1439 2339 humanarum
1476 2285 1649 2340 aleam
1686 2283 1881 2341 cadere
1908 2299 1998 2339 ar-

420 2373 735 2441 bitrantur;
770 2374 884 2429 sive
916 2375 1120 2439 etiam,
1168 2376 1263 2447 qui
1298 2391 1389 2431 res
1429 2391 1654 2440 omnes,
1711 2392 1832 2447 qua:
1872 2384 2000 2432 sunt

423 2465 631 2522 homini
661 2466 1010 2539 expetendae,
1042 2468 1319 2538 voluptate
1365 2471 1703 2524 metiuntur:
1738 2471 1996 2543 frequen-

423 2554 634 2610 tissime
673 2570 806 2609 vero
834 2557 1269 2627 illosexagitat,
1314 2558 1407 2627 qui
1467 2556 1725 2617 mundum
1774 2558 1998 2612 fortuito

420 2660 487 2700 ac
514 2661 590 2707 ex,
614 2647 906 2707 temerario
935 2651 1167 2719 partium
1202 2664 1472 2703 concursu
1502 2656 1694 2717 sponte
1725 2650 1996 2706 coaluisse

420 2737 757 2804 pugnabant.
792 2737 846 2791 in
901 2736 1099 2809 hisque
1154 2754 1286 2795 sane
1341 2741 1654 2798 invenimus
1700 2740 1997 2798 Eusebium

416 2824 655 2883 Eusebio
687 2829 1101 2898 elegantiorem.

477 2942 561 2993 IV.
587 2935 832 3000 Maximini
855 2945 1179 3055 carniﬁclréam
1206 2949 1266 3056 sit
1285 2948 1512 2998 oculatus
1538 2948 1681 2997 testis
1700 2954 1939 3000 memorat

1116 3020 1204 3056 use
1260 3021 1333 3055 us.

1116 3020 1333 3056 ιιεεῠιιιε.

490 3087 633 3143 IEvo
683 3102 786 3144 suo
845 3096 1186 3158 grassantem
1232 3089 1513 3145 Maximini
1548 3090 1603 3145 in
1657 3090 2001 3147 Christianos

419 3178 795 3234 carniﬁcinam
825 3187 884 3234 ut
915 3180 1171 3235 oculatus
1219 3181 1380 3237 testis
1417 3189 1684 3237 memorat
1747 3182 1814 3237 ad
1856 3183 1992 3253 psal.

417 3287 607 3337 xxx",
630 3273 721 3327 ubi
757 3282 1044 3344 postquam
1073 3274 1354 3345 gentilium
1379 3275 1772 3332 immanitatem
1805 3291 1997 3332 recen-

417 3364 550 3432 suit,
582 3366 699 3422 haec
731 3366 915 3421 subdit
943 3385 956 3419 :
994 3369 1202 3440 Ὥσπερ
1241 3368 1299 3422 δὲ
1323 3368 1498 3424 ταῦτα
1545 3371 1955 3443 ἱστορησάμενοι
1976 3413 1992 3437 ,

414 3455 563 3511 οὓτω
585 3458 681 3512 καὶ
700 3458 798 3531 τὴν
820 3458 1183 3530 μετελθοῦσαν
1225 3461 1424 3525 αὐτοὺς
1453 3461 1589 3515 Θεοῦ
1621 3463 1777 3533 δίκην
1807 3464 1996 3519 τεθεά-

418 3553 593 3624 μεθα,
644 3552 900 3621 τοιαύτην
960 3553 1257 3625 γενομένην
1278 3594 1293 3619 ,
1337 3553 1414 3618 ὡς
1472 3555 1546 3626 μὴ
1606 3558 1871 3627 ἁμαρτεῖν
1902 3560 1994 3612 τὸν

415 3646 664 3712 φήσαντα
695 3644 930 3714 ἀληθῶς,
959 3645 1057 3716 τὴν
1086 3645 1355 3716 ῥομφαίαν
1390 3647 1568 3701 αὐτῶν
1593 3648 1994 3719 εἰσεληλυθέναι

414 3738 496 3801 ei;
526 3738 635 3807 τὴν·
669 3737 895 3810 καρδίαν
941 3738 1149 3801 αὐτῶν,
1194 3739 1289 3792 καὶ
1334 3738 1404 3792 τὰ
1471 3737 1602 3803 τόξα
1652 3740 1830 3794 αὐτῶν
1871 3756 1995 3794 συν-

412 3828 719 3901 τετρεφθαι,
749 3829 803 3882 id
831 3837 914 3883 est
934 3848 958 3883 -:
986 3827 1053 3882 Ut
1070 3839 1244 3883 autem
1264 3830 1372 3884 lucc
1393 3829 1638 3894 vidimus,
1664 3834 1741 3884 ita
1763 3843 1812 3885 et
1841 3833 1996 3886 ultio-

413 3939 531 3976 nem
555 3921 651 3976 Dei
676 3923 818 3991 ipsos
848 3921 1179 3976 invadentem
1199 3924 1552 3992 suspeximus,
1585 3939 1701 3993 qua:
1723 3924 1849 3978 talis
1881 3924 1992 3978 uti-

412 4030 511 4084 que
555 4013 678 4082 fuit,
706 4023 764 4067 ut
802 4014 935 4068 nihil
963 4014 1286 4068 aberraverit
1338 4015 1384 4068 is
1428 4014 1523 4085 qui
1567 4012 1723 4081 dixit,
1753 4014 1992 4086 gladium

407 4122 591 4161 eorum
630 4106 859 4175 infixum
885 4105 942 4159 in
972 4105 1136 4159 corda
1175 4108 1449 4174 ipsorum,
1507 4115 1558 4161 et
1603 4123 1760 4162 arcus
1810 4123 1995 4161 eorum

408 4198 707 4269 confractos
753 4215 887 4256 esse.
925 4199 991 4253 Et
1018 4198 1147 4254 alibi
1178 4218 1192 4255 :
1228 4198 1360 4265 Quis
1418 4209 1593 4254 autem
1643 4201 1811 4257 oculis
1865 4219 1991 4257 con-

416 4291 701 4357 templatus
764 4291 959 4357 impios
1021 4290 1170 4362 (nam
1219 4290 1409 4347 Graeca
1463 4292 1774 4366 compendii
1825 4308 2001 4349 causa.

408 4380 703 4452 mittimus)
732 4382 823 4451 qui
879 4397 989 4436 tero
1031 4392 1213 4437 nostro
1242 4399 1309 4438 ea:
1335 4384 1557 4452 divitiis,
1589 4385 1781 4455 gloria,
1810 4384 1992 4456 digni-

412 4469 613 4525 tatibus
643 4471 696 4523 in
734 4470 1092 4527 admiratione
1152 4473 1318 4542 fuere,
1348 4475 1406 4529 in
1466 4476 1765 4547 multasque
1816 4485 1992 4547 gentes

407 4560 688 4629 imperium
718 4560 1009 4628 obtinuere,
1043 4571 1249 4633 repente
1289 4564 1355 4617 ab
1396 4564 1495 4619 hac
1554 4565 1865 4621 celsitudine
1913 4567 1997 4621 la-

408 4668 551 4719 psos,
581 4668 695 4706 non»
715 4653 952 4722 fateatur
998 4669 1176 4709 verum
1202 4671 1314 4709 esse
1343 4657 1618 4711 oraculum
1640 4656 1948 4727 huiusmodi
1968 4659 2005 4713 ἵε

532 4765 592 4815 ν.
614 4766 840 4830 itemque
867 4767 1078 4818 aliorum
1111 4767 1373 4819 Christiani
1401 4772 1612 4821 nominis
1635 4772 1867 4822 hostium.

476 4868 689 4928 Diserte
715 4888 844 4928 vero
897 4872 966 4928 ad
1016 4875 1167 4944 psal.
1225 4888 1375 4929 xum
1423 4875 1648 4947 quinam
1712 4876 1791 4932 illi
1833 4877 1993 4933 Chri-

406 4960 713 5016 stianorum
767 4963 1054 5020 carniﬁces
1116 4966 1513 5035 imperatores,
1570 4976 1625 5024 et
1655 4983 1766 5038 quo
1799 4969 1996 5024 mortis

404 5071 604 5124 genere
635 5056 840 5113 sublati
873 5058 986 5112 sint
1012 5067 1237 5114 enarrat
1279 5061 1361 5117 his
1395 5063 1576 5118 verbis
1609 5082 1623 5117 :
1664 5060 1799 5117 Ηαισ
1835 5077 1992 5131 porro

404 5167 554 5221 opere
584 5153 846 5223 completa
894 5168 989 5207 nos
1033 5154 1162 5228 ipsis
1194 5156 1363 5210 oculis
1392 5156 1716 5227 percepimus
1744 5171 1763 5208 :
1803 5153 1992 5226 quibus

405 5265 533 5303 sane
563 5249 843 5304 verisimile
871 5260 950 5304 est
979 5262 1213 5318 pas-teras
1249 5259 1458 5305 nostros
1489 5249 1794 5305 incredulos
1815 5291 1829 5313 ,
1873 5265 1990 5303 cum

408 5342 519 5397 hac
549 5339 786 5407 audient,
816 5342 975 5411 ﬁdem
998 5359 1102 5397 non
1131 5343 1403 5398 habituros
1428 5361 1559 5400 esse.
1588 5343 1854 5414 Quotquot
1887 5346 1989 5415 igi-

409 5444 498 5487 tur
531 5451 639 5488 a'ro
675 5443 856 5489 nostro
888 5435 1030 5506 fuere
1061 5435 1315 5491 Ecclesia)
1346 5437 1440 5490 Dei
1479 5438 1702 5499 inimici,
1729 5437 1988 5505 principes

406 5529 565 5597 hujus
588 5529 769 5585 seaculi
798 5537 849 5588 et
888 5532 1103 5605 tyranni
1129 5571 1143 5593 ,
1186 5531 1442 5585 divinitus
1474 5532 1731 5585 immissis
1760 5532 1990 5603 ﬂagellis

406 5619 634 5683 laniati;
664 5620 761 5673 alii
804 5622 1015 5693 quidem
1060 5623 1294 5690 corporis
1337 5622 1532 5677 cariem
1575 5622 1808 5689 perpessi
1838 5630 1986 5685 sunt,

406 5720 466 5765 ut
497 5712 657 5771 etiam
692 5711 769 5766 vel
802 5711 972 5767 adhuc
1030 5714 1251 5767 viventes
1303 5730 1421 5767 cum
1448 5712 1775 5768 intolerabili
1821 5711 1989 5778 fetore

405 5804 665 5859 vermibus
695 5813 1002 5860 scaterent:
1054 5806 1149 5859 alii
1207 5807 1425 5861 virentes
1478 5808 1598 5861 item
1647 5806 1812 5862 oculis
1848 5807 1989 5875 capti

2119 547 2520 610 rnadverterent,
2565 542 2996 614 palinodiamque
3022 550 3304 605 canerent,
3354 556 3419 594 as
3452 539 3709 596 Ecclesia

2119 639 2287 693 Deum
2324 654 2574 710 magnum
2626 651 2935 706 rerumque,
2979 644 3031 690 et
3066 634 3241 689 solum
3273 649 3398 688 esse
3417 631 3703 687 Dominum

2117 732 2515 801 conﬁterentur,
2545 743 2855 798 summaque
2884 741 3017 780 cura
3046 727 3407 795 praeiperent,
3433 733 3490 777 ut
3515 724 3710 779 ciuitas

2114 822 2213 876 illa
2244 821 2360 887 Dei,
2392 820 2460 875 ab
2502 837 2557 875 se
2581 819 2707 873 olim
2764 820 3072 888 impugnata
3097 857 3114 880 ,
3158 826 3586 881 restauraretur,
3638 824 3707 869 ac

2113 913 2284 967 denuo
2306 921 2719 968 construentur.
2744 910 3011 967 Videlicet
3029 909 3284 967 Galerius
3311 909 3696 972 Maximianus.

2112 1006 2204 1074 qui
2250 1004 2518 1060 vermium
2589 1000 2761 1058 fetore
2821 1002 3185 1073 computruit,
3220 1008 3281 1055 ut
3327 1002 3487 1056 habet
3530 1000 3699 1054 Euse-

2111 1095 2237 1150 bius
2269 1094 2415 1150 Hist.
2467 1094 2594 1149 eccl.
2633 1093 2728 1149 lib.
2763 1109 2856 1147 vin
2888 1132 2904 1159 ,
2957 1107 3007 1147 c.
3043 1090 3139 1158 l6;
3188 1091 3329 1147 alius
3363 1092 3456 1161 qui
3502 1097 3699 1162 captus

2112 1186 2292 1241 oculis
2319 1184 2512 1250 fertur,
2537 1193 2621 1240 est
2652 1183 2985 1241 Maximinus
3008 1181 3250 1239 Orientis
3280 1184 3597 1247 imperator,
3633 1190 3702 1243 ut

2109 1277 2186 1330 ait
2218 1276 2509 1340 Eusebius,
2548 1278 2586 1330 l.
2623 1293 2698 1340 Ix,
2730 1290 2781 1330 c.
2820 1276 2906 1330 l0.
2962 1273 3267 1344 Utrumque
3297 1286 3425 1329 vero
3476 1275 3695 1344 palino-

2108 1367 2252 1422 diam
2285 1368 2553 1424 cecinisse
2582 1376 2771 1422 narrat
2798 1365 3065 1422 Eusebius
3098 1366 3188 1421 hic
3235 1375 3289 1422 et
3347 1368 3397 1418 in
3444 1364 3696 1420 Historia

2104 1460 2487 1518 ecclesiastica.
2552 1458 2815 1514 Similiter
2868 1457 2935 1512 ad
2985 1458 3249 1527 psalmum
3282 1472 3525 1521 Lxxvm,
3577 1457 3705 1513 hee

2105 1551 2315 1606 habet:
2374 1550 2554 1621 Neque
2605 1552 2778 1605 solum
2833 1551 2900 1604 iis
2964 1550 3091 1620 (qui
3145 1559 3387 1618 tempore
3436 1548 3693 1603 Antiochi

2106 1645 2258 1715 passi
2304 1645 2459 1716 sunt)
2492 1645 2602 1699 hwc
2634 1644 2834 1698 tradita
2863 1644 3044 1712 fuere;
3092 1643 3332 1698 omnibus
3373 1644 3560 1713 quippe
3612 1643 3693 1697 si-

2105 1737 2257 1790 milia
2277 1737 2597 1805 patientibus
2634 1742 2972 1803 competunt:
3002 1736 3125 1804 quia
3151 1736 3207 1789 in
3220 1735 3691 1803 persecutionibus,

2102 1845 2219 1898 quae
2248 1838 2431 1882 nostra
2452 1836 2606 1882 atate
2635 1828 2983 1897 contigerunt,
3000 1829 3403 1895 sexcentisupra
3419 1828 3697 1881 recensitis

2102 1920 2302 1974 similia
2328 1927 2450 1974 sunt
2483 1919 2731 1990 perpessi.
2783 1918 2850 1972 Et
2882 1918 2951 1973 ad
2997 1918 3264 1988 psalmum
3314 1931 3404 1982 xc,
3438 1933 3583 1973 vers.
3627 1918 3689 1982 9,

2103 2026 2162 2067 se
2194 2027 2300 2066 non
2333 2012 2498 2067 unius
2528 2021 2739 2066 tantum
2795 2011 2890 2066 sed
2940 2011 3300 2081 plurimarum
3351 2010 3696 2081 persecutio-

2101 2118 2232 2157 num
2263 2110 2454 2158 testem
2484 2101 2656 2158 l‘uisse
2690 2109 2914 2165 narrat,
2946 2109 3317 2173 tyrannosque
3350 2117 3459 2157 non
3488 2101 3584 2156 diu
3617 2102 3690 2157 ab

2101 2195 2253 2249 illata
2282 2193 2612 2250 Christianis
2646 2192 2822 2258 clade,
2873 2193 3098 2249 interitu
3153 2193 3343 2263 plexos
3376 2194 3465 2250 bis
3492 2193 3691 2251 testiﬁ-

2099 2296 2295 2344 catur:
2334 2286 2450 2343 Nos
2494 2297 2670 2342 autem
2708 2288 2982 2343 veritatem
3025 2288 3141 2357 ipsa
3189 2287 3547 2357 exemplorum
3602 2289 3687 2342 in-

2101 2380 2472 2449 terpretatione
2499 2378 2847 2449 percepimus,
2872 2389 3144 2447 conspecto
3173 2378 3338 2433 variis
3369 2377 3694 2448 temporibus

2100 2468 2394 2526 Ecclesium
2422 2468 2622 2524 Christi
2664 2470 3087 2539 impugnantium
3141 2468 3319 2531 exitu,
3362 2469 3453 2538 qui
3504 2468 3686 2538 confs~

2099 2563 2227 2616 stim
2247 2601 2267 2627 ,
2299 2578 2364 2617 ne
2393 2562 2646 2616 diuturno
2678 2570 2796 2631 post
2825 2573 3072 2630 tempore,
3102 2559 3350 2614 debellati
3377 2568 3522 2615 sunt.
3567 2557 3691 2629 Ipse

2097 2669 2336 2725 namque
2356 2654 2569 2709 viderat
2609 2652 3041 2715 Diocletianum,
3098 2650 3485 2707 Maximianum
3525 2649 3687 2706 Gale-

2097 2746 2263 2811 rium,
2289 2744 2640 2801 Maximinum
2664 2752 2719 2801 et
2746 2743 3016 2799 Licinium
3041 2784 3056 2806 ,
3098 2744 3197 2815 qui
3242 2743 3299 2798 in
3333 2742 3687 2799 Christianos

2098 2834 2471 2889 carniﬁcinam
2496 2841 2891 2898 exercuerant,
2951 2831 3194 2887 infausto
3237 2833 3433 2889 mortis
3485 2846 3686 2905 genere

2096 2926 2349 2997 periisse.

2268 3034 2347 3086 VI.
2374 3035 2484 3097 Quo
2504 3043 2730 3100 tempore
2750 3037 2842 3087 hos
2864 3036 3243 3087 commentarios
3262 3035 3511 3089 ediderit.

2025 3154 2072 3219 ς
2172 3138 2637 3197 Hanil‘estissimis
2680 3142 2849 3213 igitur
2879 3142 3025 3196 notis
3073 3141 3404 3213 iudiciisque
3437 3154 3559 3196 sese
3590 3138 3687 3198 bo-

2102 3247 2223 3288 rum
2255 3237 2775 3290 commentariorum
2815 3243 3096 3290 auctorem
3144 3234 3324 3305 prodit
3373 3234 3681 3293 Eusebius:

2098 3319 2211 3392 iam
2244 3337 2374 3377 vero
2407 3331 2579 3378 restat
2628 3330 2690 3377 ut
2741 3325 3087 3394 exploremus
3129 3340 3239 3394 quo
3294 3333 3539 3396 tempore
3576 3326 3685 3383 hoc

2100 3427 2239 3483 opus
2271 3412 2527 3469 ediderit.
2563 3413 2681 3484 Qua
2711 3414 2781 3468 de
2815 3430 2874 3468 re
2912 3430 2978 3469 ex
3026 3404 3139 3469 uno
3177 3423 3386 3469 tantum
3441 3416 3562 3470 loco
3604 3416 3686 3470 lu-

2099 3517 2220 3557 cem
2248 3505 2488 3558 mutuari
2526 3504 2671 3560 licet.
2710 3503 2804 3559 Est
2839 3505 2887 3561 is
2943 3506 2997 3559 in
3056 3506 3269 3572 psalmo
3320 3522 3572 3568 Lxxxvu.
3610 3506 3681 3560 ad

2099 3594 2247 3650 hunc
2297 3611 2516 3651 versum
2553 3594 2849 3667 :Nunquid
2901 3598 3121 3652 mortuis
3170 3598 3333 3667 facies
3372 3598 3684 3653 mirabilia?

2098 3687 2192 3743 ubi
2233 3689 2314 3744 sic
2361 3688 2525 3742 habet
2558 3706 2571 3741 :
2614 3689 2676 3742 El
2708 3688 2767 3743 δέ
2794 3707 2878 3754 τις
2910 3690 3034 3744 νοῦν
3076 3691 3389 3762 ἐπιστήσειε
3418 3694 3531 3754 τοῖς
3558 3690 3682 3744 καθ’

2096 3782 2247 3852 ἡμᾶς
2277 3781 2418 3851 ἀμφὶ
2443 3780 2504 3834 τὸ
2526 3782 2712 3853 μνῆμα
2730 3783 2821 3835 καὶ
2854 3782 2913 3835 τὸ
2947 3782 3247 3856 μαρτύριον
3280 3783 3374 3836 τοῦ
3425 3782 3682 3854 Σωτῆρος

2099 3868 2256 3941 ὴμῶν
2297 3870 2688 3924 ὲπιτελεσθείσι
2745 3871 3099 3943 θαυμασίοις,
3128 3873 3344 3945 ἀληθῶς
3384 3871 3589 3925 εἴσεται
3623 3871 3685 3924 ὃ·

2099 3978 2221 4026 πως
2261 3962 2610 4035 πεπλήρωται
2639 3962 2823 4037 ἔργοις
2866 3965 2934 4018 τὰ
2971 3963 3369 4033 τεθεσπισμένα
3395 4000 3410 4024 ,
3466 3961 3520 4014 id
3560 3971 3678 4015 est:

2101 4055 2256 4122 Quod
2283 4057 2331 4110 si
2362 4058 2477 4127 quis
2518 4058 2754 4111 animum
2786 4056 3034 4110 adhibeat
3067 4056 3153 4121 iis,
3181 4070 3298 4125 qua!
3325 4061 3504 4106 nostro
3549 4063 3682 4107 tem-

2096 4163 2220 4217 pore
2249 4148 2326 4203 ad
2355 4150 2651 4220 sepulcrum
2700 4159 2750 4204 et
2803 4148 3124 4218 martyrium
3178 4145 3473 4202 Saluatoris
3507 4146 3679 4203 nostri

2096 4253 2314 4312 patrata
2347 4252 2492 4309 sunt,
2524 4240 2859 4297 mirabilibus
2880 4279 2897 4306 ,
2947 4241 2991 4294 is
3034 4256 3160 4295 sane
3188 4239 3527 4309 deprehendet
3576 4255 3677 4310 quo

2096 4343 2252 4403 pacto
2280 4351 2344 4388 ea
2370 4350 2488 4406 qum
2532 4333 2895 4402 praenuntiata
2927 4332 3177 4402 fuerant,
3225 4349 3375 4399 opere
3419 4330 3680 4402 completa

2098 4426 2225 4481 sint.
2255 4423 2332 4480 De
2364 4425 2648 4479 miraculis
2690 4424 2746 4479 in
2780 4425 3036 4496 sepulcro
3068 4432 3122 4479 et
3167 4425 3430 4497 martyrio
3471 4423 3680 4480 Christi

2025 4519 2074 4579 υ
2099 4516 2262 4573 editis
2286 4531 2357 4573 ne
2380 4516 2604 4574 verbum
2634 4514 2852 4587 quidem
2878 4515 3147 4572 Eusebius
3172 4516 3226 4570 in
3270 4515 3388 4569 Vita
3417 4513 3679 4571 Constan-

2101 4608 2240 4673 tini;
2268 4607 2373 4663 etsi
2395 4607 2692 4670 detectum,
2719 4616 2945 4663 curante
2973 4607 3172 4663 Helena
3193 4649 3208 4671 .
3259 4609 3570 4679 sepulcrum
3621 4615 3678 4662 et

2098 4698 2423 4770 martyrium
2475 4707 2761 4765 memoret,
2793 4706 3127 4754 exstructam
3185 4697 3377 4753 eodem
3431 4697 3549 4752 loco
3579 4712 3687 4768 per,

2095 4792 2517 4848 Constantinum
2549 4790 3146 4865 magniﬁcentissimam
3191 4789 3479 4845 ecclesiam
3513 4805 3640 4844 extat
3672 4822 3677 4829 ι

2095 4895 2177 4942 ret
2204 4926 2218 4951 ,
2251 4884 2518 4957 synodum
2543 4884 2598 4939 in
2625 4884 2871 4955 ejusdem
2895 4883 3141 4939 ecclesiae
3168 4881 3425 4939 encaeniis
3452 4898 3551 4937 seu
3578 4882 3676 4938 de-

2096 4978 2370 5035 dicatione
2431 4977 2760 5047 celebratam
2832 4992 2976 5033 anno
3033 4977 3180 5042 355,
3240 4976 3548 5030 minutatim
3620 4983 3677 5029 ct

2095 5069 2321 5141 κομψῶς
2351 5070 2645 5126 describat.
2670 5068 2873 5125 Yerum
2910 5069 3002 5124 hic
3037 5067 3107 5123 de
3136 5067 3415 5123 miraculis
3446 5067 3530 5137 agi
3554 5082 3677 5137 qua

2096 5177 2126 5215 a
2182 5158 2397 5225 Ruﬁno,
2434 5159 2672 5232 Sulpicio
2703 5159 2927 5227 Severo,
2955 5160 3213 5224 Socrate,
3268 5157 3575 5214 Sozomeno
3622 5166 3676 5213 et

2096 5252 2440 5308 Theodoreto
2475 5261 2848 5317 recensentur,
2877 5268 2946 5308 ne
2980 5252 3243 5322 ambigas.
3274 5251 3444 5305 Aiunt
3473 5265 3675 5322 quippe

2097 5346 2197 5409 illi,
2234 5347 2448 5401 amante
2478 5347 2703 5401 numine
2764 5346 2944 5401 locum
2992 5346 3229 5415 sepulcri
3270 5342 3530 5398 Helenam
3582 5343 3675 5397 dc-

2096 5439 2318 5502 texisse,
2352 5445 2465 5493 tres
2497 5438 2570 5493 ibi
2605 5452 2798 5501 cruces
2827 5443 3072 5511 repertas
3097 5450 3250 5502 esse;
3296 5434 3673 5503 haerentesque
3753 5422 3765 5433 “

2093 5546 2285 5588 omnes
2310 5546 2557 5601 quaenam
2590 5546 2657 5585 ex
2710 5530 2887 5585 tribus
2915 5529 3120 5587 Christi
3152 5528 3450 5598 suspendio
3474 5542 3673 5583 conse-

2092 5632 2243 5679 crata
2272 5624 2484 5687 fuisset,
2515 5621 2682 5678 dubio
2717 5621 2934 5678 tandem
2969 5622 3176 5694 levptos
3208 5618 3379 5676 luisse
3400 5661 3415 5686 ,
3456 5635 3582 5676 cum
3616 5620 3670 5681 in

2091 5716 2351 5772 extremis
2382 5730 2548 5787 agens
2588 5713 2803 5778 mulier,
2835 5729 2900 5769 ex
2945 5712 3177 5769 aliarum
3243 5719 3500 5771 contactu
3535 5709 3670 5765 nihil

2095 5807 2317 5865 remedii
2364 5814 2693 5873 consecuta,
2747 5807 2964 5863 admota
3017 5806 3233 5862 demum
3284 5819 3409 5860 vera
3464 5801 3669 5860 Clm'sti
