4096 6394
365 355 452 416 91
1167 340 1675 403 COMMENTARIA
1713 337 1778 392 1N
1810 333 2151 395 PSALMOS.
2200 364 2262 373 —--
2301 327 2842 386 PRELIMINANA.
3565 319 3638 375 32

393 491 576 538 cruce,-
612 472 795 528 statim
829 486 858 523 a
889 467 1077 524 morbo
1097 466 1313 537 penitus
1336 469 1606 524 recreata,
1627 470 1682 515 et
1711 450 1968 528 pristinae
1998 463 2042 516 Α
2070 453 2262 508 tentim
2297 466 2428 506 vero
2465 447 2752 504 ratiocinia
2781 443 3009 515 profert,
3055 441 3212 506 nihil,
3245 437 3389 511 quod
3422 437 3487 492 ad
3521 449 3635 491 rem

394 565 682 623 valetudini
715 562 964 618 restituta
990 566 1095 614 est.
1117 556 1256 613 Cum
1285 562 1464 610 autem
1495 552 1610 606 haec
1654 564 1799 604 anno
1833 548 1960 610 527,

393 669 485 716 aut
506 655 810 727 insequenti
851 661 1001 724 gesta
1044 650 1187 713 sint,
1243 648 1372 702 hinc
1403 644 1762 715 consequitur
1792 640 1966 697 Euse-

391 753 538 808 bium
567 766 666 806 sua
692 749 748 803 in
768 747 1018 804 Psalmos
1054 740 1450 797 commentaria
1496 737 1598 793 sub
1624 736 1740 791 haec
1765 732 1970 790 edidis-

391 857 470 899 se.
502 839 688 910 Neque
719 846 898 892 tamen
933 834 1118 891 statim
1169 839 1360 903 postea
1385 869 1401 894 ,
1456 827 1553 884 sed
1609 826 1796 882 multis
1823 810 1968 878 hinc

388 931 591 1001 elapsis
619 933 778 984 annis
805 928 920 982 haec
948 923 1304 981 elucubrasse
1354 919 1587 976 suadere
1618 917 1835 972 videtur
1864 930 1968 970 vox

283 1031 287 1034 ’
389 1025 513 1079 καθ’
543 1025 846 1095 ἡμᾶςμιυε
877 1027 1062 1074 nostra
1091 1025 1244 1072 (etate
1274 1012 1579 1084 signiﬁcat;
1606 1023 1784 1080 neque
1818 1007 1968 1063 enim

391 1133 489 1187 pro
513 1115 872 1186 praesentibus
896 1123 989 1168 aut
1014 1113 1088 1166 ita
1118 1111 1342 1181 nuperis
1382 1109 1546 1164 rebus
1591 1107 1707 1162 hate
1739 1106 1968 1175 loquen-

388 1210 444 1262 di
475 1208 614 1262 ratio
637 1222 735 1261 usu
760 1205 946 1262 venire
976 1203 1133 1258 solet.
1173 1201 1266 1257 Sic
1316 1201 1407 1256 ille
1449 1214 1572 1254 cum
1603 1199 1670 1253 de
1721 1197 1968 1269 tyrannis

390 1300 519 1370 agit,
555 1299 647 1370 qui
679 1298 792 1367 jam
820 1297 1020 1352 multos
1059 1302 1187 1350 ante
1223 1308 1399 1348 annos
1445 1291 1557 1346 fato
1587 1289 1756 1344 functi
1785 1296 1964 1351 erant,

389 1407 521 1446 voce
550 1389 669 1444 καθ’
705 1391 852 1462 ἡμᾶς
885 1389 1075 1453 utitur,
1103 1401 1265 1456 quam
1288 1392 1467 1439 tamen
1499 1397 1766 1452 nusquam
1804 1396 1968 1435 usur-

388 1489 480 1552 pat
508 1496 632 1535 cum
668 1480 734 1536 de
762 1481 926 1535 rebus
948 1520 962 1541 ,
1003 1493 1124 1550 quae
1152 1477 1236 1532 vel
1279 1477 1372 1532 illo
1421 1476 1715 1536 scribente,
1748 1473 1831 1527 vel
1864 1488 1967 1525 nu-

388 1575 626 1644 perrime
656 1579 821 1644 gestae
846 1580 975 1627 sunt
996 1611 1011 1634 ,
1060 1571 1260 1640 agitur.
1313 1566 1512 1622 Verum
1550 1574 1608 1620 ut
1642 1566 1757 1620 haec
1790 1564 1967 1632 conje-

385 1668 588 1722 ctando
629 1667 806 1722 solum
839 1665 1109 1729 dicimus,
1167 1664 1242 1718 ita
1302 1672 1424 1733 post
1473 1677 1673 1716 annum
1705 1660 1808 1714 ’527
1837 1698 1851 1721 ,
1901 1671 1965 1712 ea

387 1775 551 1830 quam
584 1773 750 1828 supra
779 1758 1018 1813 diximus
1067 1757 1135 1811 de
1163 1769 1330 1810 causa
1353 1794 1368 1816 ,
1413 1753 1587 1808 editos
1632 1756 1964 1805 commenta-

2077 544 2368 616 pertineat,
2394 543 2658 596 intactum
2695 535 2975 608 relinquit.
3012 533 3201 588 Parem
3233 527 3491 603 arguendi
3527 528 3636 582 vim

2070 645 2124 691 et
2151 633 2466 689 methodum
2489 629 2912 692 animadvertas,
2941 640 3065 681 cum
3087 639 3274 679 eorum
3305 621 3634 678 sententiam

2072 727 2318 798 depellit,
2354 725 2448 795 qui
2497 722 2708 778 numeri
2737 721 3005 774 rationem
3038 714 3104 770 ad
3138 715 3404 784 cujusque
3440 709 3634 782 psalmi

2073 817 2482 888 intelligentiam
2511 812 2760 868 conferre
2779 809 3094 881 pugnabant
3125 823 3138 860 :
3171 820 3330 876 quam
3357 801 3637 857 Philonia-

2070 924 2195 964 nam
2228 904 2556 978 explanandi
2591 903 2926 967 methodum,
2957 906 3017 956 ut
3048 897 3254 953 futilem
3285 902 3338 951 et
3359 890 3638 966 ἀπροσδιό-

2068 1017 2247 1064 νυσον,
2284 997 2524 1070 explodit
2550 994 2836 1050 Eusebius.

2447 1107 2534 1157 Ill.
2565 1106 2638 1157 De
2659 1104 2864 1156 litterali
2885 1103 3250 1166 explanatione.

2138 1215 2451 1271 Litteralem
2476 1213 2820 1267 Psalmorum
2856 1217 3090 1265 mentem
3123 1207 3212 1262 ubi
3247 1205 3488 1275 explicat
3520 1200 3635 1256 Eu-

2069 1308 2276 1369 sebius,
2307 1306 2602 1376 genuinum
2626 1305 2785 1375 vulgo
2817 1317 3039 1358 sensum
3069 1300 3306 1369 attingit,
3343 1311 3517 1366 neque
3558 1296 3634 1349 ita

2070 1401 2382 1469 frequenter
2410 1397 2626 1452 aberrat
2677 1411 2707 1449 a
2757 1407 2926 1463 scopo
2955 1399 3008 1446 et
3046 1408 3076 1445 a
3120 1403 3246 1444 vera
3290 1387 3634 1441 Psalmorum

2071 1491 2359 1549 scntentia.
2391 1488 2594 1543 Aderat
2647 1488 2847 1557 quippe
2894 1485 3075 1554 opima
3124 1482 3218 1536 illa
3269 1478 3636 1549 Hexaplorum

2069 1585 2335 1656 supellex,
2369 1583 2512 1637 unde
2533 1589 2587 1636 et
2616 1579 2941 1634 Hebraicam
2979 1576 3268 1632 lectionem
3301 1581 3356 1628 et
3390 1578 3635 1626 veterum

2069 1678 2420 1744 interpretum
2447 1671 2749 1726 versionem
2769 1668 3006 1724 mutuari
3029 1673 3233 1738 posset.
3254 1661 3440 1732 Neque
3462 1660 3632 1721 enim,

2066 1778 2126 1824 ut
2171 1783 2236 1822 ex
2282 1766 2368 1820 his
2406 1759 2818 1818 commentariis
2865 1757 3272 1828 deprehendere
3326 1754 3474 1814 licet,
3529 1748 3637 1804 He-

388 1852 502 1906 rios
536 1849 792 1905 allirmari
827 1864 988 1919 posse
1021 1855 1302 1919 putamus.
1366 1846 1570 1901 Detecti
1607 1846 1737 1899 item
1779 1840 1964 1895 Domi-

2068 1859 2246 1913 braice
2276 1857 2484 1927 peritus
2515 1853 2620 1907 fuit
2653 1850 2920 1906 Eusebius
2945 1870 2956 1903 ε
2984 1847 3252 1917 siquidem
3281 1845 3349 1900 de
3369 1841 3636 1898 Hebraica

392 1942 496 1996 nici
531 1941 768 2010 sepulcri
817 1939 1065 1995 meminit
1103 1937 1372 1992 Eusebius
1404 1935 1472 1990 ad
1504 1934 1773 2005 psalmum
1805 1945 1961 1992 cvm,

390 2033 475 2087 bis
505 2033 724 2087 verbis:
763 2029 878 2085 Hoc
913 2038 1087 2083 autem
1113 2028 1355 2092 ediscas,
1404 2028 1452 2081 si
1508 2027 1802 2080 consideres
1863 2038 1967 2092 qua

388 2133 559 2177 mente
590 2123 696 2176 sint
717 2120 753 2175 ,1
758 2122 919 2186 udei,
944 2121 1172 2174 videntes
1203 2119 1408 2190 quidem
1433 2116 1730 2172 veneranda
1757 2124 1806 2168 et
1837 2130 1965 2167 san-

387 2223 474 2266 cta
505 2229 606 2266 sua
629 2213 868 2282 funditus
899 2211 1108 2277 deleta;
1135 2212 1281 2266 illius
1311 2227 1428 2265 vero
1454 2211 1544 2280 qui
1575 2207 1640 2262 ab
1664 2208 1790 2274 ipsis
1818 2206 1967 2275 igno-

387 2305 555 2359 minia
585 2305 827 2374 aﬂ'sctss,
858 2321 919 2358 ac
949 2304 1003 2358 in
1037 2319 1242 2357 crucem
1273 2312 1322 2356 et
1352 2310 1572 2355 mortem
1604 2298 1830 2352 traditus
1864 2307 1964 2360 est,

384 2396 705 2465 sepulcrum,
736 2395 914 2451 studio
956 2403 1006 2449 et
1034 2393 1320 2448 honoribus
1358 2392 1648 2454 celebrari,
1701 2388 1966 2443 Ecclesias

388 2499 588 2552 autem,
621 2504 739 2557 qua!
774 2487 887 2558 ejus
915 2489 1105 2542 virtute
1149 2500 1243 2556 per
1288 2494 1457 2540 totum
1505 2483 1680 2540 orbem
1729 2479 1969 2553 fundata

387 2589 530 2646 sunt,
563 2582 620 2636 in
645 2578 755 2634 dies
782 2595 1097 2644 accrescere,
1129 2586 1236 2633 etc.

996 2687 1228 2747 CAPUT
1271 2685 1366 2743 IV.

388 2825 458 2864 οι
496 2821 705 2863 θεμειιε.
741 2819 1168 2861 ικτειιιιιιετλκυι
1210 2815 1456 2863 ευεευιι,
1493 2813 1663 2862 υεοσε
1704 2808 1967 2861 Αιητιουις

755 2888 1105 2929 νειειοιηιηυε
1142 2888 1208 2926 ΑΒ
1245 2887 1312 2925 EO
1351 2884 1597 2924 ΑιιΑτιε.

394 2967 444 3024 1.
477 2964 872 3037 Interpretandi
891 2980 1050 3037 genus
1084 2960 1370 3037 Eusebium
1399 2959 1761 3037 commentarii
1784 2967 1969 3012 aucto-

461 3055 570 3092 rem
591 3030 788 3118 prodit.
811 3030 909 3089 ΙῙῙ
933 3033 1333 3117 Qbservationes
1356 3032 1552 3086 critica:
1569 3030 1785 3098 eqregia:
1807 3037 1966 3083 notat.

465 3105 564 3161 ΙΙΙ
577 3149 588 3160 .
622 3106 699 3160 De
744 3104 964 3158 litterati
1009 3103 1395 3170 explanatione.
1430 3099 1534 3155 IV.
1584 3086 1662 3154 Ile
1700 3107 1969 3170 mystago-

465 3114 588 3161 Ill.
622 3114 699 3160 De
744 3114 964 3158 tittcrati
1009 3114 1395 3170 explanatione.
1430 3114 1534 3155 ιγ.
1584 3114 1662 3154 ue
1700 3114 1966 3168 mystago—

459 3179 598 3300 gica.
643 3175 704 3230 V.
743 3173 1000 3256 Eusebius
1033 3173 1322 3255 OIrigenem.
1367 3171 1634 3241 sequitur,
1670 3169 1766 3222 alii
1796 3167 1966 3251 Euse-

495 3263 627 3300 iurn.
661 3243 757 3300 VI.
786 3245 1027 3300 Antiquis
1058 3240 1422 3300 interpretibus
1453 3241 1744 3300 frequenter
1769 3248 1957 3293 utitur.

495 3249 627 3301 ium.
661 3243 757 3301 VI.
786 3245 1027 3314 Antiquis
1058 3240 1442 3309 interpretibus
1452 3241 1744 3310 frequenter
1769 3240 1957 3293 utitur.

392 3365 432 3414 l.
454 3358 818 3421 lnterpretandi
865 3371 1024 3423 genus
1042 3356 1311 3467 Eusegipm
1341 3354 1678 3406 commentarii
1712 3361 1962 3406 auctorem

1083 3432 1172 3467 nro
1208 3431 1222 3467 ι
1251 3455 1262 3467 .

1083 3432 1262 3482 proott.

459 3526 639 3583 Hosce
694 3523 1114 3582 commentarios
1188 3537 1502 3593 germanum
1566 3537 1690 3578 esse
1743 3521 1964 3578 Eusebii

387 3635 550 3691 Opus,
580 3634 690 3675 non
722 3634 786 3673 ex
818 3616 1116 3687 praemissis
1143 3615 1329 3679 modo,
1366 3615 1461 3671 sed
1494 3615 1658 3670 etiam
1695 3631 1761 3670 ex
1793 3615 1963 3670 inter-

392 3709 641 3781 pretandi
694 3723 910 3778 genere,
942 3723 1007 3762 ex
1056 3705 1338 3775 frequente
1371 3706 1465 3758 illo
1517 3711 1757 3759 veterum
1794 3704 1966 3759 inter-

392 3807 605 3871 pretum
638 3815 764 3863 usu,
811 3814 877 3853 ex
915 3795 1210 3866 Scriptura:
1262 3809 1432 3850 sacrae
1488 3795 1681 3863 peritia
1714 3809 1965 3864 compro-

392 3894 573 3948 batur.
601 3888 698 3944 His
732 3905 791 3944 se
832 3889 1054 3944 tesseris
1085 3895 1138 3942 et
1181 3887 1518 3958 argumentis
1546 3887 1763 3942 exhibet
1792 3883 1965 3939 Euse-

391 3986 518 4041 hius
542 3985 632 4040 ille
662 3984 929 4054 Pamphili
980 3983 1234 4054 martyris
1285 3982 1490 4046 socius,
1525 3980 1778 4051 quicum,
1827 3987 1967 4034 teste

393 4075 755 4148 Hieronymo,
811 4074 1060 4128 Divinam
1111 4071 1494 4127 Bibliothecam
1555 4068 1966 4138 diligentissime

395 4168 808 4240 pervestigarat.
871 4164 999 4220 Tria
1057 4171 1394 4234 porro'cum
1473 4161 1662 4231 primis
1721 4166 1967 4214 contem-

395 4261 593 4332 planda
625 4260 784 4314 nobis
813 4257 968 4313 offert
992 4254 1705 4322 celeberrimusinterpres:
1743 4249 1967 4306 criticas

397 4350 454 4404 in
477 4348 818 4404 Psalmorum
853 4346 1109 4403 ordinem
1139 4354 1319 4409 not-as,
1350 4343 1851 4412 interpretationem
1876 4340 1967 4395 lit-

394 4439 656 4502 teralem,
713 4446 767 4492 et
824 4438 1244 4507 mystagogicam
1302 4431 1626 4504 explanandi
1679 4431 1854 4495 viam,
1902 4430 1970 4484 de

402 4529 603 4600 quibus
635 4543 808 4599 pauca
834 4527 1120 4599 praelibare
1147 4542 1177 4582 e
1205 4541 1266 4581 re
1293 4523 1474 4580 fuerit.

630 4636 693 4687 ll.
721 4634 1105 4687 Observationes
1123 4636 1325 4696 critica,
1345 4633 1565 4697 egregie
1586 4635 1733 4681 noue.

471 4741 894 4801 Observationes
957 4739 1174 4795 Eusebii
1229 4738 1433 4794 criticas
1461 4776 1477 4801 ,
1543 4735 1774 4807 egregiae
1828 4740 1970 4788 nota:

400 4845 532 4892 sunt
571 4857 585 4892 :
615 4851 741 4890 nam
773 4842 970 4906 prater
997 4849 1060 4888 ea
1084 4847 1208 4902 quae
1241 4831 1296 4886 in
1330 4829 1745 4901 prmfationibus
1774 4826 1966 4882 ferun-

401 4936 512 4986 tur.
540 4941 648 4980 non
678 4923 984 4996 spernenda
1017 4939 1169 4988 sane,
1202 4923 1372 4978 multa
1399 4919 1832 4992 expositionibus
1853 4917 1969 4973 suis

401 5017 470 5070 de
501 5013 691 5069 ordine
717 5023 772 5070 et
799 5015 867 5069 de
913 5020 1139 5068 auctore
1190 5013 1456 5082 cujusque
1502 5011 1694 5082 psalmi
1739 5007 1972 5064 subinde

403 5107 702 5178 praemittit,
727 5122 847 5176 quae
869 5107 1134 5176 judicium
1170 5105 1528 5176 peritiamque
1576 5102 1859 5173 scriptoris
1883 5116 1972 5155 ar-

401 5199 571 5262 guant
603 5212 617 5248 ι
655 5207 762 5262 qua
794 5193 850 5246 in
895 5209 954 5249 re
985 5209 1117 5250 sane
1147 5195 1236 5248 vix
1263 5192 1575 5246 accuratius
1609 5192 1973 5262 sagaciusque

400 5282 668 5353 disputari
694 5299 855 5354 posse
878 5285 1224 5340 aestimabunt
1245 5284 1426 5354 periti.
1456 5281 1516 5338 In
1539 5283 1625 5339 his
1654 5292 1832 5336 autem
1863 5281 1973 5336 Eu-

404 5375 611 5438 sebius,
643 5375 736 5444 qui
766 5391 1044 5444 nunquam
1080 5376 1402 5444 compendio
1437 5375 1666 5436 studuit,
1718 5375 1837 5430 sine
1872 5375 1973 5428 ali-

403 5477 514 5534 quo
544 5463 766 5518 lectoris
789 5462 950 5516 taedio
980 5463 1267 5520 fastidiove
1294 5464 1560 5534 prolixius
1595 5464 1725 5534 agit.
1766 5463 1820 5515 ld
1845 5476 1984 5516 vero

406 5553 708 5620 praesertim
748 5552 1006 5607 observes
1036 5552 1092 5607 in
1123 5554 1242 5623 ejus
1269 5555 1337 5609 de
1367 5553 1718 5608 Abimelecho
1763 5553 1971 5607 disser-

406 5643 634 5706 tatione,
666 5643 722 5697 in
749 5643 1238 5714 perquisitionibus
1269 5644 1338 5700 de
1363 5659 1491 5700 vera
1517 5643 1862 5699 Psalmorum
1886 5660 1976 5699 se-

405 5735 487 5790 rie
518 5742 570 5790 et
603 5735 668 5791 de
696 5751 955 5807 germano
981 5737 1250 5808 cujusque
1297 5747 1521 5792 auctore
1561 5757 1574 5792 :
1630 5737 1974 5806 maximeque

409 5826 497 5882 ubi
529 5827 593 5883 de
621 5829 830 5898 psalmo
851 5830 905 5884 in
941 5830 1197 5902 spelunca
1223 5830 1449 5886 mirifice
1477 5830 1750 5886 edisserit.
1798 5827 1969 5884 Pede-

2068 1951 2159 2005 ille
2189 1949 2420 2004 lectione
2460 1945 2779 2015 plerumque
2805 1956 2913 1995 non
2946 1940 3019 1993 ita
3046 1939 3207 1993 docte
3232 1933 3515 1999 edisserit,
3547 1939 3638 1986 ut.

2067 2047 2192 2109 pote
2220 2037 2312 2107 qui
2360 2033 2625 2089 Hebraica
2679 2031 2884 2087 Graecis
2914 2027 3112 2082 litteris
3137 2038 3417 2095 expressa,
3452 2021 3636 2091 qualia

2068 2131 2123 2185 in
2151 2128 2408 2198 llexaplis
2436 2135 2618 2188 erant,
2653 2131 2864 2179 tantum
2910 2120 3138 2192 legerit;
3173 2117 3268 2173 sed
3317 2117 3363 2171 si
3406 2112 3538 2185 quid
3569 2113 3638 2168 de

2065 2223 2292 2279 vocibus
2321 2228 2376 2276 ct
2409 2219 2606 2275 litteris
2629 2215 2915 2273 Hebraicis
2935 2213 3064 2267 hinc
3089 2209 3215 2266 inde
3247 2207 3451 2271 tradat,
3485 2205 3540 2260 id
3569 2218 3637 2260 ex

2052 2314 2308 2370 'Hebraeis
2355 2320 2636 2366 mutuatus
2667 2315 2771 2363 est.
2821 2305 2888 2359 Et
2925 2302 3125 2358 mirum
3181 2313 3316 2355 sane
3358 2294 3635 2352 hominem

2065 2407 2159 2479 qui
2200 2406 2254 2461 in
2286 2404 2576 2460 Palmstina
2601 2408 2815 2456 aetatem
2842 2397 2971 2468 egit,
2997 2411 3123 2450 cum
3150 2391 3351 2446 Iudaeis
3377 2388 3636 2459 frequen-

2066 2477 2150 2554 ter
2178 2510 2484 2554 sermonem
2513 2491 2725 2556 habuit,
2763 2487 3022 2558 Hexaplis
3046 2494 3101 2540 et
3132 2480 3468 2538 Bibliotheca:
3509 2477 3641 2531 divi-

2067 2607 2149 2647 na:
2176 2603 2302 2645 cum
2349 2585 2636 2656 Pamphilo
2668 2589 2909 2652 martyre
2947 2575 3259 2647 digerendis
3290 2585 3511 2643 operam
3543 2569 3638 2625 de—

2065 2679 2168 2744 dit,
2199 2676 2464 2732 Hebraice
2491 2672 2822 2728 ineruditum
2851 2666 3059 2723 fuisse?
3096 2663 3423 2718 Doctoribus
3454 2665 3635 2714 autem

2068 2772 2185 2832 suis
2234 2768 2400 2826 nimis
2428 2765 2711 2823 credulum
2747 2775 2990 2834 persaepe
3018 2753 3416 2826 deprehendas,
3449 2757 3638 2820 utpote

2066 2865 2161 2937 qui
2191 2861 2452 2918 nonnulla
2479 2857 2755 2914 interdum
2796 2852 3006 2917 alTerat,
3040 2847 3129 2905 ubi
3158 2843 3466 2902 accuratior
3493 2841 3640 2895 noti-

2066 2956 2142 3012 tia
2186 2953 2560 3017 desideretur;
2605 2944 2842 3016 exempli
2893 2957 3064 2998 causa
3109 2940 3178 2994 ad
3224 2938 3371 2994 hunc
3416 2948 3637 2990 versum

2066 3046 2261 3118 psalmi
2294 3059 2407 3108 cxt,
2445 3041 2530 3098 Ex
2558 3048 2708 3094 utero
2751 3045 2874 3090 ante
2915 3031 3195 3102 luciferum
3239 3029 3392 3100 genui
3439 3036 3507 3092 te,
3545 3025 3638 3079 ubi

2068 3115 2394 3195 ilebraicum
2427 3143 2654 3202 can-in,
2681 3127 2945 3184 Merehem
2987 3123 3170 3188 habet,
3205 3128 3265 3174 ut
3297 3115 3638 3190 probabilem

2069 3230 2355 3302 cujusdam
2404 3227 2718 3298 opinionem
2754 3220 2933 3283 affert,
2970 3217 3065 3288 qui
3102 3213 3331 3286 putabat
3376 3209 3467 3265 hic
3511 3208 3639 3262 bea-

2068 3297 2179 3379 tam
2209 3321 2431 3377 Mariam
2446 3297 2741 3388 iDeiparam
2766 3309 3018 3373 indicari,
3042 3305 3188 3378 quod
3211 3320 3340 3360 sane
3357 3297 3645 3373 ἀπροσδιό-

2069 3431 2228 3470 νυσον
2258 3420 2344 3469 est
2375 3431 2388 3467 :
2416 3425 2542 3465 nam
2574 3405 2773 3469 Maria,
2813 3417 3008 3458 nomen
3049 3397 3190 3468 apud
3242 3394 3496 3450 llebrteos
3530 3390 3640 3444 fre-

2069 3505 2488 3580 quentissimum
2514 3508 2707 3564 D1113,
2735 3495 2785 3549 Μ
2796 3496 2953 3548 iriam
2977 3490 3354 3552 scribebatur;
3385 3491 3440 3539 et
3479 3479 3642 3538 Mere—

2069 3577 2185 3654 Iiem
2213 3595 2351 3651 nihil
2380 3591 2524 3647 aliud
2551 3604 2738 3660 quam,
2764 3601 2828 3640 ex
2849 3593 3020 3657 utero,
3051 3577 3345 3650 significat.

2572 3702 2654 3753 IV.
2682 3701 2759 3750 De
2781 3697 3127 3761 mystagogica.

2140 3809 2563 3882 Mystagogicam
2596 3801 2925 3873 explanandi
2955 3800 3122 3862 viam,
3168 3811 3277 3867 qua
3322 3794 3389 3849 ad
3438 3792 3649 3849 Christi

2069 3914 2360 3972 personam
2409 3897 2494 3952 vel
2524 3895 2846 3956 Ecclesiam,
2879 3893 2994 3947 sive
3034 3889 3102 3944 ad
3142 3888 3352 3944 fidelem
3381 3885 3642 3946 animam,

2071 4000 2164 4048 aut
2188 3991 2405 4045 demum
2434 3989 2502 4042 ad
2523 3987 2798 4041 cmlestem
2826 3984 3047 4038 Sioncm
3071 3981 3252 4035 omnia
3283 3977 3640 4038 reducuntur,

2071 4082 2364 4140 admodum
2399 4077 2761 4150 frequentavit
2787 4074 3089 4129 Eusebius:
3117 4071 3242 4141 quia
3267 4071 3360 4124 illo
3380 4082 3493 4123 τενο
3516 4083 3639 4122 cum

2071 4176 2244 4232 Judaei
2298 4180 2560 4244 perpetuo
2588 4166 2920 4224 Christianis
2968 4161 3349 4234 obgannirent,
3383 4165 3547 4226 atque
3575 4171 3644 4210 ex

2071 4284 2238 4341 prave.
2285 4267 2500 4321 detorta
2553 4261 2960 4330 Scripturarum
2996 4252 3290 4316 sententia,
3331 4250 3642 4306 Christiana

2071 4364 2140 4418 de
2169 4359 2459 4416 Servatore
2482 4355 2733 4426 dogmata
2763 4349 3108 4406 traducerent
3135 4347 3192 4401 in
3221 4345 3338 4401 dies
3359 4387 3374 4412 ,
3417 4343 3646 4411 scripto-

2071 4466 2161 4506 res
2206 4444 2566 4504 ecclesiastici
2609 4447 2921 4504 contra,‘ut
2970 4437 3237 4508 petulanti
3287 4443 3342 4491 et
3390 4441 3645 4504 protervo

1999 4557 2044 4612 ι)
2075 4540 2261 4613 generi
2292 4543 2668 4602 occurrerent,
2694 4534 2876 4588 omnia
2900 4530 2977 4586 'ad
2998 4529 3280 4590 Christum
3310 4533 3366 4582 et
3391 4525 3458 4579 ad
3485 4522 3645 4579 Chri-

2073 4612 2143 4684 sti
2171 4627 2474 4684 Ecclesiatn
2506 4623 2817 4679 referebant
2863 4639 2879 4678 :
2933 4636 3033 4676 nec
3083 4617 3247 4674 modo
3291 4630 3355 4672 ea
3408 4629 3530 4685 quae
3576 4612 3648 4668 de

2071 4720 2292 4776 Christo
2318 4725 2373 4775 et
2409 4716 2478 4774 de
2507 4715 2712 4772 Christi
2730 4711 3001 4769 fidelibus
3030 4711 3233 4768 diserte
3263 4717 3317 4764 et
3359 4707 3644 4764 evidenter

2071 4810 2351 4867 enuntiata
2377 4807 2615 4870 fuerant,
2635 4803 2731 4861 sed
2761 4803 2926 4859 etiam
2957 4817 3098 4872 quae,
3131 4799 3278 4856 haud
3307 4800 3382 4854 ita
3409 4798 3648 4854 dilucide

2072 4909 2350 4964 enarrata,
2381 4906 2610 4970 possent
2635 4896 2692 4950 in
2717 4893 2986 4949 utramvis
3015 4899 3222 4963 partem
3254 4889 3510 4947 derivari.
3536 4887 3648 4944 Nec

2072 5001 2253 5048 tutum
2311 4999 2431 5046 erat
2483 4989 2592 5044 illis
2645 4985 2985 5057 temporibus
3030 4981 3426 5053 interpretandi
3480 4979 3644 5035 aliam

2072 5087 2214 5142 inire
2257 5084 2524 5138 rationem
2557 5097 2572 5134 :
2607 5087 2758 5134 certe
2805 5092 2917 5132 non
2947 5077 3172 5146 impune
3221 5073 3324 5128 fuit
3353 5071 3646 5127 Theodoro
3684 5111 3704 5146 ξ

2074 5177 2478 5247 Mopsuesteno,
2505 5170 2651 5242 quod
2677 5170 2923 5240 neglecta
2947 5167 3317 5240 mystagogica
3347 5165 3460 5229 illa,
3493 5166 3642 5220 litte-
3686 5159 3704 5168 ”

2074 5271 2174 5326 rali
2209 5270 2384 5325 solum
2410 5265 2736 5321 attenderet.

2143 5359 2594 5417 Caeterumhunc
2621 5354 2947 5427 explanandi
2993 5354 3181 5416 ritum,
3233 5356 3454 5403 auctore
3484 5345 3646 5405 Chri-

2077 5465 2181 5517 sto,
2217 5450 2775 5507 commonstrantibus
2805 5445 3088 5516 apostolis,
3121 5441 3315 5498 sectati
3347 5447 3477 5495 sunt
3536 5436 3644 5491 Ec-

2077 5545 2258 5600 clesiae
2309 5543 2632 5611 scriptores.
2667 5539 2782 5592 Non
2814 5536 2977 5592 modo
3006 5538 3152 5591 enim
3182 5535 3265 5588 lex
3303 5538 3460 5588 vetus
3511 5530 3646 5601 legis

2075 5652 2230 5692 novae
2249 5636 2431 5704 figura
2462 5633 2706 5698 exstitit;
2737 5630 2833 5686 sed
2869 5631 3033 5685 etiam
3060 5645 3148 5685 res
3181 5629 3236 5682 in
3264 5625 3432 5680 veteri
3461 5623 3644 5678 Eccle-

2077 5729 2156 5784 sia
2216 5736 2402 5799 gestae,
2464 5724 2767 5796 praasertim
2817 5723 3140 5785 nobiliores,
3193 5720 3384 5774 umbra
3440 5715 3640 5769 Christi

2075 5823 2302 5893 ejusque
2330 5816 2724 5887 discipulorum
2758 5822 2935 5874 erant.
2964 5813 3100 5870 Nam
3133 5813 3241 5865 hth
3277 5807 3453 5865 omnia
3495 5806 3546 5859 iu
3573 5805 3640 5878 fg-
