4096 6418
409 330 480 383 ‘25
1043 332 1349 390 TEUSEBII
1388 336 1868 399 (L-ESAItIENSIS
1903 342 2058 399 OPP.
2099 336 2279 392 PARS
2317 336 2410 390 Ill.
2451 367 2521 377 ——
2559 336 2977 394 EXEGETICA.
3596 346 3668 396 Si

409 447 557 516 gnris
585 449 950 518 contingebant
976 450 1086 505 illis
1115 468 1131 504 :
1177 455 1375 522 scripta
1404 467 1527 508 sunt
1561 470 1735 514 autem
1780 463 1850 514 ad
1895 479 1971 515 no-

2094 467 2179 511 rat
2216 455 2485 511 Eusebius
2510 456 2576 510 ad
2607 457 2872 525 psalmum
2904 453 3482 511 cxvm.'l'heodoretus
3513 455 3666 520 item,

409 550 578 592 stram
606 539 1023 597 admonitionem
1051 544 1105 615 (1
1133 544 1256 600 Cor.
1296 564 1351 607 κ,
1383 550 1493 619 Η).
1521 548 1675 605 Unde
1707 551 1989 610 Tertullia-

409 647 515 685 nus
563 631 631 686 de
681 637 1092 692 resurrectione
1139 641 1344 704 carnis,
1400 642 1554 696 Talia
1601 645 1835 709 interim,
1889 649 1984 710 ait,

408 723 709 778 divinarum
741 728 931 780 virium
955 729 1297 792 lineamenta,
1349 751 1451 787 non
1499 737 1671 791 minus
1715 740 1988 806 parabolis

409 825 622 880 operata
652 817 782 881 Deo,
808 837 966 889 quam
1002 822 1196 876 locuto.
1231 822 1374 878 Inter
1399 827 1692 895 prOphetas
1723 838 1903 884 autem
1933 841 1986 887 et

405 919 734 976 praestantes
768 912 936 977 viros,
985 915 1078 983 qui
1132 916 1185 967 in
1221 917 1383 970 veteri
1419 917 1533 986 lege
1565 919 1770 974 Christi
1802 930 1985 992 typum

409 1013 648 1065 gessere,
684 1016 843 1055 nemo
873 1004 1099 1073 propius
1129 1021 1416 1074 personam
1443 1008 1561 1076 ejus
1592 1011 1797 1072 retulit,
1825 1029 1984 1082 quam

412 1088 606 1152 David,
639 1108 836 1160 genere
869 1095 996 1149 item
1052 1099 1431 1168 propinquior.
1477 1101 1648 1169 Cujus
1690 1119 1798 1157 non
1826 1106 1987 1160 modo

408 1189 584 1250 gesta,
631 1184 726 1238 sed
775 1187 944 1240 etiam
990 1188 1135 1242 dicta
1191 1191 1246 1243 in
1299 1190 1532 1247 Psalmis
1562 1197 1887 1264 praesertim,
1919 1197 1984 1251 ad

407 1275 613 1332 Christi
646 1293 936 1347 personam
983 1279 1398 1352 Ecclesiamque
1451 1287 1748 1356 pertinere,
1801 1288 1986 1344 divino

406 1368 582 1436 ipsius
621 1368 824 1424 Christi
853 1387 949 1426 ore
972 1372 1287 1430 didicimus.
1314 1374 1408 1429 Ille
1445 1392 1575 1430 vero
1603 1394 1800 1433 sensus
1821 1381 1986 1450 ἀλλη-

405 1460 756 1531 γορούμενος,
794 1465 910 1518 sive
942 1467 1382 1537 mystagogicus.
1442 1484 1548 1523 non
1584 1485 1613 1522 a
1661 1471 1986 1527 Christianis

404 1553 592 1619 modo,
625 1554 720 1608 sed
749 1556 916 1609 etiam
955 1572 984 1610 a
1019 1557 1220 1613 Judteis
1243 1560 1518 1617 adhibitus
1558 1571 1642 1616 est
1690 1582 1702 1616 :
1745 1564 1847 1618 etsi
1881 1565 1980 1626 illi,

411 1652 472 1697 ut
528 1645 788 1700 obcaecati
825 1655 990 1717 atque
1044 1652 1324 1705 sensilium
1379 1668 1558 1706 rerum
1603 1656 1745 1709 mole
1799 1658 1982 1711 obruti

404 1746 583 1801 erant,
617 1739 800 1792 omnia
837 1741 901 1793 ad
936 1756 1023 1796 res
1051 1744 1432 1812 temporarias,
1483 1745 1724 1809 divitias,
1776 1749 1979 1802 terreni

2092 551 2185 620 qui
2219 552 2544 621 plerumque
2573 550 2641 603 ab
2670 548 2974 603 Eusebiana
3005 550 3450 620 interpretatione
3499 550 3662 605 defle-

2090 643 2361 706 ctit,,non
2393 657 2518 696 raro
2553 650 2734 696 tamen
2771 642 2860 695 illa
2893 658 3033 712 pene
3079 643 3145 697 ad
3191 643 3419 696 verbum
3469 644 3663 704 utitur,

2091 736 2200 792 etsi
2223 734 2473 788 breviore
2503 742 2563 787 ut
2593 734 2889 803 plurimum
2923 733 3106 803 style:
3144 749 3266 786 nam
3293 732 3578 794 Eusebius,
3607 743 3667 786 ut

2087 826 2200 895 jam
2255 825 2518 890 diximus,
2561 827 2633 879 ita
2671 827 2912 897 prolixas
2946 825 3177 880 subinde
3207 827 3457 894 periodos
3489 825 3662 889 ducit,

2091 918 2183 971 vix
2210 926 2268 972 ut
2298 919 2495 973 seriem
2525 918 2926 989 deprehendas,
2961 926 3013 972 et
3041 917 3133 970 ubi
3165 918 3486 971 sententiam
3514 918 3665 970 clau-

2090 1009 2183 1063 dat
2216 1026 2326 1064 non
2362 1011 2437 1063 ita
2470 1009 2626 1064 facile
2651 1011 2974 1079 comperias.
3011 1009 3209 1061 Asterii
3241 1024 3369 1062 vero
3397 1009 3664 1076 interpre-

2089 1100 2226 1152 tatio
2275 1099 2471 1168 psalmi
2524 1115 2600 1160 tv,
2661 1115 2825 1169 quam
2881 1099 3273 1152 commentario
3329 1096 3547 1152 Eusebii
3603 1098 3663 1150 in

2090 1191 2342 1245 eumdem
2378 1192 2648 1261 psalmum
2685 1190 3091 1258 subjunximus,
3140 1204 3170 1242 a
3215 1189 3446 1259 quodam
3500 1188 3666 1243 scho-

2088 1282 2249 1337 liaste
2279 1285 2491 1338 invecta
2522 1290 2629 1346 est,
2673 1283 2764 1353 qui
2807 1283 3082 1337 Asterium
3134 1282 3391 1336 Arianum
3427 1296 3549 1336 esse
3578 1283 3666 1334 in-

2087 1373 2257 1439 dicat,
2295 1376 2504 1430 scilicet
2538 1375 2840 1444 sophistam
2867 1375 3016 1427 illum
3048 1374 3452 1432 circulatorem.
3490 1376 3580 1444 qui
3605 1375 3662 1426 in

2089 1469 2227 1540 ipsis
2258 1468 2556 1522 Arianismi
2596 1468 2841 1523 exordiis
2883 1476 3071 1522 contra
3107 1467 3406 1522 catholicos
3443 1467 3664 1520 antisti-

2086 1572 2170 1618 tes
2203 1563 2497 1618 classicum
2540 1563 2793 1626 canebat,
2844 1570 2899 1617 et
2946 1562 3250 1617 doctrinam
3298 1563 3365 1618 de
3399 1562 3534 1616 Filio
3568 1563 3659 1616 Dei

2088 1655 2402 1724 spargebat,
2457 1654 2540 1710 vel
2589 1655 2706 1724 ipsa
2741 1654 2994 1708 Arianica
3031 1654 3373 1708 deteriorem.
3431 1653 3507 1706 Ex
3558 1659 3660 1707 hoc

2087 1755 2266 1800 autem
2294 1747 2591 1816 specimine
2613 1747 3011 1817 deprehendas,
3045 1747 3318 1800 Asterium
3352 1746 3548 1816 partim
3580 1747 3662 1799 lit-

404 1824 561 1892 regni
595 1824 963 1890 latitudinem,
997 1828 1207 1885 Messian
1251 1832 1339 1885 sui
1387 1834 1698 1904 imperium,
1752 1835 1982 1891 reduce-
2013 1812 2057 1866 Β
2088 1839 2337 1898 teralem,
2375 1838 2573 1908 partim
2609 1839 3043 1908 mystagogicum
3094 1838 3490 1907 interpretandi
3540 1854 3661 1892 mo-

402 1924 525 1969 rent
560 1933 710 1986 :qua
743 1920 797 1973 in
847 1936 905 1975 re
949 1937 976 1974 a
1004 1921 1155 1991 justa
1187 1924 1460 1996 allegoriae
1490 1929 1703 1982 ratione
1747 1928 1983 1983 immane

401 2015 666 2076 quantum
698 2012 1049 2070 aberrabant.
1089 2015 1365 2088 Allegoria
1399 2022 1622 2090 quippe,
1663 2019 1857 2091 figura,
1895 2029 1981 2092 ty-

401 2115 506 2170 pus
531 2109 586 2156 et
618 2106 831 2168 umbra,
861 2108 1016 2176 signa
1047 2117 1175 2163 sunt
1199 2126 1380 2165 rerum
1414 2128 1525 2167 non
1548 2114 1863 2168 earumdem
1897 2124 1981 2167 at-

397 2209 504 2262 que
538 2194 646 2250 illa:
684 2213 804 2266 qua:
851 2200 1128 2270 allegoriae
1181 2212 1235 2257 et
1282 2204 1395 2274 typi
1429 2221 1630 2260 munus
1673 2215 1973 2275 praestant:

399 2287 606 2340 atenim
658 2292 740 2344 vel
793 2291 911 2360 ipsa
962 2293 1234 2364 allegoria:
1281 2312 1403 2363 vox,
1439 2298 1591 2368 signa
1635 2297 1972 2368 hujusmodi,

396 2391 518 2431 rem
547 2379 708 2433 aliam
742 2381 899 2450 longe
926 2383 1222 2449 diversam,
1257 2386 1531 2458 disparem
1569 2397 1623 2444 et
1669 2389 1972 2461 digniorem

399 2469 716 2540 signiﬁcare
769 2477 1101 2534 subindicat.
1146 2479 1313 2536 Multo
1343 2483 1510 2552 igitur
1534 2485 1882 2555 praestantior
1918 2493 1972 2541 et

393 2562 580 2618 verior
622 2564 711 2619 illa
769 2568 1210 2626 Christianorum
1265 2574 1659 2644 interpretatio,
1719 2593 1828 2647 qua
1880 2594 1971 2633 res

391 2669 687 2725 corporeas
736 2669 789 2713 et
821 2663 1132 2726 sensibiles,
1188 2665 1254 2718 ad
1290 2666 1658 2737 intelligibiles
1691 2683 1755 2724 ac
1801 2671 1970 2725 coale-

391 2755 524 2808 stes,
559 2751 815 2806 incolumi
846 2762 1023 2809 tamen
1052 2756 1243 2810 litterze
1264 2745 1449 2819 senisu,
1483 2758 1749 2814 referunt.

462 2839 576 2895 Hoc
605 2859 733 2914 ergo
768 2861 941 2915 genus
979 2848 1374 2918 interpretandi
1408 2867 1622 2907 summe
1640 2861 1724 2908 est
1757 2854 1826 2908 ab
1855 2854 1966 2908 Eu-

388 2930 543 2985 sebio
570 2931 993 3003 frequentatum.
1034 2937 1170 2991 Illud
1206 2947 1386 2994 autem
1417 2941 1733 3011 huiusmodi
1767 2951 1873 3007 est,
1906 2952 1968 3000 ut

387 3023 570 3078 sicubi
608 3026 818 3081 inimici
861 3029 1211 3100 insurgentes
1239 3042 1293 3085 et
1340 3034 1741 3090 tumultuantes
1782 3037 1966 3106 expri-

393 3123 638 3180 mantur,
672 3119 815 3188 quod
860 3120 916 3174 in
959 3122 1188 3190 psalmis
1221 3121 1668 3194 frequentissime
1696 3129 1962 3190 occurrit,

2085 1945 2198 1984 rem
2231 1937 2496 1985 sectatum
2535 1949 2548 1983 :
2585 1945 2684 1983 nec
2734 1930 2804 1984 iis
2855 1930 3055 2000 ingenii
3089 1929 3460 2000 doctrinaeque
3489 1933 3662 2000 parti-

2084 2017 2187 2072 bus
2224 2018 2574 2081 instructum,
2607 2034 2729 2088 qua:
2759 2019 2995 2074 fuissent
3025 2019 3093 2073 ad
3127 2027 3337 2074 tantum
3367 2036 3506 2091 opus
3534 2037 3661 2091 per-

2084 2109 2372 2165 liciendum
2407 2111 2563 2165 satis.
2620 2110 2956 2167 Scholiastes
2991 2128 3158 2182 porro
3203 2114 3293 2168 ille
3344 2129 3453 2168 non
3494 2116 3657 2169 Aste-

2078 2206 2219 2256 rium
2266 2203 2431 2256 modo
2479 2203 2732 2259 Arianica
2779 2205 2900 2260 labe
2946 2221 3229 2270 aspersum
3277 2206 3517 2265 indicat.
3560 2207 3656 2261 sed

2079 2295 2243 2349 etiam
2274 2281 2592 2358 Eusebium,
2639 2297 2815 2350 sicubi
2865 2297 2932 2350 ad
2987 2296 3359 2350 Arianismum
3390 2297 3654 2361 deﬂectit,

2080 2395 2140 2440 ut
2166 2386 2430 2440 Arianum
2463 2385 2721 2450 traducit,
2757 2396 2816 2442 ut
2849 2403 2949 2443 suo
2974 2389 3093 2442 loco
3117 2388 3321 2443 videas.

2074 2499 2156 2550 Vl.
2176 2498 2414 2561 Antiquis
2453 2500 2810 2564 interpretibus
2836 2500 3128 2611 frequenter
3158 2501 3329 2549 utitur.
3349 2499 3468 2550 LXX
3496 2500 3653 2549 inter-

2764 2575 2854 2611 nre
2878 2575 2951 2611 es.

2764 2575 2951 2625 pretes.

2142 2665 2289 2721 Nihil
2342 2677 2523 2722 autem
2578 2668 2666 2724 his
2713 2669 2768 2728 in
2819 2670 3230 2724 commentariis
3281 2670 3650 2738 praestantius,

2073 2759 2212 2814 nihil
2249 2760 2544 2829 pretiosius
2593 2760 3042 2832 frequentissimo
3078 2762 3170 2816 illo
3205 2769 3448 2816 veterum
3481 2764 3653 2816 inter-

2074 2860 2289 2922 pretum
2326 2868 2450 2907 usu.
2483 2854 2698 2909 Atenim
2733 2855 2908 2910 multo
2939 2855 3093 2923 plura
3122 2871 3188 2909 ex
3217 2854 3435 2924 Aquila,
3469 2852 3653 2910 Theo-

2072 2946 2293 3002 dotione
2349 2954 2403 3000 et
2447 2946 2778 3017 Symmacho
2827 2947 2984 3002 afl'ert
3037 2947 3328 3011 Eusebius,
3381 2964 3544 3017 quam
3596 2949 3656 3001 iu

2075 3037 2258 3092 Drusii
2311 3039 2398 3093 vel
2442 3037 2644 3092 Nobilii
2695 3038 3112 3094 collectionibus
3157 3056 3386 3110 usquam
3430 3055 3655 3110 compa-

2075 3141 2253 3194 reant,
2286 3130 2360 3184 ita
2391 3137 2450 3183 ut
2482 3129 2605 3199 ejus
2633 3129 2967 3184 adminiculo
2996 3146 3105 3184 non
3145 3147 3270 3185 raro
3296 3133 3536 3202 psalmos
3569 3136 3654 3186 in-

385 3204 442 3259 id
472 3207 557 3261 vel
582 3207 647 3261 ad
671 3206 890 3266 Iudaeos
923 3219 1116 3266 contra
1147 3212 1426 3270 Christum
1463 3215 1758 3272 frementes
1781 3227 1836 3272 et
1853 3232 1970 3272 ma-
1995 3205 2041 3265 (ἶ
2075 3231 2282 3293 tegros,
2314 3240 2379 3279 ex
2422 3224 2738 3297 Symmachi
2772 3225 3008 3280 maxime
3036 3225 3308 3289 versione,
3347 3235 3654 3282 restaurare

389 3297 681 3354 chinantes
701 3342 714 3365 ,
747 3303 829 3355 vel
853 3301 919 3355 ad
943 3300 1244 3357 Ecclesiam
1276 3306 1346 3360 ab
1375 3306 1650 3371 hostibus,
1691 3308 1901 3364 scilicet
1935 3324 1966 3362 a

393 3389 740 3461 principibus
769 3391 934 3461 hujus
961 3395 1168 3459 saeculi,
1224 3405 1317 3448 aut
1357 3411 1386 3449 a
1418 3395 1760 3452 daemonibus
1792 3413 1970 3469 Oppu-

389 3489 634 3549 gnatam,
666 3482 748 3536 vel
779 3483 845 3536 ad
891 3483 1102 3539 fidelem
1153 3487 1388 3540 animam
1422 3496 1670 3543 vexatam
1705 3505 1733 3543 a
1765 3491 1968 3560 spiriti-

388 3571 485 3625 bus
510 3571 829 3639 immundis,
866 3577 1134 3630 referatur
1173 3597 1185 3632 :
1221 3579 1267 3633 si
1303 3579 1425 3633 laeta
1454 3587 1509 3635 et
1554 3581 1797 3650 jucunda
1837 3582 1970 3638 clie-

386 3671 604 3730 rantur,
656 3667 866 3721 caelesti
910 3666 1298 3741 Jerosolymm,
1353 3672 1468 3727 sive
1521 3673 1819 3740 Ecclesiae,
1871 3691 1968 3731 seu

387 3756 691 3812 Christiani
719 3759 1014 3828 cujuslibet
1041 3763 1257 3830 animat,
1283 3771 1457 3819 totum
1489 3765 1835 3820 adscribatur
1867 3785 1880 3821 :
1920 3768 1968 3822 si

391 3847 620 3902 ﬂumina
668 3850 989 3906 inundantia
1023 3864 1416 3919 memorentur,
1467 3856 1520 3909 id
1561 3856 1629 3912 de
1672 3856 1965 3914 continenti

385 3941 454 3995 ad
503 3939 706 3996 Christi
763 3942 1066 3998 doctrinam
1113 3947 1351 4016 gentium
1381 3947 1730 4003 multitudine
1762 3949 1966 4005 intellio

387 4041 566 4103 gatur.
598 4035 772 4100 Quam
799 4037 1124 4107 explanandi
1161 4040 1327 4104 viam,
1353 4055 1464 4094 non
1487 4038 1756 4098 Eusebius
1778 4044 1961 4109 modo,

384 4125 482 4179 sed
524 4125 688 4181 etiam
726 4126 1048 4183 Theodorus
1099 4127 1469 4196 Ileracleotes,
1511 4130 1961 4202 Chrysostomus,

385 4215 768 4274 Theodoretus
812 4228 866 4274 et
915 4221 1007 4274 alii
1041 4221 1286 4291 plerique
1321 4222 1515 4276 sectati
1568 4230 1718 4286 sunt,
1767 4239 1873 4291 qua
1907 4223 1960 4276 in

385 4316 543 4378 parte
589 4309 640 4363 si
687 4325 859 4364 unum
909 4312 1086 4372 noris,
1132 4326 1324 4365 omnes
1355 4312 1528 4367 noris.
1559 4311 1747 4382 Neque
1782 4325 1962 4369 tamen

385 4401 542 4454 inter
601 4390 1004 4471 mystagogieas
1080 4404 1560 4472 interpretationes
1614 4407 1965 4472 accensendte

382 4491 514 4556 illae,
541 4508 662 4562 quae
697 4493 934 4547 litteram
963 4495 1137 4564 ipsam
1160 4495 1224 4548 ad
1258 4511 1425 4548 unum
1454 4495 1730 4552 Christum
1765 4499 1958 4554 referri

2076 3315 2262 3369 liceat.
2313 3317 2442 3372 Illas
2490 3332 2659 3388 porro
2694 3316 2979 3372 versiones
3032 3316 3196 3370 modo
3227 3316 3292 3370 ad
3339 3317 3647 3385 litteralem,

2076 3408 2240 3462 modo
2290 3409 2357 3464 ad
2419 3410 2845 3480 mystagogicam
2911 3410 3263 3464 asserendam
3323 3414 3648 3467 sententiam

2077 3508 2305 3570 usurpat
2339 3519 2352 3555 :
2387 3516 2780 3572 nonnunquam
2811 3500 2876 3555 ad
2918 3500 3105 3556 decem
3137 3517 3328 3558 versus
3363 3518 3470 3557 una
3510 3506 3654 3560 serie

2073 3591 2230 3647 aﬂ‘ert
2264 3611 2277 3646 :
2313 3593 2795 3664 expositionesque
2837 3607 3024 3648 eorum
3083 3589 3440 3666 Septuaginta
3478 3595 3651 3652 Inter-

2073 3689 2288 3751 pretum
2322 3683 2566 3738 versioni
2621 3683 3032 3753 anteponendas
3087 3685 3285 3738 asserit
3308 3685 3451 3739 haud
3481 3685 3652 3741 infre-

2072 3782 2324 3843 quenter.
2354 3775 2605 3845 Aquilam
2638 3775 2921 3832 Hebraicaa
2945 3776 3139 3832 littera:
3163 3777 3652 3842 servientem,50u-

2072 3867 2296 3921 λεύοντα
2316 3871 2382 3940 τῇ
2430 3868 2692 3941 Ἐὗραῖχῇ
2723 3870 2890 3937 λέξει,
2923 3870 3009 3926 hic
3032 3880 3086 3928 et
3112 3873 3168 3926 in
3211 3871 3506 3941 evangelica
3547 3870 3650 3922 De-

2072 3962 2454 4016 monstratione
2487 3964 2673 4019 multis
2702 3965 2756 4018 in
2789 3965 2927 4020 locis
2961 3971 3268 4032 nuncupat.
3305 3961 3355 4016 Is
3390 3961 3651 4015 nimirum

2072 4057 2146 4108 ita
2196 4054 2386 4110 litterae
2431 4055 2610 4119 haesit,
2645 4064 2705 4110 ut
2737 4055 2867 4110 dum
2911 4056 3078 4110 verba
3124 4054 3396 4118 redderet,
3430 4061 3651 4107 senten-

2074 4148 2205 4200 tiam
2241 4162 2348 4202 non
2383 4147 2456 4200 ita
2487 4147 2786 4202 curaverit.
2822 4143 3210 4216 Symmachum
3257 4159 3395 4214 saepe
3425 4143 3649 4198 mirabi-

2072 4235 2175 4289 lem
2192 4236 2323 4290 dicit
2355 4236 2730 4305 interpretem,
2753 4235 2983 4304 ejusque
3005 4233 3257 4290 versione
3281 4235 3452 4288 utitur
3477 4235 3650 4290 liben-

2071 4325 2201 4386 tius,
2233 4324 2578 4393 frequentius
2609 4332 2663 4378 et
2690 4324 2989 4392 copiosius.
3027 4323 3232 4378 Ambos
3261 4333 3443 4379 tamen
3479 4324 3556 4378 ait
3589 4325 3644 4378 in

2071 4419 2298 4486 gratiam
2329 4417 2645 4472 Iudaeorum
2694 4417 3012 4489 prephetias
3033 4418 3100 4472 de
3128 4419 3349 4474 Christo
3388 4419 3549 4472 aliam
3589 4420 3644 4472 in

2070 4511 2397 4564 sententiam
2454 4510 2735 4566 derivasse
2805 4529 2816 4562 :
2892 4510 3341 4582 Ἰουδαῖκώτερον,
3391 4513 3472 4566 sic
3532 4511 3642 4576 illc,

381 4596 487 4636 nec
537 4582 915 4652 infrequenter
960 4585 1354 4654 comprobant;
1398 4594 1456 4640 ut
1488 4589 1722 4657 exempli
1767 4605 1956 4653 causa,

2083 4602 2314 4664 Ἀκύλας
2346 4603 2442 4656 καὶ
2472 4603 2763 4675 Σύμμαχος
2795 4604 2891 4675 τὴν
2940 4605 3232 4676 ἑρμηνείαν
3283 4604 3640 4666 ὲκτεθείκασι,

383 4687 507 4726 cum
531 4671 802 4730 Eusebius
843 4675 1112 4746 psalmum
1147 4693 1280 4739 xvu,
1314 4677 1477 4745 Deus,
1512 4677 1652 4734 Deus
1681 4697 1849 4746 meus,
1879 4699 1961 4736 re-

381 4764 525 4831 spice
550 4766 603 4817 in
636 4781 737 4828 me,
776 4766 831 4820 in
875 4781 984 4820 uno
1018 4767 1240 4822 Christo
1271 4768 1551 4837 impletum
1583 4784 1705 4824 esse
1733 4785 1956 4825 asseve-

378 4861 468 4908 rat
500 4874 513 4909 ε
549 4856 602 4909 in
639 4856 744 4911 hoc
771 4859 916 4912 enim
943 4867 997 4913 et
1025 4859 1081 4912 in
1104 4859 1400 4926 similibus,
1453 4870 1512 4914 ut
1554 4876 1714 4916 nemo
1737 4878 1846 4914 non
1882 4861 1961 4913 fa-

377 4957 583 5015 teatur,
615 4965 814 5006 sensus
837 4952 951 5020 ipse
974 4952 1228 5006 litteralis
1255 4951 1539 5008 Christum
1562 4952 1806 5022 respicit.
1832 4951 1960 5008 Πειεο

376 5043 444 5098 de
475 5043 874 5115 interpretandi
907 5045 1016 5098 ritu
1041 5043 1188 5098 dicta
1219 5053 1403 5099 sunto.

503 5153 562 5202 ν.
593 5153 838 5204 Eusebius
859 5154 1130 5216 Origenem
1156 5156 1402 5218 sequitur,
1431 5155 1516 5206 alii
1547 5155 1834 5205 Eusebium.

445 5232 718 5289 Caeterum
769 5235 1043 5292 Eusebius
1095 5236 1347 5308 Origenis
1393 5239 1768 5308 expositiones
1815 5238 1960 5292 haud

374 5328 612 5383 obscure
666 5339 930 5398 sectatur,
969 5340 1083 5385 tam
1121 5333 1267 5402 quod
1318 5331 1385 5386 ad
1421 5330 1594 5400 ipsam
1627 5331 1957 5400 explanandi

374 5422 665 5484 rationem,
717 5439 880 5493 quam
927 5427 1074 5495 quod
1119 5426 1187 5480 ad
1215 5426 1507 5479 verborum
1542 5423 1779 5485 seriem;
1814 5433 1871 5477 ut
1903 5426 1960 5479 in

375 5514 770 5583 manuscriptis
821 5523 874 5570 et
925 5516 1090 5572 editis
1142 5517 1354 5571 catenis
1410 5514 1594 5568 videre
1634 5521 1716 5567 est
1765 5533 1777 5567 :
1830 5530 1956 5568 nam

376 5607 807 5681 commentarios
842 5608 1100 5679 Origenis
1126 5610 1320 5678 plenos
1355 5608 1705 5676 integrosque
1745 5606 1955 5675 jamdiu

374 5695 658 5761 amisimus
693 5717 704 5751 :
742 5700 863 5768 ejus
899 5716 1064 5772 porro
1091 5700 1514 5755 commentarios
1547 5698 1714 5752 semel
1754 5714 1958 5753 memo-

444 5813 517 5873 (α)
541 5795 668 5878 Pas.
691 5811 818 5872 516.

2070 4691 2121 4745 id
2148 4701 2251 4754 est,
2285 4690 2445 4744 Modo
2489 4693 2557 4745 ad
2598 4691 2886 4745 Iudaicam
2916 4693 3208 4746 doctrinam
3248 4693 3461 4761 propius
3493 4709 3642 4745 acce-

2068 4782 2240 4846 dente,
2276 4784 2471 4853 Aquila
2503 4794 2551 4838 et
2583 4783 2933 4853 Symmachus
2975 4784 3306 4852 interpretati
3334 4794 3475 4837 sunt.
3509 4783 3644 4836 Nam

2069 4874 2122 4927 in
2159 4873 2620 4929 Demonstratione
2663 4875 2963 4946 evangelica
2994 4877 3070 4945 (a)
3114 4875 3187 4928 ait
3222 4879 3511 4944 utrumque
3540 4873 3636 4929 Ju-

2069 4966 2244 5021 daeum
2280 4974 2376 5021 aut
2413 4966 2822 5022 semi-Judaeum
2846 4966 3480 5022 fuisse.Theodotionem
3516 4983 3640 5021 cum

2071 5059 2232 5114 laude
2281 5068 2583 5125 memorat,
2642 5069 2695 5115 et
2754 5068 3070 5113 accuratum
3131 5060 3482 5129 interpretem
3544 5059 3638 5112 ait.

2070 5148 2272 5216 Quinta
2304 5149 2486 5204 minus
2513 5147 2846 5220 frequenter,
2880 5146 3044 5202 Sexta
3073 5163 3202 5202 vero
3242 5147 3524 5202 rarissime
3557 5147 3642 5198 in-

2067 5239 2551 5310 terpretationibus
2605 5240 2800 5296 utitur.
2836 5239 3005 5294 Notas
3050 5239 3104 5292 in
3153 5239 3469 5309 hujusmodi
3517 5253 3642 5290 vero

2069 5333 2252 5390 siones
2284 5347 2437 5386 raras
2461 5340 2516 5387 et
2541 5332 2897 5387 brevissimas
2919 5331 3168 5387 dedimus
3196 5351 3208 5386 :
3240 5332 3367 5402 quia
3394 5345 3422 5382 a
3455 5330 3640 5384 multis

2061 5425 2174 5495 jam
2227 5424 2387 5479 annis
2437 5423 2506 5478 ad
2551 5423 2918 5494 Hexaplorum
2975 5431 3226 5492 excerpta
3256 5439 3322 5476 ex
3354 5421 3639 5476 codicibus

2066 5531 2189 5570 cum
2247 5516 2408 5572 editis
2457 5524 2572 5571 tum
2630 5517 3022 5586 manuscriptis
3063 5513 3368 5582 colligenda
3395 5513 3637 5568 animum

2066 5606 2248 5678 appuli
2301 5627 2314 5662 :
2365 5607 2621 5678 quodque
2680 5607 2846 5662 habui
2908 5607 3121 5662 caeteris
3168 5621 3290 5677 qua:
3335 5603 3636 5658 tractabam

2069 5701 2190 5766 otii,
2227 5701 2354 5756 huic
2390 5701 2688 5772 provincia;
2739 5702 3052 5758 consecravi
3093 5720 3105 5754 :
3143 5709 3192 5754 et
3223 5699 3335 5769 jam
3366 5705 3522 5752 tanta
3543 5711 3641 5753 eo-
