4096 6430
480 385 551 440 l7
1149 377 1421 435 EUSEBII
1459 374 1941 433 CrESARIENSlS
1977 372 2132 430 OPP.
2171 372 2354 428 PARS
2376 372 2469 430 Ill.
2507 397 2579 414 -ι
2614 368 3026 429 EXEGETICA.
3669 370 3740 426 28

478 497 733 560 εἶναικαὶ
759 500 930 555 δόλον.
967 499 1115 553 Πάνυ
1145 498 1202 551 δὲ
1229 497 1401 551 ταῦτα
1435 495 1576 550 ἑκὼν
1623 495 1825 549 εἵλετο·
1860 494 1955 549 ἅτε
1996 493 2062 564 δὴ

2170 491 2288 544 dum
2310 491 2582 561 Aquilam,
2618 508 2636 541 ι
2673 489 2904 559 conﬁsus
2930 503 3082 551 sum;
3113 505 3130 539 ι
3163 494 3256 540 aut
3283 494 3340 540 ut
3370 483 3742 556 Symmachus.

479 594 824 659 αὑτεξούσιος
844 591 941 656 ὣν,
967 594 1061 646 καλ⁵
1081 591 1380 662 δυνάμενος
1405 589 1501 662 μὲν
1520 589 1619 661 τὴν
1642 587 1853 660 ἀγαθὴν
1875 587 2064 659 μετελ-

481 689 591 740 θεῖν
620 686 762 750 ὁδὸν,
797 686 873 758 μὴ
909 683 1189 756 βουληθεὶς
1224 683 1301 737 δέ.
1333 681 1446 736 [loc
1481 693 1569 737 est
1599 701 1612 737 :
1637 680 1830 735 Palam
1889 690 2064 734 autem

481 780 574 833 ille
603 796 656 832 se
684 787 911 847 peccato
942 777 1164 841 dedidit,
1201 777 1280 831 ita
1313 785 1371 829 ut
1400 774 1556 831 verba
1585 775 1694 830 oris
1723 774 1836 842 ejus
1867 773 2066 842 iniqui-

480 881 567 925 tas
601 882 649 925 et
678 869 834 924 dolus
861 878 1055 924 essent.
1090 868 1219 922 Hac
1238 879 1415 922 autem
1444 868 1554 936 ipse
1586 865 1874 920 admodum
1908 863 2066 918 libere

479 964 658 1032 elegit,
691 971 870 1032 utpote
905 961 1056 1014 liberi
1095 959 1327 1026 arbitrii,
1371 976 1526 1028 penes
1562 975 1716 1029 quem
1766 966 1880 1012 erat
1926 959 2065 1012 viam

485 1056 636 1110 adire
668 1055 856 1108 bonam
895 1070 914 1109 :
943 1053 1081 1124 quod
1112 1053 1204 1107 ille
1249 1052 1442 1108 noluit.
1481 1052 1834 1119 Quamobrem
1857 1053 2065 1106 dictum

486 1156 587 1208 est,
630 1164 648 1197 t
690 1145 880 1200 Noluit
919 1144 1214 1214 intelligere
1245 1153 1302 1196 ut
1338 1142 1463 1198 bene
1497 1152 1669 1213 ageret
1705 1160 1722 1197 :
1753 1141 1841 1196 sed
1882 1144 2068 1213 iniqui-

493 1252 652 1294 tatem
698 1239 983 1293 meditatus
1015 1248 1090 1292 est
1122 1239 1176 1290 in
1209 1236 1370 1290 cubili
1402 1253 1516 1290 suo.
1557 1256 1575 1288 ι
1607 1235 1671 1290 Ει
1700 1235 1766 1288 ad
1800 1237 2064 1305 psalmum

485 1350 595 1389 ινιι
629 1331 877 1401 εἘπειδὴ
905 1332 1013 1400 γὰρ
1043 1329 1258 1398 φύσεως
1281 1328 1573 1400 ἐλευθέρας
1609 1330 1700 1382 καὶ
1721 1328 2064 1392 αὐτεξουσὶου

486 1425 790 1496 γενόμενοι,
819 1420 1145 1496 διακριτικοί
1168 1438 1226 1473 τε
1247 1420 1339 1474 τοῦ
1370 1419 1537 1474 κοιλοῦ
1569 1419 1773 1472 καὶτοῦ
1802 1417 2063 1482 ἐναντίου,

488 1519 587 1589 τήν
619 1533 678 1570 τε
704 1518 783 1578 είς
805 1514 1042 1580 ἑκάτερα
1071 1513 1240 1584 ῥοπὴν
1273 1515 1371 1584 τὴν
1401 1513 1458 1564 ἐν
1490 1514 1698 1572 ἑαυτοῖς
1719 1510 2063 1579 κεκτημένοι,

488 1611 589 1663 οὐκ
621 1608 797 1681 ὀρθῶς
832 1608 1131 1678 ἐχρήσαντο
1159 1605 1238 1675 τῷ
1269 1605 1556 1677 κριτηρίῳ,
1606 1603 1723 1656 οὐδὲ
1771 1604 2066 1673 ⁴ὴγάττηοειαν

491 1702 590 1772 τὴν
614 1699 845 1762 εὐθεῖαν,
870 1698 1068 1768 καίπερ
1095 1696 1290 1758 εἰδότες
1320 1695 1507 1766 αὐτὴν,
1526 1694 1644 1746 οὐδ’
1663 1695 1839 1765 ἔργοις
1874 1693 2068 1765 μετῆλ-

497 1789 587 1842 θον
624 1789 723 1858 τὴν
779 1787 1142 1856 δικαιοσύνην,
1200 1788 1264 1856 ἢν
1319 1785 1461 1852 λόγῳ
1485 1785 1631 1856 μόνῳ
1681 1785 1775 1837 καὶ
1833 1785 2068 1854 χείλεσιν

2169 601 2186 634 ι
2237 583 2470 652 conﬁsus
2525 597 2672 637 eram
2715 597 2734 634 :
2787 599 2806 632 ι
2843 578 3266 650 quandoquidem
3319 577 3488 646 ipsum
3525 573 3740 644 paribus

2165 683 2320 743 atque
2342 681 2557 725 cwteros
2592 667 2858 737 apostolos
2900 666 3055 722 donis
3109 667 3379 734 alecerat.
3433 658 3768 734 Con/idebatl

2165 773 2337 818 autem
2367 764 2418 817 ei
2447 761 2715 825 Salvator,
2744 769 2795 814 et
2841 758 3032 814 bonam
3071 757 3136 812 de
3176 759 3288 827 ipso
3320 772 3462 825 spem
3495 752 3740 818 habebat,

2164 855 2287 926 quia
2308 855 2365 908 in
2386 871 2446 909 eo
2473 853 2698 907 liberum
2723 852 3003 906 arbitrium
3022 858 3178 904 esset.
3207 845 3386 918 Neque
3413 846 3552 899 enim
3569 842 3743 896 ludas

2164 963 2229 1002 ea:
2258 946 2564 1017 hujusmodi
2601 957 2797 1000 natura
2830 953 2968 1006 erat,
3000 957 3117 1012 qua:
3151 957 3254 994 non
3299 945 3473 1010 posset
3515 935 3742 990 salutem

2166 1041 2447 1110 consequi;
2480 1037 2568 1093 sed
2611 1045 2841 1106 poterat,
2876 1037 2924 1090 si
2950 1032 3161 1105 quidem
3187 1030 3454 1094 voluisset,
3481 1038 3538 1080 ut
3567 1036 3616 1080 et
3641 1041 3745 1078 cte-

2168 1129 2264 1184 teri
2289 1128 2537 1195 apostoli,
2567 1145 2599 1180 a
2618 1125 2762 1180 Filio
2798 1124 2894 1178 Dei
2925 1122 3144 1184 erudiri,
3170 1137 3232 1173 ac
3260 1119 3421 1173 bonus
3451 1115 3746 1187 probusque

2165 1221 2454 1290 discipulus
2488 1221 2635 1290 efﬁci.
2682 1217 2838 1273 Unde
2878 1215 3054 1286 palam
3084 1221 3168 1268 est
3195 1227 3318 1268 eum
3353 1211 3580 1281 gratiam
3619 1223 3747 1263 vero

2168 1315 2402 1377 satilem,
2435 1313 2500 1366 ad
2536 1310 2878 1372 utrumlibet,
2914 1308 3028 1362 sive
3055 1306 3254 1360 bonum
3293 1304 3404 1358 sive
3435 1302 3633 1355 malum
3655 1301 3744 1354 in-

2166 1405 2524 1468 dillerentem,
2557 1403 2612 1456 in
2655 1401 2909 1455 omnibus
2951 1412 3179 1468 prorsus
3211 1393 3543 1456 hominibus,
3575 1389 3744 1446 etiam

2168 1498 2351 1568 impiis
2384 1506 2438 1551 et
2474 1495 2874 1567 peccatoribus,
2900 1490 3272 1545 constituisse.

2306 1604 2392 1656 Vl.
2439 1604 2500 1654 Et
2521 1602 3002 1666 pradestinationem
3025 1605 3133 1661 post
3158 1595 3360 1660 praevisa
3393 1595 3586 1642 merita.

2235 1707 2347 1763 Nec
2381 1709 2561 1762 minus
2585 1715 2771 1777 aperte
2807 1689 3336 1776 pnedestinationem
3372 1706 3492 1769 post
3514 1696 3743 1766 praevisa

2169 1802 2362 1853 merita
2393 1799 2550 1853 docet
2587 1799 2652 1852 ad
2682 1798 2874 1867 psalm.
2913 1811 3021 1859 LVI,
3057 1794 3151 1848 ubi
3179 1793 3319 1846 hanc
3341 1791 3491 1844 Pauli
3521 1796 3745 1844 senten—

496 1857 905 1949 ἐπηγγέλλοντο,
925 1877 1002 1946 τῷ
1033 1877 1244 1946 παλαιῷ
1276 1877 1331 1929 δὲ
1354 1876 1475 1944 ὄφει
1503 1876 1883 1946 ὁμοιωθέντες,
1905 1877 2066 1929 ἀσπί-

2181 1887 2306 1940 tiam
2329 1887 2625 1956 explicans,
2657 1885 2796 1938 Nam
2818 1903 2945 1954 quos
2969 1886 3253 1953 pra'scivit,
3279 1895 3326 1936 et
3349 1883 3741 1951 praedestinavit

489 1969 578 2035 δος
612 1970 799 2040 κωφῆς
832 1970 1045 2040 χείρους
1079 1969 1356 2036 ἐγένοντο·
1391 1967 1581 2020 τούτου
1623 1968 1781 2038 χάριν
1828 1967 2065 2021 ἐπακού-

489 2078 618 2115 σατε
657 2061 778 2115 τίνα
821 2062 915 2113 καὶ
963 2061 1161 2124 αὐτοὺς
1195 2059 1498 2129 περιμένει,
1551 2059 1602 2112 id
1647 2065 1732 2112 est
1763 2077 1776 2113 :
1804 2057 2066 2124 Quoniam

486 2151 626 2206 enim
668 2151 836 2205 libera
865 2159 915 2205 et
949 2152 1036 2204 sui
1065 2151 1277 2203 arbitrii
1305 2158 1501 2202 natura
1549 2148 1783 2217 praditi,
1814 2150 1862 2202 vi
1905 2149 2068 2203 inter-

487 2244 736 2300 noscendi
787 2242 908 2297 boni
955 2251 1004 2297 et
1039 2242 1294 2296 contrarii
1334 2242 1601 2303 instructi,
1637 2251 1791 2311 atque
1847 2240 2067 2295 liberam

489 2337 560 2391 ad
589 2335 894 2390 utrumlibet
921 2333 1318 2388 inclinationem
1344 2331 1510 2393 nacti,
1542 2347 1646 2384 non
1705 2340 1841 2386 recte
1857 2332 2067 2402 judicio

489 2443 590 2482 suo
641 2435 766 2480 sunt
817 2426 922 2487 usi,
959 2441 1121 2491 neque
1163 2433 1361 2477 rectam
1408 2422 1567 2486 viam,
1601 2422 1704 2476 etsi
1732 2433 1911 2476 notam
1939 2423 2064 2488 sibi,

490 2517 808 2580 dilexerunt,
842 2533 1002 2587 neque
1037 2515 1279 2586 operibus
1303 2514 1578 2585 justitiam
1611 2514 1877 2577 adierunt,
1907 2532 2066 2586 quam

492 2608 662 2663 verbis
713 2607 974 2660 duntaxat
1032 2615 1081 2660 et
1133 2604 1288 2659 labiis
1337 2613 1462 2658 sunt
1510 2605 1756 2673 professi,
1810 2607 2067 2676 veterique

489 2699 720 2768 serpenti
761 2698 982 2763 similes,
1033 2697 1214 2762 aspide
1260 2695 1427 2750 surda
1479 2695 1763 2752 deteriores
1815 2714 2062 2763 evasere;

489 2790 609 2846 ideo
661 2806 800 2860 quaz,
831 2791 960 2861 ipsis
1003 2799 1250 2844 eventura
1293 2797 1416 2844 sunt
1461 2789 1660 2845 audite.
1694 2787 1959 2846 Similiter
1997 2790 2066 2846 de

489 2881 732 2938 Hebraeis
761 2897 953 2952 agens,
985 2881 1182 2950 psalmi
1215 2896 1401 2936 Lxxvu
1434 2881 1502 2936 ad
1533 2881 1681 2937 hunc
1721 2897 1963 2946 versum,
1996 2882 2064 2937 Et

488 2974 639 3029 obliti
670 2983 790 3028 sunt
821 2973 1210 3041 benefactorum
1239 2973 1372 3043 ejus,
1409 2973 1483 3026 ita
1517 2973 1761 3044 loquitur
1793 2992 1806 3028 :
1839 2973 2068 3029 Πάντων

488 3066 601 3140 γὰρ
630 3065 832 3120 τούτων
858 3064 1029 3136 λήθην
1055 3063 1431 3135 πεποιημένοι,
1454 3066 1564 3120 τῶν
1594 3065 1730 3138 πρὸς
1753 3067 1878 3129 τοὺς
1904 3064 2070 3119 πατέο

496 3174 599 3229 ρας
639 3156 820 3210 αὐτῶν
875 3154 1344 3225 ὲπιδεδειγμένων,
1391 3155 1528 3209 ὅπλα
1575 3157 1775 3227 ἤραντο
1803 3156 1943 3210 κατὰ
1971 3155 2064 3210 τοῦ

493 3245 648 3312 Θεοῦ,
699 3247 759 3300 οὐ
807 3243 1154 3316 βουληθέντες
1201 3241 1278 3314 τῷ
1321 3243 1469 3315 νόμῳ
1499 3244 1662 3298 αὑτοῦ
1703 3245 2062 3316 πορεύεσθαιο

494 3339 674 3394 καίτοι
731 3338 816 3391 ἐπ’
852 3338 1048 3399 αὐτοὺς
1101 3335 1353 3404 κειμένου
1399 3335 1490 3389 τοῦ
1535 3336 1814 3400 δύνασθαι,
1849 3337 2068 3393 καὶτοῦ

497 3429 806 3502 βούλεσθαι,
838 3428 890 3483 id
913 3436 996 3483 est
1035 3447 1047 3482 :
1082 3426 1222 3480 Nam
1253 3429 1486 3481 omnium
1515 3445 1695 3483 eorum
1742 3429 1913 3492 obliti,
1955 3447 2071 3500 quae

493 3521 737 3591 patribus
790 3522 900 3574 suis
953 3528 1160 3573 ostensa
1215 3527 1359 3583 sunt,
1395 3535 1547 3572 arma
1597 3519 1826 3573 tulerunt
1887 3532 2071 3575 contra

496 3613 688 3678 Deum,
732 3627 850 3665 cum
896 3610 1096 3665 nollent
1145 3613 1198 3664 in
1233 3612 1339 3679 lege
1378 3610 1490 3678 ejus
1544 3610 1838 3677 ambulare,
1862 3611 2073 3666 etiamsi

496 3720 649 3770 penes
680 3703 822 3773 ipsos
853 3711 986 3756 esset
1013 3711 1069 3754 ut
1096 3711 1304 3770 possent
1330 3709 1377 3754 et
1413 3700 1618 3755 vellent.

496 3817 555 3866 V.
582 3816 796 3868 Gratiam
820 3814 1169 3866 lndill‘erentiaa
1202 3815 1262 3924 3t)
1288 3813 1597 3925 utrumlibet,
1637 3803 1728 3863 seu
1768 3815 2069 3878 versatilem,

1236 3889 1321 3925 oce
1341 3913 1360 3924 ..

1236 3889 1360 3925 οοθι.

572 3981 649 4036 Ne
683 3983 806 4050 quis
836 3995 964 4036 vero
994 3979 1246 4049 opinetur
1286 3989 1477 4050 putare
1511 3977 1823 4043 Eusebium,
1857 3995 1922 4035 ex
1955 3979 2072 4034 solo

499 4075 654 4130 liberi
702 4073 912 4127 arbitrii
969 4080 1120 4126 motu
1172 4072 1466 4134 hominem,
1506 4087 1605 4126 nec
1636 4071 1807 4141 gratia
1850 4071 2069 4137 fultum,

496 4169 696 4224 bonum
755 4168 977 4239 perinde
1029 4175 1192 4234 atque
1226 4150 1629 4220 malum-adire
1692 4179 1886 4233 posse;
1946 4163 2073 4218 huic

497 4261 796 4333 suspicioni
831 4259 1076 4314 occurrit
1108 4259 1198 4313 ille
1244 4257 1330 4311 his
1362 4256 1546 4311 verbis
1574 4275 1586 4310 :
1616 4257 1757 4322 Quos
1787 4257 2074 4325 praescion-

501 4355 576 4408 tia
609 4370 709 4407 sua
741 4363 1051 4420 pra'vertens
1101 4349 1262 4405 Deus.
1291 4356 1571 4416 antequam
1607 4349 1660 4401 in
1701 4348 1864 4400 lucent
1893 4347 2074 4417 prodi-

501 4455 634 4506 rent,
668 4445 796 4498 tales
833 4444 1041 4513 futuros
1087 4458 1196 4495 esse
1229 4450 1472 4504 noverat;
1511 4440 1600 4493 sed
1631 4449 1803 4494 tamen
1834 4441 2073 4508 permisit

501 4546 558 4589 ut
591 4543 951 4596 nascerentur,
981 4531 1156 4602 gratia
1181 4547 1280 4583 sua
1323 4530 1448 4597 ipsis
1477 4545 1676 4598 quoque
1722 4545 1986 4589 concessa,
2015 4537 2073 4581 ut
2104 4539 2150 4594 ι)

498 4627 678 4698 palam
702 4643 883 4680 eorum
913 4625 1237 4694 propositum
1263 4623 1540 4694 ﬁeretniw
1573 4624 1703 4694 παρ’
1724 4623 1887 4676 αὑτοῦ
1914 4623 2075 4692 χάριν

501 4720 595 4772 καὶ
652 4717 833 4780 αὐτοῖς
874 4714 1280 4787 δωρησάμενος,
1307 4716 1387 4776 εἰς
1420 4713 1479 4766 τὸ
1513 4716 1777 4785 φανεροὺς
1826 4714 2078 4784 γενέσθαι

502 4811 602 4880 τὴν
632 4808 965 4881 προαίρεσιν.
1004 4807 1273 4876 Siquidem
1326 4815 1374 4860 et
1418 4805 1653 4860 ordinem
1679 4806 1946 4875 justorum
1995 4823 2080 4861 re-

503 4918 646 4957 ctam
699 4917 762 4954 ac
825 4901 1040 4954 minime
1061 4897 1321 4966 deﬂexam
1375 4898 1513 4952 viam
1565 4905 1750 4964 suapte
1789 4896 2056 4957 voluntate

503 4997 764 5050 initurum
808 5001 1118 5061 pra’vertens
1161 4988 1300 5046 Deus
1351 4999 1588 5047 noverat.
1622 4989 1824 5048 Deinde
1871 4991 2080 5060 utrique

501 5086 680 5141 ordini
715 5083 940 5138 liberum
991 5081 1200 5135 arbitrii
1251 5088 1446 5132 motum
1509 5079 1736 5145 dimisit,
1785 5081 2070 5137 concedens

501 5188 559 5232 ut
611 5179 664 5231 in
695 5177 869 5231 stadio
917 5192 1130 5228 cursum
1190 5175 1525 5242 conﬁcerent.
1581 5172 1660 5225 Ac
1711 5189 1828 5225 eum
1865 5175 2082 5231 uniter-

504 5288 590 5324 sos
665 5277 860 5322 natura
918 5267 1116 5321 similes
1198 5265 1576 5325 constituisset,
1661 5262 1926 5316 voluntate
1984 5278 2082 5316 sua

506 5379 754 5433 quemque
815 5362 1035 5414 meliora
1098 5359 1323 5428 deligere
1389 5357 1590 5424 pariter
1651 5356 1914 5422 permisit.
1977 5356 2074 5407 ltli

510 5473 649 5517 vero,
700 5462 880 5522 utpote
921 5453 1008 5522 qui
1056 5452 1139 5504 sui
1184 5451 1421 5519 ipsorum
1456 5446 1678 5507 domini,
1712 5449 1794 5500 sui
1820 5448 1984 5515 juris,
2021 5463 2082 5499 ac

511 5551 660 5604 liberi
731 5545 907 5619 quoad
977 5553 1177 5598 ntotum
1238 5552 1444 5605 essent,
1505 5538 1768 5592 arbitratu
1815 5555 1910 5592 suo
1965 5538 2080 5592 dis-

500 5641 674 5710 juncti
732 5648 874 5699 sunt,
913 5636 1037 5691 aliis
1070 5645 1285 5699 rectam,
1329 5636 1596 5705 obliquam
1628 5634 1748 5688 aliis
1799 5635 1940 5688 viam
1993 5650 2080 5685 σου

508 5731 829 5798 optantibus.
853 5731 980 5786 Pari
1002 5730 1268 5786 sententia
1290 5728 1356 5782 de
1377 5726 1513 5780 Juda
1532 5728 1760 5796 loquens
1783 5725 1897 5779 haec
1921 5725 2081 5778 habet

504 5827 572 5881 ad
599 5828 792 5898 psalm.
825 5840 893 5882 ιι,
922 5822 1167 5889 εδεά,‹ἱη
1199 5836 1300 5892 quo
1324 5820 1586 5890 speravi,»
1638 5819 1746 5885 ait;
1780 5819 1855 5872 vel
1895 5835 2078 5872 secun-

2179 1977 2358 2049 (Rom.
2378 1996 2492 2042 vm,
2507 1980 2620 2050 29),
2635 1989 2737 2033 etc.
2750 2019 2763 2040 ,
2781 1980 2855 2032 ait
2875 1996 2887 2030 :
2907 1979 3115 2049 Ὥσπερ
3133 1973 3226 2030 οὖν
3241 1975 3459 2038 τούτους
3472 1974 3740 2045 προγνοὺς

2180 2071 2468 2142 μέλλοντας
2497 2074 2716 2142 ἀγαπᾷν
2749 2070 2907 2123 αὑτὸν
2943 2068 3264 2140 προώρισεν·
3284 2065 3456 2129 οὕτως
3489 2068 3581 2118 καὶ
3615 2067 3744 2132 τοὺς

2175 2161 2409 2224 ἀσεϐεῖς,
2433 2162 2616 2231 ἐπειδὴ
2633 2162 2879 2232 προέγνω
2898 2159 3186 2230 μέλλοντας
3201 2156 3376 2210 λαλεῖν
3398 2153 3743 2224 δικαιοσύνην

2165 2253 2252 2307 διὰ
2272 2254 2333 2306 τὸ
2355 2252 2639 2322 γινώσκειν
2658 2250 2846 2322 αὐτὴν,
2874 2250 2934 2303 οὐ
2968 2249 3072 2320 μὴν
3107 2249 3200 2302 καὶ
3229 2248 3341 2306 τοῖς
3371 2244 3551 2314 ἔργοις
3578 2238 3748 2310 αὐτὴν

2168 2345 2679 2417 μετελευσομένους,
2700 2343 2786 2396 διὰ
2816 2342 2877 2395 τὸ
2905 2343 3026 2404 ταῖς
3061 2338 3248 2411 χερσὶν
3275 2336 3485 2391 ἀδικίαν
3509 2329 3748 2402 συμπλέ-

2167 2454 2304 2499 κειν,
2339 2436 2530 2489 τούτου
2555 2435 2711 2506 χάριν
2755 2431 3192 2502 ἀπηλλοτρίωσεν
3235 2427 3343 2481 ἀπὸ
3385 2427 3618 2497 μήτρας,
3652 2423 3747 2477 καὶ

2166 2527 2224 2578 ἐν
2253 2523 2624 2595 πλανωμένοις
2644 2523 2737 2575 καὶ
2761 2519 2977 2574 λαλοῦσι
3015 2519 3182 2590 ψευδῆ
3219 2517 3348 2588 παρ’
3388 2513 3565 2584 ἐαυτῷ
3618 2529 3748 2566 κατ-

2163 2615 2438 2686 ηρίθμησε
2465 2614 2594 2686 πρὶν
2613 2613 2880 2682 γενέσθαι,
2913 2608 3253 2681 συνεχώρησε
3285 2626 3368 2674 τε,
3387 2606 3539 2668 εἰδὼς
3555 2605 3748 2667 αὐτοὺς

2162 2703 2435 2767 τοιούτους
2452 2704 2758 2773 ἐσομένους,
2787 2704 2868 2767 είς
2891 2702 3125 2771 φανερὸν
3141 2699 3334 2759 ἐλθεῖν,
3359 2698 3433 2762 ὡς
3463 2698 3528 2750 ἂν
3551 2695 3612 2748 τὸ
3634 2693 3749 2749 διά-

2166 2813 2334 2868 φορον
2357 2795 2466 2848 τῶν
2493 2794 2716 2848 δικαίων
2747 2795 2842 2847 καὶ
2871 2792 3137 2847 θεοσεϐὦν
3166 2790 3378 2861 ἀνδρῶν
3418 2791 3483 2843 ἐκ
3512 2788 3610 2859 τῆς
3633 2784 3746 2840 τῶν

2164 2887 2420 2959 χειρόνων
2459 2884 2810 2957 παραθέσεως
2857 2883 3234 2956 διαλάμψειεν.
3267 2882 3412 2945 Μιᾶς
3455 2879 3563 2950 γὰρ
3593 2878 3751 2941 ὄντες

2165 2977 2379 3048 φύσεως
2409 2979 2458 3031 oi
2490 2977 2711 3039 πάντες,
2745 2977 2794 3028 οἱ
2831 2975 2931 3045 μὲν
2959 2973 3180 3037 ἑκόντες
3211 2971 3427 3026 εἵλαντο
3457 2969 3530 3024 τὰ
3562 2968 3749 3041 κρείτ-

2163 3086 2261 3134 τω,
2280 3069 2330 3124 οι
2349 3069 2404 3124 δὲ
2419 3067 2517 3140 τὴν
2537 3067 2780 3121 ἐναντίαν
2807 3065 3066 3127 ὥδευσαν,
3085 3063 3412 3133 αὑτεξουσίῳ
3431 3060 3754 3134 προαιρέσει

2167 3163 2519 3234 χρησάμενοι.
2575 3158 2632 3214 Id
2662 3167 2744 3214 est
2773 3174 2787 3210 :
2825 3142 3280 3224 Quemadmodum
3317 3156 3477 3224 igitur
3509 3169 3624 3207 cum
3657 3167 3752 3208 eos

2171 3254 2539 3322 prtescivisset,
2563 3252 2650 3322 qui
2685 3251 2918 3304 amaturi
2966 3251 3139 3318 ipsum
3197 3257 3368 3310 erant,
3399 3249 3557 3302 etiam
3612 3261 3754 3314 prce

2172 3345 2454 3399 destinavit
2503 3359 2626 3407 eos;
2670 3344 2747 3397 sic
2793 3352 2840 3396 et
2881 3342 3066 3409 impios
3099 3357 3216 3393 cum
3241 3339 3564 3409 prwvidisset
3584 3339 3753 3409 justi-

2174 3439 2304 3491 tiam
2328 3435 2535 3508 quidem
2563 3435 2851 3496 locuturos,
2887 3442 3062 3501 utpote
3092 3432 3181 3500 qui
3209 3441 3416 3485 nossent
3440 3430 3623 3494 illam,
3659 3428 3753 3484 sed

2171 3530 2342 3598 ipsam
2373 3538 2546 3582 tamen
2587 3543 2690 3580 non
2724 3524 2965 3593 operibus
3007 3522 3246 3576 adituros
3281 3539 3414 3581 esse.
3455 3523 3578 3590 quia
3608 3520 3756 3589 inju-

2172 3623 2378 3676 stitiam
2425 3619 2671 3674 manibus
2712 3615 3081 3686 complicaturi
3125 3622 3306 3678 erant;
3349 3613 3463 3666 ideo
3501 3611 3753 3664 alienavit

2173 3729 2260 3767 eos
2295 3729 2327 3764 a
2357 3710 2530 3773 vulva,
2564 3718 2632 3772 et,
2661 3709 2738 3762 vel
2773 3722 3050 3777 antequam
3078 3706 3280 3774 ﬁerent,
3310 3705 3364 3756 in
3391 3705 3679 3758 errantium
3701 3713 3750 3756 et

2173 3802 2451 3857 mendacia
2499 3801 2820 3872 loquentium
2859 3815 3073 3853 numero
3118 3796 3256 3866 apud
3287 3814 3340 3850 se
3381 3796 3697 3864 computavit
3729 3812 3755 3848 τ

2173 3897 2508 3965 permisitque
2539 3905 2732 3954 tamen.
2764 3893 2864 3947 etsi
2924 3893 3052 3945 tales
3081 3891 3288 3959 futuros
3318 3905 3428 3942 esse
3462 3897 3656 3949 nosset,
3689 3894 3751 3939 ut

2173 3992 2351 4062 palam
2381 3989 2670 4059 prodirent,
2704 4005 2805 4058 quo
2838 3985 3152 4055 prazstantia
3167 3983 3439 4051 justorum
3462 3990 3508 4033 et
3535 3981 3748 4050 religio-

2177 4101 2355 4140 sorum
2399 4085 2668 4137 hominum
2698 4097 2762 4136 etc
2803 4081 3040 4149 pejorum
3084 4076 3475 4141 comparatione
3505 4073 3750 4129 eluceret.

2178 4175 2320 4230 Nam
2363 4192 2481 4230 cum
2528 4189 2592 4228 ex
2625 4190 2731 4226 una
2766 4188 2943 4225 onmes
2995 4179 3189 4222 natura
3231 4174 3550 4225 constarent.
3591 4165 3754 4220 ίὲίγενο

2175 4270 2259 4323 usi
2309 4268 2550 4329 arbitrio,
2590 4265 2685 4318 alii
2744 4262 2952 4333 quidem
3005 4269 3185 4330 sponte
3237 4258 3424 4312 bonum
3465 4259 3748 4328 elegerunt,

2177 4359 2272 4413 alii
2299 4358 2622 4412 contrariam
2655 4355 2813 4409 iniere
2842 4354 2999 4407 vium.
3028 4351 3158 4418 Qua:
3188 4351 3370 4406 omnia
3420 4350 3491 4402 ita
3536 4349 3754 4421 perspi-

2177 4465 2279 4506 cue
2308 4449 2686 4510 enuutiantur,
2714 4453 2772 4499 ut
2791 4444 2999 4515 (Edipo
3033 4458 3139 4497 non
3167 4452 3379 4514 egeant.

2789 4575 3020 4632 CAPUT
3062 4576 3149 4632 Vl.

2285 4709 2492 4750 EUSBBII
2549 4707 2615 4748 ῐιε
2654 4705 2826 4746 VERBO
2863 4707 2932 4746 Ετ
2970 4703 3118 4744 ειιιιο
3166 4703 3253 4742 DEI
3295 4702 3617 4743 SENTENTIA.

2182 4829 2232 4886 ι.
2277 4827 2452 4883 Varite
2484 4828 2626 4881 circa
2663 4825 2880 4880 Eusebii
2916 4822 2979 4876 de
3014 4820 3154 4875 Filio
3185 4819 3281 4874 Dei
3307 4820 3600 4872 doctrinam
3631 4821 3750 4888 opi-

2249 4901 2454 4955 niones.
2505 4895 2588 4952 II.
2637 4895 2891 4951 Eusebius
2937 4893 3087 4946 docet
3137 4893 3392 4944 unitatem
3443 4889 3652 4942 deitatis
3695 4891 3752 4942 in

2248 4987 2353 5024 uno
2400 4968 2560 5022 Patre
2607 4968 2826 5020 servari.
2877 4963 2994 5019 111.
3047 4960 3245 5015 Filium.
3298 4960 3445 5029 longe
3495 4963 3750 5029 minorem

2251 5039 2432 5094 Patre.
2471 5037 2574 5092 IV.
2611 5037 2840 5092 Diversa:
2872 5034 3206 5090 substantire.
3253 5029 3313 5084 V.
3351 5028 3616 5097 Interpres
3642 5028 3749 5081 La-

2253 5111 2392 5163 tinus
2431 5127 2448 5157 ι
2486 5107 2958 5161 Demonstrationis
2987 5102 3293 5172 evangelica:
3331 5120 3346 5152 ι
3377 5101 3439 5172 de
3483 5100 3749 5172 industria

2252 5179 2535 5234 Eusebium
2567 5179 2634 5230 ad
2675 5177 2988 5231 catholicam
3016 5165 3320 5226 sententiam
3353 5170 3592 5223 detorsit.
3651 5165 3744 5221 VI.

2189 5271 2192 5274 ’
2251 5249 2510 5306 Eusebius
2547 5248 2677 5301 Filii
2707 5247 2957 5300 deitatent
2997 5244 3158 5296 aliam
3199 5243 3385 5295 statuit
3427 5257 3458 5292 α
3502 5249 3743 5304 paterna.

2216 5375 2223 5382 ,
2261 5319 2390 5376 VII.
2448 5318 2676 5373 Grandis
2713 5315 3100 5384 paralogismus
3141 5311 3368 5384 Euseb_ii.
3416 5308 3586 5384 Vlll_._
3629 5306 3750 5384 Dion

2249 5393 2464 5447 obscure
2491 5390 2638 5442 docet
2673 5377 2867 5441 Filium
2893 5377 2993 5438 non
3015 5401 3124 5437 esse
3148 5400 3258 5436 vere
3284 5381 3471 5434 Deum.
3505 5377 3606 5433 IX.
3634 5377 3748 5441 Quo

2252 5479 2406 5517 sensu
2443 5459 2642 5513 Filium
2689 5460 2847 5510 Deum
2878 5472 2989 5509 esse
3021 5453 3181 5506 dicat.
3219 5452 3287 5506 Χ.
3327 5451 3496 5515 Quam
3528 5449 3746 5501 adversa

2254 5532 2451 5586 rationi
2501 5540 2549 5584 et
2601 5530 2891 5589 priscorum
2954 5525 3176 5578 Patrum
3229 5522 3496 5589 sententiae
3547 5524 3744 5572 tradat.

2252 5603 2355 5657 XI.
2388 5602 2520 5656 Cum
2554 5588 2766 5653 Arionis
2799 5598 2953 5664 plane
2993 5593 3266 5648 consentit.
3300 5588 3431 5664 ΧΠ.
3474 5589 3591 5664 Qua
3618 5605 3750 5664 _srn-

2253 5675 2415 5728 tentia
2437 5671 2512 5736 τῷ
2533 5660 3400 5741 ὁμουσίῳ,’διυε’εοηδιιῦειαηιίαίί,
3425 5660 3750 5738 subscripse-

2252 5746 2339 5796 rit.
2385 5729 2706 5808 .Ylll.'Qua
2742 5729 2900 5808 sensu
2926 5739 2998 5808 ἐξ
3025 5735 3315 5808 οιὶκλρντων
3343 5739 3504 5799 neget,
3530 5739 3578 5782 et
3605 5729 3748 5795 geni-

2253 5826 2358 5868 tum
2407 5802 2801 5866 Filiunfdicat.
2857 5802 3014 5862 XIV.
3049 5802 3250 5857 Filium
3291 5810 3436 5873 negat
3477 5803 3770 5854 a'ternum.‘
