4096 6386
379 359 448 416 ὶθ
1156 355 1662 414 COMMENTABIA
1701 355 1766 411 IN
1809 351 2155 412 PSALMOS.
2195 384 2266 395 —
2303 351 2854 411 PRELIMINARIA.
3563 353 3636 408 30

437 472 487 530 Χ
502 472 805 545 Vﬁumma
820 474 1076 528 doctrinae
1093 471 1329 529 Eusebii.
1358 472 1410 527 Χ
1425 457 1694 545 νιλάη
1721 471 1960 543 defendi-
1988 479 2035 534 Α
2060 479 2290 543 occupat
2338 471 2630 538 Eusebius,
2678 471 2811 526 dum
2864 471 2939 525 ait
2997 471 3063 524 ad
3113 472 3381 539 psalmum
3427 469 3639 543 Assphi

427 543 591 600 tur.X
605 543 1003 602 HLArianum
1030 545 1252 614 probant
1267 555 1377 598 tam
1399 555 1546 616 gesta
1569 543 1728 615 quam
1740 546 1957 612 scripta.

381 653 402 707 Ι
446 656 603 706 Varla
621 655 750 706 circa
775 655 981 706 Eusebii
1006 655 1070 705 de
1093 654 1222 705 Filio
1244 656 1340 706 Dei
1373 653 1645 705 doctrinam
1679 655 1956 717 opiniones.

449 739 666 796 Jamdiu
697 741 844 796 inter
887 740 1081 796 doctos
1123 740 1486 810 disceptatum
1531 748 1636 804 est,
1663 757 1787 813 qua?
1831 754 1960 795 vera

383 831 549 890 fuerit
570 833 790 890 Eusebii
826 833 1184 891 Caesariensis
1207 835 1275 889 de
1317 832 1458 890 Filio
1489 835 1586 890 Dei
1615 835 1833 906 opinio;
1867 835 1960 890 alii

381 927 529 984 enim
569 927 841 982 catholice
886 927 1131 982 sensisse
1181 927 1505 992 defendunt,
1533 943 1637 984 nec
1681 928 1961 999 quidpiam

382 1016 600 1072 Arianae
631 1019 766 1074 labis
794 1019 850 1073 in
881 1019 1104 1090 scriptis
1148 1018 1270 1088 ejus
1303 1017 1638 1090 deprehendi
1684 1027 1958 1092 pugnant;

383 1109 468 1166 vel
499 1111 545 1164 si
583 1111 713 1182 quid
747 1111 1210 1182 deprehendatur,
1239 1111 1293 1165 in
1326 1112 1395 1167 iis
1432 1121 1581 1168 certe
1609 1113 1831 1182 scriptis
1862 1113 1962 1167 ob-

384 1203 614 1268 servari,
641 1220 762 1274 quae
787 1214 912 1260 ante
936 1203 1210 1260 Nicmnam
1241 1205 1508 1275 synodum
1539 1206 1740 1272 edidit;
1777 1205 1830 1259 in
1865 1220 1961 1275 po-

385 1295 711 1350 sterioribus
757 1311 868 1350 non
917 1297 1047 1351 item
1086 1315 1099 1351 :
1160 1296 1252 1350 alii
1301 1305 1495 1353 contra
1547 1298 1617 1353 ab
1663 1297 1960 1352 Arianismi

383 1392 599 1448 exortu,
636 1387 701 1440 ad
736 1387 946 1441 obitum
981 1403 1163 1452 suum,
1198 1388 1334 1443 adeo
1368 1389 1686 1444 manifestas
1717 1404 1838 1443 cum
1869 1403 1963 1459 ge-

385 1477 485 1538 stis
513 1486 627 1531 tum
656 1479 878 1549 scriptis
908 1479 1023 1534 suis
1049 1479 1268 1536 dedisse
1293 1480 1634 1535 contendunt
1661 1479 1959 1536 Arianismi

382 1580 563 1635 notas,
621 1577 678 1624 ut
716 1571 1102 1627 incunctanter
1145 1573 1288 1629 inter
1332 1573 1661 1629 Arianorum
1713 1572 1961 1643 primipi-

384 1661 528 1722 lares
543 1663 1052 1719 connumerandum
1079 1673 1358 1721 censeant.
1378 1665 1654 1732 Talemne,
1682 1665 1958 1734 inquiunt,

383 1755 682 1818 hominem,
717 1756 812 1825 qui
860 1772 1076 1827 semper
1120 1756 1381 1827 augendae
1414 1758 1685 1812 Arianicae
1725 1757 1806 1812 rei
1849 1764 1958 1810 tam

2060 565 2334 621 decimum
2366 580 2382 618 :
2415 565 2532 618 Ἵνα
2567 565 2642 636 μή
2682 581 2768 628 τις
2783 564 2946 618 αὑτὸν
2981 563 3135 634 ψιλὸν
3165 563 3424 618 ὑπολάϐοι
3466 562 3651 635 ἄνδρα.
3665 603 3717 674 ρ

2061 659 2155 712 καὶ
2180 660 2295 724 τοῖς
2322 656 2537 721 πολλοῖς
2567 659 2771 728 ὅμοιον,
2799 655 3039 722 θεολογεῖ
3063 655 3224 708 αὐτὸν
3260 657 3317 708 ὲν
3356 658 3468 719 τοῖς
3500 654 3646 726 μετὰ

2059 753 2264 820 χεῖρας,
2296 750 2475 821 φήσας
2495 765 2508 780 ⁸
2551 749 2606 800 Ὁ
2641 747 2786 814 Θεὸς
2825 747 2974 815 ἔστη
3002 747 3071 800 ἐν
3115 745 3435 816 συναγωγῇ
3465 743 3649 799 θεῶν..

2061 840 2172 893 Καὶ
2205 839 2354 901 ὅπως
2387 837 2461 909 μὴ
2492 836 2790 909 ταραχθεξη
2820 853 2906 900 τις
2943 837 3022 899 εἰς
3060 833 3152 890 τὸν
3183 836 3311 908 περ)⁸
3342 835 3641 906 μοναρχίας

2061 932 2240 1002 λόγον,
2267 931 2398 985 Θεὸν
2441 929 2654 985 ἀκούων
2683 930 2774 982 τὸν
2815 929 3050 1000 Χριστὸν
3087 927 3181 981 τοῦ
3213 926 3370 992 Θεοῦ,
3415 928 3640 992 εἰκότως

2061 1025 2156 1078 καὶ
2188 1024 2436 1088 πλείονας
2462 1023 2616 1086 θεοὺς
2643 1021 2896 1092 ὀνομάζει
2921 1023 3046 1084 τοὺς
3073 1021 3160 1074 διὰ
3186 1020 3295 1074 τῶν
3325 1020 3456 1092 ἑξῆς
3509 1036 3650 1074 κατ--

2060 1116 2487 1188 ηγορουμένους,
2545 1115 2821 1185 μονονουχὶ
2856 1113 3363 1185 παρακελευόμενος
3413 1112 3486 1183 μὴ
3531 1112 3640 1165 ἀπε

2060 1213 2240 1264 οκνεῖν
2266 1209 2472 1262 καὶτὸν
2505 1209 2634 1262 Υἱὸν
2664 1209 2756 1261 τοῦ
2783 1207 2918 1261 Θεοῦ
2941 1205 3072 1259 Θεὸν
3098 1205 3414 1259 ἀποκαλεῖν.
3444 1205 3508 1257 Εἰ
3531 1203 3640 1276 γὰρ

2059 1305 2109 1356 οἱ
2141 1301 2545 1372 διαϐαλλόμενοι
2588 1301 2682 1354 τοῦ
2732 1299 2916 1364 ἔθνους
2948 1299 3206 1370 ἄρχοντες
3250 1296 3364 1349 θεοὶ
3404 1294 3640 1367 ἠξιώθη-

2063 1412 2161 1448 σαν
2193 1394 2580 1464 ὀνομασθῆναι,
2615 1396 2764 1456 ποῖος
2793 1391 2859 1445 ἂν
2899 1390 3110 1460 γένοιτο
3142 1388 3382 1452 κίνδυνος
3425 1388 3516 1441 τὸν
3550 1388 3640 1442 ἄν-

2058 1487 2160 1557 δρα
2194 1486 2294 1556 τῆς
2318 1485 2498 1552 δεξιᾶς
2523 1483 2616 1538 τοῦ
2657 1483 2792 1538 Θεοῦ
2823 1484 2917 1538 καὶ
2949 1482 3041 1534 τὸν
3072 1482 3198 1534 Υἱὸν
3228 1481 3323 1535 τοῦ
3353 1479 3639 1550 ἀνθρώπου

2059 1576 2149 1628 τὸν
2196 1574 2670 1645 κεκραταιωμένον
2711 1574 2844 1627 Θεὸν
2889 1574 3170 1645 ὁμολογεῖν
3207 1591 3221 1640 ;
3283 1573 3337 1626 id
3384 1580 3468 1627 est
3503 1591 3514 1625 :
3557 1569 3639 1626 Ne

2059 1670 2176 1738 quis
2209 1670 2381 1735 ipsum
2414 1684 2616 1721 merum
2644 1668 2926 1730 hominem,
2950 1675 2998 1719 et
3031 1666 3212 1720 multis
3240 1665 3364 1718 aliis
3391 1663 3639 1725 similem,

2061 1763 2434 1824 arbitraretur,
2476 1761 2648 1829 ipsum
2681 1758 2764 1811 hic
2809 1758 2978 1812 Deum
3021 1759 3281 1828 praedicat
3324 1756 3405 1810 his
3436 1755 3641 1810 verbis:

381 1848 583 1903 acriter
608 1848 969 1912 adlaboravit,
1017 1849 1112 1918 qui
1155 1847 1447 1904 diuturnas
1485 1865 1609 1905 cum
1644 1848 1864 1904 Arianis
1893 1847 1959 1902 ad
1989 1839 2032 1894 Β
2068 1874 2087 1906 ι
2140 1854 2282 1909 Deus
2327 1855 2470 1908 stetit
2503 1855 2557 1906 in
2584 1868 2853 1922 synagoga
2894 1851 3133 1905 deorum.
3167 1870 3186 1902 ι
3236 1851 3312 1903 Ac
3342 1867 3406 1904 ne
3432 1849 3548 1919 quis
3579 1847 3661 1901 ob‘

382 1939 781 1995 restituendum
813 1940 1006 1994 Arium
1052 1942 1313 1998 excubias
1341 1943 1476 2013 egit,
1509 1943 1602 2014 qui
1631 1943 1961 2014 capitalibus

381 2031 525 2086 odiis
557 2032 842 2088 catholicae
885 2033 964 2088 rei
992 2048 1250 2103 proceres
1274 2035 1498 2092 assidue
1529 2038 1840 2109 exagitavit,
1867 2053 1961 2093 ca-

381 2123 644 2187 tholicum
679 2128 1048 2182 censeamus?
1079 2125 1220 2183 Hinc
1261 2129 1310 2184 si
1356 2129 1576 2200 scriptis
1619 2129 1739 2200 ejus
1785 2136 1963 2186 atten-

380 2216 502 2277 das,
537 2215 710 2282 aiunt,
744 2217 915 2286 probe
945 2232 1070 2271 cum
1099 2218 1270 2288 gestis
1314 2233 1624 2274 consonare
1656 2218 1963 2289 deprehen-

379 2306 477 2362 des
503 2326 517 2371 :_
555 2322 686 2362 nam
709 2307 806 2392 qui
837 2306 1036 2363 Filium
1067 2309 1272 2379 passim
1306 2311 1572 2367 minorem
1601 2309 1784 2375 Patre,
1825 2312 1962 2367 alte-

377 2415 500 2461 rum
531 2399 700 2456 Deum
721 2393 1065 2467 inferiorem,
1093 2418 1157 2458 ac
1184 2402 1497 2460 ministrum
1529 2419 1724 2475 purum
1751 2405 1847 2468 ait,
1867 2404 1961 2476 qui

377 2493 692 2550 catholicus
722 2494 1026 2549 habeatur?
1053 2494 1168 2567 Ego
1199 2511 1330 2552 vero
1365 2497 1435 2552 iis
1463 2496 1556 2568 qui
1594 2497 1961 2552 orthodoxum

377 2582 679 2640 Eusebium
715 2593 946 2648 censent
993 2586 1063 2641 ad
1111 2587 1248 2642 tanti
1276 2588 1378 2643 viri
1416 2589 1795 2659 purgationem
1831 2588 1966 2644 asti-

377 2677 552 2749 pulari
603 2686 971 2748 peroptarem,
1004 2677 1052 2733 si
1100 2693 1198 2748 per
1229 2679 1351 2747 ejus
1404 2680 1612 2751 scripta
1654 2681 1878 2745 liceret;
1907 2687 1963 2734 at

379 2786 542 2830 secus
571 2770 805 2826 suadent
831 2785 958 2824 cum
995 2779 1192 2824 caetera
1221 2769 1341 2839 ejus
1364 2785 1551 2841 opera,
1582 2781 1695 2826 tum
1727 2755 1963 2826 maxime

378 2861 435 2914 hi
474 2859 879 2922 commentarii,
911 2859 1006 2914 ubi
1031 2859 1408 2916 Arianismum
1434 2870 1621 2933 aperte
1652 2862 1959 2933 proﬁtetur.

380 2950 500 3005 Non
529 2968 597 3008 ex
641 2952 826 3022 aliqua
863 2950 1030 3022 igitur
1063 2953 1417 3024 praejudicata
1448 2953 1706 3024 opinione
1743 2953 1811 3008 ad
1841 2969 1962 3008 eam

380 3045 710 3101 sententiam
753 3045 1102 3101 accedimus:
1153 3045 1354 3101 nedum
1401 3046 1547 3102 enim
1593 3061 1736 3118 aegre
1767 3047 1957 3111 feram,

381 3152 730 3208 summopere
763 3137 1032 3208 gaudebo,
1066 3137 1111 3194 si
1144 3137 1270 3210 quis
1305 3138 1373 3194 ab
1403 3155 1468 3194 eo
1511 3155 1622 3194 non
1655 3138 1818 3195 modo
1845 3139 1960 3193 cul-

378 3245 529 3300 pam,
568 3231 661 3286 sed
694 3231 858 3288 etiam
893 3231 1286 3300 suspicionem.
1319 3231 1597 3288 dimovere
1629 3233 1838 3303 possit:
1873 3231 1960 3286 id-

379 3337 487 3392 que
515 3322 646 3383 mihi
675 3338 780 3376 non
814 3322 998 3378 minus
1021 3338 1087 3378 ex
1113 3323 1414 3386 voluntate,
1437 3339 1600 3394 quam
1623 3335 1820 3395 prater
1843 3324 1962 3395 opi-

379 3415 600 3474 nionem
627 3413 804 3476 cadet.
847 3411 1054 3468 Vereor
1083 3415 1228 3470 enim
1271 3423 1330 3468 ut
1363 3416 1455 3485 qui
1487 3416 1820 3471 catholicum
1852 3415 1959 3470 Eu-

382 3507 595 3573 sebium
640 3505 934 3572 adirmant,
968 3516 1177 3563 tantam
1211 3509 1268 3563 in
1298 3507 1588 3564 adversum
1620 3523 1746 3562 mox
1781 3509 1962 3578 proie-

381 3601 608 3657 rendam
654 3601 896 3656 locorum
930 3603 1123 3656 silvam
1171 3617 1535 3672 concoquere,
1565 3609 1620 3655 et
1651 3601 1719 3655 ad
1747 3601 1962 3657 sincera

383 3691 639 3763 dogmata
699 3694 1030 3764 detorquere
1093 3695 1326 3748 valeant.
1384 3693 1603 3748 Eusebii
1663 3694 1847 3764 itaque
1895 3694 1964 3750 de

383 3784 562 3840 Verbo
601 3794 649 3841 et
686 3784 823 3841 Filio
851 3786 946 3842 Dei
976 3787 1304 3841 sententiam
1350 3786 1406 3840 in
1453 3796 1602 3841 certa
1625 3787 1799 3856 capita
1849 3788 1963 3843 dis-

382 3877 636 3938 tinctam,
697 3887 806 3930 tam
852 3892 919 3930 ex
949 3877 1036 3932 his
1069 3877 1505 3940 commentariis,
1539 3893 1704 3948 quam
1739 3893 1806 3932 ex
1839 3879 1963 3936 aliis

378 3967 502 4036 ejus
528 3967 770 4034 scriptis,
800 3967 1150 4036 maximeque
1195 3981 1262 4020 ex
1287 3967 1585 4036 evangelica
1617 3967 1966 4022 Demonstra-

382 4057 544 4122 tione,
568 4063 623 4112 et
644 4072 708 4110 ex
741 4055 898 4111 libris
928 4053 1130 4110 Contra
1159 4054 1472 4110 Marcellum
1495 4057 1551 4110 in
1582 4056 1818 4111 medium
1843 4057 1968 4112 alic-

381 4165 602 4205 remus:
639 4163 869 4219 eamque
913 4150 1244 4205 sententiam
1277 4149 1692 4219 amplectemur,
1732 4165 1854 4220 quae
1895 4151 1965 4206 ab

381 4244 500 4315 ipsa
528 4245 604 4298 rei
630 4247 859 4300 veritate
879 4251 934 4300 et
965 4244 1355 4315 perspicuitate
1374 4242 1714 4300 suadebitur.

382 4354 445 4405 il.
469 4355 715 4406 Eusebius
733 4357 883 4406 docet
903 4359 1144 4407 unitatem
1167 4358 1261 4408 Dei
1297 4359 1348 4407 in
1374 4369 1475 4407 uno
1499 4357 1648 4407 Patre
1677 4361 1878 4408 servari.
1903 4387 1966 4399 --

658 4437 744 4488 Ill.
782 4439 964 4489 Filium
985 4441 1135 4503 longe
1157 4439 1413 4490 minorem
1431 4441 1590 4491 Patri.

2063 1944 2407 2011 monarchiw,
2441 1945 2549 1998 sive
2591 1943 2748 1996 unius
2794 1942 3060 2011 principii,
3095 1942 3352 1995 rationem
3403 1937 3658 1992 turbare...

2061 2044 2168 2102 tur,
2201 2032 2478 2089 Christum
2521 2032 2618 2087 Dei
2657 2031 2825 2087 Deum
2856 2049 2970 2088 esse
3012 2033 3273 2096 audiens;
3304 2039 3659 2102 congruenter-

2061 2125 2146 2178 hic
2173 2125 2368 2179 multos
2407 2123 2532 2179 deos
2566 2125 2805 2179 nominat
2842 2141 2954 2188 eos,
2984 2125 3074 2194 qui
3115 2123 3211 2179 sub
3255 2123 3365 2180 hazc
3403 2125 3657 2176 incusum

2061 2227 2149 2271 tur
2173 2233 2191 2271 :
2223 2227 2431 2272 tantum
2460 2235 2564 2272 non
2590 2218 2900 2287 prazcipiens
2929 2227 2987 2270 ut
3021 2233 3085 2271 ne
3111 2225 3416 2270 cunctemur
3440 2213 3644 2269 Filium

2060 2327 2262 2381 quoque
2297 2309 2393 2364 Dei
2432 2309 2600 2364 Deum
2643 2325 2850 2364 uocare.
2890 2307 2952 2364 Si
2983 2309 3121 2362 enim
3161 2308 3328 2378 gentis
3358 2306 3663 2374 principes,,

2059 2404 2150 2467 qui
2185 2401 2322 2457 male
2359 2401 2665 2465 audiebant,
2701 2402 2797 2457 Dei
2825 2401 3036 2457 nomine
3067 2399 3275 2470 dignati
3308 2405 3450 2464 sunt,
3479 2395 3644 2468 quod,

2057 2511 2258 2565 quazso,
2291 2494 2581 2562 periculum
2609 2494 2789 2564 fuerit,
2822 2495 2870 2548 si
2902 2493 3072 2548 uirum
3106 2491 3334 2546 dextera:
3355 2489 3448 2544 Dei
3471 2498 3521 2542 et
3552 2487 3648 2543 Fid

2063 2587 2191 2639 lium
2222 2585 2448 2640 hominis
2472 2588 2868 2656 conﬁrmatum,
2908 2587 3074 2642 Deum
3099 2585 3405 2655 fateamur?
3430 2581 3668 2639 Clarius.

2061 2684 2240 2730 autem
2256 2678 2309 2731 in
2327 2679 2670 2748 expositione
2684 2679 2876 2748 psalmi
2903 2674 3385 2740 1.xxxvm,vers.7,
3407 2673 3662 2744 idipsum.

2059 2767 2318 2838 exprimit
2369 2767 2455 2824 his
2506 2770 2722 2826 verbis:
2756 2772 2916 2823 Δοκεῖ
2962 2768 3019 2822 δέ
3073 2786 3161 2839 μοι
3194 2770 3222 2820 ὁ
3257 2767 3662 2838 limem-13;"...

2061 2857 2602 2930 ὑπερεκπλήττεσθαι
2634 2860 2727 2914 τὸν
2777 2860 3036 2914 ἐπέκεινα
3086 2860 3322 2920 πάντων,
3361 2857 3456 2910 καὶ
3507 2856 3656 2932 ὑπὲρ

2061 2950 2273 3014 πάντας
2309 2950 2402 3006 τὸν
2444 2951 2728 3023 Μονογενῆ
2758 2952 2852 3006 τοῦ
2886 2950 3024 3006 Θεοῦ
3044 2969 3057 2982 ·
3091 2948 3189 3005 εἶτ’
3218 2953 3282 3004 ὲκ
3305 2949 3398 3004 τοῦ
3432 2948 3666 3021 ῡαύμα-.

2058 3061 2151 3108 τος
2185 3045 2674 3116 ἀναπφωνηκὲναι
2703 3045 2784 3111 τὸ,
2823 3047 2951 3101 "Ott
2975 3047 3066 3112 τίς
3095 3043 3165 3097 ἐν
3194 3042 3480 3113 νεφέλαις
3509 3044 3662 3095 ισω-.

2063 3136 2309 3204 θήσεται
2359 3136 2440 3202 τῷ
2482 3138 2780 3209 Κυρίῳ;ἢ
2831 3137 2972 3192 κατὰ
3027 3137 3118 3190 τὸν
3167 3133 3495 3208 Σύμμαχονο
3553 3134 3647 3200 Τίς

2065 3229 2175 3300 γὰρ
2206 3229 2276 3283 ἐν
2323 3227 2511 3298 αὶθέρι
2543 3227 3004 3297 ἁντιπαραθέσει
3049 3227 3128 3294 τῷ
3161 3229 3354 3295 Κυρίῳ
3397 3227 3468 3280 ἐν
3497 3225 3663 3294 υἱοῖς,

2067 3322 2247 3386 Θεοῦ;
2274 3319 2459 3374 Ταῦτα
2501 3320 2557 3373 δὲ
2587 3321 2714 3392 περὶ
2748 3321 2845 3391 μὲν
2886 3320 2978 3373 τοῦ
3015 3319 3354 3388 Μονογενοῦς
3391 3317 3485 3371 τοῦ
3512 3315 3648 3374 Θεοῦ

2065 3413 2329 3484 λεγόμενα
2362 3411 2523 3476 σώζοι
2557 3411 2623 3465 ἂν
2649 3412 2847 3482 εὐσεϐῆ
2878 3411 2977 3482 τὴν
3009 3411 3266 3472 διάνοιαν,
3298 3411 3359 3462 οὐ
3391 3409 3489 3480 μὲν
3519 3407 3649 3480 περὶ

2063 3505 2156 3558 τοῦ
2187 3504 2401 3576 Πατρὸς
2445 3504 2538 3557 καὶ
2567 3503 2702 3557 Θεοῦ
2732 3504 2840 3556 τῶν
2881 3502 3051 3556 ὅλων·
3087 3503 3354 3565 ἀνοίκειος
3401 3502 3511 3572 γὰρ
3552 3500 3650 3555 καὶ

2064 3599 2268 3670 ἀσεϐὴς
2303 3601 2336 3670 ὴ
2382 3597 2701 3670 παράθεσις.
2739 3597 2812 3650 Τὸ
2857 3595 2966 3666 γὰρ
3009 3597 3143 3659 υἱοῖς
3187 3594 3322 3648 Θεοῦ
3368 3593 3648 3664 παραϐάλ-

2064 3690 2175 3743 λειν
2217 3691 2277 3743 τὸ
2331 3691 2548 3744 πάντων
2592 3690 2788 3753 αἴτιον,
2839 3687 2932 3741 καὶ
2978 3687 3040 3740 τὸ
3089 3686 3397 3759 συγκρίνειν
3443 3686 3649 3757 ἑτέροις

2063 3782 2267 3853 τολμᾷν
2296 3782 2386 3834 τὸν
2421 3781 2677 3834 ἐπέκεινα
2721 3779 2830 3833 τῶν
2859 3779 2994 3833 ὅλων
3033 3777 3185 3842 Θεὸν,
3217 3777 3432 3830 πάντων
3457 3774 3524 3828 ἂν
3552 3774 3650 3843 γέ-

2065 3890 2206 3928 νοιτο
2233 3873 2610 3926 ἀνοσιώτατον.
2652 3871 2956 3934 Ἀκίνδυνος
2978 3870 3021 3922 δ’
3058 3869 3123 3923 ἂν
3153 3868 3238 3939 εἴη
3271 3871 3299 3921 ὁ
3329 3867 3484 3936 λόγος
3516 3867 3650 3930 υἱοῖς

2066 3962 2202 4016 Θεοῦ
2250 3962 2562 4032 συγκρίνειν
2601 3962 2730 4014 Υἱὸν
2757 3960 2894 4014 Θεοῦ
2944 3960 3229 4030 μονογενῆ,
3273 3959 3370 4011 καὶ
3407 3959 3465 4011 τὸ
3512 3958 3650 4029 πρὸς

2066 4055 2274 4117 πάντας
2335 4053 2668 4124 ἀσύγκριτον
2721 4051 2885 4104 αὑτοῦ
2943 4051 3037 4104 καὶ
3093 4049 3466 4121 ἀπαράθετον.
3527 4049 3649 4103 καθ’

2068 4143 2374 4215 ὑπερϐολήν
2399 4159 2460 4195 τε
2488 4141 2754 4212 ὑπερέχον
2792 4139 3100 4211 σημαίνειν.
3155 4139 3211 4192 ld
3248 4146 3334 4193 est
3372 4138 3651 4192 :Videtur-

2066 4253 2164 4309 que
2187 4236 2316 4290 mihi
2338 4232 2716 4305 Propheta.....
2750 4249 2869 4287 eum
2897 4234 2986 4303 qui
3016 4249 3194 4286 omnes
3224 4231 3444 4294 excedit,
3471 4247 3648 4286 omnes

2067 4337 2304 4396 superat,
2335 4323 2670 4396 Unigenitum
2716 4321 2814 4376 Dei
2860 4338 2979 4375 cum
3023 4331 3234 4390 stupore
3275 4319 3650 4375 considerare:

2067 4419 2253 4473 deinde
2285 4433 2349 4471 ea:
2371 4417 2724 4472 admiratione
2760 4415 2871 4470 hwc
2922 4412 3081 4484 eﬂ'ari
3111 4429 3128 4467 :
3168 4431 3186 4463 ι
3229 4411 3495 4480 Quoniam
3531 4413 3650 4483 quis

452 4519 539 4585 Ab
568 4521 777 4576 unitate
819 4521 914 4578 Dei
948 4523 1120 4578 ordiri
1151 4539 1330 4594 opem
1370 4525 1608 4594 pretium
1639 4525 1765 4588 erit,
1798 4541 1964 4595 quam
1993 4528 2039 4583 ι)
2068 4511 2123 4565 in
2169 4509 2394 4564 nubibus
2452 4507 2752 4580 wquabitur
2808 4507 3082 4562 Domino?
3137 4523 3154 4559 ι
3207 4506 3318 4595 sive
3359 4503 3650 4595 secundum

383 4607 655 4669 Eusebius
679 4613 736 4666 in
769 4629 880 4668 uno
907 4612 1070 4670 Patre
1104 4615 1336 4679 servari,
1366 4631 1545 4685 neque
1568 4614 1792 4682 Filium,
1817 4617 1964 4671 mul-

383 4711 551 4774 teque
584 4705 768 4760 minus
801 4705 1066 4777 Spiritum
1095 4715 1368 4772 sanctum,
1395 4707 1449 4761 in
1491 4707 1738 4777 ejusdem
1778 4709 1963 4764 unita-

383 4797 454 4851 tis
487 4799 831 4853 consortium
863 4799 1054 4856 venire
1077 4800 1228 4855 clare
1256 4806 1312 4855 et
1345 4799 1536 4854 multis
1567 4800 1623 4854 in
1657 4800 1793 4856 locis
1820 4800 1966 4855 adir-

383 4897 520 4949 mat.
564 4887 780 4949 Patrem
823 4891 970 4947 enim
1007 4892 1062 4946 in
1094 4907 1153 4947 se
1201 4899 1371 4948 totam
1416 4891 1637 4948 deitatis
1666 4891 1967 4963 plenitudi-

383 4995 531 5042 nem.
565 4983 788 5038 excluso
828 4982 988 5049 Filio,
1019 4985 1306 5054 complecti
1348 4984 1573 5048 indicat,
1609 4983 1739 5040 dum
1785 4985 1965 5055 ipsum

384 5073 562 5134 solum
597 5074 799 5142 passim
852 5083 1032 5142 vocat,
1079 5076 1171 5130 τὸν
1217 5074 1326 5129 τῶν
1372 5075 1508 5129 ὅλων
1540 5075 1695 5140 Θεὸν,
1735 5077 1826 5129 τὸν
1873 5077 1967 5130 ἐπὶ

382 5166 601 5220 πάντων
649 5167 804 5229 Θεὸν,
855 5169 947 5222 τὸν
980 5169 1238 5223 ἐπέκεινα
1279 5168 1494 5222 πάντων
1546 5168 1703 5230 Θεόν,
1754 5167 1809 5221 id
1857 5177 1964 5232 est,

285 5269 294 5276 ‘
381 5257 551 5312 Deum
580 5259 965 5325 universorum,
996 5261 1164 5315 Deum
1191 5275 1356 5328 supra
1384 5262 1586 5324 omnia,
1614 5260 1781 5314 Deum
1820 5260 1968 5313 ultra

380 5349 590 5411 omnia;
622 5347 929 5419 Fdiumque
963 5359 1156 5406 contra
1193 5359 1494 5421 nuncupat,
1521 5351 1776 5422 δεύτερον
1807 5349 1964 5414 Θεὸν,

377 5437 630 5511 δεύτερον
663 5441 890 5513 Κύριον,
919 5443 1207 5497 secundum
1235 5443 1426 5506 Deum,
1462 5443 1748 5496 secundum
1781 5440 1966 5494 Domi-

379 5549 527 5587 num.
580 5533 659 5589 Ne
707 5535 834 5604 quis
873 5549 1004 5590 vero
1049 5546 1295 5604 reponat,
1340 5535 1558 5590 Patrem
1609 5535 1732 5590 ideo
1790 5533 1964 5589 Deum

379 5629 766 5684 universorum
800 5629 868 5683 ab
910 5626 1148 5683 Eusebio
1182 5628 1389 5696 vocari,
1428 5626 1575 5698 quod
1613 5627 1686 5682 sit
1717 5627 1871 5698 origo
1911 5636 1966 5680 et

380 5720 506 5772 fons
537 5717 844 5782 Trinitatis,
877 5727 932 5774 et
955 5721 1007 5774 in
1043 5721 1254 5775 ratione
1291 5722 1542 5792 principii
1579 5720 1791 5792 primus
1815 5719 1964 5773 exsi»

377 5817 518 5874 stat;
574 5809 673 5864 hoc
705 5810 1030 5865 catholicum
1066 5810 1458 5880 interpretandi
1500 5827 1671 5882 genus
1705 5824 1963 5879 respuere

2070 4600 2470 4673 Symmachum,
2505 4618 2524 4650 ι
2560 4599 2692 4665 Quis
2718 4599 2857 4653 enim
2890 4599 2946 4652 in
2973 4597 3164 4652 adhere
3193 4594 3425 4664 conferet
3455 4610 3510 4648 se
3540 4593 3651 4647 Do-

2070 4699 2212 4751 mino
2246 4697 2302 4749 in
2343 4695 2473 4766 [iliis
2505 4693 2646 4750 Dei?
2687 4712 2705 4743 ι
2752 4691 2882 4746 Ηανε
2916 4691 2982 4746 de
3018 4689 3298 4760 Unigenito
3342 4687 3440 4742 Dei
3479 4687 3648 4754 dicta,

2066 4790 2213 4858 piam
2245 4794 2454 4841 servant
2479 4785 2830 4847 sententiam;
2862 4783 2926 4837 de
2956 4781 3122 4836 Patre
3151 4797 3272 4835 vero
3309 4795 3371 4833 ac
3406 4778 3514 4832 Deo
3540 4777 3653 4831 uni-

2068 4895 2336 4934 uersorum
2367 4891 2551 4932 secus:
2583 4875 2871 4946 impropria
2892 4875 3031 4929 enim
3051 4885 3098 4928 et
3127 4873 3293 4943 impia
3324 4871 3657 4940 comparatio

2067 4981 2222 5029 esset.
2269 4970 2415 5026 Nam
2453 4971 2583 5041 ﬁliis
2616 4969 2716 5024 Dei
2765 4970 3002 5023 omnium
3051 4983 3271 5020 causam
3314 4964 3570 5033 conferre,
3601 4973 3652 5018 et

2067 5081 2186 5120 eum
2252 5064 2342 5134 qui
2387 5079 2549 5132 supra
2617 5061 2798 5116 omnia
2847 5069 2925 5116 est
2954 5059 3094 5114 Deus
3153 5058 3276 5111 aliis
3322 5071 3648 5125 comparare,

2067 5155 2491 5226 improbissimus
2523 5157 2760 5210 omnium
2787 5170 2949 5208 ausus
2979 5160 3135 5206 esset.
3169 5152 3239 5202 At
3275 5150 3387 5203 sine
3417 5149 3650 5217 periculo

2070 5250 2118 5304 F
2121 5252 2247 5305 ilius
2280 5250 2378 5305 Dei
2408 5250 2736 5321 unigenitus,
2767 5248 2899 5318 ﬁliis
2949 5245 3042 5299 Dei
3075 5254 3440 5312 comparatur,
3479 5260 3541 5296 ac
3575 5243 3660 5296 di-

2069 5347 2208 5400 citur
2231 5361 2351 5399 eum
2385 5342 2854 5413 incomparabilem
2887 5357 3021 5402 esse,
3055 5356 3173 5393 cum
3199 5337 3346 5391 nullo
3375 5337 3645 5406 confercit.

2067 5436 2215 5503 dum,
2250 5445 2405 5506 atque
2439 5435 2726 5490 admodum
2751 5433 3061 5488 antecellere
3090 5432 3390 5486 asseritur?
3415 5428 3513 5483 llic
3539 5445 3654 5482 ma-

2071 5529 2268 5585 nifeste
2301 5529 2458 5586 vides
2501 5527 2700 5583 Filium
2747 5529 2909 5598 longe
2947 5527 3206 5581 inferiore
3235 5539 3398 5594 quam
3435 5522 3651 5577 Patrem

2069 5622 2242 5689 gradu
2287 5623 2356 5678 ab
2386 5622 2626 5678 Eusebio
2673 5621 2898 5692 reponi;
2939 5623 3012 5674 ita
3044 5629 3103 5674 ut
3137 5634 3238 5672 nec
3285 5616 3353 5670 ad
3384 5617 3650 5670 unitatem

2071 5715 2186 5781 Dei,
2219 5731 2322 5772 nec
2350 5717 2416 5771 ad
2445 5715 2711 5769 unitatem
2749 5713 3001 5784 principii
3052 5712 3435 5766 universorum
3468 5706 3665 5778 peni--

2071 5817 2219 5877 neat,
2252 5824 2429 5878 neque
2459 5807 2663 5864 deitate
2693 5822 2816 5862 cum
2851 5805 2944 5860 illo
2969 5805 3144 5877 primo
3180 5799 3448 5873 principio
3480 5811 3650 5854 unum
