4096 6446
431 395 499 458 81
1103 384 1374 446 EUSEBII
1404 383 1886 443 CESARIENSIS
1921 381 2074 439 OPP.
2107 382 2289 438 PARS
2327 380 2417 436 Ill.
2455 411 2527 422 --
2564 374 2976 433 EXEGETICA.
3611 374 3679 429 52

435 518 528 575 sit.
575 514 706 570 Nam
750 512 841 568 ubi
873 510 1080 566 dictum
1124 510 1280 575 illud,
1310 508 1449 564 Deus
1484 510 1629 563 stetit
1660 510 1713 561 in
1740 522 2008 578 synagoga

2125 505 2230 558 ιπεὶ
2272 468 2381 557 καὶ.
2413 502 2574 565 αὐτὸς
2614 503 2643 554 ὁ
2672 499 2801 563 Υίὺς
2835 497 3011 572 ἀρχὴν
3045 497 3407 569 ἐπιγράφεται
3448 494 3540 549 τὸν
3578 498 3701 609 aii-1

434 607 672 667 deorum,
702 605 773 661 de
800 602 942 658 Filio
970 602 1067 657 Dei
1094 601 1352 672 explicat,
1392 614 1457 656 ac
1489 599 1624 654 nihil
1654 600 2005 654 metuendum

436 698 534 763 ait,
559 681 868 752 etsi'Filius
899 694 1043 749 Deus
1072 701 1318 758 vocetur,
1346 707 1417 746 ne
1447 691 1630 746 unitas
1673 691 1924 761 principii
1952 699 2010 746 et

434 789 657 847 deitatis
691 789 944 854 tollatur;
975 802 1084 841 non
1114 800 1298 841 veram
1334 785 1426 840 ille
1451 798 1675 840 causam
1706 783 1881 848 atl'ert,
1909 798 2010 838 cur

437 882 568 938 hinc
589 880 740 936 nulla
770 880 1147 950 multiplicitas
1185 878 1413 933 deorum
1443 876 1737 933 metuenda
1765 877 1856 942 sit,
1882 877 2010 946 quia

439 973 650 1030 scilicet
679 970 839 1027 Pater
876 977 931 1026 et
972 969 1166 1036 Filius,
1211 985 1354 1026 unus
1380 968 1543 1033 Deus,
1592 984 1759 1023 unum
1805 969 2011 1039 princi-

439 1062 589 1133 pium
636 1077 819 1117 rerum
847 1068 1010 1126 sunt;
1054 1060 1171 1126 sed,
1205 1062 1300 1125 ait,
1332 1061 1593 1131 quoniam
1626 1062 1726 1131 ipsi
1765 1061 2011 1117 homines

439 1152 518 1207 dii
561 1160 849 1215 vocantur,
890 1152 1023 1222 quin
1066 1151 1175 1206 ulla
1210 1152 1342 1206 hinc
1373 1152 1599 1206 deorum
1638 1151 2012 1220 multiplicitas

440 1242 629 1299 inferri
676 1244 874 1314 possit,
921 1258 1083 1315 posse
1128 1245 1334 1313 pariter
1386 1241 1582 1298 Filium
1636 1244 1803 1297 Deum
1848 1243 1957 1298 dici
1993 1283 2009 1306 ,

441 1337 576 1407 quin
606 1337 808 1392 multos
852 1351 978 1393 esse
996 1336 1145 1393 'deos
1190 1336 1556 1406 suSpicemur.
1605 1335 1819 1390 Etenim
1854 1345 1912 1390 ut
1957 1336 2015 1390 in

441 1428 563 1484 loco
610 1428 714 1483 sub
764 1428 881 1483 haec
922 1429 1086 1485 allato
1130 1428 1493 1499 signiﬁcatur,
1539 1428 1696 1498 longe
1738 1426 2015 1483 inferioris

404 1538 405 1541 η
441 1527 644 1591 gradus
680 1526 786 1583 est,
836 1534 1001 1589 quam
1037 1527 1094 1573 ut
1134 1519 1310 1589 possit
1351 1518 1417 1574 ad
1462 1520 1689 1589 primam
1742 1518 1887 1571 illam
1919 1516 2017 1571 Dei

442 1614 714 1667 unitatem
743 1612 1041 1682 pertinere,
1072 1617 1257 1679 utpote
1286 1623 1445 1678 Quem
1490 1608 1759 1664 creaturis
1802 1621 2019 1678 compa-

442 1718 568 1759 rare
594 1703 778 1768 liceat,
807 1703 911 1759 etsi
950 1703 1123 1757 multo
1153 1700 1505 1757 excellentior
1528 1700 1597 1753 iis
1635 1699 1709 1753 sit
1733 1715 1745 1750 :
1774 1698 1922 1769 quod
1947 1698 2020 1755 de

2110 594 2205 648 τοῦ
2235 593 2471 664 Πατέρα.
2508 591 2735 662 Κεφαλὴ
2775 591 2885 662 γὰρ
2923 588 3157 661 Χριστοῦ
3186 592 3215 641 ὁ
3240 588 3389 651 Θεὸς,
3420 588 3558 642 κατὰ
3590 588 3700 640 τὺνέ

2121 687 2458 748 Ἀπόστολον,
2488 685 2592 738 hoc
2615 692 2734 739 est:
2762 683 2828 736 At
2847 683 3058 746 vereris,
3085 683 3155 734 mi
3177 681 3450 745 homo,ne,
3480 680 3527 733 si
3546 680 3681 732 duas

2110 778 2314 848 fateare
2338 775 2687 839 substantias,
2716 775 2820 828 duo
2847 776 2970 827 item
2999 772 3257 840 prin-'ipia
3290 770 3533 829 inducas,
3568 779 3616 821 el
3649 785 3681 821 a

2108 867 2448 922 monarchica
2474 865 2668 919 deitate
2695 864 2928 919 excidas.
2962 863 3153 918 Discas
3185 863 3364 933 igitur,
3402 861 3539 931 quod
3563 877 3681 914 cum
3716 908 3723 917 ,

2109 976 2246 1013 unus
2279 960 2349 1012 sit
2372 959 2486 1012 sine
2507 956 2765 1025 principio
2788 964 2836 1009 et
2881 954 3143 1024 ingenitus
3184 952 3348 1015 Deus,
3387 950 3558 1005 Filius
3588 967 3685 1003 au-

2115 1061 2217 1106 tem
2261 1066 2325 1105 ea:
2370 1049 2464 1104 illo
2505 1050 2774 1120 gignatur,
2823 1062 2984 1100 unum
3035 1046 3331 1099 necessario
3368 1044 3684 1112 principium

2114 1144 2295 1212 fuerit,
2331 1142 2638 1196 mouarchia
2669 1149 2719 1193 et
2748 1154 2963 1208 regnum
2989 1153 3187 1199 unum;
3215 1138 3341 1207 quia
3370 1136 3479 1203 ipse
3511 1133 3558 1187 F
3561 1136 3685 1189 ilius

2116 1236 2331 1291 Patrem
2360 1251 2512 1289 suum
2541 1234 2862 1304 principium
2895 1232 3154 1285 ascribit:
3185 1239 3340 1299 caput
3370 1229 3505 1283 enim
3539 1226 3690 1282 Chri-

2113 1329 2185 1382 sti
2216 1326 2360 1382 Deus
2393 1336 2492 1391 est,
2523 1326 2809 1380 secundum
2855 1323 3167 1394 Apostolum
3214 1322 3265 1392 (1
3300 1321 3425 1376 Cor.
3470 1336 3546 1387 XI,
3607 1321 3684 1390 ὅ).

2116 1419 2219 1474 Ubi
2250 1420 2437 1473 videas
2460 1416 2866 1472 monarchicam
2896 1417 3011 1470 sive
3037 1428 3201 1468 unam
3232 1414 3377 1467 illam
3410 1421 3463 1467 et
3495 1412 3691 1482 prima-

2115 1508 2258 1563 riam
2291 1508 2571 1575 deitatem,
2618 1523 2684 1562 ex
2735 1504 2971 1561 Eusebio
3016 1506 3072 1559 in
3104 1503 3264 1559 Patre
3308 1505 3425 1557 solo
3456 1505 3686 1557 servari.

2117 1599 2260 1666 Quia
2315 1615 2447 1654 vero
2492 1599 2730 1669 aliquam
2779 1595 2960 1653 Patris
2990 1607 3043 1651 et
3090 1595 3213 1649 Filii
3265 1597 3527 1650 unitatem
3570 1610 3694 1649 esse

2116 1692 2422 1747 concedere
2451 1705 2676 1746 necesse
2708 1689 2810 1745 fuit
2836 1685 3139 1747 secundum
3166 1688 3336 1742 illud:
3374 1687 3560 1757 Egoet
3591 1686 3715 1741 Par

444 1794 605 1851 Patre
637 1810 881 1852 asserere
910 1794 1293 1864 impiissimum
1319 1800 1372 1847 et
1402 1791 1866 1861 improbissimum
1896 1805 2020 1846 esse
2049 1857 2087 1864 _
2121 1794 2197 1840 ter
2223 1800 2386 1837 unum
2420 1799 2603 1837 sumus
2631 1782 2684 1853 (1
2693 1798 2815 1837 oan.
2844 1798 2899 1847 ι,
2923 1780 3037 1850 30),
3078 1779 3446 1835 animadverte
3488 1780 3542 1831 in
3583 1793 3696 1849 quo

444 1886 523 1940 ait
543 1885 826 1941 Eusebius.
853 1857 1059 1938 Similia
1084 1883 1248 1938 habet
1270 1882 1327 1936 in
1360 1857 1817 1936 Dem—austratione
1861 1897 2019 1935 evan:
2048 1857 2092 1915 Β
2118 1875 2280 1929 talem
2325 1875 2628 1928 constituat
2672 1874 2939 1927 unitatem
2986 1870 3277 1936 Eusebius,
3303 1870 3341 1924 1.
3393 1885 3451 1923 ιιι
3492 1867 3695 1924 Contra

442 1974 631 2046 gelica,
664 1976 699 2029 l.
731 1990 807 2038 vr,
841 1990 893 2043 p.
927 1974 1052 2037 257,
1086 1973 1178 2027 ubi
1208 1972 1278 2028 de
1316 1971 1479 2026 Patre
1515 1979 1571 2026 et
1600 1969 1740 2025 Filio
1777 1971 1906 2024 talia
1937 1968 2021 2023 fa-

443 2074 534 2121 tur
560 2083 573 2118 :
602 2065 796 2135 Σαφῶς
827 2068 885 2119 ὲν
915 2065 994 2134 τῷ
1018 2065 1252 2135 πέμπτῳ
1281 2064 1678 2134 συγγράμματι
1703 2063 1800 2130 τῆς
1827 2065 2022 2131 Euar-

446 2153 692 2226 τωικῆς
739 2154 1113 2220 Ἀποδείξεως
1162 2154 1466 2223 ὡρισμένου
1507 2154 1599 2206 τοῦ
1645 2154 1773 2224 περὶ
1809 2153 2023 2223 Πατρὸς

442 2246 538 2301 καὶ
572 2244 708 2299 Υἱοῦ
736 2246 916 2314 λόγου,
960 2245 1056 2299 καὶ
1086 2246 1221 2299 Θεοῦ
1256 2247 1351 2317 μὲν
1397 2246 1515 2309 ἐνὸς
1544 2246 1638 2299 τοῦ
1675 2246 1768 2300 ἐπὶ
1802 2247 2022 2300 πάντων

439 2335 884 2407 ὡμολογημένον,
912 2334 1168 2406 δευτέρας
1195 2337 1252 2389 δὲ
1278 2338 1399 2407 μετ’
1432 2337 1592 2389 αὑτὸν
1616 2338 2023 2409 ἀποδειχθείσης

442 2428 635 2491 οὐσίας
667 2426 976 2498 ἡγουμένης
1007 2428 1114 2481 τῶν
1146 2426 1389 2496 γενητῶν
1423 2428 1700 2490 ἁπάντων,
1735 2429 1802 2499 ἢν
1829 2429 2022 2498 σοφίαν

444 2519 606 2582 Θεοῦ,
633 2537 688 2575 κ.
724 2537 776 2573 τ.
801 2518 851 2574 λ.
886 2518 1002 2574 Hoc
1020 2530 1139 2575 est:
1164 2519 1365 2589 Cumlin
1381 2520 1562 2589 quinto
1589 2518 1914 2589 Evangelicae
1931 2519 2025 2574 de-

445 2608 849 2663 monstrationis
894 2608 1050 2674 libro,
1084 2609 1226 2663 clare
1249 2608 1314 2664 de
1330 2608 1491 2663 Patre
1510 2619 1559 2664 et
1585 2609 1726 2663 Filio
1748 2609 2023 2679 deﬁnitum

445 2707 810 2769 statutumque
841 2699 1028 2770 fuerit,
1076 2717 1139 2754 ac
1186 2699 1355 2754 Deum
1390 2700 1600 2771 quidem
1647 2717 1809 2754 unum
1856 2718 2024 2771 supra

445 2790 624 2845 omnia
664 2807 777 2846 esse
810 2790 1162 2856 declaratum,
1211 2791 1498 2847 secundam
1539 2809 1659 2847 vero
1701 2802 1820 2863 post
1847 2794 2023 2864 ipsum

445 2882 801 2939 substantiam
820 2902 954 2953 esse,
983 2901 1102 2956 qua
1126 2884 1369 2941 omnibus
1391 2886 1618 2956 opiﬁciis
1644 2888 1847 2956 praesit,
1878 2903 2023 2941 com-

444 2985 796 3032 monstratum
821 2978 914 3042 sit,
937 2994 1099 3048 quam
1125 2979 1448 3048 sapientiam
1478 2978 1609 3045 Dei,
1632 2985 1765 3042 etc.,
1801 2981 1896 3036 ubi
1938 2980 2026 3034 in-

444 3077 659 3138 terpres
688 3068 783 3138 qui
815 3069 955 3125 solet
978 3067 1200 3124 Eusebii
1220 3069 1369 3124 dicta
1423 3069 1491 3125 ad
1522 3070 1667 3140 piam
1698 3072 2025 3127 sententiam

2118 1964 2453 2032 Marcellum,
2484 1981 2534 2020 c.
2568 1966 2655 2031 19,
2694 1981 2747 2036 p.
2788 1964 2922 2019 l92:
2958 1963 3067 2016 Kal.
3103 1963 3166 2034 δὴ
3197 1962 3336 2016 κατὰ
3384 1962 3569 2015 τοῦτον
3603 1963 3694 2016 τὸν

2116 2057 2318 2129 τρόπον
2346 2059 2404 2111 ἓν
2433 2058 2571 2130 πρὸς
2603 2058 2696 2110 τὸν
2724 2056 2942 2129 Πατέρα
2976 2055 3070 2108 καὶ
3112 2054 3205 2108 τὸν
3238 2053 3365 2108 Υίὸν
3399 2056 3446 2107 oi
3493 2054 3696 2117 πάντες

2117 2148 2479 2221 γενησόμεθα.
2514 2150 2724 2220 Ὥσπερ
2767 2147 2878 2220 γὰρ
2929 2148 3089 2211 αὐτὸς
3138 2147 3328 2200 ἑαυτὸν
3373 2164 3432 2199 τε
3479 2146 3696 2199 καὶτὸν

2120 2242 2342 2313 Πατέρα
2363 2242 2419 2296 ἐν
2445 2237 2585 2295 εἶναι
2616 2240 2794 2309 ἔλεγε,
2825 2241 3085 2309 φάσκων·
3132 2240 3273 2311 Ἐγὼ
3299 2240 3395 2293 καὶ
3430 2243 3463 2294 ὁ
3497 2240 3697 2308 Πατὴρ

2118 2337 2189 2391 ἐν
2217 2338 2439 2406 super
2471 2335 2617 2389 οὕτω
2648 2336 2741 2388 καὶ
2785 2333 2991 2397 πάντας
3019 2333 3185 2403 ἡμᾶς,
3219 2331 3359 2385 κατὰ
3399 2331 3499 2403 τὴν
3532 2330 3696 2383 αὑτοῦ

2123 2432 2376 2503 μίμησιν,
2417 2429 2519 2500 τῆς
2560 2428 2811 2499 ἑνότητος
2851 2427 2950 2497 τῆς
2994 2425 3157 2478 αὐτοῦ
3210 2425 3502 2495 μετασχεῖν
3545 2422 3699 2493 εὔχε-

2118 2538 2240 2575 ται·
2285 2521 2346 2573 οὐ
2398 2518 2539 2573 κατὰ
2585 2516 2907 2588 Μάρκελλον
2960 2514 3052 2568 τοῦ
3096 2514 3268 2583 Λόγου
3300 2514 3569 2584 ὲνωμένου
3621 2512 3698 2584 τῷ

2120 2611 2258 2682 Θεῷ,
2288 2611 2384 2664 καὶ
2409 2612 2474 2680 τῇ
2503 2608 2663 2679 οὐσίᾳ
2691 2605 3167 2677 συναφθησομένου
3189 2622 3204 2636 ·
3228 2603 3409 2667 καθὼς
3435 2605 3492 2656 δὲ
3523 2606 3696 2675 ἐμαρ-

2119 2704 2355 2775 τύρησεν
2388 2702 2421 2773 ὴ
2454 2700 2704 2772 ἀλήθεια,
2739 2700 2769 2751 ὁ
2793 2699 2983 2769 Σωτὴρ
3015 2697 3180 2760 αὐτὸς
3216 2692 3383 2749 είπὼν
3405 2711 3417 2725 ·
3456 2694 3575 2762 Τὴν
3602 2693 3700 2748 δό-

2121 2796 2238 2862 ξαν
2265 2795 2346 2864 ῆν
2369 2793 2598 2860 ἔδωκάς
2616 2810 2741 2863 μοι,
2769 2791 2994 2845 δέδωκα
3034 2789 3241 2856 αὐτοῖς
3257 2830 3273 2855 ,
3303 2789 3403 2841 ἵνα
3427 2783 3580 2843 ὦσιν
3607 2785 3697 2855 ἓν,

2121 2888 2317 2954 καθὼς
2340 2885 2713 2956 καὶήμεῖςέν
2737 2885 2944 2953 ἐσμεν.
2977 2880 3091 2938 Hoc
3120 2892 3205 2937 est
3233 2900 3246 2936 :
3276 2881 3443 2951 Atque
3461 2879 3529 2933 ad
3564 2880 3701 2933 hunc

2122 2981 2334 3034 modum
2366 2994 2460 3033 nos
2500 2993 2679 3031 omnes
2708 2992 2826 3031 cum
2851 2974 3012 3030 Patre
3037 2983 3086 3029 et
3118 2973 3261 3027 Filio
3285 2988 3450 3027 unum
3476 2974 3695 3027 erimus.

2128 3068 2587 3137 Quemadmodum
2627 3067 2767 3123 enim
2791 3068 2902 3137 ipse
2932 3083 2987 3121 se
3031 3074 3082 3119 et
3128 3064 3345 3120 Patrem
3394 3081 3557 3119 unum
3591 3081 3705 3119 esse

446 3157 505 3212 in
538 3158 792 3214 versione
823 3173 923 3214 sua
955 3157 1304 3229 detorquere,
1334 3166 1611 3228 postrema
1649 3161 1731 3216 sic
1757 3162 2027 3234 interpre-
2052 3200 2096 3262 C
2133 3163 2291 3224 dixit,
2327 3181 2346 3213 ι
2381 3161 2510 3233 Ego,
2533 3161 2793 3232 inquiens,
2832 3169 2882 3214 et
2917 3159 3078 3213 Pater
3111 3174 3274 3211 unum
3307 3173 3523 3222 sumus;
3556 3176 3575 3209 ι
3625 3159 3703 3211 ita

445 3257 631 3304 tatur:
664 3247 735 3303 Et
778 3248 998 3304 Patrem
1025 3250 1233 3321 quidem
1268 3250 1436 3307 Deum
1473 3269 1633 3307 unum
1676 3269 1790 3309 esse
1836 3258 2028 3310 consti-

450 3340 550 3404 tit;
581 3339 811 3395 alteram
855 3349 1033 3395 autem
1067 3350 1258 3410 prazter
1286 3342 1442 3396 illum
1477 3354 1528 3397 et
1573 3360 1692 3397 cum
1728 3344 1823 3397 illo
1850 3359 2029 3413 perso-

447 3449 572 3487 nam
615 3446 748 3497 csse,
775 3448 892 3502 qua:
931 3432 1111 3486 omnia
1138 3449 1256 3503 quae
1285 3433 1431 3503 facta
1458 3444 1583 3490 sunt
1613 3434 1910 3498 antecedat,
1946 3434 2029 3489 de-

448 3532 803 3579 monstratum
838 3532 937 3580 est.
970 3523 1090 3590 Quo
1119 3523 1177 3579 in
1224 3525 1347 3580 loco
1376 3525 1563 3580 οὐσίαν
1604 3526 1696 3581 ille
1723 3542 2023 3593 personam,

446 3616 633 3684 vertit,
683 3616 787 3673 etsi
837 3617 1205 3673 substantiam
1250 3618 1518 3689 signiﬁcet
1556 3618 1647 3674 hic
1692 3628 1749 3674 et
1798 3619 1853 3674 in
1905 3620 2028 3675 aliis

447 3705 671 3762 Eusebii
716 3706 874 3771 locis,
924 3713 985 3761 ut
1028 3722 1099 3767 ex
1148 3708 1398 3778 repetitis
1434 3709 1540 3764 sub
1594 3708 1711 3765 haec
1763 3709 2027 3779 exemplis

447 3795 732 3868 propalam
772 3797 877 3852 erit
912 3815 925 3850 :
959 3797 1094 3852 illud
1134 3805 1317 3854 autem
1365 3801 1482 3870 μετ’
1517 3799 1703 3865 αὐτόν,
1741 3814 2027 3870 perperam

447 3887 613 3943 vertit
655 3886 768 3952 iile,
799 3898 994 3959 praeter
1021 3888 1174 3942 illum
1202 3896 1253 3941 et
1285 3905 1404 3943 cum
1430 3890 1545 3955 illo,
1577 3906 1701 3946 cum
1729 3899 1914 3962 aperte
1950 3890 2027 3947 si—

449 3974 691 4044 gniticet,
714 3986 833 4045 post
865 3977 1041 4045 illum,
1075 3993 1178 4034 nec
1213 3992 1439 4036 numero
1464 3987 1697 4049 tantum,
1723 3981 1820 4038 sed
1848 3982 2027 4054 digni-

449 4075 565 4124 tate
608 4075 663 4124 et
708 4072 1055 4141 praestantia;
1096 4079 1154 4127 ut
1195 4088 1261 4129 ex
1296 4074 1410 4144 jam
1455 4073 1621 4130 dictis
1671 4074 2025 4132 manifestum

448 4168 553 4225 est,
600 4168 657 4216 et
695 4178 762 4218 ex
806 4162 948 4218 infra
997 4164 1246 4222 dicendis
1286 4165 1553 4237 liquidius
1597 4168 1896 4223 constabit.
1935 4168 2027 4223 Ait

448 4253 715 4325 siquidem
731 4255 827 4311 lib.
864 4270 902 4310 ιι
935 4254 1137 4312 Contra
1158 4257 1496 4327 Marcellum,
1520 4274 1576 4329 p.
1600 4258 1704 4314 109
1730 4277 1745 4314 :
1771 4260 1907 4314 Οὐδὲ
1933 4260 2027 4315 δύο

448 4346 604 4411 θεοὺς
623 4347 835 4418 ἀνάγκη
862 4347 1045 4404 δοῦναι
1068 4350 1161 4403 τὸν
1187 4349 1284 4413 τὰς
1304 4350 1397 4405 δύο
1426 4351 1754 4416 ὑποστάσεις
1775 4351 2022 4425 τιθέντεῴ

447 4440 571 4494 οὐδὲ
606 4439 715 4510 γὰρ
753 4440 1025 4512 ἰσοτίμους
1057 4442 1229 4506 αὐτὰς
1258 4442 1576 4515 ὀριζόμεθα,
1608 4444 1662 4499 id
1689 4453 1774 4500 est
1804 4464 1817 4499 :
1846 4445 2028 4517 Neque

2128 3270 2353 3326 quoque,
2377 3262 2433 3306 ut
2488 3252 2557 3307 ad
2605 3253 2772 3323 ipsius
2836 3251 3187 3305 imitationem
3232 3266 3326 3305 nos
3360 3266 3537 3303 omnes
3562 3249 3705 3319 ejus-

2131 3343 2248 3398 dem
2275 3345 2485 3398 unionis
2505 3344 2787 3411 participes
2809 3344 2995 3407 simus,
3025 3349 3265 3411 precatus
3293 3349 3388 3395 est.
3418 3338 3541 3394 Non
3566 3341 3704 3411 quod

2143 3434 2390 3500 Verbum,
2419 3445 2477 3488 ut
2511 3433 2799 3488 Marcellus
2830 3433 2959 3499 run,
2993 3433 3209 3486 uniatur
3232 3430 3363 3499 Deo,
3387 3444 3435 3486 et
3457 3433 3707 3487 substan-

2134 3527 2347 3580 tiatiter'
2366 3527 2467 3595 ipsi
2497 3525 2891 3596 conjungatur:
2921 3525 3011 3579 sed
3051 3533 3110 3578 ut
3139 3525 3353 3589 veritas,
3389 3525 3496 3592 ipse
3525 3522 3709 3578 Serva-

2136 3627 2219 3672 tor
2253 3618 2476 3682 scilicet,
2513 3618 2834 3687 testiﬁcatur
2865 3616 3078 3670 dicens:
3111 3634 3130 3666 1
3168 3614 3404 3671 Gloriam
3430 3630 3590 3687 quam
3622 3615 3707 3669 de-

2132 3708 2263 3763 disti
2291 3709 2420 3762 mihi
2445 3707 2568 3763 dedi
2601 3710 2701 3776 eis,
2732 3719 2790 3761 ut
2821 3708 2928 3762 sint
2959 3723 3121 3762 unum
3155 3710 3292 3762 sicut
3323 3719 3372 3762 et
3409 3725 3503 3763 nos
3542 3722 3704 3761 unum

2132 3818 2314 3856 sumus
2346 3800 2530 3871 (Joan.
2570 3816 2707 3865 xvu,
2750 3800 2899 3870 22).»
2937 3798 3036 3855 Ubi
3064 3802 3323 3856 unitatem
3364 3802 3509 3855 illam
3543 3802 3709 3858 subs-

2134 3894 2414 3949 tantialem
2479 3890 2660 3949 Patris
2723 3907 2845 3947 cum
2921 3891 3060 3947 Filio
3139 3892 3381 3947 dilucide
3465 3893 3709 3963 explodit

2133 3984 2437 4051 Eusebius;
2470 3985 2694 4055 vultque
2743 3992 2957 4039 tantum
3002 3983 3151 4037 illam
3198 3981 3464 4036 unitatem
3511 3998 3708 4038 conce-

2130 4077 2282 4144 dere,
2315 4091 2425 4148 qua
2456 4092 2525 4133 ex
2552 4077 2867 4149 dignatione
2893 4075 3129 4146 quadam
3165 4073 3329 4130 Pater
3358 4071 3555 4129 Filium
3592 4077 3710 4147 glo—

2131 4170 2228 4225 ria:
2254 4185 2366 4226 suae
2397 4170 2720 4241 participem
2753 4168 2939 4232 edicit,
2968 4173 3028 4221 ut
3054 4173 3109 4221 et
3134 4164 3306 4221 Filius
3333 4182 3435 4223 nos
3462 4168 3708 4238 ejusdem

2130 4262 2318 4334 gloriae
2360 4269 2649 4317 consortes
2686 4258 2945 4316 reddidit.
2983 4257 3099 4313 Sub
3144 4257 3259 4313 haec
3307 4266 3490 4314 autem
3532 4259 3708 4315 eidem

2132 4354 2554 4426 comprobanda
2581 4354 2866 4411 sententia
2893 4359 3042 4408 totus
3069 4352 3297 4419 insistit,
3321 4362 3486 4423 atque
3518 4354 3593 4407 ita
3620 4353 3715 4408 de-

2131 4462 2282 4501 mum
2310 4447 2625 4502 concludit:
2668 4443 2858 4509 Οὕτως
2884 4439 2977 4498 οῦν
3008 4445 3067 4498 εν
3100 4446 3238 4498 εἰσιν
3268 4447 3298 4498 6
3329 4444 3519 4516 Πατὴρ
3552 4444 3646 4497 καὶ
3677 4444 3708 4497 ὁ

449 4546 656 4585 necesse
686 4539 765 4586 est
791 4547 914 4586 eum
953 4531 1085 4587 duos
1116 4532 1242 4587 deos
1271 4533 1454 4603 fateri,
1477 4535 1569 4605 qui
1590 4533 1727 4591 duas
1751 4535 2023 4591 admiserit

2135 4538 2262 4602 Υἱὸς
2299 4538 2440 4593 κατὰ
2478 4538 2580 4610 τὴν
2622 4538 2907 4592 κοινωνίαν
2947 4537 3049 4607 τῆς
3086 4537 3263 4608 δόξης,
3299 4533 3368 4610 ἦς
3399 4541 3511 4601 τοῖς
3543 4537 3709 4592 αὑτοῦ

449 4621 779 4678 substantias
801 4639 821 4677 :
863 4639 965 4678 non
999 4625 1138 4679 enim
1169 4623 1295 4679 illas
1332 4624 1532 4681 honore
1566 4641 1719 4695 pares
1753 4642 1866 4682 esse
1906 4627 2030 4698 deﬁ-

450 4716 658 4780 nimus;
688 4715 763 4770 ita
795 4723 857 4772 ut
903 4724 1133 4773 eatenus
1176 4718 1439 4774 unitatem
1479 4719 1697 4777 deitatis
1740 4721 1905 4777 statui
1938 4736 2031 4777 ve-

448 4807 535 4874 lit,
568 4815 841 4879 quatenus
869 4810 961 4863 illa
998 4811 1178 4881 prima
1215 4811 1411 4875 deitas,
1443 4813 1791 4883 primumque
1825 4813 2032 4883 princi-

448 4900 601 4973 pium
651 4899 710 4955 in
759 4917 871 4956 uno
918 4901 1082 4959 Patre
1133 4915 1404 4971 servatur,
1451 4906 1539 4960 cui
1594 4906 1755 4977 longe
1808 4906 2033 4962 inferior

449 4993 596 5051 Deus
635 4992 829 5060 Filius,
872 4997 930 5052 in
980 5000 1191 5054 unitate
1232 4999 1325 5053 illa
1366 5014 1475 5054 non
1512 4999 2027 5070 comprehendatur.

450 5084 605 5151 Quod
642 5086 734 5141 ille
766 5088 969 5144 ibidem
1007 5089 1240 5144 atlirmat
1281 5090 1367 5145 his
1408 5091 1625 5147 verbis:
1677 5092 1836 5146 Ἀλλὰ
1869 5091 2029 5162 φοϐῇ,

447 5170 493 5230 ὧ
520 5172 795 5249 ἄνθρωπε,
830 5180 906 5253 μὴ
943 5180 1039 5234 δύο
1068 5181 1394 5247 ὑποστάσεις
1420 5184 1782 5255 ὁμολογήσας,
1815 5183 1909 5238 δύο
1935 5185 2035 5255 ἀρ-

448 5268 551 5339 χὰς
574 5273 913 5342 εἰσαγάγοις,
944 5274 1041 5328 καὶ
1072 5275 1170 5345 τῆς
1200 5277 1536 5347 μοναρχικῆς
1569 5276 1819 5345 θεότητος
1865 5276 2032 5329 ἐκπέ-

455 5378 588 5426 σοις.
622 5363 878 5418 Μάνθανε
921 5366 1123 5432 τοίνυν,
1171 5368 1265 5433 ὡς,
1301 5369 1419 5432 ἑνὸς
1459 5368 1612 5431 ὄντος
1658 5368 1896 5438 ἀνάρχου
1942 5368 2034 5420 καὶ

452 5454 748 5527 ἀγεννήτου
790 5454 948 5522 Θεοῦ,
995 5458 1087 5511 τοῦ
1129 5459 1186 5512 δὲ
1217 5458 1348 5514 Υἱοῦ
1383 5460 1445 5525 ἐξ
1484 5459 1650 5514 αὐτοῦ
1698 5459 2033 5530 γεγεννημέ·

450 5563 567 5613 νου,
599 5546 698 5617 μία
732 5547 884 5602 ἔσται
913 5549 1076 5623 ἀρχὴ,
1107 5553 1375 5625 μοναρχία
1402 5570 1465 5607 τε
1489 5552 1586 5607 καὶ
1615 5550 1861 5622 βασιλεία
1897 5553 1995 5624 μία
2021 5572 2031 5586 ι

524 5678 1011 5756 ῳλρρηιηιεημὶη
1040 5684 1190 5740 Psal.
1216 5702 1270 5756 p.
1312 5686 1402 5749 86,
1424 5684 1565 5756 73M,
1596 5685 1722 5756 557,
1750 5686 1874 5752 358,
1904 5687 2030 5748 572.

452 5750 580 5821 376.
610 5751 739 5821 577,
773 5754 901 5816 410,
928 5755 1055 5821 626,
1086 5750 1376 5821 491ξ555,
1416 5755 1542 5819 εδει,
1570 5754 1696 5819 582,
1739 5750 1868 5820 584,
1903 5758 2027 5817 597,

456 5820 591 5891 598;
636 5819 940 5881 Demonstr.
979 5819 1163 5897 evang.
1204 5819 1333 5892 H7,
1379 5826 1501 5893 148,
1552 5826 1673 5894 M9,
1717 5827 1843 5896 248,
1888 5828 2028 5899 255;

2136 4631 2403 4704 μαθηταῖς
2437 4630 2769 4703 μεταδιδοὺς,
2791 4630 2892 4701 τῆς
2913 4630 3083 4700 αὐτῆς
3109 4630 3356 4693 ἑνώσεως
3388 4631 3482 4683 καὶ
3514 4630 3711 4693 αὐτοὺς

2130 4723 2307 4796 ἠξίου,
2331 4723 2436 4778 hoc
2457 4731 2541 4778 est
2577 4740 2591 4777 :
2628 4722 2720 4776 Ita
2746 4721 2912 4777 Pater
2941 4731 2991 4776 et
3017 4719 3196 4776 Filius
3221 4738 3388 4776 uiuum
3418 4732 3542 4775 sunt
3575 4737 3711 4775 com-

2132 4816 2377 4870 munione
2402 4815 2636 4887 .gtorite:
2677 4830 2838 4885 quam
2883 4830 3003 4868 cum
3045 4814 3321 4882 discipulis
3367 4813 3477 4867 suis
3518 4813 3714 4883 imper-

2134 4911 2255 4973 tiat,
2279 4907 2514 4978 ejusdem
2545 4924 2633 4962 eos
2663 4908 2878 4961 unionis
2907 4906 3190 4975 participes
3223 4905 3396 4975 eﬁicit.
3427 4902 3542 4971 Qua
3569 4906 3623 4959 in
3654 4918 3713 4959 re

2133 5002 2325 5073 grandi
2364 5001 2734 5072 paralogismo
2777 5000 2953 5054 utitur
2977 4997 3271 5064 Eusebius,
3303 5004 3363 5051 ut
3391 4996 3532 5053 intra
3565 4994 3713 5051 vide-

2133 5093 2301 5160 bitur,
2331 5092 2462 5149 dum
2509 5092 2773 5147 unitatem
2806 5092 2955 5147 illam
2983 5090 3188 5160 gloriae,
3227 5090 3283 5143 in
3323 5103 3485 5159 quam
3529 5102 3597 5143 ex
3629 5086 3706 5140 di-

2135 5186 2393 5255 gnatione
2444 5191 2658 5238 tantum
2703 5182 2961 5252 discipuli
3008 5179 3215 5235 Christi
3261 5188 3549 5244 vocantur,
3594 5176 3712 5247 pari

2135 5277 2297 5334 modo
2333 5292 2365 5331 a
2412 5276 2575 5333 Patre
2614 5264 3010 5332 communicari
3051 5270 3188 5328 Filio
3225 5287 3347 5339 suo,
3378 5280 3542 5340 atque
3586 5269 3714 5324 hinc

2137 5371 2555 5428 substantialem
2603 5371 2867 5427 unitatem
2918 5366 3157 5432 excludi,
3204 5366 3506 5422 contendit.
3560 5363 3715 5418 Ilanc

2136 5480 2302 5537 porro
2328 5465 2550 5521 deitatis
2575 5465 2842 5520 unitatem
2867 5471 2922 5519 et
2951 5461 3320 5517 monarchiam
3352 5459 3628 5515 sexcentis
3658 5458 3714 5512 in

2138 5559 2273 5615 locis
2303 5557 2381 5630 (a)
2410 5557 2569 5614 docet
2596 5557 2708 5625 ille,
2743 5570 2866 5627 qua:
2892 5569 2963 5610 ne
3006 5554 3220 5626 longius
3256 5550 3594 5608 abducamur
3625 5551 3713 5605 in-

2135 5692 2542 5831 (ifiqg’trp‘ﬁarc.
2566 5692 2656 5763 65,
2687 5691 2775 5761 66,
2806 5692 2895 5761 69,
2925 5691 3015 5761 70,
3038 5690 3131 5759 90,
3162 5688 3252 5755 96,
3288 5688 3409 5753 106,
3436 5687 3556 5754 107,
3588 5685 3713 5753 110,
