4096 6388
359 334 430 390 55
1129 324 1632 384 COMMENTARIA
1671 324 1739 379 IN
1778 321 2114 377 PSALMOS.
2155 352 2224 363 ——
2265 318 2807 379 PRELIMINARIQ.
3527 322 3598 377 δι

361 454 546 508 dicare
578 452 751 508 solum
779 450 1029 508 sufﬁciat.
1074 449 1343 505 Caeterum
1382 448 1474 503 ubi
1501 463 1604 502 vox
1632 446 1928 508 ὑπόστασις
1953 464 2000 517 Α
2027 450 2162 496 erat.
2208 440 2275 494 Et
2313 442 2403 495 ille
2445 439 2651 510 quidem
2689 454 2781 508 per
2825 440 3054 508 seipsum
3086 440 3347 511 perfectus
3388 449 3439 495 et
3485 443 3600 511 pri-

362 544 622 611 occurrit,
654 558 756 599 nos
788 543 1142 597 substantiam
1192 542 1486 606 vertimus;
1522 547 1635 593 tum
1684 539 1813 608 quia
1846 535 1927 592 sic

364 636 581 692 Eusebii
610 651 723 690 aevo
751 651 815 690 ex
861 642 1081 705 recepto
1126 648 1277 689 more
1309 633 1697 703 accipiebatur,
1728 637 1787 683 ut
1825 629 1925 683 ba-

364 729 455 784 bet
500 726 867 793 Athanasius;
911 737 1026 783 tum
1069 726 1219 798 quia,
1262 740 1387 780 cum
1432 723 1703 779 Eusebius
1745 720 1927 774 diver-

365 835 479 874 sam
517 819 573 873 in
606 818 768 875 Patre
807 830 861 876 et
888 819 1028 875 Filio
1068 817 1432 874 subStantiam
1464 814 1715 870 admittat
1745 819 1799 867 et
1826 812 1920 866 do-

363 916 505 974 ceat,
550 910 756 965 inutilis
801 926 933 966 sane
974 910 1133 966 fuerit
1176 921 1533 980 personarum
1572 915 1625 962 et
1671 905 1929 977 hyposta-

364 1003 503 1055 sium
530 1003 745 1072 vulgata
771 1003 1076 1058 distinctio.

362 1157 443 1206 IV.
468 1159 687 1228 Diversae
707 1158 1411 1228 substantiae-1".interpres
1427 1157 1922 1228 LatinusuDemonstr.

328 1282 333 1287 γ
419 1221 706 1289 evangelij
746 1222 1012 1291 Eusebium
1049 1222 1112 1270 de
1138 1221 1376 1271 industria
1405 1221 1467 1270 ad
1490 1222 1774 1270 catholicam
1811 1234 1927 1269 sen-

426 1289 628 1332 tentiam
654 1283 876 1331 detorsrt.

432 1430 585 1486 Licet
624 1439 807 1487 autem
855 1448 922 1488 ex
967 1430 1265 1502 praemissis
1309 1431 1590 1502 propalam
1640 1430 1711 1487 sit
1756 1429 1928 1486 Euse-

360 1524 506 1580 bium
538 1524 811 1581 diversam
857 1538 888 1579 a
918 1531 1142 1596 paterna
1180 1523 1542 1580 substantiam
1580 1531 1635 1579 et
1671 1522 1928 1578 deitatem

359 1615 417 1670 in
446 1613 582 1671 Filio
606 1616 940 1672 constituere
965 1635 980 1673 :
1012 1631 1141 1671 nam
1163 1615 1303 1671 duas
1332 1614 1387 1669 in
1410 1615 1590 1670 allatis
1616 1615 1754 1671 locis
1796 1614 1931 1670 sub-

359 1702 595 1759 stantias
640 1712 824 1774 aperte
882 1704 1208 1774 proﬁtetur:
1252 1710 1308 1758 et
1349 1717 1481 1760 sane
1528 1705 1621 1776 qui
1663 1704 1929 1760 unitatem

2029 551 2180 598 mus,
2238 542 2414 603 utpote
2462 532 2656 596 Pater,
2693 544 2744 586 et
2790 532 3179 586 constitutionis
3222 530 3355 585 Filii
3409 548 3595 593 causa,

2027 627 2161 681 nihil
2206 625 2275 679 ad
2324 625 2539 679 deitatis
2573 641 2683 678 sua:
2728 622 3160 692 complementum
3198 641 3230 677 a
3265 622 3408 677 Filio
3452 624 3596 677 acci-

2026 721 2205 786 piens;
2236 719 2318 772 hic
2353 727 2528 772 autem
2556 726 2807 787 tanquam
2833 730 2895 769 ea:
2925 732 3088 769 causa
3112 715 3285 785 factus
3317 716 3485 785 filius,
3515 732 3598 771 se-

2028 809 2228 863 cundus
2254 817 2332 863 est
2365 807 2429 862 ab
2456 825 2515 862 eo
2547 808 2696 876 cujus
2730 816 2809 861 est
2846 807 3015 877 ﬁlius,
3042 808 3227 877 quippe
3252 808 3343 878 qui
3373 825 3406 862 a
3435 807 3599 863 Patre

2027 882 2076 954 et
2105 909 2162 952 ut
2191 900 2281 966 sit,
2310 908 2359 952 et
2384 910 2441 951 ut
2476 897 2601 952 talis
2631 898 2722 960 sit,
2759 898 3031 966 acceperit.
3063 898 3140 951 Ac
3167 915 3399 963 rursum,
3425 899 3599 969 splen-

2027 990 2127 1044 dor
2175 989 2381 1061 quidem
2429 1005 2534 1043 nou
2580 1003 2645 1042 ex
2688 989 2954 1057 proposito
2991 997 3039 1040 et
3074 988 3341 1042 voluntate
3385 987 3603 1041 luminis

2029 1082 2285 1152 splendet,
2311 1078 2400 1135 sed
2431 1079 2713 1134 secundum
2739 1077 2979 1133 accidens
3007 1077 3275 1150 quidpiam
3296 1095 3329 1132 a
3351 1076 3600 1134 substan-

2031 1174 2105 1227 tia
2132 1173 2514 1243 inseparabile;
2545 1169 2719 1225 Filius
2750 1188 2866 1226 vero
2887 1188 2950 1226 ea:
2978 1172 3235 1225 sententia
3263 1180 3311 1225 et
3333 1175 3598 1242 proposito

2028 1264 2336 1327 voluntatis,
2367 1264 2542 1333 imago
2576 1262 2758 1317 Patris
2787 1261 3040 1317 substitit.
3075 1261 3275 1317 Valens
3301 1265 3437 1318 enim
3459 1263 3599 1318 Deus

2030 1354 2165 1410 Filii
2196 1356 2357 1410 Pater
2383 1356 2610 1418 exstitit,
2644 1371 2706 1409 ac
2742 1354 3030 1408 secundum
3070 1354 3245 1408 lumen
3293 1371 3385 1425 per
3422 1354 3601 1408 omnia

2028 1447 2200 1501 simile
2229 1447 2330 1500 sibi
2359 1446 2644 1501 subsistere
2672 1445 2750 1519 (α)
2779 1446 2923 1515 fecit.
2957 1444 3061 1502 Ubi
3094 1447 3364 1517 interpres
3394 1446 3507 1501 sive
3532 1461 3602 1501 ex

2030 1540 2198 1595 insito
2241 1552 2370 1609 erga
2416 1536 2712 1593 Eusebium
2763 1537 2994 1605 all‘ectu;
3037 1537 3152 1594 sive
3184 1539 3291 1593 alia
3320 1538 3500 1610 ignota
3532 1537 3603 1593 de

2030 1642 2218 1692 causa,
2250 1628 2419 1683 multa
2438 1642 2600 1683 secus
2628 1626 2804 1698 posita
2829 1627 2897 1683 ad
2928 1629 3252 1684 catholicam
3274 1627 3600 1685 sententiam

2028 1735 2129 1791 pro
2163 1733 2315 1774 more
2348 1733 2448 1774 suo
2485 1716 2703 1773 deﬂexit
2743 1737 2756 1772 :
2786 1732 2912 1773 nam
2940 1719 3091 1784 illud,
3124 1717 3245 1772 καθ’
3274 1712 3467 1773 ἑαυτὸν
3511 1720 3604 1773 οὐ·

359 1795 616 1868 Ρτίηθίρίί
652 1803 709 1853 ει
743 1796 965 1853 deitatis
1006 1797 1062 1852 ίη
1097 1812 1214 1891 PM
1263 1795 1469 1891 δεῖξε
1494 1798 1719 1891 “Cius?
1767 1794 1925 1862 Filio,
1958 1811 2000 1866 Β
2029 1810 2313 1882 σιωμένος,
2341 1810 2423 1866 sic
2458 1810 2740 1867 transtulit
2767 1829 2780 1891 ς
2820 1808 2941 1865 Non
2967 1825 3060 1891 per
3091 1811 3320 1881 seipsum
3352 1809 3602 1866 substan-

358 1897 561 1954 servat,
610 1897 1009 1958 consequenter
1061 1889 1223 1942 aliam
1269 1889 1325 1943 in
1373 1886 1511 1943 Filio
1558 1894 1613 1943 et
1651 1887 1923 1942 diversam

360 1977 723 2033 substantiam
749 1985 804 2034 et
833 1978 1111 2042 deitatem,
1151 1979 1198 2034 si
1235 1979 1455 2050 quidem
1490 1978 1639 2059 _Deus
1679 1979 1770 2042 sit,
1815 1985 1927 2034 sta-

360 2073 480 2121 tuat
509 2083 734 2125 necesse
761 2075 883 2137 est;
911 2084 942 2125 e
960 2084 1021 2126 re
1050 2079 1230 2125 tamen
1262 2069 1428 2125 fuerit
1453 2086 1521 2125 ex
1544 2070 1729 2127 multis
1754 2084 1927 2140 pauca

359 2157 580 2215 Eusebii
613 2159 731 2215 loca
774 2160 832 2216 in
873 2160 1113 2216 medium
1156 2160 1370 2228 atl‘erre,
1412 2162 1505 2216 ubi
1555 2162 1646 2217 ille
1673 2161 1929 2216 substan-

358 2251 488 2306 tiam
524 2259 580 2306 et
599 2253 853 2308 deitatem
883 2252 1028 2320 Filii,
1062 2268 1094 2307 a
1120 2262 1345 2324 paterna
1369 2256 1531 2309 aliam
1552 2264 1607 2309 et
1632 2253 1926 2319 diversam,

359 2355 684 2415 separatam,
712 2346 923 2417 ipsique
948 2348 1121 2401 multo
1145 2347 1455 2404 inferiorem
1493 2355 1929 2405 commonstrare

359 2438 578 2492 nititur:
617 2437 759 2493 unde
790 2439 954 2494 etiam
999 2439 1216 2509 planius
1259 2442 1453 2496 evadat
1483 2442 1626 2511 quod
1676 2443 1931 2513 superius

359 2530 647 2599 probatum
679 2538 783 2594 est,
830 2530 1126 2586 Eusebium
1172 2532 1424 2588 videlicet
1470 2534 1734 2591 unitatem
1776 2535 1931 2605 prin-

360 2619 486 2688 cipii
520 2630 575 2675 et
623 2619 841 2676 deitatis
871 2621 925 2675 in
967 2637 1074 2676 uno
1121 2620 1302 2689 Patre,
1341 2624 1567 2679 excluso
1608 2622 1769 2689 Filio,
1820 2632 1933 2679 sta—

360 2720 535 2765 tuere.
576 2711 667 2764 Ait
708 2711 874 2779 igitur
952 2712 1004 2765 in
1086 2711 1543 2767 Demanstratione
1613 2714 1930 2785 evangelica,

340 2801 402 2855 .ι.
433 2816 509 2864 tv,
545 2817 595 2856 c.
639 2804 693 2864 5,
724 2819 776 2871 p.
806 2802 903 2855 147
938 2820 951 2856 :
995 2802 1153 2855 Ἀλλὰ
1194 2803 1289 2855 τοῦ
1326 2803 1425 2874 μὲν
1474 2804 1728 2873 αἰσθητοῦ
1760 2804 1936 2875 φωτὸς

364 2892 663 2965 ἀχώριστος
692 2896 724 2965 ὴ
759 2896 923 2967 αὐγὴ,
953 2898 982 2951 6
1005 2897 1063 2950 δὲ
1094 2897 1223 2961 Υἱὸς
1255 2898 1400 2963 ἰδίως
1427 2901 1575 2970 παρὰ
1601 2900 1691 2953 τὸν
1715 2900 1937 2974 Πατέρα

362 2982 487 3038 καθ’
516 2983 708 3037 ἑαυτὸν
742 2985 1035 3056 ὑφέστηκε.
1082 2988 1191 3040 Καὶ
1225 2989 1401 3057 φωτὸς
1444 2991 1544 3061 μὲν
1574 2992 1606 3062 ἡ
1651 2991 1791 3062 αὐγὴ
1825 2990 1937 3062 χώσ-

2028 1904 2157 1956 tiam
2189 1911 2397 1967 nactus,
2428 1900 2518 1955 sed
2544 1918 2576 1956 a
2609 1887 2808 1964 Patre;
2839 1916 2962 1955 eum
3004 1887 3337 1971 disparatam
3379 1901 3603 1956 omnino

2028 1994 2352 2049 sententiam
2386 1991 2574 2047 efferat
2603 1991 2895 2057 Eusebius,
2926 1992 3157 2053 scilicet,
3179 2006 3270 2060 per
3297 2007 3352 2045 se
3372 1999 3422 2044 et
3455 2007 3604 2045 seor-

2026 2087 2128 2142 sim
2150 2084 2503 2140 substantiam
2535 2082 2752 2139 habens.
2783 2081 2911 2137 Pari
2937 2082 3098 2137 modo
3133 2083 3267 2137 illud
3295 2082 3386 2136 :'O
3416 2081 3604 2137 δὲΠα-

2026 2176 2128 2249 τὴρ
2179 2176 2523 2249 προῦπάρχει
2574 2175 2669 2229 τοῦ
2714 2174 2870 2238 Υίοῢ,
2901 2175 2993 2227 καὶ
3025 2174 3124 2244 τῆς
3148 2174 3411 2242 γενέσεως
3438 2171 3604 2228 αὑτοῦ

2028 2269 2462 2341 προῦφέστηκεν,
2495 2262 2529 2342 ᾖ
2563 2268 2719 2341 μόνος
2743 2266 3035 2337 ἁγέννητος
3058 2260 3146 2337 ἦν’
3196 2265 3275 2321 sic
3296 2266 3386 2320 ille
3409 2264 3600 2319 vertit:

2028 2362 2097 2414 At
2126 2377 2160 2414 a
2185 2359 2348 2414 Patre
2378 2358 2551 2415 Filius
2593 2359 2848 2431 procedit,
2879 2367 2927 2412 et
2957 2357 3109 2411 illum
3147 2365 3381 2427 generat,
3413 2365 3467 2409 at
3496 2357 3607 2425 ipse

2031 2471 2132 2509 non
2166 2455 2371 2524 genitus
2416 2463 2515 2508 est.
2564 2453 2633 2507 At
2666 2466 2793 2508 vera
2828 2449 3243 2507 sententiabaec
3289 2456 3374 2505 est
3404 2467 3418 2503 :
3445 2447 3610 2504 Pater

2032 2554 2208 2599 autem
2242 2542 2385 2598 Filio
2414 2540 2836 2611 prmexsistebat,
2865 2549 2914 2594 et
2954 2549 3074 2594 ante
3116 2548 3290 2594 ortum
3323 2538 3435 2607 ejus
3464 2538 3609 2592 exsi-

2032 2634 2221 2700 stebat,
2244 2643 2497 2704 quatenus
2521 2633 2666 2687 solus
2695 2649 2799 2686 non
2820 2632 3023 2701 genitus
3052 2641 3187 2686 erat.
3213 2629 3304 2685 Sic
3328 2630 3493 2686 etiam
3518 2629 3611 2685 ille

2035 2725 2148 2781 fere
2192 2725 2395 2794 ubique
2444 2722 2664 2779 Eusebii
2706 2722 2853 2776 dicta
2883 2724 2937 2775 in
2968 2721 3129 2775 aliam
3157 2723 3480 2776 sententiam
3514 2718 3611 2773 de-

2033 2813 2218 2877 torsit,
2251 2819 2312 2867 ut
2335 2812 2663 2867 catholicum
2693 2811 2946 2866 redderet
2981 2828 2993 2864 :
3030 2826 3155 2864 nam
3186 2810 3282 2863 lib.
3310 2826 3385 2872 tv,
3431 2825 3482 2863 c.
3516 2808 3607 2877 15,

2036 2922 2089 2979 p.
2126 2906 2245 2971 1T5,
2277 2907 2391 2960 haec
2419 2905 2639 2960 Eusebii
2663 2906 2848 2972 verba,
2878 2906 2987 2959 Καὶ
3018 2905 3175 2976 μόνον
3205 2904 3265 2970 ἐξ
3295 2901 3459 2958 αὑτοῦ
3486 2920 3612 2972 γενν-

2037 2998 2264 3070 νηθὲντα
2317 2997 2449 3051 Θεὸν
2496 2996 2690 3065 Λόγον,
2727 2999 2925 3069 μετοχῇ
2974 3013 3033 3049 τε
3089 2995 3182 3049 τώ
3233 2996 3608 3066 γεννήσαντος,

367 3092 467 3147 ραν
510 3074 790 3147 ἐνεργείας
833 3077 1038 3147 ἐπέχει,
1079 3079 1109 3130 ό
1140 3080 1198 3132 δὲ
1230 3080 1359 3144 Υἱὸς
1405 3080 1590 3153 ἕτερόν
1638 3101 1690 3137 τι
1732 3083 1934 3156 ἦκατὰ
1979 3158 2003 3161 Α
2037 3090 2332 3161 ἀγεννήτου
2380 3090 2474 3142 καὶ
2506 3086 2721 3159 πρώτου
2754 3088 2848 3140 καὶ
2884 3086 3145 3159 μείζονος,
3180 3086 3314 3140 Θεὸν
3364 3087 3430 3140 ὲκ
3476 3084 3611 3139 Θεοῦ

344 3167 645 3237 ἐνέργειαν
666 3168 940 3237 τυγχάνει,
967 3169 1089 3221 καθ’
1114 3171 1304 3224 ἑαυτὸν
1324 3172 1674 3244 οὐσιωμένος.
1705 3175 1815 3229 Καὶ
1839 3175 1937 3231 πά·
1962 3158 2007 3219 C
2037 3158 2436 3251 ἀποφανθέντα,
2462 3158 2694 3252 Χριστὸν
2714 3179 2808 3235 καὶ
2835 3158 3160 3252 ἠλειμμένον
3185 3178 3511 3242 ἀπεκάλεσε,
3534 3179 3615 3232 sic

363 3256 466 3322 λιν,
502 3259 535 3328 ἡ
591 3258 691 3328 μὲν
722 3259 862 3329 αὐγὴ
903 3260 1238 3332 συνυπάρχει
1276 3261 1352 3333 τῷ
1395 3264 1553 3333 φωτὶ,
1599 3265 1935 3339 συμπληρω-

362 3353 490 3425 τική
525 3370 608 3417 τις
639 3350 771 3407 οὖσα
810 3353 1004 3408 αὐτοῦ’
1053 3356 1180 3410 ἄνευ
1213 3356 1323 3428 γὰρ
1356 3358 1531 3428 αὐγῆς
1564 3358 1665 3412 οὐκ
1693 3358 1760 3412 ἂν
1806 3360 1938 3412 ὑπο-

368 3447 526 3517 σταίη
577 3446 713 3517 φῶς,
744 3447 879 3518 ὁμοῦ
905 3464 964 3500 τε
998 3447 1093 3500 καὶ
1124 3450 1245 3501 κατ’
1272 3449 1404 3502 αὐτὸ
1438 3449 1841 3522 συνυφέστηκεν
1864 3467 1877 3480 ο
1908 3453 1937 3504 6

365 3536 421 3592 δὲ
454 3537 640 3609 Πατὴρ
682 3537 1024 3610 προῦπάρχει
1067 3538 1159 3591 τοῦ
1198 3539 1352 3601 Υίοῢ,
1388 3541 1484 3593 καὶ
1524 3539 1625 3610 τῆς
1669 3540 1938 3610 γενέσεως

366 3630 532 3684 αὑτοῦ
565 3630 996 3701 προῦφέστηκεν,
1108 3631 1268 3702 μόνος
1310 3630 1601 3702 ἀγέννητὸς
1645 3628 1733 3705 ἦν.
1769 3634 1879 3688 Καὶ
1910 3637 1940 3688 6

372 3726 472 3795 μὲν
510 3725 630 3777 καθ’
664 3724 852 3776 ἑαυτὸν
885 3723 1085 3786 τέλειος
1112 3724 1206 3777 καὶ
1238 3724 1472 3794 πρῶτος,
1496 3724 1570 3787 ὡς
1592 3722 1807 3796 Πατὴρ,
1844 3727 1941 3779 καὶ

368 3815 467 3888 τῆς
508 3813 602 3868 τοῦ
642 3813 774 3867 Υίοῦ
820 3813 1129 3876 συστάσεως
1159 3813 1349 3877 αἴτιος,
1388 3815 1539 3868 οὐδὲν
1587 3816 1667 3879 είς
1702 3816 1942 3887 συμπλή-

374 3921 539 3975 ρωσιν
575 3904 675 3973 τῆς
716 3899 909 3956 ἑαυτοῦ
946 3899 1195 3969 Θεότητος
1236 3899 1386 3971 παρὰ
1428 3900 1523 3954 τοῦ
1564 3900 1694 3953 Υίοῦ
1733 3900 1943 3969 λαμϐά-

370 4013 476 4049 νων
501 4011 514 4026 ο
544 3998 573 4048 ό
612 3994 668 4046 δὲ
696 3994 771 4057 ὡς
816 3995 877 4059 ἐξ
922 3995 1095 4048 αἰτίου
1142 3990 1381 4062 γεγονὼς
1423 3991 1558 4054 υίὸς,
1599 3990 1850 4060 δεύτερος
1880 3983 1941 4043 οὗ

372 4088 518 4141 ἐστιν
544 4087 657 4150 υἱὸς
683 4087 1006 4158 καθέστηκε,
1042 4084 1191 4159 παρὰ
1216 4083 1310 4137 τοῦ
1338 4083 1548 4154 Πατρὸς
1569 4082 1663 4136 καὶ
1691 4082 1752 4135 τὸ
1781 4080 1941 4147 εἶναι,

374 4179 468 4233 καὶ
498 4179 701 4232 τοιόσδε
746 4175 885 4232 εἶναι
931 4176 1185 4248 εἰληφώς.
1231 4177 1341 4229 Καὶ
1377 4175 1616 4246 namq
1669 4175 1765 4246 μὲν
1802 4175 1944 4245 αὐγὴ

373 4271 434 4324 εὖ
469 4271 609 4323 κατὰ
642 4271 958 4341 προαίρεσιν
993 4270 1084 4324 τοῦ
1120 4268 1295 4339 φωτὸς
1317 4267 1609 4337 ἐκλάμπει,
1642 4266 1780 4319 κατά
1807 4282 1858 4318 τι
1887 4265 1945 4316 δὲ

374 4361 472 4432 τῆς
513 4361 701 4424 οὐσίας
729 4359 1073 4432 συμϐεϐηκὸς
1105 4359 1434 4431 ἀχώριστονσ
1479 4360 1508 4411 6
1546 4357 1603 4410 δὲ
1645 4344 1773 4419 Υἱὸς
1803 4356 1947 4410 κατὰ

376 4450 601 4522 γνώμην
645 4451 739 4504 καὶ
784 4451 1100 4523 προαίρεσιν
1145 4449 1308 4504 εἰκὼν
1337 4449 1541 4521 ὑπέστη
1586 4448 1678 4501 τοῦ
1713 4447 1944 4518 Πατρός.

379 4544 670 4616 Βουληθεὶς
695 4543 801 4615 γὰρ
830 4546 858 4596 6
888 4542 1019 4607 Θεὸς
1047 4542 1269 4611 γέγονεν
1297 4541 1428 4594 Υἱοῦ
1459 4539 1669 4610 Πατὴρ,
1709 4539 1805 4592 καὶ
1832 4538 1945 4606 φῶς

377 4637 629 4707 δεύτερον
669 4636 809 4690 κατὰ
836 4637 1011 4688 πάντα
1044 4634 1221 4705 ἐαυτῷ
1248 4632 1676 4705 ἀφωμοιωμένον
1711 4632 1949 4700 ὑπεστή-

382 4748 531 4784 σατο.
561 4730 692 4796 Quae
720 4730 800 4784 sic
840 4745 940 4799 ego
972 4729 1330 4796 interpretor:
1368 4725 1470 4780 Sed
1501 4743 1532 4778 a
1563 4724 1797 4778 sensibili
1832 4724 1949 4793 qui-

379 4823 499 4877 dem
525 4822 719 4876 lumine
738 4822 987 4891 splendor
1012 4819 1253 4888 separari
1277 4835 1380 4872 non
1400 4825 1588 4885 potest,
1623 4814 1798 4870 Filius
1831 4831 1948 4870 vero

381 4930 620 4970 seorsum
658 4915 693 4967 'a
728 4913 892 4968 Patre
919 4929 1010 4983 per
1050 4913 1279 4980 seipsum
1312 4909 1572 4965 subsistit.
1614 4909 1691 4961 Ac
1737 4906 1950 4961 luminis

381 5006 592 5080 quidem
617 5006 862 5075 splendor
885 5006 1057 5060 locum
1086 5004 1371 5075 efﬁcientia:
1401 5001 1619 5065 obtinet,
1654 4997 1832 5054 Filius
1855 5014 1947 5053 au-

384 5108 489 5154 tem
531 5096 681 5152 aliud
705 5097 974 5168 quidpiam
1002 5112 1161 5167 quam
1188 5092 1472 5149 secundum
1499 5092 1827 5163 efﬁcientiam
1853 5101 1953 5156 est,

387 5207 476 5265 per
510 5192 736 5261 seipsum
766 5190 1067 5244 substantia
1105 5187 1383 5258 pra'ditus.
1423 5184 1676 5249 Rursum,
1706 5183 1956 5254 splendor

386 5287 549 5343 simul
588 5283 796 5340 exsistit
849 5298 966 5337 cum
1018 5281 1235 5346 lumine,
1288 5278 1523 5349 illudque
1569 5274 1956 5348 quodammodo

387 5378 645 5449 complet:
687 5392 810 5430 nam
840 5376 950 5429 sine
978 5373 1256 5444 splendore
1287 5372 1463 5427 lumen
1486 5384 1816 5441 nequaquam
1841 5366 1957 5421 sub-

386 5472 565 5531 sistat,
597 5469 855 5540 simulque
895 5482 1012 5521 cum
1051 5466 1149 5519 illo
1184 5481 1248 5520 ac
1287 5461 1575 5519 secundum
1616 5459 1752 5514 illud
1778 5459 1949 5514 subsi-

352 5565 515 5625 ‘stit;
562 5561 721 5616 Pater
769 5569 946 5614 autem
991 5557 1133 5612 Filio
1172 5558 1589 5626 prwexsistebat,
1626 5561 1676 5607 et
1714 5561 1835 5607 ante
1866 5566 1953 5605 or-

390 5663 501 5708 tum
555 5653 667 5722 ejus
718 5652 1025 5718 exsistebat,
1080 5658 1336 5719 quatenus
1384 5648 1528 5701 solus
1586 5644 1950 5715 non-genitus

2035 3273 2317 3328 transtulit
2340 3274 2429 3326 ille
2455 3291 2468 3326 :
2499 3271 2568 3325 Et
2592 3273 2682 3343 qui
2710 3273 2853 3327 solus
2875 3287 2941 3327 ea:
2963 3272 3055 3326 illo
3084 3272 3290 3342 genitus
3313 3269 3453 3323 Deus
3487 3268 3615 3323 Ver-

2037 3367 2178 3427 bum,
2204 3367 2675 3421 communicatione
2692 3367 2952 3436 gignentis
2981 3365 3219 3435 ingeniti,
3243 3363 3385 3417 Deus
3414 3361 3477 3417 de
3502 3360 3613 3416 Deo

2034 3468 2112 3514 est
2145 3457 2470 3520 declaratus,
2504 3456 2774 3525 Christum
2819 3466 2974 3526 atque
3014 3463 3228 3509 unctum
3253 3455 3487 3515 vocavit;
3518 3453 3615 3507 ubi

2036 3565 2200 3605 voces
2246 3550 2368 3604 illas
2410 3548 2627 3621 πρώτου
2674 3548 2769 3603 καλ⁸
2808 3546 3069 3620 μείζονος,
3104 3546 3263 3615 primi
3294 3553 3342 3599 et
3370 3544 3613 3613 majoris,

2038 3639 2385 3711 pnetermisit
2414 3641 2523 3706 ille,
2560 3641 2640 3696 sic
2680 3647 2861 3695 autem
2893 3638 3214 3693 vertendum
3251 3636 3351 3691 fuit
3382 3655 3394 3691 :
3431 3634 3499 3688 Et
3527 3652 3615 3689 so-

2037 3732 2147 3787 lum
2194 3747 2259 3786 eo;
2298 3734 2413 3801 ipso
2443 3733 2677 3803 genitum
2715 3729 2885 3785 Deum
2932 3729 3175 3795 Verbum,
3210 3726 3618 3797 participatione

2038 3823 2295 3893 genitoris
2334 3825 2647 3895 non-geniti,
2674 3824 2832 3892 primi
2861 3830 2909 3875 et
2934 3821 3178 3890 majoris,
3207 3819 3373 3873 Deum
3408 3817 3471 3871 de
3504 3814 3615 3870 Deo

2039 3915 2392 3977 declaratum,
2428 3914 2699 3969 Christum
2744 3923 2793 3968 et
2844 3923 3059 3966 unctum
3090 3914 3310 3966 vocavit.
3341 3909 3405 3963 Et
3433 3923 3485 3978 ρ.
3513 3907 3610 3963 181

2040 4007 2083 4060 Β
2115 4026 2126 4060 :
2166 4006 2362 4075 Διόπερ
2393 4005 2484 4057 ἐπὶ
2515 4005 2688 4075 τούτῳ
2718 4004 2900 4074 ἔχρισέ
2946 4019 3027 4067 σε,
3061 3997 3106 4056 ὦ
3135 4002 3257 4064 Θεὲ,
3287 4003 3316 4054 6
3358 4000 3619 4054 ἀνωτάτω

2043 4101 2136 4154 καὶ
2188 4097 2384 4170 μείζων
2433 4095 2616 4159 αὐτὸς,
2651 4097 2679 4147 6
2708 4094 2801 4147 καί
2831 4110 2922 4146 σου
2954 4092 3106 4156 Θεὸς,
3137 4091 3212 4155 ὡς
3240 4087 3377 4143 εῖναι
3406 4090 3497 4142 καὶ
3525 4089 3619 4142 τὸν

2043 4189 2327 4262 χριόμενον
2371 4188 2465 4239 καὶ
2508 4185 2599 4237 τὸν
2643 4185 2862 4255 χρίοντα
2908 4182 3041 4235 πολὺ
3090 4181 3372 4252 πρότερον,
3401 4179 3619 4232 πάντων

2049 4282 2148 4353 μὲν
2177 4280 2304 4333 ὄντα
2333 4278 2485 4343 Θεὸν,
2519 4278 2612 4329 καὶ
2655 4274 2816 4330 αὐτοῦ
2858 4273 3217 4346 διαφερόντως
3257 4270 3351 4339 τοῦ
3398 4270 3618 4346 χριομέ-

2047 4389 2160 4434 νου,
2186 4371 2279 4426 ubi
2307 4372 2361 4424 in
2387 4369 2592 4424 Graecis
2616 4366 2930 4423 necessario
2958 4365 3129 4435 legas,
3150 4364 3225 4427 ὡς
3248 4359 3384 4417 εἷναι
3408 4362 3499 4416 καὶ
3522 4359 3619 4414 τοῦ

2049 4460 2336 4533 χρωμένου
2368 4459 2458 4512 τὸν
2491 4458 2711 4529 χρίοντα
2745 4457 2877 4510 πολὺ
2913 4454 3198 4526 πρότερον,
3233 4452 3368 4507 alias
3401 4460 3624 4507 senten-

2050 4556 2124 4606 tia
2153 4543 2261 4606 n'on
2291 4552 2580 4606 constabit.
2604 4548 2811 4603 Locum
2844 4548 2917 4601 ita
2950 4548 3129 4610 vertit,
3163 4544 3276 4601 sive
3297 4542 3478 4614 potius
3500 4558 3624 4613 per-

2053 4645 2220 4697 vertit
2253 4644 2525 4712 interpres
2552 4683 2565 4695 .
2587 4640 2873 4707 Propterea
2904 4637 2966 4692 ob
3004 4638 3138 4690 hanc
3170 4639 3338 4704 ipsam
3382 4650 3620 4697 causam,

2052 4733 2203 4787 unxit
2238 4741 2307 4796 te,
2335 4748 2364 4786 ο
2392 4729 2554 4793 Deus,
2584 4729 2693 4783 ille.
2728 4727 2819 4797 qui
2862 4737 2981 4779 tuus
3025 4738 3223 4794 quoque
3248 4730 3323 4775 est
3353 4718 3527 4785 Deus;
3565 4730 3621 4772 ut

2028 4823 2123 4877 “sit
2165 4831 2215 4875 et
2258 4822 2348 4892 qui
2377 4821 2613 4890 ungitur,
2649 4815 2813 4880 Deus,
2843 4823 2893 4869 et
2936 4815 3025 4884 qui
3065 4812 3213 4881 ungit
3245 4826 3262 4862 :
3296 4810 3386 4881 qui
3415 4809 3624 4880 quidem

2055 4916 2126 4968 sit
2156 4913 2389 4967 omnium
2420 4909 2583 4964 Deus.
2614 4906 2688 4961 Ea
2716 4921 2880 4977 porro
2901 4913 2982 4960 est
3005 4918 3130 4958 vera
3156 4901 3286 4956 dicti
3315 4898 3621 4956 sententia:

2059 5001 2187 5056 Ideo
2217 5001 2369 5054 unxit
2399 5008 2467 5063 te,
2503 5015 2532 5051 ο
2559 4997 2717 5061 Deus,
2750 4996 2840 5066 qui
2866 5008 3140 5062 supremus
3168 5000 3218 5045 et
3244 4990 3436 5060 major,
3461 5006 3524 5043 ac
3550 4989 3626 5042 tui

2057 5107 2258 5162 quoque
2290 5089 2433 5143 Deus
2459 5095 2570 5143 est:
2595 5090 2671 5141 ita
2696 5097 2753 5140 ut
2781 5101 2973 5155 ungens
2995 5092 3153 5137 uncto
3176 5083 3341 5136 multo
3366 5082 3512 5149 prior
3532 5082 3623 5142 sit,

2061 5200 2179 5237 cum
2231 5183 2463 5236 omnium
2508 5178 2715 5251 quidem
2760 5179 2829 5232 sit
2858 5176 3020 5241 Deus,
3041 5175 3335 5246 prmertim
3364 5189 3481 5226 vero
3510 5172 3626 5242 ejus

2062 5274 2152 5345 qui
2177 5273 2410 5344 ungitur.
2442 5270 2506 5326 Et
2536 5287 2588 5341 p.
2620 5268 2726 5324 236
2756 5269 2837 5322 A:
2873 5267 2984 5321 Καὶ
3016 5269 3044 5319 ὁ
3074 5265 3205 5326 Θεὸς
3245 5265 3451 5328 Ἰσαὰκ,
3473 5256 3629 5331 ᾧκαὶ

2064 5365 2266 5435 στήλην
2297 5362 2592 5434 ἀνέστησεν
2622 5363 2651 5414 6
2679 5358 2950 5429 θεοφιλὴς,
2984 5355 3115 5420 Θεὸς
3150 5355 3246 5424 μὲν
3283 5348 3354 5426 ἦν
3391 5355 3488 5408 καὶ
3518 5349 3632 5405 Κύ-

2068 5474 2180 5529 ριος
2226 5453 2417 5526 (αὐτῷ
2445 5454 2555 5526 γὰρ
2578 5452 2789 5521 λέγοντι
2822 5448 3192 5521 πιστευτέον),
3224 5448 3284 5500 οὐ
3317 5446 3423 5517 μὴν
3465 5445 3494 5498 6
3536 5442 3631 5497 ἐπὶ

2061 5548 2298 5614 πάντων,
2324 5546 2443 5600 ἀλλ’
2474 5548 2502 5599 6
2533 5544 2743 5599 ἐκείνου
2768 5542 3040 5615 δεύτερος,
3073 5540 3141 5594 τὰ
3167 5538 3265 5592 τοῦ
3297 5535 3510 5608 Πατρὸς
3549 5534 3633 5597 είς

2060 5638 2377 5711 ἀνθρώπους
2407 5637 2818 5718 διακονούμενος
2846 5635 2937 5690 καὶ
2965 5630 3313 5708 διαγγέλλων,
3343 5628 3437 5685 ubi
3460 5628 3636 5710 inter-1

464 5788 541 5861 (α)
578 5786 697 5857 Quo
726 5803 887 5845 smsu
925 5802 1022 5858 per
1050 5785 1233 5842 omnia
1262 5784 1497 5841 similem
1546 5781 1744 5837 Filium
1793 5779 1961 5847 dicat,
2000 5778 2122 5833 vide
2152 5776 2314 5832 intra.
