4096 6416
468 381 538 436 35
1163 373 1434 432 EUSEBII
1469 363 1947 429 CESAIUENSIS
1987 362 2136 422 OPP.
2181 363 2364 424 PARS
2407 362 2495 424 Ill.
2537 401 2606 411 —
2643 369 3052 428 EXEGETICA.
3663 377 3724 433 διε

466 511 592 567 pres
646 510 796 549 more
851 494 1014 549 solito
1047 512 1059 546 :
1100 491 1164 546 Et
1212 493 1350 548 Deus
1400 490 1581 556 Isaac,
1615 493 1702 546 cui
1735 502 1784 545 et
1829 491 2042 544 titulum
2072 501 2118 558 Α
2146 502 2260 542 rem
2291 487 2538 544 Graecum
2567 488 2796 553 vitiavit,
2829 497 2884 544 et
2912 489 3178 546 catliolice
3249 484 3393 564 loqui
3443 497 3727 566 compulit.

463 589 629 644 erexit
654 587 754 643 Dei
782 589 1007 647 amicus.
1029 586 1170 640 Deus
1202 587 1410 658 quidem
1433 595 1547 640 erat
1573 597 1622 641 et
1647 585 1906 640 Dominus
1929 587 2052 657 (ipsi

463 681 601 735 enim
626 679 825 734 dicenti
859 677 1174 733 credendum
1197 688 1273 732 est
1298 680 1339 750 ),
1362 696 1464 732 non
1493 688 1665 731 tamen
1699 678 1744 732 is
1777 680 1867 748 qui
1894 677 2054 732 Pater

462 778 540 823 est
571 779 620 823 et
652 787 684 822 a
725 768 870 823 nullo
901 778 1017 830 est;
1063 769 1151 822 sed
1178 770 1268 839 qui
1297 785 1380 834 ea,
1406 785 1522 839 qua:
1549 768 1617 820 ad
1649 767 1867 822 Patrem
1891 763 2052 838 perti-

465 871 610 925 nent,
636 860 933 914 hominibus
966 859 1334 914 subministrat
1354 869 1403 913 et
1425 861 1658 913 nuntiat.
1701 857 1804 914 Ubi
1837 862 2054 914 verten-

467 953 598 1008 dum
625 963 744 1008 erat
775 973 786 1006 :
816 951 883 1006 Et
917 951 1059 1007 Deus
1091 950 1271 1018 Isaac,
1300 953 1388 1006 cui
1429 961 1477 1006 et
1527 952 1736 1006 titulum
1770 944 1933 1006 erexit
1974 953 2054 1006 vir

467 1045 562 1098 ille
588 1043 886 1114 religiosus,
921 1042 1061 1097 Deus
1093 1043 1303 1114 quidem
1355 1053 1470 1098 erat
1517 1052 1566 1096 et
1615 1041 1908 1107 Dominus;
1949 1042 2054 1108 ipsi

467 1138 608 1190 enim
639 1136 833 1190 dicenti
862 1135 1180 1190 credendum
1214 1145 1330 1199 est;
1360 1153 1450 1189 nec
1484 1146 1656 1190 tamen
1691 1147 1804 1190 erat
1845 1130 1932 1192 ille
1962 1155 2052 1192 su-

465 1244 567 1298 pra
591 1230 777 1282 omnia
808 1226 1019 1300 [Deus],
1053 1229 1145 1282 sed
1178 1228 1262 1282 illi
1291 1228 1570 1292 secundus,
1605 1230 1697 1299 qui
1745 1246 1824 1284 res
1872 1228 2052 1284 Patris

467 1325 523 1377 in
549 1319 848 1377 hominibus
879 1325 1149 1378 ministrat
1198 1334 1247 1378 et
1299 1326 1530 1380 nuntiat.
1558 1324 1689 1390 Quae
1721 1326 1966 1380 recidunt
1996 1327 2051 1382 in

467 1417 617 1470 illam
653 1417 908 1486 superius
941 1425 1424 1470 commonstratam
1457 1417 1674 1472 Eusebii
1703 1419 2048 1484 sententiam,

467 1509 735 1562 unitatem
771 1507 983 1562 scilicet
1005 1507 1100 1563 Dei
1131 1509 1512 1564 universorum
1544 1510 1596 1562 in
1623 1526 1728 1564 uno
1749 1508 1910 1565 Patre
1933 1527 2051 1566 ser-

467 1599 610 1661 vari,
636 1597 777 1653 Filio
809 1600 1054 1666 excluso,
1072 1607 1120 1654 et
1148 1601 1203 1654 in
1237 1601 1534 1654 secundum
1568 1601 1746 1656 locum
1776 1603 2047 1671 ablegato.

473 1687 738 1744 Similiter
760 1690 958 1760 p.158,
988 1691 1049 1760 β,
1091 1691 1202 1745 Ιιεεε
1232 1691 1448 1746 Eusebii
1478 1693 1638 1747 verba
1674 1695 1825 1748 ε”Οτε
1852 1693 1908 1747 δὲ
1940 1695 2052 1747 Κύ-

474 1797 587 1852 ριον
620 1782 713 1835 καὶ
745 1781 876 1834 Θεὸν
899 1778 1006 1834 οἶδε
1037 1782 1127 1835 τὸν
1158 1784 1837 1853 ἐπιφαινόμενον,ταύταις
1860 1787 2050 1849 αὐταῖς

2230 581 2351 640 Jam
2397 598 2506 654 quo
2559 583 2955 640 destinavimus
2985 601 3275 655 pergamus
3314 606 3326 640 :
3363 583 3730 644 substantiam

2149 695 2282 747 ergo
2327 675 2448 732 Filii
2482 674 2774 739 Eusebius,
2804 676 2966 729 aliam
2993 686 3048 731 et
3072 677 3342 732 diversam
3378 679 3538 734 docet
3571 697 3600 734 a
3629 680 3736 734 Pa-

2151 772 2254 826 tris
2287 767 2619 829 substantia,
2654 767 2816 837 idque
2844 781 2951 820 non
2977 767 3030 820 in
3061 768 3361 838 praemissis
3385 770 3546 824 modo
3572 770 3729 835 locis,

2151 861 2248 917 sed
2287 861 2451 915 etiam
2503 857 2633 912 alibi
2665 858 3018 928 plerumque;
3066 860 3148 913 sic
3183 860 3236 915 in
3267 859 3734 916 Demonstratione

2150 951 2469 1022 euangelica,
2487 949 2583 1005 lib.
2615 966 2669 1015 ν,
2701 964 2818 1018 cap.
2846 949 2898 1012 l,
2925 963 3046 1018 pag.
3073 949 3200 1014 215,
3229 960 3518 1022 postquam
3543 952 3596 1006 in
3621 968 3733 1023 quo

2150 1043 2382 1114 quadret
2401 1041 2736 1111 comparatio
2757 1039 2934 1094 Patris
2953 1048 3007 1095 et
3027 1039 3152 1096 Filii
3182 1058 3306 1097 cum
3332 1045 3451 1100 luce
3472 1053 3525 1100 et
3548 1053 3734 1116 splen-

2149 1137 2303 1199 dore,
2339 1135 2734 1206 explicaverat;
2770 1135 2824 1189 in
2858 1152 2968 1206 quo
2991 1135 3245 1191 diﬁ‘erant
3277 1135 3439 1192 Pater
3475 1149 3528 1192 et
3559 1137 3731 1193 Filius

2149 1243 2180 1282 ο
2209 1227 2498 1298 splendore
2525 1235 2581 1282 et
2612 1227 2733 1282 luce
2785 1228 2865 1282 sic
2911 1237 3132 1283 enarrat
3163 1229 3334 1283 εἈλὶσ
3357 1231 3419 1283 οὐ
3452 1235 3562 1294 τοῖς
3595 1231 3730 1284 ὑπο-

2148 1319 2402 1388 δείγμασι
2441 1317 2584 1372 κατὰ
2626 1317 2802 1372 πάντα
2833 1321 3032 1390 τρόπον
3060 1320 3280 1390 ὁμοίως,
3312 1319 3596 1391 ὠσπεροῦν
3628 1321 3730 1392 ήδη

2151 1411 2418 1482 πρότερον
2445 1413 2682 1482 εἴρηται.
2698 1411 2778 1463 Τὰ
2799 1411 2898 1481 μὲν
2932 1412 3039 1484 γὰρ
3063 1413 3244 1483 ἄψυχα
3273 1413 3498 1484 σώματα
3523 1414 3582 1467 τὸ
3603 1431 3732 1485 συμ-

2150 1501 2385 1573 ϐεϐηκὸς
2418 1503 2474 1554 ἐν
2513 1502 2762 1572 ποιότησι
2793 1503 3114 1574 κέκτηνται·
3141 1506 3175 1574 ἦ
3198 1523 3254 1556 τε
3285 1505 3393 1576 γὰρ
3417 1506 3581 1575 αὐγὴ,
3602 1505 3733 1576 σύμ-

2151 1610 2314 1660 φυτος
2347 1590 2479 1646 οὖσα
2511 1597 2578 1664 τῇ
2612 1593 2705 1646 τοῦ
2738 1593 2914 1662 φωτὸς
2955 1595 3135 1663 φύσει,
3169 1598 3261 1649 καί
3298 1597 3569 1659 admoniti»;
3603 1613 3698 1650 συν

2150 1687 2471 1757 υπάρχουσα
2498 1686 2575 1755 τῷ
2603 1686 2761 1753 φωτὶ,
2790 1687 2891 1738 οὐκ
2920 1687 2984 1739 ἂν
3009 1687 3222 1740 δύναιτο
3251 1689 3406 1750 ἐκτὸς
3435 1688 3732 1757 ὑφεστάναι

2151 1777 2246 1830 τοῦ
2281 1780 2339 1830 ὲν
2377 1771 2420 1844 ᾧ
2454 1781 2600 1830 ἐστιν
2625 1795 2636 1805 ·
2676 1779 2704 1830 ό
2733 1777 2788 1830 δέ
2814 1794 2876 1845 γε
2901 1777 2995 1829 τοῦ
3023 1777 3157 1830 Θεοῦ
3185 1780 3355 1846 Λόγος
3387 1781 3505 1832 καθ’
3541 1781 3729 1834 ἑαυτὸν

473 1870 658 1940 σαφῶς
684 1871 943 1941 κέχρηται
966 1873 1082 1933 ταῖς
1105 1872 1459 1942 προσρήσεσι.
1495 1871 1698 1942 Κύριον
1723 1871 1778 1924 δὲ
1802 1873 1895 1924 καὶ
1917 1872 2048 1925 Θεὸν
2083 1867 2122 1926 Β
2149 1869 2405 1922 οὐσίωταί
2445 1886 2505 1921 τε
2539 1870 2633 1921 καὶ
2666 1869 2961 1939 ὑφέστηκε,
2993 1870 3087 1922 καὶ
3120 1871 3218 1923 οὐκ
3257 1873 3561 1942 ἁγεννήτως
3603 1890 3728 1925 συν-

469 1962 551 2016 an
579 1962 650 2032 μὴ
677 1963 766 2016 τὸν
785 1963 955 2015 αἴτιον
976 1962 1146 2032 λέγοι,
1170 1963 1462 2034 προφανῶς
1485 1962 1763 2026 ἐπέδειξαν
1787 1963 1882 2032 τῆς
1905 1963 2054 2027 θείας

467 2051 691 2122 Γραφῆς
741 2053 795 2104 αἰ
841 2050 1035 2116 λέξεις,
1068 2051 1296 2119 ἄγγελον
1353 2050 1488 2104 Θεοῦ
1542 2049 1933 2119 προσειποῦσαι
1963 2050 2053 2102 τὸν

467 2144 563 2196 ἐπὶ
585 2143 676 2196 τοῦ
695 2143 887 2197 Ἰακὼϐ
907 2143 1111 2213 Κύριον
1129 2143 1224 2196 καὶ
1250 2143 1380 2195 Θεὸν
1397 2142 1907 2212 προωνομασμένον.
1933 2141 2054 2194 Λεί-

469 2239 631 2291 πεταί
665 2255 748 2301 τις
773 2237 889 2308 ’ἄρα
913 2237 987 2290 ὣν
1013 2239 1070 2289 ὲν
1098 2241 1210 2300 τοῖς
1239 2233 1355 2290 οὖσι
1391 2237 1523 2301 Θεὸς
1553 2238 1646 2290 καὶ
1681 2237 1884 2308 Κύριος
1916 2234 2051 2306 μετὰ

467 2325 563 2378 τὸν
595 2324 942 2395 παμϐασιλέα
978 2325 1075 2378 καὶ
1106 2325 1236 2378 Θεὸν
1273 2326 1379 2379 τῶν
1411 2327 1547 2380 ὅλων
1567 2344 1580 2356 ·
1611 2326 1696 2397 εἰη
1727 2327 1771 2380 δ’
1805 2327 1871 2379 ἂν
1899 2319 2052 2389 οὗτος

470 2415 500 2468 ὂ
534 2416 640 2488 πρὸ
673 2416 884 2469 αἰώνων
914 2415 1010 2470 ’τοῦ
1044 2415 1179 2469 Θεοῦ
1205 2417 1392 2487 Λόγος,
1414 2420 1442 2471 ό
1467 2418 1724 2488 κρείττων
1754 2418 1854 2488 μὲν
1885 2417 1918 2488 ἢ
1951 2419 2053 2471 πᾶ-

473 2523 542 2560 σα
579 2507 844 2576 ἀγγελικὴ
878 2505 1061 2577 φῦσις,
1098 2509 1262 2578 μείων
1293 2508 1347 2562 δὲ
1380 2511 1412 2579 ἢ
1457 2511 1594 2562 κατὰ
1631 2509 1692 2562 τὸ
1725 2509 1940 2580 πρῶτον
1968 2507 2051 2562 αἴ-

469 2613 606 2662 τιον,
637 2599 712 2651 ila
741 2594 939 2653 ‘l-atine
970 2598 1099 2653 fecit
1127 2599 1216 2653 ille
1250 2618 1262 2653 :
1296 2600 1511 2664 Quoties
1535 2617 1651 2654 vero
1679 2599 1964 2654 Dominum
1999 2609 2050 2654 et

469 2687 662 2763 Deum,
713 2707 830 2743 eum
879 2689 971 2761 qui
1011 2701 1230 2761 apparet
1277 2693 1547 2763 intelligit,
1583 2694 1662 2746 Itis
1702 2694 1830 2762 ipsis
1868 2695 2049 2761 palam

468 2781 645 2833 utitur
692 2779 1046 2837 locationibus
1079 2801 1097 2837 :
1125 2783 1265 2854 quod
1312 2802 1428 2839 vero
1464 2785 1743 2838 Dominum
1783 2785 2050 2857 Deumque

467 2885 574 2926 non
603 2889 720 2926 eum
748 2871 1007 2944 signiﬁcet
1037 2875 1130 2944 qui
1163 2874 1328 2930 Pater
1357 2885 1458 2941 est,
1495 2877 1623 2946 ipsa:
1654 2874 1944 2946 Scriptura
1965 2879 2050 2932 di—

468 2965 603 3019 uinae
649 2964 940 3020 locutiones
981 2967 1036 3019 in
1071 2967 1427 3034 superioribus
1464 2968 1850 3024 euidentissime
1879 2979 2052 3024 osten-

469 3057 626 3124 dunt,
655 3059 744 3112 ubi
772 3056 1016 3129 angelum
1050 3061 1149 3114 Dei
1175 3061 1444 3130 appellant
1477 3077 1596 3115 eum
1625 3063 1837 3131 quicum
1862 3062 1925 3115 de
1953 3060 2054 3116 Ja-

471 3151 568 3206 cob
596 3169 767 3207 sermo
791 3164 963 3215 esset:
994 3163 1225 3223 superest
1263 3155 1428 3224 igitur
1458 3163 1516 3207 ut
1549 3170 1867 3224 quaeramus,
1901 3156 2049 3225 quis-

2155 1961 2384 2031 υπὰρχει
2437 1959 2514 2030 τῷ
2563 1961 2758 2032 Πατρὶ,
2789 1960 2902 2013 ἀλλ’
2933 1961 3007 2024 ὡς
3062 1963 3354 2032 μονογενὴς
3398 1964 3523 2027 Υἱὸς
3572 1964 3731 2034 μόνος

2153 2054 2260 2125 πρὸ
2291 2054 2506 2106 πάντων
2538 2054 2646 2106 τῶν
2685 2052 2893 2106 αἰώνων
2926 2055 2989 2105 ὲκ
3030 2053 3124 2105 τοῦ
3157 2054 3371 2124 [ἰατρὸς
3395 2059 3730 2128 γεγεννημέ-

2153 2163 2262 2208 νος,
2289 2145 2392 2198 huc
2420 2154 2504 2199 est
2532 2165 2544 2199 :
2577 2144 2677 2198 Sed
2704 2162 2806 2198 non
2837 2146 3132 2199 omnimode
3160 2150 3514 2214 exemplorum
3545 2150 3732 2203 simili-

2155 2238 2282 2290 tudo
2306 2238 2566 2301 convenit,
2594 2248 2652 2290 ut
2671 2238 2788 2306 jam
2818 2237 3018 2290 dictum
3042 2239 3142 2307 fuit
3171 2255 3188 2291 :
3218 2255 3340 2290 nam
3381 2255 3604 2307 corpora
3642 2240 3728 2292 itt-

2154 2328 2397 2382 animata
2455 2329 2700 2382 accidens
2726 2329 2780 2381 in
2810 2328 3154 2399 qualitatibus
3188 2329 3463 2384 obtinent:
3487 2331 3732 2400 splendor

2151 2422 2292 2475 enim
2321 2437 2436 2474 cum
2465 2432 2671 2474 natura:
2700 2420 2832 2474 lucis
2859 2430 3113 2474 connatus
3149 2421 3240 2484 sit,
3273 2431 3322 2474 et
3362 2421 3730 2475 substantiali-

2154 2521 2234 2564 ter
2259 2527 2378 2564 cum
2406 2511 2523 2564 luce
2556 2512 2866 2574 coexsistat,
2896 2519 3048 2564 extra
3077 2509 3304 2579 idipsum
3328 2512 3382 2564 in
3406 2528 3507 2581 quo
3534 2523 3610 2567 est
3640 2530 3728 2568 ne-

2150 2618 2418 2672 quaquam
2460 2602 2748 2656 subsistere
2775 2605 2978 2671 possit;
3008 2612 3063 2654 at
3093 2601 3189 2656 Dei
3233 2601 3455 2656 Verbum
3478 2619 3574 2672 per
3603 2621 3657 2658 se
3679 2613 3729 2658 et

2151 2695 2374 2748 seorsim
2408 2693 2764 2748 substantiam
2786 2693 2980 2748 obtinet
3009 2702 3058 2747 et
3086 2693 3323 2748 subsistit
3348 2711 3366 2758 ς
3404 2712 3564 2765 neque
3583 2697 3730 2768 inge-

2149 2784 2259 2838 nite
2289 2782 2348 2852 (i.
2373 2799 2422 2838 e.
2447 2793 2505 2836 ut
2529 2783 2882 2854 non-genitus)
2895 2782 3043 2836 Patri
3067 2785 3336 2838 coexsistit
3359 2801 3379 2849 ,°
3409 2786 3498 2840 sed
3524 2796 3579 2840 ut
3609 2788 3731 2840 uni-

2147 2876 2354 2947 genitus
2390 2873 2438 2928 F
2439 2875 2588 2938 ilius,
2621 2875 2767 2928 solus
2803 2883 2926 2928 ante
2952 2876 3130 2928 omnia
3151 2876 3348 2930 secula
3371 2891 3438 2930 ex
3464 2875 3629 2931 Patre
3645 2895 3732 2947 ge-

2151 2969 2314 3023 nitus.
2348 2964 2669 3037 Pariterque
2699 2967 2794 3021 lib.
2826 2981 2878 3021 Vl
2911 2967 3066 3020 initio
3095 2968 3367 3037 prooemii,
3402 2968 3544 3023 ineo
3568 2985 3732 3039 quem

2150 3075 2319 3130 supra
2370 3058 2663 3115 retulimus
2715 3059 2858 3122 loco,
2889 3058 2966 3112 ait
3019 3055 3218 3112 Filium
3267 3074 3390 3115 esse
3438 3063 3734 3116 secundam

2153 3158 2278 3220 post
2322 3148 2538 3205 Patrem
2587 3149 2973 3213 substantiam,
3013 3163 3135 3220 quas
3167 3149 3330 3204 rebus
3361 3149 3521 3204 factis
3554 3153 3735 3206 omni-

473 3260 599 3296 nam
629 3245 719 3306 sit,
751 3245 809 3298 in
841 3245 906 3298 iis
937 3261 1053 3315 qua:
1083 3253 1228 3312 sunt,
1266 3244 1406 3299 Deus
1453 3253 1503 3299 et
1557 3244 1832 3311 Dominus,
1858 3255 2048 3314 prwter
2074 3230 2118 3288 (ἶ
2153 3244 2256 3298 bus
2291 3245 2495 3314 praesit.
2533 3240 2598 3294 Et
2634 3242 2728 3298 lib.
2761 3256 2777 3295 t
2841 3240 3042 3296 Contra
3087 3242 3420 3308 Marcellum,
3461 3259 3514 3312 p.
3547 3243 3600 3306 5,
3635 3243 3734 3310 ait,

471 3332 690 3388 Patrem
743 3337 998 3400 omnium,
1052 3344 1102 3390 et
1137 3353 1308 3407 regem
1333 3337 1601 3408 Deumque
1647 3339 1875 3392 universi
1905 3355 1923 3392 :
1952 3340 2053 3392 erit

472 3439 652 3482 autem
677 3428 763 3480 hic
805 3423 1027 3483 Verbum
1065 3429 1183 3494 Dei,
1225 3430 1362 3501 quod
1393 3439 1470 3484 est
1497 3441 1619 3484 ante
1652 3433 1870 3496 saecula,
1901 3447 2054 3500 supe-

474 3517 586 3570 rior
621 3515 834 3587 quidem
860 3517 1003 3573 omni
1046 3520 1286 3590 angelica
1331 3532 1546 3587 natura,
1578 3523 1844 3590 profectus
1881 3531 2054 3576 autem

473 3608 540 3660 ab
588 3624 670 3665 eo.
699 3609 790 3678 qui
826 3607 1008 3662 Pater:
1033 3620 1136 3665 est.
1171 3608 1277 3665 Sed
1318 3612 1476 3682 longe
1507 3613 1612 3666 alia
1646 3610 1854 3681 profert
1883 3611 2054 3667 Euse-

474 3698 622 3763 bius,
651 3701 866 3754 scilicet
892 3718 905 3755 :
932 3699 1063 3755 Cum
1091 3719 1210 3756 vero
1247 3703 1529 3756 Dominum
1557 3715 1608 3758 et
1635 3704 1826 3770 Deum,
1849 3705 1938 3774 qui
1964 3721 2058 3773 ap-

471 3801 644 3857 paret,
671 3809 783 3846 esse
811 3796 1069 3864 agnoscit,
1102 3795 1291 3849 iisdem
1346 3797 1475 3866 ipsis
1522 3795 1663 3850 clare
1700 3797 1867 3850 utitur
1889 3798 2057 3866 appel-

479 3883 765 3937 lationibus
789 3901 806 3938 :
830 3887 968 3955 quod
1001 3903 1117 3940 vero
1147 3885 1431 3940 Dominum
1464 3898 1513 3941 et
1537 3887 1705 3942 Deum
1735 3890 1934 3955 dicens,
1953 3906 2056 3942 non

475 3992 614 4041 eum,
639 3977 728 4046 qui
758 3974 936 4032 Causa
963 3987 1060 4043 est,
1086 3980 1361 4050 signiﬁcet,
1387 3981 1652 4034 evidenter
1673 3980 1950 4035 ostendunt
1971 3981 2055 4033 di-

477 4070 610 4122 vina:
641 4068 932 4140 Scriptura:
962 4089 1126 4136 uoces,
1161 4089 1277 4144 qua:
1306 4073 1548 4144 angelum
1587 4072 1688 4127 Dei
1716 4075 1889 4142 ipsum
1922 4090 2056 4126 nun-

476 4175 692 4230 cupant,
724 4164 814 4234 qui
857 4162 1057 4219 Jacobo
1108 4163 1296 4238 [visus]
1348 4166 1603 4220 Dominus
1649 4174 1700 4219 et
1733 4165 1870 4220 Deus
1901 4177 2055 4220 antea

477 4255 771 4323 appellatus
800 4264 897 4310 est.
925 4253 1106 4309 Restat
1137 4273 1258 4325 ergo
1285 4257 1547 4326 quispiam
1566 4256 1704 4308 inter
1732 4271 1794 4308 ea
1823 4271 1938 4324 quae
1959 4267 2056 4308 era--

476 4349 671 4401 sistunt
722 4347 864 4401 Deus
909 4357 956 4400 et
1010 4347 1293 4412 Dominus,
1344 4359 1460 4414 post
1503 4348 1738 4401 omnium
1789 4364 1956 4418 regem
2007 4359 2058 4401 et

480 4432 646 4486 Deum
679 4435 1038 4488 universorum
1067 4449 1086 4487 :
1115 4436 1160 4488 is
1188 4445 1362 4489 autem
1386 4435 1570 4504 fuerit,
1602 4436 1692 4507 qui
1715 4449 1835 4490 ante
1863 4437 2059 4490 saecula

479 4535 580 4590 est,
616 4525 718 4580 Dei
754 4525 999 4589 Verbum,
1030 4528 1202 4595 major
1225 4527 1432 4596 quidem
1465 4528 1609 4581 omni
1644 4528 1878 4596 angelica
1906 4536 2062 4581 natu-

480 4635 577 4684 ra,
609 4617 786 4670 minor
815 4633 932 4672 vero
962 4616 1059 4670 illa
1103 4619 1276 4686 prima
1316 4632 1498 4672 causa.
1538 4615 1642 4673 Ubi
1673 4619 1738 4674 de
1769 4635 1920 4673 more
1950 4617 2059 4674 Eua

481 4709 666 4766 sebius
691 4709 891 4764 Filium
915 4708 1034 4773 Dei,
1059 4724 1088 4762 a
1112 4709 1372 4780 primaria
1400 4711 1488 4764 illa
1506 4709 1706 4767 deitate
1731 4720 1783 4767 et
1810 4711 2056 4767 omnium

483 4815 652 4856 causa
681 4801 976 4864 seclusum,
1003 4800 1268 4871 dignitate
1293 4813 1346 4858 et
1366 4803 1559 4859 ordine
1585 4819 1685 4858 ceu
1717 4803 1958 4859 medium
1982 4805 2061 4859 in.

483 4897 570 4945 ter
618 4889 787 4944 Deum
827 4900 881 4944 et
923 4892 1148 4959 angelos
1195 4893 1496 4949 constituit.
1531 4891 1801 4949 Sexcenta
1836 4895 1942 4948 alia
1989 4911 2059 4951 ex

479 4980 782 5051 euangelica
821 4980 1280 5037 Demonstratione
1334 4983 1452 5038 loca
1499 4983 1692 5040 all‘erre.
1723 4987 1776 5040 in
1806 4994 2062 5056 promptu

481 5080 651 5138 esset,
669 5072 760 5127 ubi
785 5073 1054 5144 interpres
1082 5072 1377 5130 Eusebium
1409 5075 1475 5130 ad
1502 5076 1824 5132 catholicam
1855 5075 2062 5133 doctri-

483 5179 612 5220 nam
639 5165 726 5221 vel
761 5164 989 5220 invitum
1020 5165 1244 5222 deduxit
1273 5185 1287 5220 :
1313 5167 1406 5223 sed
1442 5167 1557 5223 haec
1589 5168 1776 5224 lectori
1808 5175 1971 5223 erunt
1994 5168 2062 5223 ad

485 5254 758 5310 cautelam
788 5255 947 5319 satis,
980 5271 1049 5310 ne
1094 5256 1148 5310 in
1195 5254 1389 5310 Latina
1437 5255 1691 5310 versione
1738 5269 1798 5311 se
1843 5254 2063 5309 Eusebii

486 5343 812 5401 sententiam
854 5346 1124 5416 expiscari
1170 5361 1333 5418 posse
1367 5345 1622 5401 conﬁdat.
1656 5344 1896 5402 Εειίωο
1933 5360 2066 5401 sane

487 5436 692 5491 multos
725 5435 1036 5505 interpretis
1068 5439 1297 5494 artiﬁcio
1319 5439 1386 5493 ad
1409 5438 1628 5494 Eusebii
1654 5437 1914 5492 tutandas
1940 5453 2066 5508 par-

489 5535 572 5583 tes
593 5527 895 5584 accessisse
927 5545 942 5582 :
974 5543 1097 5583 nam
1147 5530 1196 5586 is
1243 5531 1427 5585 sciens
1455 5539 1511 5585 et
1538 5530 1778 5600 prudens
1827 5527 2064 5598 scripto-

2152 3348 2279 3390 eum
2303 3334 2393 3404 qui
2426 3333 2625 3387 dixerit
2654 3331 2870 3388 Patrem
2895 3340 2950 3387 et
2980 3331 3175 3388 Filium
3208 3333 3515 3388 substantia
3537 3349 3732 3396 unum.

2153 3431 2340 3494 aperte
2376 3421 2742 3478 Sabellianum
2770 3439 2893 3478 esse
2913 3440 2929 3489 ;
2951 3430 3005 3478 et
3033 3439 3084 3494 p.
3112 3423 3184 3479 25
3211 3437 3500 3479 accusatus
3525 3441 3554 3479 a
3590 3425 3736 3480 Mar-

2154 3515 2294 3571 cello
2341 3513 2647 3579 Eusebius,
2683 3515 2826 3585 quod
2876 3523 3014 3572 teste
3067 3515 3328 3572 Narcisso
3386 3515 3735 3581 Neroniadis.

2155 3607 2294 3662 duas
2345 3622 2467 3662 esse
2512 3605 2692 3662 Patris
2732 3615 2786 3662 et
2837 3607 2963 3662 Filii
2995 3609 3332 3664 substantias
3364 3609 3591 3673 diceret,
3621 3625 3733 3665 rem

2159 3697 2251 3752 ille
2285 3713 2392 3752 non
2423 3707 2604 3768 negat,
2640 3698 2734 3754 sed
2764 3701 2870 3754 alio
2898 3715 3012 3755 rem
3057 3708 3112 3756 et
3159 3715 3467 3756 sermonem
3492 3702 3735 3756 divertit.

2158 3792 2398 3863 Tempus
2425 3809 2512 3848 me
2540 3793 2815 3860 deﬁceret,
2845 3796 2890 3850 si
2914 3796 3114 3852 similia
3144 3794 3365 3850 Eusebii
3392 3796 3509 3851 loca
3539 3811 3740 3865 conge-

2159 3903 2283 3942 rere
2314 3887 2505 3942 vellem
2537 3906 2549 3941 :
2583 3886 2651 3941 de
2671 3888 2941 3942 industria
2967 3889 3114 3944 enim
3139 3889 3229 3942 ille
3252 3889 3457 3959 passim
3493 3904 3607 3943 rem
3630 3889 3740 3959 agi-

2158 3989 2240 4034 tat
2271 3989 2326 4036 et
2359 3981 2722 4051 comprobare
2751 3981 2947 4035 nititur
2981 3981 3082 4052 (a).

2227 4115 2310 4164 Vl.
2339 4114 2584 4164 Eusebius
2608 4115 2722 4164 Filii
2747 4116 2986 4164 deitatem
3011 4117 3154 4165 aliam
3181 4117 3355 4164 statuit
3387 4127 3410 4163 a
3440 4123 3662 4178 paterna.

2229 4240 2368 4294 Cum
2398 4257 2529 4312 ergo
2574 4241 2771 4295 Filium
2807 4241 3036 4295 diversae.
3070 4255 3100 4294 a
3138 4253 3366 4312 paterna
3421 4243 3741 4300 substantia!

2158 4333 2329 4395 dicat,
2362 4331 2492 4385 hinc
2521 4333 2876 4401 consequitur
2904 4335 2962 4384 ut
2987 4331 3240 4386 deitatem
3263 4333 3424 4387 aliam
3452 4347 3483 4386 a
3517 4342 3741 4403 paterna

2159 4425 2216 4478 in
2255 4422 2395 4477 Filio
2435 4439 2559 4478 esse
2585 4423 2816 4477 doceat:
2850 4423 2991 4493 quod
3028 4423 3154 4478 licet
3181 4423 3372 4479 eodem
3419 4425 3649 4488 recidat,
3675 4441 3740 4480 ex

2162 4507 2300 4586 ipsis
2340 4515 2557 4571 Eusebii
2599 4515 2761 4570 dictis
2785 4514 3001 4586 planius
3031 4515 3218 4569 evadet
3247 4536 3258 4570 :
3289 4514 3434 4570 unde
3467 4516 3631 4568 etiam
3658 4529 3744 4570 as-

2165 4618 2384 4668 seratur
2416 4609 2562 4680 quod
2609 4609 2765 4664 initio
2804 4609 3299 4680 comprobavimus,
3335 4610 3548 4666 scilicet
3574 4608 3746 4664 Euse-

2168 4703 2317 4758 bium
2371 4703 2636 4758 unitatem
2687 4701 2906 4758 deitatis
2950 4705 3005 4759 in
3043 4718 3151 4758 uno
3186 4701 3342 4757 Patre
3387 4702 3743 4756 constitui-re.

2165 4795 2258 4850 Ait
2287 4795 2452 4866 igitur
2487 4795 2581 4851 lib.
2609 4813 2640 4847 ν
2684 4795 2834 4850 Dent.
2867 4814 3078 4867 evang.,
3111 4812 3159 4848 c.
3195 4796 3286 4858 30,
3333 4810 3386 4864 p.
3420 4795 3526 4849 255
3557 4792 3750 4850 :‘Am

2163 4889 2275 4960 γὰρ
2319 4887 2386 4942 δι’
2415 4887 2552 4941 ὅλων
2583 4887 2877 4959 τριάκοντα
2907 4887 3260 4958 προφητικῶν
3291 4885 3600 4954 κεφαλαίων
3627 4884 3747 4938 δεύ-

2165 4997 2324 5052 τερον
2347 4979 2480 5033 Θεὸν
2516 4980 2656 5050 μετὰ
2685 4980 2774 5034 τὸν
2805 4981 3064 5034 ἀνωτάτω
3093 4979 3187 5033 καὶ
3209 4980 3299 5032 ἐπὶ
3328 4979 3480 5043 πᾶσι,
3515 4977 3605 5030 τὸν
3639 4977 3752 5028 Σω-

2167 5073 2312 5144 τῆρα
2355 5073 2451 5126 καὶ
2491 5071 2695 5144 Κύριον
2722 5072 2901 5144 ἡμῶν,
2932 5073 3024 5126 τὸν
3070 5069 3164 5125 τοῦ
3213 5069 3348 5124 Θεοῦ
3392 5069 3584 5137 Λόγον,
3612 5061 3751 5122 εἶναι

2171 5163 2571 5236 μεμαθηκότες,
2599 5166 2682 5234 ἐφ’
2710 5165 2898 5236 ἑτέραν
2943 5163 3043 5234 τῆς
3085 5164 3203 5217 κατ’
3233 5161 3392 5215 αὑτὸν
3437 5159 3751 5229 οἰκονομίας

2170 5256 2427 5310 ὑπόθεσιν
2453 5255 2891 5328 μεταϐησόμεθα.
2913 5255 3017 5310 Ubi
3043 5255 3315 5326 interpres
3337 5266 3435 5322 pro
3461 5265 3611 5304 more
3635 5249 3750 5303 hac

2169 5347 2338 5416 impia
2359 5346 2505 5400 dicta
2540 5347 2607 5401 ad
2635 5347 2960 5402 catholicam
2985 5345 3311 5402 sententiam
3343 5342 3573 5396 detOrsit
3591 5359 3604 5394 :
3623 5352 3749 5392 nam

2173 5429 2578 5494 sic’transtulit
2609 5457 2621 5491 :
2654 5438 2865 5492 Atenim
2911 5447 3184 5508 postquam
3233 5436 3482 5488 hactenus
3513 5447 3578 5486 ex
3625 5431 3748 5483 totis

2175 5530 2396 5599 triginta
2435 5529 2748 5597 propheticis
2790 5529 3071 5599 capitibus,
3105 5528 3293 5592 Deum,
3324 5523 3651 5579 Salvatorem
3688 5536 3750 5574 ac

571 5743 648 5804 tu)
699 5733 831 5787 Vide
854 5743 1128 5787 comment.
1157 5737 1207 5786 in
1237 5734 1379 5787 T‘sal.
1425 5749 1544 5802 pag.
1585 5733 1714 5790 2-19.
1752 5732 1890 5790 555:
1945 5730 2244 5788 Demonstr.
2287 5748 2496 5802 et'atsg..
2568 5731 2687 5796 M8,
2742 5729 2858 5795 l55,
2891 5729 3038 5795 .203,
3093 5728 3222 5789 230,
3267 5725 3393 5790 253,
3452 5724 3578 5788 234,
3609 5721 3749 5786 235;

494 5814 678 5860 contra
722 5804 1062 5871 Marcellum,
1101 5805 1153 5868 4,
1180 5804 1268 5870 li9,
1303 5805 1388 5868 79,
1436 5805 1552 5857 104.
