4096 6388
311 339 380 393 37
1087 335 1596 393 COMMENTABIA
1638 335 1703 389 IN
1745 335 2087 392 PSALMOS.
2130 365 2200 376 --
2237 335 2790 392 PRELIMINARIA.
3502 339 3572 393 58

312 453 597 510 Dominum
637 460 898 520 nostrum,
930 453 1030 508 Dei
1073 453 1296 507 Verbum
1335 469 1447 506 esse
1475 450 1780 515 didicimus,
1811 451 1879 504 ad
1909 459 1951 514 Α
1983 461 2042 505 ut
2097 451 2258 506 habet
2310 449 2606 521 Gregorius
2662 450 3078 506 Nazianzenus:
3114 452 3195 508 sic
3242 452 3271 505 6
3322 451 3574 521 θεολόγος

307 544 536 596 alterum
567 543 682 612 ejus
711 559 826 613 quis
860 541 928 596 ad
959 543 1196 596 euntdem
1220 543 1439 610 pertinet
1477 542 1882 610 dispensationis

309 643 675 705 argumentum
712 645 1064 690 transeamus.
1100 635 1205 689 Ubi
1237 633 1557 689 vertendum
1605 633 1708 688 fuit
1744 653 1756 687 :
1786 634 1886 687 At-

305 728 446 781 enim
480 737 759 798 postquam
784 743 850 781 ea:
873 729 1001 782 totis
1023 726 1240 797 triginta
1262 726 1574 796 propheticis
1597 725 1880 794 capitibus,

308 820 595 874 secundum
623 818 811 884 Deum,
861 828 978 889 post
1018 819 1171 873 illum
1201 835 1504 888 supremum
1525 828 1579 873 et
1604 819 1694 890 qui
1721 835 1884 888 supra

309 913 488 968 omnia
532 922 630 980 est,
661 911 993 968 Salvatorem
1044 913 1245 967 scilicet
1289 912 1576 966 Dominum
1622 922 1882 977 nostrum,

307 1003 408 1060 Dei
447 1003 692 1068 Verbum,
725 1021 838 1059 esse
863 1003 1185 1069 didicimus;
1213 1004 1330 1074 jam
1355 1003 1425 1057 ad
1443 1003 1593 1058 aliud
1615 1003 1729 1074 ejus
1749 1019 1886 1058 (eco-

306 1095 501 1150 nomire
547 1104 913 1167 argumentum
963 1106 1315 1151 transeamus.
1351 1094 1452 1150 Hic
1485 1095 1639 1152 vides
1683 1111 1884 1152 secun-

309 1185 462 1251 dum,
493 1186 610 1243 sive
639 1187 873 1242 alterum
908 1185 1100 1252 Deum,
1126 1203 1156 1242 a
1185 1203 1440 1258 supremo
1464 1188 1558 1243 illo
1583 1195 1636 1242 et
1667 1188 1760 1259 qui
1793 1203 1886 1243 su-

305 1293 408 1351 pra
432 1281 615 1334 omnia
643 1286 747 1344 est,
770 1278 1116 1344 distinctum,
1143 1280 1429 1350 praidicari
1461 1298 1476 1335 :
1509 1295 1635 1334 nam
1662 1279 1888 1350 utrique

310 1383 466 1424 suam
497 1369 751 1424 deitatem
797 1369 1046 1433 ascribit,
1083 1370 1309 1424 alteram
1335 1384 1647 1441 supremam
1676 1377 1732 1425 et
1771 1384 1886 1424 ma-

303 1461 503 1532 jorem,
535 1476 656 1531 quae
683 1461 749 1515 ad
769 1459 984 1518 Patrem
1008 1501 1023 1526 ,
1047 1462 1274 1519 alteram
1305 1478 1437 1517 vero
1457 1463 1744 1526 minorem,
1766 1477 1888 1532 quae

308 1554 377 1608 ad
403 1553 927 1624 Filium,pertineat.
962 1555 1027 1609 Et
1053 1569 1179 1610 vero
1213 1555 1267 1609 in
1299 1555 1439 1609 libro
1471 1557 1648 1625 primo
1683 1553 1884 1609 Contra

312 1645 641 1712 Marcellum,
675 1646 880 1701 diserte
928 1653 982 1701 et
1013 1647 1131 1702 sine
1161 1647 1388 1717 ambage
1414 1647 1481 1702 de
1509 1645 1670 1701 Patre
1691 1646 1766 1699 ait
1793 1646 1883 1699 :'0

305 1737 410 1808 τὴν
453 1737 658 1790 οἰκείαν
699 1737 926 1808 θεότητα
954 1736 1308 1808 κεκτημένος,
1338 1738 1428 1807 qui
1469 1738 1736 1807 propriam
1783 1734 1886 1789 sibi

1979 542 2218 599 Joannes
2249 543 2405 598 initio
2460 543 2739 615 Evangelii
2796 544 2883 599 sui
2932 544 3159 599 deorum
3191 546 3574 614 multiplicita-

1979 643 2089 691 tem
2126 636 2420 692 induxerit.
2454 635 2552 690 llic
2603 651 2663 692 se
2712 637 2850 692 mire
2900 643 3227 706 contorquet
3278 635 3570 700 Eusebius,

1980 737 2035 784 et
2075 744 2144 783 ne
2175 727 2315 784 duos
2346 727 2575 799 cogatur
2605 729 2896 786 admittere
2926 730 3059 786 deos
3101 737 3183 784 tot
3223 729 3574 784 circuitioni-

1980 822 2086 878 bus
2125 829 2182 878 et
2227 822 2551 893 ambagibus
2601 823 2792 888 utitur,
2834 830 2895 877 ut
2945 823 3258 894 perplexam
3303 823 3568 893 arguendi

1983 913 2298 970 methodum
2324 915 2514 968 mirari
2545 914 2762 969 subeat.
2795 913 2887 968 Ait
2921 915 3089 985 igitur
3111 913 3381 970 Eusebius
3409 916 3503 970 lib.
3530 931 3569 968 ιι

1983 1003 2183 1060 Contra
2210 1003 2522 1059 Marcellum
2546 1005 2624 1077 (a)
2652 1024 2666 1061 :
2691 1005 2820 1061 Δέον
2851 1005 3098 1060 ἐντεῦθεν
3124 1010 3383 1069 συνεῖναι,
3406 1007 3481 1073 ὡς
3508 1010 3568 1064 οὺ

1979 1094 2074 1149 δύο
2099 1096 2306 1167 θεοὺςή
2334 1095 2628 1168 Ἐκκλησία
2649 1096 2744 1150 τοῦ
2774 1097 2910 1151 Θεοῦ
2934 1098 3196 1170 κηρύττει
3217 1112 3233 1130 ο
3260 1100 3322 1154 οὐ
3344 1099 3454 1172 γὰρ
3477 1099 3573 1154 δύο

1981 1186 2270 1258 ἀγέννητα,
2300 1187 2420 1240 οὐδὲ
2444 1187 2538 1240 δύο
2567 1186 2798 1261 ἄναρχα,
2829 1188 2905 1253 ὡς
2945 1189 3204 1254 πολλάκις
3238 1192 3370 1262 ἡμῖν
3415 1191 3570 1264 εἴρηα-

1980 1295 2090 1344 ται,
2117 1279 2239 1331 οὐδὲ
2263 1278 2354 1332 δύο
2383 1279 2570 1342 οὐσίας
2601 1279 2660 1346 ὲξ
2695 1280 2965 1349 ἰσοτιμίας
2993 1280 3573 1354 ἁντιπαρεξαγομένας

1982 1370 2231 1442 ἀλλήλοις
2266 1371 2507 1439 εἰσάγει·
2536 1370 2618 1424 διὸ
2647 1371 2768 1424 οὐδὲ
2801 1371 2894 1425 δύο
2924 1365 3084 1436 θεούς
3103 1389 3116 1402 ⁸
3141 1371 3278 1426 ἀλλὰ
3313 1372 3442 1443 μίαν
3471 1375 3573 1446 ἀρ-

1981 1461 2084 1534 χὴν
2114 1463 2207 1515 κα)⁸
2231 1462 2362 1516 Θεὸν
2398 1459 2558 1529 εἶναι,
2595 1463 2685 1518 τὸν
2714 1464 2878 1518 αὑτὸν
2904 1465 3124 1537 Πατέρα
3151 1465 3478 1521 διδάσκουσα
3499 1461 3573 1520 εἷ-

1985 1571 2074 1607 ναι
2116 1553 2211 1605 τοῦ
2264 1551 2582 1624 μονογενοῦς
2633 1554 2726 1607 καὶ
2773 1555 3058 1626 ἀγαπητοῦ
3101 1555 3252 1620 Υἰοῦ,
3297 1557 3401 1611 hoc
3431 1564 3516 1611 est
3551 1573 3567 1612 :

1989 1644 2130 1698 Hinc
2163 1645 2558 1715 intelligendum
2583 1656 2660 1700 est
2694 1646 2988 1701 Ecclesium
3020 1647 3122 1702 Dei
3153 1665 3256 1702 non
3280 1648 3413 1704 duos
3439 1647 3566 1703 deos

1988 1736 2280 1805 praedicare
2310 1753 2330 1790 .'
2365 1755 2466 1790 non
2491 1738 2630 1792 enim
2659 1737 2764 1792 duo
2794 1755 2897 1793 non
2927 1741 3126 1810 genita,
3155 1723 3247 1796 nec
3275 1741 3380 1796 duo
3419 1743 3572 1812 prin-

309 1807 562 1886 deitatem
596 1831 813 1886 obtinet.
838 1807 1026 1900 Neque
1057 1807 1226 1892 enim,
1261 1837 1319 1883 ut
1349 1831 1440 1884 ille
1478 1832 1682 1900 passim
1711 1829 1887 1898 loqui-
1916 1807 1958 1862 Β
1987 1829 2121 1894 cipio
2153 1830 2411 1892 carentia,
2458 1839 2515 1882 ut
2567 1846 2703 1898 swpe
2749 1807 2950 1884 dictum
2996 1850 3029 1885 a
3055 1833 3222 1887 'nobis
3269 1843 3368 1898 est,
3411 1807 3573 1904 neque

310 1932 422 1987 tur,
454 1921 653 1976 Filium
685 1923 749 1977 ad
785 1922 932 1976 illam
970 1920 1285 1990 primariam
1316 1921 1587 1990 pertinere
1628 1921 1885 1975 deitatem

309 2023 494 2086 putat;
519 2015 613 2070 sed
645 2015 872 2070 seorsim
902 2029 932 2067 a
955 2012 1118 2067 Patre
1141 2013 1407 2066 minorem
1431 2028 1554 2068 esse
1574 2011 1739 2068 Deum
1762 2027 1889 2082 pro-

308 2108 568 2162 nuntiat:
599 2121 723 2160 nam
757 2106 812 2160 in
854 2107 1097 2160 secundo
1134 2103 1333 2160 Contra
1356 2103 1674 2158 Marcellum
1725 2105 1884 2169 libro,

309 2219 432 2274 cap.
457 2203 523 2256 16
552 2212 606 2257 et
637 2203 722 2267 l7,
748 2217 868 2272 pag.
892 2201 994 2255 126
1017 2210 1070 2256 et
1093 2201 1216 2266 197,
1248 2214 1347 2269 pro
1377 2199 1588 2254 viribus
1614 2199 1888 2268 depugnat

307 2294 402 2351 ille
429 2295 642 2350 Patrem
685 2302 738 2349 et
770 2291 967 2346 Filium
997 2308 1107 2347 non
1133 2291 1383 2347 eumdem
1418 2307 1539 2346 esse
1567 2291 1732 2346 Deum
1755 2308 1770 2358 ;
1792 2290 1887 2345 sed

308 2402 379 2444 ex
411 2388 558 2442 inani
584 2389 676 2442 illa
718 2387 1092 2451 distinctione,
1120 2401 1286 2458 quam
1318 2385 1372 2440 in
1405 2384 1581 2454 primo
1609 2382 1888 2454 Evangelii

307 2476 540 2535 Joannis
567 2480 840 2536 versiculo
860 2479 1319 2545 comminiscitur,
1345 2478 1513 2533 alium
1560 2491 1682 2533 esse
1717 2473 1887 2528 Deum

310 2572 406 2642 qui
459 2587 626 2643 supra
675 2572 858 2628 omnia
889 2579 1006 2639 est,
1043 2570 1208 2624 alium
1247 2583 1378 2625 vero
1407 2568 1598 2630 Deum,
1633 2565 1726 2635 qui
1754 2562 1891 2619 Verb-

307 2663 444 2719 bum
493 2664 715 2720 dicitur.
751 2662 1056 2734 Siquidem,
1091 2662 1168 2716 ait
1211 2660 1331 2722 ille,
1380 2658 1496 2713 haec
1543 2653 1891 2725 evangelista:

309 2756 477 2811 verba
511 2756 630 2812 :‘Ev
663 2752 805 2826 ἀρχῇ
842 2750 911 2824 ἦν
958 2755 987 2805 6
1027 2752 1223 2819 Λόγος·
1252 2749 1348 2803 καὶ
1377 2750 1406 2801 6
1436 2746 1606 2815 Λόγος
1647 2739 1716 2815 ἦν
1754 2741 1890 2814 πρὸς

310 2844 404 2898 τὸν
434 2843 599 2896 Θεόν·
651 2843 746 2895 καὶ
780 2841 912 2904 Θεὸς
941 2836 1009 2910 ἦν
1037 2843 1066 2894 6
1093 2839 1287 2908 Λόγος,
1317 2836 1488 2892 Deum
1517 2834 1734 2889 Patrem
1763 2846 1888 2886 cum

308 2931 550 2985 articulo
589 2930 922 3001 exprimunt,
957 2928 1091 3000 πρὸς
1130 2927 1222 2980 τὸν
1255 2925 1409 2988 Θεόν,
1439 2923 1610 2979 Deum
1642 2935 1774 2978 vero
1799 2919 1892 2974 Fi-

308 3023 448 3078 lium
486 3021 606 3077 sine
629 3021 880 3083 articulo,
911 3021 1008 3076 καὶ
1037 3019 1168 3084 Θεὸς
1190 3015 1258 3090 ἦν
1280 3020 1310 3073 6
1332 3018 1506 3086 Λόγος
1535 3034 1548 3070 :
1577 3029 1644 3070 ex
1666 3028 1777 3086 quo
1802 3027 1893 3068 ar-

313 3116 431 3186 guit
479 3114 589 3178 ille,
638 3112 808 3168 Deum
840 3111 1077 3168 Verbum
1125 3112 1247 3167 sine
1278 3110 1510 3166 articulo
1541 3121 1884 3178 expressum,

314 3207 481 3260 alium
509 3220 633 3261 esse
670 3203 838 3262 Deum
867 3201 939 3258 ab
963 3217 1031 3258 eo
1060 3201 1154 3272 qui
1202 3215 1326 3256 cum
1378 3197 1611 3253 articulo
1635 3195 1889 3266 exprimi-

308 3307 406 3353 tur
423 3315 438 3365 ;
455 3305 618 3369 atque
644 3297 715 3351 ita
749 3294 970 3353 Sabellii
998 3293 1173 3350 errori
1195 3307 1256 3349 se
1277 3305 1568 3348 occurrere
1590 3295 1765 3359 putat,
1789 3287 1886 3358 qui

311 3390 583 3454 crederet,
627 3387 844 3442 Patrem
903 3394 958 3442 et
1019 3383 1217 3440 Filium
1261 3399 1372 3439 non
1419 3379 1669 3437 eumdem
1725 3379 1887 3434 modo

309 3478 484 3535 Deum
502 3519 518 3543 ,
549 3479 645 3535 sed
672 3477 918 3534 eamdem
942 3491 1066 3533 esse
1098 3489 1410 3548 personam,
1438 3488 1560 3544 qua:
1585 3470 1885 3528 secundum

313 3573 498 3628 varias
528 3569 862 3642 intelligendi
887 3571 1128 3626 rationes
1154 3567 1604 3639 distingueretur,
1633 3580 1698 3620 ac
1722 3565 1887 3620 modo

312 3663 496 3729 Pater,
533 3663 695 3718 modo
726 3663 896 3718 Filius
919 3669 974 3718 et
1006 3661 1240 3717 Verbum
1271 3661 1656 3732 appellaretur.

621 3792 728 3842 VII.
753 3792 958 3844 Grandis
981 3793 1337 3854 paralogismus
1357 3790 1580 3841 Eusebii.

388 3898 460 3951 At
488 3912 598 3952 non
627 3896 776 3952 videt
802 3895 1072 3951 Eusebius
1101 3911 1160 3950 se
1191 3896 1245 3948 in
1270 3895 1596 3965 impietatem
1631 3891 1888 3946 Sabellia-

314 4008 386 4048 na
432 3991 570 4047 forte
600 3990 928 4045 deteriorem
966 3987 1230 4051 incidere,
1266 4002 1330 4040 ac
1359 4000 1516 4041 sacro
1544 3985 1889 4054 evangelista

312 4084 574 4155 grandem
606 4082 1031 4153 paralogismum
1066 4079 1338 4150 aﬂingere.
1371 4077 1506 4132 Nam
1549 4077 1616 4144 si,
1645 4087 1703 4132 ut
1735 4085 1889 4147 putat

314 4175 606 4240 Eusebius,
637 4174 970 4244 evangelista
1002 4171 1170 4227 Deum
1205 4171 1370 4224 alium
1423 4171 1681 4240 major-em
1715 4179 1768 4225 et
1794 4185 1890 4225 su-

316 4282 564 4339 premum
604 4267 692 4322 hic
739 4266 961 4330 indicet,
992 4265 1156 4318 alium
1189 4279 1318 4318 vero
1347 4263 1610 4316 minorem
1647 4268 1698 4314 et
1734 4261 1890 4330 longe

316 4361 671 4433 inmqualem;
705 4360 1066 4430 incogitanter
1095 4355 1387 4412 admodum
1431 4353 1694 4417 Joannes,
1725 4365 1785 4408 ut
1813 4353 1890 4407 ait

318 4457 641 4526 plerumque
673 4452 1044 4519 Athanasius,
1096 4466 1187 4506 res
1229 4449 1364 4504 adeo
1414 4449 1719 4518 disparatas
1772 4447 1890 4501 sine

1987 1919 2122 1974 duas
2145 1920 2495 1987 substantias,
2525 1920 2721 1975 honore
2750 1923 2870 1990 pari
2889 1937 2953 1976 ex
2976 1923 3195 1977 adverso
3236 1934 3418 1977 mutuo
3457 1925 3570 1978 col-

1987 2009 2150 2074 latas,
2197 2012 2432 2075 inducit,
2479 2011 2694 2081 ideoque
2739 2028 2829 2066 nec
2874 2011 3006 2066 duos
3052 2013 3174 2066 deos
3213 2027 3231 2065 :
3272 2013 3362 2066 sed
3409 2029 3571 2066 unum

1981 2104 2300 2172 principium
2334 2113 2383 2158 et
2414 2104 2604 2169 Deum,
2641 2107 2814 2172 ipsum
2851 2103 3069 2158 Patrem
3101 2107 3359 2174 unigeniti
3398 2114 3446 2159 et
3484 2105 3570 2159 di-

1985 2197 2110 2252 lecti
2148 2197 2279 2251 Filii
2309 2215 2420 2252 esse
2442 2197 2611 2252 docet.
2644 2200 2832 2268 Itaque
2866 2205 3096 2253 eatenus
3121 2214 3228 2252 non
3270 2199 3410 2254 duos
3439 2198 3572 2255 deos

1984 2307 2110 2348 esse
2135 2292 2287 2356 dicit,
2310 2303 2579 2363 quatenus
2603 2293 2755 2348 solus
2784 2290 2944 2347 Pater
2971 2307 3080 2346 non
3115 2293 3334 2363 genitus
3365 2301 3419 2347 et
3451 2293 3572 2347 sine

1989 2383 2280 2453 principio,
2315 2400 2459 2439 unus
2491 2383 2634 2439 Deus
2666 2391 2721 2438 et
2764 2399 2933 2438 unum
2978 2384 3310 2454 principium
3343 2393 3452 2448 est,
3482 2383 3574 2440 Fi-

1990 2475 2096 2529 lius
2122 2489 2274 2537 vero,
2303 2482 2490 2544 utpote
2523 2477 2627 2545 ipsi
2659 2477 2966 2546 inmqualis,
3001 2492 3110 2530 non
3147 2477 3201 2531 in
3233 2477 3496 2548 primaria
3519 2487 3574 2532 et

1990 2579 2098 2617 una
2143 2564 2233 2617 illa
2281 2563 2479 2618 deitate
2524 2573 2778 2620 censetur
2821 2581 2983 2622 esse:
3018 2569 3169 2636 atqui
3213 2567 3343 2622 hinc
3393 2569 3572 2624 solum

1988 2654 2243 2709 concludi
2282 2663 2483 2725 potest,
2513 2671 2625 2710 non
2671 2671 2796 2712 esse
2838 2658 2977 2714 duos
3015 2660 3254 2730 aequales
3283 2659 3436 2725 deos,
3474 2659 3571 2716 sed

1990 2761 2159 2800 unum
2185 2743 2400 2801 Patrem
2445 2762 2762 2818 supremum
2806 2763 2931 2804 esse
2975 2747 3151 2804 Deum
3186 2767 3352 2807 :cum
3387 2762 3570 2808 autem

1990 2835 2184 2900 Filius,
2219 2836 2346 2890 licet
2373 2837 2550 2907 impar
2579 2844 2634 2892 et
2661 2837 2863 2905 minor,
2882 2837 3028 2895 Deus
3058 2848 3242 2896 tamen
3273 2857 3398 2903 esse
3417 2843 3574 2897 dica-

1991 2937 2081 2983 tur
2099 2966 2115 2990 ,
2142 2926 2270 2983 hinc
2299 2943 2432 2984 sane
2454 2937 2828 3000 consequetur
2859 2931 2998 2987 duos
3038 2947 3164 2989 esse
3194 2932 3365 3001 deos;
3399 2934 3576 3005 maio--

1990 3035 2105 3075 rem
2143 3022 2332 3084 alium,
2363 3021 2593 3077 alterum
2624 3038 2754 3078 vero
2787 3022 3078 3080 minorem.

1990 3113 2120 3166 Vill.
2141 3113 2249 3164 Non
2286 3113 2494 3164 obscure
2516 3115 2663 3165 docet
2694 3114 2875 3164 Filium
2913 3129 3009 3165 non
3034 3129 3147 3167 esse
3168 3129 3288 3167 vere
3310 3118 3486 3170 Deum.
3515 3145 3576 3158 -

2235 3175 2317 3225 rx.
2343 3176 2449 3235 Quo
2471 3188 2618 3225 sensu
2647 3176 2827 3227 Filium
2851 3189 2964 3227 esse
2992 3180 3153 3229 Deum
3180 3179 3320 3230 dicit.

2062 3259 2236 3315 Probe
2263 3259 2649 3315 animadvertit
2691 3258 2964 3318 Eusebius
2995 3278 3107 3318 non
3141 3279 3304 3334 posse
3353 3266 3574 3320 ratioci-

1992 3349 2085 3404 nia
2115 3363 2212 3405 sua
2256 3348 2564 3405 consistere
2596 3367 2610 3403 :
2645 3349 3026 3419 quamobrem,
3057 3365 3179 3420 quae
3207 3349 3311 3421 ipsi
3343 3366 3450 3406 una
3479 3366 3574 3407 su-

1992 3449 2208 3509 pererat
2237 3439 2490 3494 elabendi
2515 3439 2679 3504 ratio,
2710 3454 2780 3495 ne
2807 3438 2946 3494 duos
2973 3439 3264 3494 admittere
3311 3440 3445 3496 deos
3476 3455 3575 3495 eo.

1992 3540 2171 3602 gatur,
2207 3531 2370 3587 modo
2398 3538 2585 3602 aperte
2610 3530 2788 3595 docet,
2825 3545 2952 3585 mox
2995 3545 3097 3585 nec
3147 3531 3384 3586 obscure
3431 3532 3572 3586 insi-

1991 3632 2124 3679 nuat
2148 3623 2346 3679 Filium
2371 3638 2481 3679 non
2513 3639 2638 3679 esse
2659 3638 2782 3678 vere
2806 3621 2997 3678 Deum.
3028 3621 3086 3677 In
3108 3623 3338 3694 epistola
3368 3625 3571 3695 quippe

1993 3732 2091 3772 sua
2144 3718 2213 3771 ad
2264 3715 2715 3788 Euphrationem,
2753 3715 2823 3772 ab
2854 3715 3157 3770 Athanasio
3198 3722 3255 3770 et
3298 3731 3328 3770 a
3355 3714 3572 3771 Nicmna

1993 3810 2234 3863 secunda
2257 3809 2468 3880 synodo
2499 3808 2718 3862 laudata
2737 3805 2918 3878 (b),de
2946 3804 3084 3861 Filio
3111 3807 3237 3862 talia
3267 3805 3411 3860 fatur
3434 3806 3574 3860 :Tbv

1993 3903 2155 3955 αὑτὸν
2179 3901 2236 3955 δὲ
2268 3901 2360 3953 καὶ
2389 3902 2546 3971 μόνον
2576 3900 2826 3970 ἀληθινὸν
2851 3893 2992 3952 εἶναι
3021 3899 3268 3958 διδάσκει
3286 3899 3350 3952 δι’
3369 3893 3444 3954 ὧν
3468 3915 3573 3969 φη-

1995 4012 2079 4048 σιν
2095 4011 2108 4024 °
2143 3995 2268 4048 Ἵνα
2290 3993 2628 4063 γινώσκωσι
2649 4008 2722 4046 σε
2737 3993 2845 4046 τὸν
2861 3995 3056 4061 μόνον
3073 3992 3362 4058 ἀληθινὸν
3388 3993 3535 4044 Θεόν
3551 4007 3566 4022 ο

1993 4087 2112 4158 οὐχὶ
2143 4085 2217 4150 ὼς
2248 4086 2365 4148 ὲνὸς
2395 4085 2546 4146 ὄντος
2573 4085 2735 4154 μόνου
2768 4083 2861 4136 τοῦ
2906 4081 3062 4145 Θεοῦ,
3093 4081 3207 4133 ἀλλ’
3233 4081 3308 4145 ὡς
3338 4082 3454 4144 ἐνὸς
3485 4082 3572 4135 όν-

1993 4195 2082 4241 τος
2111 4177 2270 4248 μόνου
2301 4174 2552 4246 ἀληθινοῦ
2587 4171 2746 4235 Θεοῦ,
2778 4170 2914 4243 μετὰ
2946 4170 3263 4243 προσθήκης
3283 4170 3572 4239 ἀναγκαιο-

1993 4269 2160 4338 τάτης
2204 4266 2319 4329 τοῦ,
2350 4265 2662 4336 ἀληθινοῦ.
2682 4266 2834 4319 Ἐπεὶ
2884 4263 2978 4317 καὶ¹
3025 4263 3186 4324 αὐτὸς
3235 4260 3366 4323 Θεὸς
3422 4261 3571 4330 μὲνό

2003 4364 2151 4427 Υἱὸς,
2182 4361 2412 4416 ἀλλὀὐκ
2442 4357 2692 4429 ἀληθινὸς
2720 4357 2872 4421 Θεόςο
2891 4349 2970 4418 εἷς
3002 4355 3110 4426 γάρ
3143 4355 3258 4407 ἐστι
3293 4354 3386 4406 καὶ
3413 4353 3570 4424 μόνος

2002 4453 2252 4525 ἀληθινὸς
2270 4453 2423 4515 Θεὸς,
2455 4450 2542 4504 διὰ
2573 4450 2635 4502 τὸ
2668 4449 2742 4520 μὴ
2764 4447 2908 4518 ἔχειν
2941 4446 3048 4518 τιρό
3069 4446 3234 4500 αὐτοῦ
3262 4463 3403 4500 τινα.
3430 4447 3491 4498 Εἰ
3512 4444 3570 4498 δὲ

322 4511 432 4601 blla
453 4511 826 4609 distinctione,
852 4559 960 4597 uno
979 4543 1281 4612 eodemque
1308 4541 1575 4596 vocabulo
1605 4546 1888 4607 utramque

2002 4511 2280 4609 nat'abtbg
2299 4548 2327 4598 6
2358 4511 2486 4607 l‘lbg
2511 4511 2925 4614 exnetbbﬁen'
2955 4511 3030 4602 ὧς
3058 4537 3220 4591 εἰκὼν
3255 4536 3349 4590 τοῦ
3381 4535 3570 4607 ἀληθι-

321 4638 606 4708 copulans,
635 4633 962 4707 signiﬁcavit
991 4652 1003 4689 :
1039 4633 1108 4688 Et
1143 4633 1389 4700 Verbum,
1438 4633 1533 4692 ait,
1580 4640 1696 4685 erat
1751 4630 1888 4699 apud

2002 4640 2116 4696 νοῦ.
2141 4641 2224 4710 εἴη
2251 4639 2316 4693 ἂν
2338 4636 2431 4691 καὶ
2451 4635 2602 4699 Θεόςο
2627 4635 2747 4686 ἐπεὶ
2768 4634 2862 4687 καὶ
2883 4631 3014 4695 Θεὸς
3034 4627 3099 4702 ἦν
3115 4632 3143 4684 ό
3163 4629 3352 4697 Λόγος,
3375 4629 3434 4681 οὐ
3463 4629 3568 4698 μὴν

320 4729 510 4795 Deum,
538 4741 588 4785 et
619 4730 759 4785 Deus
797 4738 912 4784 erat
945 4727 1165 4783 Verbum
1196 4724 1379 4797 (Joan.
1416 4741 1454 4792 I,
1486 4725 1560 4795 l).
1594 4723 1726 4778 Nam
1768 4722 1888 4794 quis

2001 4731 2077 4796 ὡς
2100 4733 2129 4786 ό
2159 4731 2318 4802 μόνος
2344 4725 2594 4798 ἀληθινὸς
2621 4724 2752 4788 Θεός
2772 4763 2787 4788 ,
2818 4724 2922 4778 hoc
2949 4731 3034 4776 est
3064 4740 3078 4776 :
3115 4719 3370 4775 Eumdem
3394 4730 3569 4773 autem

321 4838 432 4880 non
467 4822 610 4887 voci,
637 4821 800 4886 Deus,
825 4820 1161 4890 coniunctim
1188 4818 1452 4890 repetitae,
1475 4818 1723 4872 eamdem
1745 4824 1888 4870 utro-

2002 4835 2052 4880 et
2085 4823 2255 4878 solum
2282 4836 2460 4876 verum
2497 4835 2609 4873 esse
2637 4817 2786 4870 docet
2827 4816 2909 4869 his
2939 4813 3105 4869 verbis
3136 4828 3154 4865 :
3187 4831 3205 4864 ι
3251 4810 3316 4866 Ut
3351 4827 3570 4881 cognos-

321 4917 486 4987 bique
517 4914 970 4986 signiﬁcationem
1016 4911 1202 4966 statim
1244 4908 1554 4980 aptaverit?
1583 4907 1718 4975 Quis
1747 4922 1888 4962 eam-

2003 4925 2126 4972 cant
2166 4925 2216 4970 te
2255 4913 2426 4967 solunt
2468 4926 2646 4965 verum
2682 4907 2849 4962 Deum
2881 4905 3065 4978 (Joan.
3109 4919 3254 4963 xvtt.
3299 4903 3374 4971 5),
3411 4922 3430 4954 ι
3467 4919 3569 4955 non

323 5005 446 5061 dem
469 5019 680 5068 vocem,
715 5003 798 5059 his
826 5003 1015 5058 eodem
1045 5001 1166 5055 loco
1185 4998 1551 5065 enuntiatam,
1577 5007 1687 5053 tam
1711 4996 1896 5067 dispa-

322 5101 440 5146 rata
475 5091 784 5161 signilicare
812 5089 1114 5162 putaverit?
1141 5087 1280 5144 Hinc
1313 5089 1439 5144 item
1477 5089 1636 5159 longe
1660 5087 1893 5143 deterri-

323 5198 414 5240 ma
443 5183 693 5253 impietas
721 5183 1094 5252 consequitur,
1124 5197 1154 5236 a
1193 5197 1300 5252 qua
1344 5196 1559 5254 semper
1596 5189 1706 5235 tam
1739 5188 1895 5235 vetus

325 5290 488 5344 quam
553 5289 685 5328 nava
747 5270 987 5326 Ecclesia
1045 5287 1258 5327 summe
1313 5271 1640 5326 abhorruit:
1674 5287 1799 5326 nam
1847 5271 1894 5327 si

324 5363 522 5421 Filium
595 5365 760 5419 alium
811 5378 842 5416 a
890 5362 1051 5418 Patre
1101 5361 1269 5418 Deum
1331 5378 1455 5417 esse
1507 5362 1892 5429 admittamus,

325 5459 465 5513 duos
489 5471 612 5511 esse
667 5455 799 5512 deos
853 5455 1121 5509 fateamur
1158 5469 1382 5511 necesse
1430 5461 1537 5518 est,
1567 5454 1734 5508 alium
1779 5469 1897 5508 ma~

319 5551 495 5622 jorem
543 5549 816 5620 aliumque
859 5547 1126 5602 minorem
1160 5566 1173 5602 :
1210 5559 1372 5618 atque
1414 5546 1494 5602 sic
1526 5547 1580 5600 in
1612 5547 1897 5616 pluralita-

325 5649 434 5697 tem
478 5640 703 5696 deorum
750 5640 1078 5705 incidamus,
1129 5648 1183 5695 et
1240 5641 1295 5696 in
1357 5639 1616 5694 πολύθεον
1661 5639 1893 5706 ιὰθεΐαν,

393 5782 471 5848 (τι)
509 5777 572 5830 Ρ.
607 5776 726 5831 ιιι.

1993 5002 2148 5074 quasi
2184 5017 2322 5055 unus
2349 4998 2494 5054 solus
2529 4998 2602 5052 sit
2643 4995 2808 5060 Deus,
2840 4992 2930 5048 sed
2967 4992 3123 5062 quasi
3164 5006 3300 5045 unus
3327 4989 3472 5044 solus
3499 4989 3571 5043 sit

1995 5110 2146 5150 verus
2169 5092 2331 5155 Deus,
2349 5107 2465 5145 cum
2498 5089 2594 5145 hoc
2618 5087 3008 5158 pernecessario
3037 5083 3423 5145 additamenta,
3447 5099 3465 5131 ι
3487 5097 3570 5134 ue-

1995 5203 2108 5240 rus.
2140 5205 2158 5237 ι
2192 5183 2336 5239 Nam
2365 5191 2413 5237 et
2441 5183 2552 5252 ipse
2580 5179 2789 5252 quidem
2822 5176 3013 5239 Filius,
3046 5175 3206 5235 Deus,
3236 5171 3324 5228 sed
3360 5188 3459 5224 non
3484 5185 3568 5225 oe-

1997 5293 2086 5329 rus
2114 5273 2250 5328 Deus
2277 5289 2294 5326 :
2321 5289 2456 5326 unus
2485 5279 2562 5325 est
2588 5269 2726 5324 enim
2768 5265 2911 5322 solus
2955 5278 3108 5318 uerus
3143 5259 3304 5321 Deus,
3337 5273 3397 5310 eo
3430 5255 3568 5326 quod

1997 5385 2101 5422 non
2130 5365 2317 5420 habeat
2341 5364 2569 5434 aliquem
2600 5369 2720 5414 ante
2744 5375 2817 5412 se.
2849 5354 3002 5423 Quod
3032 5354 3078 5407 si
3117 5353 3229 5420 ipse
3248 5363 3450 5420 quoque
3479 5345 3564 5398 ιεῑ.

1996 5461 2101 5514 lius
2136 5474 2288 5513 verus
2327 5466 2428 5520 est,
2461 5454 2551 5509 sed
2591 5455 2725 5506 sicut
2755 5451 2930 5518 imago
2971 5446 3075 5501 ueri
3123 5443 3240 5504 Dei,
3273 5441 3414 5494 Deus
3457 5440 3572 5509 fue-

1998 5551 2068 5603 rit
2099 5565 2117 5602 :
2147 5546 2399 5617 siquidem
2421 5554 2469 5600 et
2497 5544 2639 5599 Deus
2670 5549 2784 5596 erat
2826 5537 3068 5598 Verbum,
3103 5551 3206 5588 non
3231 5542 3404 5586 tamen
3435 5538 3572 5583 sicut

1999 5643 2088 5698 ille
2132 5640 2275 5694 solus
2316 5654 2462 5692 verus
2515 5635 2675 5690 Deus.
2710 5631 2949 5702 ldipsum
2979 5629 3182 5684 diserte
3231 5624 3471 5680 declarat
3515 5622 3570 5678 in

2073 5778 2146 5846 (b)
2191 5774 2388 5829 Athan.
2423 5779 2462 5826 t.
2495 5770 2538 5840 l;
2569 5787 2606 5825 ιι
2648 5768 2793 5836 Nisa,
2827 5774 2934 5822 act.
2963 5783 3016 5830 ν,
3050 5779 3101 5834 p.
3131 5760 3254 5816 366.
