4096 6402
553 319 622 374 39
1226 315 1495 372 EUSEBII
1530 313 2008 374 CESARIENSlS
2046 312 2196 369 OPP.
2232 312 2418 370 PARS
2450 313 2539 370 Ill.
2569 346 2638 356 —
2664 314 3079 372 EXEGETlt2£..
3734 321 3806 376 40

553 441 849 495 Βεηιοηειτ.
878 458 1084 514 evang,
1112 459 1236 515 cap.
1253 445 1311 511 ι,
1337 445 1603 517 pag.226,
1623 446 1708 501 his
1729 445 1910 500 verbis
1936 464 1951 500 :
1978 446 2086 498 Ούκ

2189 495 2192 502 ,
2219 442 2317 497 οὔκ
2345 441 2638 512 ἰδιόκτητον
2679 439 2848 510 αὐτὴν
2874 439 3166 509 ἐσχηκότα.
3213 440 3272 491 ὐ
3300 440 3396 510 μὲν
3429 437 3537 511 γὰρ
3566 438 3801 505 δίδωσιν,

550 529 644 616 οῦν
674 530 761 585 διὰ
786 533 991 587 τούτων
1034 537 1063 588 6
1108 535 1208 605 μὲν
1236 535 1441 607 ἀληθὴς
1464 538 1560 589 καὶ
1597 537 1757 607 μόνος
1790 535 1923 601 Θεὸς
1950 531 2031 600 εἷς
2058 539 2125 590 ἂν
2225 538 2254 589 6
2298 535 2355 587 δὲ
2391 532 2678 605 λαμϐάνει.
2715 532 2876 584 Ὥστε
2907 531 3112 603 κυρίως
3158 533 3251 585 καὶ
3285 534 3380 585 ’ἐνα
3424 535 3630 585 ἐκεῖνον
3662 528 3803 588 εἶναι

550 622 658 693 εἴη,
691 624 851 694 μόνος
898 626 1098 698 κυρίως
1135 628 1419 698 τυγχάνων
1451 628 1553 698 τῆς
1584 628 1953 700 προσηγορίας
1973 647 1986 657 ·
2017 631 2046 681 6
2067 629 2125 682 δὲ
2224 627 2379 690 Θεὸν,
2429 627 2522 679 καὶ
2572 624 2732 696 μόνον
2761 624 2870 694 γὰρ
2926 622 3020 677 καὶ
3052 623 3208 692 φύσει
3251 625 3401 685 ὄντα,
3439 625 3533 677 καὶ
3569 625 3643 696 μὴ
3668 627 3803 695 παρ’

548 713 798 787 δεύτερος
830 719 1086 789 μετουσίᾳ
1126 718 1220 772 τοῦ
1267 719 1499 791 ἀληθοῦς
1525 722 1626 793 τῆς
1650 722 1933 786 κοινωνίας
1963 722 2122 791 ἠξίωο
2225 721 2412 790 ἐτέρου
2430 717 2664 771 λαϐόντα
2681 735 2694 747 ·
2720 717 2813 770 τὸν
2837 717 2893 769 δὲ
2918 716 3026 770 τῶν
3044 717 3359 787 δευτερείων
3383 716 3670 787 ἠξιῶσθαι,
3705 720 3801 772 καί

547 824 659 871 ται,
686 809 809 863 οὔτε
839 810 919 864 ὢν
947 812 1069 866 καθ’
1093 812 1304 877 ἑαυτὸν,
1328 813 1453 867 οὔτε
1480 814 1726 884 ὑφεστὼς
1748 816 1871 886 δίχα
1896 815 1989 868 τοῦ
2016 816 2125 869 θεο-
2222 811 2283 864 τὸ
2313 810 2444 864 Θεὸν
2472 806 2611 863 εἶναι
2638 809 2868 863 λαϐόντα
2896 809 3047 880 παρὰ
3078 808 3169 861 τοῦ
3196 810 3406 880 Πατρὸς
3438 810 3600 880 ἔχειν,
3628 810 3704 874 ὡς
3730 809 3798 865 ἂν

548 900 827 966 ποιοῦντος
869 904 1033 958 αὐτὸν
1064 905 1297 977 Πατρὸς,
1331 906 1443 960 οὔτ’
1469 908 1596 962 ἄνευ
1625 909 1721 962 τοῦ
1757 910 1968 980 [ἰατρὸς
2007 910 2124 964 θεο-
2222 906 2405 959 εἰκόνα
2447 906 2541 959 τοῦ
2583 904 2739 967 Θεοῦ,
2788 905 2916 974 μιᾶς
2958 904 3045 955 ὲπ’
3086 904 3288 972 ἀμφοῖν
3337 903 3477 956 κατά
3514 903 3575 957 τὸ
3619 903 3797 974 παρά·

549 989 873 1064 λογούμενος
904 1015 917 1050 :
956 997 1122 1052 missa
1155 1013 1285 1052 vero
1307 999 1621 1070 interpretis
1653 1002 1925 1065 versione,
1956 1016 2086 1073 qua:

2219 995 2416 1068 δειγμα
2434 997 2536 1066 τῆς
2550 995 2803 1066 Θεότητος
2828 994 3234 1063 ὲπινοουμένης,
3257 994 3374 1057 ἑνός
3398 1012 3456 1048 τε
3488 994 3640 1057 ὄντος
3657 993 3792 1049 Θεοῦ

548 1080 639 1136 ille
666 1096 766 1151 pro
794 1099 943 1139 more
976 1100 1080 1141 suo
1106 1086 1175 1141 ad
1200 1087 1529 1142 catholicam
1563 1090 1719 1145 tidem
1748 1091 2086 1146 concinnavit

2219 1088 2314 1141 τοῦ
2358 1088 2482 1143 καθ’
2529 1088 2719 1142 ἑαυτὸν
2749 1087 2999 1157 ἀνάρχως
3025 1086 3120 1138 καὶ
3157 1086 3466 1156 ἁγεννὴτως
3499 1085 3670 1149 ὄντος,
3705 1084 3794 1140 διὰ

548 1172 631 1226 sic
658 1189 759 1229 nos
775 1175 1052 1232 reddinms
1076 1196 1089 1232 :
1113 1177 1297 1249 Itaque
1319 1194 1387 1233 es:
1426 1180 1507 1235 Itis
1536 1197 1685 1237 verus
1708 1191 1758 1236 et
1793 1182 1937 1237 solus
1978 1182 2086 1237 Deu

2218 1178 2276 1233 δὲ
2301 1179 2396 1233 τοῦ
2449 1178 2579 1232 Υἰοῦ
2607 1178 2683 1242 ὡς
2728 1178 2795 1231 ἂν
2816 1177 2883 1231 δι’
2910 1177 3176 1248 ἐσόπτρου
3202 1177 3296 1231 καὶ
3326 1178 3531 1240 εἰκόνος
3562 1175 3793 1231 ἐπιθεω-

546 1264 646 1337 (α),
677 1283 814 1323 unus
847 1270 1031 1337 fuerit,
1054 1272 1145 1341 qui
1163 1272 1306 1327 solus
1336 1272 1471 1327 hanc
1487 1275 1885 1344 appellationem
1914 1278 2121 1346 proprie
2223 1272 2504 1342 ρουμένου.
2532 1269 2694 1325 Missa
2724 1267 2903 1322 Latini
2933 1267 3245 1337 interpretis
3274 1270 3547 1335 versione,
3576 1267 3670 1338 qui
3693 1281 3792 1339 pro

545 1358 772 1423 obtinet;
799 1362 1057 1417 secundus
1075 1372 1246 1418 autem
1269 1366 1667 1435 participatione
1680 1369 1804 1435 veri,
1825 1372 2118 1424 communi—
2219 1378 2370 1418 more
2391 1376 2495 1418 suo
2525 1362 2639 1416 haec
2680 1360 2749 1415 ad
2782 1358 3108 1416 catholicam
3161 1358 3492 1415 sententiam
3535 1357 3788 1422 detorsit,

544 1450 750 1505 catione
773 1452 866 1506 :‘lla
894 1455 1142 1524 dignatus
1169 1465 1268 1521 est,
1285 1458 1375 1527 qui
1388 1475 1489 1512 non
1506 1460 1618 1513 sine
1640 1458 1802 1515 Patre
1832 1461 1924 1531 qui
1945 1463 2117 1531 ipsum
2217 1458 2300 1513 sic
2330 1470 2432 1513 nos
2458 1455 2525 1510 ad
2550 1455 2773 1510 verbum
2802 1452 3226 1521 interpretamur
3252 1448 3547 1504 :Ca'terum
3579 1450 3790 1505 etiamsi

543 1541 713 1597 Deum
753 1546 923 1616 eﬁicit,
958 1562 1048 1615 per
1089 1566 1143 1603 se
1169 1551 1375 1605 exsistit
1408 1561 1463 1606 et
1501 1552 1773 1615 subsistit;
1799 1569 1960 1624 neque
2004 1556 2117 1610 sine
2216 1559 2414 1605 natura
2452 1548 2749 1620 unigenitus
2780 1544 2955 1599 Filius
2987 1554 3036 1599 et
3085 1543 3222 1597 Deus
3252 1552 3428 1597 noster
3464 1540 3785 1608 celebretur,

544 1633 708 1690 Patre
751 1636 893 1693 Deus
945 1653 1181 1696 vocatur.
1232 1640 1336 1698 Ubi
1366 1643 1512 1700 clare
1554 1645 1686 1699 dicit
1737 1646 1913 1701 solum
1944 1662 2115 1702 unum
2216 1654 2274 1698 at
2304 1659 2411 1697 non
2439 1652 2518 1697 est
2542 1642 2749 1713 primus
2783 1638 2962 1703 Dm;
2992 1637 3083 1692 ιεά
3106 1639 3310 1706 Ρτίιηυ
3358 1634 3454 1689 θεῖ
3485 1634 3786 1706 αηί9α¹ί¹¹⁸

543 1727 713 1783 Deum
747 1728 961 1786 Patrem
993 1748 1137 1797 esse,
1170 1734 1258 1788 cui
1286 1733 1376 1790 Dei
1406 1751 1602 1791 nomen
1630 1737 1851 1807 proprie
1895 1738 2117 1809 compe-
2145 1800 2183 1809 _
2218 1735 2415 1798 Filius,
2461 1744 2512 1790 et
2557 1734 2675 1788 ideo
2723 1731 2889 1787 Deus.
2950 1729 3018 1784 lu
3051 1745 3263 1784 summa
3288 1728 3397 1783 hac
3426 1743 3588 1782 causa
3622 1726 3785 1796 fuerit

541 1819 630 1885 tit,
662 1822 958 1876 secundum
983 1832 1161 1878 autem
1200 1824 1367 1881 Deum
1403 1800 1820 1898 participatione
1842 1800 2051 1884 tantum
2083 1844 2114 1885 a
2145 1800 2188 1857 Β
2215 1829 2353 1900 quod
2389 1829 2479 1883 ille
2509 1827 2648 1882 Deus
2677 1826 2769 1891 sit,
2803 1824 2931 1895 quia
2958 1822 3105 1878 solus
3138 1829 3333 1875 natura
3360 1818 3535 1873 Filius
3562 1818 3659 1873 Dei
3679 1830 3781 1881 est,

540 1907 651 1964 Deo
678 1909 837 1967 Patre
867 1911 1035 1968 Deum
1067 1915 1269 1969 factum
1300 1915 1489 1973 fuisse.
1530 1916 1667 1973 Cum
1699 1927 1878 1973 autem
1909 1921 1985 1974 ait
2027 1936 2115 1977 se-
2214 1938 2276 1975 ac
2313 1920 2622 1992 Unigenitus
2656 1926 2890 1981 vocatur,
2920 1925 2971 1970 et
2989 1916 3116 1986 quia
3146 1915 3312 1969 solius
3344 1912 3443 1967 Dei
3464 1913 3779 1976 animatam,

537 2002 776 2056 cundum
812 2003 961 2058 illum
998 2003 1189 2071 Deum,
1218 2008 1308 2062 cui
1360 2008 1573 2064 scilicet
1602 2025 1711 2065 non
1745 2026 1870 2066 vere
1901 2020 1955 2066 et
1986 2027 2114 2083 pro-
2214 2016 2460 2070 viventem
2486 2025 2535 2069 et
2558 2015 2933 2087 intelligentem
2958 2012 3239 2084 imaginem
3266 2018 3460 2071 servat,
3495 2007 3781 2062 «cundum

535 2093 654 2162 prie
685 2096 945 2164 competit
992 2096 1141 2166 quod
1176 2096 1319 2152 Deus
1346 2100 1440 2163 sit,
1476 2116 1586 2155 non
1631 2102 1750 2158 sine
1785 2100 1946 2158 Patre
1967 2105 2115 2159 exsi-
2213 2110 2396 2163 omnia
2426 2107 2581 2162 Patri
2612 2108 2863 2172 similem,
2890 2122 2952 2161 ac
2977 2107 3136 2160 etiam
3170 2105 3339 2174 ipsius
3377 2100 3593 2155 deitatis
3645 2099 3781 2153 ima-

536 2192 702 2251 stere,
719 2187 784 2239 ad
816 2188 949 2241 illud
975 2187 1251 2259 Evangelii
1269 2189 1496 2247 Joannis
1514 2192 1767 2262 respicit:
1794 2192 1861 2247 Et
1887 2193 2111 2249 Verbum
2211 2202 2383 2271 ginem
2431 2199 2697 2269 ferentem.
2736 2198 2855 2252 Hac
2887 2214 3009 2269 ergo
3055 2196 3120 2251 de
3168 2212 3333 2250 causa
3378 2195 3551 2264 ipsum
3592 2195 3777 2255 etiam.

532 2288 651 2331 erat
673 2278 810 2346 apud
836 2278 1168 2337 Deum.ldeo
1192 2291 1373 2338 autem
1392 2281 1589 2339 Filium
1607 2285 1773 2340 Deum
1798 2287 2111 2358 dignatione
2212 2301 2387 2357 utpote
2414 2294 2586 2345 solum
2642 2289 2867 2353 Filium,
2902 2291 2994 2361 qui
3037 2289 3182 2343 solus
3218 2286 3314 2341 Dei
3367 2289 3543 2356 imago
3589 2288 3682 2350 sit,
3713 2300 3778 2342 ac

537 2368 717 2427 Patris
751 2388 873 2428 esse
891 2373 996 2443 (vel
1027 2375 1213 2445 potius
1233 2393 1297 2431 ex
1331 2377 1398 2433 iis
1423 2393 1544 2448 quae
1560 2394 1723 2450 supra
1754 2380 1993 2439 diximus
2013 2399 2111 2438 vo-
2211 2400 2313 2437 non
2326 2384 2532 2453 ogenitw
2564 2392 2614 2435 et
2644 2382 2904 2451 principio
2949 2381 3175 2433 carentis
3227 2377 3538 2432 substantia:
3592 2375 3776 2431 Patris

537 2464 695 2532 cari),
715 2466 957 2536 ait,quia
986 2475 1071 2523 est
1098 2468 1277 2539 imago
1310 2469 1525 2528 Patris:
1549 2487 1657 2526 non
1687 2474 1904 2544 quidem
1931 2477 2111 2549 imago
2211 2474 2491 2528 virtutibus
2526 2472 2810 2527 secundum
2840 2470 3135 2540 exemplum
3171 2466 3533 2523 similitudinis
3561 2465 3777 2520 irtdutus

534 2571 659 2625 quae
675 2559 921 2613 eamdem
944 2574 1107 2629 quam
1124 2557 1283 2615 Pater
1298 2563 1656 2619 substantiam
1673 2567 1936 2631 obtineat,
1955 2583 2104 2631 nam,
2208 2566 2301 2629 sit,
2338 2574 2493 2635 atque
2515 2564 2579 2616 ab
2614 2565 2848 2617 omnium
2877 2562 3197 2633 peritissimo
3227 2576 3291 2613 ac
3321 2558 3669 2613 scientissimo
3687 2558 3775 2626 pi-

535 2655 597 2702 ut
646 2663 812 2718 supra
864 2653 1272 2721 comprobatum
1332 2662 1440 2719 est,
1473 2654 1744 2713 diversam
1798 2674 1829 2712 a
1880 2670 2106 2729 paterna
2206 2667 2348 2713 ctare
2380 2674 2443 2712 ae
2470 2660 2590 2712 vitta
2621 2666 2836 2711 auctore
2865 2655 3050 2715 Patre.
3097 2653 3165 2708 ad
3200 2653 3664 2707 accuratissimam
3697 2652 3776 2707 si-

533 2738 895 2794 substantiam
923 2740 1042 2795 Filii
1071 2744 1387 2811 constituit;
1416 2745 1512 2802 sed
1550 2747 1731 2819 imago
1767 2749 2105 2819 perlectissi-
2204 2748 2558 2802 rnilitudmem
2585 2748 2801 2818 eﬂ'eclus
2829 2749 2920 2809 sit,
2950 2746 3117 2801 Deum
3157 2745 3345 2799 merito
3374 2743 3541 2796 divini
3573 2759 3776 2797 sermo-

530 2844 643 2897 ma,
678 2842 943 2900 quantum
974 2848 1039 2889 ea
1073 2842 1256 2904 potest
1292 2851 1417 2892 esse
1467 2853 1588 2907 quae
1632 2841 1740 2895 alia
1782 2855 1813 2895 a
1848 2857 2103 2913 supremo
2204 2858 2293 2896 nes
2318 2842 2620 2911 appellant;
2652 2852 2827 2911 utpote
2854 2843 2946 2910 qui
2980 2858 3099 2895 cum
3141 2842 3263 2896 aliis
3291 2857 3324 2894 a
3358 2840 3519 2894 Patre
3545 2838 3643 2892 liae
3673 2851 3773 2906 ap-

528 2919 641 2976 Deo
666 2922 850 2979 fuerit.
886 2923 1234 2996 ldipsumque
1273 2928 1463 2984 multis
1498 2930 1552 2984 in
1587 2930 1726 2986 locis
1755 2940 1866 2987 tam
1898 2935 1952 2988 in
1997 2935 2104 2991 De-
2200 2935 2481 3003 pellatione
2510 2935 2757 3005 dignatus
2781 2936 2871 2999 sit,
2897 2949 3115 3005 eamque
3142 2936 3422 3002 acceperit,
3459 2949 3565 2987 non
3594 2941 3773 2986 autem

530 3015 909 3067 monstratione
955 3017 1254 3086 evangelica
1278 3054 1295 3083 ,
1355 3034 1520 3089 quam
1575 3020 1631 3074 in
1695 3022 1852 3079 libris
1902 3022 2101 3081 Contra
2200 3037 2258 3081 ut
2285 3029 2552 3097 propriam
2581 3027 2683 3081 sibi
2715 3026 2980 3081 habuerit.
3017 3025 3161 3079 Nam
3188 3026 3278 3079 ille
3311 3023 3521 3096 quidem
3543 3023 3658 3085 dat,
3688 3021 3773 3076 hic

529 3101 846 3158 Marcellum
874 3104 1136 3163 declarat.
1190 3106 1324 3162 Nam
1358 3109 1454 3165 lib.
1503 3126 1520 3164 ι
1552 3110 1753 3167 Contra
1788 3113 2097 3171 Marcellum
2122 3135 2170 3194 ρ
2201 3135 2319 3173 vero
2349 3119 2561 3187 accipit.
2597 3116 2685 3172 Ita
2716 3131 2773 3171 ut
2796 3119 3006 3187 proprie
3027 3117 3118 3171 ille
3150 3132 3287 3169 unus
3320 3116 3386 3169 sit
3421 3114 3586 3179 Deus,
3612 3123 3662 3168 et
3682 3129 3772 3167 so-

528 3212 583 3266 p.
628 3197 719 3262 70,
774 3197 840 3253 de
897 3198 1057 3255 Patre
1090 3201 1237 3257 clare
1267 3210 1321 3258 et
1364 3204 1484 3259 sine
1530 3206 1756 3278 ambage
1788 3209 1884 3276 ait,
1917 3210 2097 3275 Μόνος
2204 3211 2287 3264 lns
2338 3209 2548 3280 quidem
2591 3218 2789 3263 natura
2817 3209 3099 3271 exsistens,
3152 3221 3315 3276 neque
3363 3204 3427 3258 ab
3468 3204 3577 3259 alio
3624 3202 3770 3258 acci-

527 3287 782 3361 ἀληθινὸς
810 3291 942 3355 Θεός
975 3307 988 3320 ·
1021 3290 1177 3349 Solus
1201 3310 1350 3349 verus
1385 3295 1548 3352 Deus.
1582 3298 1639 3352 In
1669 3298 2095 3357 Demonstratio-

526 3397 593 3435 ne
630 3391 812 3438 autem
846 3385 1166 3456 evangelica,
1212 3387 1249 3440 ι.
1280 3404 1335 3451 v,
1376 3404 1426 3444 c.
1463 3390 1520 3453 ι,
1578 3406 1700 3461 pag.
1756 3393 1884 3463 227,
1938 3412 2094 3452 suam

525 3474 765 3531 dilucide
796 3477 865 3533 de
891 3476 1050 3534 Putre
1085 3489 1138 3534 et
1168 3478 1306 3535 Filio
1336 3483 1663 3538 sententiam
1691 3487 1947 3556 explicat,
1992 3490 2098 3542 ait-

524 3584 633 3640 que
655 3568 850 3623 Filium
883 3572 952 3626 ob
977 3587 1131 3627 suam
1154 3589 1278 3627 cum
1306 3572 1464 3631 Patre
1490 3576 1900 3639 similitudinem
1925 3578 2094 3635 Deum

528 3662 731 3724 vocari,
780 3662 908 3717 licet
964 3680 1069 3718 non
1105 3665 1324 3735 proprie
1366 3675 1420 3722 et
1464 3683 1560 3738 per
1591 3684 1648 3724 se
1678 3671 1840 3725 talem
1879 3685 2094 3725 nuncu-

525 3753 797 3820 patiouem
827 3753 1070 3810 obtineat
1116 3775 1129 3809 :
1170 3771 1294 3810 nam
1336 3769 1624 3828 postquam
1653 3760 1866 3815 dixerat
1896 3759 2092 3815 Filimn

524 3851 721 3897 natura
785 3844 951 3899 Deum
1004 3861 1128 3901 esse
1161 3886 1177 3911 ,
1242 3857 1475 3903 mentem
1537 3865 1689 3905 suam
1751 3851 1830 3907 sic
1864 3854 2089 3921 aperit:

523 3935 671 4008 Πλὴν
728 3938 776 3990 εἰ
815 3938 907 3991 καὶ
952 3938 1110 4008 φύσει
1153 3941 1445 4013 μονογενὴς
1490 3941 1617 4007 Υἰὸς
1643 3944 1736 3997 καί
1780 3944 1911 4009 Θεὸς
1936 3946 2093 4018 ἡμῶν

522 4030 935 4101 ἀνευφημεῑται,
970 4031 1083 4084 ἀλλ’
1126 4032 1224 4102 ούχ
1266 4034 1295 4086 6
1337 4034 1552 4105 πρῶτος
1582 4036 1735 4101 Θεὸς,
1790 4038 2003 4109 πρῶτος
2034 4039 2092 4093 δὲ

518 4121 614 4176 τοῦ
654 4122 787 4175 Θεοῦ
825 4123 1119 4193 μονογενὴς
1160 4123 1307 4188 Υἱὸς,
1340 4127 1433 4179 καὶ
1480 4126 1568 4185 διὰ
1592 4127 1751 4181 τοῦτο
1792 4129 1944 4194 Θεός.
1979 4131 2091 4185 Καὶ

518 4212 638 4266 ὅλον
688 4230 752 4282 γε
807 4214 967 4266 τοῦτο
1019 4214 1191 4268 αἴτιον
1245 4214 1313 4267 ἂν
1364 4217 1447 4287 εἴη
1497 4217 1591 4269 τοῦ
1637 4219 1731 4271 καὶ
1760 4220 1921 4272 αὐτὸν
1952 4217 2090 4275 εἶναι

519 4307 673 4371 Θεὸν,
699 4307 759 4359 τὸ
797 4307 952 4376 μόνον
986 4303 1125 4361 εἶναι
1155 4308 1315 4376 φύσει
1352 4309 1446 4363 τοῦ
1467 4310 1602 4364 Θεοῦ
1639 4311 1785 4375 Υἱὸν,
1816 4315 1909 4368 καὶ
1936 4332 2091 4385 μονο-

520 4402 654 4471 γενῆ
678 4401 1055 4472 χρηματίζειν,
1085 4401 1176 4453 καὶ
1204 4401 1265 4454 τὸ
1313 4401 1380 4455 δι’
1414 4402 1535 4456 ὅλου
1579 4402 1769 4468 σώζειν
1798 4405 1892 4459 τοῦ
1923 4407 2083 4477 μόνου

2198 3303 2377 3372 piens;
2413 3301 2497 3355 hic
2527 3317 2646 3355 vero
2696 3299 2923 3355 secundo
2959 3300 3073 3353 loco
3110 3297 3363 3367 dignatus
3403 3297 3498 3358 sit,
3551 3305 3707 3365 atque
3735 3310 3771 3348 ι

2202 3394 2363 3450 Patre
2387 3395 2640 3463 acceperit
2671 3404 2728 3447 ut
2768 3392 2908 3447 Deus
2946 3408 3059 3446 esse
3100 3391 3351 3453 obtineat,
3388 3397 3569 3458 utpote
3596 3389 3770 3456 imago

2200 3487 2318 3552 Dei,
2348 3504 2466 3543 cum
2509 3504 2615 3542 una
2645 3488 2699 3541 in
2728 3485 2979 3540 ambobus
3023 3483 3311 3539 secundum
3338 3481 3631 3548 exemplum
3658 3478 3771 3532 dei-

2197 3591 2279 3636 tas
2301 3583 2645 3653 intelligatur,
2673 3597 2777 3634 uno
2806 3578 2916 3635 Deo
2959 3577 3243 3634 secundum
3277 3593 3333 3631 se
3362 3575 3476 3630 sine
3501 3571 3768 3644 principia

2194 3686 2244 3729 et
2272 3676 2606 3744 generatione
2646 3673 2947 3736 exsistente,
2991 3673 3081 3741 qui
3128 3685 3220 3739 per
3259 3667 3466 3721 Filium
3495 3665 3649 3736 quasi
3676 3677 3770 3731 per

2195 3768 2462 3835 speculum
2504 3775 2554 3821 et
2597 3764 2876 3835 imaginem
2924 3762 3315 3817 consideratur.
3371 3758 3616 3825 Quorum
3650 3754 3767 3809 haec

2195 3876 2407 3915 summa
2465 3858 2647 3921 fuerit,
2704 3869 2929 3912 eatenus
2995 3855 3170 3911 Filius
3229 3861 3427 3907 natura
3475 3849 3621 3903 Deus
3656 3855 3763 3911 est,

2194 3958 2463 4020 quatenus
2487 3956 2683 4002 natura
2709 3962 2806 4002 sua
2845 3945 2911 3998 ad
2943 3942 3357 4000 similitudinem
3391 3940 3483 3995 Dei
3517 3955 3613 4010 per
3640 3953 3764 3993 om-

2191 4042 2282 4096 nia
2306 4040 2530 4096 elrecttts
2575 4050 2679 4104 est,
2714 4048 2877 4109 atque
2918 4036 3039 4091 ideo
3066 4034 3289 4090 deitatis
3319 4032 3539 4087 nomine
3571 4030 3765 4099 digna-

2190 4142 2282 4188 tus
2315 4142 2419 4195 est,
2449 4149 2571 4203 qua:
2602 4142 2781 4187 tamen
2826 4146 2939 4185 non
2994 4128 3098 4199 ipsi
3132 4128 3349 4198 proprie
3384 4121 3759 4194 competebat;

2192 4224 2286 4281 sed
2316 4231 2538 4294 propter
2560 4219 2975 4275 similitudinem
3006 4216 3224 4271 deitatis
3257 4229 3422 4285 quam
3460 4225 3763 4282 repraesen-

2190 4317 2362 4377 tabat,
2395 4314 2539 4369 Deus
2563 4319 2789 4365 vocatur
2815 4329 2828 4363 :
2860 4326 2959 4364 nec
2981 4310 3208 4379 primus.
3239 4306 3381 4362 Deus
3402 4316 3509 4370 est,
3546 4303 3641 4358 sed
3672 4316 3762 4357 se-

2190 4408 2400 4464 cundas
2426 4408 2483 4460 in
2510 4406 2713 4459 deitate
2754 4420 2822 4459 ex
2867 4401 3180 4472 dignatione
3224 4406 3479 4469 occupat,
3535 4412 3645 4451 non
3692 4410 3759 4451 ex

519 4491 654 4545 Θεοῦ
678 4493 776 4563 τὴν
820 4490 1058 4561 ἔμψυχον
1085 4492 1178 4544 καὶ
1218 4492 1397 4555 ζῶσαν
1450 4495 1639 4564 νοερὰν
1699 4498 1899 4562 εἰκόνα,
1947 4500 2086 4554 κατὰ

2189 4503 2311 4572 jure
2344 4510 2398 4555 et
2425 4500 2758 4570 proprietate
2794 4517 2807 4552 :
2843 4512 2969 4553 nam
3005 4494 3148 4551 Deus
3184 4495 3254 4549 ob
3283 4489 3756 4546 accuratissimam

517 4587 696 4641 πάντα
732 4585 811 4655 τῷ
839 4585 1009 4655 Πατρὶ
1054 4586 1544 4658 παρωμοιωμένην,
1589 4588 1799 4659 καὶτῆς
1830 4590 2083 4663 θεότητὸς

514 4692 578 4734 τε
617 4680 786 4751 αὐτῆς
836 4680 934 4749 τὴν
975 4678 1232 4749 ὁμοίωσιν
1274 4679 1693 4750 ἐπιφερομένην.
1744 4682 1927 4755 Ταύτῃ
1974 4701 2086 4738 τοι-

516 4770 719 4843 γαροῦν
751 4772 845 4826 καὶ
868 4772 1030 4825 αὐτὸν
1057 4771 1132 4835 ὡς
1164 4771 1229 4825 ἂν
1258 4774 1419 4843 μόνον
1451 4773 1577 4827 Υἰὸν
1599 4775 1693 4828 καὶ
1715 4775 1874 4845 μόνον
1902 4778 2084 4830 εἰκόνα

513 4866 644 4919 ὄντα
683 4862 776 4917 τοῦ
814 4864 969 4930 Θεοῦ,
1005 4865 1095 4917 καί
1136 4864 1236 4934 τῆς
1264 4865 1556 4934 ἀγεννήτου
1582 4866 1677 4920 καὶ
1717 4867 1953 4939 ἁνὰρχου
1987 4869 2081 4923 τοῦ

513 4957 728 5028 Πατρὸς
759 4956 947 5020 οὐσίας
966 4956 1065 5021 τὰς
1085 4956 1341 5026 δυνάμεις
1362 4958 1504 5012 κατὰ
1528 4958 1588 5010 τὸ
1613 4959 1960 5032 παράδειγμα
1981 4963 2080 5033 τῆς

509 5048 822 5122 ὁμοιώσεως
879 5047 1372 5121 περιϐεϐλημένον,
1428 5051 1534 5105 ὑπό
1588 5068 1650 5104 τε
1714 5052 1806 5106 τοῦ
1862 5053 2079 5109 πάντων

508 5140 904 5212 τεχνικωτάτου
935 5141 1028 5194 καὶ
1078 5142 1547 5212 πανεπιστήμονος
1584 5141 1874 5215 ζωγράφου
1905 5161 1962 5197 τε
1983 5147 2077 5200 καὶ

510 5232 773 5295 ζωοποιοῦ
813 5233 1023 5304 Πατρὸς
1056 5234 1136 5296 εἰς
1165 5232 1226 5286 τὸ
1251 5232 1332 5285 ἐτι
1369 5233 1594 5304 ἀκριϐὲς
1636 5236 1736 5306 τῆς
1766 5235 2077 5307 ὁμοιώσεως

509 5324 967 5394 ἀπειργασμένον,
1005 5324 1138 5378 Θεὸν
1184 5324 1479 5389 εἰκότωςοὶ
1511 5324 1642 5379 θεῖοι
1686 5329 2075 5399 ἀναγορεύουσι

510 5412 692 5482 λόγον
725 5413 803 5478 ὡς
858 5415 951 5467 καὶ
999 5414 1202 5488 ταύτης
1245 5416 1385 5487 μετὰ
1424 5416 1535 5471 τῶν
1574 5418 1748 5474 ἄλλων
1785 5420 1934 5493 παρὰ
1978 5420 2073 5475 τοῦ

510 5505 721 5577 Πατρὸς
775 5504 1074 5577 ἠξιωμένον
1128 5509 1518 5579 προσηγορίας,
1549 5513 1599 5566 εἰ
1633 5512 1811 5586 ηφότα
1842 5530 1921 5577 τε,
1959 5514 2073 5567 ἀλλ’

2188 4594 2597 4650 similitudinem
2621 4591 2722 4644 hac
2749 4590 2899 4644 illum
2929 4588 3288 4659 appellatione
3317 4581 3558 4638 donavit.
3587 4578 3758 4631 Euse-

2185 4687 2359 4741 biana:
2383 4685 2450 4738 de
2471 4682 2592 4737 Filii
2624 4684 2823 4739 deitate
2852 4681 3111 4735 doctrina:
3141 4680 3413 4733 luculenta
3445 4675 3572 4727 item
3600 4669 3757 4724 testi«

2186 4779 2367 4833 monia
2389 4777 2544 4833 aliert
2571 4775 2909 4847 Nicephorus
2939 4773 3248 4846 patriarcha
3280 4773 3336 4825 in
3359 4762 3751 4824 Antirrlteticis,

2181 4870 2343 4939 cujus
2366 4869 2550 4939 aperis
2577 4883 2685 4922 non
2724 4868 2988 4922 hactenus
3019 4863 3149 4919 editi
3179 4878 3242 4915 ac
3274 4862 3395 4914 luce
3422 4854 3749 4929 dignissimi.

2186 4962 2479 5019 editionem
2516 4967 2672 5030 parat
2699 4958 3103 5014 eruditissimus
3126 4953 3414 5009 Anselmus
3445 4945 3753 5002 Baudurius

2187 5065 2392 5109 noster.
2446 5051 2569 5110 Haec
2612 5053 2775 5123 igitur
2805 5058 3059 5119 excerpta
3102 5046 3255 5100 aliert
3293 5044 3384 5098 ille
3414 5058 3482 5098 cx
3522 5037 3751 5110 epistola

2187 5144 2402 5200 Eusebii
2435 5144 2503 5198 ad
2531 5144 2907 5199 Constantiam
2936 5142 3231 5211 Augustam
3259 5156 3271 5192 :
3298 5135 3471 5198 M6vo;
3502 5131 3631 5201 γοῦν
3660 5123 3750 5182 οὖ-

2182 5254 2272 5301 τος
2308 5236 2446 5307 μετὰ
2470 5236 2560 5289 τὸν
2590 5236 2851 5289 ἀνωτάτω
2876 5233 3008 5289 Θεὸν
3039 5232 3132 5286 καί
3157 5228 3373 5300 Πατέρα
3398 5224 3603 5286 δίκαιός
3634 5223 3750 5273 ἔστι

2183 5329 2384 5402 Κύριος
2417 5330 2509 5383 καὶ
2539 5326 2882 5389 δικαιοσύνας
2908 5326 3181 5397 ἠγάπησε,
3219 5322 3272 5376 id
3298 5327 3416 5375 est:
3450 5315 3552 5371 Hic
3576 5317 3753 5384 itaque

2181 5424 2327 5479 solus
2372 5432 2489 5493 post
2521 5436 2819 5490 supremum
2874 5418 3039 5472 Deum
3070 5426 3120 5471 et
3172 5414 3410 5475 Patrem,
3451 5408 3633 5479 justus
3673 5414 3749 5457 est

2182 5517 2459 5581 Dominus,
2490 5527 2540 5571 et
2566 5514 2721 5585 justit
2734 5515 2815 5569 ias
2840 5511 3055 5575 dilexit;
3086 5519 3141 5566 et
3178 5506 3369 5580 paucis
3406 5501 3749 5573 interiectis:

579 5687 655 5782 (ρ)
688 5687 877 5782 Hb.‘
895 5688 1093 5745 Contra
1127 5687 1458 5760 Marcellum,
1497 5708 1600 5767 pag
1667 5695 1739 5765 ιο,
1773 5696 1932 5768 μόνος
1965 5698 2086 5771 ιιληί

2189 5720 2216 5766 ς
2243 5702 2407 5765 Θεός’
2459 5708 2511 5756 et
2553 5699 2648 5755 lib.
2718 5713 2754 5753 tl
2794 5695 2993 5753 Contra
3029 5689 3364 5755 lucellum,
3429 5702 3553 5759 pag.
3580 5679 3745 5782 -109,

506 5767 561 5814 et
592 5759 648 5830 p;
685 5759 775 5828 ετ,
811 5760 897 5815 96.
