4096 6388
321 343 388 399 Μ
1132 339 1634 398 COMMENTARIA
1667 338 1734 394 IN
1760 339 1884 394 PSA

1991 337 2096 393 OS.
2137 369 2207 378 —
2244 334 2776 390 ΡΒἈΕΕᾸΜΙΝΑΒΙΑ.
3485 337 3555 389 42

325 466 448 517 Ὅτι
492 463 686 534 ἔχομεν
727 463 821 515 καὶ
854 463 1014 534 ἡμεῖς
1053 462 1311 534 ἀρχιερέα
1343 461 1514 533 μέγαν
1546 459 1887 530 διεληλυθότα

1995 456 2124 510 illud
2153 455 2425 520 αὐτόοεος,
2472 457 2581 525 ipse
2615 455 2754 508 Deus
2780 452 2889 524 (b);
2922 452 3033 507 sive
3060 451 3201 522 quod
3241 451 3368 507 alibi
3399 452 3553 514 dicit,

321 558 447 620 τοὺς
476 556 756 627 οὐρανοὺς,
799 555 1003 627 Ἰησοῦν
1032 555 1124 608 τὸν
1149 554 1276 606 Υἱὺν
1308 552 1400 606 τοῦ
1430 552 1584 606 Θεοῦ·
1615 547 1674 607 οὗ
1700 553 1766 606 τὰ
1794 553 1892 623 μὲν

323 649 581 702 ἀνωτάτω
604 647 698 702 καὶ
729 650 996 718 κορυφαῖα
1025 647 1123 717 τῆς
1151 645 1404 716 θεότητος
1431 645 1686 698 ἐπέκεινα
1712 646 1891 715 πάσης

322 740 550 802 κτίσεως
597 739 871 810 διήκοντα,
917 738 1233 808 καλύμματι
1283 735 1532 808 πατρικῷ
1576 737 1674 807 τῆς
1710 736 1890 789 ἐνθέου

321 831 619 902 ἁῖδιότητος
661 831 754 884 καὶ
800 830 1123 902 ἀγεννησίας
1176 829 1626 893 ἐπικαλύπτεται,
1658 832 1708 885 id
1758 839 1886 886 est:

323 923 465 990 Quia
500 922 750 978 habemus
779 933 826 978 et
861 941 955 978 nos
983 923 1294 991 Pontiﬁcem
1328 939 1592 992 magnum,
1623 925 1712 994 qui
1737 925 1891 978 cce/os

321 1015 628 1083 prwterivit,
653 1013 834 1069 Iesum
858 1013 1057 1070 Filium
1081 1015 1198 1079 Dei,
1221 995 1371 1087 cuius
1403 1016 1628 1070 Deitatis
1647 1033 1893 1085 suprema

321 1116 372 1159 et
403 1123 632 1170 summa,
663 1124 826 1177 supra
854 1124 1054 1162 onmem
1085 1119 1384 1162 creaturam
1419 1109 1775 1179 pervadentia,
1795 1124 1893 1178 pa-

324 1209 470 1254 terno
503 1200 693 1254 άίυἱηιε
714 1201 1026 1255 αἰενηὶιαεὶδ
1048 1211 1095 1254 et
1120 1201 1548 1257 innascibilitntis
1575 1204 1892 1270 operimento

321 1300 686 1361 conteguntur.
718 1291 830 1346 Sub
862 1294 974 1348 hmc
999 1301 1178 1348 autem
1210 1295 1410 1350 clarius
1447 1313 1460 1348 :
1508 1295 1564 1349 Ὀ
1595 1296 1652 1349 δὲ
1679 1297 1770 1348 ἐπὶ
1799 1296 1890 1349 τοῦ

325 1381 575 1452 μετώπου
621 1383 881 1450 στέφανος
913 1383 1010 1452 τῆς
1051 1381 1232 1435 ἐνθέου
1265 1385 1358 1435 καὶ
1396 1385 1892 1456 παντοκρατορικῆς

324 1471 595 1542 βασιλείας
626 1489 686 1525 τε
722 1474 814 1526 καὶ
851 1473 1164 1537 δεσποτείας
1194 1473 1380 1544 ἐδήλου
1414 1473 1802 1544 προσηγορίαν,
1825 1473 1893 1544 ἢν

324 1563 470 1635 μόνῳ
503 1563 580 1635 τῷ
612 1565 906 1633 Μονογενεῖ
926 1565 954 1616 ὁ
980 1565 1238 1618 ἀνωτάτω
1275 1565 1367 1617 καὶ
1403 1565 1560 1636 μόνος
1593 1564 1756 1618 αὑτοῦ
1784 1565 1896 1617 Πα-

320 1657 425 1728 τὴρ
456 1656 789 1727 ἐδωρήσατο,
823 1656 953 1710 Θεὸν
1002 1658 1096 1710 καὶ
1142 1657 1346 1728 Κύριον
1390 1659 1483 1712 καὶ
1517 1657 1742 1728 βασιλέα
1783 1657 1892 1710 τῶν

321 1749 458 1802 ὅλων
480 1749 637 1820 μόνον
663 1750 825 1805 αὐτὸν
857 1750 998 1820 μετά
1028 1767 1091 1818 γε
1122 1750 1313 1804 ἑαυτὸν
1345 1751 1644 1818 ἀναδείξας,
1680 1751 1730 1805 id
1764 1759 1887 1806 est:

321 1838 532 1894 Corona
558 1849 730 1894 autem
757 1841 811 1894 in
839 1842 1012 1909 fronte
1041 1842 1235 1909 posita,
1259 1840 1422 1895 divini
1449 1851 1496 1896 et
1521 1843 1887 1907 omnipotentis

321 1934 467 2002 regni
503 1949 566 1986 ac
602 1932 824 1986 dominii
863 1934 1262 2002 appellationem
1294 1934 1569 1989 declarat:
1592 1953 1750 2004 quam
1788 1936 1889 1989 soli

326 2018 604 2092 Unigenito
623 2039 896 2092 supremus
912 2032 961 2078 et
982 2023 1125 2078 solus
1141 2024 1254 2094 ejus
1276 2024 1434 2080 Pater
1452 2027 1684 2090 donavit,
1700 2027 1886 2092 Deum,

320 2113 608 2168 Dominum
634 2122 686 2167 et
709 2112 894 2183 Regem
923 2114 1284 2169 universorum
1307 2117 1478 2170 solum
1502 2119 1672 2186 ipsum
1693 2129 1808 2186 post
1835 2137 1890 2174 se

319 2201 621 2256 declarans.
657 2201 756 2256 Ubi
786 2202 939 2258 vides
964 2218 1029 2258 ex
1052 2203 1305 2268 Eusebio,
1332 2205 1552 2270 Filium,
1582 2208 1674 2263 Dei
1701 2218 1754 2265 et
1778 2211 1887 2265 Do-

318 2293 450 2349 mini
469 2295 880 2365 appellationem
900 2310 964 2350 ex
983 2297 1096 2351 sola
1115 2297 1424 2368 dignatione
1437 2299 1610 2358 Patris
1621 2302 1886 2368 obtinere,

321 2398 386 2437 ac
413 2383 708 2439 secundum
731 2399 760 2437 a
790 2383 949 2441 Patre
980 2384 1144 2440 Deum
1168 2401 1308 2452 esse,
1339 2403 1450 2457 quo
1481 2392 1705 2460 respicit
1725 2393 1888 2446 etiam

320 2472 410 2528 ille
420 2471 948 2529 Commentariorum
967 2476 1200 2541 locus,in
1218 2492 1429 2549 argum.
1447 2481 1583 2550 psal.
1600 2497 1746 2535 Lxxu
1763 2482 1892 2537 Asa-

321 2563 436 2634 phi,
456 2575 510 2619 et
525 2564 589 2618 ad
612 2565 747 2635 psal.
771 2581 803 2619 x
825 2566 922 2620 :Ac
941 2583 1003 2621 ne
1029 2568 1144 2636 quis
1177 2568 1239 2622 ob
1258 2571 1596 2636 monarchiaz,
1611 2574 1716 2626 sive
1733 2573 1898 2627 unius.

320 2656 584 2724 principii,
603 2657 856 2711 rationem
875 2657 1194 2720 turbaretur,
1215 2659 1484 2716 Christum
1496 2662 1591 2716 Dei
1605 2664 1769 2718 Deum
1781 2680 1892 2719 esse

320 2745 577 2810 audiens;
603 2758 944 2818 congruenter
959 2751 1040 2802 hic
1061 2751 1251 2804 multos
1268 2753 1391 2806 deos
1411 2755 1643 2807 nominat
1660 2771 1768 2819 eos,
1801 2756 1890 2825 qui

321 2837 417 2890 sub
437 2837 545 2892 lucc
566 2839 877 2892 incusantur
895 2855 913 2891 :
932 2849 1135 2893 tantum
1166 2858 1266 2894 non
1283 2843 1590 2911 praecipiens
1612 2853 1746 2899 utne
1761 2862 1892 2899 cun-

320 2937 522 2981 ctemur
538 2926 741 2981 Filium
757 2946 955 3000 quoque
975 2930 1069 2984 Dei
1088 2931 1252 2985 Deum
1277 2949 1478 2987 vocare.
1498 2932 1556 2988 Si
1576 2935 1714 2988 enim
1726 2937 1891 3006 gentis

321 3020 595 3090 principes,
609 3023 697 3091 qui
711 3021 846 3074 male
859 3022 1162 3085 audiebant,
1193 3023 1285 3078 Dei
1303 3026 1508 3079 nomine
1521 3026 1726 3097 dignati
1746 3037 1888 3093 sunt,

321 3110 478 3182 quod,
507 3128 703 3180 quaeso,
733 3113 1021 3182 periculum
1048 3115 1230 3183 fuerit,
1253 3117 1302 3170 si
1329 3119 1497 3170 virum
1521 3118 1750 3174 dextera:
1769 3119 1885 3188 Dei,
1912 3153 1956 3211 ο

317 3210 368 3254 et
399 3202 572 3270 ﬁlium
603 3201 828 3257 hominis
871 3206 1265 3275 conﬁrmatum,
1299 3207 1468 3262 Deum
1510 3211 1801 3279 fateamur,
1832 3212 1887 3266 id

318 3297 422 3354 est,
455 3306 578 3346 cum
614 3291 862 3349 homines
891 3295 1053 3348 etiam
1088 3296 1162 3351 dii
1194 3306 1474 3359 vocentur.
1511 3301 1680 3356 multo
1714 3304 1888 3374 magis

319 3398 612 3452 possumus
644 3385 920 3440 Christum
947 3389 1219 3458 appellare
1251 3389 1440 3454 Deum,
1471 3393 1600 3464 quin
1631 3394 1760 3450 hinc
1783 3413 1890 3453 me-

319 3482 406 3528 tus
440 3473 608 3547 sitne
635 3476 1006 3544 pluralitatem
1040 3479 1265 3535 deorum
1294 3492 1348 3538 et
1373 3484 1767 3555 princigiorum
1802 3488 1887 3542 in-

317 3563 604 3631 ducamus,
636 3567 765 3638 quia
798 3569 1009 3626 scilicet
1051 3570 1224 3628 Filius
1270 3591 1377 3629 non
1411 3580 1626 3647 proprie
1675 3587 1728 3635 et
1762 3596 1887 3636 vere

319 3657 462 3712 Deus
489 3671 594 3724 est,
624 3659 768 3729 quod
792 3661 879 3716 hic
902 3663 991 3717 ille
1015 3663 1277 3728 insinuat,
1301 3676 1354 3722 et
1378 3669 1505 3724 alibi
1529 3671 1672 3726 clare
1694 3679 1748 3726 et
1769 3673 1888 3729 sine

317 3751 542 3820 ambage
569 3750 727 3806 dixit.
756 3752 884 3808 ldeo
900 3762 1100 3823 autem,
1122 3765 1180 3810 ut
1198 3758 1311 3826 ipse
1328 3760 1379 3812 in
1399 3761 1562 3815 allato
1586 3763 1724 3826 loco,
1752 3765 1806 3818 in
1824 3766 1886 3818 li-

318 3842 433 3896 bris
447 3840 646 3896 Contra
664 3841 974 3898 Marcellum
989 3853 1056 3900 .et
1069 3847 1122 3900 in
1138 3847 1440 3904 Comment.
1457 3853 1510 3904 in
1535 3854 1668 3921 psal.
1687 3870 1883 3920 Lxxxv,

319 3930 665 4002 10,explicat,
687 3931 828 3988 Deus
845 3934 933 3990 ille
956 3936 1326 4004 praaomnibus
1343 3939 1431 4005 iis,
1446 3941 1536 4007 qui
1553 3940 1644 3994 Dei
1668 3944 1888 3999 nomine

317 4022 524 4093 dignati
560 4030 708 4088 sunt,
750 4025 1073 4094 appellatur,
1121 4029 1249 4098 quia
1285 4031 1338 4083 in
1384 4029 1502 4100 ipso
1547 4033 1664 4086 solo
1705 4023 1886 4088 Patris

316 4113 618 4170 similitudo
663 4124 948 4182 servatur;
983 4125 1033 4170 et
1065 4117 1120 4172 in
1162 4129 1283 4173 ortu
1327 4135 1427 4175 suo
1469 4137 1499 4174 a
1538 4121 1700 4178 Patre
1744 4122 1884 4180 Dens

315 4205 492 4262 factus
521 4216 576 4263 et
602 4208 894 4278 deputatus
919 4216 1023 4276 est,
1060 4208 1396 4282 θεοποιηθείς
1425 4222 1484 4267 ιιι
1516 4229 1703 4283 supra,
1742 4216 1885 4271 unde

313 4300 474 4353 etiam
497 4308 581 4355 est
609 4300 753 4370 quod
776 4300 1028 4366 αὐτόοεος
1050 4311 1274 4359 vocetur
1307 4305 1360 4358 in
1404 4305 1548 4359 Hist.
1602 4306 1727 4361 eccl.
1757 4307 1792 4360 l.
1826 4323 1882 4368 κ,

317 4407 370 4460 p.
407 4391 511 4446 375
546 4391 646 4462 (a),
680 4395 1089 4464 comparatione
1117 4395 1322 4451 scilicet
1345 4396 1648 4464 hominum,
1683 4397 1776 4467 qui
1805 4396 1880 4450 dii

314 4489 610 4550 vocantur;
661 4499 764 4538 nec
801 4493 984 4541 tamen
1034 4486 1108 4541 dii
1131 4487 1235 4541 dici
1264 4500 1510 4558 possunt,
1541 4490 1586 4544 si
1616 4506 1739 4544 cum
1781 4491 1876 4544 illo

1989 4473 2145 4528 pcrra
2155 4471 2213 4510 ro
2243 4456 2310 4510 de

315 4574 690 4639 conferantur,
714 4584 775 4630 ut
802 4576 964 4633 habet
992 4578 1048 4632 in
1075 4579 1160 4634 his
1197 4583 1619 4637 commentariis.
1653 4583 1806 4649 Quod
1832 4587 1879 4638 si

314 4665 447 4719 illud
475 4666 763 4736 adjiciatur
791 4669 892 4739 (sic
932 4669 1063 4738 ille),
1103 4688 1120 4720 σ
1161 4671 1237 4724 Tu
1266 4689 1319 4725 es
1351 4672 1490 4726 Deus
1515 4674 1658 4729 solus
1700 4675 1876 4746 (Psal.

313 4773 510 4826 Lxxxv,
526 4761 614 4832 10)
633 4780 680 4828 ;›
698 4761 752 4816 id
768 4762 996 4833 applices
1020 4763 1310 4827 Saluatori,
1335 4764 1429 4818 hoc
1450 4767 1572 4820 item
1593 4783 1876 4836 apponens,

319 4868 338 4900 ι
365 4849 489 4904 Non
517 4863 593 4906 est
619 4853 809 4907 similis
833 4854 910 4907 tui
936 4854 988 4907 in
1012 4853 1139 4917 diis,
1169 4854 1387 4908 Domine
1407 4854 1572 4924 (Ibid.
1593 4856 1670 4922 8;:
1698 4875 1715 4906 ι
1744 4857 1880 4910 sicut

311 4944 450 4996 enim
476 4944 522 4997 si
547 4959 595 4997 te
615 4960 732 4998 cum
758 4948 1060 5000 memoratis
1083 4947 1184 5000 diis
1212 4962 1590 5014 comparemus,
1624 4964 1644 4997 ι
1681 4965 1784 5002 ηοη
1804 4958 1880 5002 est

313 5035 500 5089 similis
534 5036 631 5100 tui,
660 5055 680 5089 ι
714 5037 792 5091 sic
821 5037 868 5091 si
891 5047 938 5091 te
965 5039 1296 5108 conferamus
1319 5056 1436 5092 cum
1466 5039 1672 5104 iisdem,
1710 5050 1796 5094 «tu
1825 5058 1879 5096 es

311 5127 454 5182 Deus
493 5129 658 5182 solus.
693 5147 711 5180 ι
762 5129 1030 5200 Siquidem
1071 5131 1216 5186 solus
1250 5131 1497 5186 Salvator
1529 5143 1578 5186 et
1623 5131 1878 5188 Dominus

313 5228 488 5272 noster
524 5237 543 5269 ι
580 5219 634 5272 in
673 5220 926 5287 principio
969 5231 1112 5285 erat,
1155 5221 1253 5275 Dei
1307 5222 1526 5276 Verbum
1555 5233 1692 5286 erat,
1738 5224 1879 5293 apud

313 5309 480 5364 Deum
499 5322 634 5376 erat,
649 5322 697 5365 et
721 5311 861 5365 Deus
877 5322 989 5366 erat
1012 5311 1193 5383 (Joan.
1214 5329 1250 5375 ι,
1274 5314 1323 5382 l)
1346 5329 1359 5362 :
1378 5332 1396 5364 ι
1418 5313 1754 5382 quamobrem
1775 5330 1878 5366 non

311 5409 388 5453 est
409 5399 599 5454 similis
621 5401 720 5467 ipsi
742 5401 796 5454 in
825 5399 949 5465 diis,
975 5417 1036 5454 ac
1065 5401 1210 5456 solus
1231 5403 1338 5470 ipse
1366 5403 1519 5472 quasi
1541 5403 1596 5458 in
1611 5403 1714 5458 diis
1737 5403 1877 5458 Deus

312 5490 505 5560 fuerit;
545 5508 662 5544 cum
691 5491 868 5546 nullus
895 5506 960 5545 ex
982 5493 1162 5546 multis
1209 5493 1340 5556 illis,
1374 5495 1462 5563 qui
1494 5493 1570 5546 dii
1605 5505 1876 5561 vocantur,

312 5585 702 5652 coniparatione
726 5584 871 5638 illius
908 5584 1043 5638 Deus
1069 5585 1173 5638 dici
1202 5585 1388 5648 possit.
1432 5583 1569 5638 Hinc
1609 5585 1876 5657 intelligas

385 5696 460 5766 (a)
484 5695 717 5766 Hujusce
741 5699 1064 5767 Patrologiae
1085 5706 1286 5754 nostra:
1318 5705 1449 5752 tom.
1501 5695 1622 5753 XX.

382 5767 457 5838 (ὁ)
497 5767 647 5821 Dem.
679 5785 752 5823 ev.
788 5787 839 5840 p.
875 5772 996 5825 156.

595 5865 860 5929 Ριτιιοιει
897 5869 1013 5930 Gn.
1045 5866 1284 5927 XXIII.

1991 547 2237 620 ἀληθινὸς
2259 547 2407 611 Θεὸς,
2435 564 2584 601 verus
2612 545 2787 607 Deus;
2815 545 3351 611 scilicetcomparate
3375 543 3441 598 ad
3461 543 3558 598 ho-

1993 639 2188 699 mines,
2219 638 2310 707 qui
2335 637 2629 708 aliquando
2661 637 2733 689 dii
2767 635 3144 705 appellantur:
3182 649 3306 687 nam
3333 648 3558 702 compa—

1992 737 2108 784 rate
2142 729 2208 782 ad
2237 728 2475 793 Patrem,
2509 729 2623 784 sive
2655 727 2821 782 Deum
2855 726 3259 789 universorum,
3295 740 3402 780 non
3431 740 3558 779 vere

1991 829 2040 875 et
2071 821 2287 891 proprie
2315 820 2458 877 Deus
2487 821 2708 884 dicitur,
2748 818 3047 875 secundum
3087 817 3304 874 Eusebii
3337 826 3559 872 senten-

1993 914 2142 967 tiam.

1991 1026 2050 1076 Χ.
2074 1026 2226 1087 Quam
2249 1027 2453 1076 adversa
2475 1028 2655 1077 rationi
2687 1032 2740 1137 ft
2761 1027 3030 1137 priscorum
3068 1027 3268 1076 Patrum
3293 1025 3558 1076 sententiae

2709 1103 2758 1137 ra
2796 1103 2821 1136 a
2853 1125 2864 1137 .

2709 1103 2864 1137 radat.

2065 1171 2155 1227 Sic
2186 1172 2274 1228 ille
2302 1188 2370 1228 ne
2390 1173 2527 1228 duos
2558 1173 2690 1229 deos
2719 1174 2901 1229 dicere
2926 1181 3172 1245 cogatur,
3201 1171 3394 1226 Filium
3430 1187 3559 1228 vere

1993 1263 2160 1318 Deum
2191 1281 2314 1320 esse
2339 1272 2518 1335 negat,
2556 1265 2967 1335 Evangeliorum
2999 1266 3143 1318 dicta
3178 1264 3502 1334 distorquet,
3529 1279 3559 1316 a

1993 1356 2295 1424 priscorum
2310 1354 2531 1410 Patrum
2551 1356 2797 1412 doctrina
2814 1355 3063 1421 discedit,
3082 1363 3135 1411 et
3148 1355 3214 1409 ad
3231 1355 3558 1410 Arianorum

1992 1453 2174 1511 partes
2189 1444 2416 1500 accedit.
2431 1443 2564 1498 Nam
2586 1454 2644 1499 ut
2662 1445 2953 1515 Evangelia
2973 1452 3083 1500 tres
3104 1460 3226 1500 esse
3245 1447 3300 1500 in
3323 1461 3430 1500 uno
3449 1445 3558 1499 Deo

1992 1549 2257 1603 personas
2278 1534 2422 1590 clare
2455 1534 2726 1603 indicant;
2760 1537 2836 1590 ita
2872 1537 3136 1592 rationem
3168 1536 3261 1592 Dei
3295 1537 3349 1592 in
3382 1537 3556 1591 tribus

1995 1641 2156 1680 unam
2177 1633 2230 1682 et
2251 1626 2493 1682 eamdem
2518 1643 2643 1683 esse
2672 1627 2900 1683 docent:
2923 1629 3146 1683 stultum
3167 1630 3364 1700 quippe
3389 1636 3473 1684 est
3501 1630 3557 1682 in

1993 1712 2095 1766 hoc
2123 1711 2348 1768 Joannis
2364 1713 2529 1776 dicto,
2560 1731 2600 1778 ι,
2628 1716 2651 1768 1
2681 1734 2693 1769 :
2721 1714 2786 1769 In
2806 1717 3060 1785 principio
3085 1729 3199 1771 erat
3241 1717 3485 1781 Verbum,
3509 1727 3560 1772 et

1921 1816 1960 1869 Β
2001 1800 2221 1854 Verbum
2243 1810 2357 1855 erat
2377 1802 2515 1870 apud
2531 1801 2719 1868 Deum,
2733 1816 2780 1858 et
2797 1805 2934 1860 Deus
2951 1817 3064 1860 erat
3090 1807 3330 1873 Verbum,
3348 1807 3486 1862 duas
3503 1817 3557 1862 ct

1992 1892 2298 1962 disparatas
2333 1891 2423 1948 Dei
2458 1893 2694 1948 rationes
2734 1896 3026 1958 somniare,
3063 1904 3116 1950 et
3159 1897 3553 1967 ineptissimam

1991 1983 2444 2054 amphibologiam
2467 1985 2720 2055 scriptori
2745 2001 2902 2042 sacro
2929 1986 3199 2057 attingere,
3226 1989 3369 2043 unde
3387 1990 3553 2058 prisci

1990 2073 2247 2130 Ecclesia:
2257 2074 2462 2142 Patres,
2475 2085 2583 2130 tam
2603 2076 2639 2130 ii
2655 2077 2745 2147 qui
2765 2078 2832 2132 ad
2845 2093 3015 2148 usque
3027 2087 3280 2148 quartum
3295 2081 3552 2136 saeculum

1989 2165 2241 2247 ﬂoruere,
2278 2182 2438 2238 quam
2471 2168 2505 2222 ii
2535 2169 2625 2238 qui
2655 2184 2722 2224 ex
2753 2176 2868 2223 toto
2897 2171 3030 2225 orbe
3065 2174 3238 2226 coacti
3279 2170 3552 2227 Nicaeuam

1990 2259 2256 2330 synodum
2279 2259 2643 2327 celebrarunt,
2663 2261 2766 2316 etsi
2816 2261 3187 2332 hypostasium
3215 2271 3268 2317 et
3295 2278 3556 2332 persona-

1989 2364 2110 2403 rum
2144 2348 2370 2405 vocibus
2409 2365 2517 2404 non
2551 2357 2854 2416 uterentur,
2896 2350 3084 2407 eadem
3135 2353 3401 2407 sententia
3442 2362 3554 2410 tres

1992 2455 2160 2494 unum
2189 2440 2524 2496 constituere
2561 2441 2752 2507 Deum,
2785 2449 3102 2498 constanter
3133 2443 3419 2499 docebant.
3453 2444 3555 2500 llic

1991 2536 2238 2611 apposite
2273 2547 2439 2587 aurea
2472 2533 2563 2587 illa
2591 2531 2836 2604 Dionysii
2868 2534 3244 2600 Alexandrini,
3268 2552 3428 2606 quem
3460 2553 3556 2607 pa-

1990 2624 2249 2678 trocinari
2303 2624 2409 2680 sibi
2459 2624 2597 2679 falso
2638 2626 2962 2694 iactitabant
3014 2626 3223 2694 Ariani,
3283 2630 3555 2684 sententia

1991 2714 2169 2768 locum
2213 2715 2411 2770 habeat
2443 2733 2455 2767 :
2492 2714 2651 2770 Οὕτω
2697 2717 2794 2787 μὲν
2826 2719 2987 2788 ἡμεῖς
3022 2719 3101 2782 εἷς
3133 2736 3193 2771 τε
3219 2721 3320 2790 τὴν
3352 2721 3557 2792 Τριάδα

1990 2805 2088 2876 τὴν
2118 2805 2318 2874 μονάδα
2361 2804 2698 2876 πλατύνομεν
2741 2807 3064 2878 ἀδιαίρετον,
3096 2808 3190 2861 καὶ
3227 2809 3322 2880 τὴν
3355 2811 3557 2881 Τριάδα

1992 2897 2153 2952 πάλιν
2195 2897 2462 2968 ἀμείωτον
2506 2900 2584 2962 εἰς
2624 2899 2722 2969 τὴν
2759 2899 2958 2970 μονάδα
2988 2901 3554 2972 συγκεφαλαιούμεθα,

1995 2991 2096 3044 hoc
2122 2995 2246 3044 est:
2281 2988 2370 3043 Sic
2401 2988 2607 3060 quidem
2640 3006 2734 3044 nos
2788 2989 3158 3044 indivisibilem
3203 2991 3457 3045 unitatem
3499 2993 3554 3045 in.

1996 3082 2312 3137 Trinitatem
2355 3081 2669 3147 dilatamus,
2715 3091 2765 3136 et
2819 3081 3130 3136 Trinitatem
3177 3084 3390 3148 iterum,
3439 3100 3556 3155 qua

1989 3176 2233 3230 imminui
2267 3175 2462 3246 nequit,
2505 3176 2556 3227 in
2586 3174 2840 3228 unitatem
2871 3174 3244 3229 contrahimus.
3271 3173 3374 3230 Ubi
3401 3177 3555 3232 vides

1991 3271 2253 3324 unitatem
2289 3267 2405 3332 Dei,
2439 3275 2628 3322 contra
2654 3281 2814 3337 quam
2847 3265 3116 3323 Eusebius
3153 3272 3336 3333 sentit,
3369 3269 3423 3324 in
3454 3271 3555 3325 tri~

1988 3361 2091 3417 bus
2122 3361 2372 3430 personis
2402 3359 2684 3416 constitui.
2717 3358 2999 3429 Siquidem
3027 3360 3268 3420 Trinitas
3305 3365 3392 3418 illa
3419 3365 3555 3421 nihil

1987 3453 2182 3508 unitati
2207 3452 2390 3515 allicit,
2420 3453 2549 3522 quia
2579 3452 2631 3505 in
2664 3453 2842 3507 tribus
2864 3468 2970 3508 una
2998 3464 3211 3516 natura,
3248 3456 3554 3512 substantia

1987 3551 2041 3598 et
2074 3542 2251 3597 deitas
2295 3543 2533 3598 exsistit.
2581 3541 2655 3596 De
2685 3543 2956 3597 sententia
2997 3559 3124 3597 vero
3153 3543 3372 3600 Eusebii
3406 3547 3553 3602 circa

1989 3634 2250 3705 Spiritum
2281 3646 2548 3699 sanctum,
2576 3650 2684 3688 non
2713 3643 2796 3689 est
2815 3633 2959 3704 quod
2988 3633 3289 3690 disseratur
3317 3639 3554 3693 :etenim

1987 3728 2070 3782 vel
2101 3728 2135 3781 ii
2167 3727 2256 3796 qui
2302 3727 2420 3795 ejus
2465 3725 2531 3781 de
2578 3725 2714 3780 Filio
2755 3726 3060 3781 doctrinam
3095 3730 3231 3782 tueri
3262 3741 3552 3794 conantur,

1987 3832 2096 3871 non
2124 3817 2335 3872 inﬁcias
2357 3826 2489 3871 eunt
2519 3819 2695 3888 ipsum
2728 3819 2794 3874 de
2819 3818 3021 3888 Spiritu
3056 3829 3244 3874 sancto
3272 3836 3378 3875 non
3410 3830 3555 3876 recte

1988 3912 2251 3964 locutum.
2281 3908 2414 3961 Nam
2448 3909 2589 3963 libro
2623 3921 2805 3962 contra
2846 3909 3159 3963 Marcellum
3185 3912 3254 3982 (c)
3299 3913 3392 3976 ait,
3431 3913 3554 3983 Spi-

1987 4005 2150 4056 ritum
2182 4009 2430 4058 sanctum
2462 4017 2638 4070 neque
2662 4002 2826 4056 Deum
2859 4018 3035 4071 neque
3070 4003 3264 4057 Filium
3293 4021 3445 4070 esse;
3479 4008 3553 4059 ita

1988 4103 2044 4146 ut
2076 4093 2226 4145 illum
2253 4091 2512 4145 decernat
2536 4089 2675 4145 Filio
2707 4090 3040 4154 inferiorem,
3065 4093 3262 4162 quippe
3289 4109 3450 4162 quem
3484 4111 3554 4149 ne

1987 4203 2048 4240 ex
2086 4184 2399 4255 dignatione
2444 4183 2662 4254 quidem
2703 4182 2872 4238 Deum
2914 4185 3216 4253 nuncupari
3259 4185 3387 4238 velit
3415 4203 3428 4239 :
3455 4187 3552 4240 sed

1987 4287 2109 4348 post
2144 4275 2337 4331 Filium
2384 4291 2493 4330 non
2527 4290 2757 4329 numero
2795 4281 3026 4340 tantum,
3061 4274 3154 4329 sed
3188 4275 3347 4329 etiam
3380 4276 3553 4345 gradu

1987 4377 2040 4424 ct
2074 4368 2335 4437 dignitate
2373 4365 2694 4420 constituat.
2741 4365 2796 4417 ln
2839 4365 2924 4417 his
2972 4381 3098 4419 vero
3143 4368 3552 4422 commentariis

2343 4456 2546 4525 Spiritu
2572 4462 2761 4508 sancto
2787 4453 2951 4508 verba
2977 4453 3123 4520 facit,
3159 4455 3285 4526 quia
3308 4457 3548 4512 nondum

1983 4560 2129 4604 mota
2162 4550 2336 4604 fuerat
2358 4548 2425 4603 de
2457 4545 2656 4617 Spiritu
2689 4553 2880 4601 sancto
2906 4547 3155 4616 qutestio.
3182 4548 3316 4602 Nam
3346 4551 3446 4604 etsi
3479 4551 3548 4604 ab

1981 4651 2170 4696 exortu
2211 4639 2525 4704 Arianismi,
2558 4653 2819 4708 sequaces
2859 4637 2971 4691 Arii
3005 4638 3071 4694 de
3107 4637 3310 4708 Spiritu
3353 4650 3546 4694 sancto

1983 4735 2146 4804 impie
2177 4734 2466 4794 sentirent,
2514 4731 2754 4784 nondum
2796 4729 3071 4800 quidpiam
3103 4731 3388 4785 adversum
3421 4747 3549 4802 pro-

1982 4829 2239 4883 tulerant.
2271 4825 2375 4880 Sed
2403 4831 2524 4894 post
2544 4828 2772 4876 mortem
2797 4822 2909 4875 Arii
2931 4830 2984 4876 et
3007 4821 3246 4889 Eusebii,
3274 4823 3364 4878 ubi
3385 4823 3546 4878 Aria~

1982 4935 2176 4975 norum
2211 4925 2340 4974 sunt
2366 4919 2508 4970 facta
2535 4917 2790 4980 divortia,
2812 4913 3180 4968 Macedoniani
3205 4921 3258 4968 et
3277 4916 3541 4969 Pneumac

1982 5012 2218 5068 tomachi
2251 5011 2518 5080 Spiritum
2565 5017 2837 5074 sanctum,
2877 5007 3101 5077 perinde
3135 5019 3296 5076 atque
3324 5006 3540 5071 Filium,

1982 5107 2124 5160 inter
2155 5103 2372 5176 opiﬁcia
2402 5110 2456 5159 et
2494 5119 2581 5160 res
2617 5111 2829 5157 creatas
2873 5103 3048 5171 palam
3093 5109 3407 5168 computare
3433 5114 3547 5152 cae-

1982 5208 2197 5270 perunt.

2317 5309 2400 5360 XI.
2428 5309 2546 5361 Cum
2565 5307 2757 5360 Arianis
2777 5308 2924 5370 plane
2944 5307 3208 5355 consentit.

2055 5394 2115 5448 ln
2148 5395 2215 5450 iis
2241 5409 2405 5465 porro
2449 5408 2570 5462 quae
2604 5407 2768 5462 supra
2811 5389 3112 5453 attulimus,
3159 5403 3282 5441 cum
3325 5386 3454 5440 Ario
3491 5395 3544 5440 et

1980 5487 2196 5541 Arianis
2229 5487 2385 5556 plane
2412 5484 2685 5539 consentit
2731 5481 2994 5536 Eusebius
3045 5480 3122 5551 (tl)
3157 5499 3170 5534 :
3199 5495 3320 5534 nam
3353 5488 3406 5534 et
3441 5478 3544 5546 ipsi

1981 5579 2207 5650 perinde
2227 5585 2387 5647 atque
2415 5575 2769 5631 Caesariensis
2794 5574 2883 5628 ille
2910 5573 3127 5644 praesul,
3158 5587 3324 5627 unum
3364 5579 3418 5625 et
3450 5585 3540 5623 so-

2054 5693 2121 5761 (:)
2162 5691 2223 5745 P.
2259 5691 2361 5746 nt
2387 5699 2440 5745 et
2467 5690 2588 5761 ηδ.

2051 5758 2125 5833 (cl)
2159 5763 2357 5817 Athan.
2393 5777 2443 5830 p.
2475 5760 2597 5823 728,
2628 5758 2750 5813 7’29.
