4096 6394
484 353 555 407 ιδ

1155 347 1421 403 EL'SEBII
1454 345 1935 403 CESARIENSIS
1973 345 2124 404 OPP.
2162 344 2342 401 PARS
2381 343 2466 400 lil.
2509 374 2579 386 —
2614 343 3022 400 EXECETICA.

3635 341 3702 394 λι

486 471 595 523 lum
632 482 754 526 vc.)
787 466 977 531 Deum,
1013 466 1223 521 Patrem
1260 466 1492 530 scilicet,
1526 466 1917 534 admittebant;
1946 464 2042 519 Fi-
2070 483 2117 539 Α
2143 464 2270 514 XIII.
2319 465 2425 525 Quo
2466 477 2615 515 sensu
2659 476 2695 520 ιε
2718 476 2911 539 casa-:3:
2935 468 3106 539 neget,
3145 467 3198 512 et
3252 464 3473 525 genitum
3520 454 3703 510 Filium

484 561 615 616 lium
635 576 764 615 vero
798 560 937 614 alius
969 575 996 611 a
1033 568 1256 629 paterna
1284 558 1586 613 substantia
1606 597 1621 620 ,
1656 572 1831 625 neque
1859 572 2044 610 verum

483 650 801 707 esse‘Deum
840 650 1241 718 praedicabant:
1273 649 1399 713 etsi,
1437 647 1660 718 perinde
1694 656 1855 717 atque
1881 646 2046 702 Euse-

487 743 631 805 bius,
668 739 767 795 'de‘
795 739 932 793 Filio
977 741 1259 809 loquentes
1306 755 1336 793 a
1384 737 1477 792 Dei
1532 738 1890 809 appellatione
1940 754 2046 793 non

488 832 881 896 abhorrerent;
907 830 1103 885 Filium
1140 832 1296 900 longe
1327 831 1590 899 imparem
1620 835 1675 883 et
1728 828 2046 899 inaequalem

485 921 655 987 Patri,
678 922 903 992 ipsoque
928 923 1190 976 minorem
1213 920 1586 975 affirmabant:
1614 920 1758 990 quod
1782 919 2049 975 Eusebius

489 1015 544 1069 in
577 1014 725 1069 hisce
775 1012 1201 1077 commentariis,
1259 1012 1313 1066 in
1356 1011 1673 1082 Evangelica
1711 1011 2051 1065 Demonstra-

491 1110 627 1162 tione
657 1113 710 1163 et
756 1107 810 1161 in
845 1106 999 1162 libris
1043 1106 1239 1160 Contra
1276 1104 1586 1158 Marcellum
1618 1103 2052 1175 frequentissime

490 1200 623 1256 dicit
671 1215 734 1255 ac
792 1200 1008 1270 repetit,
1046 1215 1147 1254 nec
1183 1214 1245 1254 ea
1278 1200 1333 1252 in
1368 1213 1425 1253 re
1457 1213 1695 1268 unquam
1725 1196 2051 1252 circuitione

491 1294 574 1346 vel
606 1292 831 1361 an.bage
858 1292 1045 1345 utitur.

495 1425 595 1476 ΧΠ.
643 1427 745 1485 Qua
786 1427 1035 1475 sententia
1072 1435 1322 1532 τῷὸμιῖυσὶῳ
1351 1425 1475 1532 ifive
1516 1420 2051 1472 consubstantialisub-

1137 1500 1214 1532 scr
1237 1499 1346 1532 nser
1394 1520 1407 1532 .

1137 1497 1407 1546 scripserit.

541 1614 811 1683 'Objicere
835 1615 1010 1669 solent
1043 1614 1136 1684 qui
1170 1612 1385 1668 Eusebii
1440 1622 1621 1683 partes
1673 1610 2052 1680 ttttantur,ip-

498 1723 616 1761 sum
652 1708 704 1760 in
733 1708 940 1776 synodo
974 1706 1210 1769 Nicaeua,
1240 1705 1317 1776 τῷ
1345 1704 1631 1775 ὁμοουσὶῳ,
1678 1703 1791 1757 sive
1815 1703 2057 1756 consub-

499 1800 739 1854 stantiali
767 1798 1175 1867 subscripsisse.
1206 1795 1272 1849 Et
1294 1797 1347 1850 id
1370 1810 1501 1850 sane
1533 1794 1859 1849 testiﬁcatur
1889 1792 2056 1846 Euse-

496 1891 621 1946 bius
659 1892 712 1945 in
748 1891 975 1960 epistola
1023 1904 1120 1943 sua
1177 1887 1246 1941 ad
1299 1887 1697 1950 Caesarienses;
1748 1900 1873 1939 nam
1905 1887 2080 1947 cum,‘

496 1984 824 2053 imperatore
863 1990 1149 2051 praesente,
1180 1981 1410 2035 instaret
1447 1977 1626 2034 exsilii
1657 1985 1855 2041 metus,
1889 1975 2058 2031 Euse-

495 2075 641 2137 bius,
662 2072 756 2144 qui
783 2086 892 2127 non
915 2087 980 2128 ex
1000 2086 1191 2127 eorum
1214 2084 1444 2124 numero
1476 2069 1598 2134 fuit,
1629 2069 1723 2138 qui
1746 2067 1812 2122 de
1843 2065 2060 2121 civitate

496 2165 806 2219 maluerunt
844 2177 1007 2233 quam
1039 2162 1109 2215 de
1130 2159 1411 2217 sententia
1440 2158 1729 2224 dimoveri,
1764 2171 1906 2227 aegre
1935 2163 2059 2210 tan-

497 2256 621 2311 dem
660 2255 851 2327 synodi
892 2253 1111 2325 placitis
1141 2266 1403 2308 assensus
1442 2256 1557 2313 est;
1592 2255 1651 2301 ut
1688 2249 1804 2318 ipse
1836 2262 1938 2303 nec
1966 2246 2063 2302 ob-

501 2362 661 2404 scure
690 2347 866 2401 innuit
894 2347 949 2400 in
979 2344 1167 2399 eadem
1201 2342 1447 2413 epistola,
1482 2342 1573 2394 καὶ
1612 2340 1801 2413 μέχρις
1829 2340 2064 2410 ἐσχάτης

501 2439 650 2512 ὥρας
682 2436 1027 2508 ὲνιστάμεθα,
1063 2450 1227 2506 usque
1256 2433 1325 2488 ad
1362 2444 1648 2487 extremam
1685 2432 1870 2486 horam
1897 2432 2062 2488 obsti-

505 2533 682 2585 timus.
715 2529 892 2596 Quare
925 2528 979 2583 id
1011 2542 1121 2581 non
1156 2535 1288 2597 puto
1313 2541 1435 2582 esse
1465 2527 1601 2579 tanti
1635 2526 1702 2579 ad
1732 2526 1851 2594 ejus
1877 2525 2087 2581 defen-.

504 2623 711 2678 sionem
744 2640 757 2675 :
786 2621 914 2690 quid
935 2621 1081 2674 enim
1105 2624 1431 2674 exoneratus
1459 2626 1603 2672 metu
1634 2615 1873 2679 fecisset,
1904 2631 2065 2686 expe-

503 2714 682 2769 riundi
712 2720 953 2784 potestas
983 2727 1090 2767 non
1121 2709 1244 2765 fuit.
1279 2708 1385 2765 Sed
1415 2718 1595 2763 tamen
1629 2708 1709 2763 ita
1745 2707 1943 2763 ibidem
1968 2707 2062 2760 τοῦ

500 2807 782 2877 ὁμοουσίου
812 2803 1171 2875 significatum
1201 2802 1415 2868 extulit,
1439 2810 1500 2855 ut
1521 2801 1625 2856 sibi
1654 2798 1884 2871 pristina
1905 2814 2065 2869 repe-

503 2896 851 2959 tere~liceret,
874 2894 1050 2950 sicubi
1095 2891 1327 2947 facultas
1368 2892 1605 2947 adesset.
1650 2889 1787 2943 Nam
1826 2889 1941 2944 haec
1971 2903 2068 2944 ea-

504 2989 626 3045 dem
654 2988 710 3041 in
737 2987 967 3057 epistola
995 2984 1203 3055 profert
1237 3004 1250 3039 :
1286 2983 1701 3055 Παραστατικὸν
1734 2983 1790 3037 δὲ
1830 2979 1968 3036 εἶναι
2008 2980 2070 3035 τὸ

507 3081 829 3150 ὀμοούσιον
845 3077 925 3144 τῷ
940 3077 1124 3147 Πατρζ
1140 3078 1198 3131 τὸ
1230 3075 1495 3147 μηδεμίαν
1527 3076 1819 3146 ἐμφέρειαν
1845 3074 1981 3145 πρὸς
2002 3074 2070 3127 τὰ

2846 528 2991 575 dicat.

2214 627 2352 694 Quia
2383 644 2511 683 vero
2551 627 2605 681 in
2649 625 2864 680 Nicaena
2901 625 3026 689 fide,
3060 625 3148 680 cui
3186 623 3508 693 subscripsit
3535 618 3706 675 Euse-

2145 723 2292 785 bius,
2324 722 2612 776 damnatur
2641 721 2767 775 item
2797 720 3111 775 Arianicum
3135 719 3287 782 illud,
3311 718 3368 784 te
3389 718 3488 770 οὐκ
3516 716 3704 775 ὄντων,

2146 828 2211 868 ea;
2238 831 2341 867 non
2372 813 2766 875 exsistentibus,
2808 820 2861 867 et
2895 810 3088 865 Filium
3127 812 3365 881 genitum
3406 818 3458 863 et
3488 823 3594 861 non
3627 805 3708 859 fa-

2146 912 2293 959 ctum
2323 920 2444 959 esse
2472 904 2803 968 declaratur;
2857 903 2998 957 hanc
3040 899 3234 972 synodi
3276 900 3580 954 doctrinam
3612 910 3709 949 ore

2148 1001 2308 1049 tenus
2358 992 2600 1047 defendit
2640 991 2931 1054 Eusebius,
2976 1005 3046 1045 ne
3090 987 3436 1045 Constantini
3477 984 3713 1038 Nicatore

2146 1085 2407 1141 doctrinae
2430 1084 2768 1140 tenacissimi
2797 1081 3221 1153 indignationem
3247 1080 3586 1141 incurreret;
3616 1090 3713 1128 ore

2148 1187 2307 1233 tenus
2328 1177 2465 1237 dixi.
2518 1190 2625 1230 non
2656 1190 2723 1229 ex
2751 1174 3062 1243 conjectura
3090 1172 3424 1242 etopinione
3447 1168 3712 1238 quadam;

2149 1268 2243 1323 sed
2272 1282 2337 1322 ex
2367 1266 2513 1336 ipsis
2535 1264 2754 1320 Eusebii
2801 1263 2987 1328 dictis,
3038 1263 3131 1333 qui
3164 1278 3227 1317 ea
3266 1263 3320 1315 in
3357 1275 3415 1315 re
3453 1274 3597 1312 unus
3628 1257 3713 1309 sui

2150 1359 2323 1430 ipsius
2355 1358 2625 1427 interpres
2654 1371 2779 1411 esse
2806 1355 3000 1410 valeat.
3036 1353 3169 1407 Nam
3210 1351 3364 1413 illud,
3406 1347 3466 1413 ἐξ
3491 1349 3589 1401 οὐκ
3625 1347 3715 1399 δν-

2149 1467 2277 1513 των,
2305 1448 2520 1503 duobus
2560 1455 2741 1518 potest
2772 1445 2947 1501 modis
2997 1443 3261 1514 intelligi;
3296 1443 3492 1512 primo,
3541 1440 3614 1493 ita
3657 1446 3718 1491 ut

2151 1540 2244 1610 qui
2270 1554 2378 1594 non
2402 1545 2561 1594 antea
2582 1536 2874 1599 exstiterit,
2899 1536 3112 1589 initium
3138 1530 3435 1588 exsistendi
3462 1528 3715 1598 accipiat,

2151 1638 2206 1685 et
2239 1644 2366 1685 cum
2400 1629 2537 1683 nihil
2580 1635 2739 1682 antea
2786 1626 3000 1689 fuisset,
3045 1626 3101 1680 in
3147 1639 3329 1679 rerum
3365 1631 3557 1676 natura
3592 1635 3719 1689 pro-

2153 1722 2278 1777 deat
2308 1740 2321 1776 :
2345 1736 2509 1792 quam
2534 1735 2718 1776 veram
2744 1718 2913 1773 fuisse
2942 1724 3075 1787 puto
3096 1717 3418 1771 Arianorum
3445 1723 3678 1769 mentem
3702 1731 3716 1765 :

2156 1822 2209 1867 et
2237 1812 2365 1867 huic
2401 1811 2685 1868 sententia
2715 1808 2980 1865 Eusebius
3010 1823 3226 1878 semper
3256 1806 3473 1870 institit,
3502 1806 3593 1875 qui
3630 1803 3721 1857 Fic

2159 1905 2290 1960 lium
2315 1913 2440 1959 ante
2468 1904 2799 1958 creationem
2829 1916 2937 1956 non
2964 1900 3355 1970 sempiternum
3385 1912 3507 1951 esse
3534 1895 3721 1951 defen-

2163 1993 2243 2048 dit
2270 1994 2378 2064 (a);
2420 1993 2685 2056 secundo,
2728 2007 2796 2046 ex
2835 2006 2943 2046 non
2976 1990 3320 2046 exstantibus
3361 1988 3565 2058 aliquid
3606 1987 3722 2040 fieri

2159 2085 2394 2151 dicatur,
2415 2099 2540 2139 cum
2564 2100 2631 2139 ex
2655 2083 2806 2138 nullo
2829 2085 3236 2153 praeexsistente
3255 2081 3518 2152 originem
3533 2078 3720 2133 ducit:

2161 2191 2272 2246 quo
2307 2190 2472 2229 sensu
2520 2174 2787 2231 Eusebius
2821 2174 3017 2229 Filium
3054 2189 3123 2229 ex
3170 2188 3282 2229 non
3332 2172 3726 2228 exsistentibus

2162 2263 2434 2334 prodiisse
2462 2272 2642 2334 negat,
2670 2278 2795 2317 nam
2824 2265 3025 2333 passim
3055 2262 3185 2317 dicit
3215 2270 3269 2318 et
3302 2270 3504 2333 pugnat
3531 2261 3725 2316 Filium

2163 2371 2229 2410 ex
2259 2353 2419 2409 Patre
2445 2355 2687 2425 genitum
2716 2369 2858 2418 esse,
2889 2355 3013 2408 licet
3040 2368 3149 2408 non
3173 2368 3272 2409 sua
3304 2355 3407 2410 sibi
3438 2354 3727 2407 ratiocinia

2164 2454 2443 2503 constent:
2478 2446 2742 2517 siquidem
2774 2446 2830 2500 in
2869 2446 2972 2500 hoc
2996 2446 3389 2500 commentario
3421 2444 3517 2508 ait,
3574 2444 3726 2498 Psal.

2166 2555 2309 2605 xuv,
2341 2541 2399 2604 2,
2416 2537 2611 2592 Filium
2632 2552 2660 2591 a
2676 2536 2835 2592 Patre
2854 2553 2919 2592 ex
2948 2535 3111 2591 corde
3126 2543 3178 2590 et
3193 2551 3258 2591 ex
3277 2535 3575 2591 visceribus
3600 2549 3728 2605 pro-

2164 2629 2309 2685 duci.
2341 2629 2408 2682 Et
2474 2630 2529 2682 in
2562 2628 3020 2683 Demonstratt’one
3058 2627 3371 2696 evangelica,
3414 2626 3449 2681 Ι.
3486 2641 3559 2688 tv,
3592 2640 3642 2680 c.
3669 2624 3726 2688 2,

2167 2735 2220 2789 p.
2282 2718 2417 2781 146,
2472 2716 2671 2771 Filium
2719 2718 2964 2788 genitum
3028 2716 3306 2780 declarat,
3371 2716 3729 2785 similiterque

2167 2827 2221 2881 p.
2263 2811 2387 2873 148,
2428 2817 2482 2865 et
2514 2811 2713 2880 passim
2756 2808 2959 2878 ubique
2995 2823 3120 2863 cum
3162 2809 3218 2862 in
3251 2808 3353 2862 hoc
3395 2808 3514 2877 ipso
3540 2822 3725 2877 opere,

2166 2911 2278 2957 tum
2322 2902 2376 2955 in
2430 2901 2585 2957 libris
2633 2901 2834 2956 Contra
2876 2900 3206 2965 Marcellum,
3248 2900 3486 2971 genitum
3535 2898 3729 2953 Filium

2168 2992 2449 3048 contendit
2473 3011 2487 3046 :
2515 3002 2570 3046 et
2597 3002 2775 3046 tamen
2801 2992 2960 3045 aliam
2986 3007 3015 3045 a
3041 2990 3200 3045 Patre
3223 2992 3579 3046 substantiam
3607 2989 3729 3044 Filii

2168 3100 2309 3148 esse,
2352 3100 2462 3139 non
2491 3098 2722 3139 numero
2782 3092 3014 3144 tantum,
3048 3083 3140 3136 sed
3171 3082 3429 3152 dignitate
3447 3090 3501 3135 et
3524 3082 3733 3153 magni-

506 3170 708 3240 γενητὰ
739 3168 1008 3239 κτίσμα-τα
1032 3166 1121 3220 τὸν
1151 3166 1273 3219 Υἱδν
1299 3163 1393 3217 τοῦ
1427 3163 1559 3217 Θεοῦ
1596 3164 1799 3234 φέρειν,
1843 3162 1987 3234 μόνῳ
2012 3160 2066 3215 δὲ

2174 3176 2361 3231 tudine
2396 3175 2742 3245 pronuntiat;
2778 3174 2854 3227 ita
2883 3181 2941 3226 ut
2971 3188 3070 3228 nec
3097 3188 3221 3228 vere
3252 3183 3306 3227 et
3341 3175 3557 3243 proprie
3590 3172 3731 3227 Deus

505 3262 585 3333 τῷ
607 3262 782 3332 Πατρὶ
806 3259 883 3329 τῷ
899 3257 1246 3328 γεγεννηκότι
1275 3253 1683 3325 ἀφωμοιῶσθαι,
1714 3254 1804 3307 καὶ
1831 3253 1904 3323 μὴ
1932 3247 2070 3305 εἶναι

509 3353 570 3417 ἐξ
607 3353 796 3423 ἑτέρας
818 3351 962 3413 τινὸς
1005 3346 1353 3411 ὑποστάσεώς
1381 3363 1439 3399 τε
1474 3346 1566 3398 καὶ
1601 3345 1807 3408 οὐσίας,
1852 3343 1963 3397 ἀλλ’
2006 3345 2071 3396 ὲκ

507 3440 602 3499 τοῦ
636 3443 867 3515 Πατρός,
898 3442 1002 3496 hoc
1034 3446 1120 3495 est
1153 3459 1164 3492 :
1201 3439 1391 3493 Verum
1429 3437 1569 3491 hisce
1618 3435 1808 3498 verbis,
1840 3449 2072 3489 consce-

509 3552 847 3594 STAN‘I’IALEI
888 3535 1081 3599 Pnnt,
1114 3533 1342 3588 indicari
1388 3532 1594 3585 nullam
1624 3530 1766 3583 Filio
1811 3528 1909 3582 Dei
1955 3544 2073 3581 cum

509 3629 668 3698 factis
702 3636 751 3681 et
782 3628 973 3681 creatis
1016 3626 1167 3680 rebus
1214 3642 1325 3679 esse
1375 3622 1814 3683 similitudinem;
1852 3619 1940 3674 sed
1973 3619 2075 3674 soli

513 3721 691 3785 Patri,
721 3722 810 3790 qui
852 3722 1024 3789 ipsum
1070 3720 1269 3789 genuit,
1312 3717 1457 3771 omni
1490 3714 1643 3769 modo
1683 3714 1909 3768 similem
1941 3730 2072 3777 esse,

513 3829 670 3881 neque
703 3826 768 3866 ea:
812 3811 921 3864 alia
970 3827 1127 3880 quam
1187 3824 1251 3863 ea:
1294 3808 1476 3862 Patris
1548 3808 1821 3877 hypostasi
1864 3818 1912 3861 et
1956 3807 2076 3864 rab-

512 3903 711 3957 stantia
761 3919 890 3957 esse.
944 3901 1045 3957 Lbi
1099 3901 1250 3957 vides
1298 3910 1523 3956 eatenus
1546 3899 1737 3955 Filium
1760 3898 1906 3953 Patri
1939 3915 2073 3953 con-

513 3996 923 4051 substantialem
946 3994 1075 4057 dici,
1103 4002 1372 4064 quatenus
1398 4009 1506 4046 non
1543 3992 1744 4047 creatis
1773 3992 1955 4055 rebus,
1980 3989 2076 4045 sed

511 4087 658 4142 Patri
700 4088 848 4143 omni
900 4088 1061 4142 modo
1109 4087 1305 4141 similis
1355 4094 1461 4141 est.
1505 4084 1817 4155 Ὀμοούσιος
1849 4085 2074 4154 quippe,

510 4183 624 4234 sive
667 4179 1173 4244 consubstantialis,
1222 4177 1371 4231 Patri
1423 4175 1594 4231 Filius
1640 4185 1725 4231 est
1777 4177 2076 4231 secundum

511 4268 825 4331 Eusebium,
855 4268 981 4337 quia
1004 4267 1124 4336 ejus
1149 4267 1479 4330 substantia,
1515 4265 1692 4320 Patris
1714 4265 2075 4320 substantiam

515 4361 715 4425 refert;
750 4361 824 4414 ita
854 4369 915 4414 ut
942 4363 1153 4415 ratione
1185 4360 1562 4414 similitudinis
1592 4372 1697 4412 una
1731 4358 1803 4412 sit
1837 4358 1889 4411 itt
1926 4365 2076 4410 utra-

513 4467 620 4520 que
662 4452 968 4506 substantia
1009 4453 1438 4522 repraasentatio.
1483 4450 1639 4517 Quod
1690 4451 1817 4504 alibi
1871 4449 2074 4519 passim

510 4544 778 4607 enuntiat,
810 4544 1156 4614 maximeque
1194 4544 1248 4597 in
1291 4543 1443 4598 libris
1474 4540 1672 4597 Contra
1706 4541 2017 4596 Marcellum
2052 4557 2071 4594 :

514 4636 570 4687 in
611 4649 720 4703 quo
753 4641 933 4689 autem
965 4649 1084 4688 eam
1131 4633 1544 4689 similitudinem
1584 4633 1901 4697 constituat,
1948 4645 2072 4685 mox

514 4725 757 4795 pluribus
788 4725 1177 4795 expendemus.
1215 4724 1371 4791 Quod
1396 4724 1581 4793 adjicit
1611 4724 1702 4779 ille
1731 4722 1927 4777 Filium
1962 4737 2072 4776 non

516 4834 579 4871 ex
614 4818 741 4881 alia,
781 4835 942 4888 quam
991 4834 1059 4872 ex
1110 4815 1288 4873 Patris
1334 4817 1614 4888 hypostasi
1660 4823 1715 4871 et
1765 4814 2073 4872 substantia

514 4924 657 4973 esse,
692 4925 801 4963 non
828 4910 901 4962 ita
934 4909 1185 4977 intelligit
1214 4907 1502 4971 Eusebius,
1543 4906 1687 4977 quod
1709 4905 1820 4975 jam
1851 4904 2076 4973 conspi-

514 5017 616 5057 cne
645 5002 930 5071 probatum
961 5008 1065 5061 est,
1110 5007 1170 5054 ut
1209 4999 1455 5054 eamdem
1487 5006 1639 5069 putet
1663 5011 1785 5053 esse
1813 4994 1992 5049 Patris
2020 5003 2076 5049 et

512 5092 632 5148 Filii
662 5092 1022 5149 substantiam
1060 5111 1074 5146 ε
1108 5092 1160 5145 id
1192 5093 1336 5145 enim
1375 5091 1648 5146 sexcentis
1686 5090 1742 5143 in
1791 5087 1929 5142 locis
1977 5102 2074 5141 ex-

513 5186 682 5255 plotlit
714 5185 823 5251 ille,
856 5192 911 5238 et
949 5193 1011 5238 ut
1055 5181 1274 5238 Sabellii
1313 5181 1617 5237 doctrinam
1663 5179 1932 5243 traducit;
1980 5179 2075 5233 sed

514 5278 658 5347 quod
705 5277 1066 5332 substantiam
1106 5291 1136 5328 a
1183 5286 1429 5345 paterna,
1472 5271 1650 5343 quoad
1694 5269 1982 5341 imaginem
2023 5277 2078 5325 et

517 5363 949 5427 similitudinem,
974 5378 1291 5433 expressam
1324 5361 1613 5430 acceperit,
1644 5360 1769 5414 licet
1810 5358 2075 5414 minorem

517 5465 571 5510 ct
612 5455 771 5533 longe
813 5454 1073 5523 imparem
1121 5473 1133 5509 :
1180 5454 1313 5509 illud
1357 5468 1520 5523 porro
1563 5452 1788 5524 perinde
1828 5459 1989 5521 atque
2019 5453 2079 5506 τὺ

516 5546 817 5617 ὀμοούσιον,
843 5547 969 5617 quia
997 5548 1050 5601 in
1082 5545 1297 5601 Nicaena
1330 5544 1432 5601 tlde
1462 5546 1855 5610 contineretur,
1885 5544 2076 5601 admit-

518 5649 632 5694 tere
662 5649 884 5695 coactus
917 5652 1019 5696 εει.

591 5802 666 5867 (a)
708 5797 890 5855 Contr.
926 5797 1164 5852 Marrell.
1197 5795 1290 5851 lib.
1325 5812 1363 5863 l,
1402 5811 1452 5869 ρ.
1481 5796 1571 5864 67,
1602 5796 1692 5851 69.

2172 3266 2280 3321 dici
2312 3266 2520 3337 possit;
2550 3265 2646 3321 sed
2674 3264 2751 3317 ait
2781 3264 2933 3317 illum
2965 3263 3253 3333 imaginem
3285 3278 3392 3316 non
3424 3264 3584 3316 modo
3612 3261 3733 3316 Dei-

2173 3358 2324 3422 tatis,
2377 3358 2474 3413 sed
2519 3357 2682 3411 etiam
2732 3355 2960 3409 unitatis
3001 3361 3237 3423 paterna:
3280 3353 3733 3423 perfectissimam

2174 3465 2295 3505 esse
2313 3489 2329 3515 ,
2367 3457 2532 3519 atque
2562 3448 2682 3502 ideo
2710 3463 2778 3502 ex
2804 3445 2962 3501 Patre
2983 3445 3356 3515 prodeuntem,
3390 3448 3516 3515 quia
3546 3446 3610 3501 ad
3633 3443 3738 3498 Pa-

2172 3543 2274 3598 tris
2314 3539 2728 3597 similitudinem
2772 3539 2843 3594 sit
2879 3551 3158 3608 expressa,
3204 3537 3341 3590 κατὰ
3378 3535 3601 3606 γνώμην
3641 3537 3736 3590 καὶ

2176 3632 2516 3704 προαίρεσιν,
2545 3631 2596 3685 id
2621 3642 2725 3695 est,
2752 3646 2818 3684 ex
2846 3630 3125 3684 voluntate
3154 3634 3207 3683 et
3233 3628 3513 3698 proposito
3535 3627 3732 3689 Patris,

2176 3741 2285 3780 non
2318 3741 2387 3781 ex
2413 3732 2623 3779 naturae
2650 3724 3007 3787 necessitate;
3036 3735 3156 3791 quae
3191 3730 3369 3775 tamen
3399 3721 3599 3789 imago,
3630 3718 3737 3772 alia

2177 3819 2247 3872 sit
2271 3832 2300 3871 a
2326 3825 2548 3886 paterna
2579 3815 2805 3878 Deitate,
2842 3816 3040 3873 minor.
3064 3813 3257 3883 impar,
3284 3827 3404 3883 qua:
3428 3810 3739 3881 dignatione

2176 3904 2393 3975 quidem
2418 3902 2597 3959 Patris
2619 3904 2675 3958 in
2702 3912 2827 3957 ortu
2852 3919 2953 3958 suo
2974 3904 3067 3959 Dei
3094 3919 3290 3958 nomen
3314 3903 3616 3972 acceperit,
3644 3902 3736 3957 sed

2177 4011 2285 4049 non
2316 4008 2442 4050 vere
2471 4002 2526 4049 ct
2555 3995 2773 4064 proprie
2805 3992 2949 4049 Deus
2977 3995 3067 4048 sit.

2246 4086 2324 4140 Ex
2367 4085 2478 4141 Deo
2507 4092 2685 4140 autem
2721 4095 2775 4141 et
2810 4101 2874 4139 ex
2913 4083 3221 4139 substantia
3264 4081 3358 4137 Dei
3392 4097 3513 4137 esse
3542 4081 3738 4137 Filium

2175 4178 2308 4234 dicit
2338 4180 2552 4233 ratione
2599 4176 3007 4240 similitudinis;
3064 4174 3518 4245 quemadmodum
3563 4177 3740 4246 imago

2176 4270 2481 4341 cuiuspiam
2516 4284 2545 4323 a
2572 4269 2910 4339 peritissimo
2944 4268 3151 4337 pictore
3179 4268 3533 4329 concinnata,
3584 4282 3650 4320 ex
3675 4282 3744 4321 eo

2176 4369 2230 4417 et
2257 4376 2322 4416 ex
2354 4375 2588 4431 persona
2621 4362 2740 4428 ejus
2772 4373 3031 4429 expressa
3062 4374 3297 4428 eumque
3327 4359 3564 4429 perfecte
3586 4359 3741 4413 exhi-

2180 4456 2308 4511 here
2327 4455 2529 4509 dicitur
2555 4473 2569 4508 :
2595 4455 2697 4509 etsi
2724 4454 2948 4509 alterius
2967 4463 3022 4508 et
3042 4452 3270 4508 diversa:
3288 4454 3613 4509 substantia
3637 4455 3739 4518 sit;

2180 4547 2257 4601 ita
2292 4545 2485 4610 Filius,
2524 4546 2822 4600 secundum
2859 4543 3173 4610 Eusebium,
3212 4559 3278 4599 ex
3311 4544 3615 4599 substantia
3645 4543 3740 4598 Dei

2176 4645 2231 4694 et
2263 4652 2326 4690 ex
2358 4636 2469 4691 Deo
2497 4651 2621 4692 esse
2658 4636 2881 4702 dicitur,
2924 4636 3015 4705 qui
3067 4645 3152 4692 est
3196 4636 3373 4706 imago
3397 4651 3462 4690 ex
3502 4634 3612 4690 Deo
3647 4650 3743 4689 ex-

2181 4741 2389 4798 pressa,
2434 4725 2602 4780 Deum
2635 4725 2873 4795 perfecte
2907 4731 3328 4795 repraesentans,
3372 4723 3477 4777 etsi
3516 4723 3745 4777 alterius

2179 4825 2233 4873 ct
2260 4818 2490 4873 diversae
2523 4816 2843 4871 substantias
2884 4816 2973 4871 sit.
3015 4815 3072 4870 ln
3105 4831 3215 4885 quo
3252 4830 3386 4871 sane
3418 4813 3683 4870 Eusebius
3711 4829 3742 4867 a

2179 4916 2331 4964 recto
2369 4909 2728 4963 ratiocinandi
2771 4923 2970 4977 genere
3016 4909 3253 4963 immane
3295 4915 3557 4976 quantum
3586 4906 3747 4960 aber-

2181 5008 2312 5056 rat:
2347 5016 2472 5055 nam
2519 5016 2586 5055 ex
2631 5000 2906 5054 commttni
2948 5007 3003 5054 et
3048 5006 3268 5068 recepto
3301 4998 3580 5053 hominum
3615 5013 3740 5061 usu,

2181 5096 2274 5165 qui
2320 5108 2445 5147 vere
2492 5093 2750 5162 gignitur,
2800 5091 3072 5162 gignentis
3123 5090 3484 5147 substantiam
3528 5089 3743 5158 plenam

2181 5186 2559 5256 integramque
2611 5185 2831 5255 accipit,
2891 5192 2950 5238 ut
2993 5183 3139 5238 filius
3183 5184 3368 5239 vocari
3422 5184 3616 5253 possit.
3670 5181 3745 5234 Ea

2182 5278 2383 5347 quippe.
2435 5284 2519 5332 est
2572 5275 2666 5330 filii
2717 5276 2936 5347 proprie
2987 5275 3120 5330 dicti
3172 5277 3335 5340 ratio,
3390 5281 3450 5328 ut
3499 5273 3745 5329 eamdem

2183 5382 2410 5436 prorsus
2446 5382 2608 5437 qnam
2641 5374 2794 5435 pater
2828 5375 3076 5420 naturam
3117 5364 3389 5423 obtineat:
3430 5365 3586 5424 alias.
3635 5379 3746 5418 non

2185 5459 2349 5520 filius,
2385 5459 2476 5513 sed
2512 5457 2787 5528 opificium
2820 5456 2957 5519 erit;
2994 5457 3261 5521 eamdem,
3296 5457 3540 5525 inquam,
3565 5455 3749 5524 specie

2185 5558 2437 5603 naturam
2482 5549 2538 5602 in
2593 5549 2757 5602 rebus
2808 5548 3028 5613 creatis,
3077 5564 3198 5619 quae
3244 5547 3590 5616 multiplicari
3624 5561 3741 5615 pos-

2185 5647 2345 5702 sunt;
2383 5639 2629 5696 eamdem
2662 5653 2787 5694 vero
2829 5640 3105 5695 numerice
3151 5640 3205 5693 in
3247 5639 3465 5702 divinis,
3499 5638 3625 5708 quia
3654 5651 3748 5691 nae
