4096 6392
449 367 517 421 ιε
1223 357 1721 418 COMMENTARIA
1759 356 1826 412 1N
1867 355 2205 414 PSALMOS.
2248 388 2315 399 —
2355 347 2904 418 manumanu.
3614 368 3681 420 ts

448 495 569 538 tura
598 480 691 538 Dei
725 496 847 536 cum
876 479 1226 550 multiplicari
1261 488 1514 550 nequeat,
1552 486 1741 549 utpote
1771 478 2009 539 inﬁnita,
2042 482 2086 536 Α
2116 489 2239 530 men
2265 477 2356 531 ille
2386 478 2586 548 ubique
2608 479 2743 534 alias
2770 495 2893 532 cum
2926 479 2994 535 de
3023 479 3159 535 Filio
3182 482 3422 552 loquitur
3452 486 3674 555 respuit,

449 590 557 629 non
581 582 758 643 potest
782 573 885 628 nisi
916 587 1022 626 una
1052 582 1104 627 et
1129 572 1246 643 ipsa
1269 573 1568 642 eademque
1598 574 2014 628 communicari.

449 664 647 719 Verum
682 664 794 718 haec
827 664 1050 718 minime
1080 664 1353 734 quadrare
1390 681 1499 719 non
1530 665 1810 720 nesciebat
1847 664 2018 720 Euse-

447 757 592 819 bius,
631 762 686 811 et
719 758 846 825 quia
883 756 1114 810 arduum
1144 763 1229 811 est
1265 765 1453 810 contra
1489 756 1655 809 animi
1687 756 2012 812 sententiam

445 848 537 902 diu
586 848 926 917 multumque
970 848 1229 911 scribere,
1280 848 1412 917 quin
1451 847 1699 901 nonnihil
1728 863 1795 901 ex
1834 855 2015 902 mente

446 940 733 1008 scriptoris
760 940 845 994 vel
877 940 1245 1008 imprudenter
1268 940 1452 994 ellluat
1470 981 1485 1006 ,
1511 954 1620 993 non
1651 939 1767 1009 pari
1796 954 2012 1009 semper

445 1033 609 1087 modo
638 1032 907 1086 Eusebius
946 1030 1223 1101 loquitur:
1253 1046 1376 1085 nam
1409 1033 1465 1086 in
1496 1030 1798 1085 Demonstr.
1852 1046 2011 1084 evan-

443 1125 611 1194 geliea
643 1123 839 1177 Filium
861 1123 939 1178 sic
965 1131 1261 1191 nuncupat,
1297 1121 1373 1175 Τὸ
1402 1120 1631 1175 τέλειον
1652 1120 1756 1174 τοῦ
1779 1121 2009 1174 τελείου

445 1216 875 1285 δημιούργημα,
908 1214 1008 1267 καὶ
1049 1212 1242 1281 σοφοῦ
1286 1214 1480 1282 σοφὸν
1516 1213 2006 1281 ἀρχιτεκτόνημα,

444 1305 747 1374 Perfectum
775 1305 990 1374 perfecti
1020 1304 1308 1373 opiﬁcium,
1336 1315 1385 1357 et
1407 1304 1658 1373 sapientis
1680 1304 1888 1372 sapiens
1914 1318 2005 1356 ar-

444 1397 693 1466 tefactum
724 1412 744 1449 :
770 1405 824 1452 et
853 1397 906 1450 in
935 1396 1161 1464 epistola
1201 1396 1267 1451 ad
1299 1396 1661 1450 Alexandrum
1685 1394 1783 1466 (a),
1808 1394 2006 1449 Filium

440 1505 556 1544 rem
585 1488 783 1543 factam
806 1503 928 1543 esse
950 1488 1081 1542 dicit
1108 1507 1121 1541 :
1144 1494 1197 1541 et
1227 1488 1550 1541 Arianorum
1577 1502 1800 1543 causam
1821 1495 2006 1556 aperte

441 1586 764 1651 propugnat,
806 1581 898 1650 qui
930 1580 1183 1635 dicebant
1215 1578 1412 1632 Filium
1450 1578 1652 1632 factum
1689 1578 1879 1645 fuisse,
1908 1579 2005 1635 sed

439 1687 548 1726 non
578 1681 636 1725 ut
667 1672 901 1740 aliquam
934 1687 998 1725 ex
1034 1671 1196 1726 rebus
1244 1670 1437 1736 factis;
1485 1678 1540 1725 et
1587 1676 1829 1724 creatum
1873 1670 2004 1724 item

438 1764 630 1829 fuisse,
664 1764 759 1820 sed
792 1779 900 1819 non
931 1771 990 1817 ut
1019 1765 1256 1833 aliquam
1286 1778 1352 1818 ex
1385 1764 1548 1818 rebus
1578 1762 1796 1818 creatis.
1829 1760 2006 1817 Caete-

436 1869 558 1908 rum
590 1853 803 1908 etiamsi
845 1870 911 1908 ex
948 1854 1117 1907 animi
1155 1854 1421 1908 sententia
1468 1853 1735 1910 Eusebius
1765 1851 1998 1908 Verbum

435 1961 564 2001 vere
597 1946 835 2015 genitum
865 1955 918 2000 et
944 1944 1142 2000 Filium
1168 1944 1387 2010 dixerit,
1421 1946 1586 2001 verbo
1607 1954 1814 2000 tantum
1841 1953 1999 2002 tenus

437 2038 506 2094 ab
534 2038 755 2093 Arianis
786 2036 1118 2108 discrepabit
1144 2058 1156 2094 :
1184 2055 1309 2093 nam
1341 2039 1418 2093 illi
1452 2039 1677 2109 perinde
1706 2048 1866 2108 atque
1889 2037 2001 2094 Eui-

436 2131 621 2185 sebius
653 2129 887 2186 Verbum
917 2144 948 2184 a
980 2128 1139 2185 Patre
1168 2130 1514 2200 productum,
1559 2130 1866 2185 subStantia
1912 2128 1999 2183 di-

431 2235 650 2277 versum
684 2237 748 2276 ac
779 2222 959 2277 minus
990 2237 1111 2278 esse
1154 2221 1317 2278 Patre
1346 2222 1638 2292 putabant;
1678 2235 1747 2275 an
1781 2236 1911 2277 vero
1942 2221 1996 2277 id

431 2311 539 2367 dici
569 2313 742 2382 possit
769 2313 1009 2384 genitum
1049 2329 1191 2379 esse,
1227 2313 1294 2369 de
1331 2314 1550 2370 nomine
1594 2321 1803 2369 tantum
1849 2329 2000 2385 qua:-

433 2404 539 2459 stio
567 2412 673 2460 est.
1666 2414 1669 2417 “

816 2519 939 2568 XIV.
964 2518 1144 2569 l’ilium
1168 2523 1317 2582 negat
1348 2525 1603 2569 aeternum.

500 2599 656 2666 Quod
680 2599 744 2655 ad
780 2602 1133 2657 aeternitatem
1170 2617 1302 2656 vero
1332 2599 1453 2655 Filii
1486 2609 1612 2655 ante
1640 2600 1992 2663 creationem,

428 2707 498 2746 ne
517 2692 687 2746 latum
715 2708 950 2762 unguem
980 2694 1048 2747 ab
1071 2694 1396 2747 Arianorum
1419 2693 1687 2747 sententia
1710 2693 1996 2747 deﬂectere

429 2781 667 2844 videtur,
701 2784 794 2851 qui
826 2782 1080 2836 dicebant
1118 2780 1316 2835 Filium
1350 2798 1457 2837 non
1493 2783 1658 2836 ἀΐδιον
1698 2783 1813 2837 sive
1852 2797 1995 2838 sem-

429 2861 701 2937 piternum
737 2886 858 2925 esse
889 2889 901 2923 :
946 2870 1042 2924 sed
1077 2880 1202 2926 ante
1230 2873 1412 2925 omnia
1443 2872 1663 2926 factum.
1702 2872 1795 2926 Sic
1822 2879 1877 2926 et
1904 2871 1995 2927 ille

432 2956 627 3011 Filium
672 2958 890 3027 quidem
944 2960 1154 3031 πρῶτον
1202 2960 1309 3013 τῶν
1352 2961 1520 3015 ὄντων
1565 2962 1818 3015 ἁπάντων
1862 2959 1995 3016 dicit

431 3050 728 3105 Demonstr.
767 3068 948 3121 evang.
993 3068 1047 3121 p.
1090 3052 1213 3118 146,
1245 3052 1297 3106 id
1331 3062 1435 3119 est,
1467 3053 1705 3107 Primum
1762 3054 1993 3108 omnium

426 3157 744 3212 quazcunque
769 3155 924 3208 sunt;
967 3143 1129 3214 idque
1158 3146 1361 3214 passim
1402 3145 1598 3215 repetit
1639 3145 1695 3199 in
1720 3144 1806 3199 his
1838 3159 1990 3199 com-
2022 3166 2064 3224 ο

428 3234 735 3297 mentariis,
774 3235 938 3304 inque
972 3236 1125 3291 libris
1156 3247 1341 3288 contra
1378 3234 1690 3289 Marcellum
1711 3252 1729 3288 :
1755 3235 1993 3305 itemque

428 3324 504 3377 ait
531 3323 725 3379 Filium
759 3326 865 3397 πρὸ
888 3326 1093 3398 χρόνων
1126 3327 1376 3392 αἰωνίων,
1409 3336 1463 3384 et
1488 3327 1593 3399 πρὸ
1622 3327 1839 3382 πάντων
1864 3325 1988 3380 αἰώ-

426 3432 552 3480 νων,
591 3417 644 3471 id
675 3427 777 3482 est,
810 3428 928 3472 ante
967 3418 1182 3482 sa'cula,
1236 3419 1558 3489 productum
1592 3438 1605 3472 :
1639 3433 1765 3473 nam
1794 3419 1993 3474 saecula

425 3509 479 3555 et
509 3513 723 3573 tempus
752 3521 912 3560 omne
954 3522 1079 3561 cum
1124 3507 1326 3562 mundo
1369 3509 1602 3579 cmpisse
1649 3523 1773 3563 cum
1807 3509 1994 3565 multis

426 3595 549 3649 aliis
592 3598 866 3652 veteribus
913 3600 1230 3661 arbitratur.
1288 3615 1388 3655 nec
1437 3617 1537 3655 vox
1589 3601 1805 3665 αἰώνιος
1849 3603 1993 3672 apud

426 3686 742 3752 Eusebium,
780 3706 880 3760 pro
911 3692 1212 3747 aeternitate
1239 3702 1366 3746 ante
1393 3693 1725 3749 creationem
1758 3710 1991 3765 nsquam

428 3780 659 3833 sumitur
688 3800 701 3835 :
730 3797 855 3835 nam
888 3782 1195 3851 huiusmodi
1230 3785 1590 3842 wternitatem
1620 3786 1676 3840 in
1707 3783 1847 3841 Filio
1878 3786 1995 3841 evi-

425 3870 616 3925 denter
638 3880 798 3941 negat
816 3880 870 3925 et
890 3884 1073 3925 contra
1105 3872 1419 3927 Marcellum
1451 3889 1620 3944 agens
1652 3876 1883 3929 aﬂirmat
1908 3875 1994 3931 Εἰ-

425 3963 554 4016 Ιίιιιιι
607 3979 714 4018 non
764 3980 925 4034 posse
958 3966 1065 4019 dici
1116 3966 1283 4019 ἀΐδιον
1328 3966 1442 4022 sive
1485 3968 1898 4036 sempiternum,
1933 3979 1992 4024 ut

423 4052 608 4107 videre
636 4062 739 4117 est,
775 4055 809 4108 Ι.
844 4070 904 4117 ιι,
933 4070 983 4110 c.
1017 4055 1101 4121 l2,
1133 4064 1187 4109 et
1217 4057 1364 4112 alibi.
1398 4057 1510 4114 Nec
1543 4057 1779 4114 dilliteor
1807 4068 1991 4114 tamen

426 4144 479 4196 in
506 4146 923 4201 Commentariis
962 4147 1013 4200 in
1061 4146 1305 4204 Psalmos
1350 4148 1415 4203 ad
1446 4150 1592 4204 hunc
1621 4151 1761 4220 psal.
1795 4165 1834 4203 ιι
1866 4166 1990 4205 ver-

425 4248 568 4297 sum,
600 4233 710 4304 Ego
739 4235 890 4291 hodie
911 4238 1062 4308 genui
1078 4248 1146 4301 te,
1179 4239 1292 4294 haec
1318 4240 1504 4295 haberi
1530 4241 1702 4310 :‘Ert‘o
1726 4240 1991 4310 σήμερον

422 4326 751 4396 γεγέννηκά
779 4344 870 4392 σε,
894 4330 1131 4400 δηλονότι
1165 4334 1292 4406 περὶ
1321 4333 1420 4404 τῆς
1450 4333 1704 4405 χρονικῆς
1732 4332 1835 4403 ἔφη
1864 4326 1991 4401 γενέ

422 4420 647 4489 νήσεωςο
675 4422 799 4493 περὶ
834 4422 942 4493 γὰρ
973 4423 1071 4493 τῆς
1102 4423 1336 4494 ἀνάρχου
1368 4426 1530 4495 φησὶν
1556 4424 1716 4488 αὐτὸς
1750 4426 1779 4477 ὸ
1803 4424 1983 4477 Δαυῒδο

2117 574 2172 621 et
2198 566 2298 623 soli
2332 566 2477 621 Patri
2512 576 2819 638 competere
2842 568 2975 623 dicit
3010 588 3023 623 :
3065 571 3289 641 parique
3327 571 3488 627 modo
3518 581 3687 627 tetra-

2116 674 2397 728 grammon
2426 669 2565 725 mre,
2592 662 2735 730 quod
2783 661 2983 730 passim
3018 664 3095 716 ait
3127 664 3180 717 in
3224 663 3308 718 bis
3335 664 3686 720 Commenta-

2116 751 2216 806 riis
2251 753 2339 804 uni
2370 749 2516 805 Patri
2548 764 2856 823 competere
2898 770 3089 826 posse;
3125 756 3291 810 semel
3315 755 3368 808 in
3400 770 3684 810 commen-

2116 843 2257 895 tario
2286 842 2524 912 itemque
2553 846 2720 899 semel
2765 846 2818 898 in
2876 844 3333 900 Demonatratione
3361 846 3678 917 evangelica,

2114 935 2192 988 ait
2219 933 2356 989 Filio
2385 951 2775 1004 nonnunquam
2809 939 3104 1005 ascriptum
3144 937 3335 1001 fuisse,
3373 953 3685 992 accommo-

2114 1027 2238 1082 date
2263 1027 2492 1092 scilicet,
2530 1044 2704 1098 neque
2732 1030 2968 1099 proprie,
2997 1041 3052 1083 ut
3074 1030 3199 1084 alibi
3228 1029 3295 1085 de
3326 1028 3419 1084 Dei
3442 1030 3681 1099 appella-

2112 1118 2259 1171 tione
2290 1117 2497 1172 dictum
2543 1127 2644 1173 est.
2694 1119 2812 1174 Non
2861 1121 3246 1191 sempiternum
3287 1128 3469 1175 autem
3509 1119 3680 1175 fuisse

2111 1207 2348 1265 Verbum
2382 1222 2507 1269 ante
2539 1216 2868 1268 creationem
2894 1216 3084 1283 probat
3107 1214 3210 1269 hoc
3229 1215 3537 1270 dilemmate
3566 1213 3679 1268 Eu-

2110 1303 2317 1368 sebius,
2360 1307 2415 1360 in
2447 1305 2565 1360 loco
2595 1305 2793 1359 Contra
2832 1304 3142 1359 Marcellum
3173 1306 3429 1375 superius
3471 1321 3679 1361 memo-

2111 1403 2230 1448 rato
2256 1394 2345 1450 :Si
2386 1396 2557 1453 Filius
2580 1398 2649 1452 sit
2674 1398 2843 1462 ἀΐδιος
2873 1400 2986 1453 sive
3014 1399 3401 1469 sempiternus,
3448 1398 3534 1454 vel
3566 1399 3675 1453 dno

2108 1498 2269 1542 erunt
2309 1491 2660 1561 sempiterna,
2691 1507 2886 1562 nempe
2914 1490 3076 1547 Pater
3111 1501 3164 1547 et
3195 1491 3386 1556 Filius,
3418 1492 3561 1563 quod
3589 1502 3677 1547 est

2108 1596 2138 1633 a
2179 1581 2281 1636 ﬁde
2311 1583 2609 1648 absonum;
2659 1585 2742 1637 vel
2784 1582 2947 1641 Pater
2985 1593 3039 1638 et
3084 1581 3256 1639 Filius
3303 1599 3470 1637 unum
3515 1594 3675 1638 erunt

2107 1674 2521 1741 sempiternum,
2559 1672 2703 1743 quod
2740 1680 2825 1728 est
2856 1671 3246 1728 Sabellianum.
3279 1673 3418 1729 Ante
3438 1675 3672 1729 creatio-

2104 1777 2228 1817 nem
2266 1762 2431 1833 igitur
2465 1761 2699 1818 Verbum
2748 1778 2857 1819 non
2905 1764 3294 1835 sempiternum
3330 1779 3451 1819 esse
3484 1764 3674 1819 docuit

2108 1849 2407 1918 Eusebius;
2456 1871 2633 1924 neque
2679 1863 2862 1909 tamen
2915 1870 3004 1910 res
3050 1862 3264 1909 creatas
3317 1855 3499 1909 statim
3547 1863 3676 1923 post

2105 1942 2270 2000 Verbi
2315 1954 2494 2001 ortum
2542 1947 2718 2003 editas
2762 1963 2884 2003 esse
2923 1954 3105 2017 putat;
3161 1946 3258 2002 sed
3291 1946 3671 2016 interpositum

2106 2034 2340 2103 spatium
2393 2036 2533 2090 inter
2579 2034 2744 2091 Verbi
2787 2044 2839 2091 et
2882 2036 3219 2106 opiﬁciorum
3252 2036 3668 2104 productionem

2104 2126 2391 2180 constituit
2418 2126 2508 2181 ille
2538 2144 2552 2181 :
2583 2143 2691 2197 qua
2723 2128 2778 2181 in
2806 2143 2863 2182 re
2890 2127 3106 2197 paulum
3138 2126 3422 2182 deﬂectere
3451 2124 3670 2181 videtur

2103 2219 2173 2273 ab
2193 2218 2407 2275 Arianae
2436 2228 2596 2276 sectae
2618 2221 2975 2291 principibus,
2997 2221 3089 2291 qui
3116 2220 3353 2275 Verbum
3384 2218 3450 2273 ad
3480 2233 3663 2273 rerum

2102 2311 2346 2365 omnium
2400 2313 2733 2368 creationem
2784 2312 3110 2382 productum
3161 2312 3280 2367 sine
3337 2308 3667 2366 intermedio

2098 2401 2279 2471 spatio
2302 2402 2730 2468 arbitrabantur,
2758 2412 2817 2458 ut
2846 2405 2939 2460 illo
2964 2404 3106 2461 Deus
3129 2404 3195 2459 ad
3222 2404 3434 2476 opiﬁcia
3458 2403 3669 2460 edenda

2103 2508 2200 2549 ceu
2228 2493 2592 2552 instrumento
2625 2505 2889 2553 uteretur.

2474 2629 2575 2679 XV.
2602 2630 2799 2681 Summa
2817 2633 3053 2683 doctrina;
3072 2633 3291 2684 Eusebii.

2174 2750 2257 2808 En
2290 2769 2421 2825 ergo
2468 2762 2638 2810 totam
2692 2755 3011 2811 Eusebiana:
3052 2759 3337 2829 theologia:
3375 2773 3665 2813 sumntum.

2102 2843 2256 2902 Unus
2283 2862 2446 2902 verus
2473 2847 2541 2902 ab
2561 2855 2766 2902 aeterno
2788 2846 2931 2903 Deus
2955 2847 3116 2903 Pater
3140 2848 3264 2915 fuit,
3292 2848 3384 2919 qui
3411 2848 3667 2905 omnibus

2101 2945 2265 3009 atque
2297 2939 2463 2995 etiam
2500 2937 2638 2994 Filio
2670 2952 2771 2996 suo
2812 2941 3140 3010 praeexsistit
3173 2960 3186 2996 :
3222 2938 3527 3011 Filiumque
3560 2942 3668 2995 sibi

2100 3039 2289 3102 postea
2334 3047 2443 3086 non
2477 3048 2545 3086 ex
2590 3033 2916 3088 necessitate
2959 3041 3187 3095 naturae,
3233 3031 3328 3089 sed
3375 3048 3441 3087 ex
3494 3033 3668 3089 libero

2098 3125 2399 3180 voluntatis
2436 3124 2665 3179 arbitrio
2701 3139 2764 3179 ac
2816 3125 3117 3195 proposito,
3154 3124 3412 3195 produxit
3438 3140 3504 3179 ex
3537 3125 3668 3180 sub-

2095 3217 2297 3273 stantia
2321 3232 2419 3273 sua
2444 3235 2457 3272 :
2484 3232 2593 3273 non
2620 3217 2982 3273 substantiam
3008 3232 3161 3274 suam
3184 3219 3299 3273 sive
3325 3227 3520 3285 totam,
3550 3217 3669 3276 sive

2093 3310 2356 3375 decisam,
2384 3309 2524 3365 Filio
2544 3310 2979 3378 communicans;
3003 3309 3096 3365 sed
3123 3309 3482 3367 substantiam
3503 3314 3664 3366 aliam

2093 3402 2162 3457 ad
2200 3402 2287 3458 sui
2329 3417 2425 3473 per
2465 3401 2648 3457 omnia
2678 3401 3094 3457 similitudinem
3134 3408 3189 3456 et
3223 3402 3514 3475 imaginem
3547 3419 3667 3474 pro-

2094 3494 2333 3556 ducens;
2378 3505 2641 3564 quantum
2677 3494 2887 3549 scilicet
2924 3500 3104 3564 potest
3143 3495 3452 3551 substantia
3487 3510 3517 3548 a
3552 3495 3665 3551 Deo

2093 3587 2308 3641 diversa
2357 3585 2454 3641 Dei
2503 3587 2793 3657 imaginem
2828 3585 3010 3641 ferre:
3046 3601 3171 3641 nam
3208 3588 3364 3659 longe
3397 3589 3574 3658 impar
3608 3598 3665 3644 et

2094 3679 2274 3733 minor
2310 3676 2470 3734 Patre
2515 3676 2689 3733 Filius
2712 3685 2815 3734 est.
2849 3678 2985 3733 Cum
3014 3688 3194 3735 autem
3226 3679 3404 3751 imago
3434 3680 3525 3733 illa
3555 3694 3664 3747 una

2093 3767 2262 3823 Deum
2297 3769 2712 3840 perfectissime,
2751 3775 3014 3839 quantum
3062 3770 3179 3825 tieri
3225 3779 3419 3841 potest,
3466 3785 3665 3842 reprae-

2093 3869 2291 3925 sentet,
2318 3878 2426 3916 non
2458 3862 2782 3917 substantia:
2815 3861 2976 3916 modo
3002 3860 3121 3925 Dei,
3167 3864 3261 3918 sed
3288 3865 3449 3918 etiam
3482 3864 3665 3919 unita-

2093 3954 2164 4007 tis
2189 3954 2309 4022 ejus
2339 3955 2517 4024 imago
2544 3962 2645 4009 est.
2684 3953 2840 4008 Unde
2862 3950 2934 4007 ob
2965 3954 3110 4008 illam
3140 3955 3358 4010 unicam
3382 3965 3435 4010 et
3466 3956 3659 4026 singu-

2091 4046 2258 4101 larem
2280 4046 2712 4111 similitudinem,
2740 4044 2909 4102 Filius
2933 4048 3002 4102 ab
3041 4048 3249 4117 origine
3269 4046 3410 4103 Deus
3434 4055 3662 4104 vocatus

2091 4146 2145 4194 et
2172 4139 2350 4194 factus
2386 4146 2491 4202 est,
2523 4138 2862 4211 θεοποιηθεις
2891 4160 2905 4193 :
2937 4140 3031 4209 qui
3066 4140 3170 4195 etsi
3204 4155 3330 4196 vere
3365 4139 3509 4196 Deus
3546 4141 3657 4198 dici

2090 4245 2198 4285 non
2228 4231 2421 4301 possit,
2470 4231 2514 4285 si
2552 4245 2677 4285 cum
2725 4229 2889 4286 Patre
2931 4239 3303 4302 comparetur,
3344 4239 3660 4302 comparate

2090 4306 2369 4377 tamenl'ad
2402 4332 2682 4379 creaturas
2716 4338 2840 4379 vere
2885 4322 3029 4379 Deus
3076 4322 3285 4386 dicitur,
3321 4342 3335 4379 :
3370 4324 3497 4395 quia
3528 4324 3659 4395 ipsa:

2091 4414 2367 4488 imagines
2388 4415 2484 4472 Dei
2517 4416 2673 4485 longe
2705 4414 3137 4485 imperfectiores
3165 4423 3319 4470 sunt:
3343 4415 3525 4482 Quare
3555 4417 3656 4471 αὐ-

433 4510 528 4564 Ἐκ
577 4512 835 4579 γαστρὸς
876 4512 990 4581 πρὸ
1030 4514 1340 4583 ἐωσςρόρου
1373 4514 1702 4585 γεγέννηκά
1746 4531 1840 4581 σε,
1883 4514 1984 4571 hoc

2099 4508 2530 4573 tooeog'dicitnr,
2567 4507 2703 4570 sive,
2753 4507 2862 4576 ipse
2895 4505 3060 4572 Deus,
3091 4507 3217 4578 quia
3251 4523 3316 4563 ex
3348 4506 3659 4563 omnimoda

419 4610 503 4655 est
533 4620 545 4655 τ
581 4619 599 4651 ι
631 4601 741 4671 Ego
758 4602 909 4657 hodie
924 4604 1078 4674 genui
1115 4615 1183 4670 te,
1222 4624 1241 4657 ι
1272 4606 1324 4659 id
1353 4606 1589 4662 videlicet
1614 4607 1677 4662 de
1710 4608 1988 4678 temporali

420 4704 749 4765 generatione
784 4695 1003 4760 dictum,
1030 4714 1146 4767 qua:
1179 4713 1270 4765 per
1307 4702 1651 4755 teconomiam
1688 4701 1834 4769 facta
1862 4711 1984 4765 est;
2044 4762 2049 4767 ,

419 4785 483 4838 de
509 4786 604 4838 illa
630 4803 852 4857 namque
873 4804 989 4857 qua:
1008 4790 1120 4843 sine
1143 4792 1401 4859 principio
1421 4801 1519 4856 est,
1540 4794 1616 4847 ait
1644 4796 1751 4864 ipse
1773 4794 1945 4849 David
1966 4812 1985 4849 :
2038 4842 2051 4857 ,

426 4893 445 4924 ι
490 4874 571 4928 Ex
603 4886 749 4931 utero
774 4889 895 4932 ante
922 4878 1198 4950 luciferum
1235 4883 1388 4951 genui
1425 4892 1473 4936 te
1503 4881 1804 4952 (Psat.c1x,
1829 4886 1919 4956 5).
1960 4905 1979 4937 ι

418 4965 619 5023 Verum
647 4968 698 5021 id
727 4970 860 5023 nihil
881 4985 1022 5025 verae
1043 4972 1261 5025 Eusebii
1284 4973 1567 5028 sententize
1588 4973 1806 5038 alliciat,
1833 4991 1983 5039 nam,

418 5066 479 5112 ut
508 5058 681 5122 vides,
713 5060 943 5131 ἄναρχον
972 5071 1127 5115 vocat
1169 5060 1331 5117 Verbi
1383 5067 1811 5134 generationem,
1857 5069 1984 5138 quia

419 5160 545 5206 ante
597 5149 903 5217 luciferum,
954 5153 1007 5207 id
1040 5160 1146 5216 est,
1190 5161 1315 5209 ante
1346 5156 1675 5226 principium
1721 5159 1983 5229 temporis

420 5242 521 5296 fuit
553 5261 565 5296 :
601 5242 869 5312 siquidem
903 5242 1161 5309 Verbum,
1196 5252 1256 5298 ιιι
1286 5244 1361 5300 ait
1387 5244 1647 5313 Joannes,
1689 5249 1743 5303 in
1773 5250 1982 5319 princi-

418 5332 508 5399 pio
545 5340 679 5394 erat,
713 5331 857 5400 quod
889 5332 978 5387 ille
1007 5333 1075 5389 de
1121 5334 1390 5405 principio
1423 5337 1681 5405 temporis
1711 5338 1979 5407 explicat,

418 5426 580 5489 atque
631 5420 752 5475 ideo
802 5421 888 5476 hic
923 5421 1155 5495 ἄναρχος
1198 5425 1359 5481 Verbi
1402 5434 1557 5481 ortus
1596 5426 1818 5492 dicitur,
1849 5429 1979 5499 quia

417 5525 539 5565 cum
569 5522 695 5567 ante
724 5528 885 5568 omne
913 5523 1126 5584 tempus
1162 5527 1216 5571 et
1244 5528 1368 5574 ante
1409 5520 1592 5574 omnia
1631 5521 1830 5576 sarcula
1858 5519 1981 5576 fue-

415 5599 507 5663 rit,
550 5615 656 5655 non
700 5601 877 5672 habet.
899 5602 1225 5673 principium
1266 5605 1551 5676 temporis.
1587 5608 1855 5679 Ἀναρχον
1895 5615 1980 5661 ta-

484 5776 558 5845 (a)
597 5778 756 5835 Cone.
797 5776 1007 5855 Nic.’_n,
1033 5785 1139 5834 act.
1172 5778 1225 5845 6,
1255 5796 1307 5853 p.
1336 5783 1457 5840 498.

2092 4599 2183 4653 illa
2213 4598 2573 4656 similitudine
2608 4598 2748 4654 Deus
2779 4599 2847 4653 ab
2886 4607 3011 4654 ortu
3051 4600 3355 4670 appellatus
3386 4608 3496 4665 est;
3530 4614 3655 4667 cum

2090 4701 2281 4745 contra
2306 4691 2481 4763 angeli
2511 4699 2565 4747 et
2590 4691 2840 4748 homines
2867 4691 3166 4748 secundum
3196 4685 3430 4761 aliquam
3464 4691 3660 4746 simili,-

2090 4782 2297 4838 tudinis
2341 4784 2609 4839 rationem
2654 4785 2729 4840 dii
2777 4790 3181 4855 nuncupentur.
3233 4780 3461 4838 Genitus
3491 4782 3657 4837 etiam

2088 4872 2196 4928 dici
2244 4883 2419 4944 potest
2463 4883 2516 4929 et
2561 4875 2719 4931 debet
2763 4874 2959 4938 Filius,
2996 4874 3124 4945 quia
3169 4874 3270 4929 etsi
3315 4890 3425 4929 non
3467 4873 3657 4929 eadem

2088 4983 2250 5036 quam
2283 4965 2443 5021 Pater
2474 4968 2833 5023 substantiam
2863 4968 3082 5029 habeat,
3115 4982 3178 5022 ex
3215 4968 3523 5021 substantia
3555 4965 3659 5019 Pas

2088 5057 2188 5112 tris
2234 5072 2298 5111 eo
2344 5073 2451 5127 quo
2496 5073 2662 5129 supra
2711 5057 2947 5112 diximus
2995 5054 3157 5111 modo
3202 5054 3501 5126 productus
3549 5064 3651 5110 est.

2088 5147 2351 5204 Eternus
2388 5159 2565 5205 autem
2609 5165 2718 5205 non
2762 5157 2846 5206 est
2895 5147 3103 5211 Filius,
3150 5148 3244 5203 sed
3295 5158 3418 5207 ante
3464 5161 3656 5201 omnes

2088 5248 2368 5296 creaturas
2416 5243 2651 5313 genitus.
2703 5240 2856 5297 Hanc
2908 5240 3239 5311 ipsissimam
3275 5254 3396 5294 esse
3432 5237 3655 5293 Eusebii

2085 5332 2153 5388 de
2179 5332 2360 5389 Verbo
2387 5332 2691 5389 doctrinam
2721 5333 2927 5404 liquido
2955 5333 3368 5403 comprobatum
3400 5332 3654 5402 superius

2084 5433 2188 5480 est.
2222 5423 2375 5491 Quod
2402 5426 2448 5480 si
2478 5425 2533 5479 in
2560 5426 2648 5480 his
2677 5424 2949 5481 Eusebius
2976 5439 3162 5480 secum
3186 5439 3432 5494 pugnare
3458 5422 3654 5493 depre-

2086 5515 2387 5580 hendatur,
2430 5515 2484 5569 id
2514 5529 2644 5570 sane
2672 5517 2954 5585 proprium
2996 5514 3202 5571 erroris
3242 5521 3345 5578 est,
3378 5521 3436 5568 ut
3469 5512 3652 5569 consi-

2085 5613 2229 5661 stere
2253 5620 2365 5660 non
2390 5605 2587 5669 valeat,
2618 5604 2832 5677 sibique
2862 5605 2965 5676 ipsi
2999 5604 3333 5661 adversetur.
