4096 6392
417 341 486 394 Π
1133 327 1400 388 FUSEBII
1437 320 1912 382 CIESARIENSIS
1948 318 2100 376 OPP.
2142 319 2322 375 PARS
2359 319 2445 376 ill.
2479 350 2548 360 --
2583 317 2989 375 EXEGETICA.
3585 321 3654 376 iR

419 476 545 529 XVI.
568 474 714 537 ἅζετο
751 469 1049 522 defenditur.
1090 497 1147 506 —
1171 468 1331 537 XVII:
1376 464 1609 537 Arianum
1652 463 1861 527 probant
1894 464 1991 509 tam
2023 464 2065 519 Α
2097 459 2251 514 libuit
2279 429 2564 514 desistere.
2600 458 2715 523 Qua
2749 459 2801 512 in
2837 473 2895 512 re
2925 458 3057 528 quid
3099 460 3302 515 certius
3342 439 3651 528 evangelica

899 538 1059 595 gesta,
1077 544 1220 592 quam
1240 529 1436 590 scripta.

494 643 559 698 At
589 641 683 712 qui
709 645 1004 710 purgatum
1037 635 1329 690 Eusebium
1366 632 1573 694 volunt,
1601 646 1724 684 cum
1755 636 1987 691 veteres,

423 745 538 792 tum
566 732 923 792 recentiores,
955 729 1010 783 in
1033 727 1266 782 medium
1292 725 1410 793 ejus
1431 723 1573 777 dicta
1596 721 1846 785 afferunt,
1871 737 1989 790 qua:

424 825 752 882 catholicum
783 819 1057 876 hominem
1091 831 1314 888 arguere
1355 821 1632 885 pugnant;
1677 811 1990 882 hujusmodi

425 926 577 984 sunt,
607 916 751 987 quod
781 913 982 969 dixerit
1003 911 1094 966 ille
1121 927 1184 966 ex
1221 911 1349 972 Deo,
1385 919 1440 964 et
1469 926 1534 964 ex
1566 907 1868 963 substantia
1896 905 1986 958 Dei

424 1008 795 1071 esseFilium,
821 1004 1124 1076 quod-vere
1147 1004 1316 1058 Deum
1351 1011 1404 1056 et
1446 1001 1695 1054 αὐτόοεον
1729 998 1989 1070 prmdica-

427 1103 588 1170 verit,
626 1099 771 1170 quod
815 1105 1100 1156 aeternum.
1133 1095 1277 1165 quod
1307 1092 1610 1164 ὁμοούσιον,
1648 1091 1847 1161 quibus
1892 1103 1988 1143 nos

429 1193 706 1255 omnibus,
729 1191 850 1260 ipso
879 1186 1116 1242 Eusebio
1158 1188 1238 1241 usi
1269 1187 1585 1255 interprete,
1610 1180 1988 1252 jam'occurri-

428 1302 569 1342 mus.
593 1284 793 1338 Verum
817 1282 933 1336 haec
961 1279 1038 1333 illi
1068 1295 1131 1334 ex
1161 1277 1370 1331 arbitrii
1395 1276 1477 1331 sui
1510 1274 1796 1338 sententia,
1818 1286 1989 1340 neque

429 1394 496 1434 ex
525 1378 642 1448 ipsa
671 1373 890 1430 Eusebii
921 1379 1123 1436 mente,
1165 1370 1410 1438 pluribus
1444 1368 1498 1421 in
1539 1367 1672 1420 locis
1713 1377 1984 1434 expressa,

430 1466 787 1538 comprobare
819 1461 924 1518 nisi
955 1467 1085 1516 sunt
1120 1480 1132 1514 :
1166 1460 1254 1513 alii
1293 1473 1506 1528 quoque
1536 1455 1841 1524 interpretis
1870 1469 1988 1507 ver-

433 1559 587 1614 sione
618 1555 849 1625 decepti,
883 1569 948 1608 e:
975 1552 1130 1606 libris
1153 1548 1216 1604 de
1249 1547 1696 1603 Demonstratione
1727 1551 1779 1598 et
1805 1553 1988 1596 contra

430 1649 768 1714 Marcellum,
797 1645 986 1699 Latine
1015 1651 1223 1696 tantum
1251 1640 1422 1703 lectis,
1447 1638 1511 1691 ad
1536 1651 1650 1690 eam
1681 1635 1986 1703 opinionem

434 1745 805 1800 accesserunt,
831 1751 958 1807 pars
981 1733 1217 1788 Marcelli
1244 1731 1386 1784 dicta
1411 1743 1508 1798 pro
1530 1726 1846 1782 Eusebianis
1867 1725 1990 1778 sub-

427 1835 746 1897 stituentes,
781 1838 1041 1885 aeternum
1089 1827 1155 1880 ab
1197 1824 1425 1878 Eusebio
1462 1820 1656 1876 Filium
1707 1817 1988 1892 prmdicari
2020 1816 2062 1870 Β

434 1925 681 1982 arbitrati
713 1930 838 1978 sunt
866 1941 879 1975 :
912 1919 1045 1974 nulli
1094 1918 1256 1971 hosce
1287 1913 1502 1969 Eusebii
1552 1912 1985 1968 Commentarios

426 2018 799 2085 inspexerunt,
834 2010 922 2064 ubi
939 2009 1120 2079 palam
1148 2007 1236 2060 ille
1259 2013 1492 2060 mentem
1517 2018 1668 2058 suam
1703 2002 1896 2072 aperit,
1932 2009 1986 2054 et

430 2106 650 2162 nonnisi
673 2108 984 2172 comparate
1019 2097 1085 2152 ad
1111 2097 1359 2151 homines
1385 2091 1579 2147 Filium
1607 2092 1789 2146 vocari
1820 2091 1984 2144 Deum

430 2197 689 2253 insinuat.
730 2191 845 2262 Ego
874 2203 1003 2244 vero
1051 2202 1134 2241 me
1182 2184 1438 2256 profiteor
1471 2183 1570 2235 hac
1611 2182 1664 2235 in
1690 2179 1988 2251 qumstione

429 2289 567 2345 nihil
597 2282 935 2357 pracjudicati
971 2279 1237 2340 attulisse,
1279 2275 1372 2330 sed
1409 2287 1635 2345 pronum
1671 2287 1884 2342 semper
1921 2271 1987 2324 ad

433 2379 703 2434 mitiorem
734 2373 1009 2429 ferendam
1054 2368 1396 2428 sententiam,
1425 2365 1643 2421 Eusebii
1675 2366 1877 2434 scripta
1902 2379 1987 2420 as-

432 2470 588 2524 sidue
618 2467 915 2529 lectitasse,
943 2461 1274 2534 ponderasse
1305 2459 1450 2512 dicta
1485 2465 1539 2513 et
1572 2457 1890 2521 sententias,
1925 2471 1990 2510 ac

433 2563 650 2616 demum
689 2558 766 2613 rei
800 2555 1185 2626 perspicuitate
1212 2555 1435 2616 victum,
1473 2556 1664 2606 contra
1697 2547 1989 2604 Eusebium

431 2652 701 2708 calt-nium
743 2649 1014 2720 posuisse.
1059 2645 1236 2709 Certe,
1285 2653 1341 2700 ut
1388 2644 1545 2699 initio
1593 2643 1726 2709 dixi,
1771 2640 1988 2696 Eusebii

430 2750 582 2815 gesta
634 2756 758 2795 cum
809 2738 1028 2808 scriptis
1061 2737 1134 2790 ita
1167 2742 1502 2799 consonant;
1546 2739 1605 2787 ut
1651 2732 1780 2787 hinc
1824 2732 1989 2786 etiam

435 2832 681 2891 testatior
728 2832 941 2886 animus
978 2829 1352 2898 sententiaque
1398 2827 1546 2882 illius
1570 2825 1823 2879 omnibus
1868 2838 1991 2878 esse

430 2928 626 2983 valeat.
654 2925 736 2979 Ab
752 2921 985 2980 exordio
1007 2921 1151 2976 enim
1171 2920 1464 2976 Arianismi
1491 2920 1555 2975 ad
1585 2918 1792 2973 obitum
1817 2929 1992 2986 usque

432 3036 558 3076 cum
599 3017 818 3073 Arianis
855 3013 1283 3071 concordissime
1312 3013 1467 3078 vixit,
1517 3004 1764 3067 nascenti
1796 3007 1991 3064 haeresi

436 3128 634 3168 nomen
673 3110 848 3177 dedit;
897 3111 950 3165 in
983 3107 1197 3164 Niczena
1247 3106 1474 3179 synodo,
1519 3112 1782 3175 quantum
1816 3102 1989 3165 licuit,

434 3201 730 3259 Catholicis
759 3201 1000 3266 obstitit;
1044 3197 1140 3254 sed
1189 3197 1279 3266 qui
1319 3195 1561 3266 apprime
1589 3193 1812 3249 calleret
1861 3206 1996 3246 con-

434 3294 628 3350 cedere
673 3293 920 3361 tempori,
953 3291 1170 3347 demum
1204 3287 1372 3343 cessit
1410 3294 1465 3341 et
1506 3285 1834 3355 subscripsit
1867 3303 1881 3339 :
1917 3285 1996 3340 sic

432 3385 578 3441 enim
607 3383 868 3440 suadebat
893 3383 1073 3446 timor,
1105 3396 1213 3435 non
1235 3378 1478 3434 diuturni
1509 3378 1768 3448 magister
1792 3375 1951 3431 olIicii
1978 3397 1991 3430 :

439 3490 550 3547 qua
581 3476 725 3531 enim
768 3480 949 3530 mente
971 3472 1028 3528 id
1062 3471 1254 3541 egerit,
1287 3470 1388 3526 sibi
1419 3468 1654 3523 subditis
1679 3467 1892 3539 populis
1915 3467 1996 3523 sic

432 3564 726 3631 enarravit,
757 3571 816 3618 ut
846 3563 948 3619 sibi
989 3562 1220 3633 pristina
1249 3560 1548 3630 repetendi,
1581 3560 1755 3614 sicubi
1787 3559 1994 3622 liceret,

436 3654 644 3709 aditum
672 3652 972 3723 reliquerit.
1009 3649 1129 3704 Non
1156 3649 1250 3704 diu
1282 3664 1411 3704 vero
1437 3657 1628 3720 postea
1664 3648 1785 3702 ﬁcte
1814 3662 1998 3703 recon-

438 3746 675 3800 ciliatam
731 3759 856 3799 cum
909 3743 1207 3799 Catholicis
1256 3742 1484 3813 gratiam
1538 3740 1894 3807 disturbavit;
1940 3748 1998 3793 ut

440 3837 656 3894 nescias
680 3837 874 3908 plusne
907 3851 1086 3907 operae
1117 3835 1172 3889 in
1202 3835 1448 3905 pellendo
1478 3833 1778 3889 Athanasio
1801 3847 1990 3902 posue-

436 3932 529 3998 rit,
575 3946 735 4002 quam
775 3930 828 3984 in
871 3927 1206 3987 restituendo
1253 3928 1402 3983 Ario.
1445 3928 1642 3981 Contra
1684 3925 1996 3979 Marcellum

435 4024 882 4095 intemperantior
927 4023 1161 4078 fortasse
1208 4037 1371 4091 quam
1415 4021 1698 4087 debuerat,
1734 4035 1840 4074 non
1872 4018 1995 4088 plus

435 4116 503 4172 ad
535 4116 956 4188 propulsandum
989 4114 1160 4182 illum,
1201 4131 1364 4184 quam
1399 4114 1464 4168 ad
1501 4113 1814 4184 purgandos
1836 4113 1995 4166 Aria-

433 4221 626 4262 norum
660 4207 1022 4277 primipilares
1049 4206 1292 4276 scripsit.
1322 4204 1616 4260 Historiam
1648 4202 1879 4258 Nicamte
1905 4218 1994 4275 sy-

433 4299 561 4354 nodi
595 4297 713 4354 fuse
750 4299 1014 4362 narravit,
1056 4306 1109 4352 et
1158 4298 1314 4368 quasi
1364 4313 1458 4366 per
1502 4296 1992 4350 dissimulationem

433 4387 741 4458 ignorandi,
771 4388 898 4457 quia
947 4395 1220 4457 gestorum
1253 4385 1428 4457 pudor
1459 4386 1735 4440 silentium
1764 4387 1994 4457 impera-

433 4478 548 4540 bat,
583 4493 651 4532 ne
680 4478 900 4532 verbum
933 4477 1149 4546 quidem
1193 4477 1320 4531 fecit
1353 4476 1419 4530 de
1450 4476 1580 4530 Ario
1615 4485 1668 4532 et
1700 4478 1764 4532 de
1792 4477 1994 4532 Ariana

434 4568 627 4625 haeresi
663 4587 675 4623 :
701 4568 844 4638 quod
878 4567 1103 4638 perinde
1129 4577 1211 4623 est
1241 4582 1304 4621 ac
1335 4567 1380 4622 si
1405 4568 1527 4636 quis
1547 4565 1874 4622 Tridentinze
1907 4584 1998 4640 sy-

435 4660 566 4716 nodi
600 4658 884 4714 historiam
928 4667 1137 4723 texens,
1171 4659 1238 4715 de
1266 4659 1589 4729 quibusdam
1623 4662 1684 4712 ὲκ
1718 4662 1996 4732 παρέργου

434 4752 601 4823 gestis
629 4757 828 4819 ageret,
861 4750 927 4805 de
955 4750 1195 4806 Luthero
1225 4751 1380 4806 nihil.
1429 4750 1485 4805 Si
1528 4767 1650 4806 cum
1684 4752 1882 4808 talibus
1905 4768 1999 4823 ge-
2031 4770 2040 4776 ·

437 4841 693 4897 stis-talia
722 4843 918 4912 scripta
944 4858 1051 4897 non
1082 4842 1266 4896 obsint
1297 4843 1588 4912 quominus
1614 4842 1881 4899 Eusebius
1906 4858 1997 4898 ca-

436 4935 674 4991 tholicus
715 4934 928 4990 dicatur
964 4951 1085 4990 meo
1131 4935 1393 5007 periculo,
1437 4951 1595 4990 nemo
1628 4952 1865 5007 unquam
1898 4935 1999 4990 fuit

436 5034 528 5080 aut
560 5025 778 5080 futurus
814 5037 918 5088 est,
961 5026 1090 5096 quin
1125 5025 1445 5081 Eusebianis
1475 5026 1878 5081 conditionibus
1908 5041 2000 5078 or-

435 5116 708 5174 thodoxus
737 5116 845 5172 dici
871 5117 1068 5171 valeat.
1098 5115 1240 5170 Nihil
1265 5132 1446 5171 moror
1465 5133 1558 5174 eos
1585 5119 1678 5188 qui
1703 5116 1997 5172 Eusebium

435 5216 560 5264 ante
586 5208 858 5264 Nicaenam
897 5208 1116 5279 quidem
1150 5209 1415 5280 synodum
1455 5208 1711 5264 Arianice
1758 5209 2002 5264 sensisse

435 5313 500 5352 ac
527 5300 814 5369 scripsisse
848 5299 1106 5366 fatentur,
1133 5311 1318 5370 postea
1344 5316 1470 5356 vero
1491 5317 1650 5357 secus
1681 5319 1693 5355 :
1727 5317 1850 5354 nam
1873 5315 1999 5354 cum

438 5391 556 5446 sine
582 5394 955 5447 controversia
987 5395 1085 5448 hos
1117 5392 1554 5449 Commentarios
1587 5402 1640 5449 et
1671 5394 1839 5448 libros
1861 5393 2000 5448 Con-

438 5491 522 5536 tra
553 5481 884 5549 Marcellum,
911 5486 1054 5540 unde
1079 5487 1395 5556 perspicuas
1425 5495 1478 5540 et
1504 5485 1814 5554 frequentes
1843 5487 2001 5539 Aria-

435 5575 596 5628 nismi
650 5584 807 5632 notas
842 5575 1124 5642 "eruimus,
1174 5579 1332 5647 longe
1379 5586 1502 5648 post
1541 5578 1684 5630 illam
1730 5578 1998 5648 synodum

435 5665 684 5731 ediderit,
735 5668 946 5723 inutilis
998 5685 1224 5736 prorsus
1263 5669 1353 5721 illa
1401 5669 1681 5724 distinctio
1729 5687 1741 5723 :
1781 5685 1904 5723 nam
1941 5679 2000 5724 ut

437 5767 560 5807 vere
587 5754 652 5809 de
675 5754 907 5816 Eusebio
928 5755 1162 5822 dicatur,
1198 5772 1298 5811 nec
1327 5759 1582 5828 paenituit
1616 5761 1868 5829 cmpisse,
1897 5776 1996 5817 nec

2094 551 2362 612 cautione,
2385 549 2465 602 Ex
2478 550 2735 618 fructibus
2758 567 2935 604 eorum
2953 553 3274 621 cognoscetis
3289 554 3412 606 eos?
3432 551 3650 619 (Matth.

2095 657 2189 704 vn,
2224 641 2334 712 16.)
2363 641 2522 697 Certe
2551 643 2850 697 secundum
2877 641 3147 696 Nicmnam
3172 644 3435 714 synodum
3467 643 3654 697 foven-

2093 732 2173 787 da:
2198 731 2464 786 Arianica:
2487 734 2562 787 rei
2592 733 2666 785 ita
2691 740 2839 787 totus
2865 733 3113 786 incubuit
3138 734 3246 795 ille,
3272 742 3329 787 ut
3357 733 3486 787 nihil
3515 749 3654 804 pre-

2093 826 2387 882 termisisse
2420 826 2670 882 videatur
2699 841 2808 896 quo
2840 841 2898 880 se
2925 826 3184 879 Arianum
3219 825 3491 896 proderet.

2685 941 2909 996 CAPUT
2950 940 3061 994 VII.

2093 1065 2158 1104 DE
2199 1065 2447 1114 RELIQUIS
2486 1067 2538 1106 IN
2577 1069 2764 1116 QUIBUS
2804 1070 2901 1106 νει
2955 1071 2982 1105 Α
3026 1067 3144 1106 FIDE
3188 1067 3463 1104 ABEBRARE
3503 1065 3654 1104 VIDE-

2163 1136 2268 1175 TUR
2306 1138 2558 1178 EUSEBIUS
2599 1140 2650 1176 ΙΝ
2688 1141 2772 1179 HIS
2809 1138 3225 1186 COIIEI‘TABIIS,
3268 1138 3368 1175 νει.
3409 1137 3655 1175 εινιιελ-

2163 1207 2324 1247 TIONE
2361 1209 2493 1250 OPUS
2532 1209 2701 1248 ΙῘᾹΒΕΤ
2713 1237 2724 1248 .

2092 1300 2142 1356 1.
2187 1301 2453 1373 Eusebius,
2485 1304 2786 1373 plerumque
2827 1321 2961 1368 sua,
3027 1320 3128 1357 non
3172 1301 3448 1363 Ecclesim,
3503 1321 3656 1357 sensa

2161 1373 2344 1444 tradit.
2389 1372 2475 1429 11,
2510 1375 2592 1444 An
2619 1372 2763 1444 neget
2796 1385 3065 1444 peccatum
3105 1375 3381 1444 originale,
3421 1383 3468 1426 et
3501 1390 3569 1426 an
3600 1377 3655 1428 id

2159 1442 2421 1514 dogmatis
2463 1460 2525 1498 ea:
2558 1442 3077 1514 Origenevltauserit.
3139 1442 3256 1496 III.
3289 1445 3369 1496 An
3417 1454 3558 1510 putet
3587 1444 3652 1497 Β.

2171 1513 2437 1582 Virginem
2488 1515 2623 1567 alios
2661 1513 2820 1582 quam
2849 1513 3118 1568 Christum
3163 1514 3302 1581 ﬁlios
3349 1515 3652 1579 suscepisse.

2161 1581 2275 1636 IV.
2299 1582 2430 1636 Eam
2491 1601 2594 1637 non
2637 1581 2790 1651 quasi
2845 1601 3031 1646 suam,
3092 1585 3178 1635 sed
3233 1585 3386 1651 quasi
3432 1585 3657 1636 alienam

2158 1654 2465 1706 sententiam
2519 1653 2718 1706 attulit.
2781 1654 2840 1707 γ.
2879 1653 3000 1707 Non
3030 1654 3214 1706 statuit
3248 1653 3381 1705 duas
3416 1655 3469 1705 in
3497 1654 3656 1707 Chri-

2160 1732 2240 1774 sto
2267 1740 2537 1803 personas.
2586 1723 2678 1777 VI.
2709 1723 2848 1789 Quid
2880 1723 2944 1777 de
2975 1724 3298 1791 confessione
3326 1735 3656 1791 peccatorum

2161 1803 2398 1846 senserit.

2087 1905 2121 1952 1.
2153 1904 2396 1954 Eusebius
2415 1905 2706 1967 plerumque
2730 1918 2834 1961 sua,
2878 1918 2979 1953 non
3029 1903 3282 1962 Ecclesiae,
3322 1917 3463 1952 sensa
3492 1902 3656 1953 tradit.

2154 2008 2289 2062 Cum
2325 2007 2446 2077 quis
2484 2023 2550 2063 eo
2585 2007 2803 2062 devenit
2841 2018 2899 2062 ut
2931 2007 3053 2063 fidei
3084 2008 3336 2077 dogmata
3374 2024 3436 2060 ex
3466 2007 3658 2076 judicii

2073 2098 2170 2151 sui
2233 2098 2458 2152 arbitrio
2499 2097 2722 2153 definiat
2749 2139 2763 2164 ,
2805 2115 2867 2152 ac
2905 2101 3019 2154 sive
3051 2116 3117 2155 ex
3153 2100 3501 2169 praejudicata
3542 2102 3660 2170 opi-

2080 2189 2267 2254 nione,
2296 2191 2408 2246 sive
2434 2207 2500 2246 ex
2528 2191 2720 2246 affectu
2752 2194 3096 2263 partiumque
3128 2194 3330 2260 studio,
3355 2192 3657 2247 divinarum

2087 2296 2269 2335 rerum
2307 2283 2721 2352 explicationem
2766 2285 3148 2355 aggrediatur,
3192 2285 3327 2339 nihil
3367 2287 3562 2338 mirum
3611 2287 3659 2340 si

2088 2373 2401 2443 frequenter
2448 2375 2662 2429 aberret
2705 2394 2716 2428 :
2758 2376 2937 2430 omnia
2993 2379 3190 2446 quippe
3247 2386 3372 2431 sunt
3429 2377 3656 2441 incerta,

2087 2480 2211 2519 cum
2269 2466 2433 2520 semel
2505 2467 2573 2521 ab
2627 2466 2882 2521 Ecclesia:
2942 2469 3159 2522 statutis
3201 2468 3502 2523 discessum
3552 2480 3654 2523 est.

2088 2555 2222 2613 Nam
2259 2573 2381 2613 cum
2416 2572 2615 2612 arcana
2648 2557 2874 2614 Deitatis
2908 2567 2961 2615 ct
2998 2560 3296 2632 religionis,
3329 2561 3394 2615 ab
3422 2561 3658 2616 humano

2089 2666 2253 2706 sensu
2300 2652 2687 2713 remotissima,
2727 2651 2936 2706 Numen
2977 2653 3152 2723 ipsum
3197 2653 3498 2718 tradiderit,
3531 2668 3660 2707 non-

2096 2743 2201 2796 nisi
2259 2742 2501 2812 ejusdem
2563 2741 2812 2798 Numinis
2847 2759 2949 2814 ope
2999 2751 3054 2797 et
3090 2743 3271 2798 aliiatu
3326 2759 3388 2799 ea
3431 2753 3661 2814 possunt

2089 2833 2349 2903 explicari
2393 2848 2456 2887 ac
2496 2843 2642 2888 recte
2683 2834 2886 2904 percipi
2927 2851 2937 2884 :
2976 2849 3040 2888 ac
3096 2850 3220 2888 cum
3281 2835 3374 2888 uni
3404 2835 3660 2890 Ecclesia

2087 2925 2400 2978 earumdem
2449 2939 2631 2979 rerum
2681 2925 2967 2980 arbitrium
3001 2925 3143 2982 Deus
3180 2928 3520 2996 permiserit,
3556 2929 3660 2997 ipsi

2089 3016 2190 3070 soli
2232 3016 2418 3070 eadem
2447 3017 2759 3086 explananti
2794 3032 2852 3072 se
2895 3016 3211 3071 adfuturum
3255 3019 3530 3088 pollicitus
3554 3029 3659 3074 est.

2095 3104 2239 3159 Nihil
2282 3106 2464 3176 itaque
2507 3107 2748 3164 insolens
2774 3116 2880 3171 est,
2909 3109 2954 3165 si
2989 3108 3279 3175 Eusebius,
3309 3112 3399 3178 qui
3427 3112 3663 3180 plerum-

2098 3212 2202 3268 que
2227 3195 2634 3267 Scripturarnm
2669 3209 2724 3255 et
2754 3199 3013 3254 Ecclesia:
3040 3201 3292 3271 dogmata
3319 3218 3382 3255 ex
3417 3219 3582 3257 sensu
3610 3211 3664 3257 et

2097 3291 2352 3361 opinione
2385 3306 2482 3347 sua
2523 3293 2796 3347 aestimare
2831 3307 2997 3348 ausus
3029 3301 3133 3359 est,
3165 3294 3219 3347 in
3256 3295 3441 3348 multis
3478 3295 3663 3364 lapsus

2098 3385 2186 3439 sit.
2233 3383 2296 3438 Et
2339 3383 2446 3452 jam
2482 3385 2700 3453 quidem
2739 3384 2859 3454 ejus
2883 3385 3144 3440 deVerbo
3175 3385 3267 3440 Dei
3307 3397 3565 3450 mentem,
3595 3403 3660 3441 ex

2096 3474 2340 3545 ejusdem
2389 3475 2610 3530 Eusebii
2661 3476 2916 3546 scriptis,
2977 3477 3178 3532 Ariana
3241 3479 3360 3532 labe
3416 3479 3662 3533 vitiatam

2097 3569 2684 3634 commonstravimus;
2721 3578 2971 3639 superest
3004 3578 3062 3624 ut
3092 3581 3289 3626 caztcra
3318 3571 3666 3626 Commenta-

2097 3663 2302 3717 riorum
2337 3663 2475 3725 loca,
2512 3662 2602 3716 ubi
2636 3662 2717 3715 vel
2748 3661 3074 3715 heterodoxa
3111 3662 3192 3716 vel
3217 3672 3470 3732 suspecta
3498 3662 3665 3717 tradi-

2097 3755 2244 3810 disse
2274 3755 2506 3822 videtur,
2537 3753 2776 3808 breviter
2816 3753 3207 3823 expendamus.

2101 3862 2158 3912 ll.
2204 3863 2279 3912 An
2306 3866 2461 3925 neget
2500 3867 2752 3926 peccatum
2785 3861 3041 3926 originale.
3097 3863 3171 3911 An
3215 3863 3263 3912 id
3309 3863 3553 3926 dogmatis
3601 3877 3660 3911 ex

2632 3921 2848 3984 Origene
2885 3925 3119 3972 hauserit.

2164 4027 2452 4083 Peccatum
2498 4029 2784 4099 originale,
2813 4029 2927 4084 sive
2949 4029 3164 4097 culpam
3206 4030 3273 4082 ab
3301 4029 3541 4083 humano
3575 4045 3661 4096 ge-

2096 4135 2224 4175 nere
2265 4135 2330 4175 ex
2364 4119 2555 4173 Adami
2594 4120 2746 4190 lapsu
2791 4129 3150 4181 contractam,
3201 4136 3399 4190 negare
3439 4137 3664 4190 prorsus

2093 4210 2309 4266 videtur
2358 4209 2630 4265 Eusebius
2697 4212 2764 4266 ad
2826 4211 3022 4280 psalm.
3070 4226 3262 4272 sum,
3325 4212 3403 4264 6:
3447 4211 3556 4265 Cur
3595 4213 3665 4263 ti-

2094 4300 2241 4354 mebo
2274 4301 2328 4353 in
2350 4299 2435 4354 die
2463 4299 2644 4355 mala?
2681 4298 2943 4369 Iniquitas
2977 4299 3210 4353 calcanei
3240 4302 3338 4354 mei
3365 4300 3666 4354 circumda-

2097 4391 2169 4444 bit
2214 4407 2293 4445 mc
2331 4409 2349 4447 :
2395 4391 2484 4445 ubi
2533 4391 2612 4447 sic
2647 4391 2808 4446 habet
2839 4408 2851 4444 :
2879 4392 2940 4443 Ei
2968 4390 3023 4442 δὲ
3055 4391 3340 4462 πρόσωπον
3371 4393 3576 4463 Κυρίου
3606 4393 3666 4445 τὸ

2027 4499 2073 4558 ε)
2095 4481 2273 4552 λέγον,
2308 4483 2543 4554 πτέρναν
2577 4483 2740 4536 αὑτοῦ
2776 4482 2942 4554 εὕρῃς
2967 4484 3058 4537 τὸν
3092 4483 3313 4552 ἔσχατον
3343 4484 3437 4537 τοῦ
3477 4484 3664 4553 σώμα-

2099 4592 2187 4638 τος
2249 4577 2341 4628 καὶ
2387 4577 2452 4645 τῇ
2497 4577 2566 4645 γῇ
2621 4575 2981 4646 πλησιάζοντα
3048 4576 3280 4630 Ἰούδανο
3350 4575 3506 4645 σῶμα
3560 4576 3667 4645 γὰρ

2099 4667 2303 4736 Κυρίου
2347 4667 2396 4718 oi.
2435 4666 2743 4719 ἀπόστολοι.
2791 4666 2866 4719 υὺ
2912 4665 3182 4735 φοϐοῦμαι
3233 4660 3325 4717 οὖν
3362 4665 3458 4734 τὴν
3500 4661 3668 4716 Ἰούδα

2101 4757 2386 4827 προδοσίαν
2435 4758 2491 4808 ἐν
2543 4755 2620 4826 τῷ
2675 4755 2846 4827 καιρῷ
2902 4753 2994 4808 τοῦ
3051 4753 3319 4824 σταυροῦ·
3358 4753 3478 4804 ἐπεὶ
3534 4751 3666 4820 μηδὲ

2099 4845 2324 4907 ἕκαστος
2355 4845 2452 4914 τὴν
2481 4843 2571 4897 τοῦ
2606 4843 2772 4914 Ἀδὰμ
2798 4844 3105 4913 παρακοήν
3141 4841 3345 4909 ταύτην
3394 4840 3503 4909 γὰρ
3564 4840 3666 4890 ὑπ-

2099 4934 2395 5008 ῃνιξάμεθα
2426 4934 2657 5005 πτέρναν
2687 4933 2910 5003 ἀνομίας
2946 4926 3104 4985 εἶναι.
3138 4930 3323 4993 Οὐδεὶς
3349 4932 3456 4999 γὰρ
3485 4931 3550 4984 δι’
3578 4931 3669 4982 ἆλ-

2101 5029 2190 5081 λου
2223 5028 2417 5080 κακίαν
2451 5027 2888 5089 καταδικάζεται,
2908 5026 2961 5079 id
2988 5033 3070 5079 est
3094 5041 3104 5073 :
3129 5024 3185 5077 Si
3211 5039 3432 5090 persona
3455 5022 3668 5077 Domini

2100 5131 2176 5173 est
2209 5137 2323 5190 qum
2365 5121 2614 5190 loquitur,
2675 5120 2983 5172 calcancum
3015 5118 3128 5186 ejus
3161 5116 3517 5184 deprehendas
3557 5131 3668 5170 esse

2100 5212 2319 5275 ludam,
2352 5213 2440 5282 qui
2470 5212 2686 5264 ultimus
2717 5211 2770 5263 in
2805 5225 3039 5278 corpore,
3069 5219 3117 5261 et
3153 5218 3303 5261 terra'
3331 5208 3670 5276 propinquior

2100 5314 2233 5360 erat.
2256 5303 2398 5358 Nam
2429 5319 2612 5372 corpus
2636 5302 2848 5357 Domini
2895 5309 3016 5354 sunt
3050 5300 3291 5368 apostoli.
3359 5297 3481 5351 Non
3517 5300 3668 5351 timeo

2102 5399 2276 5467 itaque
2293 5395 2450 5450 ludar
2481 5395 2825 5465 proditionem
2863 5395 2917 5446 in
2951 5403 3174 5460 tempore
3197 5392 3367 5445 crucis
3394 5390 3672 5460 :quandc—

2100 5488 2305 5558 quidem
2333 5503 2492 5557 neque
2524 5486 2717 5556 singuli
2739 5485 2972 5539 homines
2999 5483 3191 5537 Λάαιηὶ
3227 5481 3671 5550 inobsequentiam

2103 5581 2282 5632 timere
2328 5577 2512 5632 debent
2550 5597 2566 5634 :
2601 5578 2736 5630 hanc
2781 5578 2968 5647 quippe
3022 5576 3328 5628 calcaneum
3375 5573 3671 5643 iniquitatis

2100 5688 2210 5725 esse
2251 5668 2723 5723 subindicaeimus.
2795 5667 2960 5721 Nemo
3011 5669 3149 5720 enim
3194 5681 3402 5734 propter
3454 5665 3672 5717 alterius

2102 5763 2386 5833 nequitiam
2429 5761 2827 5816 condemnatur.
2865 5759 2965 5814 Ubi
3003 5759 3180 5814 innuit
3214 5757 3324 5822 ille,
3361 5771 3468 5812 non
3499 5753 3672 5826 magis
