4096 6412
398 406 467 464 40
1183 401 1686 461 COMMENTARIA
1722 399 1789 455 IN
1827 392 2164 453 PSALMOS.
2198 394 2829 457 —PRIELIMINARIA.
3564 399 3634 459 50

399 522 762 580 damnandum
789 537 958 594 genus
987 520 1288 574 humanum
1311 534 1435 575 esse
1472 517 1542 572 ob
1571 515 1764 570 Adami
1809 514 1965 569 inoh-
1992 512 2037 569 A
2064 524 2160 577 pro
2193 512 2311 566 istis
2342 513 2684 584 accipiamus,
2721 529 2923 568 necesse
2955 523 3032 568 est
3064 530 3158 568 nos
3185 523 3426 568 sanctam
3464 513 3639 586 Virgi-

401 608 761 686 sequenti‘am,
806 627 969 683 quam
1002 621 1230 667 caeteros
1268 608 1546 680 apostolos
1560 606 1814 661 thudue
1848 619 1973 675 pro-

399 707 679 763 ditionem.
724 702 829 770 Qui
871 702 1157 772 Origenem
1200 701 1269 755 de
1314 705 1540 769 peccato
1574 696 1827 768 originali
1864 710 1972 749 non

400 798 668 854 catholico
705 795 946 851 sensisse
974 799 1187 863 putant,
1217 790 1511 846 Eusebium
1553 804 1619 844 ex
1640 786 1972 857 Origeniana

400 888 706 959 disciplina,
741 887 796 941 in
838 902 947 956 qua
983 885 1215 940 eductus
1269 882 1394 947 fuit,
1429 882 1544 936 haec
1574 879 1826 935 hausisse
1854 877 1974 948 opi-

399 979 697 1035 nabuntur.
740 975 875 1029 Nam
924 975 1006 1039 is,
1049 980 1110 1028 ut
1150 974 1364 1044 ignorat
1411 967 1971 1039 nemo,i0rigenianis

398 1084 614 1140 semper
640 1068 887 1139 partibus
911 1065 1084 1122 haesit.
1102 1062 1303 1119 Verum
1333 1061 1390 1116 in
1419 1059 1697 1116 hodiernis
1723 1057 1972 1130 Origenis

400 1160 622 1230 scriptis
650 1158 785 1213 nihil
813 1172 924 1212 non
955 1171 1146 1213 sanum
1176 1163 1230 1210 et
1249 1153 1611 1209 orthodoxum
1648 1152 1715 1206 de
1746 1158 1969 1222 peccato

397 1247 650 1317 originali
699 1245 952 1301 traditur.
1019 1242 1110 1299 Sic
1167 1240 1456 1299 Comment.
1520 1242 1577 1296 in
1633 1239 1966 1306 Matthwum,

401 1338 564 1393 ﬂuet.
606 1354 657 1409 p.
689 1337 815 1403 591,
845 1338 1022 1409 arguit
1049 1336 1140 1392 ille
1168 1350 1232 1391 ex
1271 1336 1491 1389 lavacro
1522 1333 1967 1404 regenerationis,

406 1431 550 1505 quod
577 1433 739 1488 etiam
766 1431 1068 1487 infantibus
1104 1428 1508 1489 conferebatur,
1541 1426 1815 1482 hominem
1848 1441 1969 1481 sor-

403 1526 568 1582 dibus
617 1524 961 1595 inquinatum
1010 1522 1185 1577 nasci.
1260 1519 1326 1574 Et
1377 1521 1432 1574 in
1476 1518 1756 1584 Joannem,
1808 1517 1993 1573 ﬂuet...

404 1636 459 1689 p.
506 1618 634 1681 500,
696 1616 793 1680 ait,
835 1613 950 1669 Nos
1001 1611 1239 1684 quandiu
1294 1626 1568 1679 peccamus
1624 1617 1861 1664 nostram
1906 1622 1971 1661 ea:

395 1710 610 1766 diabolo
638 1708 1023 1779 generationem
1071 1703 1303 1759 nondum
1332 1704 1538 1758 exuisse
1558 1720 1627 1756 ac
1648 1702 1965 1771 deposuisse.

404 1802 567 1853 Ὅσον
620 1797 880 1868 ποιοῦμεν
912 1794 1217 1866 ἁμαρτίας,
1261 1791 1469 1845 οὐδέπω
1505 1792 1603 1862 τὴν
1635 1791 1700 1844 ἐκ
1729 1788 1824 1843 τοῦ
1855 1790 1969 1844 δια-

405 1890 561 1944 ϐόλου
612 1889 823 1958 γένεσιν
872 1883 1313 1954 ἀπεκδυσάμεθα.
1352 1881 1419 1936 In
1475 1881 1702 1937 Leuitico
1760 1889 1963 1945 autem,

405 1983 536 2039 edit.
566 1980 904 2036 Genebrard.
926 1995 980 2049 p.
1011 1979 1080 2033 90
1105 1997 1119 2032 :
1159 1976 1491 2046 Quaecunque
1521 1977 1700 2030 anima
1730 1976 1783 2029 in
1813 1992 1971 2030 carne

405 2074 667 2138 nascitur,
713 2071 1013 2141 iniquitatis
1053 2079 1105 2124 et
1141 2069 1344 2138 peccati
1364 2068 1531 2124 .sorde
1574 2069 1890 2138 polluitur;.
1916 2077 1970 2122 et

405 2163 676 2219 inferius:
703 2159 764 2215 Si
793 2160 927 2214 nihil
966 2160 1174 2214 essetin
1212 2159 1480 2228 parvulis,
1512 2158 1750 2230 quodad
1781 2159 1970 2213 remis-

400 2256 599 2310 sionem
630 2253 836 2307 deberet
873 2262 921 2307 et
953 2251 1332 2322 indulgentiam
1358 2252 1636 2320 pertinere,
1670 2250 1847 2322 gratia
1875 2249 1970 2305 ba-

398 2345 579 2413 ptismi
626 2343 895 2411 superflua
946 2341 1226 2394 videretur.
1282 2338 1392 2395 Nec
1424 2337 1967 2410 praetermittendum,

397 2437 515 2492 haec
547 2432 943 2492 Commentaria
984 2432 1040 2486 in
1072 2430 1361 2485 Leviticum
1405 2446 1506 2502 pro
1536 2430 1739 2501 spuriis
1763 2428 1969 2501 passim

399 2528 608 2583 haberi.
676 2525 916 2596 ldipsum
968 2530 1153 2579 tamen
1201 2523 1330 2577 alibi
1378 2522 1537 2578 docet
1602 2520 1881 2593 Origenes.
1913 2522 1971 2575 in

405 2618 544 2681 suis,
593 2632 714 2686 quae
762 2614 1033 2684 hodieque
1086 2619 1422 2683 supersunt,
1490 2612 1748 2684 operibus
1782 2631 1795 2666 :
1829 2611 1973 2666 unde

398 2704 666 2760 inferatur
702 2717 799 2759 eos
830 2702 927 2772 qui
975 2701 1265 2770 Origenem
1316 2701 1420 2755 hac
1467 2701 1524 2755 in
1563 2708 1717 2771 parte
1759 2700 1972 2755 violata:

400 2796 527 2851 ﬁdei
572 2801 867 2855 accusant,
901 2808 969 2848 ex
998 2792 1231 2863 objectis
1273 2792 1578 2862 priscorum
1622 2791 1742 2862 ejus
1776 2791 1974 2846 adver-

402 2886 696 2949 sariorum,
738 2898 850 2938 non
883 2897 951 2937 ex
986 2883 1107 2952 ejus
1134 2883 1414 2939 hodiernis
1452 2883 1730 2952 operibus,
1770 2883 1822 2938 id
1856 2883 1973 2952 opio

401 2973 586 3030 nionis
612 2982 888 3029 mutuatos
936 2987 1079 3030 esse.
1114 2971 1179 3027 Et
1202 2988 1335 3029 sane
1378 2973 1435 3027 in
1464 2973 1675 3045 synodo
1696 2989 1753 3039 v,
1784 2970 1974 3045 Orige-

401 3081 502 3122 nes
531 3066 652 3121 ideo
681 3065 970 3120 damnatus
1013 3072 1070 3120 et
1099 3063 1440 3135 proscriptus
1482 3070 1567 3120 est
1595 3084 1609 3120 :
1644 3064 1789 3120 unde
1833 3064 1974 3122 forte

400 3157 618 3213 dicatur
647 3171 771 3228 quae
807 3158 862 3210 in
895 3155 1173 3212 hodiernis
1219 3156 1344 3225 ejus
1368 3156 1588 3227 scriptis
1622 3172 1720 3227 pro
1747 3164 1973 3227 peccato
1996 3193 2045 3255 α

400 3249 656 3322 originali
699 3256 1035 3318 comparent,
1082 3249 1260 3303 aliena
1318 3262 1483 3305 manu
1531 3248 1748 3303 invecta
1778 3248 1967 3305 fuisse.

400 3337 540 3393 Nam
573 3352 740 3409 opera
762 3336 1016 3408 Origenis
1051 3336 1117 3391 in.
1137 3334 1475 3407 Scripturam
1496 3377 1512 3403 ,
1544 3338 1716 3393 variis
1751 3338 1803 3391 in
1834 3338 1981 3393 locis

402 3431 753 3502 interpolata,
784 3440 880 3488 aut
918 3430 1107 3487 vitiata
1136 3429 1222 3485 vel
1265 3438 1521 3484 truncata
1552 3423 1703 3487 fuere
1740 3446 1753 3482 :
1794 3446 1972 3501 neque

400 3524 461 3579 in
480 3532 730 3594 promptu
763 3531 849 3580 est
873 3524 1055 3580 dicere
1078 3539 1327 3595 quaenam
1365 3522 1419 3576 in
1450 3521 1670 3593 scriptis
1698 3522 1818 3592 ejus
1848 3538 1972 3577 cor-

401 3623 581 3685 rupta,
622 3631 870 3685 quaenam
919 3631 1208 3686 germana,
1250 3623 1306 3670 et
1329 3613 1700 3669 Graeculorum
1742 3616 1970 3671 ausibus

406 3708 612 3763 intacta
652 3707 1024 3764 sunt.,.Rulini
1058 3722 1275 3777 quoque
1301 3706 1479 3763 versio
1505 3707 1669 3777 vulgo
1716 3714 1971 3777 suspecta

406 3798 660 3854 habetur.
710 3798 869 3865 Quod
897 3796 1195 3855 Eusebium
1239 3812 1373 3853 vero
1417 3804 1650 3869 spectat,
1689 3795 1800 3852 duo
1832 3796 1972 3853 forte

401 3893 612 3960 possint
638 3890 706 3945 ad
732 3889 1108 3961 purgationem
1138 3889 1260 3960 ejus
1287 3887 1547 3959 proferri;
1577 3889 1754 3959 primo
1787 3888 1970 3943 locum

401 3975 661 4045 superius.
705 3976 960 4042 allatum,
1017 3991 1128 4031 non
1178 3977 1489 4046 integrum,
1525 3978 1620 4032 sed
1655 3984 1972 4032 truncatum

402 4066 574 4124 fuisse
608 4082 621 4119 :
656 4074 717 4122 ut
754 4068 885 4123 hinc‘
921 4054 1212 4124 manifeste
1255 4070 1526 4140 arguitur,
1573 4069 1719 4140 quod
1768 4069 1887 4138 ipse
1912 4084 1974 4125 sc

403 4159 657 4230 superius
704 4159 980 4215 indicasse
1015 4159 1362 4225 testificetur,
1402 4160 1720 4215 calcaneum
1768 4160 1972 4233 iniqui-

402 4254 532 4307 tatis
577 4266 700 4308 esse
738 4250 931 4306 Adami
958 4251 1466 4321 inobsequentiam,
1502 4253 1648 4323 quod
1698 4269 1969 4327 nusquam

404 4345 540 4399 alias
574 4343 630 4397 in
662 4344 749 4399 his
779 4343 1189 4399 commentariis
1221 4343 1451 4399 habetur
1473 4363 1488 4411 ;
1512 4344 1783 4407 ,secundo
1821 4345 1969 4415 quod

403 4438 532 4494 alibi
579 4438 636 4492 in
676 4437 760 4493 his
793 4436 1200 4491 commentariis
1246 4446 1532 4506 peccatum
1573 4437 1839 4508 originale
1867 4440 1966 4494 ad-

2075 619 2190 656 nem
2222 604 2539 676 reliquorum
2575 605 2807 674 fratrum
2836 606 2949 674 ejus
2975 614 3195 660 matrem
3218 605 3408 662 dicere.
3446 605 3636 661 Verum

2071 691 2303 749 Iacobus
2323 736 2336 760 ,
2365 697 2457 768 qui
2485 697 2681 751 dicitur
2712 697 2881 768 frater
2898 695 3137 759 Domini,
3180 712 3283 751 non
3315 695 3516 752 videtur
3545 713 3639 768 pe-

2070 787 2313 856 regrinus
2346 789 2445 857 ipsi
2472 789 2668 859 fuisse,
2720 806 2812 844 nec
2842 789 2967 859 fidei
3017 789 3073 843 in
3106 789 3280 857 ipsum
3317 797 3636 857 extraneas;

2072 882 2176 934 imo
2219 896 2339 935 vero
2370 897 2507 937 unus
2557 892 2673 935 erat
2716 897 2781 936 ea:
2825 882 2932 949 iis,
2987 881 3078 952 qui
3121 896 3241 934 cum
3279 881 3466 951 primis
3501 883 3638 938 inter

2069 989 2344 1042 germanos
2373 972 2485 1042 ejus
2516 972 2800 1035 discipulos
2830 972 3306 1043 computabantur;
3332 974 3412 1028 ita
3442 983 3499 1028 ut
3530 975 3639 1044 ipse

2069 1063 2271 1132 primus
2292 1060 2753 1133 Jerosolymitona:
2782 1062 3039 1118 Ecclesia:
3082 1062 3329 1119 thronum
3358 1066 3634 1134 acciperet.

2071 1150 2276 1222 Reliqui
2304 1153 2426 1207 item
2455 1153 2569 1222 ejus
2599 1153 2815 1223 fratres,
2845 1154 2945 1208 etsi
2973 1170 3006 1207 a
3035 1155 3292 1223 principio
3323 1171 3428 1210 non
3455 1155 3637 1211 crede-

2071 1252 2186 1297 rent
2222 1244 2276 1297 in
2312 1245 2520 1313 ipsum;
2550 1253 2606 1298 at
2639 1254 2837 1299 certum
2870 1256 2948 1301 est
2985 1261 3071 1301 eos
3111 1255 3292 1314 postea
3331 1247 3634 1303 credidisse.

2074 1333 2280 1390 Narrat
2309 1337 2447 1391 enim
2474 1334 2818 1407 Evangelium
2838 1337 3051 1409 (Matth.
3086 1352 3188 1401 xu,
3220 1338 3310 1408 47)
3338 1348 3560 1394 matrem
3588 1348 3638 1394 et

2069 1426 2264 1495 fratres
2299 1426 2413 1496 ejus
2442 1428 2590 1497 foras
2632 1430 2859 1493 stetisse,
2899 1440 3191 1499 quwrentes
3239 1447 3359 1484 eum
3413 1432 3634 1503 alloqui.

2071 1517 2140 1572 Et
2167 1519 2222 1573 in
2243 1519 2463 1575 Actibus
2489 1521 2851 1589 apostolorum
2890 1521 3090 1576 dicitur
3112 1562 3128 1588 ,
3163 1522 3329 1591 fuisse
3372 1524 3637 1592 apostolos

2070 1626 2178 1664 una
2203 1623 2589 1681 perseverantes
2622 1614 2676 1667 in
2705 1613 3091 1670 orationexcum
3115 1613 3293 1669 Maria
3323 1625 3492 1671 matre
3524 1617 3639 1687 ejus

2068 1710 2119 1754 et
2164 1702 2424 1771 fratribus
2468 1703 2584 1773 ejus
2620 1704 2764 1775 (Act.
2801 1703 2976 1777 1,14).
3015 1706 3127 1773 Qui.
3152 1723 3273 1778 ergo
3307 1708 3642 1762 existimetur

2070 1793 2136 1849 iis
2166 1795 2469 1866 peregrinus
2497 1798 2647 1852 esse?
2682 1794 2880 1851 Nullus
2912 1799 3266 1870 itaqueslacus
3300 1809 3554 1869 superest,
3579 1809 3639 1855 ut

2068 1880 2132 1936 de
2177 1883 2243 1937 iis
2288 1883 2500 1938 dicatur
2541 1899 2560 1938 :
2606 1904 2624 1936 ι
2656 1883 2958 1941 Extraneus
3004 1887 3178 1957 factus
3221 1905 3340 1943 sum
3377 1889 3641 1960 fratribus

2068 1975 2220 2039 meis,
2242 1983 2293 2029 et
2313 1978 2619 2046 peregrinus
2644 1977 2772 2047 ﬁliis
2812 1980 2999 2034 matris
3024 1996 3173 2036 metu.
3209 1999 3227 2032 ι
3264 1979 3390 2035 Non
3409 1982 3547 2037 enim
3571 1982 3636 2037 iis

2066 2068 2403 2138 peregrinus,
2435 2068 2525 2123 sed
2559 2069 2786 2124 multum
2814 2071 3074 2139 pretiosus
3110 2081 3254 2137 erat;
3303 2073 3381 2127 ita
3415 2082 3475 2127 ut
3509 2072 3634 2128 nul-

2071 2159 2278 2215 latenus
2312 2159 2520 2215 credere
2557 2162 2713 2216 liceat
2750 2178 2914 2232 supra
2944 2173 3262 2219 memoratos
3299 2164 3492 2234 fratres
3523 2166 3643 2237 ejus

2069 2253 2213 2323 filios
2234 2253 2426 2309 Maria:
2451 2254 2636 2324 fuisse.
2685 2255 2798 2309 Alii
2827 2272 2955 2311 sane
2993 2256 3189 2326 fuerint
3223 2258 3313 2329 qui
3349 2258 3407 2313 in
3433 2258 3638 2329 psalmo

2069 2346 2173 2416 ﬁlii
2204 2347 2393 2401 matris
2419 2348 2531 2416 ejus
2556 2347 2823 2414 dicuntur,
2845 2348 3147 2420 quibusque~
3159 2358 3442 2405 extraneas
3464 2350 3638 2420 factus

2068 2448 2168 2494 est.
2218 2438 2499 2510 Intelligas
2543 2456 2700 2510 porro
2736 2451 2957 2496 matrem
2990 2440 3200 2513 quidem
3226 2442 3340 2512 ejus
3386 2458 3498 2498 esse
3536 2440 3639 2497 Ju-

2069 2529 2309 2586 dteorum
2353 2530 2709 2603 Synagogam,
2744 2541 2851 2589 etc.
2909 2533 3097 2590 Graeca
3139 2534 3426 2592 brevitatis
3471 2550 3639 2591 causa

2071 2620 2398 2685 omittimus,
2430 2622 2558 2691 quia
2580 2623 2732 2676 nulla
2758 2623 2826 2679 de
2854 2624 3135 2694 iispotest
3164 2625 3302 2680 oriri
3330 2633 3640 2682 controver-

2072 2710 2174 2766 sia.
2206 2709 2304 2765 Hic
2334 2717 2537 2773 autem,
2574 2719 2635 2766 ut
2673 2712 2857 2768 videre
2883 2722 2990 2779 est,
3024 2730 3140 2770 rem
3178 2714 3638 2786 προῶηματικῶς

2073 2808 2286 2857 tantum
2320 2804 2608 2873 preponit,
2649 2818 2752 2858 nec
2780 2818 2900 2858 eam
2942 2806 3091 2860 velut
3120 2820 3273 2861 suam
3305 2808 3638 2862 sententiam

2073 2892 2249 2949 affert.
2292 2891 2428 2948 Nam
2468 2896 2543 2948 ita
2582 2894 2771 2964 arguit.
2810 2894 2901 2951 ille
2941 2912 2956 2950 :
3004 2895 3063 2951 Si
3094 2896 3236 2953 filios
3286 2898 3480 2955 matris
3516 2899 3637 2968 ejus

2074 2985 2168 3040 hic
2192 2983 2261 3039 ad
2288 2984 2529 3040 litteram
2562 2987 2918 3056 accipiamus,
2960 2987 3089 3043 hinc
3120 2990 3478 3060 consequitur
3510 3004 3638 3045 san-

2074 3060 2220 3129 ctam
2251 3072 2530 3144 Virginem
2561 3073 2900 3144 reliquorum
2934 3074 3166 3131 fratrum
3198 3077 3320 3148 ejus
3362 3093 3487 3135 esse
3522 3095 3638 3134 ma-

2069 3169 2245 3227 trem;
2280 3177 2404 3216 eum
2445 3169 2627 3216 autem
2668 3162 2807 3219 nolit
2836 3162 2928 3219 hic
2957 3179 3249 3235 germanos
3290 3164 3490 3223 fratres
3515 3169 3636 3235 eius

2073 3251 2408 3323 significari,
2454 3266 2633 3323 neque
2682 3252 2959 3323 sequelam
2989 3253 3137 3309 haud
3173 3255 3338 3312 dubie
3382 3257 3637 3312 admittit.

2070 3340 2147 3396 Et
2162 3357 2297 3397 sane
2321 3342 2738 3399 nonnesciebat
2763 3344 2852 3399 ille
2872 3353 3112 3401 veterum
3139 3345 3396 3404 Ecclesiae
3417 3345 3636 3404 Patrum

2069 3449 2199 3493 eam.
2237 3435 2564 3490 sententiam
2598 3434 2791 3501 fuisse,
2816 3434 3045 3492 Mariam
3085 3438 3248 3495 unius
3272 3439 3479 3497 Christi
3514 3456 3639 3498 esse

2069 3532 2333 3592 matrem,
2366 3524 2719 3593 Tertulliani,
2758 3526 3056 3584 Clementis
3088 3529 3473 3598 Alexandrini,
3511 3530 3637 3587 Ori-

2068 3619 2222 3690 genis
2247 3636 2260 3672 :
2286 3620 2380 3690 qui
2409 3627 2591 3676 tamen
2621 3627 2929 3691 postremus
2958 3622 3138 3677 innuit
3168 3624 3462 3682 nonnullos
3480 3640 3638 3682 secus

2069 3711 2365 3777 aestimare,
2419 3719 2475 3768 et
2503 3711 2742 3768 Eusebio
2788 3728 2993 3785 suppar
3031 3713 3266 3773 Basilius
3310 3731 3428 3772 rem
3478 3716 3638 3788 quasi

2069 3800 2316 3857 nondum
2353 3801 2632 3858 definitam
2670 3807 2947 3876 proponit.
2982 3804 3184 3862 Verum
3208 3806 3452 3867 Ecclesia
3483 3808 3636 3865 dein-

2070 3905 2199 3961 ceps
2251 3890 2306 3945 in
2348 3890 2657 3949 Helvidium
2698 3896 3026 3951 sententiam
3071 3896 3313 3963 ferente,
3373 3908 3640 3971 quotquOt

2071 3980 2132 4037 Β.
2163 3981 2436 4052 Virginem
2471 3982 2609 4038 alios
2640 3992 2835 4053 praeter
2855 3985 3133 4043 Christum
3162 3988 3301 4047 filios
3328 3992 3640 4063 suscepisse

2071 4074 2349 4139 dixerunt,
2380 4088 2482 4144 pro
2512 4074 2862 4132 heterodoxis
2882 4077 3058 4133 habiti
3088 4086 3240 4135 sunt.

2312 4210 2373 4260 νε
2396 4210 2697 4262 Non-statuit
2717 4210 2837 4262 duas
2856 4214 2907 4263 in
2928 4213 3122 4265 Christo
3145 4226 3395 4278 personas.

2140 4337 2353 4393 Passim
2382 4337 2653 4395 Eusebius
2688 4339 2744 4395 in
2774 4340 2860 4397 his
2901 4343 3308 4398 commentariis
3333 4342 3403 4398 de
3441 4342 3639 4398 huma-

2072 4429 2242 4486 nitate
2266 4429 2504 4497 Christi,
2540 4433 2702 4502 quasi
2739 4432 2807 4489 de
2844 4448 3079 4504 persona
3126 4434 3361 4506 quadam
3395 4438 3636 4507 prepria,

401 4532 621 4584 mittere
656 4527 944 4583 videatur:
984 4526 1065 4582 sic
1098 4526 1155 4581 in
1185 4528 1300 4582 haec
1322 4529 1490 4584 verba
1519 4529 1716 4599 psalmi
1744 4545 1801 4595 ι,
1836 4528 1967 4585 Ecce
1997 4527 2046 4584 υ
2072 4520 2237 4575 verba
2278 4521 2458 4577 facere
2501 4522 2738 4589 videtur.
2793 4523 2921 4579 dum
2968 4526 3274 4581 sexcenties
3320 4524 3635 4592 humanam.

401 4622 540 4674 enim
569 4621 623 4674 in
651 4619 1019 4688 iniquitatibus
1041 4629 1316 4691 conceptus
1332 4637 1469 4685 sum,
1498 4623 1573 4676 ait
1600 4622 1834 4678 infantes
1860 4637 1969 4677 non

401 4716 458 4770 in
485 4715 675 4771 matris
702 4714 1106 4786 iniquitatibus,
1137 4712 1237 4769 sed
1265 4715 1320 4767 in
1349 4715 1488 4779 suis,
1509 4715 1685 4769 nasci.

402 4847 486 4899 ill.
516 4849 589 4899 An
612 4852 755 4911 putet
799 4850 878 4911 Bs
901 4848 1156 4911 Virginem
1196 4845 1319 4911 alios
1342 4854 1523 4910 praeter
1558 4846 1801 4911 Christum
1845 4850 1971 4900 filios

462 4909 707 4959 habuisse.
736 4935 795 4943 —
816 4909 897 4961 ιν.
946 4909 1011 4960 1d
1026 4923 1127 4959 non
1148 4909 1460 4972 quasisuam,
1485 4910 1573 4959 sed
1601 4913 1736 4971 quasi
1759 4911 1970 4962 alienam

461 4972 755 5022 sententiam
772 4973 953 5022 attulit.

473 5076 570 5132 Est
601 5077 738 5131 alius
768 5074 987 5132 Eusebii
1019 5076 1197 5141 locus,
1233 5074 1289 5128 in
1319 5088 1431 5144 quo
1465 5075 1642 5145 prima
1681 5073 1862 5130 fronte
1886 5076 1970 5129 vi-

403 5170 596 5225 deatur
624 5167 867 5231 credere,
900 5177 993 5221 aut
1018 5166 1300 5237 probabile
1331 5166 1645 5222 existimare
1674 5164 1733 5221 Β.
1766 5163 1829 5218 ν.
1853 5165 1968 5221 Ma-

404 5262 541 5315 riam
581 5259 717 5314 alios
751 5268 946 5329 praeter
970 5260 1250 5316 Christum
1295 5259 1435 5314 filios
1478 5257 1832 5327 suscepisse;
1878 5272 1969 5312 ve-

405 5366 528 5406 rum
572 5348 885 5404 accuratius
927 5349 1209 5418 explorata
1253 5346 1548 5402 verborum
1590 5343 1734 5399 serie
1773 5343 1968 5413 depre-

406 5444 665 5498 henditur
690 5442 839 5497 illum
867 5440 1008 5494 hanc
1037 5439 1363 5495 sententiam
1383 5436 1540 5508 quasi
1568 5436 1824 5500 alienam,
1857 5450 1967 5489 non

405 5548 532 5591 vero
571 5548 756 5599 suam,
799 5546 1123 5603 proponere.
1168 5529 1346 5586 Locus
1390 5531 1470 5586 sic
1501 5529 1665 5584 habet
1705 5526 1774 5582 ad
1824 5528 1968 5581 hunc

403 5626 541 5698 psal.
598 5639 765 5679 mnu
803 5639 1023 5680 versum
1058 5641 1071 5677 :
1110 5642 1127 5674 ε
1153 5621 1454 5676 Extraneus
1493 5620 1668 5691 factus
1704 5637 1821 5675 sum
1851 5620 1966 5690 fra-

404 5719 574 5774 tribus
611 5721 774 5786 meis,
817 5726 865 5771 et
895 5715 1195 5786 peregrinus
1242 5715 1373 5785 ﬁliis
1423 5715 1611 5768 matris
1658 5731 1804 5769 mew.
1838 5733 1873 5765 ι-
1907 5710 1969 5768 Si

403 5815 564 5889 igitur
594 5813 734 5882 ﬁlios
774 5810 959 5865 matris
1005 5809 1119 5880 ejus
1159 5806 1213 5863 in
1250 5807 1345 5863 hoc
1382 5807 1587 5878 psalmo
1629 5809 1705 5864 sic
1736 5816 1962 5873 rocates,

2075 4626 2236 4681 quam
2269 4611 2521 4668 Christus
2562 4614 2861 4685 assumpsit
2904 4623 3188 4681 naturam,
3231 4617 3490 4673 hominem
3512 4616 3639 4674 Ser-

2074 4703 2302 4767 valoris,
2345 4710 2399 4757 et
2440 4704 2702 4760 hominem
2741 4705 2940 4762 Christi
2992 4718 3309 4777 nuncupat,
3364 4718 3420 4765 et
3470 4709 3638 4765 alium

2075 4806 2107 4845 a
2136 4790 2315 4847 Verbo
2343 4792 2551 4850 Christi
2594 4795 2871 4853 hominem
2916 4796 3161 4853 indicare
3189 4797 3406 4853 videtur
3442 4817 3456 4854 :
3491 4801 3638 4871 quod

2076 4883 2333 4955 loquendi
2379 4900 2553 4955 genus
2581 4886 2885 4942 secundum
2922 4887 3039 4942 haec
3076 4889 3263 4945 multis
3323 4890 3639 4949 nominibus

2076 4987 2387 5046 suspectum
2411 4992 2532 5033 esse
2572 4979 2758 5049 erepit,
2797 4994 2921 5035 cum
2953 4980 3194 5037 haeretici
3222 4983 3468 5053 quidam,
3502 4982 3640 5040 Ver-

2075 5068 2206 5124 bum
2256 5068 2348 5124 Dei
2391 5068 2445 5123 in
2494 5069 2769 5126 hominem
2805 5086 2868 5125 ex
2910 5070 3081 5125 Maria
3130 5081 3322 5127 natum
3348 5113 3365 5139 ,
3418 5075 3641 5143 perinde

2076 5171 2238 5230 atque
2287 5161 2416 5215 olim
2469 5162 2526 5215 in
2568 5163 2901 5233 prophetas,
2955 5164 3244 5221 advenisse
3287 5176 3635 5237 pugnarent:

2074 5254 2309 5308 maxime
2336 5268 2464 5307 vero
2490 5265 2698 5324 postea,
2727 5270 2853 5311 cum
2886 5255 3082 5312 horum
3101 5254 3347 5328 vestigiis
3379 5258 3641 5316 insistens

2072 5342 2395 5409 Nestorius,
2422 5345 2574 5405 -duas
2599 5346 2664 5400 .in
2688 5345 2909 5402 Christo
2938 5362 3377 5418 personas-esse
3410 5351 3645 5406 afﬁrma-

2075 5444 2177 5490 ret.
2206 5434 2404 5491 Verum
2435 5444 2726 5508 antequam
2759 5439 2861 5495 bac
2902 5438 2958 5493 in
2993 5454 3053 5495 re
3084 5452 3344 5498 novarent
3372 5442 3638 5507 haeretici,

2076 5526 2175 5583 SS.
2205 5525 2408 5584 Patres
2422 5530 2495 5584 ab
2519 5530 2603 5585 his
2630 5529 2883 5600 loquendi
2920 5532 3211 5603 generibus
3239 5549 3347 5589 non
3376 5535 3643 5592 abhorre-

2074 5620 2225 5676 bant.
2267 5621 2401 5675 Nam
2430 5622 2765 5679 Athanasius
2793 5624 2972 5679 virum
3007 5640 3074 5680 ex
3095 5623 3265 5679 Maria
3303 5634 3515 5692 natum,
3547 5626 3642 5682 lto-

2075 5718 2265 5771 minem
2293 5715 2661 5783 Dominicum,
2701 5732 2811 5772 non
2852 5716 3021 5774 semel
3055 5716 3367 5787 appellavit.
3404 5716 3643 5789 Epipha-

2075 5808 2205 5864 nius
2234 5807 2487 5862 similiter
2519 5807 2622 5864 bae
2648 5808 2905 5881 loquendi
2933 5808 3166 5866 formula
3192 5819 3279 5865 est
3303 5825 3455 5866 usus.
3499 5808 3639 5877 Quia
