4096 6396
428 355 495 411 δι
1103 358 1373 418 EUSEBll
1411 358 1885 419 CAESARIENSIS
1918 363 2067 422 OPP.
2106 365 2289 421 PARS
2322 363 2407 419 ΙΙΙ.
2446 394 2518 404 -
2556 335 2984 420 ΕΧΕῦΕΤΙΟΑί
3604 360 3672 414 5‘2

431 486 566 532 tunc
600 475 861 545 temporis
899 491 1023 532 cum
1056 477 1191 531 nihil
1216 494 1278 534 ea
1320 479 1375 533 in
1418 495 1477 535 re
1508 479 1657 537 dubii
1687 482 1771 536 vel
1795 482 2002 538 erroris

2117 485 2217 539 ἴδια
2294 482 2502 538 ἑαυτῶν
2555 482 2789 547 ἕκαστος
2837 480 2908 535 τὰ
2969 481 3191 552 ῥήματα
3240 480 3338 550 τῆς
3393 476 3675 551 μετανοίας

431 575 580 625 esset
614 568 893 632 obortum,
936 569 1053 625 hzec
1090 570 1216 626 ﬁdei
1266 573 1444 641 capita
1488 587 1597 626 non
1635 582 1794 628 erant
1839 573 2004 629 certis

427 661 721 716 verborum
763 661 1034 717 limitibus
1075 664 1515 735 circumscripta.
1565 663 1746 731 Quare
1789 680 1897 719 non
1924 667 2007 720 vi-

426 754 589 808 detur
618 750 895 809 Eusebius
915 770 978 809 ea
1012 753 1080 809 de
1114 770 1281 809 causa
1315 757 1369 810 in
1402 764 1613 810 novata:
1655 756 1778 811 lidei
1812 758 2000 828 suspi-

425 846 640 902 cionem
672 846 856 900 vocari
884 862 1061 915 posse.
1092 846 1264 903 Secus
1291 855 1475 903 tamen
1506 848 1644 905 bene
1671 850 1825 903 multi
1854 849 2007 904 testi-

428 945 613 1004 tnant,
649 952 711 992 ac
738 938 1035 993 Eusebium
1069 940 1208 994 duas
1248 942 1304 993 in
1337 939 1562 995 Christo
1591 957 1854 1011 personas
1895 950 2008 997 sta—

429 1027 603 1083 tuisse
654 1042 977 1099 persuasum
1028 1028 1251 1083 habent.
1299 1027 1509 1086 Verum
1561 1047 1694 1086 cum
1742 1048 1806 1087 ea
1838 1031 1907 1087 de
1952 1047 2009 1086 re

427 1116 648 1175 Eusebii
694 1128 941 1189 tempore
988 1121 1257 1175 nihildum
1291 1131 1706 1179 controversum
1737 1133 1832 1178 aut
1862 1138 2009 1193 qua:-

428 1210 594 1264 situm
629 1209 843 1276 fuisset,
876 1226 984 1266 non
1016 1212 1070 1266 in
1097 1221 1349 1283 promptu
1378 1221 1463 1269 est
1489 1214 1670 1270 dicere
1703 1214 2011 1270 novandine

328 1347 332 1355 ,
429 1300 614 1357 studio
653 1317 718 1357 ac
749 1302 818 1358 de
852 1303 1160 1382 industria,
1204 1319 1275 1359 an
1324 1305 1697 1375 perfunctorie
1734 1316 1788 1361 et
1823 1306 2000 1361 obiter

332 1420 339 1425 -
431 1398 647 1451 locutus
680 1395 772 1451 sit.
808 1394 910 1450 Cui
942 1396 1229 1467 posteriori
1268 1398 1556 1453 sententiae
1588 1398 1847 1453 libentius
1877 1398 2009 1454 asti-

432 1482 672 1552 pularer,
718 1483 848 1554 quia
899 1499 1009 1538 non
1068 1486 1232 1539 semel
1289 1485 1381 1539 ille
1430 1485 1489 1540 Β.
1516 1485 1794 1558 Virginem
1844 1498 2012 1541 vocat

429 1570 692 1625 Θεοτόκον
736 1589 749 1623 :
799 1588 962 1643 quam
1010 1588 1191 1627 vocem
1237 1574 1602 1644 respuebant,
1652 1576 1743 1645 qui
1782 1575 1922 1632 duas
1956 1577 2013 1632 in

430 1665 656 1721 Christo
698 1681 964 1736 personas
1011 1682 1133 1722 esse
1178 1666 1609 1723 arbitrabantur.
1661 1666 1777 1723 Vox
1828 1675 2011 1724 autem

433 1758 525 1812 illa
576 1757 793 1812 Eusebii
860 1765 1104 1829 tempore
1155 1772 1186 1810 a
1229 1756 1486 1813 Patribus
1538 1758 2011 1830 frequentabatur.

436 1849 691 1905 Occurrit
715 1849 859 1904 enim
894 1849 946 1902 in
980 1849 1207 1919 epistola
1235 1850 1533 1905 Alexandri
1558 1850 1911 1906 Alexandrini
1944 1851 2014 1906 ad
2045 1831 2089 1886 Β

432 1942 805 1997 Alexandrum
834 1940 1210 2014 Byzantinum,
1241 1952 1297 1998 et
1337 1943 1481 2015 apud
1503 1943 1862 1999 Athanasium
1905 1942 2013 2000 fre-

429 2032 810 2105 quentissime.

582 2149 669 2200 Vl.
695 2149 829 2209 Quid
842 2149 910 2199 de
943 2148 1256 2200 confessione
1285 2153 1599 2213 peccatorum
1622 2151 1855 2199 senserit.

505 2254 691 2326 Neque
716 2262 848 2325 puto
873 2255 1000 2311 item
1043 2255 1097 2309 in
1115 2255 1209 2325 jus
1237 2255 1545 2311 vocandum
1574 2254 1869 2310 Eusebium
1891 2267 2016 2309 esse

431 2347 580 2417 quod
613 2346 680 2402 ad
714 2346 981 2416 psalmum
1012 2362 1122 2410 xei,
1152 2346 1363 2402 Bonum
1391 2357 1469 2401 est
1502 2346 1743 2417 conﬁteri
1764 2344 2011 2407 Domino,

430 2438 628 2494 dixerit
653 2438 796 2492 :Ka‘.
827 2437 935 2508 γὰρ
961 2440 1228 2509 προσήκει
1261 2440 1336 2510 μὴ
1369 2437 1680 2510 ἀνθρώποις
1713 2436 2016 2490 ἐπιδείκνυ-

432 2531 559 2585 σθαι
603 2530 702 2601 τὴν
732 2529 1147 2601 ἐξομολόγησιν,
1193 2532 1248 2585 id
1275 2538 1361 2586 est
1391 2548 1403 2582 :
1438 2530 1547 2583 Par
1577 2530 1766 2600 quippe
1810 2536 2016 2582 estnon

429 2621 733 2676 hominibus
766 2621 1170 2690 confessionem,
1197 2632 1546 2692 peccatorum
1573 2622 1810 2685 scilicet,
1838 2619 2012 2674 edere.

432 2714 535 2770 llic
587 2717 732 2769 enim
760 2715 871 2785 agit
903 2715 971 2770 de
1005 2716 1198 2786 prisca:
1242 2716 1393 2772 illius
1435 2715 1695 2771 Ecclesia:
1734 2716 1867 2779 ritu,
1905 2728 2016 2781 quo

428 2804 720 2860 Dominica
775 2804 863 2860 die
899 2806 1076 2876 primo
1130 2804 1376 2860 diluculo
1435 2806 1490 2859 in
1543 2804 1780 2860 ecclesia
1837 2803 2013 2858 coacti

427 2896 729 2952 Christiani
756 2896 965 2967 populi,
996 2894 1104 2952 Deo
1136 2895 1566 2961 confitebantur,
1597 2911 1723 2950 cum
1761 2903 2017 2965 peccato-

427 3005 554 3045 rum
598 2989 790 3044 sordes
819 3004 917 3059 per
950 2987 1220 3042 sinceram
1258 2988 1326 3042 ad
1358 2987 1528 3041 Deum
1575 2989 1838 3043 emissam
1876 3001 2014 3041 con-

430 3080 734 3137 fessionem
783 3079 1154 3149 deplorantes,
1191 3087 1305 3132 tum
1337 3094 1440 3148 pro
1470 3078 1684 3133 collatis
1732 3078 2013 3133 beneficiis

2108 576 2463 648 ποιούμενοι,
2499 576 2604 631 hoc
2649 583 2734 632 est
2769 572 2908 630 :Die
2955 574 3074 642 jam
3127 572 3454 626 illucescente
3498 585 3673 624 omnes

2107 669 2299 734 simul,
2353 669 2507 740 quasi
2562 685 2666 722 uno
2711 684 2799 721 ore
2844 675 2894 720 et
2940 682 3045 720 uno
3089 664 3278 730 corde,
3325 662 3673 733 confessionis

2106 764 2375 833 psalmum
2406 761 2632 817 Domino
2663 760 2915 829 referunt,
2945 759 3142 829 singuli
3176 757 3491 827 paenitentia:
3521 754 3676 811 verba

2110 856 2266 926 quasi
2314 871 2412 909 sua
2458 853 2802 923 proferentes.
2844 851 2969 905 Haec
3011 867 3119 905 una
3153 850 3431 906 confessio
3463 856 3570 912 est,
3608 847 3676 904 de

2109 962 2220 1018 qua
2253 947 2340 1001 hic
2368 946 2637 1001 Eusebius
2677 945 2807 1015 agit.
2851 942 2987 997 Nam
3025 941 3430 997 confessionem
3481 940 3676 997 saltem

2112 1039 2383 1110 publicam
2418 1037 2628 1091 homini
2658 1035 2958 1090 faciendam
2997 1049 3065 1089 ne
3097 1032 3411 1088 beterodoxi
3457 1031 3676 1102 quidem

2113 1130 2364 1186 hodierni
2399 1138 2530 1184 tunc
2573 1130 2629 1183 in
2667 1143 2818 1183 more
2866 1127 3033 1182 fuisse
3081 1131 3298 1195 negant.
3339 1122 3520 1189 Quare
3552 1137 3678 1178 cum

2113 1223 2205 1278 hic
2263 1220 2484 1277 Eusebii
2538 1221 2693 1276 locus
2739 1234 2848 1275 non
2901 1218 3073 1287 magis
3132 1223 3323 1271 contra
3374 1214 3678 1285 privatam,

2113 1330 2278 1385 quam
2314 1321 2506 1368 contra
2537 1312 2810 1381 publicam
2834 1310 3235 1365 confessionem
3266 1307 3449 1362 aﬂerri
3481 1306 3679 1371 valeat,

2113 1420 2363 1466 neutram
2404 1422 2531 1463 vere
2571 1407 2801 1477 impetit.
2842 1404 3003 1459 Certe
3046 1404 3102 1457 in
3144 1400 3386 1456 Historia
3429 1398 3682 1457 ecclesia-

2115 1501 2255 1555 stica
2289 1499 2461 1571 legem
2494 1495 2785 1553 confitendi
2818 1504 3040 1567 peccata
3073 1495 3161 1558 iis,
3190 1494 3389 1562 quibus
3434 1489 3681 1547 solvendi

2117 1593 2351 1648 facultas
2405 1589 2770 1653 conceditur,
2824 1596 3011 1658 aperte
3063 1594 3331 1643 memorat
3382 1584 3677 1639 Eusebius:

2116 1700 2242 1740 nam
2304 1685 2374 1739 de
2420 1683 2669 1752 Philippo
2732 1682 3061 1750 imperatore
3109 1694 3277 1749 agens
3335 1677 3448 1731 hate
3496 1676 3682 1741 habet,

2119 1779 2158 1832 Ι.
2177 1792 2262 1838 ut.
2293 1792 2342 1832 c.
2373 1776 2442 1830 54
2467 1774 2694 1829 ιτοῦτον
2722 1772 2942 1841 κατέχει
2971 1771 3148 1839 λόγος,
3177 1768 3499 1841 Χριστιανὸν
3533 1766 3684 1829 ὅντα,

2114 1870 2174 1921 ὲν
2212 1868 2395 1939 ἡμέρᾳ
2432 1867 2530 1935 τῆς
2574 1865 2807 1933 ὑστάτης
2846 1862 2941 1915 τοῦ
2980 1862 3169 1930 Πάσχα
3216 1858 3555 1927 παννυχίδος,
3578 1856 3687 1909 τῶν

2112 1959 2206 2013 ἐπὶ
2236 1959 2332 2030 τῆς
2369 1955 2691 2027 Ἐκκλησίας
2715 1954 2889 2024 εὐχῶν
2920 1952 3000 2023 τῷ
3028 1951 3219 2022 πλήθει
3251 1951 3539 2021 μετασχεῖν
3571 1947 3691 2001 εθι-

2112 2052 2307 2124 λῆσαι·
2341 2053 2402 2104 οὐ
2427 2050 2692 2122 πρότερον
2720 2048 2776 2101 δὲ
2809 2046 2915 2100 ὑπὸ
2938 2044 3032 2098 τοῦ
3062 2044 3317 2115 τηνικάδε
3350 2040 3689 2112 προεστῶτος

2112 2141 2481 2214 ἐπιτραπῆναι
2513 2137 2804 2199 εἰσϐαλεῖν,
2838 2136 2872 2207 ἦ
2906 2132 3417 2205 ἐξομολογήσασθαι,
3451 2131 3545 2185 καὶ
3572 2132 3688 2188 τοῖς

2113 2239 2173 2291 ὲν
2203 2231 2642 2304 παραπτώμασιν
2689 2225 3127 2296 ἐξεταζομένοις,
3165 2222 3448 2294 μετανοίας
3486 2237 3549 2274 τε
3585 2217 3693 2293 χώ-

2117 2342 2217 2397 ραν
2252 2324 2514 2393 ἴσχουσιν,
2559 2316 2749 2372 ἑαυτὸν
2795 2314 3088 2379 καταλέξαι
3112 2330 3124 2343 ·
3166 2312 3338 2375 ἄλλως
3362 2312 3472 2383 γὰρ
3508 2312 3582 2382 μὴ
3625 2311 3694 2367 ἄν

2115 2433 2250 2470 ποτε
2298 2414 2434 2486 πρὸς
2479 2411 2681 2468 αὐτοῦ.
2731 2408 2806 2480 μὴ
2852 2408 2973 2478 οὐχ).
3021 2406 3177 2459 τοῦτο
3222 2407 3552 2476 ποιήσαντα,
3602 2404 3692 2458 διὰ

2115 2510 2317 2575 πολλὰς
2338 2509 2445 2563 τῶν
2465 2509 2584 2562 κατ’
2616 2506 2777 2560 αὑτὸν
2798 2503 2993 2566 αἰτίας,
3030 2499 3453 2573 παραδεχθῖμαι,
3489 2499 3543 2553 id
3569 2506 3688 2554 est:

2119 2605 2399 2659 Narratur
2441 2603 2612 2664 hunc,
2653 2598 2992 2654 Christianus
3024 2612 3143 2648 cum
3182 2602 3346 2654 esset,
3392 2594 3449 2646 in
3479 2591 3565 2646 die
3593 2607 3690 2659 po-

2116 2698 2301 2754 stremi
2334 2695 2555 2750 Pascha:
2592 2690 2875 2763 percigilii,
2902 2688 3264 2760 precationum
3293 2684 3546 2740 Ecclesia:
3572 2700 3691 2737 cum

2116 2791 2323 2861 reliqua
2368 2785 2709 2841 multitudine
2756 2782 3070 2852 participem
3112 2779 3229 2848 ﬁeri
3275 2777 3501 2832 uoluisse
3542 2792 3560 2828 :
3601 2772 3691 2828 sed

2118 2901 2221 2939 non
2254 2883 2401 2952 prius
2431 2880 2479 2934 ei
2518 2877 2582 2933 ab
2613 2894 2694 2940 eo,
2726 2876 2817 2947 qui
2846 2873 3002 2929 isthic
3030 2879 3287 2942 prwerat,
3324 2868 3533 2922 aditum
3571 2882 3697 2920 con-

2118 2992 2318 3032 cessum
2349 2973 2534 3044 fuisse,
2562 2986 2722 3041 quam
2755 2966 3025 3037 confessus
3053 2972 3212 3027 esset,
3249 2978 3312 3015 ac
3339 2962 3408 3014 iis
3438 2960 3530 3029 qui
3561 2958 3697 3026 lapsi

2118 3072 2331 3143 fuerant
2360 3077 2411 3121 et
2444 3067 2499 3118 in
2530 3062 2893 3130 paenitentiam
2932 3057 3119 3111 ordine
3151 3054 3387 3118 stabant,
3418 3067 3473 3105 se
3504 3049 3699 3119 adjun-

432 3175 549 3231 Deo
575 3174 781 3243 gratias
820 3145 1082 3243 a—gentes:
1118 3186 1241 3226 nam
1295 3145 1538 3242 utroque:
1583 3171 1745 3226 modo
1791 3171 2007 3227 confes-
2032 3176 2078 3235 ο
2108 3167 2291 3221 xisset.
2337 3158 2586 3228 Alioquin
2617 3156 2681 3209 ob
2708 3171 2771 3207 ea
2798 3168 2914 3243 quae
2943 3149 3239 3243 admiserat
3272 3145 3528 3243 crimina,
3564 3158 3701 3243 nun-

434 3268 647 3321 siouetu
679 3263 777 3319 edi.
796 3279 905 3319 non
937 3262 1105 3319 semel
1141 3263 1301 3318 docet
1326 3263 1612 3319 Eusebius.
1646 3262 1802 3329 Quod
1830 3270 2013 3317 autem

432 3358 503 3413 de
534 3356 627 3410 illa
672 3363 884 3409 tantum
931 3354 1279 3410 confessione
1323 3354 1615 3418 matutina,
1648 3357 1703 3409 in
1743 3360 1890 3409 ctetu
1921 3369 2015 3409 ec-

431 3449 617 3505 clesia:
664 3447 908 3513 edenda,
970 3448 1061 3502 hic
1112 3459 1236 3519 agat
1260 3446 1566 3513 Eusebius,
1617 3447 1898 3517 propalam
1945 3460 2013 3501 ex

434 3541 877 3612 praecedentibus
912 3548 1018 3596 est.
1052 3539 1188 3595 Nam
1222 3557 1347 3595 cum
1381 3542 1623 3609 psalmus
1671 3541 1782 3607 ille,
1814 3528 2015 3596 inscri-

433 3646 584 3704 ptus,
627 3636 693 3687 In
730 3633 815 3687 die
846 3632 1093 3697 Sabbati,
1136 3634 1218 3689 sic
1252 3632 1537 3688 exordium
1583 3634 1769 3697 ducat,
1808 3631 2015 3687 Bonum

433 3735 517 3781 est
554 3726 799 3795 conﬁteri
841 3725 1099 3791 Domino,
1141 3726 1233 3779 hic
1266 3724 1567 3779 Sabbatum
1603 3739 1703 3794 pro
1734 3723 2016 3778 Dominica

436 3818 680 3889 positum
732 3832 1097 3881 asseverans,
1152 3815 1374 3870 nonnisi
1408 3806 1482 3870 de
1533 3815 1799 3870 matutino
1833 3813 2018 3869 Domi-

434 3909 578 3964 nicae
624 3917 893 3964 conventu
950 3915 1248 3978 pertractat
1309 3907 1441 3974 ille;
1481 3906 1562 3961 sic
1612 3906 1757 3960 enim
1815 3906 2012 3961 habet:

350 4042 355 4045 ι
438 4001 617 4065 Quare
653 4009 712 4054 ut
755 4017 819 4055 ea
856 3999 940 4055 die
983 4001 1352 4054 convenimus
1404 3999 1656 4053 traditum
1712 3998 1862 4054 nobis
1913 4010 2015 4061 est,

435 4101 487 4147 et
520 4109 584 4146 ea
614 4108 732 4163 qua:
764 4093 817 4146 in
845 4092 1052 4161 psalmo
1072 4091 1331 4162 jubentur
1374 4089 1522 4144 nobis
1564 4090 1777 4161 exsequi
1822 4105 2019 4159 pra'ce-

433 4196 583 4254 ptum
632 4193 746 4252 est,
786 4201 1011 4256 quorum
1053 4186 1283 4254 primum
1331 4191 1409 4238 est
1462 4184 1725 4253 conﬁteri.
1786 4181 2019 4253 Moxque

437 4277 701 4347 adjicitur
743 4277 835 4330 illa
872 4278 1127 4348 superius
1160 4278 1327 4332 allata
1360 4277 1631 4335 clausula.
1679 4290 1787 4346 qua
1815 4276 2020 4331 dicitur

436 4384 541 4440 par
597 4383 707 4422 non
759 4383 884 4422 esse
927 4368 1273 4433 hominibus,
1327 4368 1540 4424 scilicet
1579 4367 2018 4423 Christianorum

440 4458 634 4523 coetui,
669 4455 942 4518 confiteri,
984 4457 1079 4511 sed
1107 4455 1237 4512 Deo.
1293 4456 1425 4523 Quae
1461 4465 1768 4527 sequuntur
1815 4458 2021 4527 pariter

2114 3269 2275 3329 quam
2315 3250 2380 3306 ab
2423 3248 2518 3303 illo
2559 3244 2829 3299 admissus
2876 3241 3084 3311 fuisset.
3138 3235 3239 3291 Ubi
3290 3235 3465 3298 vides,
3505 3230 3701 3288 testiﬁ-

2117 3323 2277 3402 cante
2315 3339 2587 3407 Eusebio,
2627 3334 3033 3391 confessionem
3080 3336 3431 3401 peccatorum
3488 3323 3699 3380 homini

2117 3439 2343 3498 factam,
2390 3430 2764 3487 necessariam
2823 3439 3055 3495 prorsus
3108 3420 3299 3476 fuisse.
3351 3419 3428 3474 Eo
3476 3416 3701 3489 respicit

2119 3533 2249 3587 item
2294 3526 2442 3599 quod
2486 3523 2646 3578 habet
2696 3519 2783 3574 bis
2834 3517 2891 3571 in
2939 3514 3351 3571 commentariis
3392 3511 3698 3575 Eusebius,

2117 3623 2257 3696 psal.
2294 3634 2505 3682 xxxvii,
2549 3615 2616 3670 ad
2640 3612 2972 3669 versiculum
2998 3608 3069 3663 5:
3097 3607 3363 3673 Quoniam
3395 3604 3699 3674 iniquitates

2119 3732 2250 3773 mea:
2278 3724 2629 3784 supergressa:
2657 3715 2779 3761 sunt
2808 3711 2965 3772 caput
2991 3716 3183 3763 meum,
3218 3700 3353 3752 sicut
3381 3712 3512 3750 onus
3544 3709 3703 3765 grave

2118 3816 2352 3881 gravata:
2377 3812 2498 3857 sunt
2529 3815 2683 3869 super
2709 3814 2811 3852 me.
2843 3795 3192 3853 Putruerunt,
3210 3802 3315 3845 etc.
3345 3788 3445 3841 Διὰ
3473 3786 3699 3850 τούτων,

2120 3877 2321 3972 inquit,
2354 3897 2592 3951 διδάσκει
2632 3894 2776 3964 ἡμᾶς
2811 3892 2839 3943 ὀ
2863 3888 3043 3957 λόγος,
3079 3885 3153 3956 μὴ
3186 3882 3449 3953 κρύπτειν
3480 3877 3548 3931 τὰ
3576 3878 3702 3972 εαυ-

2118 3970 2228 4048 τῶν
2271 3991 2449 4053 κακὰ,
2505 3988 2624 4061 μηδ’
2664 3986 2854 4055 ὥσπερ
2900 3981 3021 4036 τινὰ
3071 3977 3328 4061 μελανίαν
3389 3973 3509 4061 καὶ-
3537 3970 3701 4041 σῆψιν

2120 4078 2262 4136 κατὰ
2309 4059 2516 4148 βάθους
2548 4073 2651 4142 τῆς
2686 4071 2867 4141 ψυχῆς
2914 4065 3161 4133 συνέχειν
3197 4059 3267 4113 τὰ
3298 4059 3699 4129 ἁμαρτήματα,

2120 4174 2224 4228 hoc
2255 4178 2340 4226 est
2375 4188 2388 4223 :
2419 4167 2514 4221 His
2543 4171 2811 4223 docemur,
2855 4176 2918 4213 ne
2959 4155 3105 4211 mala
3127 4152 3448 4209 occultemus
3491 4159 3699 4214 nostra,

2121 4276 2220 4315 neu
2242 4265 2459 4329 peccata
2490 4271 2583 4309 ceu
2607 4250 2885 4323 quemdam
2924 4249 3186 4317 nigrorem
3228 4251 3277 4296 et
3312 4241 3702 4310 corruptionem

2122 4355 2179 4407 in
2212 4352 2397 4406 intimo
2451 4348 2643 4402 anima:
2700 4340 3101 4396 concludamus.
3162 4335 3280 4390 Non
3330 4333 3442 4388 Deo
3494 4341 3698 4395 autem,

2125 4447 2216 4500 cui
2254 4456 2517 4499 arcanum
2565 4437 2732 4499 nihil,
2782 4435 3059 4487 occultare
3102 4439 3323 4500 peccata
3377 4434 3553 4492 vetat;
3603 4423 3699 4480 sed

450 4550 520 4606 ad
553 4548 888 4604 matutinum
927 4547 1080 4601 illum
1125 4557 1453 4602 conventum
1494 4548 1786 4618 pertinent.
1817 4516 1909 4600 .Ea
1937 4553 2017 4602 est

2129 4536 2449 4593 hominibus
2479 4532 2575 4602 qui
2609 4538 2664 4584 et
2693 4524 2944 4582 medendi
2975 4534 3029 4579 et
3058 4529 3279 4593 peccata
3320 4516 3565 4574 solvendi
3602 4531 3702 4587 po-

440 4640 610 4711 igitur
634 4637 856 4694 Eusebii
889 4636 1181 4697 sententia,
1209 4651 1317 4691 non
1340 4645 1592 4707 oportere
1618 4639 1675 4692 in
1697 4645 1841 4693 coetu
1864 4635 2020 4691 Chri-

441 4734 771 4795 stianorum,
824 4745 889 4784 ac
940 4730 997 4783 in
1048 4729 1333 4784 matutinis
1389 4731 1750 4787 conventibus
1799 4737 2023 4801 peccata

444 4824 666 4895 publice
700 4829 752 4877 et
799 4822 905 4876 alta
945 4836 1091 4876 voce-
1133 4820 1402 4886 confiteri,
1436 4823 1529 4877 sed
1580 4824 1674 4877 uni
1711 4822 1822 4877 Deo
1856 4822 2022 4876 corda

444 4913 715 4969 scrutanti
760 4913 1153 4968 conscientiam
1202 4913 1418 4984 aperire
1467 4929 1644 4969 suam.
1689 4915 1789 4969 Cui
1822 4913 2025 4967 accinit

444 5006 687 5061 Basilius
737 5005 791 5058 in
841 5007 1070 5075 epistola
1120 5006 1187 5061 ad
1233 5004 1739 5069 Neoctesarieuses,
1795 5006 1889 5059 ubi
1945 5006 2027 5059 sic

441 5098 644 5153 habet:
688 5097 783 5150 Ἐκ
824 5097 1016 5161 νυκτὸς
1058 5098 1167 5169 γὰρ
1214 5097 1455 5170 ὀρθρίζει
1497 5099 1627 5169 παρ’
1675 5099 1805 5169 ἡμῖν
1841 5099 1870 5149 ὁ
1901 5097 2027 5161 λαδς

445 5190 539 5242 ἐπὶ
581 5188 671 5242 τὸν
719 5186 870 5243 οἷκον
903 5189 1001 5259 τῆς
1030 5190 1374 5261 προσευχῆς,
1424 5191 1517 5245 καὶ
1561 5193 1618 5244 ὲν
1653 5190 1799 5260 πόνῳ
1841 5189 1936 5243 καὶ
1970 5191 2026 5242 ὲν

446 5280 623 5349 θλίψει
668 5282 761 5333 καὶ
800 5282 859 5334 ὲν
910 5284 1104 5352 συνοχῇ
1146 5282 1395 5353 δακρύων
1441 5280 1921 5352 ἐξομολογούμενοι
1950 5280 2028 5350 τῷ

446 5370 609 5440 Θεῷ,
653 5371 704 5425 id
759 5379 845 5425 est
883 5391 896 5425 :
928 5373 971 5424 Α
1015 5382 1165 5427 nocte
1219 5372 1361 5441 apud
1408 5390 1504 5427 nos
1551 5374 1772 5441 populus
1818 5373 2026 5443 vigilias

448 5465 565 5531 agris
603 5465 659 5517 in
703 5463 859 5517 domo
904 5467 1198 5530 orationis,
1252 5484 1315 5519 ac
1365 5468 1421 5519 in
1471 5466 1669 5526 labore,
1717 5467 2029 5520 contritione

449 5564 499 5608 ct
529 5557 889 5626 lacryntarum
923 5560 1250 5614 contentione
1278 5561 1597 5629 conﬁtentur
1622 5558 1731 5612 Deo
1762 5576 1780 5612 :
1808 5567 1862 5614 et
1894 5574 2030 5628 pau-

445 5652 537 5703 cis
569 5649 869 5719 interjectis
901 5670 914 5706 :
953 5652 1195 5724 Ἡμέρας
1215 5654 1316 5725 ήδη
1347 5652 1795 5724 ὑπολαμπούσης,
1830 5652 2029 5715 πάντες

452 5743 603 5812 κοινῇ
626 5782 639 5800 ,
687 5742 763 5804 ὡς
793 5742 851 5808 ἐξ
890 5743 1008 5806 ἑνὸς
1042 5744 1309 5814 στόματος
1358 5746 1451 5797 καὶ
1480 5745 1606 5815 μιᾶς
1655 5744 1901 5816 καρδίας,
1938 5742 2029 5796 τὸν

454 5833 549 5903 τῆς
595 5831 1034 5907 ἑξομολογήσεως
1068 5836 1283 5907 ψαλμὸν
1328 5837 1654 5907 ἀναφέρουσι
1706 5836 1782 5908 τῷ
1818 5835 2025 5908 Κυρίῳ,

2126 4636 2329 4686 testate
2353 4624 2540 4680 donati
2573 4628 2723 4676 sunt.

2718 4753 2944 4810 CAPUT
2977 4752 3111 4808 Vill.

2125 4892 2194 4932 DE
2226 4890 2294 4931 IIS
2316 4888 2434 4938 QUE
2477 4887 2543 4926 AD
2599 4881 2869 4922 εεοιεειιε
2909 4879 3249 4921 οιεοιιιιιιυιί
3283 4876 3583 4918 νεκτικεκτ
3630 4873 3699 4912 ει

2338 4959 2518 4999 VARUS
2564 4953 2744 4994 HORUI
2772 4950 3269 4991 COIIENTABIOBUI
3316 4948 3486 4987 LUCIS.

2132 5060 2180 5118 1.
2215 5058 2453 5114 Ecclesia
2496 5071 2765 5125 nunquam
2786 5055 2959 5107 variat
2981 5052 3037 5105 in
3054 5044 3564 5125 priscipuis._l_l._l)e
3582 5060 3702 5125 cqu-

2198 5113 2433 5185 uentibus
2482 5113 2909 5181 Christianorum
2951 5113 3250 5176 matutinis.
3308 5118 3425 5173 111.
3456 5115 3532 5169 De
3578 5113 3703 5185 udus

2201 5183 2359 5254 randi
2387 5200 2491 5251 ritu
2515 5199 2567 5251 in
2594 5194 2832 5249 Ecclesia
2864 5192 3157 5264 singularis
3186 5190 3399 5264 Eusebii
3427 5197 3493 5264 et
3511 5183 3705 5264 Basilii

2200 5270 2457 5326 sententia
2484 5267 2821 5335 explanatur.
2853 5263 2880 5317 1
2896 5256 2976 5319 γ.’
3004 5261 3225 5332 Inﬁnita
3265 5262 3407 5314 dona
3448 5256 3705 5310 Ecclesiis

2203 5340 2417 5396 Eusebii
2445 5351 2673 5405 tempore
2695 5336 2913 5389 collata.

2344 5455 2379 5504 i.
2416 5454 2633 5507 Ecclesia
2668 5464 2914 5513 nunquam
2949 5450 3100 5497 variat
3125 5449 3174 5496 in
3205 5445 3481 5509 praecipuis.

2200 5557 2506 5616 Occasione
2547 5557 2725 5611 solum
2757 5570 2926 5626 pauca
2958 5553 3224 5608 Eusebius
3258 5551 3428 5621 tangit
3455 5558 3508 5603 et
3529 5547 3703 5618 expli-

2131 5661 2241 5717 cat,
2265 5667 2387 5723 qua:
2416 5650 2482 5705 ad
2512 5650 2611 5705 ιρινί
2668 5651 2752 5705 sui
2804 5648 3143 5717 disciplinam
3167 5652 3434 5714 spectant,
3474 5654 3715 5712 qumque

2134 5760 2235 5800 nos
2262 5743 2317 5798 in
2343 5742 2564 5799 lectoris
2622 5739 2967 5795 commodum
3002 5754 3108 5794 una
3155 5734 3519 5792 conferemus.
3552 5730 3702 5784 Licet

2136 5837 2279 5893 cnim
2307 5835 2360 5889 iu
2394 5833 2556 5890 rebus
2581 5832 2871 5904 praecipuis
2896 5838 2951 5888 et
2982 5828 3306 5901 capitalibus
3337 5840 3444 5881 una
3488 5835 3711 5888 semper
