4096 6386
361 333 430 389 53

1128 311 1629 375 COMMENTARIA
1674 308 1739 365 IN
1777 303 2197 363 PSAL‘liOS.-—
2236 292 2776 355 PBIELIMINARIA.

3520 280 3589 332 55

363 441 619 499 Ecclesiae
644 438 999 503 consuetudo,
1027 436 1163 492 ritus
1186 451 1327 490 unus
1347 432 1530 496 fuerit,
1558 430 1615 485 in
1644 427 1719 483 iis
1740 433 1918 480 tamen
1954 432 1984 484 ,κ

2067 417 2419 492 εχωρημένωςο
2442 412 2733 476 ὶδιὰζοντας
2758 407 3095 479 προσκυνεῖν,
3109 401 3219 455 ἀλλ’
3241 396 3590 457 ἀπαντῶντας

363 553 485 609 quae
505 537 572 591 ad
601 546 881 592 externum
930 546 1136 586 morem
1192 529 1540 596 minoresque
1577 517 1931 576 caeremonias

366 629 656 700 pertinent,
706 634 764 681 et
786 634 1088 695 temporum
1128 630 1183 675 et
1227 619 1470 673 locorum
1507 609 1933 669 consuetudines

366 720 532 774 variae
575 719 958 780 observantur,
997 727 1118 784 quae
1168 710 1377 766 scilicet
1425 711 1680 779 possunt,
1728 702 1933 756 illibata

368 815 680 871 Christiana
709 810 993 883 religione,
1014 806 1231 861 mutari.

540 926 603 977 ΙΙ.
627 927 704 977 De
729 922 1053 977 conventibus
1080 920 1468 972 Christianorum
1489 914 1758 965 matutinis.

440 1031 597 1098 Quod
636 1031 894 1102 plerique
930 1026 1252 1098 priscorum
1303 992 1558 1077 Ecclesiae
1607 1016 1934 1086 scriptorum

371 1124 599 1179 tradunt
625 1122 696 1177 de
725 1119 1084 1177 conventibus
1125 1115 1564 1172 Christianorum
1600 1111 1656 1163 in
1679 1106 1933 1168 ecclesia,

373 1216 653 1271 Dominica
684 1214 772 1268 die
791 1210 1053 1267 celebrari
1083 1206 1280 1270 solitis,
1312 1205 1487 1273 deque
1521 1201 1663 1258 sacri
1692 1197 1938 1268 corporis

375 1309 579 1365 Christi
600 1307 802 1363 ibidem
826 1305 1041 1360 usitata
1075 1301 1446 1365 comestione;
1504 1296 1560 1351 id
1589 1293 1856 1349 Eusebius
1884 1291 1939 1346 ᾖ

376 1401 544 1455 variis
575 1398 768 1452 horum
799 1393 1315 1452 commentariorum
1343 1389 1485 1445 locis
1510 1403 1617 1443 nec
1645 1382 1823 1441 obiter
1847 1398 1942 1439 ex-

380 1492 564 1563 plicat.
600 1489 660 1545 in
686 1504 837 1544 ntore
886 1488 1086 1559 quippe
1118 1490 1420 1547 tunc-erat,
1456 1491 1514 1538 ut
1552 1479 1833 1534 Dominica
1856 1476 1944 1532 die

378 1584 679 1641 Christiani
704 1597 895 1637 omnes
925 1587 1174 1636 exortum
1203 1576 1335 1633 solis
1352 1578 1757 1629 anteverterent
1781 1576 1834 1626 et
1877 1568 1941 1622 ad

385 1676 676 1731 ecclesiam
733 1677 1109 1745 properarent,
1165 1668 1259 1723 ubi
1286 1664 1609 1719 matutinos
1647 1667 1945 1717 conventus

2033 516 2111 575 εἰς
2131 512 2227 584 τὴν
2245 508 2536 579 ἐκκλησίαν
2562 502 2749 568 αὐτοῦ,
2780 501 2830 555 id
2852 507 2936 555 est
2959 517 2970 551 :
3001 495 3116 550 Non
3143 493 3250 553 vult
3286 491 3423 546 enim
3442 499 3595 544 extra

2031 604 2324 663 ecclesiam,
2346 615 2506 669 neque
2529 598 2583 651 in
2624 610 2828 651 secessu
2870 598 3095 646 semotas
3140 585 3363 639 adorare
3388 584 3593 652 ipsum;

2034 696 2123 751 sed
2144 692 2385 747 accedere
2398 691 2547 760 jubet
2599 685 2667 741 ad
2711 683 2984 739 ecclesiam
3033 695 3209 733 suam.
3248 674 3597 743 ldipsumque

2033 786 2267 843 Basilius
2317 784 2480 838 habet
2531 781 2586 835 in
2653 775 2899 831 eumdem
2966 771 3257 842 psalmum,
3310 764 3455 819 hom.
3504 761 3595 817 28.

2035 880 2204 950 p.181
2243 898 2256 933 ;
2291 874 2434 940 Ἔξω
2452 869 2728 940 τῆςάγξας
2758 865 2924 934 αὐλῆς
2960 863 3018 914 οὐ
3046 858 3153 932 χρὴ
3184 850 3602 928 προσκυνεῖν-τῷ

2036 945 2242 1042 Κυρίῳ,
2285 966 2396 1021 ἀλλ’
2424 963 2570 1017 ἔνδον
2615 957 2902 1029 γενόμενον
2928 970 2940 1005 :
2968 952 3021 1007 id
3060 958 3147 1005 est
3186 967 3200 1002 :
3237 945 3359 1000 Non
3403 949 3601 1011 oportet

2034 1059 2327 1132 quempiam
2356 1063 2509 1109 extra
2555 1062 2765 1105 sacram
2807 1044 2986 1098 aulam
3033 1038 3255 1093 adorare
3296 1034 3599 1093 Dominum,

2037 1153 2127 1209 sed
2156 1152 2296 1205 intus
2320 1147 2568 1218 positum.
2593 1141 2661 1195 At
2691 1155 2850 1195 nemo
2865 1151 3045 1193 rerum
3072 1144 3350 1189 sacrarum
3376 1125 3461 1181 vel
3491 1140 3607 1179 me-

2039 1244 2296 1303 diocriter
2320 1216 2531 1312 peritus
2562 1231 2963 1307 ignorat,,hanc
2985 1225 3253 1297 praecipue
3297 1235 3451 1275 novae
3470 1216 3607 1286 legis

2040 1346 2323 1397 tesseram,
2373 1332 2479 1386 hoc
2531 1328 2863 1387 institutum,
2898 1320 3045 1374 hanc
3080 1316 3375 1370 solemnem
3402 1304 3607 1364 Christi

2042 1429 2342 1487 doctrinam
2388 1440 2538 1487 esse,
2574 1418 2718 1491 quod
2760 1416 2902 1470 Deus
2951 1412 3148 1481 ubique
3187 1401 3496 1460 adorandus
3538 1397 3619 1453 sit-

2044 1522 2097 1573 in
2118 1519 2308 1589 spiritu
2328 1510 2373 1570 ei
2398 1515 2616 1570 veritate
2643 1526 2660 1564 :
2691 1520 2867 1579 neque
2902 1504 2965 1559 ad
2995 1516 3113 1558 eam
3140 1512 3254 1555 rem
3285 1506 3510 1551 necesse
3540 1487 3615 1545 sit

2046 1588 2380 1681 assignatum
2432 1604 2741 1677 quempiam
2773 1599 2924 1654 adire
2962 1597 3182 1660 locum;
3236 1590 3329 1647 sed
3380 1588 3613 1657 quisque

2049 1679 2298 1776 privatim
2322 1703 2467 1756 hunc
2490 1699 2695 1754 cultum
2742 1693 3050 1765 persolvere
3077 1687 3251 1759 possit
3299 1698 3362 1736 ac
3400 1679 3611 1736 debeat.

518 1770 529 1780 .
1187 1760 1199 1772 .
1635 1770 1647 1783 ,
1778 1751 1789 1763 .
1900 1749 1911 1761 .
2049 1749 2298 1776 κ...--....
2322 1749 2465 1756 π---
2498 1749 2623 1754 ,γη
2744 1749 2759 1765 ,
3078 1749 3099 1759 _

380 1766 810 1866 eloneme_1“?°
826 1777 977 1866 “una.
1025 1768 1205 1866 ξὀπίι
1257 1756 1615 1866 λθθιξδτθὶξῆηξ
1635 1796 1649 1819 ’
1980 1786 2019 1840 Β
2048 1796 2159 1853 Cur
2172 1811 2302 1866 ergo
2324 1792 2424 1846 viri
2451 1790 2701 1845 doctrina
2732 1786 2993 1854 insignes,
3033 1778 3264 1835 Basilius
3305 1772 3533 1842 Magnus
3561 1773 3618 1822 et

382 1858 771 1919 resurrectioni
826 1855 1044 1911 Domini
1064 1854 1418 1910 consecrata,
1464 1862 1623 1903 sacro
1681 1841 1948 1899 Dominici

383 1955 633 2025 corporis
657 1951 782 2007 cibo
813 1947 1005 2003 reiecti
1028 1988 1043 2012 ,
1088 1945 1284 2015 pignus
1318 1941 1580 1996 futuraaet
1617 1936 1867 2010 gloriosae
1894 1933 1950 1987 in

385 2061 551 2100 carne
576 2038 998 2099 resurrectionis
1044 2038 1352 2106 acciperent
1380 2049 1391 2084 :
1440 2045 1654 2101 unoque
1685 2032 1953 2084 concentu

389 2139 559 2194 Deum
590 2143 644 2193 et
670 2133 947 2190 Christum
998 2130 1357 2189 celebrarent,
1386 2141 1483 2196 pro
1517 2124 1676 2179 bonis
1716 2120 1954 2191 acceptis

392 2227 599 2299 gratias
656 2229 898 2295 agerent,
950 2235 1049 2290 pro
1095 2216 1424 2274 necessariis
1452 2225 1564 2268 tum
1609 2213 1804 2267 animae
1839 2220 1953 2265 tum

389 2317 626 2379 corpori.
668 2315 837 2369 Deum
895 2311 1095 2367 obnixe
1144 2315 1518 2380 precarentur.
1553 2306 1627 2359 D’e
1661 2304 1745 2360 his
1775 2303 1958 2373 itaque

387 2409 751 2465 conventibus
808 2406 919 2458 hinc
971 2402 1135 2455 habet
1179 2395 1445 2452 Eusebius
1513 2391 1566 2444 in
1628 2391 1762 2457 psal.
1822 2399 1951 2445 xxi,

383 2521 527 2559 vers.
571 2502 641 2558 '50
685 2518 698 2554 :
733 2517 751 2549 t
798 2493 1250 2550 Manducaverunt
1292 2497 1341 2541 et
1379 2486 1731 2540 adoraverunt
1778 2491 1952 2532 omnes

386 2598 602 2666 pingues
632 2601 804 2652 teme,
832 2597 881 2642 et
906 2590 962 2641 in
988 2592 1258 2653 conspectu
1286 2578 1401 2649 ejus
1422 2574 1627 2637 cadent,
1648 2579 1755 2627 etc.
1785 2589 1804 2621 ι
1832 2566 1956 2622 Sin—

391 2663 529 2750 gulis
571 2674 975 2733 resurrectionis
1025 2670 1322 2727 Saluatoris
1369 2665 1538 2721 nostri
1585 2663 1805 2728 diebus,
1847 2675 1963 2733 quin

392 2769 685 2823 ﬂaminica:
704 2774 979 2825 vocantur,
1026 2761 1155 2829 ipsis
1191 2757 1356 2812 oculis
1397 2770 1607 2809 cernere
1645 2763 1732 2806 est.
1767 2766 1853 2806 eos
1878 2748 1965 2819 qui

394 2875 605 2915 sacrum
628 2857 799 2910 cibum
825 2863 874 2908 et
897 2852 1169 2911 Salutare,
1213 2847 1267 2900 id
1310 2854 1388 2900 est
1431 2843 1728 2900 Saluatoris
1778 2853 1966 2906 corpus

396 2949 681 3017 accipiunt,
707 2953 822 3015 post
843 2944 1013 3012 ipsum
1033 2956 1179 2994 esum
1199 2937 1388 3007 viviﬁci
1409 2934 1644 2989 alimenti
1667 2932 1968 3003 largitorem

394 3051 444 3097 et
464 3053 704 3109 promum
723 3035 968 3100 adorare,
992 3040 1151 3102 atque
1164 3031 1351 3084 mirari
1369 3027 1639 3083 verborum
1659 3021 1969 3094 hujusmodi

394 3138 655 3196 eventum,
681 3144 742 3182 ac
768 3143 824 3181 re
847 3133 1012 3198 gesta,
1055 3121 1230 3194 quoad
1273 3120 1567 3191 planiorem
1614 3115 1744 3170 dicti
1762 3122 1971 3171 senten-
1997 3139 2036 3195 ς

398 3225 551 3289 tiam,
568 3220 840 3291 impletum
879 3215 1206 3272 vaticinium.
1233 3212 1366 3280 Quae
1398 3220 1579 3266 autem
1604 3208 1752 3278 quod
1789 3207 1857 3262 ad
1896 3207 1971 3260 ri-

397 3324 514 3371 tum
541 3314 864 3370 exteriorem
903 3308 995 3362 illa
1033 3305 1282 3362 adoratio
1332 3311 1500 3367 esset,
1536 3301 1643 3369 sic,
1669 3299 1858 3367 paucis
1887 3298 1972 3353 in-

397 3404 700 3476 terpositis,
726 3401 964 3472 explicat
992 3415 1005 3450 :
1036 3416 1054 3449 ι
1106 3395 1170 3451 In
1192 3404 1471 3465 conspectu
1494 3393 1606 3464 eius
1627 3390 1817 3448 cadent
1860 3406 1974 3444 om-

400 3515 490 3554 nes
515 3496 605 3569 qui
624 3491 942 3549 descendunt
972 3490 1026 3543 in
1056 3498 1290 3543 terram:
1322 3506 1342 3537 ι
1365 3502 1462 3556 pro
1486 3483 1826 3555 qququila,
1855 3499 1873 3532 t
1908 3478 1974 3533 In

401 3591 604 3649 vultum
628 3588 744 3658 ejus
778 3585 986 3656 flectent
1011 3598 1066 3637 se
1090 3596 1281 3637 omnes.
1295 3580 1385 3650 qui
1402 3626 1405 3629 .
1426 3577 1743 3632 descendunt
1786 3574 1839 3628 in
1867 3573 1978 3643 pul-

403 3698 594 3739 verem.
624 3700 643 3734 ι
671 3678 830 3746 Queis
856 3676 1135 3745 manifeste
1165 3688 1368 3738 eorum,
1419 3670 1509 3740 qui
1532 3670 1585 3723 in
1628 3668 1850 3722 ecclesia
1884 3665 1978 3721 Dei

405 3791 573 3848 genua
595 3773 830 3841 ﬂectunt,
852 3783 1051 3822 morem
1073 3764 1351 3819 declarat:
1399 3761 1471 3816 ibi
1501 3762 1640 3815 enim
1684 3776 1851 3831 genua
1885 3759 1980 3829 fle-

406 3877 628 3932 ctentes,
655 3873 810 3935 atque
836 3859 1099 3931 frontibus
1123 3858 1233 3911 suis
1264 3866 1417 3909 terra:
1440 3853 1818 3917 incumbentes,
1845 3852 1981 3905 hunc

406 3955 669 4017 adorandi
699 3956 862 4008 ritum
882 3958 1112 4006 servant.
1153 3947 1241 4000 Ἐν
1336 3945 1535 4015 γόνατα
1560 3942 1858 4007 κλίναντες,
1888 3941 1982 3995 καὶ⁵

405 4048 476 4104 τὰ
498 4048 733 4120 μέτωπα.
750 4044 829 4106 εἰς
848 4041 950 4112 γῆν
968 4037 1294 4110 ἐρείσαντες,
1311 4034 1497 4088 τοῦτον
1519 4034 1840 4107 προσκυνεῖν
1868 4029 1986 4083 εἰώ-

409 4142 535 4196 θασι
565 4138 656 4192 τὸν
678 4134 894 4207 τρόπον.
925 4129 1000 4186 De
1027 4127 1308 4183 matutinis
1333 4127 1461 4179 item
1482 4123 1841 4178 conventibus
1853 4125 1983 4193 agit,

406 4233 549 4306 psal.
567 4241 840 4294 xnv,vers.
865 4222 979 4287 6,et
1006 4237 1158 4283 Lvm,
1187 4220 1276 4274 ubi
1305 4232 1478 4288 genua
1503 4216 1753 4272 ﬂectendi
1782 4231 1985 4270 morem

413 4320 859 4395 antiquissimum
919 4316 1160 4371 declarat
1191 4330 1204 4365 :
1233 4308 1627 4382 procumbendi
1675 4309 1802 4364 item
1852 4323 1986 4363 con-

414 4414 783 4478 suetudinem,
806 4409 889 4465 vel
918 4407 1112 4479 primis
1140 4405 1399 4461 Ecclesia:
1440 4401 1659 4460 saeculis
1702 4407 1985 4465 statutam,

413 4509 616 4565 diserte
640 4502 894 4573 explicat.
918 4497 1001 4552 Ad
1025 4496 1291 4568 psalmum
1315 4508 1445 4550 vero
1496 4507 1606 4556 scr,
1633 4490 1808 4546 fusius
1827 4504 1986 4545 enar-

414 4610 502 4659 rat
522 4615 621 4656 cur
646 4592 945 4653 Christiani
969 4589 1267 4644 Sabbatum
1288 4586 1343 4640 in
1373 4583 1711 4640 Dominicam
1746 4587 1986 4635 transtu-

414 4694 579 4751 lerint
603 4707 617 4743 :
648 4704 756 4761 qua
778 4690 991 4741 ratione
1011 4682 1189 4752 primo
1211 4677 1452 4733 diluculo
1479 4681 1782 4730 conventus
1806 4677 1987 4742 agant,

417 4801 586 4858 panes
613 4775 1001 4854 propositionis
1022 4771 1271 4834 oﬁ‘erant,
1289 4768 1355 4823 ad
1384 4766 1658 4823 Orientem
1682 4764 1825 4819 versi
1866 4777 1992 4832 pre-

418 4884 635 4938 centur,
661 4872 906 4944 psalmos
935 4881 1045 4920 una
1097 4858 1464 4916 multitudinis
1495 4870 1628 4911 voce
1662 4853 1982 4916 concinam,

318 5036 323 5041 ,
420 4977 475 5027 ct
537 4973 762 5028 caetera,
799 4952 1396 5032 quaepuoctxmépw;
1470 4948 1561 5004 ille
1621 4944 1989 5018 prosequitur.

421 5056 762 5113 Psalmorum
798 5058 976 5103 autem
1011 5055 1231 5100 cantum
1281 5042 1336 5095 in
1365 5036 1878 5095 omnibusunivcrsi
1906 5050 1993 5090 or-

422 5149 508 5204 bis
534 5155 643 5200 tam
690 5140 1000 5196 Graecorum
1032 5150 1193 5207 quam
1223 5134 1602 5194 barbarorum,
1635 5127 1882 5184 ecclesiis
1904 5129 1996 5182 ob-

424 5234 635 5295 servari
665 5231 992 5287 testiﬁcatur
1027 5227 1138 5290 ille,
1169 5224 1306 5295 psal.
1337 5237 1463 5276 va.

487 5353 575 5404 ιιι.
596 5352 679 5401 De
694 5347 927 5399 adomndi
947 5345 1044 5393 ritu
1067 5342 1117 5392 in
1141 5340 1353 5404 ecclesia
1373 5334 1636 5404 singularis
1656 5330 1858 5383 Eusebii
1882 5337 1937 5381 et

818 5404 984 5457 Basilii
1016 5403 1266 5454 sententia
1292 5399 1601 5462 explanatur.

502 5494 789 5566 Singulare
810 5503 1037 5562 prorsus
1073 5503 1135 5540 ac
1157 5480 1568 5554 ponderandum
1600 5488 1684 5534 est
1728 5478 1871 5547 quod
1922 5476 1997 5529 ait

429 5587 720 5650 Eusebius,
772 5599 880 5638 non
912 5581 1076 5634 licere
1116 5584 1268 5631 extra
1320 5574 1606 5631 ecclesiam
1650 5571 1819 5626 Deum
1864 5568 1997 5624 ado-

432 5697 553 5735 rare
584 5696 596 5730 :
626 5686 684 5733 ut
709 5677 827 5748 ipse
848 5672 913 5727 ad
937 5670 1202 5743 psalmqu
1252 5679 1441 5725 xxvm,
1475 5665 1562 5720 his
1600 5663 1781 5719 verbis
1823 5678 1998 5717 enun-

433 5774 533 5828 tiat
565 5794 574 5827 :
610 5770 684 5824 Οὐ
713 5768 820 5840 γὰρ
846 5765 950 5835 ἔξω
972 5763 1069 5833 τῆς
1094 5756 1389 5829 ἐκκλησίας
1421 5757 1688 5828 βούλεται,
1720 5755 1841 5809 οὐδὲ
1870 5754 1999 5807 ἀνα-

2050 1861 2341 1949 Eusebius,
2372 1877 2777 1951 abhujusmodi
2807 1874 2979 1934 cultu,
3024 1872 3117 1938 qui
3148 1869 3217 1923 ab
3250 1868 3369 1937 ipso
3396 1861 3617 1917 Christo

2050 1977 2289 2034 traditus
2318 1948 2372 2031 et
2401 1948 2647 2028 sancitus
2697 1975 2800 2028 est,
2855 1962 3102 2018 homines
3149 1950 3524 2012 absterreant?
3551 1948 3620 2001 At

2052 2073 2197 2131 enim
2226 2084 2329 2126 nec
2350 2068 2405 2121 in
2448 2063 2634 2120 Veteri
2678 2059 2895 2133 quidem
2926 2054 3297 2113 Testamento,
3328 2060 3450 2101 cum
3497 2050 3621 2112 post

2054 2163 2240 2235 templi
2263 2159 2565 2223 conditum,
2589 2170 2697 2210 non
2745 2148 3014 2209 sacriﬁcia
3034 2188 3049 2213 ,
3076 2160 3184 2202 non
3205 2146 3383 2197 certas
3421 2144 3620 2192 statas—

2056 2270 2163 2328 que
2188 2251 2544 2310 caeremonias
2591 2246 2720 2302 alibi
2749 2242 3059 2316 persolvere
3089 2236 3295 2291 licitum
3328 2236 3495 2291 esset,
3529 2241 3619 2280 ve-

2058 2350 2218 2404 titum
2243 2359 2480 2416 usquam
2524 2341 2756 2414 legimus
2790 2347 3062 2408 quemque
3110 2342 3277 2400 penes
3307 2340 3367 2381 se
3392 2336 3547 2377 orare
3569 2325 3631 2375 ct

2061 2440 2293 2495 adorare
2324 2411 2513 2498 Beum,
2562 2411 2610 2488 si
2632 2432 2842 2487 liberet.
2891 2426 3006 2481 lmo
3051 2437 3183 2478 vero
3212 2416 3422 2480 Daniel,
3449 2414 3503 2469 in
3524 2411 3625 2466 Ba-

2061 2532 2258 2604 bylone
2280 2543 2530 2591 versans,
2560 2524 2867 2594 frequenter
2893 2519 3061 2575 Deum
3091 2513 3353 2571 adorabat
3382 2528 3395 2566 :
3431 2507 3628 2577 aliique

2065 2599 2203 2681 bime
2230 2621 2384 2677 multi
2413 2618 2591 2675 sancti
2642 2615 2746 2670 viri
2780 2613 2950 2668 Deum
2999 2618 3151 2665 extra
3192 2604 3450 2676 templum
3498 2599 3628 2654 ado-

2065 2729 2222 2771 rasse
2246 2709 2748 2784 deprehenduntur.
2781 2703 2908 2758 Haec
2936 2702 3123 2771 itaque
3158 2696 3345 2752 Basilii
3382 2690 3626 2776 etEuse-

2068 2808 2143 2866 bii
2169 2809 2288 2863 loca
2314 2770 2382 2862 ex
2418 2801 2670 2872 superius
2717 2798 2880 2852 allato
2912 2770 3133 2849 Eusebii
3164 2791 3285 2845 loco
3311 2770 3446 2843 sunt
3461 2782 3633 2853 expli-

2069 2898 2263 2963 cauda,
2289 2895 2382 2950 ubi
2415 2893 2643 2947 recitata
2682 2887 2890 2958 Aquila:
2917 2881 3166 2940 versione
3197 2882 3274 2934 sic
3306 2876 3468 2931 habet
3496 2872 3586 2927 ille
3614 2886 3628 2922 :

2070 2989 2230 3059 Queis
2279 2985 2555 3056 manifeste
2594 2998 2794 3046 eorum,
2824 2978 2912 3051 qui
2958 2979 3011 3030 in
3066 2971 3283 3029 ecclesia
3325 2968 3424 3023 Dei
3468 2978 3635 3037 genua

2072 3057 2308 3153 flectunt,
2336 3092 2534 3133 morem
2565 3073 2805 3128 declarat
2832 3088 2848 3125 :
2871 3070 2951 3124 ibi
2969 3067 3105 3123 enim
3142 3079 3311 3136 genua
3352 3057 3634 3131 flectentes,

2073 3186 2227 3248 atque
2241 3173 2505 3241 frontibus
2526 3171 2635 3225 suis
2659 3176 2813 3222 terra:
2831 3160 3213 3224 incumbentes,’
3229 3156 3365 3210 hunc
3380 3146 3640 3206 adorandi

2072 3270 2234 3323 ritum
2267 3273 2494 3322 servant.
2530 3262 2737 3333 Opinor
2766 3257 2930 3330 igitur
2950 3255 3096 3310 hunc
3122 3246 3380 3305 adorandi
3410 3255 3638 3303 morem,

2073 3369 2262 3433 utpote
2285 3355 2690 3432 quodammodo
2736 3355 3143 3412 consecratum,
3173 3350 3326 3401 extra
3352 3333 3642 3395 ecclesiam

2073 3455 2300 3511 vetitum
2326 3452 2497 3508 fuisse
2529 3463 2631 3505 :ea
2673 3459 2915 3519 prorsus
2944 3440 3154 3497 ratione
3173 3450 3281 3506 qua
3330 3428 3493 3485 hodie
3531 3439 3643 3481 non

2075 3549 2202 3603 licet
2221 3545 2419 3615 cuique
2446 3540 2674 3596 arbitrio
2729 3551 2850 3597 suo,
2900 3528 3135 3601 exempli
3164 3539 3331 3581 causa
3360 3522 3645 3576 incensum

2078 3648 2131 3697 et
2164 3612 2518 3711 thymiamata
2548 3636 2604 3690 in
2637 3631 2770 3687 vicis
2798 3639 2851 3685 et
2875 3624 3067 3699 plateis
3091 3619 3400 3694 promiscue
3428 3612 3644 3673 oﬂ‘erre,

2080 3733 2206 3802 quia
2230 3710 2358 3784 haec
2386 3725 2612 3799 speciali
2657 3722 2763 3778 ritu
2792 3723 3114 3777 consecrata
3160 3719 3214 3769 et
3253 3713 3456 3765 statuta
3483 3710 3646 3765 sunt;

2081 3795 2156 3878 ita
2178 3823 2287 3877 illis
2314 3795 2676 3890 tem—poribus,
2698 3815 2812 3871 etsi
2831 3812 3039 3867 licitum
3060 3806 3257 3876 cuique
3299 3806 3446 3857 esset
3476 3795 3650 3850 Deum

2083 3926 2337 3983 penesse
2354 3889 2565 3981 precari
2593 3915 2647 3962 et
2666 3905 2932 3966 adorare,
2970 3899 3062 3954 illo
3087 3905 3266 3950 tamen
3309 3889 3472 3945 modo
3509 3898 3652 3958 genu

2084 3977 2431 4062 ﬂectendi—ac
2474 4001 2528 4055 in
2561 3999 2795 4053 frontem
2838 3986 3232 4064 procumbendi
3273 3993 3425 4039 extra
3477 3977 3655 4035 eccle-

2087 4099 2225 4152 siam
2273 4093 2503 4149 adorare
2522 4089 2749 4145 vetitum
2781 4091 2934 4141 erat:
2971 4085 3195 4148 eratque
3245 4074 3373 4127 huic
3406 4072 3479 4125 rei
3500 4070 3655 4124 locus

2089 4194 2250 4256 atque
2282 4190 2495 4252 tempus
2516 4174 2892 4235 ecclesiastico
2923 4183 3133 4225 canone
3171 4164 3524 4220 constitutum
3551 4172 3656 4212 :ne

2089 4273 2344 4332 fortassis
2370 4272 2497 4326 hinc
2516 4269 2663 4325 risus
2688 4273 2743 4322 et
2770 4262 3163 4320 cachinnorum
3204 4250 3428 4308 materia
3453 4247 3656 4303 Iudaeis

2090 4376 2146 4424 et
2192 4364 2448 4430 ethnicis,
2480 4374 2713 4432 quorum
2759 4364 2873 4412 tum
2929 4355 3121 4422 ingens
3166 4353 3283 4404 erat
3341 4338 3656 4401 multitudo,
3753 4382 3757 4387 .

2018 4485 2062 4541 ι)
2093 4457 2638 4519 subministrantur;
2692 4464 2825 4506 neve
2877 4447 3007 4501 hinc
3030 4443 3251 4516 quidam
3300 4453 3367 4493 ex
3405 4435 3659 4503 frequen-

2089 4548 2574 4610 tioriadorationis
2607 4560 2707 4600 usu
2760 4540 3061 4597 inﬁdelium
3110 4536 3324 4591 animos
3370 4538 3658 4596 exaspera-

2088 4651 2211 4700 rent
2235 4642 2290 4696 in
2319 4637 2704 4698 Christianos;
2740 4646 2846 4687 neu
2896 4630 3113 4685 demum
3146 4620 3407 4679 ementita
3440 4613 3661 4687 pietatis

2090 4734 2271 4804 specie
2303 4728 2530 4802 gloriam
2554 4735 2609 4781 et
2628 4724 2843 4779 laudem
2892 4720 3185 4774 humanam
3231 4712 3657 4780 aucuparentur,

2091 4796 2186 4881 aut
2215 4796 2333 4879 alia
2368 4820 2527 4877 nobis
2556 4818 2737 4890 ignota
2774 4814 2842 4870 de
2883 4826 3072 4868 causa.
3115 4807 3270 4861 Hunc
3315 4805 3501 4872 itaque
3528 4796 3662 4852 ado-

2092 4916 2251 4972 randi
2299 4928 2506 4969 morem
2561 4916 2747 4967 vetant
2806 4905 3041 4961 Basilius
3081 4907 3136 4956 et
3182 4894 3452 4952 Eusebius
3505 4897 3659 4947 extra

2094 5007 2381 5066 ecclesiam
2415 5018 2673 5077 peragere
2704 5016 2716 5052 :
2760 5013 2935 5069 neque
2978 4995 3166 5050 volunt
3193 4991 3314 5046 ideo
3346 4984 3663 5042 adoratione

2094 5101 2184 5157 illa
2209 5072 2441 5161 interna,
2494 5072 2696 5164 ubique
2737 5087 2954 5144 Numini
3001 5082 3330 5156 praestanda,
3359 5079 3460 5148 piis
3486 5072 3665 5130 homi-

2094 5192 2258 5246 nibus
2311 5173 2602 5243 interdici':
2633 5180 2777 5255 quod
2811 5177 3079 5234 neminem
3135 5182 3265 5246 puto
3311 5167 3522 5225 inﬁcias
3557 5164 3666 5218 itu-

2094 5300 2239 5341 rum.
2276 5281 2425 5335 Alias
2457 5279 2602 5333 enim
2626 5274 2788 5330 iidem
2809 5269 3045 5325 Basilius
3084 5274 3139 5322 et
3177 5263 3465 5326 Eusebius,
3491 5257 3664 5312 Deum

2097 5393 2196 5450 pro
2219 5373 2388 5429 lubito
2416 5372 2682 5440 cujusque
2725 5362 3058 5420 adorandum
3103 5363 3350 5417 statuunt
3380 5373 3393 5409 :
3426 5351 3569 5424 quod
3611 5351 3668 5404 in

2099 5467 2321 5537 scriptis
2355 5463 2537 5519 Basilii
2571 5460 2881 5529 frequenter
2901 5451 3226 5524 comperias,
3259 5462 3322 5502 ac
3349 5448 3403 5501 in
3439 5443 3667 5499 hisitetn

2100 5559 2509 5618 commentariis
2542 5551 2808 5608 Eusebius
2856 5562 2957 5602 nec
2994 5544 3160 5601 semel
3188 5536 3520 5595 adorandum
3551 5532 3672 5586 ubi-

2101 5670 2207 5726 que
2234 5654 2402 5710 Deum
2430 5663 2552 5705 esse
2573 5647 2755 5703 docet.
2792 5644 2852 5697 in
2902 5645 3266 5712 promptuque
3308 5639 3474 5697 esset,
3501 5630 3672 5684 multa

2102 5747 2171 5803 ad
2206 5747 2260 5801 id
2302 5738 2764 5814 comprobandum
2812 5738 2931 5794 ioca
2973 5745 3263 5806 congerere
3290 5745 3302 5780 :
3328 5739 3515 5783 verum
3547 5740 3694 5779 cum.

3724 5606 3744 5635 δ
