4096 6386
483 329 554 384 55
1136 315 1405 374 EUSEBII
1442 314 1913 370 (ΣίΕὸΑῐῖΙΕΝδιδ
1952 315 2100 371 OPI’.
2135 311 2307 368 PARS
2348 311 2433 368 llI.
2471 342 2536 351 —
2579 311 2984 368 EXECETICA.
3640 313 3708 369 53

482 453 664 506 nullus
695 451 794 503 hac
834 446 899 501 de
930 461 989 498 re
1031 442 1416 500 controversia:
1444 441 1596 497 locus
1619 457 1741 497 esse
1766 442 1962 506 valeat,
1988 441 2052 496 iis
2081 444 2126 500 Α
2153 438 2506 502 servabatur;
2542 435 2826 491 Matthmus
2854 450 2984 490 sane
3017 433 3233 504 propria
3260 433 3708 503 interpretatione

482 541 767 598 afferendis
796 539 1237 609 Supersedemus.

539 675 621 726 IV.
649 674 842 723 Inﬁnita
880 675 1005 723 dona
1033 675 1260 722 ecclesiis
1292 672 1494 722 Eusebii
1541 679 1762 735 tempore
1787 673 1978 723 collata.

549 798 606 853 In
637 800 900 870 psalmum
929 816 1076 865 Lxxl,
1109 800 1244 854 Deus
1263 801 1525 870 judicium
1554 810 1698 852 tuum
1731 801 1838 870 regi
1865 799 1956 864 da,
1978 799 2043 852 ad

479 893 626 947 [nunc
652 906 889 955 versum,
915 891 984 945 Et
1014 893 1140 946 vivet
1172 903 1220 946 et
1244 893 1458 945 dabitur
1489 893 1536 946 ei
1555 891 1617 944 de
1657 908 1786 944 auro
1810 891 2040 954 Arabiae,

480 982 555 1035 ait
581 980 846 1036 Eusebius
876 1001 888 1035 :
918 981 987 1034 Et
1011 982 1148 1035 alias
1203 999 1403 1052 quoque
1454 983 1508 1036 in
1547 981 1776 1034 ecclesiis
1823 981 2039 1044 Christi,

479 1075 606 1142 ipsis
629 1074 795 1128 oculis
827 1072 1060 1128 videmus
1093 1073 1307 1142 inﬁnita
1362 1089 1426 1127 ex
1486 1091 1616 1126 auro
1651 1089 1784 1143 puro
1813 1074 2039 1137 cimelia,

479 1169 535 1221 in
567 1169 678 1238 ejus
702 1168 949 1221 honorem
972 1176 1297 1220 consecrata.
1319 1165 1436 1232 Quo
1467 1166 1651 1220 videas
1680 1182 1787 1220 non
1819 1182 2039 1230 novum,

479 1275 654 1330 neque
677 1274 869 1314 recens
896 1259 1175 1313 inductum
1199 1274 1404 1313 morem
1438 1273 1580 1321 esse,
1615 1257 1757 1312 dona
1781 1267 1834 1312 et
1879 1258 2042 1312 cime—

481 1353 548 1404 lia
583 1353 636 1404 in
693 1351 943 1407 ecclesiis
983 1349 1189 1405 Christi
1251 1349 1609 1405 consecrandi
1644 1368 1656 1402 :
1689 1350 1820 1418 quin
1861 1349 2040 1418 potius

478 1444 622 1513 quod
647 1442 911 1498 Eusebius
943 1441 1437 1512 frequentissimum
1461 1441 1684 1502 indicat,
1705 1442 1815 1510 jam
1851 1455 2039 1509 perra-

479 1553 599 1590 rum
644 1551 767 1592 csse
808 1535 1428 1606 comprobaturzneque
1479 1533 1619 1588 enim
1656 1535 1728 1586 ita
1780 1534 1943 1586 multa
1973 1547 2038 1587 ex

478 1646 612 1684 auro
655 1645 792 1700 puro
833 1628 1049 1683 cimelia
1086 1627 1141 1680 in
1177 1625 1390 1694 templis
1431 1625 1589 1680 hodie
1641 1623 2034 1694 deprehendas.

476 1718 673 1773 Narrat
719 1735 845 1774 vero
893 1719 1036 1774 idem
1087 1717 1350 1772 Eusebius
1383 1715 1826 1779 Constantinum,
1863 1716 2039 1770 eccle-

480 1813 616 1867 siam
650 1813 764 1868 sive
787 1811 1102 1883 martyrium
1127 1809 1426 1864 Salvatoris
1449 1848 1462 1871 ,
1489 1807 1632 1876 quod
1668 1807 1784 1876 ipse
1828 1807 2040 1876 magni-
2069 1813 2111 1867 Β

476 1902 886 1958 fieentissimum
917 1907 1280 1964 erstruxerat,
1337 1899 1564 1954 infinitis
1611 1898 1854 1953 donariis
1889 1898 2039 1952 locu-

473 1995 730 2064 pletasse,
774 1991 968 2062 partim
995 2007 1059 2046 ex
1121 2005 1255 2045 auro
1315 1998 1369 2044 et
1421 1998 1668 2058 argento,
1719 1989 1913 2058 partim
1973 2003 2037 2042 ex

473 2084 701 2154 gemmis
735 2094 788 2140 et
820 2085 941 2139 aliis
990 2083 1247 2154 pretiosis
1301 2081 1556 2136 cimeliis.
1611 2079 1714 2145 Qui
1747 2080 2040 2150 imperator

473 2177 598 2232 aliis
625 2175 861 2230 fortasse
888 2175 1140 2244 exemplo
1182 2189 1247 2228 ac
1283 2171 1504 2227 stimulo
1538 2169 1720 2234 fuerit,
1758 2180 1815 2224 ut
1843 2170 2040 2224 similia

473 2267 617 2322 dona
663 2266 912 2320 certatim
958 2265 1013 2318 in
1075 2263 1320 2318 ecclesiis
1362 2267 1766 2318 consecrarent.
1802 2259 2038 2329 ldipsum

474 2359 667 2428 paucis
696 2356 891 2426 repetit
922 2357 986 2408 ad
1024 2355 1292 2426 psalmum
1331 2368 1498 2417 cxvu,
1541 2351 1798 2422 additque
1847 2351 2040 2406 diebus

473 2449 778 2520 praesertim
809 2447 1212 2504 solemnitatum
1259 2445 1545 2500 ecclesiam
1589 2443 1747 2498 donis
1769 2457 2040 2498 exornan-

475 2543 601 2596 dam
621 2557 763 2597 esse.
799 2540 899 2596 Ubi
928 2540 994 2595 ad
1025 2541 1139 2594 haec
1163 2538 1472 2610 Symmachi
1500 2536 1696 2600 verba,
1738 2535 2039 2606 Συνδήσατε

474 2637 533 2688 ἐν
583 2634 884 2704 πανηγύρει
940 2631 1290 2702 πυκάσματα,
1341 2629 1446 2691 ἕως
1491 2626 1601 2680 τῶν
1645 2627 1890 2694 κεράτων
1944 2625 2037 2679 τοῦ

475 2727 876 2798 θυσιαστηρίου,
903 2725 955 2778 id
982 2733 1085 2788 est,
1122 2722 1382 2792 Colligate
1403 2723 1456 2776 in
1487 2720 1786 2776 celebritate
1812 2718 2042 2772 demito-

475 2831 547 2875 tes
577 2835 736 2889 usque
762 2817 830 2870 ad
855 2833 1051 2870 cornua
1083 2817 1274 2869 altaris
1297 2835 1314 2878 ;
1363 2815 1477 2868 haec
1502 2813 1664 2868 habet
1694 2833 1704 2865 ;
1737 2810 1835 2865 liis
1865 2819 2039 2864 autem

472 2913 731 2979 prcecipit,
762 2909 941 2964 multis
971 2906 1192 2962 cimeliis
1244 2905 1458 2960 domum
1510 2905 1608 2958 Dei
1637 2903 1854 2973 replere,
1889 2912 2046 2971 atque

474 3004 710 3058 donariis
742 3001 1094 3072 frequentibus
1125 3000 1291 3068 3,:sam
1310 2997 1624 3067 temporibus
1649 2995 2041 3050 solemnitatum

568 3109 746 3148 onare.

1070 3243 1300 3301 CAPUT
1350 3243 1440 3298 IX.

619 3376 983 3417 IISCELLANBA
1030 3375 1259 3422 QUJ‘IDAI
1313 3373 1654 3413 OBSERVANDA
1710 3373 1761 3410 IN
1812 3373 1898 3411 IIIS

1046 3445 1466 3484 COMMENTARIIS.

479 3584 530 3640 1.
567 3582 780 3639 Eusebii
811 3583 874 3636 de
899 3581 1142 3638 Ματιὴωὶ
1165 3581 1445 3651 Evangelia
1469 3579 1856 3651 sententia.rll.
1875 3578 2044 3633 Joan.

549 3673 635 3708 nes
676 3653 935 3707 llebraico
975 3653 1264 3720 exemplari
1298 3649 1426 3705 usus
1469 3664 1568 3712 est,
1626 3649 1828 3703 Paulus
1870 3661 2042 3703 autem

553 3725 735 3778 Crasso
787 3723 939 3776 LXX
971 3723 1341 3792 Interpretum.
1407 3720 1524 3776 111.
1576 3721 1816 3792 Apostoli
1865 3737 2040 3792 omnes

549 3795 806 3862 martyrio
842 3797 1100 3856 coronati,
1127 3809 1191 3846 ea:
1225 3810 1328 3862 qua
1363 3792 1498 3844 tribu
1525 3791 1719 3860 singuli
1741 3791 2042 3860 fuerintde-

551 3865 799 3932 prehendi
829 3875 1019 3932 potest.
1072 3863 1175 3917 1V.
1224 3864 1305 3916 An
1355 3863 1727 3932 prophetarum
1780 3862 2040 3932 successio

552 3930 622 3988 ad
666 3930 924 3989 Joannem
969 3933 1267 4002 Baptistam
1309 3933 1616 4002 pervenerit.
1669 3931 1726 3983 I”.
1782 3930 2038 3983 Eusebius

550 4005 749 4059 labitur
771 4003 895 4058 dum
925 4005 1202 4058 monachos
1236 4022 1266 4058 a
1298 4003 1612 4073 Symmacho
1641 4003 2039 4073 memorarippn-

550 4085 649 4132 tat.
696 4075 792 4130 VI.
825 4075 1071 4129 Monac/ti
1118 4071 1589 4142 perrariitempore
1628 4072 1856 4142 Eusebii.
1907 4071 2036 4142 Vl}.

549 4147 848 4217 Martyrum
878 4141 1146 4217 cruciatus
1188 4141 1507 4217 singulares.
1556 4141 2041 4217 I’lll._._l_ud_(ei.le-

546 4211 929 4288 rosolymorum
960 4216 1121 4288 aditu
1141 4211 1434 4288 interclusi.
1471 4214 1677 4288 Quare._
1710 4211 1814 4265 IX.
1843 4213 2036 4288 Tradi-

551 4283 713 4341 tiones
745 4289 988 4350 qua'dam
1015 4285 1345 4339 Jndceorum.
1376 4283 1444 4336 Χ.
1478 4283 1904 4337 Christianorum
1941 4285 2040 4350 [re-

552 4359 764 4420 quentia
806 4359 862 4408 in
923 4355 1237 4420 Moabitide,
1289 4354 1643 4406 Antmonitide
1677 4363 1725 4405 et
1773 4352 2033 4408 ldumrea.

555 4409 660 4481 XI.
695 4427 951 4479 Eusebius
987 4428 1060 4478 ait
1104 4409 1352 4477 mundum
1385 4424 1644 4490 sphcerica
1679 4423 1852 4488 forma
1897 4439 2036 4482 esse;

551 4508 751 4552 montes
775 4506 824 4551 et
847 4507 1024 4566 petras
1056 4495 1245 4548 sensim
1275 4510 1522 4547 crescere.

680 4632 716 4680 l.
745 4631 938 4682 Eusebii
960 4631 1022 4679 de
1049 4629 1259 4680 Matthaai
1285 4629 1555 4692 Evangelio
1577 4631 1842 4678 sententia.

551 4781 637 4836 Ait
657 4779 923 4835 Eusebius
951 4779 1280 4843 Mattlneum,
1317 4777 1574 4834 Ilebrzeus
1600 4794 1722 4832 cum
1752 4785 1918 4843 esset,
1953 4777 2043 4830 ubi

482 4872 693 4927 Veteris
718 4870 1048 4927 Testamenti
1071 4873 1249 4927 locum
1274 4871 1471 4934 attulit,
1500 4870 1716 4940 prOpria
1738 4885 1894 4923 usum
1925 4884 2047 4923 esse

481 4965 972 5035 interpretatione:
1020 4980 1144 5019 nam
1181 4963 1334 5030 illud,
1376 4971 1631 5050 στρ-’ΣΟ
1669 4969 1833 5022 nrun
1872 4968 2048 5023 .‘I‘J’ZN

477 5057 624 5126 quod
647 5057 719 5110 ita
743 5073 772 5110 a
803 5054 1152 5127 Septuaginta
1175 5056 1565 5126 lnterpretibus
1588 5055 1853 5116 redditur,
1879 5051 2047 5120 Φῢέγ-

480 5147 642 5217 ξομαι
676 5147 1034 5220 προϐλήματα
1049 5147 1351 5218 ἀπ’ὰρχῆς,
1369 5145 1578 5216 Loquar
1619 5144 1945 5214 problemata
1979 5143 2043 5195 ab

481 5239 632 5290 initio
655 5239 832 5308 (l’sal.
868 5255 1073 5303 Lxxvn,
1101 5239 1180 5307 2),
1218 5241 1270 5294 in
1295 5239 1482 5294 Graeco
1508 5237 1742 5291 Matthaei
1788 5243 1935 5288 textu
1965 5235 2046 5288 his

481 5331 664 5385 verbis
681 5333 926 5395 vertitur,
945 5332 1258 5403 Ἐρεύξομαι
1272 5329 1624 5401 κεκρυμμένα
1636 5329 1740 5382 ἀπὸ
1750 5326 2049 5396 καταϐολῆς

483 5423 712 5492 κόσμου,
749 5422 1016 5478 Eructabo
1043 5423 1351 5479 abscondita
1391 5441 1422 5476 a
1455 5422 1828 5476 constitutione
1846 5418 2048 5470 mundi.

485 5517 554 5569 At
584 5531 707 5570 cum
748 5516 1054 5582 Matthaeus,
1088 5517 1309 5580 Irenaeo,
1354 5515 1616 5586 Origene,
1651 5513 1886 5568 Eusebio
1932 5511 2048 5580 ipso

483 5617 536 5662 et
586 5607 916 5682 Hieronymo
943 5612 1196 5675 testibus,
1234 5609 1587 5681 Evangelium
1619 5605 1881 5661 llebraice
1913 5605 2046 5660 scri-

487 5706 676 5772 pserit,
741 5705 897 5774 cujus
949 5687 1226 5774 exemplar
1257 5718 1371 5757 :evo
1405 5699 1715 5772 Ilieronymi
1765 5699 1818 5752 in
1852 5698 2048 5752 biblio—

486 5797 638 5851 theca
682 5796 1042 5861 Caesariensi,
1097 5812 1122 5846 a
1183 5792 1474 5870 Pamphilo,
1510 5792 1743 5864 Martyre
1795 5789 2042 5856 collecta,

2147 530 2332 585 Graeca
2358 545 2490 585 usus
2526 544 2633 582 non
2661 536 2764 590 est,
2815 527 2906 581 sed
2940 525 3058 595 ipsa
3101 524 3368 580 llebraica
3407 523 3571 578 verba
3602 522 3706 595 Sy-

2144 621 2528 677 ro-Chaldaico
2576 635 2848 684 sermone,
2892 619 3072 689 qualis
3118 626 3247 673 tunc
3295 617 3437 688 apud
3488 617 3707 673 Judaeos

2147 729 2247 768 usu
2281 713 2553 775 veniebat,
2584 712 2872 781 expressit,
2905 717 2964 762 ut
3012 709 3067 762 in
3113 725 3247 764 voce
3281 708 3504 762 Lamma
3534 708 3708 765 Saba-

2144 803 2320 858 cthani
2353 801 2751 872 deprehendas,
2789 802 2845 855 in
2895 800 3126 870 aliisque
3169 816 3278 855 non
3309 800 3519 870 paucis,
3547 800 3705 871 queis

2143 894 2318 964 palam
2369 900 2453 948 est
2501 891 2808 946 Mattha-um
2861 891 2916 945 in
2969 890 3260 962 Evangelio
3307 907 3408 947 suo
3442 890 3705 949 IIebraiee

2143 984 2475 1054 conscripto,
2511 983 2687 1038 sicubi
2721 981 2836 1035 loca
2879 996 2945 1036 ex
2999 981 3178 1037 Veteri
3229 981 3579 1039 Testamento
3611 999 3704 1039 oc-

2143 1077 2456 1140 currebant,
2487 1091 2547 1130 ea
2581 1073 3029 1145 Syro-Chaldaico
3051 1090 3298 1131 sermone
3327 1078 3700 1146 expressisse:

2144 1182 2212 1222 an
2241 1184 2371 1223 vero
2405 1169 2619 1238 propria
2654 1168 2743 1222 ille
2765 1168 3204 1236 interpretatione
3239 1168 3311 1222 sit
3349 1182 3503 1236 usus,
3536 1183 3605 1222 an
3637 1185 3704 1224 ex

2143 1261 2249 1314 alia
2294 1261 2444 1330 prius
2501 1260 2764 1315 adornata
2817 1261 3064 1316 versione
3113 1261 3230 1314 loca
3278 1260 3350 1316 sit
3399 1270 3700 1326 mutuatus,

2144 1353 2286 1406 haud
2340 1353 2472 1408 levis
2521 1354 2748 1423 qumstio
2798 1363 2904 1408 est.
2955 1352 3150 1407 Postea
3198 1360 3377 1406 autem
3436 1351 3704 1423 interpres

2141 1443 2382 1508 Crazcus,
2405 1445 2530 1515 quis
2555 1446 2644 1500 ille
2673 1445 2836 1500 fuerit
2869 1446 3134 1501 incertum
3155 1459 3278 1500 esse
3311 1451 3495 1497 narrat
3522 1444 3706 1501 Iliero-

2143 1552 2358 1607 nymns,
2417 1538 2531 1591 haec
2586 1537 2807 1608 propria
2856 1536 3300 1608 interpretatione
3333 1535 3573 1601 donavit,
3605 1552 3705 1593 nec

2141 1627 2278 1682 LXX
2312 1629 2757 1698 interpretatione
2778 1638 2861 1684 est
2889 1645 3045 1685 usus.

2143 1780 2202 1830 Il.
2235 1781 2448 1830 Joannes
2485 1781 2725 1830 Hebraico
2748 1783 3019 1843 exemplari
3063 1795 3178 1829 usus
3199 1788 3293 1841 est,
3321 1782 3502 1833 Paulus
3539 1787 3703 1832 autem

2584 1845 2752 1893 Graec
2774 1843 2894 1892 LXX
2916 1843 3264 1906 Interpreturn.

2206 1963 2467 2021 Joannem
2497 1967 2765 2034 similiter,
2807 1976 2991 2038 utpote
3045 1965 3325 2022 Hebraeum
3381 1976 3434 2024 et
3480 1984 3546 2024 ex
3598 1965 3706 2021 Ile-

2135 2056 2296 2112 brazis
2320 2066 2522 2121 ortum,
2569 2060 2643 2113 ait
2670 2059 2936 2116 Eusebius
2966 2059 3032 2114 ad
3064 2062 3333 2132 psalmum
3369 2076 3458 2127 λι,
3487 2061 3706 2131 propria

2137 2149 2584 2220 interpretatione
2617 2167 2776 2208 usum
2807 2168 2930 2206 esse
2952 2153 3042 2207 ubi
3076 2155 3336 2224 πτέρναν,
3369 2153 3505 2218 sive,
3537 2153 3708 2208 calca-

2137 2257 2291 2294 neum
2314 2242 2497 2305 vertit,
2535 2258 2644 2312 quo
2675 2242 2795 2296 loco
2821 2241 2957 2296 LXX
2990 2245 3339 2315 πτερνισμόν,
3373 2243 3424 2298 id
3452 2252 3556 2307 est,
3581 2257 3708 2310 sup-

2136 2331 2553 2400 plantationem,
2610 2343 2924 2404 posuerant.
2976 2333 3179 2389 Contra
3239 2350 3370 2389 vero
3423 2336 3705 2405 apostolus

2139 2421 2364 2486 Paulus,
2388 2425 2466 2479 sic
2497 2423 2780 2491 Eusebius,
2803 2441 2885 2495 ps.
2906 2427 3050 2490 III,7,
3072 2427 3394 2497 legisperitus
3413 2443 3529 2480 cum
3549 2436 3704 2492 esset,

2139 2514 2194 2569 in
2227 2513 2469 2584 Epistola
2517 2515 2583 2570 ad
2629 2514 2884 2572 Hebraeos
2932 2514 3284 2588 Septuaginta
3345 2514 3702 2586 lntcrpretum

2139 2604 2389 2659 versione
2408 2611 2488 2660 est
2522 2619 2674 2660 usus.
2711 2604 2835 2662 Ilaec
2865 2621 2991 2661 vero
3023 2607 3270 2677 pluribus
3301 2606 3354 2660 in
3383 2606 3707 2661 collectione

2141 2692 2534 2764 Ilexaplorum,
2573 2710 2604 2749 a
2627 2696 2786 2752 nobis
2816 2697 3127 2768 propediem
3151 2696 3492 2765 adornanda,
3518 2698 3705 2769 esplo-

2139 2785 2309 2840 randa
2332 2787 2566 2842 venient.

2212 2911 2302 2962 111.
2324 2913 2550 2980 Apostoli
2569 2927 2742 2980 omnes
2765 2917 2999 2980 martyrio
3017 2918 3250 2980 coronati.
3281 2916 3352 2966 Ex
3373 2930 3471 2980 qua
3492 2916 3624 2967 tribu

2460 2979 2641 3039 singuli
2663 2978 2847 3027 fuerint
2869 2978 3178 3039 deprehendi
3197 2985 3375 3040 potest.

2216 3127 2272 3180 In
2304 3127 2452 3181 illum
2474 3127 2665 3197 psalmi
2689 3143 2813 3182 un
2838 3143 3078 3192 versum,
3102 3127 3170 3181 Et
3197 3128 3502 3182 honorabile
3522 3147 3707 3186 nomen

2143 3235 2324 3274 eorum
2356 3235 2535 3273 coram
2567 3219 2701 3283 illo;
2735 3220 2851 3274 sive
2873 3219 3171 3274 secundum
3197 3220 3600 3291 Symmachum,
3641 3221 3708 3275 Et

2139 3312 2407 3377 pretiosus
2430 3311 2528 3364 erit
2567 3311 2787 3381 sanguis
2827 3327 3008 3364 eorum
3041 3327 3220 3364 coram
3254 3312 3369 3378 illo,
3403 3313 3516 3368 haec
3548 3314 3709 3369 habet

2140 3401 2408 3458 Eusebius
2466 3418 2480 3455 :
2539 3401 2700 3469 Quets
2767 3413 2939 3471 aperte
2993 3419 3164 3457 necem
3216 3404 3432 3458 illorum
3471 3407 3706 3475 (aposto-

2144 3493 2339 3562 lorum)
2401 3493 2771 3556 subindicavit,
2837 3511 2940 3564 qua
3010 3495 3206 3564 singuli
3269 3497 3414 3550 vario
3463 3499 3710 3569 martyrii

2140 3600 2324 3653 genere
2360 3584 2538 3653 aﬂ'ecti
2574 3597 2720 3651 sunt,
2763 3601 2824 3637 ac
2867 3584 3005 3638 alius
3035 3586 3140 3639 alio
3166 3585 3340 3649 modo,
3373 3586 3435 3639 ob
3473 3589 3710 3644 testimo-

2142 3678 2290 3735 nium
2320 3677 2383 3730 de
2415 3677 2509 3730 illo
2551 3678 2761 3742 datum,
2806 3675 3080 3746 sanguinis
3124 3693 3343 3746 agonem
3389 3679 3572 3733 subiit.
3629 3679 3708 3735 Ex

2142 3767 2507 3822 monumentis
2537 3778 2713 3822 autem
2731 3770 2916 3832 certis,
2937 3784 3056 3837 qua:
3081 3768 3192 3837 jam
3222 3781 3538 3838 supersunt,
3564 3771 3708 3826 haud

2147 3857 2298 3912 facile
2326 3867 2407 3912 est
2447 3859 2786 3929 singulorum
2811 3859 3178 3928 apostolorum
3212 3860 3536 3929 martyrium
3561 3876 3710 3916 com-

2144 3951 2390 4020 probare.
2431 3949 2628 4003 Vcrum
2680 3948 2969 4020 Eusebius,
3004 3959 3063 4003 ut
3103 3954 3420 4020 apostolicis
3454 3955 3711 4022 tempori-

2143 4046 2244 4100 bus
2279 4045 2528 4106 vicinior,
2574 4044 2750 4114 potuit
2783 4043 3014 4097 forsitan
3045 4042 3112 4096 de
3159 4045 3428 4116 cujusque
3479 4047 3708 4117 apostoli

2141 4136 2401 4206 martyrio
2429 4136 2692 4190 certiores
2729 4143 2884 4188 notas
2915 4135 3178 4189 invenire.
3215 4135 3310 4192 Est
3332 4153 3458 4191 vero
3493 4139 3708 4207 illajam

2141 4243 2240 4282 usu
2276 4243 2409 4296 pene
2439 4237 2652 4296 recepta
2677 4226 2862 4294 Opinio
2891 4227 3166 4294 apostolos
3195 4243 3384 4284 omnes
3418 4245 3516 4300 pro
3550 4222 3711 4284 Chri-

2141 4327 2228 4372 sto
2256 4333 2447 4386 psssos
2475 4333 2616 4379 esse,
2650 4317 2752 4371 etsi
2783 4332 2890 4369 non
2923 4317 3104 4372 desint
3131 4321 3222 4386 qui
3255 4335 3414 4375 secus
3439 4323 3709 4377 arbitren-

2141 4422 2249 4466 tur.
2280 4409 2479 4465 Verum
2511 4425 2572 4464 ea
2613 4409 2666 4462 in
2699 4425 2756 4463 re
2803 4424 3062 4479 perquam
3091 4410 3306 4467 dillicile
3335 4422 3418 4467 est
3443 4415 3711 4484 explorati

2078 4521 2118 4575 ι)
2144 4502 2420 4573 quidpiam
2447 4503 2638 4556 afferre
2673 4522 2684 4556 :
2721 4517 2844 4556 nam
2875 4504 3172 4572 apostolica
3201 4515 3440 4576 tempora
3478 4517 3527 4562 et
3561 4515 3712 4578 gesta

2151 4600 2322 4652 tantis
2351 4605 2476 4652 sunt
2508 4597 2752 4656 tenebris
2775 4596 2968 4659 offusa,
3003 4606 3061 4650 ut
3087 4614 3186 4652 nec
3210 4599 3299 4653 ubi
3322 4607 3546 4654 mortem
3571 4600 3716 4653 obie-

2149 4696 2259 4744 rint
2289 4690 2542 4760 apostoli,
2594 4690 2784 4759 paucis
2834 4691 3096 4760 exceptis,
3133 4707 3232 4745 nec
3280 4706 3418 4760 quas
3444 4691 3594 4746 orbis
3627 4707 3713 4745 re-

2148 4783 2334 4850 gioncs
2357 4783 2713 4852 peragrarint,
2740 4782 2814 4836 ita
2834 4781 3119 4852 perspicue
3144 4784 3351 4836 narrari
3378 4785 3568 4853 possit.
3604 4783 3712 4837 Nec

2148 4873 2309 4927 modo
2341 4875 2590 4943 quzejam
2620 4874 2909 4928 traduntur
2930 4875 3134 4928 incerta
3163 4884 3324 4941 sunt;
3350 4876 3442 4929 sed
3475 4877 3635 4929 etiam
3667 4875 3713 4928 si

2146 4981 2250 5036 qua
2265 4966 2330 5019 ah
2344 4965 2594 5027 Eusebio,
2610 4974 2663 5020 et
2684 4982 2714 5020 a
2741 4968 2937 5020 comvis
2959 4974 3051 5020 aut
3073 4967 3399 5037 supparibus
3431 4967 3714 5036 scriptori-

2150 5056 2250 5109 bus
2275 5057 2501 5125 carptim
2516 5054 2582 5109 de
2600 5056 2706 5110 illis
2726 5055 3095 5126 proferantur,
3116 5073 3220 5111 non
3249 5058 3320 5110 ita
3354 5057 3498 5111 clare
3523 5073 3715 5112 recen-

2149 5156 2355 5202 sentur.
2383 5145 2536 5212 Quod
2566 5155 2745 5198 autem
2778 5147 2852 5198 ait
2883 5144 3171 5209 Eusebius,
3198 5147 3250 5200 in
3271 5148 3408 5216 psal.
3435 5162 3603 5207 van,
3635 5145 3706 5199 28

2148 5239 2214 5293 ad
2248 5241 2402 5292 linem
2428 5258 2440 5293 :
2465 5237 2522 5292 Si
2536 5239 2652 5307 quis
2665 5253 2780 5291 vero
2801 5252 2891 5304 per
2914 5238 3075 5291 otium
3095 5247 3339 5291 accurate
3362 5238 3711 5307 perquisierit,

2149 5333 2397 5401 cujusque
2421 5330 2645 5397 apostoli
2697 5329 2890 5381 tribum
2926 5329 3140 5395 reperiet
3180 5343 3197 5381 :
3239 5345 3360 5381 nam
3390 5329 3554 5380 cuivis
3580 5341 3717 5396 quc-

2149 5423 2283 5476 renti
2306 5421 2466 5473 datur
2497 5437 2527 5472 a
2555 5420 2831 5474 Servatore
2862 5420 3154 5472 inveniendi
3189 5420 3505 5487 promissio;
3537 5421 3612 5481 id,
3634 5421 3715 5472 in-

2149 5529 2336 5583 quam,
2367 5511 2585 5567 Eusebii
2615 5526 2730 5566 aevo
2766 5513 2998 5566 fortasse
3035 5519 3249 5582 poterat
3282 5528 3347 5566 ex
3395 5526 3716 5565 rnomrmen—

2150 5607 2218 5660 tis
2249 5612 2492 5658 veterum
2539 5603 2830 5673 explorari.
2878 5601 2997 5656 Jam
3042 5619 3170 5658 vero
3201 5619 3323 5658 cum
3359 5618 3547 5656 eorum
3579 5603 3718 5657 bene

2149 5697 2318 5749 multa
2351 5694 2551 5749 fuerint
2580 5702 2847 5748 vetustate
2871 5694 3160 5748 obliterata
3189 5700 3244 5747 et
3267 5691 3563 5757 exstincta;
3603 5690 3716 5744 fru—

2152 5800 2285 5855 stra,
2337 5799 2393 5846 ut
2440 5789 2697 5856 arbitror,
2732 5795 3009 5858 qiueratur
3061 5802 3126 5842 ex
3180 5801 3286 5854 qua
3341 5787 3484 5841 tribu
3517 5784 3720 5858 singuli
