4096 6388
339 360 403 414 57
1125 361 1625 420 COMMENTARIA
1663 362 1730 416 IN
1761 363 2095 421 PSALMOS.
2135 397 2204 404 —
2226 357 2782 422 PIUELIMINARIA:
3505 372 3578 431 58

343 479 573 546 apostoli
605 478 905 548 prodierint.
941 499 952 534 :
985 481 1129 549 quod
1154 482 1318 534 etiam
1353 481 1399 536 si
1432 480 1766 552 deprehendi
1792 498 1912 552 pos-
1938 489 1980 544 Α
2013 483 2218 550 sebius,
2253 483 2469 538 Hilario
2503 493 2556 540 et
2588 485 2826 540 fortasse
2872 485 2963 540 alit
2997 484 3206 555 perrari
3257 489 3309 542 in
3342 489 3574 545 desertis

345 578 444 631 set,
482 586 588 624 non
612 587 803 641 magno
834 587 1010 641 opera:
1033 572 1204 640 pretio
1239 573 1410 628 fieret.

346 663 426 710 IV.
451 664 522 711 An
568 664 919 725 prophetarum
967 665 1314 774 successionad
1354 665 1595 715 Joannem
1637 665 1906 727 Baptistam

976 738 1220 774 uervener
1265 762 1276 774 .

976 738 1276 786 pervenerit.

413 805 595 876 Neque
630 808 755 862 item
782 810 1007 878 probatu
1038 807 1193 863 facile
1213 818 1297 864 est
1323 809 1471 879 quod
1503 809 1580 863 ait
1609 809 1902 873 Eusebius,

349 897 480 964 psal.
515 913 704 962 Lxxut,
739 901 790 965 8,
817 899 974 961 9,10,
995 899 1374 968 prephetarum
1393 899 1792 954 successionem
1813 914 1906 953 us-

346 1003 450 1055 que
474 988 536 1040 ad
570 987 828 1044 Joannem
860 989 1149 1060 Baptistam
1173 992 1458 1047 devenisse
1487 1012 1500 1045 :
1527 1005 1652 1044 nam
1681 1006 1747 1046 ex
1783 991 1904 1044 libri

349 1076 774 1137 Illachahmorum
837 1089 892 1134 et
953 1078 1119 1134 Flavii
1142 1079 1362 1151 Iosephi
1395 1081 1727 1144 testimonio,
1775 1077 1904 1134 Per-

347 1183 529 1222 sarqu
563 1175 804 1239 tempore
819 1170 975 1225 desiit
1005 1172 1095 1224 illa
1126 1173 1508 1242 prophetarum
1534 1173 1732 1238 series;
1759 1177 1815 1224 ut
1840 1187 1905 1226 ne

346 1261 430 1313 vel
445 1276 610 1313 unum
629 1276 658 1314 a
674 1259 940 1316 Nehemize
951 1263 1280 1332 temporibus
1295 1263 1610 1332 prophetam
1626 1263 1906 1333 assignare

345 1351 548 1406 valeas.
569 1350 744 1416 Quare
764 1353 974 1407 testimo
990 1353 1210 1410 Eusebii
1229 1354 1433 1408 dictum
1451 1369 1558 1407 non
1576 1354 1642 1408 ad
1669 1355 1902 1422 litteram

347 1441 722 1510 accipiendum
745 1459 897 1511 esse;
925 1445 1018 1498 sed
1046 1445 1287 1500 indicare
1313 1446 1489 1500 solum
1512 1446 1682 1516 legem
1705 1455 1756 1502 et
1777 1462 1905 1515 pro-

348 1531 538 1600 phetas
573 1532 627 1585 in
660 1531 920 1588 Joannem
948 1535 1248 1605 Baptistam
1271 1535 1544 1598 desinere,
1573 1537 1705 1606 quin
1743 1545 1903 1608 neget

347 1622 711 1678 intermissam
741 1625 1032 1696 aliquando
1059 1627 1226 1682 fuisse
1257 1628 1641 1698 prophetarum
1682 1645 1906 1685 succcs~

345 1730 576 1769 snonem.

347 1803 385 1852 V
433 1805 674 1869 Eusebius
695 1806 879 1856 labitur
897 1810 1010 1858 dum
1044 1809 1303 1856 monachos
1325 1824 1350 1858 a
1377 1809 1666 1869 Symmacho
1717 1822 1904 1858 memo-

407 1868 504 1914 rari
541 1875 696 1928 putat.
724 1896 783 1904 —
812 1870 890 1916 Vl.
915 1869 1134 1918 Monachi
1161 1873 1347 1930 perrari
1376 1868 1598 1933 tempore
1624 1871 1842 1920 Eusebii.

416 1948 496 2001 Ad
523 1949 669 2004 hunc
698 1967 915 2009 versum
942 1952 1136 2022 psalmi
1169 1968 1338 2017 vau,
1366 1955 1470 2020 Qui
1501 1954 1798 2008 inhabitare
1821 1952 1902 2022 fa-

341 2037 413 2089 cit
469 2039 624 2093 unius
679 2041 842 2095 moris
909 2042 962 2094 in
1014 2041 1191 2104 domo,
1250 2051 1493 2096 veterum
1547 2043 1901 2111 interpretum

340 2131 630 2184 lectionem
695 2132 848 2186 affert
895 2131 1181 2197 Eusebius,
1263 2133 1354 2187 ubi
1416 2132 1726 2204 Symmachi
1783 2147 1904 2185 ver-

342 2220 426 2274 sio
481 2221 562 2273 sic
615 2221 774 2276 habet
803 2241 814 2275 :
847 2222 1070 2276 Δίδωσιν
1119 2226 1285 2277 οἰκεῖν
1317 2225 1566 2294 μοναχοῖς
1593 2222 1767 2275 οἰκίαν
1799 2239 1812 2252 ο
1850 2223 1903 2277 id

339 2318 464 2366 est:
496 2310 598 2363 Dat
639 2311 1037 2365 inhabitandam
1072 2313 1342 2367 monachis
1371 2313 1583 2366 domum
1613 2327 1634 2376 ;
1669 2327 1793 2364 nam
1829 2313 1902 2365 ita

339 2416 442 2457 nos
476 2404 736 2458 vertimus
769 2405 898 2474 quia
945 2404 1212 2460 Eusebius
1259 2405 1327 2459 de
1380 2403 1663 2460 monachis
1723 2403 1902 2456 locum

337 2493 578 2562 explicat
611 2511 624 2547 :
675 2494 798 2554 etsi,
829 2509 948 2549 mea
986 2495 1203 2564 quidem
1247 2495 1539 2557 sententia,
1563 2509 1676 2548 non
1709 2508 1902 2546 mona-

337 2584 566 2637 chorum
597 2583 910 2639 institutum
944 2585 1031 2638 hic
1061 2584 1418 2656 Symmachus
1459 2583 1752 2654 respiciat,
1805 2583 1902 2638 sed

339 2675 617 2729 solitarios
645 2676 942 2746 generatim
969 2676 1262 2745 quoslibet.
1287 2675 1502 2729 Atenim
1525 2690 1634 2744 quo
1657 2681 1899 2742 tempore

341 2763 704 2834 Symmachus
731 2767 1038 2820 versionem
1068 2781 1222 2820 suam
1283 2767 1649 2829 concinnavit,
1693 2767 1902 2819 scilicet

341 2854 605 2924 Septimio
624 2855 912 2918 Severo,ut
926 2857 1102 2909 verior
1119 2855 1220 2910 fert
1235 2855 1440 2924 opinio,
1459 2856 1777 2925 imperante,
1796 2871 1908 2908 mo-

339 2947 639 3000 nachorum
666 2963 734 3001 ne
751 2961 948 3001 nomen
967 2947 1183 3018 quidem
1201 2955 1387 3001 notum
1409 2956 1546 3013 erat,
1565 2963 1740 3017 neque
1762 2947 1904 3003 ullus

339 3037 541 3091 tuncin
568 3039 698 3093 orbe
731 3039 1053 3099 monachus,
1078 3039 1180 3094 nisi
1203 3039 1435 3095 fortasse
1458 3040 1512 3093 in
1545 3037 1904 3108 penitioribus

2012 580 2067 628 et
2097 573 2337 628 latibulis
2369 576 2621 644 agebant.
2655 573 2770 630 Sub
2802 575 2916 630 haec
2941 583 3121 630 autem
3154 577 3358 634 Hilario
3387 581 3442 634 in
3476 581 3577 634 Pa-

2012 664 2224 719 laestina
2257 674 2310 720 et
2347 666 2502 738 Syria
2545 669 2741 721 mirum
2794 669 2851 722 in
2906 668 3127 722 modum
3184 672 3575 728 monachorum

2013 757 2322 812 institutum
2355 759 2528 825 auxit,
2583 767 2638 814 et
2686 769 2816 814 tunc
2862 761 3199 817 monasteria
3244 763 3382 818 bene
3410 767 3575 819 multa

2011 850 2228 904 condita
2261 857 2407 904 sunt.

2286 965 2392 1014 VII.
2420 965 2690 1028 Martyrum
2726 969 2972 1017 cruciatus
3005 967 3301 1031 singulares.

2081 1067 2377 1138 Martyrum
2391 1071 2472 1124 sui
2488 1071 2746 1140 temporis
2761 1071 3120 1136 cruciatus,in
3133 1071 3246 1126 btec
3258 1071 3418 1125 verba
3436 1071 3550 1140 psal
3561 1099 3580 1113 -

2011 1158 2084 1211 mi
2104 1158 2277 1226 (Psal.
2293 1174 2415 1223 va,
2431 1159 2810 1226 10):Quoniam
2827 1159 3060 1228 probasti
3071 1158 3576 1230 nos,Deus,ignenos

2008 1251 2326 1305 examinasti
2373 1252 2508 1304 sicut
2555 1252 2892 1305 examinatur
2936 1261 3227 1322 argentum,
3262 1266 3368 1305 non
3401 1251 3576 1307 obiter

2009 1341 2269 1396 describit
2288 1341 2574 1398 Eusebius.
2594 1343 2670 1397 Ac
2697 1343 2824 1398 licet
2845 1343 2899 1396 in
2915 1342 3158 1397 Historia
3201 1343 3574 1407 ecclesiastica,

2009 1430 2076 1485 de
2100 1430 2373 1485 Maximini
2405 1434 2720 1488 carnificina
2748 1449 2934 1503 agens,
2965 1435 3258 1490 multorum
3281 1441 3576 1504 martyrum

2008 1537 2209 1592 agones
2242 1522 2608 1592 descripserit,
2649 1524 2736 1578 hic
2769 1533 2947 1579 tamen
2979 1525 3239 1579 nonnulla
3269 1524 3435 1595 tangit
3464 1526 3570 1580 sin-

2008 1614 2236 1684 gularia,
2270 1629 2371 1669 nec
2404 1614 2542 1670 forte
2599 1615 2728 1669 alibi
2779 1616 3083 1678 enuntiata,
3143 1633 3196 1671 v.
3234 1615 3412 1686 g.:Et
3458 1633 3580 1671 vero

2005 1703 2311 1772 plerumque
2340 1705 2418 1756 vel
2462 1704 2694 1772 pupillas
2747 1704 3018 1759 oculorum
3066 1705 3426 1770 verberabant,
3451 1705 3578 1759 dum

2006 1793 2182 1860 capita
2209 1791 2527 1844 athletarum
2565 1791 2663 1845 Dei
2712 1793 2880 1862 plagis
2917 1793 3194 1850 caederent.
3223 1795 3576 1849 Atrocitatem

2005 1897 2134 1936 vero
2187 1881 2574 1950 suppliciorum
2633 1883 2856 1952 subjicit
2916 1885 3002 1939 his
3058 1886 3292 1941 verbis:
3350 1885 3576 1940 Ferrum

2005 1974 2211 2043 quippe,
2238 1983 2286 2026 et
2322 1973 2463 2041 ferro
2509 1973 2663 2026 illata
2687 1975 2947 2043 supplicia
2967 2016 2982 2040 ,
3030 1976 3240 2046 aliaque
3267 1978 3452 2031 mortis
3489 1995 3577 2047 ge—

2005 2083 2150 2130 nera,
2165 2082 2280 2136 qua:
2311 2068 2543 2120 maxima
2570 2082 2693 2134 pars
2728 2078 2966 2122 nostrum
2987 2071 3258 2133 sustinuit,
3290 2085 3384 2140 pro
3411 2070 3578 2127 nihilo

2003 2165 2376 2226 computantur
2411 2172 2476 2210 ea:
2513 2156 2831 2211 deteriorum
2872 2162 3285 2228 comparatione.
3343 2161 3578 2229 Quamo-

2005 2247 2146 2301 brem
2177 2248 2286 2302 hwc
2310 2248 2517 2318 quidem
2562 2257 2814 2302 tacemus.
2863 2249 3004 2315 Quia
3032 2267 3149 2305 vero
3178 2252 3314 2305 inter
3345 2253 3573 2318 atrocia,

2005 2339 2142 2393 nihil
2194 2340 2471 2407 ,crudelius
2535 2359 2654 2396 nece
2706 2357 2796 2410 per
2842 2343 3012 2412 ignem
3068 2351 3118 2396 et
3173 2360 3366 2414 aquam
3420 2345 3576 2398 illata

2003 2433 2359 2498 existimatur,
2398 2433 2508 2488 ha'c
2565 2451 2659 2487 nos
2706 2449 2975 2502 perpessos
3020 2434 3268 2490 dicimus.
3295 2433 3436 2489 Nam
3477 2436 3573 2489 alii

2004 2531 2243 2574 nostrum
2274 2524 2328 2577 in
2363 2526 2499 2577 mari
2528 2534 2576 2578 et
2608 2526 2660 2579 in
2688 2524 2996 2594 ﬂuminibus
3031 2524 3253 2580 demersi
3300 2537 3444 2591 sunt,
3480 2529 3574 2582 alii

2002 2610 2137 2679 ignis
2163 2613 2473 2680 supplicium
2494 2615 2724 2669 luerunt.
2745 2616 2809 2669 Et
2825 2629 3018 2672 caetera
3039 2634 3158 2689 qua:
3187 2619 3362 2675 fusius
3389 2619 3464 2675 ibi
3488 2621 3576 2675 ille

2005 2701 2374 2768 prosequitur.

2085 2808 2214 2860 Vill.
2237 2811 2393 2861 Judaei
2413 2812 2833 2874 Jerosolymorum
2855 2815 2990 2863 aditu
3012 2814 3287 2876 interclusi,
3305 2828 3479 2878 quare.

2073 2939 2225 2994 Trita
2249 2957 2338 2996 res
2370 2950 2423 2996 et
2444 2942 2576 2995 nulli
2610 2958 2720 2996 non
2753 2949 2879 2997 nota
2907 2951 3012 3006 est,
3041 2941 3246 2998 Judaais
3283 2953 3572 3014 postquam

2003 3032 2384 3088 Barchocheba
2433 3035 2571 3088 duce
2599 3074 2614 3098 ,
2657 3034 2923 3089 seditione
2963 3034 3138 3100 facta,
3194 3035 3298 3090 sub
3334 3035 3573 3093 Adriano

341 3127 559 3200 Egypti
593 3129 922 3193 recessibus,
954 3127 1124 3185 fuisse
1167 3138 1407 3200 putatur.
1463 3130 1643 3196 Quare
1679 3129 1766 3182 hic
1800 3144 1900 3182 vox
1930 3169 1971 3225 C
2005 3127 2247 3197 principe
2293 3127 2460 3182 armis
2494 3128 2707 3183 subacti
2739 3142 2803 3182 ac
2833 3144 2969 3198 pene
2997 3129 3369 3185 internecione
3412 3129 3571 3187 deleti

342 3219 570 3289 μοναχός
601 3234 701 3289 pro
735 3219 980 3274 solitario
1032 3221 1272 3291 quolibet
1313 3221 1369 3275 in
1418 3235 1639 3276 secessu
1683 3220 1901 3290 degenti

339 3310 693 3379 accipienda;
731 3326 840 3364 non
877 3325 974 3380 pro
1007 3313 1310 3377 monachis,
1363 3328 1594 3383 quorum
1643 3328 1673 3366 a
1705 3321 1903 3384 quarto

339 3403 542 3458 saeculo
595 3401 903 3456 institutum
943 3403 1144 3458 ﬂoruit.
1197 3402 1330 3458 Nam
1381 3405 1510 3474 quia
1559 3405 1710 3460 solus
1757 3406 1903 3460 vivat

337 3502 546 3563 oportet
577 3495 667 3564 qui
700 3495 829 3549 velit
855 3495 1046 3550 abesse
1067 3508 1096 3548 a
1127 3495 1391 3548 malorum
1416 3495 1717 3557 consortio,
1749 3501 1904 3564 quot-

338 3591 470 3653 quot
503 3583 840 3642 declinandae
873 3583 1190 3654 frequentiae
1244 3598 1411 3639 causa
1462 3583 1517 3637 in
1552 3599 1774 3638 secessu
1807 3584 1902 3639 de-

340 3676 557 3744 gebant,
593 3676 812 3747 μοναχοί
843 3674 1028 3730 Graece
1055 3675 1456 3730 vocitabantur.
1495 3674 1744 3732 Attamen
1783 3689 1903 3744 quae

339 3766 408 3821 de
438 3765 723 3821 monachis
753 3767 840 3820 hic
889 3767 1054 3821 habet
1107 3765 1376 3822 Eusebius
1429 3782 1542 3824 nor.
1581 3769 1904 3835 praetermit-

339 3857 501 3910 tenda
536 3874 549 3910 :
583 3855 798 3910 Primus
831 3857 1024 3926 itaque,
1057 3855 1154 3920 ait,
1189 3854 1317 3910 ordo
1344 3871 1525 3909 eorum
1552 3855 1642 3924 qui
1674 3857 1724 3906 in
1747 3853 1904 3908 Chri-

340 3961 420 4003 sto
455 3949 759 4018 proﬁciunt,
803 3956 878 4001 est
912 3945 1308 4000 monachorum.
1348 3945 1448 3999 Sed
1485 3945 1596 3997 rari
1643 3955 1763 3996 sunt
1795 3945 1898 4008 illi,

337 4057 500 4113 quare
529 4037 813 4093 secundum
843 4039 1114 4108 Aquilam,
1146 4035 1409 4108 Unigeniti
1443 4035 1541 4089 Dei
1566 4034 1734 4087 uocati
1757 4043 1899 4098 sunt,

337 4135 535 4189 sttniles
569 4133 697 4200 {acti
727 4133 994 4202 unigenito
1031 4129 1174 4183 Filio
1206 4129 1303 4183 Dei
1329 4147 1346 4183 :
1370 4129 1655 4183 secundum
1681 4127 1900 4197 Septua-

335 4229 484 4298 ginta
519 4223 832 4293 lnterpretes
869 4233 1063 4283 autent,
1099 4221 1277 4284 unius,
1335 4237 1439 4274 non
1495 4220 1686 4273 diversi
1741 4219 1902 4272 moris

338 4326 483 4381 sunt,
521 4331 680 4384 neque
708 4313 928 4368 subinde
957 4328 1150 4365 morem
1204 4312 1450 4374 uariant;
1481 4313 1570 4370 sed
1618 4327 1779 4364 unum
1809 4327 1901 4364 co-

339 4411 472 4474 lunt,
504 4409 592 4478 qui
622 4408 690 4461 ad
717 4407 926 4462 virtutis
959 4422 1205 4463 cacumen
1258 4405 1486 4460 advenit.
1529 4403 1682 4473 Ipsos
1723 4414 1900 4456 autent

2004 3225 2152 3283 sunt,
2183 3217 2642 3289 Jerosolymorum
2695 3218 2900 3272 aditum
2959 3219 3314 3276 interclusum
3364 3220 3571 3289 fuisse;

2002 3324 2322 3364 concessum
2377 3317 2556 3364 tamen
2613 3317 2672 3363 ut
2715 3311 3011 3378 quotannis
3048 3311 3113 3366 ad
3152 3320 3333 3369 certos
3371 3313 3572 3370 limites

2003 3401 2220 3472 lugendi
2285 3417 2451 3456 causa
2508 3401 2752 3471 proxime
2814 3403 3004 3456 urbem
3070 3404 3414 3460 accederent.
3468 3405 3564 3462 γε,

2003 3507 2125 3547 rum
2186 3491 2454 3549 Eusebius
2523 3493 2590 3546 ad
2656 3509 2816 3548 suum
2887 3509 3060 3563 usque
3136 3503 3348 3565 tempus
3425 3497 3570 3551 hunc

2003 3599 2208 3640 morem
2272 3585 2453 3656 vigere
2510 3585 2764 3655 graphice
2823 3594 3009 3639 narrat
3062 3586 3149 3642 his
3208 3587 3440 3642 verbis:
3484 3586 3572 3639 Ir-

2003 3685 2208 3729 ruentes
2238 3674 2482 3739 Romani,
2529 3675 2683 3729 dictis
2728 3675 3036 3744 propheticis
3071 3677 3226 3745 ﬁnem
3246 3677 3568 3732 intulerunt:

2003 3760 2256 3830 siquidem
2298 3762 2550 3815 victorum
2615 3763 2742 3832 lege,
2810 3765 3063 3817 universa:
3118 3763 3363 3819 Iudaicae
3428 3768 3571 3836 genti

2003 3849 2153 3901 aditu
2204 3849 2435 3903 locorum
2484 3851 2817 3903 interdictum
2850 3860 2926 3904 est
2961 3867 2979 3904 :
3019 3851 3335 3905 ineuitabilis
3387 3853 3574 3922 quippe

2005 3941 2128 4010 legis
2157 3940 2631 4009 transgressoribus
2662 3941 2918 4007 impendet
2949 3941 3101 3994 ultio.
3129 3940 3479 4007 Quamobrem
3502 3943 3570 3995 ad

2003 4033 2138 4084 hanc
2164 4047 2321 4102 usque
2350 4031 2506 4093 diem,
2533 4030 2600 4081 ad
2630 4042 2796 4083 certos
2828 4032 3074 4084 terminos
3113 4033 3167 4084 in
3217 4033 3442 4084 circuitu
3483 4049 3572 4085 ac-

2003 4120 2258 4185 cedentes,
2285 4121 2467 4189 procul
2488 4120 2780 4173 consistunt
2807 4133 2826 4172 :
2856 4135 3017 4189 neque
3051 4120 3222 4173 solum
3248 4120 3403 4184 illud,
3433 4122 3569 4189 quod

2003 4230 2213 4268 sacrum
2257 4215 2382 4266 olim
2409 4211 2774 4281 reputabatur.
2798 4214 2876 4265 vel
2906 4212 3090 4279 procul
3122 4213 3415 4279 conspicere
3441 4214 3570 4281 ipsis

2003 4306 2330 4366 conceditur;
2364 4303 2452 4358 sed
2473 4303 2618 4371 [oras
2635 4303 3033 4369 circumeuntes,
3059 4301 3370 4370 Scriptum,
3387 4303 3450 4357 de
3466 4321 3569 4374 qua

1995 4394 2112 4463 jam
2145 4395 2340 4463 agitur,
2371 4392 2526 4462 ﬁdem
2558 4393 2859 4455 conciliant,
2891 4391 3126 4446 dicenti:
3154 4411 3171 4442 ι
3198 4390 3574 4448 Conrertentur

338 4507 496 4558 unius
527 4517 692 4566 sonte,
713 4498 1086 4567 Quintaeditio
1118 4499 1336 4562 vacavit,
1359 4508 1412 4550 ut
1450 4508 1566 4567 pate
1590 4497 1678 4566 qui
1712 4497 1900 4550 solita-

2003 4483 2069 4538 ad
2095 4499 2377 4551 uesperam,
2402 4492 2450 4536 et
2480 4481 2674 4548 [amem
2703 4481 2971 4549 patientur
3008 4489 3064 4532 ut
3097 4496 3272 4547 canes,
3296 4491 3345 4533 et
3388 4482 3572 4534 circui-

338 4597 404 4647 rii
427 4605 472 4647 et
493 4591 984 4663 pra'cinctisint.,Et
1001 4592 1054 4644 in
1073 4591 1209 4660 psal.
1228 4605 1457 4653 Lxxxnt,
1480 4591 1513 4642 4
1549 4611 1561 4644 :
1588 4589 1632 4642 Ε
1648 4607 1701 4642 re
1724 4600 1899 4644 autem

335 4685 555 4750 dixeris,
589 4685 852 4754 expeditos
885 4683 1004 4737 illos
1024 4682 1240 4748 milites,
1264 4683 1352 4754 qtti
1374 4683 1716 4737 monasticam
1741 4684 1898 4737 vitam

337 4784 564 4852 amplexi
588 4792 730 4843 sunt,
765 4798 860 4851 pro
881 4778 1180 4849 passeribus
1209 4777 1479 4833 habendos
1514 4793 1658 4842 esse;
1698 4795 1783 4833 eos
1812 4796 1900 4834 au-

338 4884 437 4928 tem
468 4874 556 4942 qui
587 4873 760 4926 liberis
783 4871 914 4925 dant
947 4886 1184 4940 operam,
1205 4885 1266 4924 ac
1284 4869 1497 4940 reliquis
1530 4870 1651 4923 vitw
1677 4870 1898 4939 negotiis

333 4976 382 5020 et
415 4965 554 5024 curis
603 4981 656 5017 se
699 4963 922 5026 dedunt,
947 4963 1169 5016 turturis
1212 4963 1370 5015 vicem
1402 4976 1575 5031 agere.
1616 4961 1734 5024 Quo
1762 4969 1900 5013 tem-

337 5073 468 5128 pore
517 5055 680 5126 igitur
723 5054 992 5110 Eusebius
1043 5054 1158 5108 haec
1206 5053 1472 5108 scriberet
1530 5051 1786 5121 perpauci
1842 5051 1896 5105 in

333 5151 465 5204 orbe
493 5144 745 5200 monachi
773 5155 950 5209 erant,
979 5161 1043 5198 ac
1073 5145 1294 5202 nonnisi
1332 5144 1383 5197 in
1430 5142 1666 5214 Aﬂgypto
1706 5157 1898 5195 mona-

335 5240 530 5295 sticum
564 5252 736 5308 genus
775 5229 1240 5306 fiequentabatur,
1273 5237 1592 5290 auctoribus
1631 5233 1891 5296 Antonio,

333 5332 450 5402 qui,
486 5346 628 5384 anno
661 5329 788 5393 271,
839 5329 1091 5381 monachi
1132 5336 1336 5382 statum
1395 5328 1699 5398 amplexus,
1738 5327 1898 5380 innu-

333 5438 518 5477 meros
544 5422 791 5491 exemplo
829 5435 930 5475 suo
980 5421 1198 5489 pellexit
1236 5420 1302 5472 ad
1337 5435 1522 5490 parem
1551 5422 1674 5473 vitae
1703 5419 1896 5474 condi-

335 5518 535 5570 tionem
566 5513 1028 5585 amplectendam;
1064 5512 1380 5578 Pachomio,
1405 5513 1499 5583 qui
1539 5513 1594 5566 in
1619 5512 1898 5567 Thebaide

334 5607 692 5662 monasticum
731 5622 903 5676 genus
948 5605 1143 5658 mirum
1191 5605 1246 5658 in
1295 5603 1514 5658 modum
1567 5603 1808 5666 adauxit,
1843 5609 1898 5657 et

337 5699 544 5752 Amune
575 5696 854 5761 Nitriensi,
883 5693 1242 5764 complurium
1276 5694 1736 5747 monasteriorum
1773 5692 1896 5745 fun-

337 5789 545 5847 datore.
585 5788 643 5844 In
672 5787 962 5845 Palaestina
1001 5800 1152 5850 vero,
1206 5784 1296 5838 ubi
1327 5783 1486 5844 sedes
1522 5783 1754 5840 habebat
1787 5782 1894 5838 Eu-

2002 4575 2127 4628 bunt
2158 4575 2438 4627 civitatem.
2479 4591 2496 4623 ι
2531 4570 2704 4642 (Psal.
2736 4586 2889 4634 Lvttt,
2967 4570 3056 4641 7.)
3095 4570 3335 4641 ldipsum
3373 4572 3572 4640 repetit

1999 4664 2054 4717 in
2072 4664 2206 4734 psal.
2227 4680 2371 4724 thx,
2406 4661 2496 4726 26,
2525 4661 2825 4731 adjicitque
2868 4659 3077 4715 nullum
3107 4658 3567 4731 JerosolymisJu-

1997 4758 2236 4812 diuorum
2254 4755 2584 4811 domicilium
2605 4770 2907 4824 superesse,
2927 4755 2980 4807 in
2999 4768 3105 4822 quo
3130 4751 3300 4806 Graeci
3331 4753 3570 4808 habitare

1998 4843 2228 4912 possint,
2258 4857 2446 4897 verum
2470 4841 2652 4896 excisa
2677 4842 2857 4894 omnia
2881 4856 2944 4895 ac
2979 4839 3221 4895 funditus
3239 4841 3414 4896 deleta
3446 4841 3569 4896 uni-

1999 4950 2262 5004 versaque
2290 4949 2515 5003 prorsus
2545 4933 2678 5002 ipsis
2702 4933 2913 4986 sublata
2956 4931 3126 4986 fuisse
3151 4950 3166 4999 ;
3193 4932 3264 4985 ita
3294 4939 3352 4985 ut
3387 4947 3570 4988 sacer-

1997 5025 2208 5090 dotum,
2239 5024 2660 5080 Sadducmorum
2707 5033 2760 5078 et
2815 5021 3215 5078 Pharisaeorum
3259 5038 3330 5078 ne
3372 5038 3570 5077 nomen

1996 5119 2214 5189 quidem
2239 5124 2569 5202 superesset.

2274 5208 2354 5258 IX.
2377 5209 2687 5260 Traditiones
2725 5207 2944 5271 quaedam
2982 5205 3281 5256 Judaeorum.

2067 5315 2415 5370 Hebraeorum
2462 5311 2806 5367 traditionem
2839 5309 2914 5362 ait
2941 5323 3096 5375 esse,
3141 5321 3289 5361 mare
3321 5303 3566 5360 Rubrum

1998 5411 2053 5464 in
2081 5408 2356 5464 duodecim
2399 5407 2654 5462 sectiones
2685 5405 2911 5458 divisum
2954 5401 3120 5471 fuisse
3153 5399 3436 5455 secundum
3468 5416 3569 5455 nu-

1999 5522 2200 5561 merum
2221 5503 2495 5560 duodecim
2525 5500 2788 5564 tribuum,
2821 5498 2896 5550 ita
2928 5505 2988 5550 ut
3023 5494 3252 5564 singula:
3308 5492 3484 5548 tribus
3510 5493 3566 5546 in

1999 5593 2278 5663 assignato
2317 5590 2422 5646 sibi
2467 5595 2651 5643 meatu
2695 5585 3122 5657 pertransirent;
3170 5597 3291 5652 rpite
3326 5582 3570 5637 narratio

1992 5701 2108 5740 non
2130 5685 2345 5739 Videtur
2373 5696 2498 5736 cum
2528 5679 2712 5735 divina
2737 5677 3021 5748 Scriptura
3041 5689 3366 5739 consonare,
3404 5682 3568 5743 atque

2002 5780 2123 5836 ideo
2164 5778 2305 5834 inter
2341 5775 2669 5833 Rabbinicas
2723 5773 2934 5831 fabulas
2990 5771 3127 5829 forte
3181 5769 3563 5842 computanda.
