4096 6416
558 309 633 362 59
751 286 755 293 ⁸
1239 309 1512 365 EUSEBII
1544 311 2030 369 ‘CAZSARIENSIS
2066 313 2218 371 OPP.
2254 313 2436 370 PARS
2468 314 2555 371 Ill.
2596 348 2665 358 —
2696 316 3107 374 EXEGETICA.
3736 321 3805 375 (il)

563 423 708 479 lnter
735 422 1082 479 Hebraeorum
1130 425 1453 483 traditiones
1488 430 1695 499 pariter
1742 432 2131 486 recensendum
2163 437 2204 491 Α
2233 438 2385 496 runt,
2429 446 2660 501 quorum
2701 432 2781 487 vis
2812 440 2865 485 et
2915 435 3184 489 sententia
3222 435 3461 489 nondum
3494 435 3802 503 observata,

557 523 645 571 est
670 516 813 585 quod
842 515 1005 571 habet
1029 516 1320 581 Eusebius,
1347 519 1568 575 Azotios
1591 520 1714 574 ideo
1739 521 1792 574 in
1816 522 2137 591 posteriori-

559 605 663 661 bus
693 615 746 660 et
796 607 1084 678 podicibus
1114 624 1408 680 percussos
1437 626 1581 675 esse,
1615 610 1762 682 quod
1814 612 1881 666 iis
1916 612 1970 665 in
2013 628 2137 682 par-

555 698 705 754 tibus
734 708 1074 770 peccassent,
1111 708 1163 757 et
1197 703 1571 775 ἀρῤενοκοῖται
1624 712 1831 767 essent,
1862 705 1970 759 nisi
2026 704 2136 759 lor-

556 798 706 845 tasse
734 807 799 846 ea
831 791 1048 849 Eusebii
1078 793 1272 863 ipsius,
1298 810 1398 849 nec
1446 795 1517 850 ab
1569 795 1691 852 aliis
1721 807 1953 866 accepta
1973 794 2135 851 luerit

550 899 763 952 opimo.

552 994 615 1045 Χ.
641 995 1021 1047 Christianorum
1048 999 1704 1111 freqnerlisiaMoahitide,
1728 999 2056 1051 Ammonitide
2080 1008 2133 1052 et

1288 1076 1314 1108 U
1446 1096 1457 1109 ι

1288 1076 1457 1109 umea.

628 1160 683 1216 In
724 1163 836 1217 haec
883 1165 1059 1218 verba
1112 1165 1251 1234 psal.
1302 1179 1434 1233 cvn,
1487 1164 1575 1226 10,
1626 1164 1785 1219 Moab
1838 1165 1971 1221 lebes
2019 1169 2130 1236 spei

550 1272 703 1318 metu,
734 1257 787 1309 in
826 1254 1118 1311 ldumazam
1170 1257 1449 1311 extendam
1500 1258 1907 1312 calceamentum
1935 1276 2125 1325 meum,

550 1345 663 1400 duo
708 1348 867 1403 nobis
896 1348 1080 1418 aperit
1100 1347 1390 1412 Eusebius,
1426 1347 1679 1403 nimirum
1707 1351 2046 1407 Ammonitas
2073 1360 2128 1407 et

554 1437 821 1494 Moabitas
877 1439 1023 1494 inter
1079 1438 1288 1493 Arabas
1338 1454 1454 1494 aevo
1482 1456 1582 1495 suo
1617 1442 1771 1496 sedes
1829 1442 2121 1510 habuisse;

550 1532 789 1603 itemque
839 1549 1007 1603 penes
1057 1534 1414 1601 Ammonitns,
1465 1536 1726 1589 Mnabitas
1756 1547 1810 1590 et
1859 1534 2125 1593 ldummos

550 1625 817 1679 intinitam
882 1642 1005 1681 esse
1056 1627 1488 1681 Christianorum
1547 1628 1969 1692 multitudinem,
2011 1629 2125 1685 hac

550 1717 671 1785 ejus
710 1718 873 1772 verba
903 1726 1031 1773 sunt
1066 1738 1091 1773 ς
1113 1718 1181 1771 Et
1212 1720 1322 1772 ha'c
1354 1735 1503 1787 opere
1534 1720 1795 1789 completa
1837 1720 1956 1774 licet
1996 1721 2123 1788 ipsis

548 1808 714 1860 oculis
746 1809 1004 1877 percipere
1030 1810 1115 1871 iis,
1173 1811 1264 1879 qui
1297 1810 1351 1862 in
1379 1810 1617 1864 Arabum
1658 1814 1865 1883 regione
1894 1813 2124 1882 peregri-

548 1905 763 1958 nantur,
823 1914 937 1950 cum
976 1898 1181 1951 videant
1240 1896 1510 1953 Moabitas
1541 1910 1588 1953 et
1634 1901 1989 1964 Ammonitas,
2038 1903 2126 1970 qui

542 2001 695 2053 penes
726 1987 846 2041 illos
880 2005 1069 2059 magno
1105 2006 1320 2043 numero
1375 2002 1519 2051 sunt,
1578 1990 1843 2046 Ecclésias
1900 1991 1997 2045 Dei
2032 1993 2127 2045 im-

541 2079 699 2144 plere.
737 2077 1112 2148 Similiterque,
1150 2099 1169 2131 ι
1209 2082 1264 2134 in
1300 2080 1619 2144 Iduma’am,
1655 2083 1853 2152 inquit,
1884 2099 2123 2137 conscen-

542 2169 667 2223 dam
716 2171 1066 2225 calceamento
1125 2188 1270 2233 meo,
1336 2192 1354 2224 ›
1393 2173 1682 2228 secundum
1722 2173 2119 2244 Symmachum.

544 2263 717 2329 Quam
761 2265 885 2316 item
921 2263 1311 2332 prwdictionem
1332 2264 1384 2316 in
1406 2274 1650 2333 promptu
1682 2274 1757 2318 est
1806 2266 2121 2334 completam

543 2353 712 2409 uidere
760 2354 828 2408 iis
853 2355 941 2423 qui
975 2357 1027 2407 in
1054 2353 1346 2408 [dammam
1396 2355 1702 2421 concedunt,
1741 2365 1790 2410 et
1822 2356 2122 2411 multitudi-

540 2461 657 2499 nem
693 2442 1053 2497 Ecclesiarum
1093 2445 1191 2499 Dei
1231 2445 1303 2498 ibi
1339 2447 1704 2515 conspiciunt.
1738 2457 1795 2500 ut
1850 2458 2119 2503 cunctetur

540 2547 689 2585 nemo
712 2533 972 2600 conﬁteri,
1006 2549 1119 2588 vere
1152 2535 1208 2588 in
1257 2536 1372 2588 loca
1397 2535 1494 2589 illa
1549 2553 1886 2591 conscensum
1916 2538 2117 2607 factum

535 2640 667 2678 8888.

540 2733 603 2783 X1
646 2732 891 2784 Eusebius
910 2737 981 2786 ait
1002 2736 1236 2784 mundum
1257 2736 1491 2799 sphaerica
1515 2736 1663 2787 forma
1687 2752 1818 2789 esse.
1849 2740 2040 2790 M'ontes
2062 2747 2116 2792 et

1002 2804 1167 2860 petras
1188 2801 1386 2847 sensim-
1399 2812 1651 2849 crescere.

606 2897 872 2956 Eusebius
921 2900 1039 2970 qui,
1069 2901 1148 2955 uti
1180 2901 1420 2958 diximus
1441 2945 1457 2971 ,
1503 2903 1964 2975 descriptionibus
1999 2908 2112 2977 ple.

534 3003 763 3059 rumque
793 2992 1010 3062 gaudet,
1029 2993 1095 3048 ad
1120 2994 1395 3065 physicam
1427 2995 1657 3051 subinde
1687 2997 2110 3067 speculationem

2239 522 2625 592 interpretibus
2656 523 2876 578 errandi
2909 527 3130 581 occasio
3169 542 3290 583 esse
3321 526 3553 595 possint.
3596 526 3799 596 Hujus-

2236 614 2379 670 modi
2406 623 2582 670 autem
2606 631 2776 685 pauca
2796 617 2882 671 his
2900 617 2954 671 in
2977 619 3384 672 commentariis
3406 626 3642 678 exstant,
3665 634 3803 689 quo-

2237 722 2355 760 rum
2387 706 2657 777 praecipua
2689 707 2778 760 hic
2821 707 3147 778 consignare
3180 715 3235 763 et
3262 709 3551 778 explanare
3583 709 3797 767 visum:

2236 812 2357 853 nam
2382 798 2675 854 minutiora
2704 798 2771 853 ad
2795 798 3029 855 indicem
3061 815 3244 855 rerum
3273 800 3589 868 allegamus.

2629 909 2666 961 Ι.
2692 912 2837 961 Vocis
2871 926 2948 973 ριος
2975 925 3093 960 usus
3116 909 3399 972 singularis.

2304 1013 2609 1086 Singularis
2630 1025 2714 1070 est
2737 1014 2878 1084 apud
2904 1013 3196 1068 Eusebium
3220 1014 3370 1069 vocis
3394 1014 3504 1084 βίος
3534 1013 3799 1084 signiﬁca-

2231 1105 2305 1158 tio
2331 1123 2345 1158 :
2381 1104 2582 1175 passim
2611 1106 2809 1175 quippe
2828 1120 2926 1175 pro
2951 1120 3148 1176 genere
3184 1105 3460 1159 hominum
3488 1106 3754 1174 accipitur
3779 1125 3793 1161 :

2231 1196 2310 1250 sic
2334 1198 2471 1266 psal.
2494 1213 2549 1260 v,
2568 1197 2602 1250 ἓ
2623 1215 2636 1249 :
2659 1197 2908 1261 Τοιοῦτος
2940 1197 3039 1268 μὲν
3058 1192 3150 1250 οὖν
3171 1196 3461 1267 ἐτύγχανεν
3485 1199 3593 1259 πᾶς
3624 1197 3653 1248 ὁ
3691 1197 3797 1269 πρὸ

2227 1287 2326 1358 τῆς
2350 1288 2443 1341 τοῦ
2465 1288 2708 1359 Σωτῆρος
2732 1287 2886 1360 ἡμῶν
2906 1289 3202 1360 παρουσίας
3225 1286 3354 1357 βίος,
3384 1288 3436 1341 id
3466 1299 3573 1354 εει,
3604 1287 3798 1357 Hujus-

2228 1379 2372 1434 modi
2384 1381 2616 1450 profecto
2646 1391 2894 1436 eratante
2914 1380 3208 1437 Saluatoris
3233 1381 3508 1435 adventum
3526 1391 3688 1434 totum
3710 1382 3796 1433 ho-

2226 1472 2427 1525 minum
2455 1489 2613 1543 genus
2640 1490 2659 1527 :
2686 1481 2739 1529 et
2755 1473 2890 1544 psal.
2913 1489 3079 1540 uvn,
3102 1491 3243 1530 vers.
3266 1476 3298 1530 5
3326 1494 3338 1528 :
3359 1476 3472 1527 Ἵνα
3500 1474 3791 1546 ﬁgamus,

2228 1569 2257 1620 ὁ
2278 1565 2409 1630 Θεὸς
2433 1567 2509 1637 τῷ
2537 1570 2644 1621 τῶν
2668 1568 2965 1641 ἀνθρώπων
2995 1569 3113 1639 βίῳ,
3143 1571 3241 1623 hoc
3268 1580 3368 1636 est,
3405 1569 3539 1623 Nam
3573 1583 3626 1623 nt
3659 1572 3792 1625 Deos

2231 1659 2301 1710 ad
2332 1660 2599 1712 hominum
2628 1677 2787 1729 genus
2820 1661 3101 1725 accederet,
3134 1670 3185 1713 et
3213 1662 3411 1729 passim
3439 1663 3575 1717 alios
3603 1680 3614 1714 :
3645 1664 3794 1718 item-

2155 1780 2197 1833 Β
2228 1762 2334 1817 que
2369 1748 2420 1801 in
2448 1748 2555 1802 line
2582 1765 2634 1802 v1
2668 1749 2787 1802 libri
2820 1749 3229 1817 Prwparationis
3255 1754 3582 1823 evangelica’,
3605 1756 3633 1807 ὁ
3658 1756 3793 1826 σύμ-

2229 1855 2340 1901 πας
2371 1837 2478 1891 τῶν
2508 1839 2805 1910 ἀνθρώπων
2839 1841 2970 1910 βίος,
2995 1843 3288 1897 universum
3319 1845 3583 1899 hominum
3610 1864 3788 1916 genus.

2230 1927 2492 1986 Similiter
2542 1932 2905 1998 Athanasius,
2954 1945 2994 1989 t.
3027 1934 3080 2001 ι,
3135 1952 3259 2009 pag.
3299 1938 3456 2001 £255,
3492 1939 3791 2002 καταλαζο-

2227 2020 2507 2092 νευόμενοι
2542 2024 2637 2077 τοῦ
2680 2025 2787 2077 τῶν
2831 2024 3130 2097 ἀνθρώπων
3160 2028 3296 2097 βίου,
3338 2030 3551 2097 superbe
3582 2044 3791 2101 agentes

2227 2111 2504 2166 adversum
2535 2131 2693 2184 genus
2737 2116 3047 2171 humanum.
3085 2118 3204 2185 Quo
3241 2122 3403 2174 etiam
3446 2136 3548 2175 usu
3587 2124 3637 2174 in
3671 2123 3794 2174 aliis

2224 2202 2353 2256 item
2387 2204 3044 2279 scriptoribus'occurrit,
3088 2222 3137 2265 ct
3174 2212 3228 2265 in
3276 2210 3545 2267 Heliodori
3576 2211 3793 2268 Ethio-

2228 2296 2367 2365 picis
2391 2312 2497 2351 non
2529 2300 2696 2353 semel
2724 2300 3064 2357 observatur.

2708 2403 2769 2452 ll.
2803 2402 3028 2465 itemque
3053 2420 3116 2454 τιε
3140 2412 3260 2454 δοιιῑι

2287 2477 2406 2535 Alia
2438 2497 2539 2536 vox
2561 2490 2667 2545 est,
2688 2483 2741 2536 in
2761 2499 2867 2553 qua
2898 2484 3023 2537 item
3055 2484 3244 2539 Latine
3272 2482 3646 2539 transferenda
3676 2499 3785 2539 non

2216 2572 2374 2640 pauci
2406 2573 2731 2644 interpretes
2781 2576 3057 2637 labuntur,
3102 2577 3310 2631 scilicet
3346 2576 3543 2638 δοκεῖν,
3597 2576 3788 2636 videri,

2214 2659 2391 2725 δοκεῖ,
2446 2664 2693 2720 videtur:
2739 2664 2882 2733 quod
2931 2666 3152 2719 verbum
3192 2666 3352 2742 vulgo
3385 2674 3680 2734 usurpatur
3718 2665 3784 2716 ad

2213 2750 2563 2806 minuendam
2580 2753 2991 2809 allirmationem
3012 2773 3026 2821 ;
3046 2755 3118 2808 ita
3148 2763 3209 2807 ut
3235 2755 3304 2818 si,
3336 2755 3484 2809 verbi
3506 2768 3695 2814 causa,
3720 2753 3790 2808 de

2213 2842 2468 2912 quopiam
2487 2842 2722 2908 dicatur,
2745 2844 2892 2899 δοκεί
2921 2842 3057 2900 εἶναι
3092 2846 3276 2914 σοφός,
3316 2846 3520 2900 videtur
3558 2860 3671 2900 esse
3692 2861 3787 2898 ει·-

2209 2936 2379 3005 piens,
2410 2935 2465 2990 id
2491 2944 2550 2989 ut
2584 2944 2961 2993 ssseveranter
2987 2937 3194 2993 dictum
3233 2952 3342 2992 non
3375 2938 3660 3005 habeatur,
3690 2938 3793 2995 sed

2210 3027 2608 3085 dubitationem
2650 3029 2939 3100 quamdam
2979 3030 3251 3102 praferat.
3294 3031 3495 3087 Verum
3532 3032 3789 3103 frequen-

533 3082 783 3191 Z’emmr‘
820 3082 911 3136 An
935 3099 1062 3139 vero
1093 3101 1200 3140 ¹¹⁰¹¹
1248 3101 1356 3191 ιξηξ)
1386 3086 1507 3191 ιθίξίξ
1554 3088 1817 3191 ¹¹¹¹¹¹ξδ¹ξ¹¹¹
1844 3090 2109 3191 ⁸Ρδ⁵ξ⁵τί⁰³
2137 3121 2179 3178 C
2212 3082 2423 3175 tissime
2455 3082 2596 3190 apud
2626 3082 2924 3191 stiriptores
2952 3082 3091 3177 bime
3123 3125 3326 3178 multos
3352 3122 3500 3178 δοκεῖ
3522 3082 3665 3179 nihil
3685 3124 3791 3179 mi-

534 3171 710 3228 i'orma
764 3189 887 3229 esse
943 3194 957 3229 :
1025 3191 1146 3247 quae
1194 3178 1378 3249 Opinio
1424 3180 1553 3235 olim
1598 3181 1908 3252 agitabatur
1965 3184 2111 3240 inter

535 3265 870 3335 scriptores;
918 3266 1040 3323 aliis
1085 3269 1323 3339 planam,
1361 3273 1637 3329 montibus
1681 3282 1860 3329 tamen
1909 3275 2110 3331 distin-

450 3422 453 3425 Α
533 3363 881 3418 ctam,terrae
908 3359 1249 3428 superﬁciem
1307 3362 1750 3431 praedicantibus,
1795 3380 1826 3420 e
1877 3382 2110 3437 quorum

533 3460 762 3502 numero
802 3448 1142 3519 Augustinus
1193 3459 1246 3507 et
1293 3452 1523 3509 Cosmas
1571 3454 1862 3526 Egyptius
1919 3474 2111 3513 mona-

532 3536 689 3602 chus,
744 3540 839 3610 qui
888 3541 1084 3596 librum
1139 3558 1202 3598 ea
1258 3542 1327 3600 de
1376 3560 1433 3599 re
1485 3545 1653 3601 edidit
1690 3547 2108 3619 Topographiam

533 3625 898 3683 Christianam
930 3630 1282 3702 inscriptum,
1324 3635 1418 3689 ubi
1462 3636 1729 3713 sphmram
1790 3640 1963 3695 sacris
1996 3639 2109 3694 Lit-

529 3719 666 3773 teris
715 3727 899 3788 aperte
927 3737 1230 3792 repugnare
1255 3727 1535 3780 contendit
1571 3728 1694 3794 ille;
1724 3730 1848 3785 aliis
1896 3747 2102 3797 veram,

532 3817 587 3863 et
612 3812 979 3881 experimento
1021 3816 1237 3871 demum
1269 3829 1534 3873 assertum
1565 3860 1580 3884 ,
1610 3822 1918 3891 opinionem
1949 3834 2106 3880 tuen-

532 3902 699 3968 tibus,
757 3905 934 3975 qualis
982 3905 1266 3973 Eusebius,
1319 3910 1411 3980 qui
1460 3914 1721 3967 mundum
1778 3916 2102 3985 sphaericum

529 4009 651 4049 esse
704 4011 811 4051 non
865 3999 1029 4053 semel
1061 3999 1339 4055 indicavit.
1376 4001 1504 4057 Eam
1537 4012 1718 4062 tamen
1750 4009 2096 4072 sententiam,

526 4101 634 4141 non
665 4094 721 4141 ut
751 4103 905 4143 suam
940 4090 1048 4156 ille,
1080 4090 1176 4146 sed
1208 4099 1267 4147 ut
1299 4093 1532 4148 alienam
1568 4096 1740 4152 all'ert.
1788 4097 2100 4156 Verisimile

526 4176 651 4233 item
686 4178 981 4234 arbitratur
1009 4191 1222 4238 montes
1280 4192 1336 4240 et
1367 4194 1548 4256 petras
1582 4188 1786 4243 sensim
1827 4206 2096 4255 crescere,

524 4277 689 4339 atque
718 4272 949 4327 occultis
978 4274 1298 4346 intimisque
1330 4278 1681 4334 incrementis
1712 4281 1944 4348 majores
1971 4300 2098 4338 eva-

2214 3213 2335 3266 nuit
2365 3211 2801 3278 aﬂirmationem,
2841 3221 2902 3268 ut
2941 3214 3175 3285 exempli
3210 3217 3385 3286 gratia
3426 3217 3481 3271 in
3518 3216 3604 3273 his
3630 3232 3793 3271 eom~

2211 3304 2493 3359 mentariis
2531 3304 2595 3359 ad
2615 3306 2882 3374 psalmum
2909 3319 3099 3370 cxvm,
3131 3322 3275 3363 vers.
3306 3308 3431 3374 156,
3459 3308 3529 3363 de
3562 3307 3679 3364 Deo
3696 3308 3786 3363 di-

2210 3400 2354 3453 citur
2390 3400 2727 3463 δικαιότατος
2761 3394 2898 3453 εἶναι
2938 3400 3103 3464 Sensi,
3138 3402 3228 3456 ubi
3288 3403 3607 3458 vertendum
3668 3404 3791 3460 sine

2209 3492 2395 3557 dubio,
2433 3493 2765 3561 justissimus
2807 3505 2905 3548 est.
2965 3492 3252 3550 lnnumera
3284 3496 3512 3566 proferri
3562 3506 3797 3567 possent

2208 3597 2332 3635 cum
2358 3598 2424 3637 ex
2451 3582 2706 3643 Eusebio,
2747 3592 2859 3637 tum
2886 3599 2951 3638 ex
2979 3585 3099 3641 aliis
3127 3587 3489 3656 scriptoribus
3513 3586 3781 3656 exempla.

2209 3671 2300 3727 Sic
2329 3675 2468 3744 apud
2500 3675 2881 3739 Athanasium,
2945 3677 3032 3730 ἵνα
3067 3678 3241 3731 τοίνυν
3270 3680 3360 3732 καὶ
3386 3672 3461 3732 ὧν
3497 3680 3783 3750 ἐπιθυμεῖς

2206 3767 2559 3837 τετυχηκέναι
2599 3766 2831 3839 δοκοίης,
2878 3778 2935 3821 ut
2978 3769 3138 3839 igitur
3181 3780 3365 3840 aptata
3419 3772 3779 3841 consequaris.

2208 3854 2313 3912 Sed
2336 3860 2447 3923 jam
2486 3859 2588 3914 hac
2616 3860 2684 3914 de
2715 3876 2774 3914 re
2805 3869 3094 3916 tractatum
3119 3879 3148 3917 a
3172 3864 3331 3919 nobis
3368 3872 3473 3919 est.

2362 4026 2366 4031 ,
2388 3970 2469 4019 lli.
2496 3973 2730 4036 ἑνωτιάνιιν
2744 3974 2862 4033 quid
2880 3975 3131 4037 signiﬁcet
3149 3975 3279 4037 apud
3303 3976 3589 4026 Eusebium.

2273 4073 2329 4129 in
2356 4074 2709 4131 Onomastico
2737 4077 2804 4131 ad
2828 4078 3111 4134 Athanasii
3137 4078 3311 4150 Opera
3346 4084 3657 4139 monuimus
3681 4101 3777 4136 vo.

2201 4183 2316 4222 cem
2349 4168 2693 4238 ἐντυγχάνειν
2727 4170 3047 4240 plerumque
3076 4171 3403 4241 signiﬁcare,
3439 4179 3683 4246 conqueri
3712 4176 3779 4230 de

2200 4259 2413 4330 aliquo,
2462 4276 2744 4321 accusare,
2802 4262 3101 4328 petitionem
3168 4263 3418 4318 adversus
3476 4268 3771 4336 quempiam

523 4363 688 4428 dere;
714 4378 834 4433 quae
861 4366 1245 4433 quorumdam,
1272 4368 1448 4439 inquit
1472 4369 1582 4433 ille,
1600 4372 1682 4425 sui
1705 4370 1800 4427 aevi
1830 4374 2096 4445 physiolo-

2210 4351 2421 4418 nrincipi
2467 4350 2545 4404 vel
2583 4350 2925 4419 magistratui
2961 4352 3186 4420 offerre:
3227 4362 3283 4409 et
3317 4372 3502 4411 vocem
3529 4360 3770 4429 ὲντυχξα,

524 4469 714 4523 gorum
743 4465 859 4510 erat
879 4457 1172 4526 opinio;ut
1193 4459 1306 4529 jam
1325 4476 1355 4515 e
1375 4462 1579 4517 nostris
1596 4474 1721 4517 sunt
1742 4441 1841 4534 qui
1861 4441 2092 4537 idipsum
2128 4459 2172 4514 ῐ)
2195 4442 2496 4537 Ρθξίτίθηωη
2508 4441 2793 4537 ξάγθτειιε
2818 4441 3076 4513 ²¹ίίῖί¹⁶¹ην
3107 4444 3220 4501 Sive
3251 4450 3639 4504 αθδνδαίίοηθη
3671 4465 3772 4506 ⁸⁸³

522 4553 885 4615 propugnent,
914 4550 1410 4622 experimentisque
1440 4531 1897 4612 manifestis-rem
1939 4531 2092 4614 com-
2194 4533 2448 4602 primem'
2508 4531 2712 4589 EOdem
2748 4548 2851 4588 "9“
2902 4537 3353 4608 hﬂ‘m’u‘ivm’
3391 4540 3445 4594 in
3490 4540 3575 4596 "is
3623 4559 3774 4596 ⁰⁰¹¹¹⁹

522 4637 740 4706 probari
765 4638 1058 4696 allirment.

1142 4752 1370 4810 CAPUT
1409 4755 1478 4814 Χ.

524 4875 590 4914 DE
642 4877 931 4921 IDIOTISMIS
976 4883 1182 4923 EUSEBII
1226 4885 1277 4924 IN
1311 4886 1395 4927 HIS
1431 4887 1868 4938 COIIENTARIIS.
1922 4893 1989 4933 ΕΤ
2025 4896 2089 4933 DE

690 4949 964 4990 SINGULARI
995 4953 1321 5001 QUABUIDAI
1356 4957 1534 4999 TOCUI
1564 4960 1919 5003 SIGNIFICATU.

519 5038 561 5100 Ι.
605 5043 757 5100 Vocis
777 5044 918 5113 βίος
944 5065 1072 5103 usus
1112 5044 1415 5175 singularis.
1464 5055 1548 5110 ΙΙ.
1584 5057 1817 5130 Itemque
1854 5059 1959 5113 τοῦ
1994 5061 2091 5113 δο-

586 5116 730 5173 κεῖν.
768 5116 890 5170 ΙΙΙ.
930 5118 1178 5175 Ἐντυγγ
1221 5140 1349 5175 retr
1378 5127 1503 5175 quid
1525 5128 1791 5175 significat
1813 5131 1953 5175 amni
1993 5131 2091 5175 En-

586 5116 730 5199 κειῗγ.
768 5116 1349 5199 Ill;"EIf1{TXdV.‘-Jtr
1378 5127 1503 5192 quid
1523 5116 1791 5199 signiﬁcat
1813 5131 1953 5198 apud
1993 5131 2093 5183 Eu-

586 5186 805 5263 sebium.
833 5187 864 5240 Ι
879 5186 937 5242 γ.
961 5186 1321 5263 Περίᾶἑασις
1336 5186 1430 5263 pro
1447 5186 1774 5253 calamitate.
1813 5186 1869 5253 ν.
1922 5203 2090 5255 Ὑπα-

588 5258 789 5312 κούειν
816 5260 1145 5329 respondere.
1192 5258 1305 5319 V1.7
1322 5258 1620 5335 Σωτήρως
1639 5271 1785 5340 quid,
1812 5281 1910 5325 etc.

588 5366 704 5423 Etsi
733 5385 762 5424 a
786 5371 970 5428 multis
1007 5375 1301 5448 Graeceque
1330 5380 1677 5449 peritissimis
1702 5383 1855 5448 viris,
1895 5386 1948 5440 in
1975 5388 2089 5442 col-

517 5458 731 5528 ligenda
778 5460 1083 5519 Graecarum
1138 5470 1380 5524 omnium
1445 5485 1643 5530 vocum
1696 5474 2088 5546 signiﬁcatione

514 5556 666 5604 tanta
694 5554 766 5606 sit
802 5553 1069 5610 industria
1100 5556 1449 5626 desudatum,
1479 5572 1537 5618 ut
1570 5580 1838 5635 perpauca
1876 5567 1987 5637 jam
2018 5571 2086 5626 ad

515 5642 808 5707 perlectam
844 5643 1152 5701 Graecorum
1190 5650 1521 5719 scriptorum
1552 5654 1959 5726 intelligentiam
1990 5658 2085 5714 de-

514 5727 812 5790 sidercutm
840 5754 857 5805 ;
893 5738 1124 5795 subinde
1144 5747 1324 5797 tamen
1355 5742 1575 5800 nomina
1597 5745 1868 5819 verbaque
1888 5764 2082 5806 occurv

2192 4624 2475 4679 mentariis
2494 4625 2755 4688 occurrit,
2779 4641 2861 4697 ps.
2889 4629 3069 4693 “11,2
3089 4648 3101 4683 :
3125 4630 3369 4701 Ἦρμοζε
3390 4631 3445 4683 δὲ
3467 4632 3533 4686 τὰ
3553 4634 3774 4706 προκεί-

2194 4728 2329 4781 μενα
2353 4712 2447 4764 καὶ
2490 4711 2566 4782 τῷ
2605 4716 2858 4788 προφήτῃ
2901 4716 3077 4788 Ἠλίᾳ,
3112 4718 3171 4783 ὃς
3215 4719 3368 4789 ἔλεγε
3408 4727 3767 4795 γατεντυγχά-

2189 4818 2297 4855 νων
2348 4802 2438 4856 τοῦ
2480 4803 2644 4857 λαοῦ·
2694 4807 2905 4874 Κύριε,
2954 4807 3099 4875 τοὺς
3140 4810 3451 4879 προφήτας
3496 4831 3612 4869 σου
3659 4817 3766 4869 ἀπ-

2188 4894 2478 4958 έκτειναν,
2523 4898 2619 4951 καὶ
2654 4897 2724 4951 τὰ
2755 4897 3151 4967 θυσιαστήριά
3194 4917 3309 4956 σου
3356 4904 3765 4976 κατέσκαψαν.

2190 4985 2243 5039 id
2279 4995 2361 5040 est
2401 5003 2414 5039 :
2458 4986 2584 5041 Haec
2605 5003 2761 5057 porro
2796 4989 2965 5045 Helia.-
2993 4992 3257 5060 propheta?
3271 4998 3645 5067 congruebant,
3676 5004 3767 5068 qui
3866 4985 3876 5039 δ

2191 5075 2414 5130 Domino
2457 5089 2640 5132 contra
2679 5081 2928 5150 populum
2970 5083 3276 5152 supplicum
3313 5086 3389 5140 ita
3434 5087 3763 5157 loquebatur,

2196 5186 2215 5218 ι
2256 5166 2495 5233 Domine,
2546 5172 2825 5241 prophetas
2866 5183 2981 5228 tuos
3011 5174 3331 5242 occiderunt,
3359 5189 3406 5232 et
3432 5178 3627 5234 altaria
3672 5193 3764 5234 tua

2203 5264 2588 5327 subuerterant,
2615 5273 2723 5320 etc.
2786 5286 2805 5317 ι

2612 5376 2691 5426 ιν,
2723 5393 2945 5442 ηιρισισσις
2974 5393 3063 5442 pro
3085 5383 3379 5433 calamitate.

2258 5478 2582 5550 Περὶστασις
2659 5483 2801 5539 idem
2851 5485 2954 5541 sibi
2994 5487 3111 5541 vult
3149 5490 3292 5559 quod
3337 5492 3759 5557 circumstantia,

2185 5570 2326 5638 apud
2355 5570 2776 5640 Quintilianum,
2814 5574 3073 5633 Senecam
3114 5580 3258 5635 etA.
3279 5579 3531 5641 Gellium.
3561 5584 3758 5639 Verum

2184 5663 2477 5733 aliquando
2519 5665 2788 5734 signiﬁcat
2831 5684 3153 5736 aerumnam,
3200 5673 3495 5729 infaustum
3545 5694 3757 5737 casum,

2183 5754 2569 5809 calamitatem.
2598 5755 2716 5823 Quo
2742 5774 2907 5815 sensu
2934 5775 3148 5833 semper
3169 5762 3222 5817 in
3246 5762 3331 5819 his
3355 5767 3773 5825 commentariis.
