4096 6402
286 368 348 425 Gl
1102 347 1610 410 COMMENTARIA
1649 344 1713 399 IN
1754 342 1882 398 PSA

1984 338 2091 394 os.
2123 295 2192 379 ᾁ-
2225 328 2764 391 ΡΒᾹΞΙΛΜΙΝΑΠΙΑ.
3465 316 3533 372 se

290 491 605 556 usurpatur.
623 481 713 536 Sic
729 495 809 550 ps.
830 491 907 543 ιν,
923 475 980 538 9,
998 474 1065 528 ll)
1091 493 1104 528 :
1139 470 1343 527 Μαθὼν
1355 469 1465 540 γὰρ
1481 467 1631 539 παρὰ
1646 465 1738 519 τοῦ
1754 466 1870 517 Σω-

1980 455 2125 511 ιεηάε
2156 463 2240 508 e-t
2267 452 2382 506 :sic
2432 451 2467 522 ἡ
2503 450 2765 520 σωτήριος
2789 438 3121 503 διδασκαλία,
3146 434 3399 492 salutaris
3431 431 3532 484 do-

2058 545 2076 556 '
2294 541 2326 556 -'
2664 545 2836 556 --η-λι-..
2913 527 3202 556 o..r..........'.
3257 523 3496 556 Αηρηεηη
3518 536 3531 546 .

287 583 452 653 τῆρος
483 579 576 631 καὶ
597 574 702 629 τῶν
731 572 837 626 σῶν
864 564 1226 637 ἐπαγγελιῶν,
1243 564 1345 626 ὃτι,
1363 564 1410 615 εἱ
1428 560 1522 616 καὶ
1548 561 1614 613 τὰ
1635 558 1866 631 μάλιστα

279 647 430 726 -κατὰ
462 668 553 721 τὸν
601 662 869 719 ἐνεστῶτα
914 660 1030 732 βίον
1061 657 1231 711 λύπαι
1272 672 1359 725 μοι
1403 654 1499 707 καὶ
1532 648 1737 720 θλίψεις
1774 647 1868 701 καὶ

248 753 255 759 δ
292 760 588 834 πειρασμοὶ
633 759 726 812 καὶ
776 754 1125 826 περιστάσεις
1162 751 1242 811 οὐ
1293 746 1688 813 διαλείπουσιν,
1751 739 1867 794 ἀλλ’

292 831 444 909 ἔσται
474 831 559 924 μοι
581 849 771 922 καιρὸς
796 849 826 900 ὁ
857 847 954 917 τῆς
978 841 1300 911 ἀπαλλαγῆς
1328 837 1423 893 τοῦ
1452 836 1721 907 σώματος,
1747 831 1867 887 καθ’

290 947 349 1000 ὃν
380 948 437 999 ὲν
468 923 659 1017 εἰρήνῃ
685 942 982 1011 ποιήσομαι
1002 936 1098 1006 τὴν
1132 932 1386 1004 κοίμησιν
1406 947 1419 960 ·
1454 929 1559 983 hoc
1578 933 1662 981 est
1689 945 1702 979 :
1736 923 1870 979 Cum

292 1039 429 1093 enim
463 1055 495 1089 a
526 1033 826 1096 Saluatore,
865 1045 1028 1099 exque
1066 1026 1343 1098 promissis
1392 1023 1500 1076 tuis
1546 1018 1868 1082 edidicerint,

291 1128 503 1184 etiamsi
530 1127 658 1180 mihi
687 1124 918 1189 dolores,
945 1135 1215 1183 utrumme,
1242 1116 1574 1177 tentationes,
1599 1110 1872 1165 calamita-

294 1232 370 1275 tes
416 1222 471 1273 in
505 1218 756 1289 prtesenti
799 1216 905 1269 vita
952 1230 1056 1268 non
1099 1210 1370 1280 deﬁciant,
1421 1207 1660 1277 futurum
1698 1212 1871 1255 tamen

294 1313 428 1367 mihi
461 1321 659 1379 tempus
702 1317 799 1369 est,
839 1323 941 1376 quo
980 1323 1014 1359 ιι
1044 1318 1260 1372 corpore
1301 1297 1548 1353 decedam
1578 1312 1640 1349 ac
1667 1297 1874 1363 inpare

293 1404 577 1458 dormiam.
619 1398 731 1455 Etsi
763 1404 944 1453 autem
993 1396 1078 1452 his
1134 1388 1543 1450 commentariis
1583 1403 1691 1441 vox.
1716 1385 1874 1455 περί-

297 1511 487 1557 στασις
514 1493 717 1564 passim
750 1495 1027 1553 occurrat,
1060 1488 1151 1542 vix
1180 1484 1393 1553 uspiam
1425 1481 1533 1535 alio
1574 1493 1739 1535 sensu
1770 1490 1875 1530 usu

294 1587 463 1652 venit,
493 1599 656 1656 quam
690 1598 790 1652 pro
834 1578 1147 1635 calamitate
1178 1594 1191 1630 :
1233 1574 1545 1643 frequenter
1582 1569 1710 1623 item
1739 1563 1876 1620 dici-

297 1688 387 1733 tur
423 1675 804 1749 περιστατικὸς
849 1671 1070 1742 καίρὸς,
1117 1685 1212 1740 pro
1258 1676 1485 1732 tempore
1532 1660 1877 1721 calamitosa,

297 1778 353 1824 ct
379 1767 639 1823 mrumnis
674 1767 855 1836 pleno.

778 1898 837 1948 ν.
863 1899 1062 1948 tum...
1084 1890 1410 1954 respondere;

368 2046 670 2105 Observato
720 2045 856 2100 item.
879 2042 1076 2113 dignus
1111 2051 1196 2096 est
1232 2037 1383 2092 vocis
1418 2033 1711 2089 ὑπακούειν
1740 2044 1876 2085 usus

298 2156 398 2212 pro
430 2136 784 2208 respondere:
820 2134 979 2202 cujus
1034 2132 1147 2201 jam
1196 2128 1442 2197 exempla
1473 2124 1757 2178 attulimus
1785 2120 1872 2175 t.l

296 2247 522 2302 operum
548 2226 829 2283 Athanasii
848 2241 903 2296 p.
922 2224 1045 2280 554.
1070 2221 1195 2277 Fuit
1212 2228 1390 2274 autem
1403 2233 1512 2272 vox,
1531 2216 1721 2271 istlttec
1738 2213 1876 2267 mul-

297 2329 474 2377 torum
512 2328 622 2373 tam
646 2327 912 2380 veterum,
939 2328 1101 2385 quam
1135 2309 1499 2366 recentiorum
1519 2307 1873 2376 interpretum

298 2414 581 2485 secpulus,
605 2412 698 2482 qui
723 2409 908 2464 audire
923 2405 1007 2461 vel
1024 2403 1308 2460 subaudire
1332 2406 1646 2456 verterunt:
1679 2410 1876 2467 quaml-

294 2507 481 2561 obrem
512 2518 620 2558 non
641 2502 812 2557 absre
828 2499 991 2554 fuerit
1006 2497 1251 2566 exempla
1268 2492 1517 2566 quaedam
1533 2507 1596 2545 ex
1617 2490 1703 2544 his
1726 2501 1877 2542 com-

297 2597 584 2654 mentariis
606 2592 871 2666 proferre.
888 2590 944 2646 ln
959 2589 1278 2662 prmlatione
1292 2584 1513 2641 Eusebii
1536 2584 1589 2638 in
1608 2581 1875 2641 Psalmos,

300 2675 624 2761 (infrafcol.
663 2685 754 2755 81)
791 2704 806 2756 ε
838 2683 1029 2737 Ἦνίκα
1079 2681 1259 2734 τοίνυν
1294 2677 1524 2748 ἐσκίρτα
1571 2672 1631 2726 τδ
1655 2668 1880 2740 Πνεῦμα

297 2781 392 2835 ἐπί
421 2797 545 2833 τινα
567 2779 676 2831 τῶν
710 2775 983 2847 ἀρχόντων
1010 2772 1120 2826 τῶν
1147 2767 1461 2841 ψαλτῳδῶν,
1480 2768 1529 2820 οἱ
1556 2763 1730 2818 λοιποὶ
1756 2762 1882 2832 ἡσυ-

295 2872 420 2943 xta»
447 2866 582 2941 ἦγον
599 2865 945 2940 παρεστῶτες
965 2854 1058 2918 καὶ
1080 2861 1446 2922 ὗπακοΰοντες
1471 2853 1773 2927 συμφώνως
1801 2849 1880 2922 τῷ

297 2963 573 3034 ψάλλοντι,
609 2956 945 3030 ’Δλληλούῖα,
980 2956 1034 3011 id
1063 2961 1148 3011 est
1170 2974 1183 3009 :
1207 2953 1336 3007 Cum
1356 2952 1541 3020 itaque
1561 2946 1792 3013 Spiritus
1824 2943 1885 2996 in

300 3054 601 3136 quempiam
620 3051 917 3121 principum
939 3056 1217 3102 cantorum
1238 3042 1487 3103 insiliret,
1519 3038 1693 3094 caeteri
1711 3035 1887 3107 quiete

303 3126 525 3215 agebant
540 3149 798 3202 astantes,
817 3155 880 3192 ac
911 3153 1030 3192 uoce
1055 3150 1283 3190 consona
1305 3126 1881 3202 psulleutiresponden—
1908 3150 1950 3206 ε

305 3247 402 3299 tes,
420 3234 673 3289 Alleluia.
698 3230 954 3303 Apertius
974 3244 1103 3284 vero
1134 3226 1282 3282 Psal.
1315 3239 1466 3288 uxr,
1496 3235 1623 3277 vers
1649 3218 1717 3274 l9
1736 3237 1750 3273 :
1772 3216 1887 3270 Καὶ

304 3332 404 3383 ὲπε
412 3328 565 3399 ιδήπε
571 3344 603 3400 ρ
628 3325 801 3380 ταῦτα
815 3324 876 3378 τὺ
890 3320 1117 3393 Πνεῦμα
1132 3319 1193 3373 τὸ
1211 3320 1365 3389 ἆγιον
1383 3311 1734 3388 προφητικῶς
1759 3309 1895 3381 μέλ-

304 3417 464 3473 λοντα
487 3399 706 3471 ἔσεσθαι
741 3413 1134 3488 προανεφὼνει,
1166 3410 1333 3483 χορὸς
1357 3406 1600 3476 ἀγγέλων
1624 3399 1886 3457 ὑπακούει

307 3508 698 3580 συνευχόμενος
724 3508 791 3577 τῇ
832 3504 939 3558 τῶν
969 3502 1317 3577 πραγμάτων
1348 3494 1641 3559 τελειώσει,
1675 3488 1897 3546 πιστού-

311 3601 471 3673 μενός
502 3617 560 3653 τε
592 3597 733 3652 αὐτὰ
753 3597 848 3651 καὶ
870 3596 1045 3665 λέγων
1063 3612 1077 3626 ·
1110 3592 1344 3654 Γένοιτο,
1375 3587 1612 3657 γένυι-τοί
1639 3584 1745 3638 hoc
1770 3589 1854 3643 est
1871 3598 1893 3634 :1

309 3692 382 3746 Et
408 3692 532 3759 quia
561 3691 672 3745 lucc
704 3689 938 3758 Spiritus
976 3694 1194 3741 sanctus
1222 3680 1518 3752 prophetica
1544 3677 1728 3747 futura
1752 3688 1891 3743 prte-

308 3785 541 3847 dixerat,
569 3782 761 3837 chorus
814 3780 1120 3851 angelorum
1160 3775 1437 3845 respondet
1464 3789 1573 3826 una
1606 3770 1889 3839 deprecans

308 3894 406 3948 pro
428 3878 505 3932 rei
531 3876 1003 3936 consummatione,
1027 3872 1226 3941 illaque
1241 3868 1572 3936 conﬁrmans
1588 3879 1648 3916 ac
1673 3862 1850 3914 dicens
1869 3875 1889 3912 :

313 3967 464 4034 Fiat,
501 3968 629 4038 ﬁat!
656 3966 859 4021 Eodem
890 3978 1127 4035 quoque
1155 3958 1462 4031 signiﬁcatu
1499 3970 1601 4008 vox
1643 3967 1891 4023 προσυπ-

313 4058 534 4115 ακούειν
573 4060 698 4116 alibi
735 4054 991 4123 occurrit,
1020 4053 1076 4108 id
1102 4059 1206 4113 est,
1232 4048 1301 4102 ad
1327 4041 1528 4116 aliquid
1560 4038 1890 4109 respondere.

314 4151 490 4222 llujus
520 4150 696 4215 vocis,
744 4148 849 4203 hac
890 4142 1160 4202 sententia
1205 4146 1463 4210 acceptas,
1516 4130 1903 4205 frequentissi-

316 4259 447 4300 mus
486 4252 571 4298 est
618 4239 762 4313 apud
791 4238 1092 4309 scriptores
1139 4230 1442 4304 praesertim
1490 4224 1894 4284 ecclesiasticos

315 4351 486 4392 ιιειιε..

886 4463 970 4517 VI.
995 4476 1173 4526 ιιιιτςμος
1198 4460 1335 4524 quid,
1358 4463 1471 4508 etc.

388 4595 579 4651 Parem
621 4592 891 4649 cautelam
925 4589 1185 4645 adhibeas
1228 4585 1285 4640 in
1338 4598 1470 4639 voce
1503 4580 1766 4651 σωτήριος
1795 4590 1896 4646 pro

320 4694 554 4758 utroque
578 4699 776 4757 genere
804 4680 1107 4737 masculino
1138 4687 1193 4735 et
1221 4676 1481 4733 feminino
1521 4666 1776 4739 usurpari
1806 4681 1898 4722 so-

321 4781 442 4845 lita,
482 4777 641 4847 cujus
673 4775 822 4846 prior
866 4769 1192 4843 signiﬁcatio
1217 4779 1300 4824 est
1328 4765 1619 4829 salutaris;
1655 4760 1750 4818 sed
1782 4759 1894 4815 ire-

323 4871 610 4943 quentiori
648 4885 750 4924 usu
797 4866 939 4937 apud
983 4861 1416 4925 ecclesiasticos,
1459 4855 1737 4914 salvatoris
1770 4866 1893 4907 vcr-

1970 545 2179 608 ctriua;
2221 541 2400 611 aptius
2434 548 2613 593 autem
2664 545 2871 598 vertas,
2908 527 3202 585 Saluatoris
3255 523 3531 584 doctrina;

1969 636 2160 693 eodem
2201 633 2363 689 modo
2408 630 2550 702 apud
2579 625 2966 687 Athanasium,
3000 619 3063 673 τὸ
3095 618 3356 687 σωτήριον
3395 627 3534 684 pag.

1972 728 2156 803 τύριον
2179 770 2194 794 ,
2236 727 2550 797 martyrium
2587 723 2702 778 sive
2745 716 2967 773 ecclesia
3012 708 3327 768 Seruatoris.
3364 705 3421 759 In
3452 704 3538 759 his

1974 838 2103 878 vero
2131 818 2536 877 commentariis
2568 815 2649 870 sic
2679 813 2789 867 fere
2820 822 3033 877 semper
3063 801 3354 870 intelligas.

2038 912 2098 967 ιη
2128 911 2217 966 his
2245 904 2652 964 commentariis
2686 900 2887 972 passim
2915 897 3196 954 observes,
3218 901 3404 942 vocem
3428 883 3543 937 ἀλλ’

1973 1007 2028 1079 ἡ.
2059 1020 2180 1076 quae
2208 1001 2499 1073 signiﬁcat,
2534 998 2657 1059 nisi,
2690 994 2778 1048 ubi
2803 989 3047 1060 sequitur
3081 980 3311 1041 vocalis,
3342 976 3545 1032 omissa

1972 1069 2282 1168 particula;
2331 1089 2398 1160 ἦ.
2478 1085 2741 1161 exprimi-
2811 1080 2903 1134 Sic
2958 1076 3053 1130 lib.
3141 1088 3199 1128 III
3234 1092 3249 1127 :
3283 1069 3550 1168 Κληρονο-

1976 1157 2072 1258 ξιία
2102 1186 2158 1239 δὲ
2200 1157 2365 1237 aurci;
2395 1180 2480 1242 τίς
2616 1174 2752 1247 μετὰ
2786 1171 2877 1224 τὸν
2910 1169 3169 1240 πρότερον
3209 1162 3334 1216 λαδν
3363 1158 3476 1215 ἀλλ’
3512 1157 3547 1228 ἡ

1974 1251 2032 1344 te
2057 1276 2226 1332 ἐθνῶν
2263 1270 2578 1342 Ἐκκλησία,
2608 1267 2662 1321 id
2691 1273 2774 1322 est
2810 1284 2823 1318 :
2864 1260 3159 1316 Ilwreditas
3196 1270 3354 1327 porro
3377 1251 3546 1309 illius.

1972 1384 2216 1440 quamam
2245 1373 2359 1420 erat
2383 1340 2497 1433 post
2522 1360 2748 1429 priorem
2766 1355 2919 1409 illum
2938 1350 3210 1421 populum,
3241 1345 3345 1399 nisi
3366 1340 3550 1396 Eccle-

1975 1429 2056 1513 sia
2082 1455 2364 1526 gentium?‘
2383 1429 2475 1505 ubi
2519 1447 2633 1502 ἀλλ’
2666 1448 2700 1517 ἡ
2728 1461 2827 1515 pro
2859 1441 2973 1496 ἀλλ’
3004 1439 3100 1511 ἡὴ
3142 1431 3379 1508 ponitur.
3413 1429 3550 1486 Sex-

1976 1553 2136 1601 centa
2163 1551 2322 1598 notes
2349 1540 2550 1596 similia
2590 1539 2645 1593 in
2678 1537 2764 1591 his
2788 1530 3216 1589 commentariis.
3248 1525 3339 1580 ubi
3367 1523 3550 1577 hiatus

1975 1636 2182 1692 vitandi
2206 1649 2372 1690 causa
2396 1634 2431 1703 ἦ
2459 1638 2585 1686 ante
2608 1627 2852 1685 vocalem
2875 1624 3162 1679 omittitur.
3191 1619 3257 1675 Et
3282 1613 3550 1689 principio

1978 1733 2194 1801 quidem
2253 1732 2509 1800 putabam
2559 1737 2658 1793 ego
2704 1718 3115 1773 amanuensium
3156 1715 3289 1770 vitio
3338 1713 3373 1783 ἡ
3417 1709 3551 1764 illud

1976 1823 2281 1888 excidisse;
2327 1832 2517 1873 verum
2549 1815 2677 1884 quia
2722 1813 2777 1864 in
2816 1809 3091 1874 omnibus,
3121 1806 3271 1861 nullo
3298 1809 3549 1872 excepto,

1977 1916 2258 1973 codicibus
2291 1913 2454 1966 etiam
2505 1905 2925 1976 antiquissimis,
2975 1903 3050 1957 ita
3088 1899 3290 1970 passim
3327 1896 3547 1967 legitur,

1975 2016 2187 2065 certum
2240 2005 2414 2059 habeo
2463 2001 2532 2055 ab
2564 2000 2685 2068 ipso
2728 2002 2951 2051 auctore
2991 2003 3340 2062 suppressam
3372 1988 3550 2055 εὐφω-

1976 2101 2094 2164 νίας
2119 2113 2248 2168 ergo
2302 2092 2622 2165 particulam
2657 2090 2846 2144 fuisse.
2883 2085 3076 2140 Parem
3123 2080 3365 2136 omnium
3399 2077 3552 2137 codi-

1977 2207 2101 2246 cum
2137 2199 2467 2243 consensum
2515 2182 2769 2236 advertas
2797 2180 2851 2233 in
2888 2190 3019 2231 voce
3059 2170 3426 2227 ἁποκλάεσθαι
3453 2182 3552 2240 pro

1977 2277 2393 2341 ἀποκλαίεσθαι,
2411 2275 2537 2345 ﬂere
2553 2288 2571 2335 ;
2586 2286 2708 2342 quae
2722 2266 3163 2338 lrequentissime
3180 2265 3283 2319 hoc
3314 2264 3367 2317 in
3389 2276 3552 2331 opere

1976 2376 2275 2441 comparet,
2306 2372 2361 2421 et
2403 2363 2649 2429 ὲξέκαον,
2678 2374 2779 2430 pro
2813 2358 3077 2425 ἐξέκαιον.
3109 2351 3213 2408 Ubi
3248 2365 3434 2406 eorum
3459 2349 3551 2421 qui

1979 2437 2211 2515 antehac
2235 2454 2548 2510 Graecorum
2588 2450 2916 2520 scriptorum
2947 2458 3112 2515 opera
3160 2441 3376 2513 publica
3414 2437 3557 2493 fece-

1978 2561 2127 2614 runt,
2161 2561 2368 2603 morem
2391 2552 2686 2602 sectamur.
2712 2541 2751 2594 li
2781 2539 2949 2602 enim,
2977 2536 3104 2608 quia
3127 2531 3411 2604 euphoniae
3432 2545 3556 2602 gra-

1979 2649 2054 2700 tia
2082 2644 2307 2714 ταμεῖον
2335 2652 2435 2709 pro
2462 2636 2730 2707 ταμιεῖον,
2754 2630 2912 2700 ὑγεία
2944 2644 3043 2699 pro
3071 2625 3250 2694 ὑγίεια
3282 2623 3560 2694 legebatur

1979 2738 2036 2792 in
2066 2732 2368 2789 codicibus.
2392 2727 2598 2783 omisso
2633 2724 2811 2794 primo
2847 2738 2886 2785 t,
2926 2721 3156 2790 ταμεῖον
3180 2728 3235 2773 et
3267 2715 3424 2783 ὑγεία
3447 2714 3558 2784 ple-

1979 2840 2210 2897 rumque
2243 2821 2555 2878 ediderunt.
2592 2816 2915 2884 Quanquam
2965 2811 3083 2866 leve
3122 2809 3356 2863 fortasse
3374 2808 3562 2862 videa-

1980 2928 2095 2984 tur,
2119 2929 2340 2972 monere
2374 2927 2446 2967 ne
2470 2910 2670 2982 pigeat,
2703 2920 2891 2962 vocem
2928 2902 3113 2965 Δαυῖδ,
3159 2915 3289 2971 qua:
3316 2899 3478 2969 vulgo
3504 2898 3559 2953 in

1981 3008 2264 3066 codicibus
2309 3006 2415 3061 Δᾰδ
2460 3002 2690 3072 legitur;
2736 2996 2915 3052 sicubi
2962 3001 3075 3050 tota
3124 2992 3468 3048 describatur
3504 2991 3559 3044 in

1981 3095 2372 3155 vetustioribus
2397 3085 2811 3156 manuscriptis,
2836 3098 2933 3153 per
2966 3100 2996 3134 υ
3027 3079 3203 3137 cll'erri
3236 3076 3421 3142 Δαυῒδ,
3452 3090 3561 3131 non

1986 3153 2163 3249 sua“
2200 3187 2385 3250 Δαϐίδ,
2434 3190 2496 3239 ιιι
2544 3182 2600 3235 in
2637 3153 2800 3234 editis
2834 3173 3132 3229 Bibliorum
3184 3170 3400 3241 legitur.
3435 3153 3563 3237 quia

1984 3299 2179 3355 nempe
2204 3282 2260 3335 in
2288 3273 2575 3332 Hebraicis
2598 3265 3024 3338 exemplaribus,
3051 3278 3146 3334 per
3176 3277 3278 3317 uau
3307 3270 3400 3321 ττι
3441 3262 3565 3317 des-

1989 3353 2237 3430 cribitur.
2266 3367 2385 3434 Qua
2424 3368 2480 3422 in
2516 3380 2579 3420 re
2604 3370 2853 3417 veterum
2883 3359 3125 3413 omnium
3174 3353 3422 3408 codicum
3456 3365 3566 3404 tuo-

1986 3482 2101 3524 rem
2123 3462 2289 3534 sequi
2309 3460 2484 3517 visum
2505 3461 2609 3512 est.

2057 3557 2351 3619 Caeterum,
2385 3560 2445 3607 ut
2472 3563 2757 3620 speramus
2789 3559 2902 3599 non
2934 3541 3205 3610 ingratum
3239 3532 3425 3588 lectori
3451 3529 3567 3586 lore

1988 3648 2286 3705 Eusebium
2317 3651 2566 3700 nostrum
2587 3679 2602 3704 ,
2637 3639 2711 3692 ita
2740 3637 2794 3691 in
2824 3642 3033 3706 partem
3070 3627 3257 3698 gratia:
3287 3621 3567 3678 vocandas

1989 3755 2279 3798 censemus
2327 3751 2445 3799 eos,
2489 3733 2582 3803 qui
2615 3730 2777 3785 nobis
2823 3726 2906 3782 vel
2957 3722 3176 3779 codices
3218 3717 3304 3772 vel
3343 3728 3564 3786 operam

1991 3833 2275 3888 contulere
2304 3841 2481 3884 suam.
2508 3823 2585 3877 Ex
2617 3821 2783 3891 Regia
2805 3826 2954 3872 certe
2974 3810 3325 3885 bibliotheca,
3343 3806 3569 3877 jubente

1990 3921 2362 3981 illustrissimo
2388 3918 2581 3972 abbate
2617 3928 2687 3967 ne
2719 3912 2975 3973 Louvms,
3008 3903 3253 3975 ejusdem
3291 3898 3566 3971 praefecto,

1992 4016 2210 4073 codices
2250 4010 2410 4067 nobis
2439 4022 2538 4079 pro
2573 4012 2720 4067 voto,
2757 4003 2918 4070 idque
2952 3999 3017 4052 ad
3054 3997 3372 4050 diuturnum
3408 4006 3568 4047 usum

1992 4107 2177 4164 traditi
2202 4116 2330 4161 sunt
2360 4116 2390 4154 a
2429 4094 2765 4154 doctissimis
2808 4099 2863 4145 et
2905 4085 3258 4143 amicissimis
3284 4082 3420 4137 viris
3447 4080 3568 4136 Cle-

1996 4206 2164 4254 mente
2186 4204 2241 4248 et
2270 4190 2530 4253 Boivinio,
2563 4183 2906 4241 custodibus.
2938 4177 3131 4239 Parem
3159 4172 3570 4229 beneﬁcentiam

1994 4287 2200 4361 experti
2255 4299 2447 4342 sumus
2493 4294 2663 4351 penes
2708 4269 3202 4331 eminentissimum
3242 4262 3571 4318 cardinalem

1996 4400 2064 4439 ne
2094 4383 2339 4441 COISLIN,
2373 4375 2465 4446 qui
2497 4372 2656 4428 nobis
2695 4366 2905 4423 codicis
2935 4357 3374 4435 prmstantissimi
3408 4367 3571 4424 supra

1927 4489 1974 4548 ι)
2001 4470 2284 4531 memorati
2326 4445 2540 4537 copiam
2575 4461 2721 4517 fecit.
2770 4457 2836 4512 Et
2885 4451 3313 4510 illustrissimum
3359 4445 3562 4499 archie-

2000 4570 2286 4641 piscopum
2325 4534 2841 4627 Ro'thomagensem,
2874 4547 3032 4618 cujus
3055 4542 3396 4599 bibliothecae
3419 4534 3571 4591 codi-

2002 4631 2250 4718 cibus—ad
2282 4664 2472 4712 nutum
2496 4650 2601 4705 frui
2634 4648 2780 4708 licet,
2815 4648 3043 4697 curante
3062 4637 3215 4691 Dom.
3239 4633 3311 4689 du
3337 4631 3573 4693 Chesne,

2004 4747 2441 4813 bibliothecario.
2469 4744 2651 4808 Salve,
2688 4737 2901 4795 erudite
2932 4735 3124 4789 lector.
