4096 6426
515 394 585 449 65
1211 387 1477 445 EUSEBII
1513 384 1996 443 CASSARIENSIS
2035 382 2187 441 OPP.
2220 383 2424 440 PARS.
2468 384 2558 441 Ill.
2598 416 2668 427 ~——
2706 383 3119 442 EXEGETICA.
3689 387 3758 440 ω

1723 705 1833 767 DE
1875 704 2544 767 CONTINUATIONE

824 881 1979 984 COMMENTARIORUM
2058 881 2546 973 EUSEBII
2636 882 3445 974 CIESARIENSIS

1137 1080 1189 1140 Α
1242 1074 1577 1140 ΡεΑιΜο
1608 1075 1810 1139 CXIX
1857 1074 2125 1151 USQUE
2179 1074 2297 1135 AD
2343 1073 2808 1139 PSALTERII
2854 1075 3140 1139 FINEM

1576 1251 2075 1332 EDITOI’JS
2152 1251 2685 1330 MONITUM.

990 1435 1211 1511 (Angela
1242 1432 1375 1500 Μιι,
1410 1431 1746 1488 Bibliotheca
1774 1447 1911 1487 nova
1942 1429 2195 1497 Patrum,
2228 1436 2271 1485 t.
2307 1427 2399 1494 Ν,
2445 1445 2500 1501 p.
2555 1429 2647 1484 65.
2681 1431 2866 1486 Romae
2898 1430 3053 1494 I847,
3091 1430 3269 1503 in-l.)<

578 1682 671 1737 Vir
703 1681 1057 1748 doctissimus,
1089 1692 1136 1737 et
1169 1683 1231 1738 de
1275 1682 1444 1737 sacris
1478 1681 1699 1737 Litteris
1730 1684 2110 1740 immortaliter
2151 1686 2390 1747 meritus,
2434 1702 2495 1738 ac
2532 1683 2800 1741 Πανί-ἔκαε
2845 1684 3068 1756 familia:
3116 1703 3377 1741 summum
3417 1686 3595 1752 decus,
3634 1688 3765 1743 Bero-

499 1777 699 1831 nardus
742 1777 1170 1847 Montfauconius
1201 1778 1253 1831 in
1294 1778 1610 1847 praefatione
1643 1777 1715 1830 ad
1760 1777 1976 1833 Eusebii
2004 1778 2347 1834 Cwsariensis
2376 1796 2505 1848 quos
2547 1777 2712 1832 edidit
2748 1777 3169 1834 Commentarios
3208 1781 3277 1834 ad
3302 1778 3649 1845 Psalterium,
3684 1784 3763 1835 ait

496 1886 551 1937 p.
582 1884 641 1922 Ill
678 1887 692 1923 :
731 1886 750 1919 ι
793 1866 972 1938 Neque
1013 1876 1185 1921 tamen
1214 1867 1267 1920 id
1299 1867 1547 1938 consequi
1577 1869 1870 1936 potuimus,
1906 1880 1963 1922 ut
1998 1878 2162 1922 totum
2189 1869 2620 1923 commentarium
2650 1869 2719 1923 ad
2742 1869 2987 1924 ultimum
3019 1887 3181 1940 usque
3216 1872 3479 1940 psalmum
3504 1887 3570 1927 cn.
3597 1875 3650 1926 in
3678 1873 3793 1925 lu»

496 1976 603 2014 cem
629 1960 862 2029 proferre
887 1959 1065 2013 liceret
1091 1976 1109 2013 :
1141 1960 1194 2013 in
1242 1960 1389 2013 nullo
1420 1961 1561 2014 enim
1597 1974 1662 2014 ex
1699 1961 2007 2014 memoratis
2036 1960 2301 2013 codicibus
2329 1959 2472 2013 ultra
2497 1974 2662 2015 cum
2712 1962 2978 2030 psalmum
3005 1962 3274 2032 quidpiam
3307 1962 3548 2032 offertur.
3581 1963 3765 2031 Quod-

494 2071 590 2124 que
615 2071 709 2124 per
739 2052 867 2106 mihi
894 2054 1087 2107 mirum
1126 2054 1296 2108 visum
1315 2061 1417 2117 est,
1455 2052 1667 2108 Catena:
1696 2052 1811 2106 illa!
1834 2050 2007 2122 Regia:
2036 2051 2372 2123 (Parisiacw)
2401 2067 2517 2121 quae
2547 2068 2709 2121 usque
2738 2053 2807 2106 ad
2830 2068 2995 2108 cxvut
3023 2053 3288 2123 psalmum
3316 2056 3767 2125 interpretationi-

495 2149 589 2205 bus
633 2148 842 2203 Eusebii
863 2156 1109 2209 utuntur,
1146 2148 1223 2201 ita
1252 2155 1310 2199 ut
1334 2146 1514 2199 nullus
1539 2155 1765 2199 veterum
1795 2147 2135 2214 interpretum:
2165 2143 2297 2198 adeo
2325 2144 2678 2214 frequentatus
2718 2155 2985 2209 occurrat,
3013 2147 3064 2200 in
3090 2162 3256 2202 cum
3283 2149 3488 2217 psalmo
3512 2151 3586 2203 ita
3606 2152 3765 2220 ﬁnem

494 2244 695 2312 faciunt
727 2243 1011 2298 Eusebium
1034 2244 1088 2296 in
1122 2240 1352 2295 medium
1382 2241 1661 2310 afferendi,
1689 2250 1746 2294 ut
1777 2257 1842 2295 ne
1861 2243 2069 2294 verbum
2087 2240 2293 2310 quidem
2326 2240 2546 2294 ulterius
2573 2238 2786 2295 Eusebii
2804 2252 3127 2309 compareat.
3152 2241 3298 2297 Unde
3313 2244 3606 2314 conjectare
3629 2247 3766 2317 forte

496 2339 671 2402 liceat,
696 2357 728 2393 a
747 2339 929 2393 multis
937 2340 1056 2409 jam
1082 2338 1295 2393 saxulis
1318 2334 1971 2391 EusebiiCommentarios
1988 2336 2085 2389 hac
2100 2336 2387 2405 posteriore
2412 2336 2494 2387 sui
2505 2344 2655 2402 parte
2674 2344 2944 2389 truncatas
2964 2335 3300 2391 librariorum
3323 2337 3527 2393 incuria
3543 2339 3722 2408 fuisse.
3739 2359 3759 2391 ι

497 2431 564 2485 Et
592 2432 799 2504 quidem
841 2430 1278 2502 Hontfauconius
1331 2438 1468 2483 recte
1508 2444 1601 2482 nos
1649 2442 1843 2495 monet,
1877 2426 2163 2481 Eusebium
2202 2428 2258 2480 in
2294 2436 2460 2480 totum
2496 2441 2675 2494 reapse
2721 2427 3043 2482 Psalterium
3076 2428 3370 2499 scripsisse,
3407 2440 3533 2485 teste
3575 2430 3767 2486 Hiero—

495 2540 650 2596 nymo
686 2523 761 2580 De
794 2525 985 2595 script.
1012 2524 1177 2586 eccl.,
1211 2537 1329 2590 cap.
1358 2522 1418 2574 8|
1449 2540 1462 2574 :
1494 2540 1512 2572 ι
1557 2519 1814 2574 Eusebius
1850 2521 1904 2573 in
1930 2535 1999 2573 ει.
2018 2519 2251 2586 psalmos
2292 2517 2682 2573 eruditissimos
2716 2517 3133 2575 Commentarios
3170 2520 3355 2575 edidit.
3395 2541 3414 2574 ι
3454 2520 3520 2575 Et
3554 2523 3607 2576 in
3652 2524 3767 2591 epi-

494 2618 635 2672 stola
679 2618 767 2684 75,
798 2617 867 2673 ad
908 2617 1268 2688 Augustinum
1294 2630 1313 2669 :
1352 2633 1370 2665 ι
1410 2613 1653 2668 Psalmos
1699 2613 2031 2682 interpretati
2064 2622 2186 2667 sunt
2234 2611 2377 2675 apud
2421 2609 2631 2667 Cra'cas
2673 2614 2878 2674 primus
2909 2614 3180 2695 Origenes:
3216 2614 3474 2673 κτωμένη
3508 2613 3763 2675 Evasi",

496 2709 865 2779 Cwsariensis,
909 2750 924 2767 .
969 2752 983 2767 .
1029 2750 1045 2765 .
1084 2708 1152 2765 de
1171 2710 1369 2783 integro
1400 2707 1739 2767 Psalmorum
1777 2728 1995 2782 corpore
2014 2706 2259 2770 dicimus.
2301 2733 2322 2767 ›

567 2827 669 2883 His
696 2846 791 2899 ego
830 2828 975 2899 apud
1008 2826 1470 2896 Montfauconium
1517 2828 1685 2891 lectis,
1715 2839 1767 2884 et
1792 2846 1910 2883 cum
1953 2848 2021 2885 ne
2049 2831 2190 2900 apud
2244 2830 2489 2887 Cordarii
2518 2832 2724 2902 quidem
2770 2833 3025 2889 Catenam
3074 2832 3361 2890 Eusebium
3413 2835 3621 2904 uspiam
3647 2848 3765 2904 post

495 2920 697 2975 dictum
746 2923 1029 2977 terminum
1081 2920 1294 2974 laudari
1321 2921 1568 2983 viderem,
1599 2922 1818 2991 quasivi
1845 2921 2027 2977 sedulo
2060 2925 2114 2977 in
2154 2924 2426 2979 Vaticanis
2465 2926 2733 2980 codicibus
2765 2928 3001 2999 nunquid
3030 2929 3167 2998 forte
3206 2928 3418 2992 lateret,
3452 2927 3592 2998 quod
3619 2929 3764 2982 ultra

497 3015 811 3084 praedictam
835 3016 949 3085 ejus
976 3015 1258 3070 editionem
1292 3022 1609 3069 excurreret.
1654 3014 1723 3069 Et
1752 3017 1988 3070 continui
2017 3018 2227 3088 quidem
2255 3020 2644 3082 commentarii,
2668 3020 2844 3090 qualis
2882 3019 3023 3091 apud
3050 3020 3508 3091 Hontfauconium
3534 3030 3634 3084 est,
3656 3030 3762 3075 tres

498 3108 606 3162 vidi
633 3107 834 3162 codices
873 3107 1177 3169 Vaticanos,
1216 3124 1438 3178 quorum
1467 3117 1642 3162 tamen
1688 3107 1869 3163 nullus
1900 3110 2044 3164 ultra
2079 3112 2344 3181 psalmum
2383 3127 2516 3177 cxu,
2559 3124 2750 3182 prater
2790 3115 3093 3185 interjectas
3133 3115 3374 3179 lacunas,
3426 3113 3760 3183 procedebat.

503 3203 646 3275 Ergo
675 3204 745 3257 ad
775 3202 1006 3258 Catenas
1051 3201 1338 3257 Vaticanus
1378 3219 1680 3267 conversus,
1713 3203 1770 3256 in
1797 3203 1985 3273 quibus
2016 3204 2229 3260 Eusebii
2259 3204 2532 3260 abundant
2559 3216 2828 3276 excerpta,
2861 3208 2915 3260 in
2955 3207 3215 3278 plerisque
3243 3208 3417 3277 utique
3457 3207 3643 3278 agnovi
3670 3205 3764 3262 de-

501 3301 658 3368 ﬁcere
695 3299 906 3352 omnino
947 3296 1230 3352 Eusebium
1268 3306 1384 3368 post
1419 3296 1677 3367 psalmum
1710 3312 1901 3357 cxvm,
1934 3313 2050 3368 qua:
2079 3314 2160 3352 res
2201 3314 2316 3352 cum
2354 3297 2743 3369 Mantfauconii
2780 3298 2846 3353 de
2892 3298 3184 3354 Parisiacis
3214 3297 3427 3354 Catenis
3455 3300 3763 3352 narratione

502 3391 766 3461 congruit.
801 3390 904 3445 Sed
952 3399 1127 3444 tamen
1165 3389 1304 3460 quod
1330 3390 1451 3443 huic
1492 3388 1647 3443 docto
1689 3387 1881 3443 editori
1909 3406 2012 3443 non
2045 3389 2250 3461 obtigit,
2282 3402 2337 3443 ut
2384 3391 2530 3445 ultra
2568 3407 2688 3445 eum
2740 3392 3021 3444 terminum
3054 3389 3359 3461 pra’tervehi
3404 3399 3599 3459 posset,
3632 3390 3762 3443 mihi

502 3482 774 3539 commode
800 3500 863 3538 ac
907 3483 1130 3553 feliciter
1173 3482 1376 3538 obvenit
1403 3500 1422 3537 :
1451 3483 1639 3537 etenim
1668 3482 1805 3536 inter
1853 3491 1925 3535 tot
1973 3481 2278 3546 Vaticanus,
2317 3492 2423 3538 tres
2455 3484 2629 3538 inveni
2660 3482 2914 3547 Catenas,
2953 3483 3007 3537 in
3041 3482 3231 3554 quibus
3269 3480 3482 3536 Eusebii
3515 3490 3761 3549 excerpta

503 3594 607 3631 non
631 3574 1008 3630 contemnenda
1042 3591 1205 3645 usque
1247 3577 1317 3628 ad
1346 3572 1602 3628 Psalterii
1632 3574 1787 3644 ﬁnem
1816 3573 2076 3644 leguntur.
2124 3573 2311 3628 Prima
2339 3584 2418 3630 est
2461 3585 2649 3630 catena
2676 3576 2957 3645 pervetusti
2995 3574 3314 3629 membranei
3337 3573 3556 3637 codicis,
3578 3574 3762 3628 saeculi

504 3668 669 3737 ferme
690 3684 745 3721 ιι
768 3683 918 3738 quem
947 3668 1003 3721 in
1027 3666 1214 3736 Cyrilli
1236 3666 1464 3721 editione
1485 3666 1562 3738 (in
1586 3682 1688 3736 qua
1724 3665 2012 3720 Vaticanus
2035 3665 2103 3718 ad
2134 3667 2458 3721 Psalterium
2490 3666 2721 3722 Catenas
2751 3667 3028 3737 descripsi)
3059 3665 3328 3738 designavi
3350 3666 3530 3720 littere
3560 3664 3629 3721 υ.
3662 3667 3763 3721 Se-

504 3764 681 3815 cunda
707 3769 785 3814 est
817 3760 1011 3815 codicis
1047 3763 1168 3815 item
1197 3761 1409 3831 egregii,
1441 3760 1753 3830 bombycini,
1779 3760 1960 3813 sceculi
1979 3760 2190 3815 circiter
2219 3776 2342 3826 xm,
2365 3777 2520 3832 quem
2550 3760 2793 3815 deuotavi
2832 3760 3011 3814 littera
3047 3760 3111 3817 (Ι.
3151 3759 3334 3814 Tertia
3365 3767 3445 3813 est
3467 3756 3664 3813 codicis
3691 3756 3757 3823 C,

505 3854 793 3908 chartacei.
828 3852 1058 3923 Denique
1094 3853 1253 3906 etiam
1286 3854 1343 3906 in
1375 3851 1640 3906 codicibus
1668 3850 1718 3904 E
1736 3861 1784 3905 et
1816 3850 1881 3916 L,
1914 3852 2172 3906 nonnulla
2200 3851 2413 3908 Eusebii
2436 3862 2556 3923 post
2593 3867 2760 3908 cxvm
2789 3853 3051 3922 psalmum
3080 3852 3281 3908 scholia
3299 3860 3598 3921 supersunt.
3625 3850 3759 3917 Qua:

507 3961 627 3998 cum
658 3945 734 3997 ita
763 3962 817 3999 se
842 3944 1108 4008 haberent,
1150 3943 1296 3998 nolui
1327 3943 1565 4015 equidem
1606 3943 1840 3998 oblatam
1880 3944 2189 4014 facultatem
2232 3946 2472 4001 omittere
2510 3946 2785 4014 supplendi
2812 3948 3092 4018 egregiam,
3120 3954 3377 4016 quantum
3423 3944 3550 3997 mihi
3579 3944 3752 4007 licuit,

506 4034 898 4104 Montfauconii
947 4036 1254 4103 editionem,
1287 4044 1338 4091 et
1373 4036 1420 4089 si
1449 4052 1551 4089 non
1575 4036 1835 4107 integrum
1879 4036 2091 4091 Eusebii
2113 4035 2583 4106 Commentariunt,
2616 4039 2803 4094 saltem
2845 4040 2960 4109 ejus
2996 4047 3239 4106 excerpta
3276 4037 3609 4103 et«reliquias
3640 4047 3757 4091 stu-

503 4131 650 4184 diose
676 4147 703 4184 ε
732 4129 997 4185 codicibus
1019 4141 1277 4201 sumptas,
1311 4128 1602 4184 Latinitate
1632 4130 1812 4195 etiam,
1845 4132 2148 4184 imminente
2178 4132 2343 4200 prelo,
2380 4149 2411 4185 a
2444 4148 2525 4186 me
2553 4118 2803 4193 donatas,
2838 4129 2907 4184 ad
2930 4129 3181 4184 Ecclesia!
3213 4144 3367 4184 usum
3386 4125 3683 4198 perducere.

575 4243 740 4299 Porro
773 4244 913 4298 haud
950 4246 1256 4299 continuum
1284 4244 1419 4298 hunc
1441 4261 1552 4299 esse
1580 4243 2050 4308 Commentarium,
2076 4245 2194 4315 jam
2223 4246 2360 4318 dixi,
2395 4248 2520 4318 quia
2562 4246 2772 4300 nonnisi
2807 4261 2835 4299 e
2861 4245 3059 4298 catenis
3091 4253 3363 4313 euerptus
3383 4259 3416 4296 a
3447 4242 3594 4297 nobis
3631 4241 3755 4311 fuit.

502 4335 645 4400 Quid
671 4338 826 4390 vero?
859 4334 1046 4388 Nonne
1069 4345 1118 4389 et
1145 4336 1429 4390 Athanasii
1456 4336 1511 4388 in
1544 4334 1809 4400 Psalmos,
1846 4353 2018 4391 nonne
2040 4338 2199 4390 etiam
2234 4317 2544 4393 Theodoreti
2577 4338 2631 4391 in
2676 4335 2880 4391 Isaiam
2905 4336 3186 4405 deperdita:
3212 4336 3580 4406 expositiones,
3613 4335 3761 4401 priaa

503 4427 581 4480 ris
606 4424 812 4495 quidem
840 4442 871 4478 a
913 4424 969 4480 Μ
976 4426 1339 4495 ontfauconio,
1380 4427 1688 4496 posterioris
1722 4445 1752 4482 a
1781 4427 2066 4484 Sirmondo
2088 4445 2115 4483 e
2144 4427 2357 4485 Catenis
2389 4430 2754 4485 tantummodo
2784 4430 3032 4486 delibata:
3057 4432 3312 4501 fuerunt?
3342 4430 3409 4484 Et
3438 4428 3645 4501 quidem
3660 4429 3765 4498 ,ᾔει-ι

500 4517 682 4571 dicare
708 4534 764 4572 se
797 4518 925 4571 dicit
955 4516 1293 4583 Sirmondus,
1329 4518 1613 4574 medullam
1640 4521 1781 4575 haud
1820 4521 1974 4575 dubie
2003 4537 2317 4592 succumque
2347 4523 2596 4593 cujusque
2613 4524 2794 4593 scripti
2814 4525 3069 4578 contineri
3098 4525 3151 4578 in
3181 4522 3394 4579 Catenis
3419 4522 3606 4577 solere.
3639 4519 3757 4574 Etsi

502 4621 676 4666 autem
708 4612 817 4666 lucc
852 4610 1066 4665 Eusebii
1092 4611 1297 4666 scholia
1327 4613 1381 4665 in
1402 4612 1661 4683 plerisque
1696 4615 1917 4683 psalmis
1950 4616 2192 4669 tenuiora
2230 4624 2375 4680 sunt,
2408 4624 2641 4669 attamen
2672 4616 2725 4670 in
2763 4615 2962 4686 aliquot
2987 4616 3061 4669 ita
3099 4614 3391 4678 abundant,
3432 4623 3489 4666 ut
3512 4627 3668 4681 prope
3690 4630 3771 4667 ex.

503 4707 705 4775 integro
744 4720 896 4773 opere
943 4720 1212 4773 superesse
1238 4704 1531 4768 videantur,
1574 4708 1619 4760 si
1641 4715 1776 4761 certe
1805 4708 2003 4777 partim
2048 4706 2378 4775 psalmorum
2425 4707 2773 4777 quorumdam
2824 4708 3146 4769 brevitatem.
3187 4709 3381 4777 partim
3432 4707 3759 4761 scholiorum

503 4796 709 4864 copiam
729 4804 1040 4865 spectemus,
1064 4795 1222 4849 veluti
1250 4795 1319 4848 ad
1356 4796 1587 4865 psalmos
1608 4814 1768 4863 cxxv,
1795 4812 2002 4859 cxu’n,
2030 4812 2239 4862 cum,
2269 4813 2486 4863 cxxxw,
2505 4813 2590 4863 CL,
2627 4810 2675 4854 et
2705 4799 2781 4853 ad
2800 4815 2958 4865 chv,
2990 4814 3138 4865 cux,
3170 4816 3296 4856 tu.
3324 4798 3572 4855 Jamvero
3613 4799 3754 4853 theo-

504 4888 703 4957 logicus
726 4889 781 4941 in
808 4887 906 4941 hac
933 4904 1067 4942 nova
1089 4885 1302 4941 Eusebii
1326 4899 1478 4957 parte
1515 4893 1579 4944 de
1615 4888 1815 4945 Christi
1837 4890 2114 4943 divinitate
2145 4905 2327 4943 sensus
2358 4907 2519 4945 sanus
2553 4892 2974 4963 orthodozusque
3006 4894 3193 4962 ubique
3213 4902 3311 4956 est,
3338 4892 3554 4946 moralis
3581 4901 3755 4943 autem

499 4988 548 5035 et
584 4980 897 5036 doctrinalis
936 4981 1087 5037 valde
1109 4983 1227 5052 pius
1262 4993 1311 5037 et
1342 4983 1510 5049 utilis,
1533 4983 1598 5037 de
1626 4993 1761 5038 recte
1796 4981 1997 5053 agenda
2031 4982 2159 5046 vita,
2193 4982 2258 5035 de
2289 4983 2480 5038 orandi
2516 5002 2634 5049 usu,
2678 4985 2742 5041 de
2783 4988 2978 5040 animas
3016 4985 3437 5049 immortalitate,
3478 4984 3543 5037 de
3570 4984 3753 5051 futura

498 5075 629 5139 vita,
663 5073 728 5127 de
753 5073 1116 5128 hatreucorum
1163 5074 1578 5145 reprehensione,
1612 5083 1720 5131 etc.
1756 5074 1836 5129 Ad
1865 5090 2077 5128 sacram
2108 5074 2341 5128 criticem
2367 5084 2417 5130 et
2463 5076 2803 5147 philologiam
2834 5075 2974 5147 quod
3024 5077 3232 5140 attinet,
3268 5075 3453 5147 laudat
3493 5073 3755 5128 Eusebius

498 5183 604 5220 non
639 5165 800 5220 semel
829 5165 1095 5234 Aquilam,
1126 5168 1319 5237 sapius
1360 5166 1754 5237 Symmachum,
1785 5165 2094 5235 quandoque
2126 5166 2286 5220 etiam
2314 5146 2737 5233 Theodotionem,
2772 5146 3121 5238 Septuaginta
3151 5146 3486 5236 Interpretes,
3512 5166 3755 5236 quintam

498 5259 798 5323 editionem,
824 5267 874 5313 et
913 5260 1087 5313 varios
1114 5259 1378 5314 interdum
1402 5259 1625 5322 codices,
1650 5257 1867 5329 denique
1900 5256 2240 5311 Hebraeorum
2264 5266 2462 5312 textum
2504 5270 2658 5330 atque
2687 5261 3008 5314 idiotismos.
3040 5259 3218 5326 Quare
3244 5270 3294 5314 et
3326 5275 3458 5313 nova
3481 5256 3753 5323 hexapla—

501 5351 648 5405 ribus
675 5350 1015 5406 varietatibus
1047 5353 1277 5407 accessio
1308 5352 1428 5405 hinc
1454 5351 1571 5421 ﬁeri
1594 5349 1867 5404 videbitur.
1902 5348 1983 5403 Ad
2005 5349 2266 5418 psalmum
2297 5364 2516 5416 cxxxlv,
2550 5354 2785 5422 loquitur
2828 5352 3020 5406 diserte
3054 5350 3309 5406 Eusebius
3339 5349 3404 5403 de
3425 5347 3752 5403 ethnicorum

499 5459 601 5496 sua
638 5452 795 5497 aetate
842 5443 1194 5510 conversione,
1227 5460 1359 5515 quos
1405 5458 1608 5511 reapse,
1643 5443 1910 5511 regnantis
1943 5441 2274 5512 potissimum
2304 5445 2539 5513 exemplo
2578 5443 2939 5509 Constantini,
2982 5442 3237 5511 plurimos
3289 5441 3357 5494 ad
3392 5438 3752 5495 Christianam

502 5536 661 5605 ﬁdem
684 5539 964 5594 accessisse
982 5538 1197 5592 scimus.
1226 5536 1620 5605 Qualiscunque
1657 5534 1863 5590 demum
1891 5537 1961 5591 sit
1996 5535 2182 5590 horum
2213 5535 2531 5591 scholiorum
2563 5554 2711 5604 usus,
2755 5551 2894 5592 certe
2930 5547 3036 5591 tam
3073 5536 3234 5607 prisci
3263 5526 3496 5616 clarique
3524 5531 3765 5586 homines

501 5627 666 5683 nulla:
697 5645 729 5682 a
762 5645 840 5683 me
863 5628 1330 5700 prietermittendw
1361 5627 1596 5697 reliquie:
1632 5637 1805 5683 erant.
