4096 6388
278 351 350 411 85
1405 328 1861 391 COMMENTARI

1967 327 2010 383 N
2050 322 2395 383 PSAltMOS.
3469 317 3536 368 tm

287 471 3505 537 MM

858 669 1622 831 EUSEBII
1682 654 2969 819 CAESABIENSIS

1047 945 1935 1052 COMMENTARIA
2010 945 2134 1079 ΙΝ
2217 936 2785 1031 PSALMOS.

279 1269 590 1332 EUSEBH
624 1266 713 1322 IN
742 1262 1198 1322 PSALMORUM
1232 1251 1848 1332 mscmerlggvgs

1963 1224 3315 1332 εζεξριεζηῑιὶΣτέυιῑιτξθὲΐτίξξςέβέὲ
3324 1224 3532 1332 .m-

352 1322 963 1400 iivﬂ‘nPRETAno
999 1330 1471 1402 QUARUMDAH
1505 1322 1851 1386 commv—

349 1413 469 1470 DlI
506 1409 714 1467 MORE
742 1405 1182 1463 DESCRIPTA.

343 1530 573 1587 Centum
597 1532 651 1580 et
684 1520 1079 1596 quinquaginta
1112 1518 1305 1590 psalmi
1332 1524 1459 1574 sunt
1493 1523 1733 1572 :etsanc
1762 1528 1853 1569 sa-

270 1642 368 1681 cer
409 1631 496 1679 est
546 1614 1055 1692 quinquagenarius
1113 1626 1409 1675 numerus,
1446 1609 1542 1664 illo
1584 1606 1856 1678 siquidem

276 1718 488 1772 dierum
522 1711 801 1769 curriculo
824 1709 1136 1767 instituitur
1166 1706 1511 1769 Pentecoste,
1536 1717 1601 1757 ac
1627 1698 1856 1755 totidem

267 1823 545 1866 annorum
569 1819 799 1862 numero
827 1803 1112 1865 Jubilaeus,
1148 1807 1208 1855 ut
1234 1807 1434 1854 vocant
1462 1793 1694 1861 Hebraei,
1716 1792 1858 1848 cele-

279 1903 490 1957 bratur.
528 1899 702 1954 Nabla
738 1896 882 1967 apud
928 1894 1187 1949 Hebraeos
1225 1897 1454 1946 vocatur
1494 1884 1857 1960 psalterium;

275 1993 424 2064 quod
457 2006 526 2048 ex
572 1988 804 2044 musicis
838 1982 1223 2041 instrumentis
1272 1980 1451 2037 solum
1490 1974 1858 2033 rectissimum

266 2094 382 2147 est,
406 2098 586 2154 neque
608 2082 676 2136 ab
707 2078 910 2136 inlimis
942 2076 1191 2149 partibus
1218 2072 1285 2128 ad
1319 2086 1514 2128 sonum
1548 2066 1859 2131 adhibetur,

269 2177 373 2233 'sed
404 2191 435 2230 a
475 2172 731 2244 supernis
759 2170 978 2226 sonanti
1018 2182 1124 2223 aere
1158 2165 1473 2221 instruitur.
1513 2158 1720 2216 Psalmi
1764 2160 1864 2213 ita-

275 2286 383 2340 que
420 2275 684 2322 vocantur
704 2269 978 2335 quotquot
1010 2261 1127 2317 sola
1154 2260 1651 2315 instrumentorum
1672 2253 1864 2324 pulsa-

274 2360 614 2425 tione,nullis
631 2357 882 2413 admistis
896 2355 1144 2417 vocibus,
1151 2352 1558 2424 persolvuntur.
1574 2346 1863 2401 Canticum

273 2453 477 2508 dicitur
503 2449 649 2523 quod
672 2449 826 2505 suavi
856 2445 1223 2518 mquabilique
1250 2457 1384 2500 voce
1414 2441 1665 2507 canitur;
1689 2439 1866 2494 canti~

2010 1292 2190 1369 ὀιῖῇνῖ
2204 1292 2616 1364 “ΕΡΜΗΝΕΙΑ
2655 1301 2875 1357 ΤΙΝΩΝ
2904 1296 3065 1352 KAT‘
3093 1292 3494 1350 EIUTOMHN.

2041 1530 2264 1588 Ἑκατὸν
2297 1526 2631 1595 πεντήκοντα
2660 1517 3016 1588 τυγχάνουσιν
3047 1515 3096 1567 οἱ
3125 1510 3349 1583 ψαλμοὶ,
3383 1505 3534 1582 ἱεροῦ

1955 1627 2050 1682 τοῦ
2089 1632 2132 1679 ν’
2163 1620 2521 1691 τυγχάνοντος
2560 1611 2818 1684 ἀριθμοῦ·
2866 1610 2925 1662 ἐν
2969 1606 3067 1678 μὲν
3097 1605 3333 1677 ἡμέραις
3366 1600 3535 1655 ποιῶν

1958 1720 2057 1790 τὴν
2090 1707 2493 1784 Πεντηκοστὴν,
2518 1706 2576 1758 ἐν
2603 1703 2661 1756 δὲ
2691 1702 2955 1762 ἐνιαυτοῖς
2986 1699 3076 1751 τὸν
3104 1698 3233 1767 παρ’
3264 1695 3535 1768 Ἑϐραίοις

1958 1784 2288 1879 καλούμενον
2303 1800 2478 1872 Ἰωήλ.
2501 1794 2689 1850 Νάϐλα
2716 1793 2772 1845 δὲ
2793 1791 2920 1862 παρ’
2937 1788 3202 1858 Ἑϐραίοις
3229 1787 3445 1856 λέγεται
3474 1784 3537 1837 τὸ

1958 1875 2275 1971 ψαλτήριον,
2294 1895 2322 1948 ὃ
2336 1892 2400 1964 δὴ
2420 1890 2576 1962 μόνον
2592 1884 2700 1938 τῶν
2731 1880 3009 1954 μουσικῶν
3041 1879 3288 1950 ὀργάνων
3308 1875 3533 1948 ὀρθότα-

1960 1966 2072 2057 τον,
2092 1966 2187 2045 δέοὶι
2212 1987 2287 2059 μὴ
2313 1981 2742 2058 συνεργούμενον
2774 1979 2853 2040 εἰς
2870 1971 3002 2046 ἦχον
3026 1974 3091 2025 ἐκ
3118 1970 3225 2023 τῶν
3241 1966 3538 2023 κατωτάτω

1967 2081 2166 2157 μερῶν,
2215 2057 2329 2133 άλλ’
2374 2057 2579 2130 ἄνωθεν
2624 2071 2767 2142 ἐχειν
2811 2067 2904 2120 τὸν
2956 2061 3268 2135 ὑπηχοῖΝτα
3315 2057 3532 2131 χαλκόν.

1962 2147 2184 2246 ίῗάλμοὶ
2206 2172 2303 2243 μὲν
2324 2164 2416 2223 οὖν
2436 2168 2485 2221 οἱ
2508 2165 2595 2220 διὰ
2618 2164 2781 2236 μόνου
2801 2158 2895 2213 τοῦ
2913 2156 3143 2230 ὀργάνου
3164 2151 3335 2246 Χωρὶξ
3354 2147 3536 2246 φωξδῇξ

1964 2235 2409 2336 ἀναδίρουομενοι·
2440 2256 2553 2328 ᾠδὴ
2591 2253 2648 2307 δὲ
2686 2252 2736 2306 οἰ
2762 2249 2852 2304 διὰ
2881 2247 3063 2318 φωνῆς
3101 2238 3390 2336 ἐμμελοῦς·

1964 2357 2021 2410 δὲ
2052 2331 2265 2426 ψάλμοῧ
2301 2350 2363 2404 τὸ
2393 2347 2471 2418 τῷ
2506 2343 2723 2417 ὀργάνῳ
2755 2340 3042 2411 σύμφωνον
3076 2333 3301 2402 ἐπάγειν
3330 2331 3531 2400 φωνήν·

1965 2421 2177 2520 ψαλμὸς
2209 2444 2265 2498 δὲ
2298 2442 2439 2514 ᾠδῆς
2484 2434 2775 2499 ἀνάπαλιν,
2821 2426 3240 2507 προηγουμένης
3280 2424 3379 2496 τῆς
3429 2421 3539 2475 τῶν

273 2558 400 2599 cum
423 2540 644 2614 psalmi,
669 2537 817 2612 quod
847 2550 958 2591 una
997 2551 1125 2591 cum
1157 2532 1546 2591 instrumentis
1581 2543 1860 2586 consonas

1969 2513 2327 2613 προυσμάτων
2369 2530 2570 2602 φωνῆς.
2628 2522 2980 2595 ’Λλληγορίας
3018 2521 3075 2575 δὲ
3117 2518 3286 2614 νόμῳ,
3317 2513 3538 2614 cura»;

268 2634 515 2691 admittit
529 2647 724 2699 voces;
748 2630 996 2702 psalmus
1014 2627 1216 2684 cantici
1232 2640 1478 2689 rursum,
1500 2639 1627 2679 cum
1653 2623 1861 2678 instru-

1966 2602 2062 2703 μέν
2088 2602 2336 2697 σώματος
2356 2621 2568 2691 κίνησις
2590 2616 2905 2686 ἐναρμόνιος
2925 2613 3004 2674 εἰς
3022 2607 3284 2680 ἐργασίαν
3305 2602 3535 2673 ἀγαθὴν,

270 2731 587 2781 mentorum
623 2721 964 2777 musicorum
994 2733 1166 2774 sonus
1191 2717 1421 2772 vocibus
1439 2714 1616 2785 praeit.
1648 2713 1705 2768 Si
1736 2712 1864 2767 alle-

274 2814 463 2887 gorice
487 2829 579 2870 res
611 2812 935 2883 accipiatur,
960 2809 1208 2881 psalmus
1237 2816 1323 2863 est
1342 2807 1649 2863 concinnus
1672 2819 1863 2874 corpo-

276 2908 358 2961 ris
403 2911 586 2960 motus
624 2901 695 2958 ad
736 2917 876 2973 opus
900 2901 1108 2958 bonum
1156 2896 1604 2969 exsequendum,
1643 2894 1863 2952 etiamsi

279 2994 669 3067 contemplatio
723 3007 893 3065 parva
945 2992 1334 3063 subsequatur.
1388 2988 1677 3044 Canticum
1709 2986 1863 3041 nullo

278 3106 446 3162 opere
468 3088 765 3144 admistum
799 3091 885 3142 est
915 3084 1170 3141 veritatis
1205 3080 1655 3154 comprehensio,
1679 3087 1862 3136 mente

278 3183 349 3238 ad
378 3181 472 3236 Dei
489 3180 720 3250 ejusque
746 3190 1061 3234 sermonum
1084 3173 1603 3244 contemplationem
1626 3172 1864 3228 illustra-

278 3283 356 3329 ta.
390 3271 680 3328 Canticum
736 3266 934 3339 psalmi
978 3265 1184 3323 dicitur
1231 3279 1356 3319 cum
1399 3262 1640 3334 cognitio
1677 3273 1861 3317 actum

280 3363 570 3437 praecedit,
629 3360 785 3432 quta
828 3357 963 3413 illud
1004 3375 1019 3413 :
1065 3356 1451 3426 Concupiscens
1504 3355 1858 3425 sapientiam,

279 3473 434 3512 serva
476 3451 756 3516 mandata,
800 3462 850 3506 et
894 3449 1155 3505 Dominus
1198 3448 1448 3519 prwbebit
1492 3447 1643 3503 illam
1685 3447 1782 3502 tibi
1816 3449 1856 3506 ¹.

279 3544 532 3603 Psalmus
547 3541 748 3597 cantici
769 3547 856 3597 est
883 3548 1041 3597 actus
1069 3539 1306 3595 ducente
1322 3538 1631 3610 cognitione
1654 3538 1861 3594 admis-

282 3652 401 3701 sus,
443 3634 675 3691 docente
705 3632 916 3689 scilicet
946 3647 1056 3703 quo
1089 3639 1251 3702 pacto
1283 3645 1462 3702 quove
1492 3637 1737 3702 tempore
1787 3631 1861 3688 sit

283 3727 554 3799 agendum
591 3742 606 3779 :
640 3731 974 3795 quapropter
1017 3723 1076 3777 in
1118 3721 1476 3793 inscriptione
1520 3722 1859 3792 psalmorum

284 3833 390 3874 vox
422 3813 658 3871 canticis
684 3811 879 3883 praeit;
908 3824 1021 3864 non
1051 3808 1195 3865 enim
1229 3822 1259 3862 a
1283 3807 1743 3878 contemplatione
1775 3807 1861 3863 vir

281 3916 508 3964 sanctus
547 3904 798 3968 orditur,
828 3901 925 3959 sed
970 3899 1075 3957 lide
1116 3899 1343 3954 omnino
1371 3897 1439 3953 ad
1488 3912 1654 3969 opera
1696 3914 1858 3955 exse-

1961 2694 2066 2778 πᾶν
2109 2694 2183 2791 μή
2206 2716 2346 2770 πάνυ
2382 2730 2466 2778 τις
2489 2707 2825 2778 ἐπακολουθῇ
2869 2702 3086 2775 θεωρία·
3123 2700 3233 2772 ᾠδὴ
3272 2697 3328 2750 δὲ
3368 2694 3539 2767 χωρὶς

1963 2784 2214 2885 πράξεως
2257 2805 2516 2879 ἀληθείας
2560 2797 2884 2869 κατάληψις,
2933 2790 3324 2885 φωτγιζομένης
3358 2784 3537 2885 φυχῆς

1961 2874 2105 2976 περὶ-
2122 2900 2257 2956 Θεοῦ
2296 2874 2391 2953 καὶ
2429 2895 2539 2949 τῶν
2576 2891 2773 2962 λογίων
2803 2884 2989 2943 αὑτοῦ.
3052 2882 3171 2955 ᾩδὴ
3204 2881 3262 2935 δὲ
3298 2874 3538 2976 ψαλμοῦ,

1963 2964 2309 3069 προαγούσης
2331 2985 2581 3061 πράξεως
2597 2980 2868 3069 γνώσεως·
2886 2974 3026 3069 κατὰ
3037 2973 3121 3069 τό·
3135 2972 3190 3022 Ἐ
3195 2964 3539 3069 πιθυμήσοις

1960 3053 2179 3155 vagata;-
2211 3053 2578 3146 ozatiipnoor
2601 3068 2872 3133 ἐντολὰς,
2904 3064 3001 3119 καὶ
3041 3062 3254 3129 Κύριος
3279 3053 3539 3155 χορηγή-

1960 3147 2056 3232 σει
2085 3147 2185 3231 σοι
2210 3173 2424 3241 αὐτὴν.
2445 3166 2673 3238 Ψαλμδς
2692 3165 2749 3218 δέ
2767 3162 2911 3234 ᾠδῆς
2935 3157 3131 3229 πρᾶξις
3154 3153 3260 3207 ὑπὸ
3284 3147 3541 3220 γνώσεως

1959 3266 2322 3341 ὁδηγουμένη,
2355 3280 2423 3317 πε
2433 3261 2484 3334 pl.
2509 3257 2603 3314 τοῦ
2622 3256 2739 3320 πῶς
2759 3255 2852 3308 καὶ
2872 3252 3004 3306 πότε
3025 3248 3315 3319 πρακτέον·
3344 3245 3423 3299 διὸ
3445 3244 3540 3298 καὶ

1960 3334 2176 3431 πρῶται
2206 3334 2315 3409 τῶν
2342 3348 2573 3424 ψαλμῶν
2598 3349 2655 3403 αἱ
2680 3342 3002 3416 ἐπιγραφαί·
3038 3341 3097 3393 οὑ
3133 3339 3239 3410 γάρ
3270 3336 3376 3391 άπὸ
3405 3334 3540 3389 θεω-

1963 3423 2084 3525 ρίας
2108 3449 2137 3500 ὁ
2164 3446 2317 3515 ἆγιος
2335 3423 2582 3515 ἄρχεται,
2607 3436 2721 3492 ἀλλ’
2749 3434 2893 3489 ἆπαν
2927 3431 3108 3484 πίστει
3130 3431 3250 3491 ταῖς
3276 3423 3539 3496 πράξεσιν

1959 3512 2258 3610 ἐπιτρέχει.
2536 3526 2614 3600 τῷ
2642 3525 2785 3579 τέλει
2816 3520 3006 3575 πολλαὶ
3030 3519 3087 3571 αἱ
3111 3514 3262 3587 ᾠδαί·
3288 3515 3381 3567 καὶ
3403 3512 3537 3565 ὅπου

1959 3602 2286 3697 ὰναϐἀθμοὶ,
2319 3618 2554 3692 οὐδαμοῦ
2592 3614 2826 3687 ψαλμὺς,
2856 3609 2979 3666 οὔτε
3013 3608 3133 3663 καθ’
3159 3606 3370 3668 ἐαυτὸν,
3412 3602 3536 3656 οὔτε

1964 3720 2082 3791 μετ’
2111 3693 2435 3785 ἐπιπλοκῆς.
2478 3708 2623 3783 ’ῼδαὶ
2658 3707 2716 3761 δὲ
2743 3704 2921 3759 πάντα
2959 3700 3081 3756 καθ’
3116 3697 3394 3768 ἐαυτάς·ὴ
3429 3693 3538 3766 γὰρ

1960 3786 2221 3872 άνάϐασις
2247 3806 2385 3878 πρὸς
2409 3803 2575 3875 μόνην
2595 3802 2696 3874 ὁρᾷ
2716 3796 2968 3868 θεωρίαν.
2990 3790 3279 3862 Διάψαλμα
3307 3789 3364 3843 δὲ
3386 3786 3538 3858 παρὰ

1965 3903 2062 3974 μὲν
2106 3898 2309 3968 Ἀκύλᾳ.
2341 3897 2436 3949 καὶ
2462 3893 2542 3965 τῷ
2577 3887 2852 3963 Ἑϐραῖκῷ
2879 3887 2940 3941 οὐ
2976 3888 3172 3939 κεῖται·
3204 3882 3326 3936 ἀντὶ
3356 3879 3414 3934 δέ
3439 3879 3540 3932 αὐ-

282 3998 498 4071 quenda
523 3996 721 4052 currit.
757 3993 873 4051 Sub
899 3991 1061 4047 linem
1106 3990 1277 4045 multa
1313 3989 1528 4046 cantica
1570 4000 1719 4049 sunt.
1756 3990 1860 4047 Ubi

1963 3992 2056 4047 τοῦ
2080 3991 2144 4045 τὸ
2162 3991 2278 4045 ἀεί.

283 4104 465 4151 autem
497 4092 698 4166 gradus
724 4090 996 4146 habentur
1018 4100 1292 4157 nusquam
1327 4085 1573 4157 psalmus
1596 4126 1612 4149 ,
1642 4102 1819 4157 neque
1857 4103 1954 4158 per
1994 4104 2054 4143 se
2078 4088 2251 4148 solus,
2290 4096 2465 4151 neque
2507 4077 2614 4132 alia
2660 4073 2918 4143 adjuncta
2977 4084 3112 4124 voce
3173 4064 3493 4122 inscribitur
3517 4082 3533 4115 ε

286 4189 380 4245 sed
401 4188 474 4244 ibi
497 4188 709 4243 cantica
735 4186 913 4241 solum
937 4188 1318 4255 apponuntur;
1339 4193 1468 4235 nam
1522 4182 1617 4236 ubi
1674 4196 1940 4240 ascensus
1976 4183 2240 4255 graduum
2267 4185 2372 4242 est,
2407 4174 2483 4229 ibi
2514 4172 2633 4228 sola
2661 4165 3046 4236 contemplatio
3075 4168 3372 4233 spectatur.
3408 4158 3535 4210 Dia-

290 4284 498 4355 psalma
525 4294 691 4352 porro
713 4278 857 4352 apud
891 4276 1144 4347 Aquilam
1166 4281 1220 4329 et
1250 4273 1304 4329 in
1333 4272 1602 4330 chraico
1628 4289 1740 4330 non
1761 4285 1939 4332 exstat
1965 4296 1979 4333 :
2005 4276 2103 4334 sed
2138 4273 2259 4345 ejus
2284 4272 2431 4337 loco,
2464 4280 2665 4335 semper
2698 4259 3014 4318 ascribitur.

425 4406 952 4468 ARGUMENTUM
983 4404 1294 4462 EUSEBII
1320 4404 1716 4463 PAMPHILI.

359 4526 511 4582 Libri
550 4523 895 4581 Psalmorum
944 4522 1136 4577 isthzec
1175 4521 1375 4577 divisio
1400 4520 1594 4586 fuerit,
1624 4529 1685 4578 ut
1732 4538 1858 4578 cum

288 4623 407 4694 ipsa
440 4620 785 4677 accuratiora
805 4618 1159 4689 exemplaria,
1191 4625 1307 4672 tum
1341 4615 1644 4673 Hebraicus
1678 4623 1858 4671 textus

287 4714 702 4772 circumferunt.
728 4711 916 4783 Neque
941 4726 1093 4779 vero,
1124 4718 1185 4766 ut
1205 4710 1331 4781 quis
1357 4709 1496 4765 forte
1513 4710 1860 4766 existimave-

287 4809 382 4875 rit,
409 4823 602 4864 omnes
630 4806 828 4878 psalmi
871 4811 1001 4862 sunt
1045 4800 1302 4868 Davidis;
1335 4800 1431 4857 sed
1462 4800 1691 4856 aliorum
1720 4814 1859 4870 quo-

289 4917 397 4974 que
427 4900 839 4973 pr0phetarum,
862 4897 953 4970 qui
987 4895 1272 4967 psallendo
1293 4892 1609 4965 prophetica
1636 4892 1858 4946 oracula

289 4993 541 5049 edebant.
569 4990 747 5059 Quare
769 4990 914 5062 apud
944 4988 1494 5052 Hebraeosmniversa
1523 4986 1857 5057 psalmorum

289 5086 583 5156 scriptura,
615 5098 725 5138 non
758 5082 977 5138 Davidis
998 5081 1103 5138 fcrt
1124 5079 1557 5149 inscriptionem,
1584 5077 1679 5133 sed
1709 5075 1864 5131 inde-

293 5177 445 5232 ﬁnite
474 5167 639 5231 'liber
675 5174 1020 5232 Psalmorum
1066 5179 1316 5228 vocatur.
1365 5169 1423 5224 In
1468 5175 1651 5240 partes
1696 5181 1864 5238 porro

293 5270 536 5345 quinque
563 5266 775 5324 Hebraei
803 5266 1004 5322 librum
1027 5265 1369 5323 Psalmorum
1389 5260 1658 5318 dividunt.
1681 5258 1865 5314 Prima

295 5378 424 5435 pars
454 5376 484 5415 a
506 5361 685 5433 primo
714 5359 784 5414 ad
816 5359 1296 5428 quadragesimum
1326 5354 1597 5426 psalmum
1624 5351 1865 5422 compleo

295 5453 493 5520 ctitur;
535 5449 798 5516 secunda,
826 5463 857 5503 a
884 5447 1299 5519 quadragesimo
1328 5446 1504 5517 primo
1544 5441 1613 5496 ad
1641 5448 1864 5512 septua-

296 5546 561 5617 gesimum
585 5543 914 5608 secundum;
936 5540 1095 5596 tertia
1123 5555 1154 5594 a
1195 5537 1598 5611 septuagesimo
1622 5532 1863 5591 secundo

298 5639 370 5696 ad
410 5638 803 5710 octogesimum
847 5643 1134 5703 octavum;
1163 5640 1393 5706 quarta,
1430 5633 1500 5689 ab
1527 5627 1864 5702 octogesimo

372 5818 392 5854 ⁸
430 5817 602 5874 Eccli.
635 5832 686 5884 I,
717 5815 808 5872 '53.

2066 4405 2429 4476 THOQEEIS
2460 4395 2841 4454 ΕΥΣΕΒΙΟΥ
2874 4391 3017 4446 ΤΟΥ
3038 4384 3438 4443 ΠΑΜΦΙΛΟΥ.

2036 4518 2147 4590 Τῆς
2172 4514 2353 4588 βίϐλου
2377 4512 2486 4566 τῶν
2508 4506 2753 4579 Ψαλμῶν
2767 4504 2863 4576 ἥδε
2892 4503 2958 4557 ἂν
2985 4500 3073 4571 εἴη
3098 4501 3132 4570 ἡ
3151 4498 3434 4569 διαίρεσις,
3456 4489 3533 4590 ῶς

1963 4609 2033 4665 τὰ
2067 4580 2267 4681 ἀπριϐἦ
2305 4604 2414 4659 τῶν
2457 4598 2806 4671 ἀντιγράφων
2853 4592 2984 4648 αὑτὸ
3027 4608 3086 4645 τε
3130 4589 3190 4642 τὸ
3248 4580 3535 4678 Ἐϐραῖκον

1967 4667 2230 4773 περιῄει.
2256 4667 2383 4767 Ὀὐχ
2411 4693 2486 4758 ὡς
2521 4667 2711 4753 άντις
2751 4683 3011 4740 ὑπολάϐοι
3050 4681 3249 4740 πάντες
3289 4674 3395 4727 εἰσὶ
3440 4667 3534 4723 τοῦ

1967 4760 2209 4850 Δαυῗδηοί
2241 4760 2467 4860 ψαλμοὶ,
2509 4783 2646 4837 ἀλλὰ
2682 4782 2777 4835 καὶ
2814 4778 3016 4848 ἐτέρων
3051 4765 3344 4860 προφητῶν
3372 4766 3430 4817 ἐν
3456 4760 3537 4860 τῶ

1963 4887 2184 4957 ψάλλειν
2207 4853 2678 4955 προφίητευόντων.
2708 4869 2963 4942 Διόπερὴ
3177 4856 3364 4957 γρᾳφὴ

1976 4946 2390 5049 Ἑϐραίοιςσῶν
2412 4966 2639 5040 ψαλμῶν
2667 4965 2727 5018 οὐ
2759 4960 2854 5015 τοῦ
2886 4955 3048 5013 Δαυῖδ
3079 4951 3392 5049 ἐπιγράφει·
3422 4946 3537 5049 ἀλλ’

1963 5035 2282 5138 ἀδιορίστως
2306 5035 2485 5132 βίϐλος
2511 5035 2741 5128 ψαλμῶν
2783 5047 3128 5122 ὀνομάζεται.
3154 5041 3252 5104 Εἰς
3275 5039 3459 5138 ’πέντε⁹
3478 5035 3537 5088 δὲ

1968 5126 2110 5232 μὲρῆ
2136 5155 2233 5227 τὴν
2255 5126 2436 5207 πάσαν
2455 5126 2562 5203 τῶν
2579 5126 2825 5216 Ψαλμῶν
2855 5138 3034 5212 βίϐλον
3051 5133 3238 5195 παῖδες
3274 5126 3537 5232 Ἐδμίων

1963 5219 2250 5322 διαιροῦσι·
2288 5243 2504 5316 πρῶτον
2545 5242 2625 5304 εἰς
2655 5240 2781 5300 τοὺς
2810 5232 2919 5288 ἀπὸ
2969 5235 3018 5284 α’
3057 5226 3216 5299 μέχρι
3252 5229 3323 5294 μ’·
3358 5219 3539 5322 Bedes:-

1969 5360 2063 5416 ρον
2080 5309 2169 5405 ἐίς
2195 5340 2322 5403 τοὺς
2336 5309 2461 5391 ’ἀπὸ
2492 5341 2579 5406 μα’
2615 5331 2805 5404 μέχρις
2830 5325 2928 5379 οϐ’·
2965 5322 3150 5395 τρίτον
3183 5316 3409 5416 εἰςτοὺς
3429 5309 3540 5365 ἀπὸ

1966 5407 2045 5505 ὸγ·
2073 5434 2267 5506 μέχρις
2297 5436 2408 5501 πηνα
2432 5426 2692 5496 τέταρτον
2719 5421 2800 5483 είς
2819 5416 2945 5480 τοὺς
2970 5413 3079 5506 ἀπὸ
3107 5410 3194 5464 πθ·
3217 5407 3411 5506 μέχρις
3436 5415 3557 5477 ρει.¹

2260 5522 2340 5585 εἰς
2361 5496 2486 5582 τοὺς
2514 5514 2624 5570 ἀπὸ
2665 5516 2752 5584 ρς¹
2784 5509 2945 5581 μέχρι
2969 5504 3175 5598 τέλους..
3217 5496 3538 5598 Ἀνεπίγρα-

1969 5587 2061 5692 φοι
2088 5617 2147 5674 δέ
2169 5616 2276 5671 εἰσι
2297 5609 2503 5687 ψαλμοὶ
2520 5605 2606 5674 ιϐ’,
2627 5596 3097 5675 ἐπιγεγραμμένοι
3118 5593 3253 5669 ρλα¹.
3278 5587 3396 5646 Τῶν
3418 5589 3542 5641 ἐπι-
