4096 6388
329 376 396 451 ’ῐᾷ
1421 359 1922 414 COMMENTARIA
1957 362 2021 416 IN
2063 361 2397 418 PSALMOS.
3490 361 3555 417 τι

326 490 527 559 στήσας
553 486 719 558 αὐτὴν
743 488 820 550 εἰς
847 484 1215 556 Ἰερουσαλὴμ,
1249 484 1555 553 ἐπιλέγεται
1576 485 1640 538 ἐκ
1666 485 1762 556 τῆς
1795 502 1880 553 (pu-

1997 481 2334 552 reposuisset
2355 480 2522 544 illam,
2555 496 2618 535 ex
2651 479 2794 534 tribu
2829 477 2956 534 Levi
3002 481 3330 550 psalmorum
3371 493 3559 536 canto-

321 577 418 649 λῆς
442 575 572 631 Λευτ
592 577 777 648 κλήρῳ
800 575 1106 646 ψαλτῳδοὺς
1130 576 1393 646 ἄρχοντας
1413 575 1567 646 ᾠδῶν
1600 575 1887 647 τέσσαρας,

319 668 412 724 τοῦ
443 667 661 738 ψάλλειν
693 668 790 720 καὶ
830 667 974 739 ᾄδειν
1002 665 1228 718 ἐνώπιον
1272 667 1368 736 τῆς
1409 665 1639 719 κιϐωτοῦ
1665 666 1741 736 τῷ
1780 669 1890 720 Κυ-

324 761 442 833 ρίῳ,
493 761 585 814 καὶ
618 760 909 832 ἀναφέρειν
942 759 1122 830 φωνὴν
1154 758 1489 830 εὐφροσύνης
1521 761 1600 822 είς
1645 757 1891 829 ἐξομολό-

317 869 476 922 γησιν
499 853 592 905 καὶ
615 852 817 906 αἴνεσιν
838 854 895 905 ἐν
917 851 1162 922 ὀργάνοις
1181 851 1563 922 ἡρμοσμένοις,
1589 853 1680 906 καὶ
1703 852 1886 923 ᾠδαῖς,

317 945 410 997 καὶ
439 943 704 1016 κινύραις,
733 945 825 998 καὶ
861 945 1104 1010 νάϐλαις,
1139 949 1229 999 καὶ
1271 945 1591 1016 τυμπάνοις,
1628 945 1718 998 καὶ
1752 962 1889 1016 κυμ-

319 1035 521 1099 ϐάλοις,
568 1035 660 1089 καὶ
711 1035 1011 1108 ψαλτηρίῳ,
1064 1039 1157 1090 καὶ
1218 1037 1496 1108 κερατίνη.
1549 1037 1638 1090 τὸν
1694 1037 1885 1106 Ἀσάφ,

317 1127 513 1196 Αίμάν,
563 1127 749 1192 Αίθάν,
807 1127 1072 1199 Ἰδιθούμ·
1104 1125 1454 1198 οἷς-ἀριθμὸς
1496 1127 1649 1198 ᾠδῶν
1702 1129 1889 1182 ἐπετέ-

316 1234 502 1280 τακτο,
531 1219 763 1289 ᾀδόντων
801 1219 1088 1274 διακοσίων
1127 1221 1452 1293 ὀγδοήκοντα
1479 1221 1640 1285 ὀκτὼ,
1677 1222 1889 1290 ἑκάστῳ

317 1305 688 1378 ἐϐδομήκοντα
734 1309 845 1376 δύο,
871 1313 933 1365 ὲκ
967 1310 1060 1365 τοῦ
1098 1311 1228 1382 Χὰμ
1257 1311 1356 1376 λ6’,
1390 1311 1483 1366 τοῦ
1524 1313 1642 1384 Σὴμ
1670 1312 1768 1375 κε’,
1794 1311 1887 1365 τοῦ

331 1398 508 1468 Ἰάφεθ
547 1407 624 1452 ιε’.
657 1402 883 1467 Οἴτινες,
921 1403 1151 1466 ἑστῶτες
1183 1403 1488 1476 ἔμπροσθεν
1525 1404 1626 1473 τῆς
1659 1403 1888 1457 κιϐωτοῦ

315 1491 589 1563 Διαθήκης
638 1495 866 1565 Κυρίου.
916 1496 1140 1566 ἔψαλλον
1183 1499 1274 1550 καὶ
1306 1494 1434 1569 ⁴ᾖδον
1472 1496 1549 1568 τῶ
1581 1497 1795 1567 Κυρίῳο
1831 1496 1890 1560 ὃς

318 1581 416 1653 μὲν
448 1585 504 1637 ἐν
535 1583 748 1656 κινύρᾳ,
771 1587 830 1651 ὃς
871 1587 927 1640 δὲ
958 1590 1014 1641 ἐν
1043 1589 1358 1660 κυμϐάλοις,
1400 1589 1457 1653 ὃς
1490 1589 1544 1642 δέ
1578 1591 1634 1642 ἐν
1665 1588 1887 1660 κιθάρᾳ,

310 1673 371 1736 ὃς
415 1675 471 1728 δὲ
514 1677 572 1729 ἐν
619 1675 935 1749 ψαλτηρίῳο
972 1673 1046 1733 ὧν
1100 1680 1260 1750 μέσος
1300 1680 1482 1733 ἵστατο
1534 1681 1561 1732 ὁ
1623 1679 1890 1750 μακάριος

312 1764 491 1830 Δαυτδ,
515 1769 675 1832 αὑτὸς
701 1770 882 1840 ἄρχων
909 1770 1186 1843 ἀρχόντων
1224 1771 1394 1842 ᾠδῶν,
1426 1772 1642 1842 κρατῶν
1667 1771 1758 1823 ἐπὶ
1780 1773 1890 1841 χεῖ-

313 1874 413 1930 ρας
462 1860 523 1913 τὸ
573 1861 886 1934 ψαλτήριον.
921 1866 1188 1928 Ἕκαστος
1243 1865 1298 1917 δὲ
1343 1863 1469 1938 ᾖδεν
1521 1865 1613 1919 καὶ
1663 1865 1887 1934 ἔψαλλεν
1917 1847 1960 1902 Β

311 1946 494 2017 ὑμνῶν
517 1949 608 2002 τὸν
639 1951 769 2004 Θεὸν
796 1952 934 2024 ἁγίῳ
965 1953 1238 2024 Πνεὺματι
1276 1955 1640 2025 τεταγμένως.
1697 1955 1884 2008 Ἡνίκα

308 2037 488 2093 τοίνυν
509 2041 732 2114 ἐσκίρτα
758 2045 818 2097 τὸ
839 2044 1062 2116 Πνεῦμα
1081 2046 1173 2099 ἐπί
1194 2064 1314 2100 τινα
1339 2047 1444 2100 τῶν
1474 2047 1748 2118 ἀρχόντων
1773 2047 1882 2100 τῶν

307 2131 622 2204 ψαλτῳδῶν,
645 2138 693 2190 οἱ
717 2139 892 2192 λοιποὶ
941 2139 1170 2211 ἡσυχίαν
1209 2135 1344 2210 ἦγον
1401 2139 1746 2210 παρεστῶτες
1791 2140 1885 2193 καὶ

309 2222 671 2290 ὑπακούοντες
689 2228 763 2297 (1)
783 2232 1086 2298 συμφώνως
1100 2229 1178 2300 τῷ
1198 2229 1470 2298 ψάλλοντι,
1502 2227 1882 2296 Ἀλληλούτα.

1993 589 2084 630 res
2107 580 2368 644 quatuor,
2407 572 2745 627 canticorum
2777 571 3072 642 principes,
3105 572 3206 627 sibi
3239 583 3384 629 sorte
3412 573 3556 628 dele-

1993 667 2107 736 git;
2152 673 2210 719 ut
2246 667 2300 719 in
2348 671 2643 734 conspectu
2699 679 2840 718 arcas
2897 662 3126 718 Domino
3182 665 3472 734 psallerent
3506 675 3556 721 et

1992 763 2304 820 cantarent,
2347 771 2643 825 vocemque
2692 755 2910 819 laetitiae,
2971 756 3026 811 in
3076 755 3472 812 confessionem
3503 764 3557 811 et

1993 847 2210 903 laudem
2245 849 2624 904 instrumentis
2665 848 2956 904 concinnis
3011 847 3338 919 proferrent,
3383 849 3558 904 canti-

1991 941 2096 1005 eis,
2133 941 2358 1012 cyniris,
2406 941 2603 1005 nablis,
2635 942 2928 1013 tympanis,
2959 941 3242 1013 cymbalis,
3278 941 3555 1012 psalterio,

1989 1039 2048 1086 et
2081 1031 2210 1086 tuba
2258 1048 2493 1100 cornea;
2525 1033 2777 1090 videlicet
2825 1033 3029 1103 Asaph,
3071 1032 3288 1098 Aﬂman,
3330 1032 3559 1098 Ethan,

1992 1123 2250 1188 ldithum,
2283 1125 2442 1195 queis
2477 1132 2664 1180 certus
2695 1126 3034 1181 canticorum
3065 1141 3322 1181 numerus
3354 1126 3559 1180 consti-

1992 1227 2144 1275 tutus
2179 1231 2332 1286 erat;
2367 1221 2642 1291 deputatis
2666 1220 2984 1275 cantoribus
3009 1219 3258 1274 ducentis
3281 1219 3556 1290 octoginta

1991 1322 2166 1378 octo;
2241 1313 2473 1382 singulis
2544 1313 2801 1368 nimirum
2864 1311 3202 1382 septuaginta
3274 1311 3401 1365 duo.
3478 1309 3555 1364 Ex

1989 1401 2199 1458 Chamo
2267 1405 2380 1459 sive
2441 1403 2630 1458 Chami
2693 1403 2950 1474 progenie
3009 1404 3230 1474 triginta
3290 1403 3433 1470 duo;
3491 1418 3556 1456 ex

1995 1495 2158 1551 Semo
2191 1497 2381 1566 viginti
2415 1498 2692 1567 quinque;
2725 1513 2790 1552 ex
2826 1495 3054 1568 Iapheto
3086 1479 3419 1568 quindecim.
3452 1495 3557 1562 Qui

1991 1597 2200 1645 stantes
2231 1603 2414 1642 coram
2458 1604 2584 1643 arca
2615 1591 2929 1645 testamenti
2959 1589 3196 1654 Domini,
3235 1589 3557 1659 psallebant,

1990 1683 2367 1750 canebantque
2415 1679 2672 1745 Domino;
2726 1681 2817 1734 alii
2870 1681 3078 1752 Cinyra,
3129 1681 3221 1735 alii
3271 1680 3555 1751 cymbalis,

1992 1771 2215 1843 quidam
2249 1772 2483 1834 cithara,
2510 1769 2674 1840 aliqui
2703 1770 2960 1840 psalterio
2994 1789 3004 1823 :
3041 1770 3095 1824 in
3116 1783 3347 1840 quorum
3380 1768 3559 1822 medio

1992 1863 2328 1918 consistebat
2360 1862 2550 1925 David,
2588 1862 2704 1932 ipse
2734 1861 2988 1930 princeps
3037 1861 3342 1930 principum
3386 1859 3560 1913 canti-

1991 1970 2205 2018 corum,
2241 1970 2404 2008 manu
2439 1964 2681 2008 tractans
2703 1953 3042 2024 psalterium.
3077 1952 3288 2024 Singuli
3316 1967 3448 2006 vero
3469 1966 3561 2004 ca-

1991 2047 2192 2102 nebant
2225 2053 2279 2102 et
2312 2046 2637 2116 psallebant,
2678 2045 2894 2118 hymnis
2930 2044 3098 2099 Deum
3121 2044 3408 2105 concinne,
3435 2041 3560 2111 Spi-

1990 2140 2098 2193 ritu
2135 2147 2324 2194 sancto
2347 2139 2503 2202 moti,
2546 2139 2904 2194 celebrantes.
2929 2137 3063 2193 Cum
3107 2137 3288 2207 itaque
3320 2133 3557 2206 Spiritus

1995 2231 2051 2284 in
2081 2230 2392 2302 quempiam
2418 2230 2725 2301 principum
2757 2236 3043 2284 cantorum
3093 2227 3345 2292 insiliret,
3376 2227 3557 2282 caueri

307 2321 487 2388 quiete
529 2323 756 2392 agebant
795 2332 1037 2380 astantes
1082 2341 1146 2379 ac
1179 2342 1310 2380 voce
1341 2341 1584 2380 consona
1621 2327 1873 2395 psallenti
1912 2326 2329 2398 respondentes,
2370 2324 2625 2381 Alleluia.

387 2412 476 2465 Ἐν
516 2416 582 2484 τῇ
625 2414 884 2487 Ἐϐραῖκῇ
918 2416 1083 2488 βίϐλῳ
1117 2418 1224 2470 τῶν
1250 2416 1478 2488 ψαλμῶν
1512 2418 1640 2472 ἄνευ
1664 2418 1762 2489 τῆς
1791 2417 1884 2472 τοῦ

304 2504 539 2576 ἀριθμοῦ
570 2509 883 2579 προσθήκης
912 2509 1296 2581 ἀνεγράφησαν
1327 2511 1374 2563 oi
1410 2512 1608 2575 πάντες
1645 2509 1738 2564 καὶ
1766 2510 1884 2564 δια-

304 2596 503 2667 φόρως.
557 2600 619 2650 Οί
659 2599 758 2668 μέν
795 2603 898 2652 εἰσι
949 2601 1304 2671 συνημμένοι,
1352 2604 1400 2655 oi
1442 2602 1498 2655 δὲ
1542 2601 1878 2674 διῃρημένοι.

315 2684 530 2755 Ἀμέλει
563 2689 590 2739 ὁ
620 2687 718 2756 μὲν
750 2689 965 2759 πρῶτος
995 2689 1088 2743 καὶ
1114 2690 1362 2761 δεύτερος
1408 2692 1743 2761 συνημμένοι
1776 2691 1882 2743 είσὶ

305 2777 446 2829 κατὰ
476 2777 535 2828 τὸ
580 2779 892 2846 Ἐϐραῖκόν·
931 2781 1024 2832 καλ⁵
1057 2780 1215 2833 πάλιν
1239 2783 1268 2832 ὁ
1301 2780 1506 2844 ἔνατος,
1539 2779 1880 2851 συνημμένος

304 2867 433 2935 παρ’
463 2866 614 2934 ἡμῖν,
660 2867 717 2918 ἐν
741 2867 816 2936 τῷ
857 2866 1129 2938 Ἐϐραῖκῷ
1160 2868 1408 2939 διῄρηται
1441 2873 1520 2933 εἰς
1563 2869 1671 2924 δύο.
1706 2873 1880 2942 Παρα-

302 2956 567 3027 τηρητέον
598 2957 675 3021 δὲ,
717 2959 798 3011 ὅτι
835 2960 909 3028 μὴ
945 2959 1086 3012 κατὰ
1115 2960 1432 3014 ἀκολουθίαν
1473 2963 1580 3014 τῶν
1604 2962 1703 3031 τῆς
1739 2963 1880 3016 ίστο-

308 3048 426 3122 μσς
448 3050 669 3123 ’χρόνων
700 3054 732 3123 ή
767 3051 874 3106 τῶν
905 3051 1134 3123 ψαλμῶν
1179 3051 1456 3120 σύγκειται
1502 3054 1682 3118 τάξις·
1720 3056 1876 3126 ἐνήλ-

302 3145 493 3198 λακται
515 3146 570 3198 δὲ
594 3146 744 3216 παρὰ
772 3146 926 3208 πολὺ,
963 3141 1142 3208 καθὼς
1171 3145 1410 3217 ήιβίϐλος
1431 3146 1538 3199 τῶν
1561 3147 1873 3212 Βασιλειῶν,

303 3234 396 3288 καὶ
428 3234 624 3306 αὑτηή
673 3235 822 3300 τάξις
851 3235 1018 3306 δηλοῖ.
1055 3237 1263 3306 Πολλῆς
1311 3237 1488 3290 τοίνυν
1537 3255 1878 3309 κατακρατή-

305 3325 475 3396 σάσης
525 3326 962 3397 είδωλολατρείας
1009 3325 1102 3379 τοῦ
1146 3326 1411 3380 Ἰουδαίων
1465 3327 1667 3391 ἔθνους,
1711 3328 1878 3399 λήθην

305 3419 497 3483 αὐτούς
546 3437 677 3488 φασι
727 3419 1054 3490 πεποιῆσθαι
1084 3420 1191 3472 τῶν
1237 3421 1479 3492 πατρίων
1525 3421 1772 3493 γραφῶν,
1803 3423 1879 3486 ὡς

307 3511 438 3582 μηδὲ
487 3510 579 3563 τοῦ
613 3511 889 3573 Μωῦσέως
922 3510 1082 3581 νόμου
1113 3511 1291 3581 βίϐλον
1333 3512 1708 3584 ἐπιφέρεσθαι,
1745 3513 1875 3584 μηδέ

306 3602 526 3672 μνήμην
545 3602 640 3671 τῆς
666 3601 772 3654 τῶν
795 3601 1043 3670 πατέρων
1068 3601 1346 3665 εὐσεϐείας
1374 3601 1696 3667 ἀποσώζειν.
1721 3601 1877 3656 Οὕτω

302 3692 430 3761 γοῦν
455 3694 580 3756 τοὺς
615 3693 894 3764 προφήτας
919 3693 1148 3763 ἀνῄρουν
1184 3692 1552 3763 διελέγχοντας
1577 3694 1756 3747 αὐτῶν
1778 3694 1878 3757 τὰς

301 3784 634 3847 δυσσεϐείας.
685 3784 818 3836 Οὑδέ
851 3784 944 3836 νῦν
987 3784 1296 3854 θαυμαστὸν
1338 3785 1395 3836 ἐν
1443 3784 1665 3857 τοιαύτῃ
1706 3803 1875 3839 κατα·

303 3876 489 3930 στάσει
523 3874 728 3945 καιρῶν
762 3875 856 3928 καὶ
882 3874 990 3926 τῶν
1023 3873 1405 3945 ἐμφερομένων
1432 3876 1582 3938 τινὰς
1613 3877 1676 3945 τῇ
1713 3875 1876 3945 βίϐλῳ

299 3969 408 4022 τῶν
431 3968 662 4039 ψαλμῶν
689 3964 1145 4031 διαπεπτωκέναι,
1181 3967 1320 4040 λήθῃ
1352 3985 1408 4020 τε
1438 3971 1664 4038 μακροῖς
1696 3985 1874 4042 παρα-

299 4059 541 4114 δεδόσθαι
561 4059 960 4131 χρόνοις.”Υστε
971 4077 1058 4131 ρον
1072 4059 1128 4114 δὲ
1145 4059 1280 4130 μετά
1292 4058 1484 4122 ταῦτα,
1503 4059 1872 4131 εῖτεἝσδραν,

299 4151 410 4204 εἴτε
457 4152 606 4214 τινὰς
637 4152 856 4222 ἑτέρους
889 4153 1193 4224 προφήτας,
1246 4154 1373 4224 περ)⁸
1413 4153 1510 4224 τὴν
1559 4153 1875 4225 συναγωγὴν

298 4241 478 4296 αὑτῶν
505 4243 912 4307 ἐσπουδακέναι,
941 4242 1059 4313 μεθ’
1086 4237 1159 4296 ὧν
1183 4244 1276 4296 καὶ
1291 4243 1386 4315 τὴν
1409 4244 1586 4314 βίϐλον
1610 4245 1714 4298 τῶν
1740 4244 1875 4314 ψαλ-

302 4332 418 4402 μῶν
446 4333 722 4403 ήγιοχέναι
771 4334 914 4402 (sic),
945 4333 1045 4386 οὐκ
1092 4332 1303 4405 ἀθρόως
1332 4335 1558 4406 εὑρόντα
1587 4337 1715 4398 τοὺς
1742 4335 1876 4389 πάνθ

297 4439 416 4490 τας,
451 4426 584 4479 ἀλλά
608 4426 744 4480 κατὰ
769 4425 1052 4497 διαφόρους
1084 4427 1325 4496 χρόνους.
1357 4427 1466 4479 Καὶ
1499 4427 1708 4480 τάττειν
1733 4427 1789 4480 δέ
1816 4428 1874 4480 ἐν

2062 2419 2121 2473 In
2161 2417 2430 2474 Iiebraico
2461 2417 2800 2474 Psalmorum
2826 2417 2986 2482 libro,
3016 2415 3411 2487 psalmiomnes
3439 2413 3559 2470 sine

1991 2509 2204 2564 numeri
2233 2507 2510 2563 additione
2541 2509 2692 2563 varie
2722 2508 2970 2578 inscripti
3008 2517 3156 2562 sunt.
3189 2507 3254 2561 Et
3278 2513 3406 2563 sunt
3436 2507 3558 2576 qui-

1988 2603 2109 2658 dem
2141 2603 2230 2657 alii
2264 2603 2566 2671 conjuncti,
2593 2603 2684 2657 alii
2715 2619 2844 2658 vero
2872 2604 3053 2658 divisi.
3091 2601 3233 2658 Sane
3264 2602 3474 2673 primus
3502 2611 3556 2656 ct

1989 2696 2261 2751 secundus
2290 2696 2445 2765 juxta
2472 2693 2798 2749 Hebraicum
2831 2696 3158 2764 copulantur
3183 2715 3196 2749 :
3224 2710 3401 2749 nonus
3422 2709 3556 2748 eon-

1987 2797 2071 2841 tra
2095 2788 2188 2857 qui
2223 2787 2365 2857 apud
2396 2802 2498 2842 nos
2529 2785 2861 2854 conjunctus
2894 2794 2997 2848 est,
3031 2787 3084 2838 in
3109 2785 3249 2840 duos
3269 2785 3410 2855 apud
3441 2782 3553 2841 He-

1986 2880 2229 2935 braicum
2265 2886 2474 2933 textum
2515 2878 2882 2933 distribuitur.
2925 2876 3338 2932 Observandum
3371 2883 3550 2930 autem

1985 2976 2091 3034 est,
2129 2985 2239 3023 non
2272 2967 2337 3022 ad
2369 2969 2564 3022 seriem
2591 2969 2835 3023 historiae
2867 2977 3198 3037 temporum,
3218 2967 3550 3036 psalmorum

1984 3062 2234 3116 ordinem
2255 3061 2614 3114 constitutum
2647 3075 2806 3114 esse:
2845 3059 3114 3128 siquidem
3154 3058 3382 3112 multum
3403 3073 3554 3110 com-

1985 3160 2244 3215 mutatur,
2271 3151 2348 3206 uti
2374 3149 2686 3222 Regnorum
2712 3151 2848 3206 liber
2879 3165 2942 3204 ac
2971 3150 3051 3205 vel
3073 3150 3189 3221 ipse
3218 3150 3350 3204 ordo
3378 3149 3554 3204 deela-

1983 3249 2086 3296 rat.
2118 3241 2253 3296 Cum
2285 3242 2470 3308 itaque
2497 3240 2668 3293 multo
2698 3239 3023 3294 idololatriae
3072 3253 3268 3308 genere
3289 3235 3551 3292 Iudaicus

1981 3333 2217 3403 populus
2249 3333 2604 3397 detineretur,
2639 3332 2831 3387 dicunt
2864 3346 2928 3387 eo
2955 3346 3129 3401 usque
3150 3331 3456 3393 devenisse,
3489 3336 3552 3382 ut

1982 3427 2188 3496 patrias
2217 3426 2520 3497 scripturas
2571 3442 2601 3480 e
2649 3425 2912 3480 memoria
2952 3424 3354 3486 oblitterarent,
3391 3423 3465 3477 ita
3491 3431 3550 3476 ut

1980 3533 2156 3588 neque
2182 3516 2433 3574 Mosaicae
2462 3517 2598 3586 legis
2626 3516 2764 3570 liber
2814 3513 2956 3568 ultra
2986 3514 3342 3583 reperiretur,
3370 3527 3548 3581 neque

1979 3613 2220 3677 paternae
2244 3606 2460 3675 pietatis
2488 3604 2807 3659 tnelnoriam
2827 3608 3237 3657 conservarent.
3261 3599 3550 3654 Enimvero

1979 3697 2276 3767 prophetas
2328 3696 2670 3767 impietatem
2725 3709 2881 3750 suam
2922 3685 3291 3765 eoarguentes'
3339 3691 3548 3746 interli-

1979 3788 2216 3842 ciebant.
2246 3785 2391 3841 Nihil
2443 3788 2624 3857 itaque
2665 3786 2866 3842 mirum
2900 3794 2985 3840 est
3011 3784 3066 3838 in
3109 3784 3202 3837 tali
3239 3793 3546 3854 temporum

1977 3877 2312 3942 conditione,
2331 3878 2571 3946 psalmos
2589 3877 2797 3946 aliquot
2823 3877 2952 3932 olim
2973 3877 3027 3929 in
3051 3874 3390 3928 Psahnorum
3408 3874 3547 3929 libro

1977 3949 2353 4032 occurrentes,
2389 3968 2550 4038 longo
2585 3982 2856 4022 annorum
2898 3966 3175 4020 curriculo
3205 3965 3415 4019 incuria
3447 3965 3547 4019 ob-

1979 4059 2253 4114 litteratos
2281 4057 2574 4118 excidisse.
2613 4057 2727 4111 Sub
2752 4057 2865 4110 haec
2899 4065 3081 4110 autem
3114 4057 3268 4109 aiunt
3299 4056 3414 4111 sive
3445 4057 3546 4109 Es-

1976 4152 2154 4215 dram,
2174 4151 2289 4206 sive
2313 4151 2450 4206 alios
2472 4149 2736 4221 quosdam
2757 4152 3070 4219 prophetas,
3090 4148 3237 4217 ipsos
3257 4147 3544 4217 colligendi

1976 4258 2164 4298 curam
2201 4242 2511 4313 suscepisse
2538 4281 2553 4308 ,
2595 4250 2891 4311 posteaque
2948 4232 3288 4294 P'salmorum
3346 4239 3542 4292 librum

1975 4348 2352 4400 consecrasse,
2389 4348 2490 4387 nec
2512 4331 2799 4387 confertim
2834 4338 3082 4401 repertos
3127 4345 3316 4385 omnes
3349 4328 3542 4392 fuisse,

1976 4425 2071 4481 sed
2101 4425 2336 4489 diversis
2366 4425 2726 4495 temporibus.
2770 4423 2985 4478 Primos
3029 4431 3210 4477 autem
3242 4422 3545 4477 collocasse

299 4516 535 4588 πρώτοις
558 4519 683 4580 τοὺς
704 4515 952 4588 πρώτους
983 4516 1400 4588 εὑρισκομένους
1417 4533 1430 4545 ·
1466 4517 1599 4588 μηδὲ
1627 4518 1752 4581 τοὺς
1777 4519 1870 4572 τοῦ

1982 4534 2071 4574 eos
2097 4518 2187 4588 qui
2221 4517 2384 4588 primi
2416 4517 2622 4572 inventi
2660 4516 2876 4571 fuerant
2914 4535 2928 4580 ;
2984 4515 3222 4586 hincque
3251 4514 3450 4570 factum
3482 4523 3544 4568 ut

298 4607 458 4666 Δαυῖδ
491 4608 686 4679 ἐφεξῆς
718 4607 928 4660 κεῖσθαι
970 4609 1209 4672 πάντας·
1241 4609 1297 4662 ἔν
1335 4627 1396 4663 τε
1427 4609 1504 4680 τῷ
1537 4608 1738 4680 μεταξὺ
1777 4611 1871 4664 καὶ

1976 4610 2011 4665 ii
2043 4611 2194 4680 quia
2227 4607 2430 4662 Davide
2481 4607 2776 4677 conscripti
2818 4614 2945 4663 sunt
2991 4621 3099 4660 non
3145 4609 3544 4674 consequenter

294 4698 404 4752 τῶν
433 4699 566 4752 υἱῶν
590 4698 754 4770 Κορὲ,
791 4698 886 4752 καὶ
912 4699 1006 4752 τοῦ
1045 4700 1236 4769 Ἀσάφ,
1266 4702 1358 4754 καὶ
1378 4701 1736 4772 Σολομῶντος,
1778 4703 1872 4758 καὶ

1982 4705 2207 4770 iaceant,
2267 4701 2361 4758 sed
2398 4699 2668 4755 commisti
2700 4713 2824 4752 cum
2870 4698 2938 4754 iis
2983 4697 3076 4766 qui
3113 4696 3346 4750 ﬁliorum
3376 4694 3538 4758 Core,

294 4790 591 4854 Μωὺσέως,
610 4791 786 4861 Αίμάν
811 4809 891 4855 τε,
922 4790 1016 4844 καὶ
1041 4790 1229 4857 Αίθάν,
1252 4793 1346 4845 καὶ
1381 4792 1629 4864 Ἰδιθοὺμ,
1656 4796 1750 4848 καὶ
1770 4796 1872 4850 πά-

295 4882 378 4936 λιν
413 4882 506 4936 τοὺ
537 4883 696 4938 Δαυτδ
720 4884 1065 4956 εὑρίσκεσθαι
1094 4885 1294 4956 ἀναμὶξ
1316 4887 1373 4939 ἐν
1399 4888 1465 4957 τῇ
1506 4886 1672 4958 βίϐλῳ
1702 4905 1858 4942 κατα-

294 4975 682 5053 τεταγμένους,
733 4978 793 5029 οὑ
816 4974 934 5030 καθ’
967 4975 1060 5039 οὓς
1108 4975 1404 5048 ἐλέχθησαν
1449 4977 1690 5048 χρόνους,
1735 4980 1869 5034 ἀλλὰ

295 5069 416 5122 καθ’
441 5067 534 5131 οὒς
557 5067 830 5138 εὕρηνται.
859 5068 1048 5121 Ἔνθεν
1068 5085 1125 5121 τε
1159 5068 1428 5139 συμϐῆναι
1460 5071 1584 5134 τοὺς
1605 5073 1718 5135 τοῖς
1745 5073 1866 5143 χρό-

294 5177 403 5224 νοις
425 5160 681 5231 ὑστέρους
705 5159 951 5228 πρώτους
976 5160 1314 5230 εὐρεθέντας,
1342 5159 1714 5231 ἀναληφθῆναι
1739 5181 1864 5233 προ-

292 5250 510 5323 τέρουςο
545 5253 668 5315 τοὺς
699 5251 754 5304 δέ
785 5252 1076 5322 προτέρους
1110 5251 1245 5321 μετά
1273 5250 1444 5305 ταῦτα
1467 5253 1785 5324 εὑρεθέντας
1805 5257 1862 5310 ἐν

291 5342 520 5414 δευτέρα
540 5342 772 5412 ταγῆναι
798 5340 950 5414 χώρᾳ.
967 5338 1069 5396 σ’τὸ
1088 5343 1130 5396 δ’
1161 5343 1290 5396 αὐτὸ
1306 5343 1482 5416 εὕροις
1505 5345 1862 5416 γεγενημένον

293 5429 352 5484 ὲν
377 5433 486 5493 τοῖς
512 5432 832 5502 προφήταις.

364 5521 550 5575 Πάντα
571 5521 756 5592 ῶσπερ
790 5523 847 5574 ἐν
878 5521 1096 5590 μεγάλῳ
1129 5524 1234 5577 τινὶ
1261 5523 1354 5576 καὶ⁹
1377 5520 1539 5593 κοινῷ
1558 5524 1766 5595 ταμείῳ
1790 5527 1856 5596 τῇ

295 5610 462 5683 βίϐλῳ
489 5611 597 5665 τῶν
621 5611 850 5682 ψαλμῶν
879 5609 1316 5683 τεθησαὺρισται.
1346 5613 1579 5667 Κάκεῖνο
1609 5613 1664 5666 δέ
1699 5614 1865 5684 τηρή-

1970 4796 2199 4867 Asapbi,
2220 4793 2548 4860 Salomonis,
2569 4791 2790 4863 Moysis,
2810 4790 3030 4854 Eman,
3049 4787 3512 4852 AEtbaanitbum
3526 4833 3538 4857 ,

1973 4902 2304 4958 rursumque
2329 4884 2552 4940 Davidis
2589 4884 2986 4945 inscribuntur,
3024 4894 3134 4938 non
3166 4879 3376 4935 ratione
3401 4885 3542 4934 tem-

1971 4980 2122 5051 poris
2150 4993 2258 5049 quo
2291 4977 2527 5048 primum
2557 4974 2687 5030 editi
2710 4982 2764 5028 et
2794 4971 3159 5042 pronuntiati,
3183 4971 3279 5027 sed
3309 4984 3418 5040 quo
3444 4969 3540 5025 de-

1976 5069 2231 5138 prehensi
2253 5073 2400 5123 sunt.
2431 5063 2678 5133 llincque
2705 5063 3023 5132 contigisse,
3074 5069 3131 5116 ut
3171 5061 3264 5131 qui
3293 5067 3538 5130 tempore

1973 5159 2307 5232 posteriores
2330 5164 2508 5222 erant,
2543 5172 2665 5211 cum
2696 5155 2855 5223 primi
2879 5153 3078 5228 reperti
3109 5152 3334 5215 fuerint,
3373 5151 3535 5221 primi

1969 5249 2193 5320 repositi
2229 5249 2340 5304 sint
2366 5265 2380 5315 ;
2412 5262 2476 5301 ac
2501 5249 2620 5302 vice
2657 5261 2814 5302 versa
2833 5245 2926 5316 qui
2948 5244 3108 5315 primi
3138 5242 3376 5307 fuerant,
3407 5241 3536 5312 quia

1968 5346 2091 5410 post
2116 5339 2253 5392 alios
2282 5338 2422 5392 eruti
2441 5344 2590 5403 sunt,
2624 5335 2982 5406 posteriorem
3017 5333 3072 5388 in
3088 5334 3268 5388 locum
3283 5332 3537 5388 sintcon—

1925 5439 1930 5446 ’
1967 5430 2140 5485 stituti
2162 5449 2172 5483 :
2191 5430 2337 5500 quod
2360 5429 2536 5499 ipsum
2562 5429 2616 5482 in
2631 5427 2907 5498 prophetis
2923 5425 3124 5482 factum
3140 5423 3532 5496 deprehendas.

2039 5522 2098 5576 In
2134 5521 2276 5575 libro
2303 5519 2642 5574 Psalmorum
2697 5518 2879 5572 omnia
2917 5533 3016 5572 ceu
3033 5517 3088 5571 in
3116 5531 3311 5588 magno
3337 5529 3402 5569 ac
3432 5529 3536 5585 pu-

1975 5615 2120 5670 blico
2150 5613 2413 5684 penuario
2435 5609 2710 5666 recondita
2739 5618 2885 5666 sunt.
2911 5608 3320 5666 Observandum
3350 5613 3533 5662 autem

364 5725 437 5805 (ᾖ)
479 5723 852 5805 Ἐπαπξούειν,
890 5724 943 5779 id
985 5732 1069 5805 est
1109 5724 1413 5805 respondere
1463 5727 1675 5782 :multa
1709 5725 1872 5797 hujus
1911 5729 2320 5802 signiﬁcationis
2372 5727 2615 5799 exempla
2656 5728 2939 5784 attulimus
2991 5727 3048 5782 in
3078 5727 3314 5784 editione
3363 5724 3532 5780 Atha-

291 5793 455 5851 naSii.
480 5793 614 5849 Vide
657 5794 710 5849 in
741 5794 1091 5850 Onomastico
1122 5795 1341 5849 ibidem.

534 5890 804 5949 Pnnoe.
838 5890 954 5951 Gn.
1005 5888 1241 5954 XXIII.

3285 5883 3324 5954 3
