4096 6398
520 332 600 395 ’ὅ
1254 322 1524 382 EUSEBII
1557 321 2037 381 CIESARIENSIS
2064 322 2216 381 OPP.
2245 321 2428 380 PARS
2461 321 2553 381 111.
2580 352 2654 366 -
2689 321 3100 381 EXEGETICA.
3691 339 3759 396 τε

525 461 611 510 est
640 451 836 508 librum
883 452 1217 523 psalmorum
1248 462 1375 525 post
1404 451 1606 526 Moysis
1656 452 1851 524 legem,
1889 466 2091 507 novam

2201 471 2326 518 τεις,
2360 454 2436 519 ὡς
2483 459 2516 527 ή
2564 455 2745 526 βίϐλος
2777 457 2883 508 τῶν
2914 452 3144 524 ψαλμῶν
3189 452 3378 524 καινὴν
3414 450 3761 506 διδασκαλίαν

526 546 816 615 complecti
870 545 1177 600 doctrinam
1203 584 1218 611 ,
1262 546 1551 615 ipsumque
1583 551 1707 614 post
1738 550 2096 599 memoratam

527 636 727 708 Moysis
785 639 1135 707 scripturam,
1172 636 1469 693 secundum
1491 678 1506 703 ,
1538 636 1604 691 ad
1634 635 1937 691 doctrinam
1970 650 2094 705 spe-

524 737 783 795 ctantem,
803 744 925 787 esse
948 730 1165 785 librum.
1180 728 1317 786 Cum
1340 729 1523 800 itaque
1549 737 1672 800 post
1695 736 1927 784 mortem
1943 726 2094 798 Moy-

526 821 604 877 sis
630 827 685 876 et
729 819 880 885 Jesu,
906 829 960 876 et
993 829 1117 891 post
1140 813 1392 891 judicum
1414 828 1652 892 tempus,
1685 819 1854 875 David
1872 828 2089 877 aetatem

526 913 780 981 duxerit;
838 919 1028 983 utpote
1079 913 1173 983 qui
1222 912 1522 968 Salvatoris
1574 921 1732 983 pater
1784 911 2094 982 nuncupari

526 1005 807 1071 meruerit,
840 1021 1045 1062 novum
1088 1006 1205 1077 ipse
1231 1006 1477 1070 modum,
1508 1003 1828 1075 psalmodiaa
1861 1004 2090 1068 scilicet,

526 1097 735 1167 primus
758 1095 997 1153 Hebraeis
1029 1096 1288 1164 tradidit;
1315 1112 1425 1167 quo
1447 1096 1540 1150 illa
1573 1110 1695 1167 qua!
1716 1095 1783 1151 de
1806 1094 2093 1152 sacrificiis

527 1202 558 1242 a
588 1187 767 1260 Moyse
804 1189 1012 1243 sancita
1043 1187 1259 1244 fuerant
1291 1189 1358 1245 de
1380 1188 1563 1244 medio
1599 1188 1759 1253 tollit,
1778 1196 2093 1256 novumque

526 1276 695 1331 divini
751 1277 934 1333 cultus
995 1292 1205 1333 morem
1236 1292 1334 1350 per
1362 1276 1597 1349 hymnos
1626 1292 1691 1333 ac
1735 1277 2092 1350 jubilationes

524 1368 731 1424 invehit
762 1389 776 1424 :
812 1370 1028 1441 aliaque
1080 1370 1218 1426 bene
1269 1370 1440 1424 multa
1477 1369 1679 1442 Moysis
1733 1371 1904 1443 legem
1933 1371 2093 1442 longe

524 1462 839 1531 superantia
867 1461 963 1533 per
993 1470 1167 1516 totum
1195 1477 1334 1533 opus
1358 1461 1570 1518 edocet.

770 1639 990 1695 Eusebii
1008 1639 1353 1695 Caesariensis
1377 1638 1441 1693 de
1461 1638 1839 1709 diapsalmate.

597 1731 904 1803 Diapsalma
946 1732 1290 1802 scripserunt
1339 1729 1666 1801 interpretes
1722 1728 1799 1783 illi
1843 1727 2088 1800 quinque

2193 544 2438 615 περιέχει
2464 545 2603 616 μετά
2620 547 2718 616 τὴν
2747 546 3023 609 Μωῦσέως
3055 544 3391 613 νομοθεσίαν,
3417 544 3511 598 καὶ
3538 544 3621 597 ὅτι
3643 542 3762 596 δευο

2192 636 2323 704 τέρα
2354 636 2490 706 μετά
2516 638 2614 708 τὴν
2642 637 2910 701 Μωῡσέως
2934 637 3248 707 νομοθεσίαν
3274 636 3487 707 γραφὴν
3507 634 3762 689 διδασκα-

2191 728 2316 797 λικὴ
2346 727 2526 797 βίϐλος
2553 727 2690 798 αῦτη
2716 728 2992 799 τυγχάνει.
3019 728 3172 783 Μετά
3200 727 3329 796 γοῦν
3361 727 3459 797 τὴν
3486 726 3763 790 Μωῦσέως

2191 820 2286 872 καὶ
2320 821 2491 890 Ἰησοῦ
2524 821 2777 891 τελευτὴν
2807 823 2898 875 καὶ
2939 821 3075 891 μετά
3101 820 3225 883 τοὺς
3252 818 3442 891 κριτάς
3482 817 3642 872 Δαυῖδ
3671 835 3764 886 γε·

2193 911 2433 982 νόμενος,
2470 913 2668 966 ὡσανεὶ
2698 911 2792 965 τοῦ
2821 913 3067 983 Σωτῆρος
3103 912 3263 974 αὐτὸς
3298 910 3630 981 χρηματίσαι
3661 927 3766 963 πα-

2193 1006 2299 1076 τὴρ
2329 1005 2704 1070 καταξιωθεὶς,
2740 1006 2923 1060 καινὸν
2956 1006 3155 1075 τρόπον
3189 1004 3281 1057 τὸν
3322 1006 3418 1075 τῆς
3448 1002 3764 1074 ψαλμῳδίας

2193 1096 2405 1169 πρῶτος
2441 1098 2708 1167 Ἑϐραίοις
2723 1098 3004 1170 παρέδωκε
3022 1114 3035 1127 ·
3059 1097 3123 1150 δι’
3138 1092 3205 1168 ἧς
3220 1097 3432 1167 ἀναιρεῖ
3457 1094 3534 1166 (1)
3575 1095 3672 1166 μιν
3695 1093 3765 1149 τά

2194 1189 2344 1258 παρά
2369 1191 2575 1260 Μωῦσῇ
2611 1190 2737 1261 περὶ
2761 1189 2960 1242 θυσιῶν
2987 1188 3465 1258 νενομοθετημένα,
3494 1187 3680 1240 καινὸν
3706 1186 3765 1240 δὲ

2189 1279 2282 1332 τὸν
2296 1280 2361 1332 δι’
2385 1279 2567 1351 ὓμνων
2600 1281 2694 1333 καὶ
2707 1280 3036 1350 ἀλαλαγμῶν
3057 1281 3254 1350 τρόπον
3266 1280 3365 1349 τῆς
3390 1278 3483 1332 τοῦ
3509 1278 3644 1332 Θεοῦ
3672 1278 3765 1331 λα-

2189 1372 2375 1443 τρείας
2420 1373 2628 1440 εἰσάγει
2653 1389 2667 1404 °
2700 1373 2795 1426 καὶ
2836 1372 2969 1426 ἄλλα
3001 1371 3057 1424 δὲ
3084 1371 3307 1423 πλεῖστα
3352 1368 3443 1423 τὸν
3491 1369 3767 1431 Μωῦσέως

2191 1466 2351 1533 νόμον
2401 1464 2844 1533 ἑπαναϐεϐηκότα
2886 1463 2951 1516 δι’
2982 1463 3109 1535 ὅλης
3153 1463 3317 1517 αὐτοῦ
3364 1463 3462 1534 τῆς
3507 1477 3768 1533 πραγμα-

2196 1557 2344 1621 τείας
2374 1557 2634 1610 διδάσκει.

2258 1650 2553 1703 Εὑσεϐιόυ
2582 1648 2933 1717 Καισαρείας
2957 1646 3090 1715 περὶ
3116 1643 3220 1700 τοῦ
3256 1644 3684 1713 διαψάλματος.

2261 1740 2549 1811 Ἐγραψαν
2594 1739 2657 1793 τὸ
2706 1738 2984 1809 διάψαλμα
3030 1738 3077 1791 οί
3129 1736 3561 1808 ἑρμηνεύσαντες
3605 1735 3769 1788 πέντε

523 1824 821 1897 principes,
869 1823 1019 1895 quia
1047 1822 1251 1877 Davide
1298 1837 1426 1892 rege
1458 1837 1526 1877 ex
1557 1820 1706 1876 tribu
1750 1819 1882 1875 Levi
1908 1818 2088 1874 allecti

2201 1831 2466 1903 ίρχοντες,
2510 1830 2560 1885 οῖ
2592 1830 2897 1899 ἐξελέγοντο
2928 1829 3034 1883 ὑπὸ
3065 1828 3225 1881 Δαυῒδ
3269 1827 3362 1881 τοῦ
3408 1827 3668 1898 βασιλέως
3705 1828 3770 1881 ὲκ

413 1985 418 1987 _
522 1924 650 1973 sunt
685 1934 700 1984 ;
735 1932 987 1987 'quorum
1019 1915 1134 1970 haec
1166 1915 1389 1970 nomina
1422 1931 1435 1966 :
1491 1913 1711 1983 Asaph,
1768 1912 1865 1968 lilii
1925 1911 2087 1977 Core,

521 2007 1001 2075 EmamEtham,
1034 2008 1271 2063 ldithum
1299 2028 1312 2064 :
1344 2008 1514 2064 hosce
1536 2015 1722 2063 certus
1750 2006 2091 2062 canticorum

520 2116 783 2156 numerus
810 2100 1273 2169 consequebatur,
1325 2098 1538 2155 scilicet
1566 2097 1816 2167 singulos
1873 2104 2092 2166 septua-

520 2175 672 2262 ginta
701 2189 832 2244 duo.
862 2188 931 2243 lli
958 2187 1183 2245 stabant
1207 2188 1262 2243 in
1289 2194 1592 2258 conspectu
1633 2185 1935 2241 sanctuarii
1978 2184 2092 2240 Do—

518 2283 679 2347 mini,
735 2281 1023 2337 laudantes
1056 2280 1303 2335 omnium
1334 2277 1625 2334 Dominum
1659 2294 1674 2342 ;
1703 2276 1843 2331 alius
1871 2275 2095 2347 cymba-

521 2374 594 2435 la,
631 2372 775 2428 alius
825 2370 1173 2442 psalterium,
1209 2370 1352 2425 alius
1404 2368 1648 2439 cinyram
1679 2406 1695 2432 ,
1728 2366 1868 2421 alius
1904 2365 2094 2420 tubam

521 2477 801 2527 corneam,
836 2462 977 2518 alius
1006 2461 1275 2516 citharam
1298 2460 1537 2517 tenebat.
1561 2458 1805 2526 Quorum
1830 2457 1887 2512 in
1915 2455 2095 2511 medio

521 2556 704 2611 stabat
736 2554 925 2610 David.
958 2554 1181 2625 Hocque
1208 2560 1370 2624 pacto
1395 2552 1610 2608 cantica
1641 2550 2093 2622 auspicabantur,

522 2650 837 2721 liujusmodi
877 2649 1242 2704 instrumenta
1289 2645 1547 2702 manibus
1588 2651 1863 2701 tenentes.
1914 2643 2095 2714 Atque

520 2742 743 2814 singuli,
776 2740 983 2811 Spiritu
1011 2745 1202 2795 sancto
1230 2744 1507 2802 movente,
1536 2734 1707 2793 Deum
1753 2734 1975 2804 hymnis
2002 2750 2096 2790 ce-

517 2832 801 2888 lebrabant
827 2871 842 2896 ,
879 2843 1181 2901 omnesque
1231 2844 1342 2884 una
1392 2827 1651 2899 psallenti
1707 2825 2093 2890 succinehant,

518 2923 772 2978 Alleluia.
796 2921 1111 2977 Absistente
1145 2925 1329 2975 autem
1356 2917 1425 2973 ad
1473 2917 1642 2973 breve
1672 2922 1889 2985 tempus
1919 2904 2099 2985 Spiri-

517 3023 609 3071 tus
624 3013 803 3071 sancti
818 3012 1017 3083 gratia,
1033 3009 1259 3081 organis
1275 3008 1537 3080 deinceps
1556 3007 1927 3071 cessantibus,
1941 3015 2095 3073 tunc,

522 3110 607 3165 uti
637 3124 736 3181 par
753 3112 895 3172 erat,
929 3103 1237 3177 diapsalma
1265 3101 1602 3157 scribebant.

1105 3190 1427 3249 PSALMUS
1466 3189 1507 3247 Ι.

588 3291 759 3345 Vens.
788 3290 841 3345 1.
874 3288 1069 3343 Beatus
1096 3288 1173 3341 vir
1188 3286 1279 3357 qui
1304 3301 1406 3339 non
1430 3284 1562 3338 abiit
1588 3284 1646 3339 in
1678 3284 2103 3353 consilioimpio-

524 3400 667 3438 sum.
729 3379 1183 3451 Quandoquidem
1242 3378 1329 3433 vel
1387 3377 1507 3448 ipso
1564 3385 1774 3432 natura:
1837 3376 2100 3432 instinctu

519 3490 712 3533 omnes
743 3472 1508 3542 bcatitudinemappetimus,
1566 3470 1697 3525 boni
1757 3469 1915 3525 finem
1976 3478 2093 3525 sta-

521 3576 735 3625 tuentes
769 3566 1117 3631 felicitatem;
1171 3578 1469 3634 erroreque
1514 3563 1714 3619 mentis
1757 3562 1906 3617 ducti
1951 3577 2103 3617 com-

522 3663 726 3735 plures,
759 3658 910 3715 illam
938 3656 996 3713 in
1039 3655 1415 3727 voluptatibus
1445 3655 1725 3725 corporeis
1755 3653 2102 3723 quaerendam

525 3761 755 3828 putant,
796 3751 1035 3817 divitias,
1064 3748 1360 3819 dignitates
1380 3787 1398 3813 ,
1430 3744 1828 3818 praesentisque
1857 3744 1981 3799 vita:
2009 3760 2104 3798 vu-

526 3847 765 3919 luptates
806 3846 861 3900 in
914 3843 1088 3914 pretio
1122 3841 1415 3907 habentes;
1463 3839 1593 3893 hinc
1620 3838 1743 3908 jure
1774 3836 2103 3908 hymnorum

528 3939 595 3994 ad
625 3937 797 3994 Deum
826 3934 1154 3991 laudandum
1182 3932 1471 3990 exordium
1494 3927 1720 3985 ductum
1751 3936 1856 3995 est,
1884 3926 2107 3984 descri—

524 4030 786 4100 biturque
821 4026 1073 4099 quisnam
1117 4039 1243 4081 vere
1296 4024 1491 4079 beatus
1537 4020 1649 4085 sit,
1698 4027 1877 4091 atque,
1900 4019 2104 4073 bonum

523 4121 684 4178 linem
717 4136 747 4175 a
781 4118 891 4174 Deo
923 4124 1314 4188 consequatur.
1362 4113 1430 4169 Et
1460 4127 1596 4171 sane
1636 4111 1759 4178 hic,
1806 4110 1936 4181 quia
1980 4124 2107 4180 per-

522 4231 688 4287 quam
728 4213 843 4269 rari
885 4212 1103 4269 fuerant
1120 4210 1163 4265 .ii
1194 4208 1289 4280 qui
1306 4207 1440 4263 olim
1469 4205 1641 4277 probe
1668 4204 1838 4258 vitam
1859 4208 2104 4273 egerant,

524 4321 697 4361 unum
752 4303 1060 4374 quempiam
1113 4300 1335 4355 beatum
1385 4295 1647 4368 praedicat
1689 4292 2000 4350 Psalmista.
2038 4293 2108 4347 At

528 4398 788 4453 Servator
816 4401 1001 4450 noster
1030 4393 1127 4463 qui
1174 4388 1487 4461 complures
1532 4388 1723 4444 beatos
1755 4384 1963 4449 effecit,
1992 4384 2110 4456 plu-

2189 1923 2291 1991 τῆς
2317 1921 2491 1992 φυλῆς
2515 1923 2663 1975 Λευῒ⁸
2694 1914 2769 1975 ὧν
2789 1921 2858 1975 τὰ
2884 1920 3124 1989 ὀνόματά
3144 1921 3250 1973 εἱσι
3279 1919 3472 1983 ταῦτα,
3508 1918 3697 1987 Ἀσάφ,
3717 1921 3768 1974 oi

2192 2014 2297 2067 uiol.
2325 2014 2490 2085 Κορὲ,
2519 2013 2720 2085 Αίμάν,
2748 2013 2951 2083 Λίθάμ,
2998 2009 3256 2082 Ἰδιθούμο
3288 2010 3496 2075 τούτοις
3538 2009 3771 2083 ἀριθμὸς

2191 2106 2343 2177 ᾠδῶν
2372 2105 2793 2178 παρηκολούθει,
2820 2105 3036 2176 ἑκάστῳ
3073 2104 3438 2177 ἑδδομηκοντα
3462 2103 3575 2159 δύο.
3612 2097 3772 2157 υῦτοι

2192 2198 2409 2252 ἵσταντο
2448 2196 2679 2252 ἐνώπιον
2718 2196 2811 2250 τοῦ
2847 2195 3186 2267 ἀγιάσματος
3230 2196 3456 2267 Κυρίου,
3498 2192 3772 2257 αἰνοῦντες

2193 2290 2285 2344 τὸν
2315 2290 2532 2344 πάντων
2551 2290 2816 2361 δεσπότην
2834 2330 2851 2354 ,
2879 2288 2938 2353 ὃς
2967 2288 3066 2361 μὲν
3096 2286 3373 2358 κύμϐαλα,
3410 2287 3469 2350 δς
3496 2286 3551 2339 δὲ
3576 2284 3773 2356 ψαλτή-

2196 2400 2329 2456 ριον,
2371 2383 2430 2447 ὃς
2461 2383 2520 2436 δὲ
2552 2381 2808 2454 κινύραν,
2847 2380 2906 2445 ὃς
2929 2380 2987 2435 δὲ
3027 2378 3340 2450 κερατίνην,
3373 2378 3431 2443 δς
3462 2379 3519 2432 δὲ
3542 2377 3774 2448 κιθάραν

2194 2474 2353 2544 ἔχων,
2388 2468 2463 2527 ὧν
2499 2473 2659 2545 μέσος
2702 2472 2884 2526 ἵστατο
2915 2472 2946 2524 ό
2979 2470 3160 2524 Δαυῖδ.
3184 2470 3293 2523 Καὶ
3327 2469 3498 2533 οὕτως
3545 2469 3774 2540 ἦρχοντο

2193 2563 2303 2617 τῶν
2325 2562 2478 2633 ᾠδῶν
2521 2563 2844 2635 κρατοῦντες
2865 2562 2957 2615 ἐπὶ
2992 2564 3148 2632 χεῖρα
3175 2561 3243 2615 τὰ
3287 2560 3510 2615 τοιαῦτα
3536 2559 3769 2628 δργανα·

2195 2654 2291 2708 καὶ
2339 2652 2569 2718 ’ἕκαστος
2614 2652 2891 2724 Πνεύματι
2945 2652 3086 2724 ἁγίῳ
3125 2652 3438 2724 κινούμενος
3481 2650 3639 2722 ῦμνει
3683 2651 3774 2703 τὸν

2194 2743 2346 2808 Θεὸν,
2377 2745 2473 2799 καὶ
2500 2744 2697 2805 πάντες
2732 2743 3046 2815 ἐπεφώνουν
3073 2744 3151 2815 τῷ
3187 2744 3440 2815 ψάλλοντι
3468 2744 3530 2798 τὸ
3572 2745 3775 2812 Ἁλλη-

2194 2837 2390 2890 λούτα.
2460 2834 2726 2906 Ὀπηνίκα
2776 2835 2832 2889 δὲ
2886 2836 2920 2905 ἡ
2972 2834 3065 2890 τοῦ
3113 2834 3426 2906 Πνεύματος
3472 2834 3563 2889 τοῦ
3618 2836 3773 2904 ἁγίου

2197 2925 2411 2996 ἀπέστη
2452 2926 2612 2997 χάρις
2646 2924 2781 2996 πρὸς
2816 2926 3011 2998 βραχὺ,
3041 2924 3148 2979 τῶν
3188 2925 3433 2996 ὀργάνων
3474 2924 3657 2978 λοιπον
3699 2924 3775 2996 μὴ

2171 3016 2552 3089 ,κινουμένωῃ
2606 3018 2668 3071 τὸ
2722 3016 3024 3089 τηνικαῦτα
3075 3016 3223 3080 εἰκὸς
3262 3017 3357 3070 καὶ
3395 3018 3457 3071 τὸ
3496 3017 3777 3090 διάψαλμα

2124 3159 2169 3217 c
2200 3107 2455 3179 ἔγραφον.

2791 3201 3085 3255 ΨΑΛΜΟΣ
3112 3205 3191 3255 Δ’.

2271 3290 2571 3361 Μακάριος
2607 3294 2640 3346 ό
2670 3290 2827 3359 ἀνὴρ
2878 3290 2946 3357 ὃς
2988 3293 3098 3344 οὐκ
3140 3291 3430 3359 ἐπορεύθη
3473 3289 3544 3344 ὲν
3573 3286 3779 3356 ,βουλῇ

2201 3385 2455 3441 ἀσεϐῶν.
2498 3386 2650 3439 Ἐπεὶ
2683 3382 2929 3454 φυσικῶς
2966 3383 3273 3455 ὀρεγόμεθα
3305 3383 3503 3446 πάντες
3534 3380 3627 3436 τοῦ
3673 3398 3778 3452 μαο

2203 3481 2384 3553 κάριοι
2414 3475 2574 3542 εἶναι,
2607 3477 2761 3540 τέλος
2791 3476 2998 3546 ἀγαθοῦ
3042 3477 3102 3531 τὸ
3148 3477 3414 3550 μακάριον
3450 3474 3778 3545 ὁριζόμενοι,

2204 3568 2639 3640 πεπλανημένως
2668 3585 2732 3637 γε
2773 3569 2878 3641 μὴν
2917 3566 3101 3620 πολλοὶ
3141 3564 3299 3620 τοῦτο
3327 3564 3680 3635 μεταδιώκειν
3720 3563 3780 3617 ιν

2205 3662 2476 3729 σωμάτων
2520 3657 2733 3729 ἡδοναῖς
2787 3657 3066 3730 ⁴ἡγοῦνται,
3098 3654 3361 3720 πλούτους
3413 3654 3781 3726 θαυμάζοντες

2207 3752 2300 3805 καὶ
2336 3748 2640 3820 ἀξιώματα,
2671 3750 2765 3803 καὶ
2794 3750 2892 3814 τὰς
2922 3750 2981 3804 ὲν
3022 3748 3099 3819 τῷ
3132 3749 3362 3820 παρόντι
3391 3747 3491 3817 βίῳ
3534 3746 3744 3819 τρυφάς
3763 3762 3777 3778 ’

2206 3843 2431 3905 εἰκότως
2461 3842 2491 3894 ό
2528 3842 2682 3911 λόγος
2708 3844 2766 3896 ὲν
2794 3841 3002 3904 τούτοις
3025 3841 3148 3895 ὅθεν
3180 3840 3348 3911 ἐχρῆν
3373 3839 3471 3910 τὴν
3503 3839 3782 3911 καταρχὴν

2206 3938 2499 4007 ἐποιήσατο
2526 3938 2622 4008 τῆς
2651 3936 2795 3990 κατά
2823 3935 2956 3989 Θεὸν
2982 3934 3277 4005 ὑμνῳδίως,
3310 3932 3401 3987 τὸν
3435 3931 3649 4002 ἀληθῶς
3681 3949 3784 4003 μα-

2205 4029 2395 4100 κάριον
2428 4029 2521 4083 καὶ
2554 4027 2739 4091 τέλους
2767 4024 2972 4095 ἀγαθοῦ
3015 4023 3108 4078 τοῦ
3150 4022 3302 4094 παρά
3339 4022 3457 4093 Θεῷ
3485 4022 3785 4094 ἠξιωμένον

2208 4120 2563 4191 ὑπογράφων.
2599 4120 2710 4172 Καὶ
2742 4116 2932 4172 ὲνθάδε
2965 4118 3063 4187 μὲν
3098 4115 3187 4169 διὰ
3211 4115 3272 4168 τὸ
3306 4114 3532 4169 σπάνιον
3552 4114 3661 4168 τῶν
3688 4113 3787 4172 πάρ

2208 4215 2296 4269 λαι
2325 4215 2591 4287 πρότερον
2647 4210 3057 4283 κατορθούντων
3102 4211 3200 4263 ἕνα
3240 4207 3364 4263 τινά
3393 4206 3686 4280 μακαρίζει
3707 4224 3721 4237 ·
3755 4209 3786 4262 ὁ

2207 4307 2266 4360 δὲ
2293 4306 2482 4378 Σωτὴρ
2512 4308 2545 4377 ή
2555 4305 2671 4377 μῶν
2701 4304 2954 4367 πλείονας
2984 4302 3151 4356 ποιῶν
3197 4301 3520 4372 μακαρίους,
3547 4298 3785 4371 πληθυν-

2206 4400 2373 4464 τικῶς
2412 4401 2540 4462 τοὺς
2592 4398 2971 4471 μακαρισμοὺς
3013 4393 3403 4467 προσφέρεται.
3459 4393 3684 4447 Πάντων
3728 4392 3786 4445 δὲ

528 4491 718 4545 raliter
773 4484 1138 4543 beatitudincs
1185 4482 1411 4556 profert.
1478 4478 1697 4536 Primus
1752 4486 1933 4534 autem
1991 4477 2100 4549 ipse

2211 4495 2426 4567 πρῶτος
2457 4492 2617 4555 αὐτὸς
2659 4491 2725 4545 ἂν
2763 4491 2850 4561 εἴη
2880 4491 2909 4542 ὁ
2955 4486 3419 4559 μακαριζόμενος’
3458 4486 3539 4540 διὸ
3565 4486 3659 4540 καὶ
3699 4484 3786 4539 ἐπ’

524 4583 652 4654 jure
686 4579 906 4636 dicatur
941 4592 1131 4634 eorum
1161 4577 1253 4648 qui
1279 4575 1419 4631 beati
1473 4572 1857 4645 praedicantur.
1903 4569 2109 4637 Quam-

529 4674 717 4729 obrem
774 4671 832 4726 in
880 4670 1032 4724 illum
1082 4665 1403 4723 referendus
1454 4664 1664 4735 primus
1703 4662 1950 4733 psalmus
1999 4665 2105 4726 est,

534 4774 720 4836 utpote
739 4763 833 4835 qui
857 4763 941 4817 vir
974 4761 1140 4817 fuerit
1168 4757 1428 4815 Ecclesia:
1481 4770 1698 4828 sponsa:
1754 4769 1886 4811 suat.
1948 4749 2109 4819 Quod

532 4857 746 4915 videtur
798 4854 1065 4912 Hebraica
1115 4866 1249 4908 voce
1301 4848 1638 4921 significari,
1684 4847 1840 4918 juxta
1907 4859 2109 4915 quam,

532 4949 733 5007 Beatus
762 4949 862 5011 uir,
891 4962 1017 5002 cum
1048 4938 1268 5001 articuli
1300 4942 1485 4998 addito
1515 4941 1725 4997 dictum
1755 4944 1860 4995 est.

604 5038 677 5097 Et
696 5042 751 5096 in
780 5041 868 5095 via
901 5047 1234 5110 peccatorum
1275 5052 1379 5091 non
1407 5035 1593 5103 stetit,
1648 5041 1703 5087 et
1750 5032 1808 5086 in
1864 5030 2113 5084 cathedra

531 5135 897 5208 pestiferorum
954 5148 1057 5186 non
1093 5130 1250 5187 sedit.
1290 5129 1461 5184 Primi
1514 5134 1645 5184 sunt
1696 5124 1792 5196 qui
1847 5121 1987 5177 falso
2015 5136 2114 5176 uo-

535 5228 740 5283 minata
765 5223 1077 5297 cognitione
1107 5222 1299 5278 imbuti
1334 5229 1462 5279 sunt
1484 5219 1506 5292 Ῐ
1512 5219 1566 5275 id
1597 5226 1684 5275 est
1708 5213 1989 5289 gnostici],
2017 5212 2109 5284 qui

535 5317 674 5373 nihil
695 5315 909 5371 firmum
940 5313 1242 5385 stabileque
1263 5313 1493 5379 habent;
1533 5310 1627 5366 sed
1657 5324 1758 5379 pro
1785 5306 1959 5363 lubito
1986 5320 2107 5368 suo,

536 5409 689 5466 nullo
708 5411 956 5465 examine
977 5407 1295 5478 ponderatis
1330 5402 1757 5477 cogitationibus
1782 5405 2071 5456 moventur
2090 5436 2108 5466 ,

540 5501 692 5571 impii
726 5499 991 5555 homines.
1043 5497 1278 5555 Secundi
1313 5502 1442 5553 sunt
1483 5501 1754 5566 quotquot
1786 5499 1909 5564 post
1932 5489 2115 5559 cogni-

538 5592 740 5648 tionem
763 5590 1007 5648 veritatis
1036 5591 1091 5645 in
1122 5596 1344 5661 peccata
1393 5586 1662 5644 incidunt.
1715 5583 1887 5641 Tertii
1940 5582 2111 5655 pesti-

608 5688 686 5757 (l)
722 5685 781 5741 ld
807 5696 913 5751 est,
932 5686 1001 5743 de
1022 5686 1202 5742 medio
1223 5684 1363 5741 tollit
1387 5684 1780 5757 sacrificiorum
1816 5682 1983 5757 leges,
2008 5694 2117 5733 non

537 5753 718 5818 reiosa
736 5757 1025 5824 abolendo,
1055 5758 1150 5813 sed
1181 5754 1592 5817 oraenuntiando
1608 5753 1952 5823 abrogandas
1970 5766 2116 5810 esse.

2213 4585 2377 4642 αὐτὸν
2419 4584 2622 4639 ἀνοίσει
2653 4582 2857 4646 τιςιτδν
2888 4580 3127 4652 παρόντα
3152 4578 3386 4650 ψαλμὸν,
3429 4577 3525 4632 ἅτε
3559 4578 3787 4648 γενόμε-

2213 4694 2303 4732 νον
2331 4675 2500 4748 ἀνδρα
2531 4676 2628 4747 τῆς
2672 4674 2887 4746 νύμφης
2925 4671 3088 4728 αὑτοῦ
3135 4671 3459 4742 Ἐκκλησίας
3481 4687 3496 4701 ο
3542 4668 3701 4723 τοῦτο
3729 4668 3789 4723 δὲ

2214 4770 2388 4824 ἔοικεν
2420 4771 2454 4840 ὴ
2500 4766 2758 4840 Ἐὁραῖκὴ
2784 4766 2936 4836 φωνὴ
2956 4766 3246 4838 παριστᾷν,
3268 4761 3389 4819 καθ’
3411 4762 3477 4834 ἢν
3503 4763 3581 4833 (2)
3600 4760 3791 4831 μακά.

2202 4880 2337 4933 ριος
2360 4866 2395 4916 ό
2420 4860 2574 4931 ἀνὴρ
2606 4861 2740 4932 μετά
2756 4859 2855 4930 τῆς
2874 4858 2965 4912 τοῦ
2989 4859 3190 4931 ἄρθρου
3212 4856 3528 4929 προσθήκης
3552 4853 3787 4926 εἴρηται.

2283 5019 2391 5073 Καὶ
2425 5020 2494 5073 ἐν
2518 5015 2637 5084 ὀδῷ
2668 5015 3028 5088 ἁμαρτολιῶν
3048 5017 3159 5069 οὐκ
3187 5014 3358 5082 ἔστη,
3393 5015 3489 5067 καί
3523 5011 3621 5065 ἐπὶ
3653 5012 3793 5066 καθ-

2216 5111 2399 5181 έδραν
2445 5109 2671 5181 ,κοιμῶν
2706 5112 2818 5163 οὑκ
2860 5108 3160 5162 ἐκάθισεν.
3208 5105 3422 5178 Πρῶτοί
3454 5105 3589 5157 εἰσιν
3615 5104 3664 5155 oi
3693 5101 3797 5172 τὴν

2214 5200 2561 5273 ψευδώνυμον
2599 5201 2812 5271 ἔχοντες
2837 5198 3058 5267 γνῶσιν,
3098 5197 3262 5269 μηδὲν
3304 5197 3517 5269 ἔχοντες
3543 5193 3792 5263 ἑστηκὸς,

2216 5296 2331 5350 ἀλλ’
2380 5294 2757 5361 ἀνεξετάστοις
2803 5293 3110 5364 κινούμενοι
3159 5290 3441 5362 λογισμοῖς
3493 5290 3551 5341 ὲν
3604 5279 3686 5350 οἷς
3727 5284 3796 5341 ἂν

2220 5390 2573 5462 βουληθῶσιν,
2623 5390 2673 5442 οἱ
2722 5382 2959 5451 ἀσεόείς.
3014 5385 3265 5458 Δεύτεροι
3310 5382 3511 5445 πάντες
3554 5380 3604 5433 οἱ
3657 5377 3797 5449 μετά

2217 5484 2418 5555 γνῶσιν
2450 5481 2707 5552 ἀληθείας
2738 5477 3221 5550 ἐξαμαρτάνοντες.
3260 5476 3325 5528 0i
3361 5473 3417 5527 δὲ
3460 5471 3639 5542 λοιμοὶ
3680 5468 3798 5539 τρί-

2217 5595 2323 5640 τοι,
2366 5576 2442 5647 μὴ
2493 5573 2652 5646 μόνον
2693 5570 2995 5636 νοσοῦντες,
3041 5568 3176 5623 ἀλλά
3220 5567 3315 5620 καὶ
3355 5562 3677 5636 φθοροποιοῦ
3719 5562 3798 5612 ει·

2263 5674 2376 5758 ,(2)
2417 5670 2475 5728 In
2508 5670 2778 5730 Hebraico
2834 5668 3031 5740 legitur
3074 5674 3233 5728 vim
3276 5663 3432 5736 quasi
3480 5661 3653 5724 dicas,
3705 5659 3801 5713 ille

2224 5764 2323 5802 νιν.
