4096 6384
306 345 372 401 ἠ
1461 338 1962 404 COMMEMARIA
2006 334 2074 391 IN
2113 335 2451 391 psusms.
3469 330 3537 393 τε

302 458 602 526 δασκαλίας
632 458 1000 532 μεταδιδόντες
1020 460 1129 525 τοῖς
1167 460 1368 524 ἀλλοις,
1396 461 1430 531 ἦ
1469 462 1617 512 κατὰ
1660 462 1859 525 γνῶσιν

1967 464 2062 510 teri
2092 457 2366 518 nomines,
2405 466 2500 523 qui
2549 465 2656 506 non
2689 464 2853 506 moao
2888 445 3209 520 aegritudine
3246 444 3533 514 laborant;

302 553 336 624 ἢ
365 551 503 607 κατά
543 552 759 624 πρᾶξιν,
789 552 821 622 ἢ
852 553 969 605 κατ’
1009 550 1292 622 ἀμφότερα
1317 566 1329 577 '
1367 549 1415 602 οἳ
1448 548 1542 601 καὶ
1568 546 1865 618 ὲνίδρυνται

268 641 380 712 ἱτῷ
430 642 603 713 κακῷ,
648 642 756 695 τῶν
794 642 1058 713 δευτέρων
1095 640 1400 710 ἑστηκότων
1443 640 1501 692 ὲν
1551 636 1864 709 ἁμαρτίαις,

302 731 408 787 τῶν
444 732 502 785 δὲ
534 731 765 805 πρώτων
804 733 1094 786 ὁδευόντων
1127 735 1185 785 ὲν
1218 731 1415 806 πλάνῃ.
1462 733 1519 785 '0
1552 731 1609 785 δὲ
1651 731 1866 784 πάντων

301 823 502 878 τούτων
524 823 939 896 ἀπηλλαγμένος
965 823 1251 894 μακάριος.

1972 546 2068 603 sed
2103 551 2361 616 corrupta
2392 542 2639 599 doctrina
2683 542 2822 598 alios
2870 541 3151 608 imbuunt;
3183 541 3298 596 sive
3340 555 3539 597 secuna

1971 635 2102 690 dum
2128 633 2518 705 cognitionem,
2553 632 2668 688 sive
2695 631 2994 688 secundum
3014 630 3407 701 operationem,
3422 630 3539 686 sive

1972 725 2274 782 secundum
2312 730 2602 792 utramque
2636 739 2651 777 :
2693 722 2786 792 qui
2819 721 3027 777 scilicet
3059 723 3115 774 in
3145 718 3286 775 malo
3316 718 3540 774 {innati-

1970 824 2085 878 tur,
2120 813 2254 869 dum
2278 811 2506 868 secundi
2543 811 2600 865 in
2621 810 2861 882 peccatis
2890 815 3264 881 perseverant,
3295 816 3350 864 et
3377 807 3541 879 primi

303 919 360 973 in
395 918 600 972 erroris
630 917 714 979 via
758 915 1101 986 gradiuntur.
1145 915 1247 982 Qui
1281 921 1459 969 autem
1501 913 1754 969 omnibus
1794 911 1863 966 iis
1895 908 2160 965 liberatus
2205 913 2261 960 et
2287 919 2496 960 vacuus
2539 911 2625 958 est
2660 902 2855 958 beatus
2894 901 3111 957 dicitur.

292 1056 300 1062 .
384 1009 546 1064 Ἀλλ’
574 1008 612 1077 ἢ
647 1008 719 1061 ἐν
744 1007 825 1073 τῷ
854 1009 1014 1077 νόμῳ
1042 1008 1263 1075 Κυρίου
1302 1008 1367 1061 τὸ
1401 1008 1627 1077 θέλημα
1658 1006 1865 1071 αὑτοῦ,

299 1100 398 1155 καὶ
419 1099 489 1152 ἐν
515 1097 596 1163 τῷ
620 1097 781 1165 νόμῳ
809 1097 994 1151 αὐτοῦ
1027 1096 1347 1166 μελετήσει
1378 1096 1603 1166 ἡμέρας
1629 1097 1726 1150 καὶ
1759 1113 1867 1151 νυ-

299 1193 458 1257 κτός.
508 1180 728 1255 Ἐπειδὴ
759 1188 926 1259 πολλή
959 1188 1042 1252 τίς
1075 1190 1188 1242 ἐστι
1214 1188 1445 1259 διαφορά
1469 1187 1578 1242 τῶν
1616 1188 1764 1259 φόϐῳ
1787 1205 1869 1241 τι-

301 1280 522 1351 μωριῶν
552 1275 609 1334 εὖ
638 1278 891 1349 πράττειν
919 1279 1450 1349 κατηναγκασμένων
1479 1279 1572 1332 καὶ
1597 1279 1703 1331 τῶν
1731 1293 1865 1349 προ-

298 1373 503 1443 αιρέσει
543 1370 674 1425 αὐτὸ
705 1370 765 1424 τὸ
792 1369 954 1424 καλὸν
988 1370 1346 1442 αἱρουμένων,
1387 1369 1475 1424 διά
1504 1369 1660 1422 τοῦτό
1697 1384 1861 1441 φησι’

310 1457 406 1510 Ἐν
429 1456 509 1521 τῷ
539 1458 701 1526 νόμῳ
730 1459 951 1526 Κυρίου
978 1457 1208 1527 θέλημα
1246 1459 1452 1513 αὐτοῦ.
1478 1458 1659 1530 Νόμον
1683 1458 1738 1511 δέ
1771 1473 1868 1528 φη-

300 1562 385 1600 σιν
429 1547 490 1599 οὐ
523 1547 741 1611 πάντως
769 1547 861 1601 τὸν
900 1547 1098 1619 σκιώδη
1131 1548 1225 1602 καὶ
1252 1549 1477 1602 τυπικὸν
1513 1548 1693 1619 νόμον,
1731 1546 1866 1600 πολὺ

297 1635 354 1689 δὲ
376 1637 636 1708 πρότερον
658 1638 748 1691 τὸν
769 1639 827 1692 ὲν
853 1638 999 1709 αὐτῷ
1024 1639 1285 1710 λεληθότα
1307 1639 1672 1710 πνευματικὸν
1689 1639 1864 1707 λόγον.

299 1727 399 1797 Είη
423 1727 466 1780 δ’
500 1727 565 1781 ἂν
596 1729 759 1799 νόμος
789 1730 992 1801 Κυρίου
1036 1729 1131 1785 καλ⁸
1165 1731 1195 1783 6
1227 1729 1366 1783 κατά
1396 1731 1555 1800 φύσιν
1586 1732 1748 1784 πᾶσιν
1776 1730 1870 1783 ἀν-

298 1817 533 1890 θρώποις
565 1821 986 1892 ὲνεσπαρμένος,
1029 1821 1096 1874 δι’
1126 1814 1188 1874 οὗ
1242 1822 1582 1893 κατορθῶσαι
1626 1822 1867 1890 λέγονται

297 1913 345 1964 oi
384 1911 490 1981 πρὸ
516 1909 610 1964 τοῦ
641 1912 727 1965 διὰ
772 1911 1042 1976 Μωῦσέως
1084 1913 1245 1984 νόμου
1291 1913 1468 1982 ἅγιον
1504 1914 1633 1985 περὶ
1658 1907 1733 1967 ὧν
1765 1932 1870 1986 φη-

2042 998 2211 1054 Vsns.
2240 998 2296 1052 2.
2337 997 2440 1052 Sed
2495 998 2552 1051 in
2603 996 2706 1067 lege
2733 995 2948 1052 Domini
2972 996 3214 1050 voluntas
3240 993 3376 1062 ejus,
3409 1002 3460 1048 et
3485 994 3540 1047 in

1970 1090 2079 1160 lege
2113 1090 2228 1152 eius
2280 1088 2620 1143 meditabitur
2666 1087 2751 1142 die
2803 1105 2865 1141 ac
2914 1097 3080 1143 nocte.
3131 1084 3269 1153 Quia
3306 1086 3540 1140 multum

1972 1179 2309 1236 discriminis
2337 1188 2423 1235 est
2455 1180 2597 1234 inter
2625 1194 2720 1235 eos
2749 1179 2843 1248 qui
2873 1186 3020 1235 metu
3054 1176 3307 1248 supplicii
3345 1190 3540 1232 neces‘

1972 1273 2241 1342 sitateque
2271 1272 2448 1327 coacti
2495 1272 2633 1327 bene
2674 1281 2879 1341 agunt,
2924 1286 2978 1325 et
3022 1285 3118 1326 eos
3163 1270 3255 1339 qui
3306 1268 3541 1340 proprie

1970 1366 2268 1421 voluntatis
2329 1365 2539 1420 delectu
2590 1362 2655 1417 ad
2692 1363 2896 1418 bonum
2944 1376 3003 1417 se
3048 1358 3372 1426 conferunt,
3416 1359 3540 1416 ideo

1972 1460 2087 1514 ait:
2126 1457 2192 1513 In
2241 1459 2346 1529 lege
2396 1456 2609 1509 Domini
2655 1454 2896 1509 voluntas
2934 1452 3071 1522 ejus.
3128 1450 3327 1523 Legem
3357 1458 3539 1505 autem

1972 1550 2125 1613 dicit,
2155 1565 2266 1603 non
2295 1548 2640 1604 umbratilem
2668 1546 2816 1600 illam
2858 1551 2912 1600 et
2953 1543 3237 1614 ﬁguratam
3257 1581 3274 1608 ,
3305 1541 3402 1599 sed
3444 1557 3538 1612 po-

1970 1644 2082 1697 tius
2116 1641 2396 1712 splrituale
2422 1640 2647 1695 verbum
2689 1638 2747 1692 in
2784 1653 2851 1692 ea
2882 1639 3058 1692 latens
3099 1644 3154 1691 et
3200 1634 3538 1691 obvolutum.

1973 1731 2161 1788 Fuerit
2188 1734 2352 1787 etiam
2397 1730 2632 1785 fortasse
2676 1729 2761 1783 lex
2795 1728 3009 1784 Domini
3045 1741 3110 1782 ea
3141 1742 3262 1798 qua;
3285 1726 3541 1782 omnibus

1972 1824 2286 1882 hominibus
2309 1823 2378 1878 ab
2405 1823 2522 1893 ipsa
2552 1831 2746 1875 natura
2786 1819 2952 1873 insita
2992 1826 3108 1885 est;
3143 1832 3252 1888 qua
3289 1818 3428 1873 duce
3455 1816 3540 1871 die

1973 1922 2175 1972 cuntur
2203 1914 2372 1985 probe
2403 1914 2604 1968 vixisse
2644 1911 2818 1967 sancti
2846 1910 2939 1979 qui
2975 1918 3099 1965 ante
3127 1908 3328 1980 Moysis
3367 1908 3538 1977 legem

299 2018 383 2055 σιν
409 2004 438 2054 6
490 2002 840 2066 Ἀπόστολος·
893 2004 1069 2058 Ὅταν
1111 2005 1224 2074 γὰρ
1268 2007 1412 2074 ἔθνη
1456 2007 1530 2061 τὰ
1562 1983 1648 2076 μὴ
1681 1983 1864 2078 rem

1970 1983 2226 2067 fuerunt—2
2256 2008 2323 2063 de
2344 2007 2543 2078 quibus
2568 2007 2644 2060 ait
2667 2004 2994 2075 Apostolus:
3015 2001 3148 2058 Cum
3174 2003 3311 2056 enim
3338 2009 3538 2071 gentes,

294 2093 533 2163 ἔχοντα,
578 2094 671 2146 τὸν
713 2094 956 2166 γραπτὸν
1000 2095 1261 2166 δηλονότι,
1303 2098 1485 2167 φύσει
1516 2098 1587 2153 τὰ
1626 2098 1734 2152 τοῦ
1762 2102 1864 2153 νό-

288 2202 409 2252 μου
449 2182 613 2252 ποιῇ,
644 2181 827 2249 οὗτοι,
863 2187 1050 2255 νόμον
1066 2186 1153 2255 μὴ
1178 2186 1441 2257 ἔχοντες,
1477 2187 1710 2254 ἑαυτοῖς
1746 2190 1866 2243 εἱσι

289 2277 494 2344 νόμος.
532 2276 601 2331 Ἦ
646 2276 808 2348 νόμος
852 2277 1055 2350 Κυρίου
1097 2279 1184 2349 εἴη
1229 2278 1295 2332 ἂν
1335 2281 1364 2332 6
1397 2279 1533 2351 πρὸς
1571 2279 1735 2333 αὑτοῦ
1768 2278 1863 2334 τοῦ

294 2366 499 2438 Κυρίου
528 2368 622 2421 καὶ
657 2367 908 2439 Σωτῆρος
949 2368 1103 2438 ἡμῶν
1146 2370 1277 2423 πᾶσι
1312 2372 1425 2434 τοῖς
1450 2368 1627 2424 ἔθνεσι
1660 2387 1867 2441 κατηγ-

293 2456 552 2527 γελμένος
571 2458 921 2526 εὐαγγελικὸς
947 2458 1124 2529 λόγος.

363 2549 473 2603 Καὶ
501 2549 673 2604 ἔσται
694 2551 775 2616 ὡς
801 2550 869 2603 τὸ
908 2550 1100 2615 ξύλον
1135 2551 1204 2606 τὸ
1232 2553 1681 2624 πεφυτευμένον
1707 2554 1866 2623 παρά

292 2641 400 2707 τὰς
429 2640 739 2709 διεξόδους
764 2640 884 2696 τῶν
915 2640 1170 2708 ὑδάτων,
1204 2642 1236 2696 6
1267 2644 1376 2698 τὸν
1413 2644 1649 2713 καρπὸν
1678 2644 1865 2699 αὐτοῦ

292 2732 472 2787 δώσει
503 2735 573 2787 ἐν
611 2733 793 2803 καιρῷ
827 2733 1034 2788 αὐτοῦ.
1083 2734 1139 2788 '0
1185 2734 1274 2788 διὰ
1320 2735 1501 2806 πάσης
1537 2737 1638 2807 τῆς
1671 2736 1865 2791 ἑαυτοῦ

294 2824 440 2894 ζωῆς
480 2826 574 2878 καὶ
616 2826 673 2877 ὲν
711 2826 875 2879 παντὶ
901 2825 1079 2898 καιρῷ
1110 2826 1303 2890 νυκτός
1339 2844 1399 2879 τε
1431 2828 1526 2881 καὶ
1552 2828 1763 2898 ἡμέρας
1785 2827 1866 2895 τῷ

295 2915 424 2986 θείῳ
453 2915 725 2987 σχολάζων
754 2917 923 2988 νόμῳ,
958 2918 1053 2971 καὶ
1077 2920 1189 2981 τοῖς
1215 2916 1274 2983 ἐξ
1294 2916 1459 2972 αὐτοῦ
1493 2918 1731 2989 λογικοῖς
1770 2920 1866 2975 νά·-

300 3022 463 3079 μασιν
491 3009 805 3081 ἀρδόμενος,
836 3009 1044 3082 σφόδρα
1079 3010 1295 3074 οἰκείως
1325 3011 1476 3083 φυτῷ
1508 3014 1639 3084 παρ’
1681 3011 1866 3068 ὕδασιν

293 3099 645 3171 ὲρῤιξωμένῳ
693 3099 1141 3172 παραϐέϐληταιο
1194 3101 1274 3154 διὸ
1328 3103 1423 3156 καὶ
1477 3103 1742 3175 μακάριος
1790 3104 1867 3167 ὼς

292 3191 508 3261 ἀληθῶς
550 3186 724 3259 οὗτος,
759 3193 854 3246 ἆτε
899 3192 1132 3264 μάλιστα
1165 3194 1513 3265 ποτιζόμενος
1550 3198 1662 3259 τοῖς
1703 3194 1866 3259 θείοις

1967 2118 2085 2175 qua:
2110 2099 2277 2171 legem
2329 2115 2430 2152 non
2464 2096 2691 2163 habent,
2732 2094 2991 2164 scriptam
3015 2091 3290 2158 videlicet,
3318 2097 3540 2144 natura‘

1968 2196 2090 2250 liter
2116 2210 2178 2248 ea
2198 2208 2317 2263 qua:
2346 2190 2473 2261 legis
2506 2198 2629 2245 sunt
2672 2188 2875 2259 faciunt
2899 2228 2915 2253 ,
2961 2182 3224 2253 ejusmodi
3248 2183 3408 2252 legem
3435 2194 3539 2235 non

1965 2282 2230 2347 habentes,
2264 2281 2367 2347 ipsi
2401 2276 2502 2333 sibi
2534 2286 2655 2332 sunt
2697 2278 2779 2331 tea:
2814 2276 2878 2327 ι’.
2920 2273 3027 2327 Aut
3068 2273 3157 2330 lex
3186 2269 3402 2326 Domini
3431 2269 3540 2324 fue-

1964 2376 2037 2431 rit
2060 2373 2434 2445 evangelicum
2464 2370 2714 2432 verbum,
2739 2367 2808 2421 ab
2842 2366 2961 2436 ipso
2994 2363 3229 2419 Domino
3263 2368 3320 2417 et
3359 2358 3525 2416 Salva-

1964 2478 2083 2526 tore
2108 2476 2295 2523 nostro
2323 2467 2577 2521 ommbus
2604 2461 2855 2536 gsntibus
2889 2457 3309 2533 annuntiatuma

2033 2559 2203 2615 Vsus.
2256 2557 2311 2613 ὅ.
2359 2555 2426 2611 Et
2475 2558 2574 2611 erit
2613 2565 2866 2626 tanquam
2906 2553 3108 2623 lignum
3151 2548 3291 2622 quod
3336 2547 3523 2618 planta

1968 2660 2075 2705 tum
2095 2658 2173 2704 est
2195 2664 2343 2704 secus
2372 2647 2623 2701 decursus
2650 2660 2931 2715 aquarum,
2958 2641 3098 2712 quod
3127 2641 3360 2710 fructum
3387 2655 3541 2695 suum

1966 2739 2118 2795 dabit
2167 2742 2223 2795 in
2256 2748 2482 2806 tempore
2509 2751 2627 2792 suo.
2663 2733 2768 2801 Qui
2818 2748 2915 2803 per
2957 2739 3130 2785 totam
3174 2730 3344 2785 vitam
3384 2744 3540 2785 suam

1968 2833 2224 2902 omnique
2256 2837 2501 2898 tempore
2544 2833 2705 2881 nocte
2749 2838 2813 2879 ac
2847 2820 2938 2878 die
2984 2820 3185 2876 divinae
3211 2819 3317 2892 legi
3344 2827 3539 2883 vacat,

1966 2934 2022 2981 et
2049 2925 2198 2979 rivis.
2236 2935 2303 2977 ex
2339 2934 2403 2975 co
2438 2917 2767 2981 ﬂuentibus,
2822 2913 3199 2986 spiritualibus
3244 2911 3537 2983 irrigatur,

1968 3014 2257 3069 admodum
2293 3011 2542 3083 apposite
2584 3009 2731 3080 ligno
2757 3049 2772 3072 ,
2819 3008 2980 3076 cujus
3030 3005 3243 3061 radices
3296 3002 3542 3074 proxime

1968 3119 2140 3176 aquas
2171 3104 2360 3173 positae
2394 3108 2543 3169 sunt,
2575 3107 2942 3171 comparatur.
2975 3096 3318 3169 Quapropter
3349 3107 3540 3151 revera

1969 3197 2159 3253 beatus
2185 3195 2277 3250 ille
2303 3236 2319 3262 ,
2349 3200 2536 3264 utpote
2577 3192 2672 3262 qui
2719 3190 2921 3246 divinis
2964 3196 3126 3260 potus
3170 3187 3542 3259 irrigatusque

296 3282 633 3354 μαθήμασιν,
669 3283 877 3356 ὦριμον
915 3284 1108 3340 ἑαυτοῦ
1143 3286 1234 3341 τὸν
1273 3286 1483 3358 καρπὸν
1524 3287 1861 3341 ἀποδίδωσιν.

1968 3287 2291 3359 disciplinis,
2317 3300 2478 3342 suum
2508 3292 2815 3355 opportuno
2854 3287 3099 3352 tempore
3132 3280 3371 3335 fructum
3399 3294 3541 3349 pm.

291 3371 405 3429 Εἶτ’
438 3376 624 3433 ἐπειδὴ
667 3375 820 3443 ξύλον
853 3378 972 3431 ἐστὶ
1011 3376 1155 3449 ζωῆς
1189 3379 1218 3431 6
1263 3377 1358 3432 τοῦ
1403 3377 1539 3432 Θεοῦ
1584 3379 1710 3443 Υιὸς
1726 3378 1867 3433 κατά

290 3467 382 3521 τὸν
430 3468 747 3540 Σολομῶντα
796 3471 1041 3542 φήσαντα
1093 3470 1350 3542 περὶτῆς
1396 3472 1624 3541 Σοφίας·
1666 3472 1867 3527 Ξύλον

291 3558 426 3614 ἐστὶ
468 3559 617 3629 ζωῆς
654 3558 805 3615 πᾶσι
827 3560 951 3627 τοῖς
977 3561 1394 3631 ἀντεχομένοις
1417 3562 1608 3631 αὐτῆς
1629 3561 1722 3617 κα)⁵
1753 3564 1866 3627 τοῖς

293 3651 728 3723 ἐπερειδομένοις
747 3653 833 3705 ἐπ’
856 3653 1025 3724 αὐτὴν
1044 3652 1120 3717 ὡς
1139 3654 1230 3707 ἐπὶ
1242 3653 1442 3725 Κύριον
1467 3654 1677 3727 ἀσφαλῆ
1700 3655 1824 3725 (sic)
1845 3671 1860 3686 °

293 3743 516 3806 εἰκότως
545 3746 573 3797 6
607 3745 1040 3816 μακαριζόμενος
1068 3745 1144 3816 τῷ
1168 3743 1263 3797 τοῦ
1289 3743 1422 3798 Θεοῦ
1449 3745 1565 3816 Υἱῷ
1584 3746 1867 3817 ἀφωμοίω-

293 3850 382 3887 ται
421 3833 498 3904 τῷ
528 3833 679 3906 παρά
711 3833 809 3899 τὰς
841 3834 1102 3899 διεξόδους
1137 3836 1249 3888 ὄντι
1294 3836 1401 3889 τῶν
1429 3836 1633 3891 ὑδάτων
1662 3853 1865 3908 μαρτυ-

298 3925 556 3997 ρούμενος
589 3926 681 3979 καὶ
706 3919 1103 3998 κηρυττόμενος
1137 3924 1242 3978 ὑπὸ
1266 3925 1375 3979 τῶν
1401 3927 1500 3997 τῆς
1541 3926 1688 3990 θείας
1727 3927 1865 3999 Γρα-

294 4018 401 4089 φῆς
427 4016 757 4072 διδασκάλων
790 4016 885 4071 καὶ
914 4016 1235 4088 προφητῶν
1271 4017 1465 4081 οἵτινες
1508 4018 1602 4071 καὶ
1643 4017 1865 4086 ἀφέσεις

297 4104 503 4164 ὑδάτων
525 4105 676 4177 παρὰ
700 4106 766 4175 τῇ
798 4103 1138 4175 θεοπνεύστῳ
1164 4104 1411 4173 λέγονται
1434 4106 1622 4178 Γραφῇ
1640 4146 1653 4160 .
1679 4105 1865 4177 Τούτῳ

291 4191 389 4249 οὖν
425 4197 775 4268 ἀφωμοίωται
819 4198 848 4250 6
889 4195 1343 4268 μακαριζόμενος,
1374 4197 1667 4269 ἀρδόμενος
1699 4197 1866 4262 διεξό-

293 4285 406 4350 δοις
433 4286 540 4340 τῶν
574 4286 684 4340 ἀπὸ
710 4287 810 4357 τῆς
839 4285 988 4351 θείας
1016 4287 1240 4359 Γραφῆς
1282 4288 1661 4360 πνευματικῶν
1688 4288 1864 4360 ναμά-

293 4393 424 4442 των,
454 4377 663 4449 καρπόν
689 4394 750 4430 τε
776 4375 978 4446 ἀγαθὸν
1005 4377 1312 4449 προφέρων.

366 4551 475 4606 Καὶ
524 4550 588 4604 τὸ
617 4552 858 4620 φύλλον
890 4551 1078 4606 αὑτοῦ
1103 4553 1214 4606 οὐκ
1259 4552 1722 4621 ἀπορῤυήσεται,
1765 4552 1866 4608 καὶ

1965 3379 2112 3436 beat.
2166 3378 2434 3448 Deinceps
2490 3377 2617 3448 quia
2673 3374 2768 3429 Dei
2818 3371 2992 3429 Filius
3027 3372 3232 3444 lignum
3284 3370 3410 3426 vitae
3457 3379 3543 3425 est

1960 3472 2115 3543 juxta
2165 3469 2514 3526 Salomonem
2566 3467 2662 3538 qui
2718 3467 2788 3522 de
2838 3464 3116 3535 Sapientia
3170 3462 3301 3518 talia
3348 3461 3536 3517 fatur:

1963 3562 2189 3634 Lignum
2226 3562 2346 3618 vita:
2378 3568 2456 3616 est
2507 3559 2588 3614 his
2638 3558 2729 3629 qui
2768 3555 3205 3633 apprehenderint
3234 3568 3352 3608 eam
3378 3554 3433 3618 ',
3484 3559 3541 3606 et

1963 3651 2058 3722 qui
2100 3665 2202 3716 ea,
2270 3649 2387 3706 sive
2434 3649 2556 3719 ipso
2597 3645 2848 3714 Domino,
2906 3644 3019 3722 nixi
3069 3643 3305 3719 fuerint,
3345 3655 3539 3697 secure

1964 3718 2201 3811 degunt;
2254 3738 2380 3809 jure
2445 3718 2513 3793 ac
2567 3736 2764 3792 merito
2809 3734 2903 3806 qui
2946 3718 3140 3791 beatus
3172 3718 3537 3804 praedicatur,

1962 3828 2102 3886 Filio
2121 3829 2220 3885 Dei
2254 3829 2450 3885 similis
2483 3828 2718 3894 dicitur,
2755 3827 2849 3897 qui
2883 3840 3044 3882 secus
3076 3825 3342 3881 decursus
3370 3836 3540 3892 aqua-

1963 3938 2086 3977 rum
2117 3922 2258 3978 situs
2297 3928 2417 3985 est,
2467 3920 2669 3989 quique
2702 3916 3019 3972 testimonio
3049 3930 3113 3970 ac
3157 3913 3541 3985 prmdicatione

1964 4014 2245 4070 doctorum
2284 4011 2484 4068 divinae
2524 4008 2850 4079 Scriptum,
2903 4021 2969 4061 ac
3023 4006 3405 4076 prophetarum
3440 4018 3542 4058 an-

1964 4105 2286 4160 nuntiatur:
2320 4116 2446 4157 nam
2503 4100 2541 4155 ii
2590 4096 2915 4154 emissiones
2976 4109 3242 4166 aquarum
3291 4095 3346 4148 in
3391 4091 3541 4148 Scri-

1964 4202 2124 4267 ptura
2158 4192 2341 4247 divina
2380 4190 2738 4261 appellantur.
2778 4185 2917 4241 Huic
2962 4186 3146 4255 itaque
3185 4191 3537 4254 comparatur

1963 4288 2058 4360 qui
2103 4287 2294 4342 beatus
2332 4284 2529 4340 dicitur
2552 4324 2567 4347 ,
2598 4282 2859 4352 irrigatus
2893 4278 3112 4334 ﬂuentis
3146 4276 3389 4331 rivorum
3425 4276 3539 4345 spi-

1963 4378 2241 4433 ritualium
2296 4391 2329 4430 a
2379 4374 2663 4443 Scriptura
2697 4385 2855 4427 sacra
2905 4367 3280 4429 manantium,
3326 4371 3380 4431 et
3424 4362 3538 4418 fru—

1964 4473 2110 4521 ctum
2146 4462 2427 4534 prol'ercns
2457 4463 2681 4517 bonum.

2038 4556 2108 4612 Et
2137 4557 2323 4626 folium
2353 4555 2466 4618 eius
2513 4571 2620 4609 non
2661 4551 2854 4623 deﬂuet
2873 4591 2890 4617 ,
2940 4560 2990 4605 et
3021 4548 3196 4604 omnia
3224 4560 3538 4617 quacunque

296 4640 495 4698 πάντα
541 4641 658 4695 ὅσα
709 4640 786 4696 ἂν
834 4641 976 4710 ποιῇ
1026 4641 1590 4708 κατευοδωθήσεται.
1642 4645 1753 4699 Καὶ
1807 4642 1864 4697 τὰ

1969 4650 2128 4721 faciet
2148 4644 2617 4716 prasperabuntur.
2648 4643 2715 4696 Et
2742 4642 2871 4697 folia
2899 4640 3040 4710 ejus,
3073 4646 3135 4692 ut
3166 4636 3307 4690 alius
3334 4635 3533 4705 inquit,

297 4731 470 4801 φύλλα
502 4733 559 4786 δὲ
605 4732 791 4797 αὐτοῦ,
826 4733 902 4797 ὡς
934 4732 1091 4797 ἄλλος
1123 4731 1308 4805 φησὶν,
1343 4731 1508 4805 ἕτερα
1548 4730 1676 4789 ὄντα
1715 4737 1865 4808 παρά

292 4822 392 4877 τὸν
421 4823 622 4877 τέλειον
645 4823 876 4895 καρπὸν,
912 4822 982 4876 τά
1008 4823 1149 4877 κατά
1190 4823 1281 4878 τὸν
1310 4823 1501 4894 θνητὸν
1530 4824 1728 4898 δηλαδή
1754 4827 1865 4899 βίον

294 4914 616 4984 πράγματα,
645 4914 713 4967 τά
756 4930 815 4967 τε
848 4911 990 4968 κατά
1014 4912 1113 4985 τὴν
1146 4912 1492 4986 ἀνθρωπίνην
1541 4914 1705 4987 ζωὴν,
1743 4917 1864 4972 καθ’

292 5002 360 5076 ἢν
388 5005 484 5058 uel.
509 5004 538 5056 6
560 5002 762 5064 τέλειος
779 5003 988 5075 καρπὸς
1016 5003 1304 5058 σκέπτεταί
1335 5021 1395 5057 τε
1420 5005 1515 5059 καὶ
1540 5006 1865 5076 φυλάττεται

292 5095 388 5149 καὶ
416 5096 515 5148 οὐκ
561 5096 809 5166 ἀπορρεῖ,
848 5096 1008 5166 μέχρι
1052 5095 1146 5150 καὶ
1186 5094 1390 5149 τούτων
1428 5096 1670 5167 ἀκριϐῶς
1713 5099 1862 5170 βιοῦν

294 5188 846 5259 παραφυλαττομένου
870 5205 883 5219 ·
911 5188 991 5242 διὸ
1013 5189 1108 5242 καὶ
1130 5189 1188 5245 ὲν
1217 5191 1382 5244 πᾶσιν
1408 5185 1489 5255 οἷς
1516 5191 1582 5246 ἂν
1604 5196 1729 5265 ποιῇ
1755 5194 1861 5248 ὑπὸ

289 5278 386 5332 τοῦ
423 5279 556 5333 Θεοῦ
601 5278 1119 5350 κατευοδωθήσεται.
1164 5281 1275 5334 Καὶ
1317 5280 1489 5345 ἄλλως
1530 5283 1560 5335 6
1594 5284 1860 5356 μακάριος

286 5371 373 5425 διὰ
411 5370 610 5436 παντὸς
652 5370 944 5443 ἀρδόμενος
983 5370 1138 5426 ὕδασι
1167 5371 1402 5442 λογικοῖς
1431 5374 1530 5445 τῆς
1561 5374 1744 5429 ἐνθέου
1779 5375 1860 5428 δι-

286 5463 604 5527 δασκαλίας,
632 5464 726 5517 καὶ
771 5462 869 5533 τῆς
898 5462 1281 5535 προσηκούσης
1308 5465 1581 5536 γεωργίας
1607 5467 1745 5521 κατὰ
1768 5469 1860 5522 τὸν

289 5556 535 5627 παρόντα
579 5555 693 5616 βίον
734 5555 1016 5626 τυγχάνων
1057 5555 1115 5609 ὲν
1142 5555 1317 5627 καιρῷ
1363 5555 1442 5628 τῷ
1470 5558 1663 5613 ἑαυτοῦ
1702 5558 1861 5615 δώσει

288 5646 375 5700 τοι
409 5646 602 5700 ἑαυτοῦ
632 5647 859 5719 καρπόν.
892 5645 1096 5711 Καιρὸς
1130 5647 1188 5717 δὲ
1217 5646 1382 5702 αὐτοῦ
1414 5651 1448 5704 ὁ
1474 5648 1683 5721 μέλλων
1716 5654 1864 5709 ἐστὶν

365 5761 403 5793 ¹⁸
445 5762 604 5819 Rom.
637 5777 712 5827 ιι,
748 5763 831 5818 M.
907 5765 928 5794 ¹
965 5761 1125 5818 Prov.
1167 5778 1261 5830 ιιι,
1298 5762 1384 5819 l8.

1965 4757 2087 4814 quae
2123 4741 2337 4796 diversa
2367 4744 2494 4795 sunt
2530 4750 2561 4791 a
2587 4734 2827 4807 perfecto
2853 4732 3065 4795 fructu,
3100 4727 3351 4783 videlicet
3371 4738 3535 4797 opera

1965 4833 2215 4890 mortalis
2236 4832 2465 4901 hujusce
2482 4829 2624 4893 vitae,
2650 4826 2981 4896 humanique
3003 4822 3220 4879 vivendi
3247 4820 3536 4882 curriculi,

1966 4926 2021 4980 in
2052 4939 2160 4997 quo
2201 4923 2413 4979 fructus
2462 4921 2553 4976 ille
2581 4919 2853 4992 perfectus
2878 4922 3158 4986 spectatur
3189 4918 3242 4969 et
3272 4913 3535 4967 observa-

1965 5024 2076 5080 tur,
2108 5031 2219 5071 non
2258 5014 2516 5078 detinent,
2543 5011 2673 5067 dum
2726 5010 2841 5080 ipse
2891 5005 3060 5078 probe
3092 5001 3309 5060 vivendi
3346 5016 3535 5057 curam

1967 5110 2218 5177 habebit;
2257 5106 2608 5179 quamobrem
2656 5104 2711 5158 in
2762 5099 2976 5156 cunctis
3030 5095 3291 5167 operibus
3335 5094 3453 5148 suis
3502 5106 3534 5146 a

1965 5200 2078 5257 Deo
2104 5208 2251 5256 recte
2277 5210 2646 5270 prospereque
2684 5193 2967 5262 dirigetur.
3021 5187 3140 5241 Alia
3162 5198 3293 5241 vero
3322 5184 3534 5238 ratione

1969 5295 2048 5350 sic
2076 5292 2415 5363 explicatur:
2446 5288 2644 5344 Beatus
2678 5286 2769 5339 ille
2815 5283 2908 5353 qui
2936 5293 3151 5350 semper
3180 5274 3533 5346 intelligibili‘

1966 5384 2070 5440 bus
2104 5382 2302 5438 divinae
2354 5379 2615 5435 doctrinae
2659 5374 2817 5447 aquis
2872 5372 3164 5441 irrigatur,
3196 5373 3252 5423 et
3302 5366 3359 5422 in
3397 5381 3537 5437 pras-

1967 5475 2104 5532 senti
2138 5473 2249 5528 vita
2273 5486 2372 5527 ceu
2402 5485 2531 5541 ager
2560 5472 2920 5539 congruenter
2946 5461 3179 5526 colitur;
3213 5455 3366 5513 dabit
3419 5455 3533 5512 fru-

1968 5575 2116 5623 ctum
2158 5579 2315 5621 suum
2348 5562 2405 5617 in
2433 5570 2673 5631 tempore
2714 5573 2835 5615 suo.
2894 5553 3134 5625 Tempus
3182 5563 3349 5623 porro
3377 5548 3533 5621 ejus,
3556 5550 3570 5561 ‘

1970 5657 2213 5713 futurum
2252 5653 2506 5711 saeculum
2536 5646 2660 5708 esti
2692 5646 2974 5721 praesentis
3007 5643 3206 5718 quippe
3238 5641 3361 5698 vitae
3398 5648 3537 5696 tent-
