4096 6382
540 320 609 375 73
1163 292 1432 352 EUSEBfl
1470 300 1952 360 CESARIENSIS
1987 304 2139 361 OPP.
2179 306 2361 364 PARS
2401 310 2487 367 111.
2520 342 2588 353 -
2629 313 3036 373 EXEGETICA.
3719 328 3789 375 δυ

542 447 643 503 pus
689 446 797 486 non
841 431 942 501 ipsi
978 430 1296 501 proprium,
1333 434 1427 488 sed
1476 436 1713 490 alienum
1750 445 1861 500 est;
1916 453 2113 507 quam-

2218 453 2387 490 αιων·
2434 441 2624 508 ιπειδη
2668 453 2761 490 του
2800 452 3063 507 παρόντος
3091 435 3193 488 οὐκ
3233 432 3381 488 εστιν
3421 435 3638 497 οἰκεῖος,
3672 432 3787 487 ἀλλ’

540 522 723 576 obrem
753 521 808 575 in
837 529 1083 591 tempore
1101 537 1201 576 suo
1230 527 1513 591 praesentis
1534 528 1880 597 agriculturae
1902 527 2113 584 fructus

542 612 654 667 Deo
676 612 936 683 proferet.
966 615 1087 669 Alio
1120 630 1335 685 quoque
1363 617 1522 671 modo
1554 618 1909 690 intelligitur;
1951 622 2114 675 nimi-

538 719 683 767 rum,
717 705 808 760 illc
845 706 936 776 qui
963 706 1157 761 beatus
1195 707 1556 776 praedicatur,
1611 726 1675 764 ex
1735 712 1953 765 mortali
2003 712 2113 767 vita

537 794 871 857 translatus,
936 796 1352 864 promissionem
1404 798 1626 853 habebit
1668 815 1728 854 se
1763 799 2005 857 futurum
2057 804 2113 858 in

540 885 796 955 paradiso
828 886 916 940 Dei
947 888 1102 957 quasi
1144 887 1349 958 lignum
1378 892 1524 958 quod
1573 891 1873 961 plantatum
1916 903 2001 950 est
2028 910 2115 951 se-

536 992 638 1032 cus
662 978 925 1034 decursus
947 994 1234 1048 aquarum.

613 1068 780 1125 Vsns.
813 1072 867 1127 4,
909 1070 1030 1125 Non
1064 1074 1140 1126 sic
1184 1072 1371 1141 impii,
1417 1090 1521 1127 non
1556 1076 1667 1139 sic,
1722 1076 1813 1132 sed
1860 1087 2113 1148 tanquam

536 1162 707 1231 pulvis
739 1177 897 1233 quem
943 1164 1159 1234 proiicit
1195 1176 1375 1222 ventus
1429 1184 1463 1221 a
1511 1168 1647 1237 facie
1691 1176 1865 1225 terrae.
1914 1170 2113 1226 Beatus

540 1251 632 1309 ille
661 1253 841 1323 qualis
874 1254 963 1309 hic
1013 1254 1346 1311 describitur
1372 1267 1462 1313 :et
1491 1274 1625 1314 sane
1658 1259 1970 1330 hujusmodi
2014 1262 2113 1315 ho—

537 1343 715 1400 mines
743 1345 1036 1401 admodum
1064 1345 1174 1399 rari
1218 1347 1486 1415 paucique
1515 1357 1662 1405 sunt.
1712 1350 1782 1404 At
1810 1350 1957 1421 impii
1991 1368 2111 1406 mae

536 1448 644 1505 gno
672 1447 936 1501 numero;
985 1435 1079 1505 qui
1109 1441 1170 1489 ut
1216 1436 1353 1490 nihil
1383 1435 1645 1492 habentes
1690 1436 1832 1506 apud
1892 1438 2110 1493 beatum

540 1527 689 1581 illum
723 1529 863 1582 male
889 1528 1151 1593 audiunt;
1185 1526 1422 1582 fructum
1452 1530 1650 1600 quippe
1675 1540 2108 1600 temporaneum,

539 1621 855 1678 mutabilem
904 1635 967 1677 ac
1018 1623 1318 1692 periturum
1370 1622 1741 1692 possidentes,
1801 1622 1931 1679 facti
1982 1631 2113 1680 sunt

538 1713 698 1783 quasi
723 1712 894 1781 pulvis
916 1730 1066 1783 quem
1091 1713 1302 1782 projicit
1330 1724 1505 1768 ventus
1532 1731 1565 1768 α
1591 1714 1727 1783 facie
1754 1724 1929 1770 terrae.

2215 529 2521 600 ἀλλότριος·
2570 529 2650 581 διὸ
2696 531 2753 580 ἐν
2795 528 2986 597 ἐκείνῳ
3023 527 3100 598 τῷ
3132 526 3323 581 ἐαυτοῦ
3366 525 3539 597 καιρῷ
3566 526 3661 595 τῆς
3699 528 3787 578 ἐν-

2212 619 2388 673 ταῦθα
2439 619 2709 690 γεωργίας
2753 618 3023 672 ἀποδώσει
3069 618 3147 688 τῷ
3188 616 3305 686 θεῷ
3347 620 3471 681 τοὺς
3521 617 3787 688 καρπούς.

2215 712 2324 765 Καὶ
2376 710 2496 763 καθ’
2541 711 2728 780 ἕτερον
2759 710 2813 762 δὲ
2857 709 3079 780 τρόπον,
3120 712 3150 763 ό
3191 708 3647 779 μακαριζόμενος,
3696 725 3792 778 με·

2213 801 2572 870 ταφυτευθεὶς
2622 802 2685 853 ἐκ
2726 798 2820 851 τοῦ
2870 798 3066 869 θνητοῦ
3115 798 3251 868 βίου,
3304 798 3630 865 ἐπαγγελίαν
3679 796 3790 863 ἕξει

2213 895 2271 947 ἐν
2297 893 2378 963 τῷ
2423 892 2733 964 παραδείσῳ
2761 889 2855 944 τοῦ
2898 890 3033 944 Θεοῦ
3079 890 3314 955 ἔσεσθαι,
3346 891 3422 955 ὡς
3450 891 3510 944 τὸ
3540 890 3692 956 ξύλον
3731 892 3792 943 τὸ

2219 985 2624 1055 πεφυτευμένον
2650 982 2800 1054 παρά
2822 983 2918 1045 τὰς
2942 983 3205 1048 διεξόδους
3234 983 3340 1035 τῶν
3368 984 3594 1037 ὑδάτων.

2292 1078 2416 1145 Οὐχ
2448 1077 2634 1140 οὓτως
2665 1078 2719 1129 οἱ
2744 1074 2999 1139 ἀσεϐεῖς,
3032 1077 3143 1143 οὐχ
3173 1076 3378 1141 οὕτως,
3407 1075 3542 1128 ἀλλ’
3573 1074 3612 1143 ἦ
3647 1074 3790 1129 ὡσεί

2212 1168 2379 1237 χοῦς,
2422 1167 2495 1220 ὃν
2532 1168 2789 1235 ἐκρίπτει
2824 1170 2856 1220 ὀ
2901 1167 3120 1235 ἄνεμος
3171 1166 3290 1221 ἀπὸ
3331 1167 3655 1235 προσώπου
3684 1165 3795 1235 τῆς

2212 1258 2344 1329 γῆς.
2392 1260 2448 1313 '0
2482 1260 2578 1329 μὲν
2612 1260 2879 1329 μακάριος
2920 1258 3159 1321 τοιοῦτος
3187 1254 3297 1311 οἷον
3335 1260 3364 1311 ό
3394 1259 3549 1328 λόγος
3579 1259 3797 1331 διέγρα-

2210 1350 2341 1421 ψεν·
2379 1351 2601 1413 σπάνιος
2639 1350 2694 1403 δὲ
2729 1346 2884 1414 οὗτος
2919 1351 3014 1403 καὶ
3050 1351 3106 1402 ἐν
3144 1350 3347 1418 ὀλίγοις
3387 1351 3793 1422 εὑρισκόμενος.

2213 1439 2403 1492 Πολλοὶ
2443 1440 2500 1493 δὲ
2537 1440 2587 1491 οἱ
2619 1439 2856 1503 ἀσεϐεῖς,
2896 1439 3093 1502 οἵτινες
3139 1439 3213 1503 ὼς
3259 1441 3425 1511 μηδὲν
3466 1440 3678 1511 ἔχοντες
3718 1440 3795 1510 τῷ

2215 1532 2470 1603 μακαρίῳ
2494 1532 2896 1604 διαϐέϐληνται.
2934 1533 3164 1603 Καρπὸν
3193 1533 3304 1603 γὰρ
3331 1533 3663 1605 πρόσκαιρον
3701 1534 3797 1586 καὶ

2215 1623 2525 1686 σκεδαστὸν,
2541 1623 2635 1676 καὶ
2655 1623 3022 1695 ἀπολλύμενον
3045 1626 3394 1695 κτησάμενοι,
3417 1625 3701 1693 γεγόνασιν
3720 1626 3796 1691 ὡς

2212 1717 2246 1767 ὁ
2261 1714 2408 1784 χοῦς
2428 1714 2499 1767 ὃν
2514 1715 2773 1782 ἑκρίπτει
2787 1718 2819 1769 ό
2836 1716 3054 1784 ἄνεμος
3073 1715 3189 1768 ἀ.τό
3211 1715 3531 1782 προσώπου
3546 1714 3652 1782 τῆς
3664 1715 3795 1785 γῆς.

607 1803 773 1860 Vens.
818 1806 870 1861 5.
914 1804 1044 1860 Ideo
1095 1823 1197 1860 non
1247 1816 1517 1876 resurgent
1567 1808 1715 1876 impii
1767 1808 1825 1861 in
1869 1806 2111 1876 judicio,

2283 1806 2385 1860 Διά
2411 1807 2589 1860 τοῦτο
2620 1809 2730 1860 οὐκ
2753 1808 3201 1871 ἀναστήσονται
3231 1808 3468 1874 ἀσεϐεῖς
3487 1809 3557 1861 ἐν
3580 1811 3797 1877 κρίσει,

536 1913 697 1968 neque
721 1907 1018 1965 peccatores
1044 1898 1099 1951 iu
1127 1900 1353 1953 concilio
1379 1899 1677 1969 justorum.
1705 1896 1764 1953 ln
1798 1900 2111 1965 communi,

536 1985 709 2050 illud,
755 1988 809 2040 in
859 1988 1086 2041 concilio
1135 1987 1402 2053 iustorum
1447 1988 1722 2058 accipias,
1767 1987 1843 2041 ita
1891 1997 1950 2042 ut
1999 1988 2113 2043 hzec

533 2078 809 2134 sententia
837 2078 1039 2134 fuerit:
1074 2078 1531 2149 Quandoquidem
1557 2080 1695 2134 nihil
1723 2079 1923 2143 fertile.
1948 2078 2115 2135 vitale

530 2171 705 2237 nihil,
736 2186 914 2241 neque
939 2171 1178 2227 fructum
1203 2171 1308 2228 Deo
1331 2172 1555 2242 dignum
1573 2211 1589 2237 ,
1614 2172 1829 2242 qualem
1850 2170 2115 2227 dederunt

530 2263 700 2334 justi,
733 2263 887 2336 impii
915 2266 1228 2335 protulere;
1260 2266 1382 2320 ideo
1412 2265 1467 2320 in
1496 2264 1688 2335 judicii
1716 2272 1992 2334 tempore,
2024 2280 2115 2317 ue-

532 2371 633 2427 que
661 2366 963 2425 peccatores
1000 2358 1053 2410 in
1087 2356 1315 2412 concilio
1341 2358 1613 2425 justorum
1650 2362 1959 2425 rcsurgent.
2006 2353 2115 2409 Pro

534 2447 778 2501 concilio
805 2456 987 2503 autem
1019 2449 1214 2519 Aquila
1247 2456 1302 2504 et
1333 2447 1637 2504 Theodotio
1669 2464 1997 2518 synagogam
2030 2447 2116 2501 in-

532 2537 820 2609 terpretati
847 2546 1012 2606 sunt;
1047 2539 1411 2612 Symmachus
1434 2553 1583 2603 vero,
1612 2547 1942 2594 conventum.
1966 2537 2115 2593 Con-

534 2631 726 2685 cilium
762 2631 927 2701 igitur
961 2630 1049 2683 hic
1086 2631 1358 2703 intelligas
1394 2638 1723 2685 conventum
1755 2637 2111 2694 sanctorum,

535 2731 597 2775 ut
634 2720 693 2775 in
727 2720 999 2792 principio
1034 2721 1240 2776 dictum
1281 2730 1386 2779 est.
1427 2721 1804 2793 Oppositoque
1838 2736 2006 2776 sensu
2046 2721 2116 2775 il-

532 2812 625 2867 Iud
645 2855 662 2881 ,
695 2814 751 2867 iu
782 2815 1005 2869 concilio
1035 2814 1321 2884 impiorum
1340 2854 1355 2881 ,
1386 2830 1486 2885 pro
1514 2823 1787 2870 conventu
1819 2812 2115 2884 impiorum

532 2904 797 2975 accipias.
831 2904 1103 2961 Caeterum
1138 2913 1432 2976 resurgent
1467 2906 1569 2975 ipsi
1605 2920 1825 2975 quoque
1847 2944 1864 2970 ,
1901 2905 1997 2961 sed
2045 2906 2114 2960 ad

533 3009 754 3066 pinnam
782 3004 946 3066 atque
975 2998 1342 3069 supplicium:
1382 2996 1525 3052 Nam
1562 3007 1755 3052 cuncta
1786 3013 1903 3068 qua
1935 2998 2112 3067 fiunt,

536 3084 762 3142 adducet
800 3086 943 3142 Deus
994 3089 1052 3142 in
1089 3086 1359 3157 judicium
1408 3105 1504 3158 pro
1556 3105 1697 3142 omni
1746 3097 1959 3152 errato,
2009 3088 2116 3143 sise

2140 3137 2188 3197 ο

2210 1895 2353 1950 οὐδὲ
2382 1896 2713 1965 ἁμαρτωλοὶ
2744 1896 2813 1948 ἐν
2856 1894 3062 1962 βουλῇ
3107 1895 3368 1949 δικαίων.
3412 1898 3569 1950 Κατά
3618 1897 3798 1950 κοινοῦ

2212 1988 2292 2052 τὸ,
2323 1988 2392 2041 ἐν
2423 1984 2628 2054 ,Βουλῇ
2650 1986 2913 2050 δικαίων,
2942 1985 3195 2049 ἀκούσεις
3215 2003 3227 2016 ’
3262 1987 3343 2051 ὡς
3370 1982 3507 2041 εἶναι
3547 1986 3645 2058 τὴν
3674 1989 3793 2041 δια-

2212 2096 2360 2132 νοιαν
2388 2076 2639 2148 τοιαύτην
2661 2094 2675 2107 ’
2706 2078 2857 2130 Ἐπεὶ
2893 2076 3058 2147 μηδὲν
3112 2079 3331 2148 γόνιμον
3376 2078 3510 2148 μηδέ
3548 2076 3799 2142 ζωτικὸν,

2212 2172 2328 2225 ἀλλ’
2360 2170 2480 2224 οὐδὲ
2519 2170 2730 2240 καρπὸν
2761 2169 2898 2222 Θεοῦ
2930 2170 3076 2235 ἀξιον
3114 2173 3227 2234 τοῖς
3259 2171 3486 2238 δικαίοις
3519 2173 3802 2242 παραπλη-

2216 2264 2347 2327 σίως
2374 2266 2423 2317 οἱ
2462 2264 2682 2327 ἀσεϐεῖς
2733 2264 3167 2336 προηνέγκαντο,
3195 2262 3283 2316 διὰ
3318 2263 3477 2316 τοῦτο
3515 2266 3573 2316 ἐν
3600 2263 3676 2333 τῷ
3703 2265 3803 2333 τῆς

2212 2355 2448 2425 κρίσεως
2493 2355 2691 2427 καιρῷ,
2731 2357 2870 2409 οὐτε
2911 2358 2966 2407 cl
3013 2354 3344 2422 ἁμαρτωλοί
3377 2354 3447 2406 ἐν
3476 2351 3679 2420 ,βουλῇ
3711 2352 3802 2406 δι·-

2215 2449 2400 2500 καίων
2432 2449 2850 2517 ἀναστήσονται.
2897 2447 3044 2499 Ἀντὶ
3072 2447 3131 2499 δέ
3161 2446 3353 2515 βουλῆς
3374 2448 3403 2497 ό
3436 2446 3535 2515 μὲν
3574 2444 3803 2509 Ἀκύλας

2217 2539 2312 2592 καὶ
2339 2540 2368 2591 ό
2393 2538 2685 2592 Θεοδοτίων
2709 2538 3071 2608 συναγωγὴν
3092 2536 3489 2607 ήρμηνεύκασι,
3518 2536 3803 2589 συνέλευ-

2212 2647 2318 2684 σιν
2346 2630 2404 2684 δὲ
2441 2632 2472 2685 ό
2501 2632 2814 2702 Σύμμαχος.
2851 2631 3053 2699 Βουλὴν
3082 2630 3262 2682 τοίνυν
3308 2631 3538 2700 ⁴ἡγητέον
3572 2628 3805 2681 ἐνταῦθα

2215 2724 2465 2796 εἰρῆσθαι
2504 2725 2602 2796 τὴν
2635 2723 2852 2777 σύνοδον
2876 2723 2983 2776 τῶν
3013 2722 3204 2790 ἁγίων,
3232 2722 3307 2785 ῶς
3348 2722 3441 2775 καὶ
3468 2722 3525 2773 ἐν
3557 2721 3697 2792 ἀρχῇ
3726 2720 3805 2773 εἴ-

2216 2836 2401 2892 ρηται.
2434 2820 2591 2873 Κατά
2623 2817 2884 2889 δευτέραν
2903 2817 3141 2871 διάνοιαν
3169 2815 3267 2885 τὴν
3300 2814 3514 2867 σύνοδον
3542 2813 3650 2866 τῶν
3678 2814 3805 2867 ἀσε-

2214 2912 2325 2966 ϐῶν
2358 2912 2648 2984 δηλοῦσθαι
2681 2913 2746 2964 ὲκ
2775 2910 2870 2964 τοῦ
2899 2912 2969 2965 ἐν
2990 2907 3195 2976 ,Βουλῆ
3224 2907 3479 2962 ἀσει¹³ῶν.
3506 2908 3651 2978 Πλὴν
3680 2907 3805 2959 ἀνα-

2216 3009 2505 3077 στήσονται
2551 3007 2644 3059 ἐπὶ
2690 3005 2909 3059 κολάσει
2958 3004 3054 3058 καὶ
3104 3002 3367 3073 τιμιιιρίᾳο
3411 2999 3542 3055 Πᾶν
3584 3002 3692 3069 γὰρ
3733 2999 3804 3052 τὸ

2217 3099 2441 3168 ποίημα
2462 3097 2591 3161 ἄξει
2616 3100 2648 3153 ό
2681 3096 2825 3161 Θεὸς
2850 3098 2937 3161 εις
2966 3095 3172 3163 κρίσιν
3195 3094 3255 3145 ὲν
3297 3092 3475 3145 παντὶ
3504 3107 3611 3158 παι
3624 3105 3806 3157 supa-

537 3178 732 3232 bonum
771 3179 879 3234 sive
908 3180 1112 3233 malum
1139 3180 1273 3234 illud
1304 3180 1469 3251 fuerit
1500 3182 1540 3236 ³.
1582 3180 1895 3236 Notandum
1933 3192 2115 3236 autem

2218 3192 2394 3262 μένῳ,
2423 3191 2532 3244 ἐὰν
2555 3207 2618 3245 τε
2659 3190 2885 3259 ἀγαθὸν
2911 3184 2970 3260 ᾖ,
3009 3188 3119 3242 ἐάν
3148 3205 3208 3240 τε
3251 3188 3534 3254 πονηρόν.
3568 3186 3639 3256 Ση
3650 3185 3806 3255 μείω-

537 3277 650 3333 est,
686 3271 925 3341 primum
976 3270 1233 3327 Davidem
1284 3273 1748 3329 resurrectionem
1788 3282 1843 3329 et
1874 3272 2118 3327 futurum

535 3368 659 3429 post
704 3360 1164 3415 resurrectionem
1199 3360 1491 3430 judicium,
1522 3378 1738 3418 necnon
1767 3362 1963 3417 futura:
1995 3364 2120 3418 vitae

535 3451 996 3521 promissionem,
1057 3460 1242 3523 aperte
1287 3453 1595 3510 docuisse:
1652 3453 1865 3525 Moyses
1917 3455 2119 3525 quippe

535 3542 671 3597 nihil
703 3542 1018 3612 hujusmodi
1053 3545 1264 3614 uspiam
1295 3543 1540 3598 tradidit.

612 3633 781 3693 Vnus.
819 3635 873 3690 6.
916 3636 1186 3701 Quoniam
1241 3637 1385 3691 novit
1434 3637 1700 3691 Dominus
1749 3638 1888 3691 viam
1936 3637 2118 3707 justo-

538 3741 698 3792 rum,
769 3737 818 3782 et
876 3728 976 3782 iter
1032 3729 1315 3798 impiorum
1371 3728 1584 3798 peribit.
1641 3727 1738 3783 Hic
1812 3728 2115 3799 generatim

534 3825 697 3875 notes
751 3819 951 3882 velim,
1017 3818 1219 3874 bonum
1272 3819 1493 3890 quidem
1544 3817 1776 3875 Domino
1833 3819 2114 3890 cognitum

537 3925 697 3976 esse,
733 3910 829 3966 sed
862 3910 1068 3965 malum
1105 3913 1448 3981 neutiquam.
1484 3909 1634 3966 Bona
1670 3911 1868 3981 quippe
1899 3918 1985 3966 est
2018 3910 2114 3981 ju-

538 4010 751 4058 storum
787 4000 906 4067 via,
938 4016 1117 4071 neque
1162 4001 1407 4061 dicitur:
1449 4000 1613 4057 Novit
1656 4001 1922 4058 Dominus
1974 4002 2117 4056 viam

539 4095 832 4165 impiorum
858 4134 872 4156 ,
902 4094 1156 4150 videlicet
1181 4110 1373 4150 eorum
1407 4095 1499 4165 qui
1531 4095 1586 4149 in
1618 4094 1915 4165 perniciem
1946 4102 2115 4161 eunt;

539 4187 637 4242 sed
665 4206 678 4241 :
714 4185 877 4241 Novit
911 4184 1175 4240 Dominus
1205 4187 1294 4256 qui
1326 4196 1447 4240 sunt
1477 4187 1591 4255 ejus
1628 4185 1670 4241 δ.
1703 4184 1986 4240 Justorum
2022 4201 2119 4240 auo

538 4291 647 4335 tem
681 4279 771 4335 via
802 4287 887 4336 est
920 4281 968 4334 is
999 4280 1092 4349 qui
1125 4279 1266 4333 dixit
1296 4298 1310 4333 :
1352 4278 1463 4350 Ego
1493 4296 1614 4334 sum
1643 4280 1727 4333 via
1757 4281 1777 4311 ⁸
1809 4296 1825 4343 ;
1853 4289 1907 4333 et
1936 4280 2070 4334 illud
2100 4299 2113 4335 :

546 4369 732 4426 Videte
759 4386 877 4440 qua:
910 4372 978 4425 sit
1010 4373 1097 4426 via
1129 4371 1267 4425 bona
1286 4373 1328 4425 ⁸.
1360 4371 1489 4427 Haec
1522 4372 1745 4442 respicit
1779 4374 2046 4443 psalmus.

965 4482 1293 4539 PSALMUS
1359 4482 1570 4538 DAVID
1628 4483 1693 4538 ll.

1001 4595 1328 4665 Earplanatio
1360 4597 1556 4665 psalmi
1595 4613 1656 4654 ll.

608 4713 780 4769 Vens.
810 4716 860 4767 1.
895 4713 1074 4779 Quare
1105 4712 1431 4782 fremuerunt
1460 4723 1671 4784 gentes,
1709 4725 1759 4768 et
1800 4713 1982 4783 populi
2014 4728 2121 4766 rue-

541 4804 702 4859 dilati
734 4814 855 4859 sunt
890 4805 1121 4860 inania?
1154 4804 1502 4875 Prophetiam
1537 4805 1725 4867 aﬂert,
1759 4822 1866 4876 qua
1912 4803 2121 4859 Christi

542 4896 812 4952 adventus
840 4899 1155 4952 enuntiatur
1181 4916 1195 4964 ;
1225 4912 1333 4968 qun
1356 4904 1513 4967 pacto
1539 4898 1750 4953 scilicet
1780 4897 2023 4951 futurum
2052 4895 2125 4951 sit

544 4994 605 5042 ut
650 4985 965 5043 «Iudaeorum
1011 4987 1227 5045 insidiis
1275 4995 1582 5057 appetatur,
1622 4988 1975 5058 gentiumque
2004 5000 2124 5039 om-

545 5081 695 5135 nium
728 5078 1063 5143 dominetur,
1096 5087 1151 5134 et
1180 5086 1448 5148 quotquot
1481 5078 1537 5133 in
1569 5092 1694 5131 eum
1732 5075 1985 5131 ﬁduciam
2021 5075 2121 5128 ha-

539 5171 781 5235 bebunt,
815 5171 937 5240 ejus
971 5186 1137 5241 opera
1172 5170 1358 5226 felices
1387 5170 1648 5225 evadant.
1685 5167 1905 5224 Primus
1936 5169 2122 5238 itaque

539 5264 789 5335 psalmus
824 5279 987 5333 parce
1021 5264 1253 5333 loquens
1302 5280 1472 5318 unum
1513 5263 1781 5318 duntaxat
1829 5263 1923 5332 qui
1968 5261 2120 5316 salu-

537 5367 649 5412 tem
707 5363 1040 5411 consecutus
1085 5363 1168 5411 est
1220 5356 1437 5410 beatum
1496 5354 1793 5425 praedicat;
1847 5354 1937 5408 hic
1986 5368 2119 5408 vero

541 5448 793 5518 psalmus
827 5446 894 5500 ad
932 5446 1242 5502 felicitatem
1277 5446 1685 5502 multitudinem
1720 5457 1896 5501 vocat.
1935 5444 2118 5517 Siqui-

536 5537 660 5594 dem
694 5539 943 5595 omnium
976 5555 1086 5595 una
1122 5541 1375 5611 gentium
1419 5540 1762 5595 vocationem
1804 5540 2121 5609 complecti-

538 5643 650 5693 tur.
690 5648 971 5703 regnaque
994 5642 1159 5689 terra;
1184 5633 1378 5687 invitat
1408 5631 1476 5686 ad
1504 5631 1755 5687 salutem.
1794 5630 1920 5686 Hmc
1950 5647 2115 5700 porro

539 5728 679 5778 bona
730 5737 830 5793 per
874 5723 1158 5779 Christum
1202 5723 1517 5778 hominibus
1566 5721 1870 5776 obventura
1917 5737 2111 5776 conse-

2221 3305 2310 3341 σαι
2345 3287 2423 3349 δὲ,
2465 3288 2547 3339 ὅτι
2595 3285 2810 3357 πρῶτος
2843 3283 3006 3337 Δαυτδ
3044 3284 3139 3335 καὶ
3165 3281 3460 3335 ἀνάστασιν
3504 3279 3597 3332 καὶ
3625 3277 3808 3344 κρίσιν

2223 3377 2360 3449 μετά
2385 3377 2485 3449 τὴν
2518 3377 2813 3430 ἀνάστασιν
2845 3373 3136 3444 ἐσομένην,
3169 3373 3263 3425 καὶ
3294 3370 3624 3439 ἐπαγγελίαν
3657 3364 3801 3438 (si;

2223 3469 2521 3542 μελλούσης
2554 3469 2739 3537 σαφῶς
2778 3467 3003 3533 ἐδίδαξε,
3046 3465 3323 3528 Μωῦσέως
3359 3463 3524 3534 μηδὲν
3569 3459 3808 3515 τοιοῦτον

2221 3561 2685 3625 παραδεδωκότος.

2293 3656 2414 3707 ὀτι
2464 3653 2742 3722 γινώσκει
2787 3654 3001 3721 Κύριος
3033 3650 3178 3706 ὁδὸν
3217 3650 3483 3713 δικαίων,
3528 3647 3623 3702 καί
3663 3646 3805 3713 όόἐς

2220 3747 2457 3801 ἀσεϐῶν
2487 3744 2817 3799 ἀπολεῖται.
2864 3745 3175 3815 Σημείωσαι
3216 3741 3541 3804 καθολικῶς,
3590 3742 3673 3794 δτι
3700 3755 3807 3792 κα-

2220 3838 2310 3892 λὸν
2361 3840 2459 3910 μὲν
2506 3836 2833 3907 γινώσκεται
2885 3836 2992 3889 ὑπὸ
3034 3836 3263 3908 Κυρίου,
3314 3832 3516 3903 φαῦλον
3560 3832 3616 3885 δέ
3653 3831 3806 3884 οὐδὲν

2218 3932 2493 3984 οὐδέποτε.
2554 3929 2732 3983 Καλὸν
2769 3930 2879 4001 γάρ
2927 3928 3044 3992 ὁδὸς
3091 3927 3334 3988 δικαίων,
3367 3926 3461 3978 καὶ
3502 3925 3603 3978 οῦκ
3641 3919 3763 3976 εἷπε
3787 3939 3804 3953 ·

2220 4022 2479 4075 Γινώσκει
2520 4020 2728 4091 Κύριος
2754 4019 2873 4074 ὁδὸν
2917 4018 3152 4079 ἀσεϐῶν,
3193 4018 3310 4086 ἦτοι
3350 4015 3459 4069 τῶν
3500 4014 3807 4084 ἀπολλυμέ-

2221 4133 2354 4169 νων’
2387 4114 2552 4168 ἀλλά⁸
2585 4115 2693 4169 Καὶ
2736 4112 2889 4182 ἔγνω
2939 4112 3151 4176 Κύριος
3193 4109 3335 4174 τοὺς
3377 4108 3557 4174 ὄντας
3597 4107 3806 4160 αὐτοῦ.

2232 4208 2380 4271 Ὁδὸς
2420 4208 2476 4260 δέ
2519 4206 2763 4267 δικαίων,
2798 4206 2826 4257 ό
2856 4201 3056 4255 εἰπών·
3099 4201 3238 4271 Ἐγώ
3274 4205 3387 4271 εἰμι
3425 4203 3462 4268 ἡ
3507 4202 3682 4266 ὁδός·
3714 4200 3808 4252 καὶ

2219 4300 2282 4353 τό
2301 4317 2315 4330 ·
2347 4297 2528 4352 Ἴδετε
2551 4297 2692 4349 ποία
2717 4295 2895 4347 ἐστίν
2917 4295 2956 4361 ἠ
2980 4292 3119 4359 (τεός
3143 4295 3180 4361 ἡ
3205 4293 3418 4364 ἀγαθή,
3450 4293 3574 4346 Ἐπὶ
3600 4292 3807 4345 τούτων

2229 4390 2582 4459 ἀναιρέρεται.

2656 4499 2947 4554 “suo:
2974 4500 3059 4570 Tn
3085 4488 3284 4551 Διιγῑι
3317 4498 3388 4548 B’.

2665 4590 2986 4660 Ἐξήγησις
3028 4587 3272 4658 ψαλμοῦ
3297 4589 3378 4653 β’.

2299 4710 2426 4762 Ἵνα
2469 4709 2525 4761 τί
2569 4707 2878 4776 ἐφρύαξαν
2913 4707 3079 4773 ἔθνη,
3127 4704 3225 4757 καὶ
3260 4703 3397 4757 λαοὶ
3434 4701 3812 4772 ἐμελέτησαν

2228 4800 2422 4864 κενά;
2486 4800 2831 4872 Προφητείαν
2896 4797 3136 4869 ἐντίθησι
3202 4795 3435 4868 Χριστοῦ
3504 4796 3812 4868 παρουσίας

2225 4892 2730 4965 προσαγορευτικήν
2751 4909 2763 4922 °
2799 4893 2895 4946 καὶ
2921 4892 2997 4956 ῶς
3028 4890 3134 4944 ὑπὸ
3164 4888 3431 4943 Ἰουδαίων
3464 4889 3564 4959 μὲν
3591 4887 3781 4943 ἐπιεου
3800 4921 3813 4929 -

2223 4984 2567 5055 λευθήσεται,
2616 4985 2883 5056 κρατήσει
2925 4982 2982 5035 δὲ
3032 4981 3140 5035 τῶν
3180 4980 3349 5034 ἐθνῶν
3393 4981 3670 5043 ἁπάντων,
3715 4986 3813 5034 καὶ

2221 5080 2297 5142 ὡς
2323 5079 2389 5132 δι’
2432 5076 2597 5132 αὑτοῦ
2628 5078 2826 5140 πάντες
2878 5077 3137 5147 μακάριοι
3169 5075 3380 5128 ἔσονται
3411 5076 3457 5127 oi
3488 5071 3809 5129 πεποιθότες

2222 5173 2309 5225 ἐπ’
2339 5170 2505 5241 αὐτῷ.
2551 5172 2608 5223 Ὀ
2641 5170 2738 5240 μὲν
2765 5164 2859 5222 οὖν
2885 5167 3098 5239 πρῶτος
3128 5166 3342 5237 ψαλμὸς
3388 5167 3484 5219 Eva
3523 5164 3647 5218 τινά
3679 5181 3789 5216 σπα

2226 5265 2354 5323 νίως
2386 5263 2687 5334 σωζόμενον
2718 5261 3051 5332 ἐμακάριζεν
3071 5279 3082 5290 ·
3106 5262 3134 5312 ὀ
3162 5261 3217 5313 δὲ
3249 5258 3438 5330 παρὼν
3461 5257 3598 5328 όμοῦ
3627 5257 3801 5328 πλήθει

2228 5354 2384 5408 καλεῖ
2424 5354 2517 5406 ἐπὶ
2560 5353 2652 5406 τὸν
2704 5352 3090 5422 μακαρισμόνο
3141 5349 3262 5401 ἐπεὶ
3312 5347 3406 5399 καὶ
3462 5345 3655 5415 κλῆσιν
3698 5343 3811 5396 τῶν

2226 5444 2397 5499 ἐθνῶν
2427 5445 2678 5497 ἁπάντων
2717 5443 2982 5515 περιέχει,
3015 5441 3109 5493 καὶ
3138 5440 3234 5502 τάς
3268 5437 3549 5508 βασιλείας
3576 5436 3674 5506 τῆς
3704 5434 3810 5503 γῆς

2228 5537 2321 5589 ἐπὶ
2365 5535 2464 5607 τὴν
2509 5536 2781 5606 σωτηρίαν
2830 5533 3002 5587 καλεῖ.
3050 5530 3234 5584 Ταῦτα
3273 5529 3329 5581 δὲ
3377 5528 3555 5580 πάντα
3594 5525 3683 5580 διὰ
3712 5525 3809 5577 τοῦ

2227 5628 2463 5701 Χριστοῦ
2486 5626 2979 5700 προξενηθήσεσθαι
3006 5623 3312 5696 ἀνθρώποις
3335 5621 3578 5683 θεσπίζει
3602 5618 3803 5691 σφόδρα

2222 5720 2550 5783 ἀκολούθως.
2601 5717 2746 5773 Ἔδει
2791 5719 2899 5791 γὰρ
2944 5719 3087 5789 ἡμᾶς
3136 5713 3633 5787 προμεμαθηκότας
3679 5712 3794 5782 περ’

608 5838 631 5869 ³
669 5838 855 5894 Eccle.
887 5856 984 5901 xu.
1010 5842 1097 5896 14.
1175 5842 1195 5871 ⁸
1233 5838 1276 5892 ll
1309 5838 1449 5897 Tim.
1485 5856 1555 5904 ιι,
1594 5840 1678 5895 i9.
1758 5840 1779 5872 ⁵
1815 5837 1973 5896 Joan.
2005 5855 2125 5903 xw,
2165 5837 2220 5893 6.
2299 5839 2319 5870 ‘
2357 5836 2553 5893 Jerem.
2594 5853 2667 5903 vt,
2710 5837 2804 5892 i6.
