4096 6412
345 392 406 446 81
769 463 781 480 ⁸
1473 387 1972 443 COMMENTARIA
2016 387 2080 444 IN
2122 385 2460 442 ρειωιοε.
3531 389 3616 442 8‘?

345 509 448 563 τῶν
487 509 580 564 δύο
609 509 762 574 ὁδῶν,
794 509 919 580 ἑξῆς
962 511 1056 564 καὶ
1096 503 1164 562 τὰ
1203 508 1333 580 περὶ
1359 507 1456 562 τοῦ
1499 509 1750 580 Σωτῆρος
1797 525 1926 562 παι-

2037 518 2257 579 quenter
2297 507 2588 563 admodum
2631 503 2984 559 vaticinatur.
3027 499 3133 558 Par
3166 505 3309 560 enim
3347 514 3462 562 eral
3498 523 3601 580 nus

345 598 594 671 δευθῆναι
613 617 626 630 ·
659 599 726 653 δι’
750 593 812 654 οῦ
843 601 1044 664 πάντες
1072 599 1348 672 ἄνθρωποι
1391 601 1488 671 τὴν
1518 601 1614 670 μὲν
1643 599 1752 652 τῶν
1796 601 1921 654 ἀσε-

347 690 458 746 ϐῶν
485 693 601 746 ὁδὸν
627 693 910 764 ἐξέφυγον,
937 693 1124 764 ἔτυχον
1149 692 1206 746 δέ
1237 693 1342 764 τῆς
1373 692 1494 746 ὁδοῦ
1526 692 1628 762 τῆς
1650 691 1920 764 σωτηρίου

344 783 432 838 διὰ
459 785 556 856 τῆς
585 786 664 848 εἰς
693 784 856 839 αὐτὸν
891 785 1151 850 πίστεως⁸
1184 785 1214 838 ὃ
1245 784 1310 856 δὴ
1338 785 1666 856 παρίστησιν
1696 784 1922 854 φάσκων

349 875 376 927 ᾇ
402 874 574 944 λόγος·
593 874 883 945 Μακάριοι
899 875 1122 943 πάντες
1136 879 1192 930 οἱ
1211 878 1562 942 πεποιθότες
1595 878 1682 942 εἰς
1715 877 1918 930 αὐτόν.

2028 577 2095 656 de
2151 599 2369 656 duabus
2428 600 2534 654 viis
2585 598 2740 670 prius
2793 597 3133 662 instructos,
3191 609 3254 652 ea
3311 613 3432 669 qua:
3484 577 3604 652 sal-

2026 700 2272 749 vatorem
2336 696 2588 763 spectant
2645 688 2901 758 deinceps
2953 687 3240 755 ediscere;
3293 703 3390 758 per
3439 703 3602 760 quem

2033 784 2524 840 omneshomines
2572 797 2698 837 eum
2744 781 3036 851 impiorum
3079 780 3222 836 viam
3267 781 3601 852 eﬂ'ugerunt,

2030 883 2145 932 tum
2185 877 2329 930 viam
2375 876 2668 932 salutarem
2697 889 2794 945 per
2835 871 2994 928 ﬁdem
3043 871 3100 926 in
3143 873 3322 944 ipsum
3369 871 3604 944 ingressi

349 975 512 1034 Sunt;
560 967 702 1038 quod
747 967 896 1023 hisce
937 969 1116 1023 verbis
1161 967 1512 1024 declaratur:
1549 967 1698 1021 Beati
1731 983 1910 1022 omnes
1944 971 2035 1038 qui
2075 967 2352 1038 conﬁdunt
2391 969 2448 1021 in
2485 985 2565 1022 eo.

415 1084 816 1152 Παρέστησαν
855 1086 911 1137 οἱ
946 1083 1230 1151 βασιλεῖς·
1263 1083 1372 1151 τῆς
1413 1083 1544 1154 γῆς,
1589 1084 1686 1138 καὶ
1739 1087 1795 1138 οἱ
1824 1083 1927 1154 ἅρ-

348 1193 560 1246 χοντες
587 1173 993 1244 συνήχθησαν
1035 1175 1134 1228 ἐπὶ
1180 1175 1246 1228 τὸ
1277 1177 1423 1230 αὐτὸ
1466 1175 1616 1230 κατά
1661 1176 1767 1231 τοῦ
1809 1179 1927 1231 Ku-

338 1269 479 1335 ρίου
521 1266 621 1320 καὶ
653 1266 804 1321 κατὰ
835 1267 938 1320 τοῦ
965 1268 1224 1335 Χριστοῦ
1257 1267 1462 1322 αὑτοῦ.
1496 1268 1686 1339 Σωτὴρ
1719 1267 1931 1341 ἀνθρώ-

347 1377 470 1424 ποις
501 1359 892 1430 ἐπιδεδήμηκεν
925 1361 953 1414 6
994 1359 1228 1430 Χριστὸς
1269 1359 1364 1412 τοῦ
1390 1359 1558 1412 Θεοῦ’
1597 1359 1789 1432 Σωτὴρ
1831 1361 1925 1415 καὶ

350 1452 573 1523 φωστὴρ
603 1450 710 1504 τῶν
739 1450 908 1505 ἐθνῶν
936 1451 1214 1516 ἁπάντων,
1261 1451 1578 1516 διδάσκαλος
1625 1452 1926 1518 εὐσεϐείας,

347 1541 702 1614 σωφροσύνης
721 1541 1071 1614 καθηγεμὼν,
1095 1542 1438 1615 δικαιοσύνης
1453 1543 1712 1616 ἀρχηγὸς,
1731 1544 1930 1616 ἀρετῆς

345 1631 565 1702 ἀπάσης
595 1633 688 1686 καὶ
734 1631 1064 1701 θεογνωσίας
1100 1632 1335 1705 ἀληθοῦς
1375 1633 1566 1698 αἴτιος.
1619 1634 1683 1688 Τί
1715 1635 1773 1688 δὲ
1807 1631 1924 1701 οὖν,

347 1724 504 1794 φησὶ,
535 1723 864 1794 ταράττεται
887 1721 954 1775 τὰ
984 1722 1111 1794 ἔθνη
1143 1724 1236 1776 ἐπὶ
1267 1725 1333 1796 τῇ
1358 1722 1463 1778 τῶν
1485 1724 1752 1778 τοσούτων
1788 1727 1927 1794 ἀγα-

349 1813 457 1868 θῶν
512 1814 818 1887 παρουσίᾳ.;
865 1815 927 1869 Εἰ
973 1814 1030 1869 δέ
1080 1814 1173 1868 καὶ
1219 1815 1510 1888 πληρωτὴς
1563 1816 1788 1888 ἐλήλυθε
1836 1819 1932 1871 τοῦ

349 1906 620 1970 Momm-5w;
655 1907 840 1978 νόμου,
879 1905 1069 1977 ὥσπερ
1108 1901 1202 1960 οῦν
1247 1906 1410 1971 αὐτὸς
1452 1906 1692 1961 διδάσκει
1723 1907 1927 1978 λέγων·

353 1999 474 2052 Οὐκ
506 1993 706 2068 ἦλθον,
741 1996 1078 2051 καταλῦσαι
1110 1997 1216 2051 τὸν
1251 1998 1459 2067 νόμον,
1497 1997 1660 2054 ἀλλὰ
1695 1999 1932 2067 πληρῶ-

347 2107 472 2154 σαι,
520 2091 615 2144 καί
656 2089 726 2144 τὰ
759 2089 866 2143 τῶν
898 2089 1189 2162 προφητῶν
1233 2089 1388 2159 λόγια
1424 2091 1490 2144 δι’
1535 2091 1702 2146 αὐτοῦ
1747 2092 1933 2155 τέλους

351 2180 642 2252 ἐτύγχανε·
679 2180 730 2233 τί
769 2180 826 2232 δέ
859 2183 906 2234 οἱ
945 2181 1116 2234 ταῦτα
1158 2181 1512 2252 μελετῶντες,
1548 2185 1640 2240 καὶ
1683 2185 1771 2240 διὰ
1823 2187 1934 2240 στό·

352 2289 518 2342 ματος
559 2271 700 2326 αὐτὰ
750 2272 942 2343 φέρειν
986 2272 1394 2339 σπουδάζοντες,
1434 2276 1483 2328 οἰ
1531 2275 1624 2330 τοῦ
1663 2277 1932 2332 Ἰουδαίων

345 2362 530 2424 ἔθνους
559 2363 680 2416 λαοί⁸
703 2362 940 2434 ματαίαν
963 2363 1286 2436 ἐποιήσαντο
1317 2365 1445 2436 περὶ
1469 2366 1634 2420 αὑτοῦ
1662 2366 1926 2438 μελέτην;

359 2453 521 2508 Ἀλλὰ
559 2453 652 2507 καί
683 2455 732 2506 οἰ
773 2454 894 2507 καθ’
931 2455 1061 2523 ὅλης
1097 2455 1199 2525 τῆς
1242 2457 1567 2529 οἰκουμένης
1610 2457 1718 2512 τῶν
1760 2457 1930 2515 ἐθνῶν

347 2545 622 2618 ἄρχοντες,
653 2545 706 2598 οἵ
729 2563 788 2598 τε
815 2547 954 2602 κατὰ
985 2549 1211 2618 χρόνους
1239 2548 1478 2620 βασιλεῖς
1509 2550 1610 2620 τῆς
1637 2550 1760 2621 γῆς,
1787 2552 1839 2604 τί
1865 2551 1930 2625 δὴ

346 2637 609 2700 παθόντες
630 2636 822 2703 δεινὸν,
855 2637 887 2710 ἢ
926 2641 978 2692 τί
1019 2639 1196 2710 λέγειν
1232 2639 1446 2712 ἔχοντες
1475 2641 1726 2714 διαϐολῆς
1758 2642 1928 2709 ἄξιον,

345 2728 478 2799 ὁμοῦ
521 2730 615 2782 καὶ
661 2729 804 2784 κατὰ
847 2730 909 2782 τὸ
943 2731 1075 2784 αὐτὸ
1108 2732 1282 2802 κακὴν
1321 2733 1525 2803 ταύτην
1576 2733 1932 2798 συνετάξαντο

352 2819 695 2890 συμφωνίαν,
727 2818 803 2882 ὡς
853 2820 982 2888 μίαν
1034 2822 1322 2893 ἐπιϐουλὴν
1370 2823 1602 2892 ἀρτῦσαι
1657 2827 1751 2878 καὶ
1801 2827 1932 2897 μίαν

347 2910 520 2980 ἀσεϐῆ
553 2909 780 2981 γνώμην
822 2911 1212 2981 βουλεύσασθαι
1243 2912 1386 2966 κατᾶ
1418 2913 1513 2966 τοῦ
1543 2913 1648 2966 τῶν
1677 2915 1814 2968 ὅλων
1843 2915 1932 2969 δε·-

351 3000 546 3054 σπότου
580 3017 641 3052 τε
667 3001 760 3053 καὶ
791 2999 1054 3070 βασιλέως
1088 3002 1244 3075 Θεοῦ,
1271 3005 1362 3057 κα)⁸
1396 3004 1539 3057 κατὰ
1571 3003 1664 3057 τοῦ
1699 3003 1932 3076 Χριστοῦ

348 3090 544 3156 αῦτοῦ;
580 3093 642 3144 OE
677 3091 808 3159 γοῦν
849 3093 941 3146 τὸν
968 3093 1073 3146 ὑπὸ
1106 3093 1200 3147 τοῦ
1239 3095 1458 3149 πάντων
1487 3096 1692 3167 Κυρόυ
1738 3113 1797 3148 τε
1840 3097 1934 3150 καὶ

347 3183 480 3238 Θεοῦ
511 3183 921 3255 ἀπεσταλμένον
949 3185 1258 3258 ἀνθρώποις
1284 3188 1512 3259 Σωτῆρα
1549 3187 1930 3258 πολεμοῦντες,

347 3275 660 3340 ἐλαύνοντές
685 3293 745 3328 τε
771 3274 933 3329 αὐτοῦ
955 3277 1055 3348 τὴν
1082 3277 1430 3332 διδασκαλίαν
1453 3281 1546 3332 καί
1573 3279 1671 3350 τὴν
1705 3279 1934 3352 Ἐκκλη-

349 3373 468 3422 σίαν
512 3367 674 3420 αὑτοῦ
702 3368 842 3422 κατὰ
873 3368 1098 3438 χρόνους
1128 3369 1414 3434 διώκοντες
1443 3369 1684 3441 βασιλεῖς
1714 3372 1808 3424 καὶ
1837 3372 1934 3444 ἄρ-

349 3477 535 3530 χοντες
559 3460 657 3530 τῆς
693 3461 796 3532 γῆς
834 3460 1121 3532 λελήθασιν
1153 3463 1214 3516 ού
1253 3463 1412 3534 μόνον
1443 3466 1523 3528 εἰς
1554 3464 1645 3517 τὸν
1675 3462 1930 3536 Χριστὸν,

351 3552 488 3608 ἀλλὰ
516 3554 610 3606 καὶ
657 3555 737 3618 είς
779 3555 870 3608 τὸν
899 3553 1278 3610 ἀπεσταλκότα
1304 3555 1466 3610 αὐτὸν
1500 3556 1829 3621 ἐκτείνοντες
1865 3555 1935 3610 τὰ

351 3645 442 3717 τῆς
469 3644 744 3708 ἀσεϐείας.
773 3646 1006 3718 Χριστὸν
1043 3647 1140 3717 μὲν
1168 3643 1262 3702 οὖν
1289 3648 1549 3720 ὀνομαστὶ
1578 3648 1688 3703 ὑπὸ
1721 3647 1932 3721 ἀνθρὼ-

351 3753 466 3790 πων
501 3737 982 3809 ἐπιϐουλευόμενον
1024 3739 1212 3808 σαφῶς
1243 3741 1300 3794 ἐν
1342 3740 1552 3805 τούτοις
1579 3743 1607 3794 6
1643 3741 1800 3810 λόγος
1844 3739 1934 3794 θε-

351 3828 552 3892 σπίζει.
593 3827 802 3900 Προϊὼν
832 3828 886 3882 δὲ
916 3830 1012 3882 καὶ
1045 3830 1172 3884 Υίὸν
1196 3831 1288 3885 τοῦ
1319 3831 1453 3884 Θεοῦ
1477 3833 1735 3903 ὀνομάζει
1753 3850 1765 3862 ·
1799 3833 1936 3887 ἀλλὰ

351 3921 442 3972 καὶ
475 3920 675 3991 κλῆρον
699 3919 846 3991 αὐτῷ
870 3920 1018 3991 παρὰ
1050 3921 1142 3974 τοῦ
1174 3922 1386 3994 Πατρὸς
1411 3921 1730 3992 δοθήσεσθαι
1762 3927 1938 3978 πάντα

347 4011 416 4066 τὰ
455 4011 584 4082 ἔθνη
621 4011 714 4064 καὶ
755 4011 822 4064 τά
856 4012 1068 4084 πέρατα
1095 4013 1196 4083 τῆς
1231 4013 1335 4083 γῆς
1377 4012 1653 4067 διδάσκει·
1687 4015 1723 4068 ἃ
1750 4014 1812 4084 δὴ
1844 4015 1938 4068 ἐπὶ

351 4105 499 4174 μόνῳ
542 4102 620 4174 τῷ
651 4103 905 4176 ἡμετέρῳ
938 4104 1152 4176 Σωτῆρι
1190 4104 1598 4176 πεπληρωμένα
1642 4105 1933 4160 δείκνυται.

363 4193 514 4247 Ἐπεὶ
557 4193 614 4248 δέ
645 4194 903 4264 γεγόνασι
952 4194 1102 4266 παρὰ
1141 4195 1414 4260 Ἰουδαίοις
1455 4196 1548 4250 καὶ
1579 4197 1756 4268 ἕτεροι
1798 4198 1934 4268 Χρι-

353 4285 489 4348 arei,
523 4286 688 4356 ίερεϊς
714 4285 912 4357 δηλαδὴ
941 4287 1035 4340 καὶ
1067 4284 1308 4356 βασιλεῖς
1345 4285 1440 4340 τοῦ
1473 4286 1684 4351 ἔθνους,
1730 4286 1940 4357 σκοπή-

353 4393 466 4441 σεις
505 4378 600 4430 ἐπὶ
637 4378 784 4441 τίνος
821 4377 1025 4434 τούτων
1060 4379 1128 4432 τά
1159 4379 1524 4450 θεσπιζόμενα
1554 4377 1898 4450 συμϐέϐηκεν
1919 4395 1932 4408 ·

352 4467 405 4520 εἴ
422 4475 508 4531 τις
549 4467 644 4521 καὶ
667 4466 824 4532 ἄλλος
865 4467 1296 4535 ἐπιϐουλεύεται,
1331 4471 1492 4534 εἴτις
1522 4469 1648 4534 Υἱὸς
1679 4467 1814 4522 Θεοῦ
1843 4468 1937 4522 κέ-

354 4559 566 4629 κληται,
598 4559 652 4613 εἴ
692 4577 777 4624 τις
825 4559 933 4613 τῶν
964 4559 1134 4616 ἐθνῶν
1173 4561 1430 4616 ἁπάντων
1471 4561 1814 4633 κεκράτηκεν
1839 4578 1852 4592 °
1889 4560 1944 4614 εί

351 4668 435 4715 τις
489 4650 608 4704 καθ’
665 4651 796 4722 ὅλης
848 4653 1083 4724 Χριστὸς
1137 4652 1386 4724 ἐγνώσθη
1436 4653 1538 4723 τῆς
1591 4653 1936 4726 οἰκουμένης.

364 4743 500 4795 Ἀλλ’
543 4744 644 4796 οὐκ
696 4742 765 4796 ἂν
805 4743 919 4813 ἔχοι
955 4762 1040 4808 τις
1075 4747 1249 4800 εἰπεῖν
1275 4763 1288 4776 ·
1343 4745 1502 4815 μόνος
1535 4745 1646 4818 γάρ
1679 4749 1707 4800 6
1748 4744 1938 4816 Σωτὴρ

353 4834 511 4904 ἡμῶν
558 4834 762 4905 Ἰησοῦς
796 4837 1030 4908 Χριστὸς
1063 4837 1162 4908 τῆς
1200 4837 1406 4902 οἰκείας
1436 4837 1809 4910 προσηγορίας
1848 4837 1940 4890 τὸν

353 4925 646 4996 σύμπαντα
691 4928 1001 5001 κατέπλησε
1045 4929 1267 5001 κόσμον,
1305 4929 1646 5002 Χριστιανῶν
1679 4929 1738 4996 ἐξ
1773 4925 1937 4982 αὐτοῦ

2105 1085 2270 1143 Vens.
2310 1087 2362 1141 2.
2402 1087 2694 1142 Asliterunt
2718 1103 2859 1157 reges
2890 1095 3078 1149 terra,
3109 1093 3158 1140 et
3191 1084 3454 1156 principes
3482 1100 3632 1140 con-4

2033 1189 2282 1234 venerunt
2319 1181 2378 1234 in
2419 1196 2620 1244 unum,
2658 1177 2916 1234 adversus
2953 1177 3238 1232 Dominum
3268 1186 3318 1232 et
3355 1176 3608 1232 adversus

2031 1269 2302 1324 Christum
2323 1269 2457 1339 ejus.
2486 1268 2737 1324 Salvator
2775 1267 3089 1324 hominibus
3117 1267 3336 1324 advenit
3356 1266 3609 1324 Christus

2032 1361 2168 1428 Dei;
2205 1359 2475 1426 Salvator,
2507 1362 2750 1432 inquam,
2775 1367 2830 1414 et
2876 1361 3148 1415 luminare
3193 1359 3448 1431 gentibus
3486 1361 3612 1414 uni-

2033 1451 2204 1508 versis
2225 1492 2240 1518 ,
2271 1452 2465 1508 doctor
2490 1451 2740 1523 pietatis,
2775 1459 2966 1506 auctor
3002 1451 3406 1520 temperantiae,
3440 1450 3610 1522 justi-

2035 1543 2123 1598 tiae
2157 1543 2390 1599 antistes
2412 1583 2426 1608 ,
2457 1544 2704 1598 omnium
2733 1542 3001 1598 virtutum
3036 1557 3102 1596 ae
3135 1541 3334 1597 divinae
3363 1557 3623 1612 verzeque

2032 1633 2364 1703 cognitionis
2394 1647 2584 1688 causa.
2626 1632 2738 1687 Cur
2765 1649 2934 1704 ergo,
2979 1633 3190 1704 inquit,
3233 1648 3333 1704 pro
3374 1641 3453 1688 tot
3491 1641 3612 1686 tan-

2035 1732 2326 1794 torumque
2357 1725 2630 1780 honorum
2662 1724 2902 1779 adventu
2936 1732 3129 1796 gentes
3165 1725 3616 1780 tumultuantur?

2037 1815 2094 1870 Si
2128 1814 2175 1870 is
2209 1814 2432 1871 advenit
2467 1815 2563 1885 qui
2599 1812 2804 1885 Moysis
2835 1814 3008 1884 legem
3043 1815 3233 1886 implet
3266 1831 3331 1869 ac
3363 1815 3611 1884 perlicit,

2036 1915 2096 1964 ut
2134 1907 2251 1978 ipse
2286 1907 2529 1963 declarat
2573 1907 2658 1961 his
2700 1908 2882 1962 verbis
2920 1924 2935 1963 :
2966 1906 3092 1960 Non
3133 1909 3250 1962 veni
3294 1907 3494 1962 solvere
3525 1908 3608 1963 le-

2033 2014 2184 2070 gem,
2219 1996 2310 2052 sed
2342 1996 2628 2066 adimplere
2660 1999 2705 2066 7',
2750 1999 2796 2054 si
2845 2013 2940 2068 per
2989 1997 3168 2068 ipsum
3208 1997 3434 2052 oracula
3486 2013 3619 2068 pro-

2037 2091 2325 2162 phetarum
2361 2090 2521 2145 tinem
2556 2098 2714 2145 nacta
2749 2099 2880 2145 sunt
2911 2108 2925 2151 ;
2957 2089 3088 2160 quid
3121 2105 3306 2145 causa:
3331 2098 3418 2145 est
3446 2103 3547 2145 cur
3575 2089 3614 2144 ii

2035 2181 2130 2252 qui
2164 2183 2280 2238 haec
2311 2181 2674 2244 meditantur,
2707 2182 2824 2238 haec
2859 2183 2914 2237 in
2957 2197 3053 2237 ore
3099 2181 3244 2238 ferre
3274 2188 3624 2254 procurant,

2033 2273 2250 2330 Judaici
2281 2273 2536 2331 videlicet
2568 2275 2794 2346 populi,
2821 2290 3017 2329 vanam
3051 2274 3320 2331 adversus
3346 2289 3472 2331 eum
3503 2291 3619 2331 ine-

2037 2368 2357 2424 ditationem
2387 2375 2442 2424 et
2469 2383 2656 2423 curam
2687 2367 3082 2440 susceperint?
3113 2366 3227 2423 lmo
3256 2383 3387 2424 vero
3418 2367 3620 2440 princi-

2038 2476 2135 2532 pes
2163 2460 2404 2531 gentium
2437 2475 2534 2530 per
2567 2461 2892 2516 universum
2925 2461 3115 2516 orbem
3139 2501 3155 2524 ,
3183 2467 3240 2515 et
3271 2475 3426 2532 reges
3458 2468 3619 2515 terras

2039 2551 2133 2622 qui
2167 2551 2336 2607 variis
2367 2551 2708 2622 temporibus
2739 2551 3082 2608 dominatum
3123 2552 3413 2609 obtinuere
3433 2593 3449 2616 ,
3482 2553 3615 2624 quid

2038 2658 2204 2714 grave
2245 2643 2524 2714 perpessi,
2566 2659 2801 2712 quamve
2841 2645 3216 2700 calumniandi
3259 2653 3313 2700 et
3355 2646 3626 2716 querendi

2038 2748 2260 2788 causam
2307 2732 2610 2799 habentes,
2655 2749 2765 2787 una
2813 2749 3006 2794 omnes
3048 2737 3105 2790 in
3140 2737 3282 2793 hanc
3314 2735 3622 2808 improbam

2039 2825 2390 2881 concordiam
2425 2825 2644 2880 adducti
2677 2833 2827 2890 sunt,
2859 2835 2916 2900 ut
2965 2826 3196 2882 insidias
3232 2827 3398 2884 simul
3439 2836 3621 2885 strue-

2040 2925 2194 2980 rent,
2229 2916 2572 2986 impiumque
2603 2915 2900 2970 consilium
2949 2915 3152 2971 inirent
3193 2916 3456 2973 adversus
3495 2916 3622 2972 uni-

2039 3023 2258 3064 versum
2311 3006 2597 3062 dominum
2646 3022 2711 3060 ac
2757 3021 2938 3078 regem
2989 3007 3200 3074 Deum,
3251 3015 3307 3062 et
3355 3005 3622 3064 adversus

2039 3099 2319 3156 Christum
2351 3099 2472 3168 ejus
2493 3097 2568 3153 ?li
2601 3113 2732 3170 ergo
2759 3099 2855 3169 qui
2889 3097 3152 3154 adversus
3169 3097 3530 3165 Salvatorem,
3553 3101 3623 3155 ab

2041 3192 2284 3248 omnium
2318 3189 2551 3246 Domino
2590 3205 2654 3258 ac
2694 3188 2806 3245 Deo
2835 3190 3151 3246 hominibus
3180 3191 3408 3247 missum
3429 3232 3446 3258 ,
3480 3191 3622 3247 bella

2039 3291 2363 3354 gesserunt,
2413 3283 2618 3353 quique
2663 3282 2970 3336 doctrinam
3017 3281 3140 3352 eius
3174 3281 3422 3338 insectati
3453 3288 3622 3342 sunt,

2043 3373 2454 3446 Ecelesiamque
2487 3373 2726 3430 diversis
2766 3374 3108 3444 temporibus
3133 3383 3434 3439 vexarunt,
3465 3387 3625 3444 reges

2041 3466 2302 3522 nimirum
2344 3479 2409 3518 ac
2449 3465 2726 3534 principes
2767 3471 2958 3528 terrae,
2995 3464 3385 3534 ignoraverunt
3414 3465 3474 3518 s'e
3506 3478 3617 3516 non

2041 3557 2202 3613 modo
2233 3562 2426 3612 contra
2455 3554 2770 3620 Christum,
2808 3553 2903 3609 sed
2933 3553 3097 3608 etiam
3127 3551 3394 3608 adversus
3424 3566 3552 3608 eum
3587 3566 3621 3605 a

2039 3665 2150 3720 quo
2195 3648 2400 3704 missus
2431 3645 2685 3703 Christus
2737 3653 2858 3706 est.
2917 3643 3251 3715 impietatem
3299 3627 3618 3698 extendisse

2039 3755 2216 3798 suam.
2242 3739 2518 3795 Christum
2548 3737 2715 3810 igitur
2740 3737 3061 3793 nominatim
3089 3735 3302 3793 insidiis
3335 3735 3620 3791 hominum

2038 3831 2340 3902 appetitum
2364 3871 2380 3896 ,
2415 3837 2602 3900 aperte
2637 3831 2742 3886 hoc
2776 3829 2833 3884 in
2865 3828 3126 3884 vaticinio
3168 3842 3488 3898 expressum
3527 3825 3622 3881 ha-

2038 3923 2232 3978 bemus
2255 3939 2272 3988 ;
2295 3923 2349 3977 in
2375 3922 2730 3992 sequentibus
2755 3931 2937 3978 autem
2954 3919 3127 3977 Filius
3143 3919 3236 3976 Dei
3268 3921 3620 3984 nominatur;

2041 4015 2134 4068 sed
2181 4012 2344 4067 etiam
2384 4013 2648 4068 docemur
2691 4019 2881 4082 gentes
2924 4026 3118 4066 omnes
3164 4011 3410 4081 ﬁnesque
3457 4017 3622 4067 terra:

2041 4104 2098 4158 in
2129 4104 2500 4158 hacreditatem
2535 4102 2639 4172 ipsi
2671 4115 2702 4154 a
2728 4099 2893 4155 Patre
2915 4101 3206 4157 donandos
3233 4119 3246 4154 :
3279 4116 3403 4172 quae
3433 4103 3621 4158 omnia

2041 4195 2098 4249 in
2134 4207 2245 4248 uno
2281 4191 2564 4246 Salvatore
2595 4199 2786 4246 nostro
2817 4191 3087 4260 completa
3119 4205 3242 4246 esse
3271 4189 3620 4246 demonsua-

2040 4294 2152 4341 tur.
2209 4283 2348 4351 Quia
2390 4299 2525 4340 vero
2569 4282 2716 4356 apud
2757 4281 2977 4338 Judaros
3021 4281 3114 4336 alii
3163 4280 3370 4336 Christi
3429 4280 3616 4348 fuere,

2042 4375 2361 4434 sacerdotes
2385 4373 2639 4430 videlicet
2663 4380 2718 4429 et
2745 4387 2902 4446 reges
2927 4373 3112 4446 gentis
3137 4372 3320 4441 illius;
3346 4373 3621 4445 perpende

2041 4469 2210 4532 mihi,
2236 4481 2443 4538 quaeso,
2467 4466 2556 4520 cui
2585 4481 2800 4531 eorum,
2833 4465 3033 4536 quaein
3059 4464 3322 4521 vaticinio
3345 4463 3618 4532 feruntur,

2041 4559 2358 4630 contigere:
2396 4573 2526 4612 num
2561 4557 2687 4628 quis
2729 4557 2871 4612 alius
2920 4556 3142 4614 insidiis
3188 4553 3462 4628 appetitus
3504 4557 3616 4622 sit;

2043 4668 2174 4706 num
2211 4651 2334 4722 quis
2367 4649 2538 4705 Filius
2570 4647 2662 4704 Dei
2695 4649 2979 4717 audierit;
3029 4664 3162 4704 num
3203 4651 3330 4720 quis
3363 4649 3618 4720 gentibus

2041 4741 2317 4797 universis
2349 4739 2674 4810 imperarit;
2711 4754 2842 4794 num
2877 4739 3002 4809 quis
3033 4754 3131 4809 per
3173 4739 3490 4794 universum
3527 4754 3621 4794 or-

2042 4835 2164 4890 bem
2197 4843 2254 4888 ut
2285 4833 2540 4888 Christus
2573 4831 2794 4886 habitus
2829 4829 3014 4886 fuerit.
3064 4828 3170 4884 Sed
3207 4829 3480 4886 neminem
3513 4830 3618 4885 hu-

2042 4925 2288 4996 iusmodi
2330 4925 2604 4996 quispiam
2661 4921 2908 4995 proferre
2951 4921 3167 4988 valeat;
3201 4921 3354 4977 solus
3384 4937 3620 4992 namque

355 5019 534 5073 πᾶσαν
583 5019 684 5090 τὴν
731 5022 1054 5092 οἰκουμένην
1106 5020 1422 5094 πληρώσας,
1487 5023 1582 5079 καὶ
1639 5025 1733 5077 ἐπὶ
1787 5023 1931 5094 μόνῳ

2045 5017 2294 5072 Salvator
2311 5023 2496 5070 noster
2510 5011 2672 5070 Iesus
2687 5012 2938 5068 Christus
2961 5051 2976 5077 ,
3008 5011 3113 5066 hoc
3154 5027 3256 5066 suo
3287 5012 3506 5066 nomine
3534 5020 3617 5064 to-

353 5109 502 5182 αύτῷ
527 5110 755 5174 ἕκαστος
779 5111 888 5166 τῶν
913 5113 1220 5184 εἰρημένων
1251 5115 1437 5180 τέλους
1468 5117 1674 5188 ἔτυχεν.

2049 5117 2162 5164 tum
2195 5106 2510 5176 adimplevit
2545 5105 2753 5172 orbem,
2786 5103 2914 5158 dum
2931 5101 3258 5157 Christianis
3277 5115 3380 5156 suo
3395 5101 3614 5154 nomine

351 5204 434 5259 sic
447 5205 655 5261 vocatis
671 5205 981 5262 universam
1013 5215 1213 5263 terram
1253 5211 1476 5280 replevit
1506 5229 1519 5264 :
1543 5221 1706 5278 atque
1736 5209 1792 5264 in
1822 5210 1926 5264 hoc
1955 5206 2074 5264 solo
2101 5217 2224 5274 quas
2249 5201 2392 5258 dicta
2417 5206 2546 5256 sunt
2562 5197 2744 5254 omnia
2771 5196 2840 5252 ad
2875 5195 3168 5252 terminum
3197 5194 3430 5250 deducta
3463 5204 3610 5248 sunt.

972 5325 1308 5395 Διάψαλμα.

423 5431 497 5485 Τὸ
521 5431 799 5504 διάψαλμα
815 5432 968 5504 παρὰ
993 5437 1104 5500 τοῖς
1132 5436 1533 5510 Ἐϐδομήκοντα
1575 5441 1775 5501 κεῖται,
1805 5441 1932 5494 οὐκ·

350 5523 432 5578 ἑτι
466 5523 523 5577 δὲ
574 5524 727 5597 παρὰ
789 5524 1102 5580 Θεοδοτίωνι
1146 5529 1241 5582 καί⁸
1285 5529 1588 5602 Συμμάχῳ.
1635 5531 1826 5585 Καίτοι
1867 5548 1932 5600 γε

353 5610 575 5666 εἱὼοασι
628 5613 886 5678 πολλάκις
928 5615 1164 5687 χρῆσθαι
1205 5619 1272 5690 τῇ
1319 5615 1461 5684 λέξει
1507 5618 1684 5694 ταύτῃ
1727 5621 1932 5691 ὁμοίως

349 5704 462 5766 τοῖς
501 5704 924 5776 Ἑϐδομὴκοντα.
961 5706 1052 5761 Διὸ
1100 5708 1267 5772 εἰκὸς,
1293 5713 1342 5764 εἰ
1387 5711 1482 5764 καὶ
1527 5711 1587 5765 τὸ
1641 5713 1931 5785 πρόσωπον

425 5861 444 5893 τ
490 5860 674 5916 Matth.
713 5880 760 5929 ιι,
807 5863 890 5918 17.

2657 5307 2994 5378 Diapsaima.

2107 5423 2170 5480 In
2222 5422 2581 5497 Septuaginta
2628 5421 3024 5492 lnterpretibus
3057 5419 3226 5476 cadest
3273 5419 3610 5490 diapsalma,

2037 5518 2134 5574 sed
2153 5532 2267 5573 non
2285 5517 2428 5588 apud
2451 5515 2879 5572 Theodotionem
2895 5521 2951 5570 et
2969 5511 3382 5586 Symmachum,
3395 5511 3612 5567 etiamsi

2038 5612 2144 5683 ipsi
2177 5611 2501 5683 plerumque
2531 5608 2636 5663 hac
2667 5622 2802 5663 voce
2839 5607 3168 5666 uti.soleant
3195 5603 3420 5676 perinde
3447 5611 3612 5674 atque

2043 5705 2402 5779 Septuaginta
2432 5701 2781 5774 lnterpretes.
2813 5699 3182 5773 Quapropter,
3215 5699 3320 5757 etsi
3361 5698 3452 5754 hic
3486 5713 3610 5768 per-
