4096 6390
563 332 633 380 ηδ
1270 321 1535 385 unseen
1563 329 2038 396 CmSAttIENSIS
2073 344 2098 397 (

2200 354 2218 395 ’.
2257 344 2436 400 ΡΜίὸ
2476 350 2560 403 ΙΙΙ.
2599 380 2668 394 -
2705 353 3116 414 ΕΧΕϐΕΤΙΟΑ.
3719 368 3785 417 δι

560 435 749 479 sonam
773 419 1082 485 mutaverit,
1108 436 1207 492 par
1230 427 1330 478 luit
1354 428 1603 482 eumdem
1630 432 1867 488 musices
1896 436 2098 490 modun

2221 441 2613 513 μεταϐέό).τ;κε,
2629 446 2719 497 τὸν
2739 462 2993 516 μουσικον
3010 452 3107 519 ρυθ
3114 463 3212 519 μον
3232 451 3573 522 τεηρεῖσθαι
3590 453 3786 525 (1),καὶ

557 510 784 573 servari,
832 518 996 581 atque
1023 511 1169 575 {ideo
1214 529 1244 567 a
1287 514 1655 574 Theodotione
1693 529 1747 576 et
1797 522 2119 595 Symmacho

554 616 662 656 non
693 601 930 671 positum
959 601 1131 665 fuisse
1150 604 1448 675 diapsalma
1482 609 1711 666 videtur.
1742 611 2118 684 Dirumpamiu

551 694 761 747 vincula
801 709 1003 759 eorum,
1050 705 1099 749 et
1127 696 1467 765 proﬁciamus
1503 717 1537 753 a
1576 702 1723 756 nobis
1754 703 1945 775 jugum
1978 709 2117 777 ipso-

550 800 687 839 rum.
743 783 848 853 Qui
894 784 1101 839 habitat
1145 788 1200 840 in
1246 788 1390 843 oculis
1449 791 1689 846 irridebit
1734 810 1862 859 eos,
1919 807 1969 851 et
2009 798 2120 851 Do-

551 878 726 929 minus
782 876 1127 933 subsannabit
1171 897 1279 935 eos.
1329 880 1529 939 Primis
1566 886 1817 944 versibus
1859 890 1953 959 qui
1995 899 2118 948 ante

548 963 847 1033 diapsalma
881 967 973 1021 siti
1001 976 1179 1035 erant,
1210 979 1466 1041 putamus
1511 974 1677 1031 hosce
1715 992 1934 1049 quoque
1965 980 2116 1052 adje-

549 1061 666 1107 ctos
700 1052 892 1110 fuisse.

622 1142 785 1199 Vens.
818 1147 872 1200 5.
915 1146 1301 1216 Dirumpamus
1334 1153 1541 1207 vincula
1567 1171 1773 1222 eorum,
1797 1170 1845 1211 et
1863 1159 2116 1228 projicia—

548 1250 664 1287 mus
693 1252 726 1288 α
753 1237 902 1291 nobis
921 1239 1113 1309 jugum
1142 1243 1395 1312 ipsorum.
1427 1244 1631 1301 Gentes
1651 1249 1887 1304 vinculis
1918 1267 2113 1319 pecca-

547 1333 724 1377 torum
764 1341 993 1381 suorum
1017 1332 1353 1394 constricta).
1396 1349 1572 1404 neque
1604 1336 1805 1401 liberae,
1841 1340 1956 1394 suis
1984 1341 2114 1409 ipsa:

545 1414 706 1470 malis
734 1417 1082 1488 colligantur.
1106 1421 1304 1491 Aitque
1328 1424 1605 1491 Christus,
1635 1429 1750 1482 sive
1773 1432 1977 1500 angelis
2008 1434 2109 1487 sibi

544 1507 1007 1575 ministrantibus,
1046 1512 1161 1567 sive
1206 1512 1353 1568 Patri
1381 1524 1435 1569 et
1465 1516 1685 1586 Spiritui
1740 1532 1949 1581 sancto.
1994 1525 2110 1579 sive

544 1599 707 1654 tertio
738 1603 1003 1670 apostolis
1051 1607 1168 1659 suis
1202 1614 1256 1660 et
1295 1604 1570 1676 Evangelii
1607 1612 1966 1678 praeconibus,
2016 1631 2110 1668 co-

2220 530 2309 583 διὰ
2332 531 2488 585 τοῦτο
2523 536 2595 604 μὴ
2627 536 3067 605 προστεθεικέναι
3092 539 3153 591 τὸ
3183 539 3458 612 διάψαλμα
3481 543 3571 596 τὸν
3602 543 3786 600 Θεοδιμ

2217 622 2386 676 τίωνα
2428 625 2522 679 καὶ
2570 626 2662 679 τὸν
2711 628 3026 698 Σύμμαχον.
3072 632 3483 701 dirigi]???wa
3512 636 3653 702 τοὺς
3687 637 3783 691 δε-

2218 713 2412 781 σμοὺς
2452 715 2669 782 αὐτῶν,
2711 720 2809 772 καί
2850 720 3269 790 ἀπορῤίψωμεν
3314 724 3413 792 ἀφ’
3460 725 3629 795 ἡμῶν
3677 726 3785 782 τὸν

2219 803 2397 873 ζυγὸν
2426 805 2640 861 αὐτῶν.
2693 810 2756 863 '0
2783 811 3074 865 κατοικῶν
3126 814 3197 865 ἐν
3231 815 3505 881 στεφανοῖς
3538 818 3782 887 ἐκγελά-

2220 908 2389 949 σεται
2427 898 2669 965 αὐτοὺς,
2704 901 2804 953 καί
2829 905 2861 955 ό
2890 904 3102 970 Κύριος
3126 905 3509 975 ἐκμυκτηριεῖ
3540 911 3779 976 αὐτούς.

2219 986 2362 1057 Πρὸς
2387 990 2513 1052 τοὺς
2546 990 2794 1062 πρώτους
2824 994 3035 1063 στίχους
3063 996 3189 1061 τοὺς
3223 998 3329 1069 πρὸ
3355 998 3446 1051 τοῦ
3474 999 3775 1072 διαψάλμα-

2216 1093 2306 1140 τος
2335 1078 2612 1149 ἡγούμεθα
2645 1082 2865 1146 τούτους
2893 1085 3253 1140 ἀποδίδοσθαι.

2286 1170 2699 1240 Διαῤῥήξωμεν
2746 1173 2887 1240 τοὺς
2921 1176 3181 1244 δεσμοὺς
3217 1178 3435 1242 αὐτῶν,
3466 1180 3563 1234 καί
3596 1181 3782 1252 duob-

2207 1261 2480 1331 ρἰωμεν
2502 1263 2601 1331 ἀφ’
2622 1264 2789 1334 ἡμῶν
2815 1266 2922 1319 τὸν
2952 1265 3131 1335 ζυγὸν
3159 1267 3372 1323 αὐτῶν.
3395 1269 3476 1324 Τά
3497 1270 3643 1342 ἔθνη,
3672 1289 3782 1327 σει-

2216 1354 2337 1423 ραῖς
2380 1353 2487 1406 τῶν
2525 1353 2677 1407 ίδὶων
2720 1356 3002 1428 ἁμαρτιῶν
3036 1359 3374 1429 σφιγγόμενα
3403 1361 3497 1415 καὶ
3522 1363 3621 1416 οὐκ
3651 1362 3779 1418 ὅντα

2213 1444 2495 1516 ἐλεύθερα,
2547 1446 2755 1501 δέδεται
2802 1452 2914 1513 τοίς
2960 1450 3108 1514 ἰδίοις
3149 1452 3328 1504 αὐτῶν
3375 1450 3596 1517 κακοῖςί
3627 1455 3721 1509 καὶ
3748 1457 3780 1510 ὁ

2210 1532 2443 1601 Χριστός
2486 1550 2669 1604 φησιν,
2722 1536 2839 1606 ἦτοι
2890 1541 3026 1607 προς
3055 1540 3176 1603 τοὺς
3226 1541 3603 1605 διακονοῦντας
3629 1542 3779 1615 αὐτῷ

2211 1622 2491 1690 ἀγγέλους,
2514 1624 2547 1695 ἦ
2572 1626 2705 1694 πρὸς
2727 1626 2816 1679 τὸν
2843 1628 3061 1700 Πατέρα
3082 1631 3257 1684 καὶτὸ
3281 1630 3503 1703 Πνεῦμα
3521 1634 3582 1686 τὸ
3602 1634 3775 1701 ἅγιον,

544 1688 771 1746 hortans
797 1707 893 1746 eos
922 1695 986 1749 ad
1011 1696 1268 1750 solvenda
1291 1697 1761 1771 dirumpendaque
1790 1703 2098 1773 hujusmodi

2210 1713 2243 1783 ἢ
2281 1688 2462 1784 τρίτον
2488 1688 2627 1780 τοὺς·
2658 1688 3004 1785 ἀποστόλους¹
3030 1723 3123 1776 καὶ
3156 1688 3441 1794 ὑπηρέτας
3477 1725 3569 1778 τοῦ
3601 1726 3776 1795 Εὐαγ-

545 1778 801 1834 vincula:
831 1781 1212 1853 Dirumpamus
1264 1786 1472 1840 uincula
1524 1805 1727 1844 eorum.
1769 1791 1961 1862 Populi
2012 1812 2098 1850 au-

2212 1805 2411 1875 γελίου,
2447 1808 2775 1877 παρακαλῶν
2820 1811 3018 1875 αὐτοὺς

542 1876 649 1922 tem
703 1870 796 1940 qui
846 1873 946 1927 sub
989 1873 1123 1942 jugo
1174 1877 1308 1947 legis
1354 1885 1715 1952 corporaliter
1753 1884 2103 1953 detinentur;

539 1959 698 2027 cujus
723 1961 1091 2032 despicienda:
1121 1979 1314 2024 auctor
1344 1972 1462 2042 ipse
1491 1983 1598 2037 est,
1640 1981 1827 2043 utpote
1859 1990 1979 2045 quae
2009 1977 2107 2029 in-

536 2051 727 2106 stituta
780 2068 846 2107 ac
885 2066 1158 2126 praecepta
1198 2076 1308 2115 non
1364 2064 1508 2118 bona
1554 2067 1968 2137 complectatur,
2009 2085 2106 2139 per

533 2142 811 2198 Lhristum
838 2146 1059 2202 adducti
1076 2149 1145 2203 ad
1169 2150 1340 2222 legem
1359 2155 1723 2227 spiritualcm,
1752 2157 2015 2214 institutis
2039 2175 2104 2214 ac

533 2236 819 2307 praeceptis
868 2236 1029 2292 bonis
1064 2239 1409 2311 instructam,
1462 2262 1628 2317 grave
1675 2251 1978 2307 occidentis
2013 2253 2106 2307 lit-

534 2334 665 2378 terae
688 2325 882 2396 jugum
915 2328 1218 2399 deponunt,
1247 2332 1530 2393 Salvatore
1561 2342 1847 2409 praedictos
1877 2345 2101 2398 commi-

535 2415 745 2471 nistros
779 2432 910 2473 suos
938 2420 1018 2474 sic
1059 2425 1422 2493 compellante
1448 2446 1461 2481 :
1488 2428 1846 2498 Projiciamus
1889 2451 1921 2487 a
1953 2435 2099 2488 nobis

528 2504 717 2574 iugum
757 2509 1010 2576 ipsorum.
1042 2512 1177 2567 Illud
1212 2524 1415 2581 autem,
1445 2535 1478 2571 a
1519 2520 1688 2583 nobis,
1719 2523 1797 2576 sic
1841 2525 2099 2594 explicari

533 2604 732 2664 potest.
795 2598 977 2670 Ipsum
1024 2607 1217 2674 procul
1266 2622 1297 2661 a
1343 2610 1500 2665 nobis
1546 2613 1898 2679 abjiciamus,
1962 2618 2098 2671 nihil

530 2697 854 2747 cunctantes
884 2709 1059 2763 neque
1082 2698 1216 2752 moti
1244 2701 1637 2770 supplicatione
1663 2720 1852 2758 eorum
1876 2707 1970 2776 qui
2003 2708 2099 2763 illo

528 2779 702 2859 ﬁngo]
736 2794 1056 2842 onerantur.
1092 2788 1465 2863 Hacquoque
1494 2797 1707 2853 ratione
1742 2797 1896 2864 illud,
1929 2816 1962 2853 a
2003 2817 2099 2852 no-

527 2872 629 2940 bis,
678 2874 980 2948 intelligere
1030 2880 1183 2937 licet.
1240 2881 1352 2954 Ego
1389 2884 1504 2954 ipse
1557 2887 1649 2957 qui
1702 2903 1825 2942 cum
1882 2892 2097 2960 populis

525 2977 667 3016 vana
708 2964 1100 3025 meditantibus
1131 2987 1323 3028 versor
1367 2988 1432 3029 ac
1468 2979 1631 3029 vitam
1672 2992 1794 3045 ago,
1838 2979 1941 3033 sub
1965 2980 2097 3051 jugo

527 3068 719 3108 eorum
763 3069 905 3124 sum,
951 3068 1141 3131 utpote
1190 3063 1571 3122 circumcisus.
1638 3067 1710 3121 Et
1752 3070 2096 3137 proficiamus

3061 1815 3154 1866 ἐπὶ
3196 1815 3286 1868 τὸν
3313 1815 3653 1886 διασπασμὸν
3682 1819 3775 1871 καὶ

2211 1893 2306 1963 τὴν
2327 1892 2605 1965 διάρρηξιν
2628 1898 2825 1963 αὐτῶν,
2842 1900 2920 1952 τό·
2936 1901 3345 1972 Διαῤῥήξωμεν
3364 1905 3503 1971 τοὺς
3517 1905 3777 1975 δεσμοὺς

2210 1984 2424 2039 αὐτῶν.
2461 1988 2524 2040 Oi
2565 1987 2621 2040 δὲ
2668 1988 2806 2054 λαοὶ,
2855 1990 2960 2044 ὑπὸ
3001 1994 3092 2045 τὸν
3139 1992 3297 2062 ζυγὸν
3331 1997 3654 2066 σωματικῶς
3680 1997 3773 2051 τοῦ

2209 2077 2374 2147 νόμου
2427 2079 2807 2150 τυγχάνοντες,
2861 2078 2923 2137 οῦ
2977 2083 3215 2138 διδάσκει
3270 2091 3646 2158 καταφρονεῖν,
3697 2088 3776 2153 ὡς

2211 2169 2555 2239 περιέχοντος
2585 2170 2926 2244 δικαιώματα
2968 2176 3029 2227 οὐ
3057 2176 3217 2242 καλά,
3247 2179 3340 2230 καὶ
3378 2181 3773 2250 προστάγματα

2208 2261 2267 2312 οὐ
2300 2261 2457 2327 καλὰ,
2496 2266 2890 2337 προσαγόμενοι
2914 2267 3001 2321 διὰ
3024 2268 3118 2321 τοῦ
3150 2270 3385 2340 Χριστοῦ
3417 2271 3495 2341 τῷ
3532 2289 3773 2343 πνευμα-

2208 2353 2345 2424 τικῷ
2375 2356 2522 2426 νόμῳ
2562 2357 2735 2427 ἔχοντι
2776 2358 2843 2412 τά
2874 2359 3012 2412 καλὰ
3039 2360 3379 2431 δικαιώματα
3417 2361 3511 2415 καὶ
3539 2363 3774 2434 προστά-

2208 2460 2391 2514 γματα
2418 2448 2578 2511 καλὰ,
2608 2449 2949 2504 ἀποτίθενται
2980 2451 3071 2504 τὸν
3104 2451 3274 2523 βαρὺν
3304 2452 3398 2505 τοῦ
3430 2454 3772 2508 ἀποκτείνον-

2205 2553 2296 2600 τος
2327 2539 2645 2610 γράμματος
2672 2543 2853 2610 ζυγὸν,
2885 2542 2977 2596 τοῦ
3021 2544 3272 2616 Σωτῆρος
3304 2546 3601 2615 φάσκοντος
3636 2546 3772 2617 πρὸς

2204 2629 2331 2691 τοὺς
2387 2632 2815 2702 προειρημένους
2862 2634 3156 2704 συνεργοὺς
3196 2634 3277 2697 τὸ,
3336 2636 3771 2709 ’Λπςρῤίψωμεν

2203 2720 2303 2788 ἄρ’
2350 2720 2518 2790 ἡμῶν
2564 2722 2668 2774 τὸν
2713 2722 2889 2793 ζυγὸν
2933 2723 3153 2782 αὐτῶν.
3204 2725 3276 2778 Tb
3324 2725 3399 2790 δὲ,
3428 2727 3529 2794 ἀφ’
3579 2725 3766 2795 ἡμῶν,

2203 2811 2420 2866 δύναται
2451 2813 2689 2867 τοιοῦτον
2720 2811 2881 2869 εἶναι·
2936 2816 3052 2886 Ἀφ’
3093 2817 3298 2870 ἑαυτῶν
3332 2819 3644 2888 ποιήσωμεν
3692 2818 3768 2891 μὴ

2205 2904 2615 2972 περιμείναντες
2657 2905 2755 2976 τὴν
2784 2905 2964 2976 δέησιν
2987 2906 3095 2959 τῶν
3137 2906 3505 2977 βαρουμένων.
3538 2908 3766 2966 Λύκα-ται

2202 2992 2257 3045 δὲ
2287 2992 2367 3054 τὸ,
2398 2995 2499 3061 ἀφ’
2537 2993 2723 3063 ἡμῶν.
2774 2998 2867 3048 καὶ
2906 2996 3047 3049 οὕτω
3095 2997 3367 3051 νοεῖσθαι·
3402 2999 3573 3070 Κάγὼ
3618 3003 3766 3073 παρὰ

2202 3086 2311 3145 τοῖς
2355 3083 2499 3147 λαοῖς
2540 3088 2653 3149 τοῖς
2698 3086 2958 3157 μελετῶσι
2996 3087 3063 3143 τά
3111 3086 3241 3142 κενὰ
3286 3092 3646 3162 γεγενημένος
3671 3093 3765 3144 καὶ

514 3154 710 3226 jugum
734 3153 987 3221 ipsorum,
1027 3154 1081 3208 id
1111 3163 1197 3210 est
1245 3171 1275 3209 a
1312 3171 1400 3212 me
1448 3166 1501 3212 et
1547 3160 1614 3214 ab
1656 3160 1725 3216 iis
1753 3135 1847 3232 qui
1884 3178 2096 3218 mecum

2292 3135 2308 3145 δ’
2393 3135 2401 3136 '
2480 3135 2495 3147 υ
2554 3135 2649 3149 “"
2698 3135 2957 3157 r‘""'""
3008 3135 3062 3143 “”
3113 3135 3241 3142 ’⁷⁷⁷⁷⁷
3298 3135 3642 3162 ινΔ“-ΊΓ“”’
3673 3135 3762 3144 ”“”’“

2200 3176 2634 3247 ἀνατρεφόμενος
2658 3178 2765 3230 ὑπὸ
2793 3179 2885 3231 τὸν
2930 3179 3092 3247 ζυγόν
3123 3183 3237 3253 είμι
3268 3182 3446 3235 αὐτῶν
3492 3199 3762 3254 περιτμη-

531 3249 916 3333 οοηεοηιὶιιηι,
946 3259 1001 3307 et
1029 3253 1224 3324 legem,
1265 3271 1387 3326 qua:
1434 3259 1663 3315 salutem
1703 3261 1925 3318 minime
1967 3280 2099 3319 con-

530 3336 660 3405 fert,
693 3342 852 3411 quasi
883 3342 1254 3401 conferentem
1279 3347 1591 3404 observant.
1630 3350 1754 3408 Sive
1777 3354 1879 3409 hoc
1900 3356 2091 3413 modo:

528 3431 657 3499 quia
680 3432 1015 3489 arbitramur
1050 3437 1365 3509 impositum
1411 3441 1571 3497 nobis
1621 3458 1761 3501 onus
1788 3446 1919 3502 illud
1951 3463 2093 3514 esse,

521 3522 713 3598 ιΙιαιίςιιιη
735 3523 980 3595 ipsorum
1014 3528 1389 3598 projiciamus.
1415 3530 1571 3588 Hunc
1592 3536 1736 3590 enim
1759 3536 2010 3592 affectum
2038 3540 2093 3594 in

524 3611 747 3667 Christo
775 3629 897 3669 esse
934 3615 1205 3673 afﬁrmare
1229 3620 1516 3688 audemus,
1548 3624 1619 3679 ob
1648 3626 1820 3695 ipsius
1841 3643 1968 3699 erga
1998 3644 2094 3685 eos

525 3703 618 3779 qti
647 3704 780 3774 jugo
802 3707 1191 3776 opprimuntur
1213 3710 1535 3768 charitatem
1560 3733 1575 3782 ;
1603 3719 1780 3785 qualis
1802 3720 1964 3775 etiam
1997 3708 2115 3775 ha;

531 3797 693 3851 betur
751 3796 807 3853 in
858 3800 1114 3857 omnibus
1169 3803 1543 3862 misericordia:
1582 3809 1727 3878 viris,
1777 3814 1867 3882 qui
1915 3814 2091 3870 aliena

527 3896 749 3963 peccata
782 3900 841 3945 ut
868 3907 967 3946 sua
1000 3902 1276 3964 reputant.

600 3975 768 4035 Vsus.
806 3979 861 4034 4.
903 3979 1027 4036 Haec
1057 3982 1124 4038 de
1154 3984 1467 4043 hominibus
1502 3989 1615 4045 sive
1636 3993 1951 4061 gentilibus,
1977 3996 2091 4052 sive

520 4067 722 4128 Iudaeis
761 4071 905 4127 dicta
949 4074 1079 4129 sint.
1126 4072 1244 4132 Jam
1288 4092 1415 4133 vero
1463 4079 1618 4145 illud,
1662 4084 1751 4151 qui
1792 4084 1995 4138 habitat
2035 4087 2091 4142 in

519 4162 662 4217 caelis
709 4164 969 4232 irridebit,
1012 4181 1139 4220 cum
1205 4167 1312 4223 hoc
1361 4171 1760 4243 c0pulandum,
1811 4180 2090 4232 astiterunt

519 4272 662 4328 reges
693 4266 867 4321 terrae,
899 4272 1036 4327 quos
1071 4259 1321 4314 irridebit
1344 4260 1487 4317 Deus
1517 4264 1611 4335 qui
1649 4266 1854 4321 habitat
1886 4269 1939 4322 ln
1973 4285 2088 4326 cm-

520 4346 611 4409 lis,
661 4355 848 4419 utpote
895 4356 1111 4403 terrena
1161 4357 1344 4407 mente
1395 4354 1669 4421 praeditos.
1717 4358 1900 4428 Neque
1941 4362 2087 4416 enirn

2198 3265 2330 3330 θεὶς,
2366 3268 2473 3321 Καὶ
2517 3269 2940 3338 ἀπορῤίψωμεγ
2984 3269 3179 3324 αὐτῶν
3214 3271 3320 3324 τὸν
3359 3270 3554 3339 ζυγὸν,
3604 3288 3764 3326 τουτ-

2196 3357 2340 3411 έστιν
2368 3360 2462 3411 ἀπ’
2499 3358 2634 3429 ἐμοῦ
2667 3360 2762 3412 καὶ
2809 3359 2917 3412 άπὸ
2955 3360 3062 3414 τῶν
3109 3362 3646 3431 συγκατατιθεμένων
3673 3378 3764 3433 μοι

2194 3450 2284 3502 τὸν
2316 3449 2389 3521 μὴ
2421 3448 2660 3512 σώζοντα
2692 3451 2855 3521 νόμον
2891 3451 2969 3515 ὡς
3012 3451 3249 3516 σώζοντα
3290 3453 3618 3507 ἀσκούντων.
3653 3455 3725 3507 Ἤ
3745 3472 3758 3484 ·

2194 3541 2523 3611 Νομίζοντες
2540 3538 2677 3595 εἶναι
2694 3541 2857 3612 βάρος
2889 3542 3232 3615 ἐπικείμενον
3255 3545 3349 3597 καὶ
3365 3545 3514 3614 ἡμῖν,
3544 3543 3635 3596 τὸν
3663 3547 3763 3609 ζυ-

2195 3632 2290 3699 γὸν
2320 3632 2500 3685 αὐτῶν
2518 3633 2929 3705 ἀπορρίψωμεν.
2946 3634 3251 3706 Τολμητέον
3269 3636 3379 3706 γὰρ
3397 3635 3573 3703 λέγειν
3590 3634 3764 3688 ταῦτα

2194 3723 2331 3780 εἶναι
2362 3729 2419 3780 ἐν
2446 3726 2522 3798 τῷ
2534 3728 2751 3799 Χριστῷ
2766 3729 2852 3782 διὰ
2870 3729 2965 3800 τὴν
2982 3730 3116 3799 πρὸς
3137 3731 3261 3792 τοὺς
3278 3729 3443 3801 βαρου
3452 3729 3641 3800 μένους
3656 3731 3762 3785 ὑπὸ

2192 3816 2285 3868 τοῦ
2312 3814 2477 3884 ζυγοῦ
2505 3817 2744 3891 ἀγάπην,
2781 3818 2924 3889 ἅπερ
2948 3818 3063 3870 ἐστὶ
3096 3818 3189 3870 καὶ
3227 3818 3284 3869 ὲν
3312 3820 3444 3872 πᾶσι
3474 3820 3595 3887 τοῖς
3622 3824 3763 3876 εὐσ-

2195 3907 2542 3978 πλιὶτχνοις,
2556 3908 2624 3961 τὰ
2644 3908 2751 3961 τῶν
2766 3908 2940 3962 ἄλλων
2955 3910 3173 3980 ἁμαρτῆ
3184 3926 3328 3979 ματα
3345 3909 3451 3963 ἴδια
3467 3909 3647 3981 κρίνου
3655 3928 3758 3965 σιν.

2262 3999 2442 4052 Ταῦτα
2490 4001 2589 4070 μὲν
2633 3995 2726 4053 οῦν
2756 4000 2883 4071 περὶ
2916 3998 3218 4069 ἀνθρώπων
3263 3998 3370 4052 τῶν
3411 4017 3472 4052 τε
3515 4001 3623 4054 ἀπὸ
3651 4000 3763 4055 τῶν

2191 4091 2357 4144 ἐθνῶν
2383 4092 2477 4145 καὶ
2492 4092 2597 4147 ἀπὸ
2615 4092 2706 4145 τοῦ
2728 4090 2883 4144 λαοῦ.
2912 4090 2986 4143 Τὸ
3010 4088 3084 4153 δὲ,
3104 4090 3164 4142 '0
3192 4089 3479 4143 κατοικῶν
3497 4091 3566 4144 ἐν
3589 4093 3765 4160 οὐρο-

2190 4183 2317 4248 νοῖς
2350 4181 2760 4252 ἐκγελάσεται,
2816 4179 3259 4251 προσαρμοστέον
3309 4180 3446 4251 πρὸς
3480 4181 3560 4243 τὸ,
3606 4185 3763 4250 Παρ-

2191 4275 2460 4334 έτττησαι·
2506 4276 2557 4324 οἱ
2578 4270 2858 4336 ,ϐασιλεῖς
2890 4268 3001 4337 τῆς
3028 4268 3154 4339 γῆς,
3195 4269 3289 4333 οὓς
3340 4270 3690 4338 ἔκγελάσεται
3730 4275 3762 4328 ὀ

2191 4366 2320 4428 Θεὸς
2350 4365 2408 4417 ὲν
2436 4364 2682 4434 οὐρανοῖς
2723 4362 2993 4416 κατοικῶν
3026 4363 3275 4435 φρόνημα
3304 4363 3523 4443 ἔχοντας
3550 4366 3756 4436 γήϊνον.

519 4438 761 4497 divinam
788 4439 934 4493 circa
964 4430 1395 4497 incarnationem
1420 4443 1622 4500 Christi
1649 4452 2009 4505 oeconomiam
2031 4464 2085 4507 et

2200 4456 2266 4507 Οὐ
2295 4453 2402 4525 γὰρ
2435 4430 2719 4524 νενοήκασι
2742 4453 2841 4524 τὴν
2866 4430 3292 4523 οἰκονομίαν-καὶ
3444 4430 3637 4524 σοφίαν
3662 4457 3758 4511 τοῦ

518 4531 842 4598 sapientiam
886 4531 1310 4589 intellexerunt:
1342 4535 1472 4590 illud
1510 4547 1712 4607 autem,
1749 4552 1799 4594 et
1828 4541 2086 4598 Dominus

517 4620 868 4676 subsannabit
906 4639 1016 4691 eos,
1051 4624 1395 4681 referendum
1428 4630 1495 4683 ad
1535 4630 1639 4684 hoc
1673 4633 1904 4697 dictum,
1933 4635 2085 4701 prin-

518 4713 657 4780 cipes
680 4724 1027 4771 convenerunt
1044 4717 1098 4771 in
1125 4732 1308 4783 unum,
1338 4730 1397 4774 ut
1420 4721 1630 4777 scilicet
1657 4741 1686 4783 a
1712 4724 1932 4781 Christo
1956 4728 2087 4781 subs-

518 4815 882 4863 sannarentur
910 4807 1208 4879 principes,
1241 4811 1334 4885 qui
1373 4817 1688 4887 congregati
1722 4830 1852 4872 sunt
1891 4817 2084 4874 adver-

515 4910 613 4953 sus
631 4895 915 4954 Dominum
944 4909 998 4955 et
1025 4903 1287 4961 adversus
1308 4906 1584 4962 Christum
1609 4910 1747 4978 ejus.
1767 4911 2087 4985 Congruen-

514 4999 599 5047 tes
644 5001 824 5047 autem
874 4995 1001 5051 boni
1045 4996 1138 5053 Dei
1182 4998 1321 5055 Filio
1352 5008 1482 5057 sunt
1524 5001 1642 5061 istm
1689 5018 1884 5068 voces;
1926 5006 2076 5075 quia,

511 5087 726 5147 etiamsi
757 5087 1080 5146 fremuerint
1116 5103 1326 5162 gentes,
1376 5102 1431 5149 et
1474 5097 1656 5167 pepuli
1687 5098 1931 5152 meditati
1972 5098 2085 5155 sint

510 5180 714 5245 inania,
750 5189 805 5234 at
829 5197 933 5238 nos
967 5182 1313 5241 frementium
1353 5186 1694 5243 ethnicorum
1735 5192 1953 5245 vincula
1996 5191 2083 5245 di-

510 5284 948 5342 rumpamus,:et
982 5276 1175 5348 jugum
1218 5278 1544 5349 populorum
1578 5280 1762 5336 inania
1815 5283 2084 5338 meditano

514 5365 649 5418 tium
682 5365 1057 5434 projiciamus.

581 5456 651 5509 At
694 5458 824 5528 quia
869 5475 978 5516 non
1020 5462 1132 5532 jam
1167 5464 1242 5519 ita
1282 5462 1442 5519 facile
1474 5464 1736 5520 medelam
1783 5465 2078 5521 admittunt

509 5546 751 5614 praedicti
800 5565 957 5620 reges
1004 5560 1164 5608 terra:
1210 5564 1265 5609 et
1310 5557 1794 5626 principes;jubet
1842 5555 2079 5627 Spiritus

513 5650 756 5704 sanctus,
790 5644 1035 5713 gentium
1076 5654 1130 5700 et
1169 5649 1515 5717 populorum.
1562 5662 1748 5719 regum
1777 5657 1833 5704 ct
1872 5650 2075 5719 princi-

579 5756 658 5830 (l)
707 5758 1101 5827 Τετηρεῖσθατ.
1136 5758 1274 5830 Lege
1300 5762 1642 5835 τετηρῆσθαι.
1670 5760 1831 5823 Ευιτ.

2194 4545 2329 4599 Θεοῦ
2362 4544 2459 4616 τὴν
2486 4544 2614 4615 περὶ
2637 4543 2733 4615 τὴν
2754 4542 3159 4615 ὲνανθρώπησιν
3182 4545 3277 4598 τοῦ
3303 4545 3559 4617 Χριστοῦ.
3584 4547 3657 4600 Tb
3676 4547 3756 4613 δὲ,

2192 4636 2300 4690 Καὶ
2324 4638 2357 4689 ό
2375 4636 2587 4703 Κύριος
2610 4636 2989 4703 ἐκμυκτηριεῖ
3023 4635 3264 4702 αὐτοὺς,
3297 4637 3433 4708 πρὸς
3457 4636 3537 4701 τὸ,
3569 4641 3634 4692 οι
3657 4637 3761 4705 ἆρ-
3838 4652 3847 4659 ·

2188 4744 2399 4798 χοντες
2427 4726 2831 4798 συνήχθησαν
2851 4727 2946 4780 ἐπὶ
2977 4726 3045 4780 τὸ
3070 4729 3246 4781 αὐτό·
3269 4727 3358 4781 ἴνα
3387 4727 3761 4799 μυκτηρίζωνι-

2186 4838 2276 4873 ται
2322 4821 2370 4873 οἱ
2416 4819 2674 4892 ἄρχοντες
2705 4820 2810 4872 ὑπὸ
2853 4819 2949 4873 τοῦ
2999 4817 3260 4890 Χριστοῦ,
3306 4821 3354 4872 οἱ
3402 4819 3758 4890 συναχθέντες

2188 4911 2329 4964 κατὰ
2359 4911 2454 4964 τοῦ
2486 4910 2691 4982 Κυρίου
2721 4911 2813 4964 xui.
2842 4910 2983 4965 κατὰ
3011 4909 3105 4962 τοῦ
3129 4909 3366 4982 Χριστοῦ
3395 4909 3580 4964 αὐτοῦ.
3610 4909 3756 4983 Πρέ-

2188 5018 2382 5055 πουσαι
2428 5002 2485 5055 δὲ
2522 5001 2722 5071 ἀγαθοῦ
2762 5002 2897 5056 Θεοῦ
2943 5002 3061 5074 Υίῷ
3107 5002 3316 5072 φωναί·
3346 5004 3452 5065 ὅτι,
3484 5003 3534 5056 εί
3563 5003 3655 5057 καὶ
3684 5002 3756 5056 τὰ

2185 5093 2310 5165 ἔθνη
2356 5093 2652 5166 ἐφρύαξαν,
2683 5095 2777 5148 καὶ
2812 5096 2862 5147 οἱ
2903 5094 3024 5147 λαοὶ
3047 5093 3382 5164 ἐμελέτησαν
3411 5093 3564 5156 κενὰ,
3593 5095 3758 5165 ἡμεῖς

2185 5203 2246 5255 γε
2274 5188 2400 5249 τοὺς
2425 5186 2656 5257 δεσμοὺς
2681 5186 2861 5241 αὐτῶν
2895 5186 3002 5239 τῶν
3029 5186 3382 5258 φρυαξάντων
3424 5185 3595 5240 ἐθνῶν
3635 5186 3754 5239 δια-

2187 5278 2500 5348 σπάσωμεν,
2546 5280 2639 5333 καὶ
2684 5279 2775 5333 τὸν
2827 5277 2986 5346 ζυγὸν
3030 5277 3136 5335 τῶν
3182 5277 3593 5349 μελετησάντων
3620 5277 3757 5333 κενὰ

2182 5371 2323 5429 λαῶν
2355 5369 2765 5442 ἀπορρίψωμεν.

2263 5462 2417 5515 Ἐπεὶ
2441 5463 2497 5515 δὲ
2535 5463 2715 5515 οὐκέτι
2756 5462 2997 5536 εὐχερῶς
3041 5463 3283 5535 δέχονται
3327 5462 3425 5536 τὴν
3454 5459 3752 5535 θεραπείαν

2184 5554 2240 5611 οἶ
2274 5571 2333 5608 τε
2365 5553 2669 5626 τηλικοῦτοι
2699 5555 3078 5624 προειρημένοι
3102 5555 3203 5625 τῆς
3232 5554 3335 5625 γῆς
3381 5554 3616 5624 βασιλεϊς
3654 5550 3753 5605 καὶ

2183 5648 2231 5701 οἰ
2272 5647 2546 5718 ἄρχοντες,
2577 5646 2682 5699 τῶν
2725 5644 2861 5698 κατὰ
2902 5645 2994 5701 τοῦ
3029 5644 3234 5721 Κυρίου
3264 5646 3355 5698 καὶ
3385 5645 3477 5699 τοῦ
3510 5646 3749 5721 Χριστοῦ
