4096 6444
388 386 462 442 85
1529 377 2031 436 COMMENTARIA
2073 380 2138 435 IN
2170 379 2506 438 PSALMOS.

387 502 559 556 αὐτοῦ
603 503 975 574 συναχθέντων
1008 504 1178 559 ὲθνῶν
1205 521 1265 558 τε
1293 506 1387 561 καὶ
1418 506 1583 573 λαῶν,
1614 509 1880 580 βασιλέων
1910 525 1938 561 τ

2074 523 2225 580 pum,
2263 508 2562 565 visibilium
2600 514 2656 564 et
2693 507 3075 576 invisibiuum,
3106 525 3199 581 qui
3238 524 3505 567 adversus
3534 509 3645 565 Do-

388 593 483 646 καὶ
512 594 806 665 ἀρχόντων,
841 596 1131 668 ὁρωμένων
1160 614 1220 650 τε
1246 600 1339 651 καὶ
1373 598 1618 669 ἀφανῶν,
1644 601 1938 672 προστάττε

2070 600 2278 655 minum
2329 608 2386 656 et
2426 600 2690 658 adversus
2742 601 3023 658 Christum
3080 602 3201 672 ejus
3246 608 3640 669 convenerant,

384 682 447 736 τὸ
472 684 698 756 Πνεῦμα
722 685 782 738 τὸ
806 685 959 755 ἅγιον
986 688 1113 751 τοὺς
1135 686 1236 757 τῆς
1265 686 1712 763 εἰδωλολατρείας
1735 690 1934 761 δεσμοὺ

2068 691 2392 747 idololatriae
2431 692 2649 748 vincula
2695 691 3027 763 dirumpere,
3080 702 3135 748 et
3179 708 3427 766 quosque
3472 710 3641 766 grave

383 774 794 847 διαρῤηγνύναι,
847 777 943 831 καὶ
988 776 1079 831 τὸν
1134 776 1305 849 βαρὺν
1348 780 1446 850 τῆς
1489 779 1763 852 ἁμαρτίας
1803 781 1938 851 ζυγδ

2067 785 2277 855 peccati
2296 785 2491 857 jugum
2516 786 2587 841 ab
2615 786 2796 841 anima
2817 802 2917 842 sua
2949 787 3259 858 projicere;
3291 788 3492 858 quibus
3515 787 3641 844 sub—

383 866 743 939 ἀπορρίπτειν
773 868 874 938 τῆς
902 869 1112 923 ἑαυτῶν
1140 869 1350 941 ψυχῆς⁸
1381 866 1464 934 οἷς
1490 871 1938 943 καταδεδουλωμέ

2060 877 2239 948 jugati
2268 877 2423 947 prius
2452 877 2575 934 aliis
2614 878 2955 949 principibus
2985 880 3311 936 suberamus
3337 897 3351 934 :
3383 885 3446 934 ut
3474 879 3543 936 iis
3571 880 3638 935 li-

381 975 462 1011 vet
486 958 747 1031 πρότερον
773 959 982 1031 ἑτέροις
1019 962 1282 1033 ἄρχουσιν
1313 961 1683 1033 ὑπεκείμεθα·
1715 962 1802 1017 ἴνα
1824 963 1938 1016 ἐκεί

2064 965 2238 1021 berati
2275 966 2394 1022 leve
2440 965 2739 1024 Salvatoris
2767 968 2959 1038 jugum
3008 969 3364 1041 accipiamus,
3398 985 3509 1042 quo
3533 984 3637 1026 nos

381 1066 488 1103 νων
526 1049 978 1123 ἐλευθερωθέντες
1002 1050 1093 1104 τὸν
1119 1049 1356 1122 ἐλαφρὸν
1380 1051 1472 1104 τοῦ
1506 1052 1761 1124 Σωτῆρος
1799 1051 1938 1123 me

2064 1064 2325 1127 provocat
2347 1058 2434 1114 bis
2455 1059 2638 1115 verbis
2668 1078 2683 1115 :
2726 1059 2906 1116 Venite
2933 1063 3007 1116 ad
3032 1079 3134 1128 me,
3164 1078 3341 1118 omnes
3372 1064 3463 1134 qui
3495 1063 3637 1118 labo-

378 1141 786 1213 ἀναδεξὼμεθα,
813 1143 899 1211 ἐφ’
924 1143 983 1197 ὂν
1004 1141 1360 1214 προκαλεῖται
1382 1141 1555 1212 λέγων
1574 1159 1588 1174 ’
1611 1144 1789 1198 Δεῦτε
1811 1152 1938 1214 πρὸι

2063 1149 2197 1203 ratis
2219 1157 2268 1202 et
2300 1150 2506 1204 onerati
2533 1151 2684 1216 estis,
2716 1159 2767 1206 et
2799 1168 2891 1222 ego
2921 1154 3160 1222 reﬁciam
3192 1170 3281 1208 vos
3306 1169 3325 1208 :
3350 1153 3520 1209 tollite
3540 1154 3637 1223 ju-

3575 403 3646 448 δὴ

374 1240 458 1305 μὲ
483 1234 707 1302 πάντες
734 1238 790 1289 οἱ
825 1233 1154 1302 κοπιῶντες
1175 1235 1274 1289 καὶ
1300 1236 1776 1307 πεφορτισμένοι,
1802 1236 1964 1307 κάγὼ

377 1327 710 1382 ἀναπαύσω
729 1325 904 1396 ὑμᾶς.
936 1328 1139 1396 Ἄρατε
1168 1327 1274 1381 τὸν
1299 1326 1474 1397 ζυγόν
1494 1345 1638 1397 μου,
1660 1328 1760 1382 καὶ
1784 1328 1959 1396 ῑδετε,

381 1418 473 1473 ὅτι
496 1421 765 1489 χρηστός
822 1420 977 1477 ἐστι.
1003 1420 1270 1475 Λέλεκται
1296 1421 1353 1474 δὲ
1377 1420 1550 1474 ταῦτα
1572 1422 1707 1493 πρὸς
1734 1420 1803 1477 τὰ
1832 1421 1957 1494 ἔθνη

377 1508 447 1563 τὰ
475 1508 555 1581 τῷ
583 1510 800 1582 Χριστῷ
828 1512 931 1564 ὑπὸ
953 1510 1047 1565 τοῦ
1077 1511 1292 1583 Πατρὸς
1321 1511 1601 1585 δεδομένα,
1637 1512 1959 1584 προλαμϐά-

377 1618 557 1666 νοντος
585 1603 677 1656 τοῦ
706 1602 867 1671 λόγου
899 1603 1027 1668 τοὺς
1061 1603 1354 1675 μέλλοντας
1403 1605 1686 1677 προσιέναι
1716 1609 1782 1677 τῇ
1824 1606 1958 1676 Χρι-

378 1695 503 1749 στοῦ
532 1694 866 1767 διδασκαλίᾳ,
899 1695 992 1750 καὶ
1036 1694 1428 1765 παραινοῦντος
1480 1697 1675 1768 μηκέτι
1719 1698 1811 1750 τὸν
1845 1713 1955 1752 πα-

372 1786 522 1843 λαιὸν
545 1787 706 1857 ζυγὸν
734 1789 825 1842 ἐπὶ
856 1788 966 1842 τῶν
991 1787 1158 1859 ὤμων
1186 1788 1393 1860 φέρειν,
1430 1789 1565 1860 μηδὲ
1594 1793 1715 1853 ταῖς
1744 1792 1953 1861 σειραῖς

2060 1256 2184 1311 gum
2211 1256 2385 1295 meum
2406 1255 2563 1310 super
2592 1258 2703 1307 vos,
2727 1252 2779 1297 et
2805 1242 2972 1299 videte
2992 1246 3117 1314 quia
3148 1255 3478 1300 mansuetum
3498 1245 3633 1301 est‘.

2061 1329 2187 1386 Haec
2222 1346 2389 1401 porro
2420 1332 2566 1387 dicta
2598 1339 2729 1388 sunt
2751 1334 3005 1404 gentibus
3029 1334 3253 1391 Christo
3280 1350 3312 1389 a
3335 1332 3498 1390 Patre
3522 1343 3635 1389 tra-

2060 1422 2212 1488 ditis,
2254 1424 2542 1494 praemissa
2580 1424 2791 1482 scilicet
2841 1440 3033 1483 eorum
3063 1427 3157 1497 qui
3186 1425 3254 1481 ad
3290 1425 3494 1484 Christi
3532 1427 3635 1482 do-

2058 1514 2295 1569 ctriuam
2321 1516 2602 1572 accessuri
2634 1525 2768 1573 sunt
2804 1518 3143 1584 narratione,
3177 1519 3413 1590 dataque
3441 1518 3634 1576 admo-

2057 1605 2285 1669 nitione,
2337 1612 2398 1660 ut
2441 1620 2509 1661 ne
2552 1605 2699 1661 ultra
2744 1615 2902 1663 vetus
2922 1607 3114 1680 jugum
3154 1608 3397 1664 humeris
3426 1608 3629 1673 ferant,

2057 1711 2235 1767 neque
2279 1696 2489 1752 catenis
2536 1698 2780 1767 priorum
2829 1698 3151 1754 delictorum
3194 1700 3476 1756 constricti
3516 1716 3631 1754 ma-

2057 1795 2244 1844 neant.
2277 1786 2384 1844 Sed
2423 1788 2637 1844 etiamsi
2688 1789 2910 1859 quidam
2944 1790 3078 1860 ipsis
3118 1802 3244 1848 ante
3288 1791 3504 1849 fuerant
3537 1794 3630 1849 do-

375 1879 482 1933 τῶν
533 1880 814 1952 προτέρων
859 1880 1275 1952 ἁμαρτημάτων
1317 1882 1525 1935 ἑαυτῶν
1574 1882 1938 1955 παραμένειν⁴

2056 1877 2210 1941 mini,
2246 1878 2524 1948 principes
2558 1878 2765 1943 acerbi,
2795 1879 3052 1935 videlicet
3072 1882 3297 1952 maligni
3326 1883 3623 1951 daemones,

374 1970 489 2024 ἀλλ’
520 1972 569 2024 εί
590 1970 684 2025 καί
712 1988 856 2035 τινες
878 1967 1021 2043 ἦσαν
1054 1971 1234 2027 αὐτῶν
1263 1973 1528 2045 πρότερον
1560 1974 1738 2047 κύριοι
1766 1974 1953 2046 ἄρχον-

374 2063 466 2127 τές
488 2080 550 2116 τε
577 2063 786 2136 πικροὶ,
812 2064 860 2116 οἱ
885 2062 1052 2118 πάλαι
1080 2062 1189 2117 τῶν
1218 2063 1387 2118 ἐθνῶν
1419 2065 1951 2138 κατατυραννοῦντες

370 2153 623 2223 δαίμονες
651 2155 896 2225 πονηροὶ,
924 2151 1019 2216 οὒς
1048 2153 1112 2224 δὴ
1131 2152 1289 2218 θεοὺς
1316 2153 1617 2226 ὠνόμαζον,
1659 2156 1821 2225 ζυγὸν
1852 2157 1952 2211 αὐ-

367 2248 483 2311 τοῖς
510 2245 911 2316 ὲπαιωροῦντες
946 2244 1117 2317 βαρὺν
1143 2245 1240 2298 καὶ
1289 2245 1622 2316 συγκύπτειν
1644 2247 1744 2319 τὴν
1769 2248 1947 2320 ψυχὴν

367 2337 460 2390 ἐπὶ
487 2336 547 2388 τὸ
579 2336 728 2389 κάτω
761 2335 1060 2399 ποιοῦντες,
1097 2335 1320 2406 δεσμοῖς
1348 2353 1410 2388 τε
1455 2338 1655 2401 αὐτοὺς
1687 2338 1943 2402 ἀσεϐείας

367 2429 864 2501 καταδεσμοῦντεςο
918 2428 1123 2483 τούτων
1177 2429 1432 2483 ἁπάντων
1480 2428 1578 2501 τὴν
1629 2430 1945 2485 δυναστείαν

363 2522 586 2593 φεύγειν
619 2522 1071 2595 παρακελεύεται·
1099 2522 1462 2593 προσφεύγειν
1487 2521 1546 2575 δὲ
1578 2521 1657 2593 τῷ
1682 2523 1942 2595 Λυτρωτῇ

363 2614 456 2668 καὶ
496 2614 730 2686 Σωτῆρι,
771 2613 866 2668 καὶ
896 2614 961 2686 δὴ
992 2614 1192 2686 κλῆρον
1226 2613 1425 2675 αὐτοὺς
1474 2612 1630 2684 παρὰ
1672 2613 1766 2668 τοῦ
1814 2612 1944 2668 ἰδίου

360 2706 571 2777 Πατρὺς
586 2707 846 2779 εἰληφότι.
862 2706 1046 2761 Ταῦτα
1063 2707 1142 2768 δὲ,
1160 2707 1312 2776 φησι,
1327 2703 1621 2777 πράξωμεν
1646 2706 1697 2758 oi
1726 2706 1824 2776 τῆς
1849 2705 1944 2758 τοῦ

360 2796 597 2873 Χριστοῦ
630 2798 999 2871 κληρονομίας
1026 2799 1166 2865 ἄξιοι
1201 2798 1505 2869 γενόμενοι,
1532 2798 1752 2865 εἰδότες,
1769 2799 1851 2850 ὅτι
1882 2798 1944 2851 Ὁ

361 2890 661 2945 κατοικῶν
720 2892 791 2945 ἐν
832 2890 1111 2958 οὐρανοῖς
1154 2890 1544 2959 ἐκγελάσεται
1588 2889 1832 2955 αὐτοὺς,
1875 2889 1944 2942 τὰ

359 2983 489 3055 ἔθνη
529 2981 730 3054 δηλαδὴ
759 2982 855 3036 καὶ
883 2983 1012 3045 τοὺς
1042 2980 1206 3044 λαοὺς
1241 2982 1368 3045 τοὺς
1415 2981 1826 3044 ὲπαναστάντας
1865 2980 1944 3051 τῷ

359 3073 580 3146 Χριστῷ
608 3072 795 3139 αὐτοῦ,
825 3074 921 3127 καὶ
963 3075 997 3126 ό
1025 3074 1243 3141 Κύριος
1287 3071 1673 3140 ἐκμυκτηριεῖ
1693 3073 1933 3139 αὐτούς.

360 3165 544 3219 Ταῦτα
582 3164 749 3219 πάλαι
792 3164 895 3236 μὲν
935 3163 1287 3234 προφητικῶς
1308 3163 1639 3232 ἅνεφωνεῖτο
1660 3179 1674 3193 ⁸
1706 3162 1940 3217 πέπονθε

2052 1968 2182 2023 olim
2215 1984 2316 2040 pro
2343 1969 2451 2025 diis
2472 1969 2667 2034 habiti,
2690 1970 2783 2041 qui
2809 1972 3148 2041 tyrannidem
3177 1974 3234 2026 in
3261 1984 3449 2041 gentes
3468 1990 3624 2032 exer-

2050 2060 2272 2126 cebant,
2306 2071 2360 2117 et
2386 2061 2579 2132 jugum
2610 2062 2748 2131 ipsis
2792 2077 2958 2132 grave
3001 2078 3405 2134 onerosumque
3448 2066 3626 2137 impo-

2048 2152 2276 2219 nebant,
2314 2159 2372 2206 ut
2400 2152 2639 2206 animam
2688 2167 2880 2209 eorum
2923 2153 2989 2207 ad
3031 2155 3217 2209 infima
3247 2150 3619 2221 incurvarent,

2048 2241 2489 2312 colligebantque
2537 2242 2690 2311 ipsos
2738 2242 3033 2313 impietatis
3099 2244 3366 2312 vinculis;
3422 2245 3619 2302 horum

2047 2334 2293 2390 omritlu
2342 2334 2630 2404 imperium
2683 2333 2941 2405 ell‘ugere,
2990 2342 3045 2389 et
3100 2334 3169 2390 ad
3202 2335 3618 2409 Redemptoren

2049 2426 2499 2499 Salvatoremque
2560 2429 2860 2499 confugere
2907 2429 3209 2500 jubentur,
3276 2439 3466 2502 utpote
3524 2434 3619 2505 qui

2045 2518 2199 2590 ipsos
2230 2534 2262 2574 a
2290 2519 2456 2576 Patre
2487 2537 2595 2576 suo
2629 2521 2685 2576 in
2733 2522 3105 2580 haereditatem
3140 2526 3432 2596 acceperit.
3466 2525 3615 2590 Hinc.

2047 2611 2245 2681 inquit,
2279 2626 2504 2682 agamus
2541 2614 2633 2682 qui
2666 2613 2872 2669 Christi
2907 2614 3223 2671 haereditate
3260 2617 3407 2688 digni
3439 2617 3619 2673 ellecti

2045 2718 2261 2767 sumus,
2305 2704 2461 2773 gnari
2498 2706 2755 2762 videlicet
2796 2707 3107 2774 illius:Qui
3137 2707 3345 2762 habitat
3389 2709 3444 2763 in
3475 2711 3618 2766 caelis

2044 2790 2283 2846 irridebit
2307 2809 2416 2857 eos,
2449 2794 2708 2849 nimirum
2745 2797 2976 2866 populos
3002 2797 3095 2867 qui
3130 2798 3394 2854 adversus
3429 2798 3617 2854 Domi-

2045 2883 2254 2937 minam
2306 2890 2361 2937 et
2401 2885 2667 2941 adversus
2706 2885 2983 2942 Christum
3026 2887 3146 2956 ejus
3176 2888 3613 2957 insurrexerunt,

2041 2984 2094 3028 et
2126 2973 2383 3030 Dominus
2406 2975 2754 3032 subsannabit
2788 2994 2897 3033 eos.
2934 2977 3059 3034 Haec
3083 2980 3211 3035 olim
3232 2981 3453 3053 quidem
3489 2998 3619 3055 pro-

2044 3067 2260 3138 phetice
2306 3069 2848 3139 praenuntiabantur;
2905 3078 2960 3124 at
2996 3078 3186 3140 postea
3217 3071 3477 3131 Iudaicus
3517 3091 3617 3145 po-

2042 3161 2207 3230 pulus
2232 3174 2298 3215 ea
2332 3160 2451 3230 ipsa
2490 3175 2788 3232 perpessus
2825 3169 2930 3228 est,
2964 3162 3222 3220 obsessus
3249 3172 3303 3219 et
3340 3180 3618 3237 expugna-

356 3256 414 3310 δὲ
455 3256 594 3311 αὐτὰ
623 3256 684 3310 τὸ
727 3255 998 3311 Ἰουδαίων
1025 3255 1177 3319 έθνος
1205 3253 1559 3325 πολιορκηθὲν
1603 3255 1938 3326 παραχρῆμα

2043 3260 2133 3308 tus
2152 3267 2263 3307 non
2293 3251 2469 3307 multo
2496 3259 2790 3322 postquam
2826 3252 3057 3310 insidias
3098 3256 3393 3313 struxisset
3419 3267 3614 3315 contra

362 3347 501 3419 μετά
533 3347 632 3420 τὴν
675 3347 819 3402 κατὰ
859 3346 954 3402 τοῦ
995 3347 1245 3418 Σωτῆρος
1284 3343 1609 3417 ἐπιϐουλήνο
1656 3346 1751 3399 καὶ
1796 3346 1938 3401 κατά

357 3441 584 3513 χρόνους
607 3439 663 3493 δὲ
697 3442 745 3494 οἱ
776 3439 876 3509 τῆς
922 3438 1247 3510 Ἐκκλησίας
1272 3437 1366 3490 τοῦ
1397 3435 1635 3508 Χριστοῦ
1668 3437 1935 3509 πολέμιοι,

356 3534 603 3606 κρυφαία
627 3534 715 3587 ἀεὶ
745 3532 890 3607 χειρὶ
918 3531 1337 3604 πολεμούμενοι,
1368 3531 1474 3584 ὑπὸ
1502 3531 1597 3584 τοῦ
1624 3531 1938 3586 κατοικοῦν-

356 3644 446 3690 τος
482 3627 542 3680 ὲν
583 3627 830 3699 οὐρανοῖς
866 3624 1091 3697 Κυρίου,
1124 3623 1218 3678 τοῦ
1265 3624 1404 3695 πρὸς
1449 3623 1629 3678 αὐτῶν
1668 3623 1935 3696 πολεμου-

361 3719 548 3789 μένου.

432 3813 570 3866 Τότε
609 3808 867 3877 λαλήσει
905 3808 1055 3877 πρὸς
1077 3808 1299 3874 αὐτοὺς
1324 3808 1395 3862 ἐν
1419 3795 1567 3878 ὀργῇ
1596 3806 1801 3867 αὑτοῦ,
1834 3807 1932 3861 καὶ

355 3904 426 3959 ἐν
455 3900 535 3969 τῷ
568 3900 734 3972 θυμῷ
765 3901 953 3958 αὑτοῦ
985 3898 1225 3968 ταράξει
1252 3899 1495 3965 αὐτούς.
1540 3898 1703 3956 Ἀλλὰ
1736 3898 1832 3951 καὶ
1876 3899 1933 3949 ὲν

357 3995 435 4066 τῷ
466 3994 563 4065 τῆς
597 3993 833 4065 κρίσεως
866 3989 1044 4063 καιρῷ
1086 3988 1261 4061 ὀργῆς
1303 3987 1440 4042 Θεοῦ
1492 3987 1932 4058 πειραθήσονται,

357 4086 450 4141 καὶ
492 4084 570 4156 τῷ
614 4082 772 4155 θυμῷ
809 4081 974 4137 αὐτοῦ
1021 4080 1456 4154 ταραχθήσονται
1501 4080 1701 4143 πάντες
1746 4080 1795 4131 οἱ
1838 4078 1932 4133 τοῦ

359 4178 626 4250 σωτηρίου
649 4176 805 4245 λόγου
833 4174 1100 4246 πολέμιοι.
1132 4172 1394 4244 Ἐπείπερ
1413 4171 1574 4236 αὑτὴς
1592 4174 1619 4225 ὁ
1644 4172 1735 4224 ὑπ’
1757 4170 1934 4225 αὐτῶν

357 4266 726 4339 προσηλωθεὶς
769 4267 866 4320 καὶ
921 4264 1138 4336 θανάτῳ
1171 4263 1496 4335 παραδοθεὶς
1515 4303 1530 4327 ,
1564 4263 1834 4318 κατοικῶν
1875 4265 1933 4318 ὲν

353 4360 603 4432 οὐρανοῖς
633 4358 729 4412 καὶ
759 4356 830 4410 τὰ
875 4356 1054 4411 πάντα
1095 4357 1387 4428 περιέχων,
1434 4354 1788 4423 ὲκγελάσεται
1832 4354 1932 4408 αὐ-

351 4453 498 4516 τοὺς,
534 4450 626 4503 καὶ
653 4452 682 4504 ό
705 4448 895 4503 τούτου
923 4448 981 4502 δὲ
1010 4450 1200 4522 Πατὴρ
1225 4451 1254 4502 ὁ
1286 4450 1382 4502 σὺν
1406 4446 1486 4518 τῷ
1519 4446 1742 4519 Χριστῷ
1766 4447 1930 4500 πολε-

2042 3342 2420 3409 Salvatorem;
2455 3344 2734 3415 variisque
2767 3343 3019 3401 similiter
3050 3348 3389 3419 temporibus
3421 3350 3611 3405 eadem

2037 3435 2250 3505 experti
2277 3441 2407 3491 sunt
2430 3434 2641 3489 inimici
2667 3434 2926 3492 Ecclesizc
2953 3437 3179 3505 Christi,
3218 3440 3432 3497 occulta
3467 3458 3615 3497 sem~

2038 3541 2134 3599 per
2162 3543 2327 3582 manu
2349 3528 2654 3599 impugnati
2684 3543 2714 3583 a
2745 3528 2976 3587 Domino
3004 3531 3097 3601 qui
3120 3531 3330 3585 habitat
3358 3532 3413 3586 in
3433 3534 3610 3599 oculis,

2035 3632 2198 3689 quem
2233 3618 2337 3689 ipsi
2367 3618 2517 3674 bello
2546 3618 2907 3690 impetebant.

2106 3796 2275 3855 Vsus.
2311 3797 2365 3853 5.
2408 3796 2554 3853 Tum:
2586 3798 2827 3870 loquetur
2870 3797 2939 3853 ad
2970 3814 3058 3854 eos
3103 3799 3157 3853 in
3192 3798 3272 3852 ira
3305 3815 3426 3862 sua,
3460 3808 3507 3852 et
3554 3799 3610 3853 in

2033 3890 2216 3958 furore
2244 3904 2340 3943 suo
2370 3888 2708 3944 conturbabit
2728 3905 2836 3945 eos.
2875 3887 3019 3945 Sane
3044 3888 3102 3945 in
3129 3896 3371 3960 tempore
3388 3888 3605 3959 jutlicii,

2034 3979 2129 4034 irae
2156 3979 2355 4034 divinae
2385 3979 2686 4050 periculum
2728 3979 2952 4045 facient,
2984 3996 3047 4035 ac
3069 3981 3242 4051 ipsius
3275 3980 3460 4036 furore
3491 3987 3610 4035 tur-

2032 4071 2315 4127 babuntur
2345 4082 2538 4127 omnes
2578 4070 2728 4126 verbi
2769 4070 3028 4127 salutaris
3061 4071 3290 4125 inimici.
3328 4070 3609 4141 Siquidem

2034 4163 2083 4217 is
2116 4162 2234 4233 ipse
2277 4160 2373 4230 qui
2411 4158 2603 4216 allixus
2651 4161 2721 4216 ab
2753 4160 2862 4214 illis
2895 4168 3000 4226 est,
3044 4176 3109 4214 ac
3153 4160 3310 4214 morti
3352 4161 3605 4225 traditus,

2033 4255 2128 4326 qui
2158 4251 2368 4307 habitat
2394 4252 2453 4307 in
2476 4251 2633 4308 caelis
2661 4259 2718 4307 et
2760 4250 2945 4307 omnia
2978 4250 3378 4321 complectitur,
3414 4252 3611 4307 irride-

2032 4344 2112 4400 bit
2136 4359 2254 4409 eos,
2288 4343 2521 4414 ejusque
2552 4341 2713 4398 Pater
2736 4342 2829 4413 qui
2878 4356 3004 4397 cum
3031 4341 3152 4411 ipso
3179 4340 3402 4398 Christo
3432 4358 3608 4413 oppu—

2030 4447 2231 4510 gnatur
2271 4438 2634 4494 subsannabit
2681 4453 2798 4503 eos,
2843 4437 3144 4508 dignasque
3182 4437 3251 4491 ab
3291 4439 3370 4494 eis
3416 4452 3607 4509 pmnas

354 4541 621 4613 μούμενος
675 4540 1037 4611 ὲκμυκτηριεῖ
1058 4539 1276 4603 αὐτοὺς,
1304 4538 1397 4591 καὶ
1419 4536 1516 4608 τὴν
1542 4536 1700 4600 ἀξίαν
1733 4537 1931 4601 αὐτοὺς

2040 4537 2273 4602 expetet,
2311 4530 2583 4603 siquidem
2606 4531 2775 4586 verba
2805 4530 3043 4585 minacia
3084 4530 3182 4586 irae
3210 4537 3451 4606 tempore
3475 4545 3607 4601 proe-

351 4597 707 4704 είσπράξεται
747 4597 947 4703 δίκηνῖ
993 4632 1042 4683 εί
1074 4632 1124 4683 οῖ
1157 4597 1303 4698 λόγοι
1352 4597 1743 4683 τῶίάπέιλῶν
1778 4597 1925 4699 λόγοι
1963 4597 2004 4652 D
2035 4597 2143 4680 lata
2171 4631 2321 4679 sunt.

350 4725 487 4779 εἰσιν
522 4726 580 4779 ὲν
610 4725 747 4796 ὀργῇ
777 4722 1263 4793 ἀπαγγελλόμενοι.

431 4816 578 4886 Ἐγὼ
632 4815 701 4870 δὲ
732 4814 1106 4881 κατεστάθην
1133 4815 1434 4881 ,βασιλεὺς
1465 4814 1566 4869 ὑπ’
1604 4813 1789 4868 αὐτοῦ
1825 4813 1925 4867 ἐπὶ

346 4909 503 4967 Σιὼν
534 4907 669 4976 ὅρος
699 4908 767 4963 τὸ
803 4908 975 4978 ἅγιον
1006 4905 1215 4971 αὐτοῦ,
1255 4905 1625 4976 διαγγέλλων
1644 4905 1712 4959 τὸ
1740 4907 1924 4973 πρόσ-

348 5012 539 5066 ταγμα
574 4996 815 5064 Κυρίου.
892 4996 1015 5050 Οἵδε
1057 4994 1154 5068 μὲν
1180 5034 1196 5059 ,
1235 4994 1369 5065 φησι
1397 5035 1412 5058 ,
1477 4996 1604 5049 τάδε
1643 4994 1924 5050 πείσονται

347 5090 397 5142 οἱ
447 5090 588 5142 κατὰ
635 5085 732 5140 τοῦ
787 5088 994 5160 Κυρίου
1040 5089 1135 5142 καὶ
1174 5087 1315 5142 κατά
1351 5087 1444 5140 τοῦ
1480 5084 1717 5160 Χριστοῦ
1756 5085 1923 5141 αὐτοῦ

349 5180 692 5243 συνελθόντες
711 5218 725 5244 ,
748 5181 841 5233 καὶ
866 5180 1102 5234 τοιοῦτον
1144 5179 1245 5251 μὲν
1270 5180 1494 5234 ἐκείνων
1521 5179 1584 5233 τὸ
1610 5177 1763 5242 τέλος
1782 5195 1796 5208 ’
1824 5178 1925 5248 ἐμὲ

343 5273 401 5327 δὲ
451 5273 573 5328 τότε
626 5271 764 5344 μετά
812 5272 912 5345 τὴν
939 5273 1207 5344 τοσαύτην
1239 5271 1530 5342 ἐπιϐουλὴν
1563 5272 1657 5325 καὶ
1685 5270 1922 5325 τοσαῦτα

346 5365 493 5436 πάθη
544 5364 767 5438 βασιλέα
797 5364 934 5435 πρὸς
963 5364 1125 5419 αὐτοῦ
1160 5363 1254 5418 τοῦ
1290 5362 1506 5432 Πατρὸς
1533 5361 1920 5429 καθεστάσθαι,

346 5459 440 5514 καὶ
465 5457 528 5512 τὸ
559 5458 822 5532 πατρικὸν
855 5459 983 5529 ὑμῖν
1011 5459 1341 5529 πρόσταγμα
1364 5454 1696 5525 διαγγέλλειν
1717 5473 1730 5485 ·
1760 5454 1920 5508 τοῦτο

340 5551 385 5606 δ’
412 5551 479 5606 ἂν
510 5550 594 5625 εἴη
627 5551 687 5604 τὸ
718 5549 1069 5620 εὐαγγελικὸν
1097 5550 1377 5624 κήρυγμα.
1448 5549 1513 5602 Εί
1537 5546 1594 5601 δέ
1622 5549 1768 5603 ἐστιν
1792 5547 1917 5619 ὅρος

342 5647 497 5715 ἅγιον
526 5645 661 5700 Θεοῦ
697 5645 759 5699 τὺ
791 5643 1113 5716 ἐπουράνιον
1141 5643 1267 5714 περὶ
1295 5638 1356 5697 οῦ
1406 5658 1570 5713 φησιν
1599 5644 1627 5696 ὁ
1658 5640 1869 5707 Παῦλος
1898 5659 1910 5672 ·

343 5739 845 5807 Προσεληλύθατε
872 5736 1025 5791 Σιὼν
1056 5735 1177 5805 ὄρει
1195 5751 1208 5765 ο
1247 5734 1342 5789 καὶ
1374 5733 1537 5789 πάλιν
1554 5751 1568 5764 ·
1611 5734 1682 5790 Ἦ
1705 5733 1775 5789 δὲ
1793 5734 1914 5789 ἅνω

322 5844 327 5849 ’
410 5852 431 5884 ⁸
471 5851 658 5908 Matth.
698 5868 771 5921 χι,
803 5850 991 5908 28-50.
1067 5851 1089 5884 ⁹
1127 5848 1293 5908 Hebr.
1329 5865 1423 5919 xu,
1456 5850 1575 5949 22..

2101 4801 2268 4858 Vens.
2290 4801 2345 4859 6.
2367 4800 2476 4873 Ego
2506 4814 2677 4858 autem
2708 4806 3023 4858 constitutus
3044 4819 3158 4856 sum
3175 4818 3266 4855 rea:
3280 4802 3343 4865 ab
3369 4820 3428 4858 eo
3451 4819 3606 4874 super

2030 4897 2162 4954 Sion
2181 4909 2410 4953 montem
2432 4910 2676 4954 sanctum
2695 4899 2830 4969 ejus,
2853 4899 3147 4968 praedicans
3162 4908 3477 4981 praeceptum
3499 4899 3606 4955 Do-

2032 4992 2187 5045 mini.
2225 4990 2354 5048 Hzec
2392 5000 2446 5046 et
2472 4992 2697 5058 similia,
2735 4992 2936 5062 inquit,
2964 4991 3240 5061 patientur
3270 4990 3364 5060 qui
3398 5006 3604 5049 conve-

2029 5093 2232 5140 nerunt
2271 5085 2538 5142 adversus
2584 5082 2876 5140 Dominum
2910 5089 2967 5139 et
3015 5080 3278 5147 adversus
3321 5082 3603 5149 Christum

2026 5177 2170 5246 ejus,
2201 5187 2255 5233 et
2285 5177 2602 5248 hujusmodi
2635 5177 2740 5232 erit
2769 5176 3005 5237 illorum.
3022 5174 3169 5231 ﬁnis.
3220 5174 3376 5241 Quod
3416 5185 3602 5235 autem

2028 5288 2130 5344 ego
2181 5282 2305 5344 post
2348 5281 2528 5328 tantas
2570 5274 2800 5331 insidias
2839 5280 2892 5327 et
2927 5280 3038 5325 tam
3087 5270 3288 5325 multos
3318 5268 3599 5321 cruciatus

2022 5382 2120 5423 rex
2166 5367 2235 5422 ab
2286 5368 2408 5437 ipso
2451 5367 2612 5422 Patre
2658 5362 3078 5422 constituendus
3139 5361 3267 5427 sim,
3308 5367 3600 5430 paternum

2024 5456 2181 5512 vobis
2214 5465 2544 5528 praeceptum
2577 5454 2951 5519 nuntiaturus,
2989 5468 3055 5509 ea
3085 5460 3235 5529 certe
3277 5448 3596 5519 evangelica

2026 5547 2345 5617 praedicatio
2377 5548 2562 5610 fuerit.
2613 5546 2769 5613 Quod
2808 5544 2855 5602 si
2890 5559 3048 5600 mons
3080 5549 3306 5609 sanctus
3329 5539 3448 5605 Dei,
3479 5552 3597 5598 etn-

2022 5637 2181 5696 lestis
2210 5640 2305 5703 ille
2332 5639 2501 5709 fuerit
2529 5639 2597 5695 de
2637 5653 2748 5710 quo
2779 5636 2856 5693 ait
2903 5634 3147 5699 Paulus:
3186 5630 3499 5690 Accessistis.
3522 5628 3593 5685 ad

2025 5729 2161 5794 Sion.
2182 5734 2473 5799 montem”;
2502 5745 2567 5788 ac
2590 5745 2816 5791 rursus:
2862 5728 2974 5788 Illa
3009 5738 3186 5786 autem
3239 5744 3358 5801 qua:
3379 5737 3591 5781 summ
