4096 6410
481 328 547 382 ετ
1178 325 1447 380 Ευςηῑιιι
1487 325 1973 382 CA‘JSARIENSIS
2001 325 2150 381 OPP.
2188 324 2373 379 PARS
2404 324 2489 379 Ill.
2525 356 2597 366 —
2624 327 3031 381 ElEhh‘l'lLA.
3675 324 3746 375 8R

479 454 557 500 est
581 442 901 511 Jerusalem,
931 446 1099 502 libera
1126 448 1286 511 est",
1317 447 1587 518 atqueclIic
1619 453 1802 502 tamen
1836 460 2058 517 regnum

2178 444 2581 514 Ἰερουσαλὴμ
2626 446 2912 514 ἐλευθέρα
2959 442 3132 498 ἐστὶν
3156 485 3171 510 ,
3231 441 3464 498 ἐνταῦθά
3512 458 3645 510 φησι
3678 442 3747 494 τὰ

481 534 587 590 sibi
612 535 974 590 constitutum
1014 536 1124 604 ait;
1159 551 1289 605 pars
1339 553 1475 608 ergo
1517 552 1774 606 superna
1802 536 2063 592 Ecclesia

486 624 653 681 fuerit
678 626 846 681 etiam
892 642 957 682 ea
988 643 1111 697 quae
1141 627 1198 681 in
1248 636 1396 684 terra
1433 638 1705 690 versatur,
1745 643 1876 682 cum
1907 643 2062 683 eum-

482 715 606 772 dem
652 717 723 773 ad
757 717 920 775 ﬁnem
952 719 1070 791 ipsa
1122 719 1441 777 contendat.
1495 719 1784 787 Quomodo
1816 728 2000 775 autem
2028 733 2060 773 a

482 808 645 866 Patre
676 809 733 864 in
777 808 909 865 Sion
945 812 1157 868 caelesti
1201 814 1537 869 constitutus
1577 813 1742 869 fuerit
1769 828 1865 868 rex
1906 810 2062 866 Chri-

483 913 626 963 stus.
653 902 955 974 intelligere
986 905 1133 967 licet,
1166 906 1314 976 quod
1342 906 1553 961 dictum
1592 906 1671 960 illi
1713 905 1823 960 sit:
1861 902 1997 958 Sede
2027 920 2061 957 α

483 994 686 1049 dextris
725 996 875 1061 meis,
908 996 1074 1051 donec
1105 1013 1299 1067 ponam
1335 999 1579 1054 inimicos
1618 1015 1736 1052 suos
1770 997 2061 1052 seubellum

482 1086 674 1155 pedum
707 1088 998 1142 tuorum“.
1047 1088 1200 1155 Quos
1229 1105 1425 1160 nempe
1456 1091 1731 1154 inimicos,
1756 1090 1861 1144 nisi
1895 1105 2062 1160 supra

483 1188 842 1248 memoratos,
871 1181 966 1251 qui
997 1183 1316 1254 congregati
1358 1191 1489 1239 sunt
1517 1184 1786 1239 adversus
1813 1198 1962 1245 eum,
2007 1191 2063 1237 et

483 1269 775 1324 astiterunt
813 1270 1110 1340 principes,
1158 1287 1334 1343 reges,
1376 1282 1568 1343 gentes
1623 1283 1788 1344 atque
1836 1272 2063 1343 populi?

483 1362 650 1419 hosce
677 1364 825 1418 enim
853 1364 957 1420 sub
997 1365 1229 1434 pedibus
1255 1367 1377 1437 ejus
1401 1368 1821 1421 substmturum
1849 1382 1909 1420 se
1932 1379 2060 1435 pro-

485 1455 636 1512 misit
677 1456 859 1511 Pater.

557 1546 725 1603 Vens.
756 1549 810 1603 7.
849 1549 1109 1604 Dominus
1152 1550 1290 1602 dixit
1330 1548 1400 1601 ad
1446 1565 1560 1602 me:
1605 1547 1654 1600 ρ
1657 1548 1782 1602 ilius
1816 1564 1963 1602 meus
2003 1563 2058 1602 es

484 1648 560 1703 tu,
608 1656 702 1711 ego
734 1639 889 1696 hodie
941 1643 1098 1712 genui
1128 1649 1196 1698 te.
1244 1639 1400 1703 Illud,
1453 1640 1627 1704 hodie,
1675 1655 1873 1695 nomen
1918 1646 2060 1695 tem-

484 1732 633 1802 poris
677 1747 783 1798 est,
822 1735 1075 1805 idemque
1116 1733 1384 1804 signiﬁcat
1425 1740 1590 1803 atque
1646 1733 1904 1803 pricsenti
1942 1731 2055 1787 die.

2166 534 2421 605 βασίλεια
2472 535 2624 606 αὑτῷ
2685 536 3034 590 συνεστάναι·
3101 535 3266 605 μέρος
3314 534 3356 587 δ’
3391 534 3457 588 ἂν
3495 533 3598 602 τῆς
3633 534 3747 588 ἀνω

2179 629 2512 701 Ἐκκλησίας
2546 629 2640 684 καὶ
2679 632 2712 700 ἡ
2741 630 2834 683 ἐπὶ
2857 630 2962 701 γῆς
2994 632 3076 693 είς
3105 629 3281 682 ἐκεῖνο
3304 627 3489 691 τέλους
3531 627 3626 681 καὶ
3650 627 3751 682 αὖ·

2167 726 2239 794 τῇ
2274 723 2577 777 σπεύδουσα
2609 722 2709 795 (1).
2741 724 2932 786 Ὅπως
2974 722 3031 775 δὲ
3058 721 3162 776 ὑπὸ
3206 720 3302 774 τοῦ
3332 719 3542 792 [ἰατρὸς
3568 723 3626 773 ἐν
3678 724 3747 792 τῇ

2162 812 2475 885 ἐπουρανίῳ
2490 814 2628 866 Σιὼν
2653 812 2960 882 κατεστάθη
2982 811 3235 882 βασιλεὺς
3253 814 3283 865 6
3302 812 3531 882 Χριστὸς
3552 811 3747 876 αὑτοῦ,

2165 906 2401 977 πάρεστι
2427 907 2625 976 γνῶναι
2658 906 2751 959 καὶ
2775 905 2884 959 ἀπὸ
2916 904 3009 957 τοῦ
3039 904 3291 973 λέγεσθαι
3319 904 3468 974 αὐτῷ
3486 921 3499 934 ·
3545 905 3747 959 Κάθου

2160 1001 2229 1055 ἐκ
2258 998 2471 1065 δεξιῶν
2495 1017 2613 1069 μου
2633 1038 2649 1060 ,
2673 998 2779 1064 ἕως
2812 997 2891 1051 ἂν
2917 995 2999 1050 θῶ
3026 996 3161 1062 τοὺς
3190 997 3441 1065 ἐχθρούς
3465 1012 3581 1050 σου
3608 998 3749 1049 ὐπο-

2164 1093 2380 1146 πόδιον
2409 1090 2526 1145 τῶν
2558 1090 2761 1146 ποδῶν
2790 1104 2928 1143 σου.
2987 1089 3177 1153 Ποίους
3205 1088 3263 1141 δὲ
3295 1088 3521 1160 ἐχθροὺς
3551 1088 3584 1159 ἦ
3617 1089 3747 1153 τοὺς

2162 1184 2597 1257 προλεχθὼτας,
2635 1183 2762 1246 τοὺς
2789 1181 2855 1253 δὴ
2896 1179 3257 1249 συναχθέντας
3306 1180 3425 1233 κατ’
3451 1178 3616 1234 αὑτοῦ
3649 1179 3747 1233 καὶ

2163 1277 2545 1348 παραστάντας
2577 1274 2846 1346 ἄρχοντας
2874 1273 2967 1327 καὶ
2994 1272 3249 1342 βασιλεῖς,
3279 1272 3373 1326 καὶ
3423 1271 3607 1336 λαοὺς,
3651 1272 3749 1324 καὶ

2162 1369 2331 1440 ξθνη;
2382 1367 2607 1428 τούτους
2656 1367 2766 1438 γὰρ
2816 1365 3109 1432 omnem
3158 1367 3271 1428 τοῖς
3319 1363 3482 1419 αὑτοῦ
3528 1364 3685 1418 ποσὶν
3716 1365 3749 1417 6

2162 1460 2353 1532 Πατὴρ
2383 1459 2771 1532 ἐπηγγείλατο.

2230 1556 2449 1622 Κύριος
2494 1550 2626 1607 εἶπε
2675 1555 2829 1621 πρὸς
2860 1556 2943 1620 μέ
2969 1570 2981 1581 ·
3037 1551 3165 1616 Υἱός
3199 1567 3317 1619 μου
3355 1545 3413 1604 εἴ
3460 1549 3581 1613 σὺ,
3630 1547 3751 1617 ἐγὼ

2160 1645 2428 1716 σήμερον
2455 1642 2788 1716 γεγέννηκά
2812 1658 2905 1696 σε.
2958 1641 3033 1695 Τὸ
3061 1639 3327 1709 σήμερον
3352 1640 3521 1711 ὄνομα
3552 1639 3748 1711 χρόνου

2162 1739 2350 1792 ἐστίν·
2412 1736 2809 1807 ίσοδυναμεῖδὲ
2858 1739 2924 1807 τῇ
2974 1732 3252 1806 ἐνεστὼςῃ
3281 1732 3499 1804 ἡμέρᾳ·
3557 1731 3746 1803 ἡμέρα

485 1823 609 1881 Dies
669 1835 850 1880 autem
900 1834 987 1882 est
1025 1827 1384 1882 interstitium
1446 1826 1728 1897 quoddam
1772 1827 2058 1897 temporis.

2163 1831 2217 1885 δὲ
2267 1830 2547 1901 διάστημά
2590 1848 2642 1883 τι
2699 1828 2952 1899 κρονικόν
2986 1829 3125 1880 ἐστι.
3211 1825 3275 1877 ΤΞ
3305 1819 3400 1877 οὖν
3436 1839 3571 1894 φησι
3609 1821 3748 1894 πρὸς

480 1913 593 1969 Cur
617 1914 782 1986 igitur
804 1917 878 1970 ait
905 1917 983 1971 illi
1016 1916 1313 1973 Dominus:
1361 1916 1475 1989 Ego
1504 1917 1661 1971 hodie
1686 1918 1844 1988 genui
1885 1914 1974 1971 te?
2008 1916 2060 1971 id

477 2006 733 2062 videlicet
764 2007 833 2063 de
865 2009 1153 2081 temporali
1177 2011 1533 2080 generatione
1559 2010 1794 2072 dictum,
1819 2024 1942 2080 quae
1966 2025 2061 2080 per

478 2098 838 2153 oeconomiam
865 2098 1032 2156 facta.
1087 2099 1165 2156 De
1199 2102 1290 2156 illa
1321 2116 1561 2172 namque
1596 2118 1719 2173 qua:
1756 2101 1876 2157 sine
1903 2101 2053 2171 priu-

477 2189 625 2260 cipio
656 2197 765 2253 est,
795 2191 871 2246 ait
905 2195 1026 2262 ipse
1060 2190 1269 2247 David:
1325 2192 1408 2246 Ex
1434 2202 1583 2249 utero
1629 2203 1753 2249 ante
1782 2195 2059 2263 luciferum

478 2282 634 2349 genui
666 2284 800 2337 te".
850 2282 1111 2355 Gignitur
1141 2292 1325 2340 autem
1369 2285 1553 2350 hodie,
1585 2303 1693 2342 non
1724 2288 2054 2359 principium

480 2373 787 2429 exsistendi
816 2376 872 2430 in
898 2384 1027 2430 ortu
1056 2378 1356 2447 accipiens,
1388 2378 1484 2434 sed
1515 2381 1818 2435 secundum
1858 2396 2060 2435 carna-

484 2467 591 2521 lem
633 2468 1002 2523 mconomiam
1042 2467 1095 2521 in
1127 2466 1477 2538 adoptionem
1501 2472 1745 2526 veniens.
1801 2470 1869 2525 Et
1902 2472 2058 2542 quis-

484 2557 611 2627 quis
661 2557 732 2613 ab
773 2572 841 2612 eo
890 2558 1091 2628 accipit
1142 2565 1470 2629 potestatem
1516 2567 1577 2615 ut
1622 2561 1766 2617 (ilius
1803 2561 1893 2617 Dei
1944 2563 2054 2627 ﬁat,

481 2647 700 2718 quando
728 2648 890 2710 ﬁlius,
916 2665 1015 2720 per
1034 2644 1360 2721 baptismum
1390 2661 1758 2722 regeneratus,
1790 2653 2056 2721 ellieitur;

482 2739 574 2809 qui
631 2747 812 2795 tamen
853 2739 1067 2810 aliquid
1114 2739 1295 2796 fuerat
1333 2748 1628 2812 antequam
1688 2743 1833 2798 ﬁlius
1884 2752 2054 2809 esset,

481 2841 609 2887 tunc
665 2832 784 2903 ipse
839 2832 1184 2887 nobilitatnr.
1235 2831 1450 2887 Dicitur
1494 2835 1771 2904 propriam
1802 2834 2058 2890 Hebraici

480 2931 663 2981 textus
694 2923 1152 2991 signiﬁcationem
1184 2940 1308 2980 esse
1334 2927 1530 2995 peperi,
1557 2941 1665 2995 qua
1695 2926 1892 2997 Aquila
1924 2942 2059 2983 usus

479 3027 583 3072 est.
637 3016 939 3086 Apostolus
974 3022 1156 3071 autem
1208 3016 1562 3087 legisperitus
1607 3032 1732 3072 cum
1786 3028 1955 3083 esset,
2003 3021 2058 3076 in

482 3108 727 3179 Epistola
754 3106 824 3162 ad
850 3107 1111 3164 Hebraeos
1144 3106 1502 3179 Septuaginta
1523 3108 1891 3181 lnterpretum
1934 3128 2056 3168 ver-

483 3202 638 3258 sione
669 3214 806 3257 usus
839 3208 945 3257 est.

550 3291 709 3360 Quod
743 3300 926 3348 autem
953 3292 1072 3347 hinc
1110 3294 1165 3347 in
1194 3291 1482 3350 Salvatore
1509 3302 1702 3351 nostro
1730 3294 1860 3352 Iesu
1896 3296 2057 3352 Chri-

485 3392 592 3449 sto,
627 3392 683 3441 et
708 3399 823 3440 non
848 3385 904 3439 in
935 3385 1067 3453 alio,
1091 3387 1365 3457 completa
1393 3388 1525 3453 sint,
1557 3387 1899 3457 declaratur;
1927 3392 2058 3449 illud

483 3480 666 3535 enim:

552 3568 795 3628 V3353.
830 3569 1059 3626 Postula
1080 3586 1235 3633 ame,
1276 3579 1326 3624 et
1363 3571 1501 3625 dabo
1527 3571 1622 3625 tibi
1642 3584 1821 3642 gentes
1846 3572 2069 3629 heredi-

2161 1925 2326 1978 αὐτὸν
2345 1926 2375 1977 6
2404 1923 2607 1995 Κύριος
2626 1942 2642 1953 ·
2690 1920 2833 1991 Ἐγὼ
2863 1919 3132 1989 σήμερον
3162 1913 3489 1988 γεγέννηκά
3515 1930 3621 1977 σε;
3651 1915 3749 1985 δη-

2159 2017 2336 2071 λονότι
2391 2016 2522 2087 περὶ
2578 2016 2678 2085 τῆς
2740 2014 2999 2087 χρονικῆς
3051 2012 3152 2084 ἔφη
3193 2011 3466 2082 γενήσεως
3495 2008 3592 2078 τῆς
3623 2008 3748 2061 κατ’

2158 2106 2503 2176 οἰκονομίαν·
2568 2105 2697 2177 περὶ
2753 2104 2865 2174 γὰρ
2915 2103 3015 2173 τῆς
3045 2102 3280 2172 άνάρχου
3312 2099 3476 2171 φησὶν
3527 2098 3690 2163 αὐτὸς
3719 2099 3751 2151 6

2158 2197 2355 2251 Δαυῖδ·
2417 2199 2512 2251 Ἐκ
2548 2195 2809 2267 γαστρὸς
2838 2194 2951 2262 πρὸ
2982 2194 3290 2261 ἑωσφόρον
3320 2189 3619 2260 ἐγέννησα
3650 2207 3746 2244 σε.

2160 2290 2423 2343 Γεννᾶται
2452 2290 2509 2344 δὲ
2541 2291 2783 2360 σήμερον
2821 2288 2944 2356 οὐχὶ
2999 2286 3172 2358 ἀρχὴν
3208 2285 3515 2347 συστάσεως
3567 2284 3626 2336 ἰν
3668 2282 3750 2354 τῷ

2160 2379 2458 2448 γεννᾶσθαι
2508 2379 2800 2449 λαμϐάνων
2819 2417 2835 2441 ,
2872 2375 3012 2431 κατὰ
3047 2376 3104 2428 δὲ
3129 2375 3226 2446 τὴν
3250 2373 3515 2445 σαρκικὴν
3544 2374 3751 2426 οἰκονο-

2161 2472 2297 2541 μίαν
2326 2473 2407 2533 εἰς
2430 2470 2702 2524 υἱοθεσίαν
2731 2467 2923 2522 ἐλθὼν.
2960 2466 3069 2519 Καὶ
3088 2467 3117 2520 6
3138 2467 3266 2536 παρ’
3292 2463 3456 2518 αὑτοῦ
3481 2463 3536 2516 δὲ
3566 2461 3751 2516 λαϐὼν

2157 2563 2410 2632 ἐξουσίαν
2434 2562 2623 2616 τέκνον
2648 2560 2786 2615 Θεοῦ
2806 2558 3055 2629 γενέσθαι
3071 2599 3086 2622 ,
3111 2560 3198 2612 ὅτε
3220 2557 3428 2627 γίνεται
3448 2556 3636 2610 τέγνον
3658 2554 3752 2609 διὰ

2156 2653 2256 2708 τοῦ
2293 2652 2666 2723 βαπτίσματος
2697 2647 3141 2718 ἀναγεννὼμενος
3170 2687 3186 2711 ,
3217 2646 3402 2719 ῑτερόν
3430 2663 3482 2699 τι
3513 2644 3620 2715 πρὸ
3651 2645 3749 2698 τοῦ

2157 2740 2302 2798 εἶναι
2334 2742 2523 2797 τέκνον
2557 2740 2820 2811 ὑπάρχων
2845 2778 2861 2803 ,
2901 2737 3314 2806 ὲξευγενίζεται.
3360 2734 3414 2791 Ὀ
3455 2737 3642 2808 μέντοι
3682 2754 3749 2806 γε

2170 2834 2425 2906 Ἐϐραῖος
2458 2834 2675 2901 ἐλέγετο
2710 2832 2899 2902 κύριον
2934 2826 3071 2884 εἶναι
3108 2830 3206 2900 τῆς
3235 2828 3433 2895 λέξεως
3460 2870 3476 2893 ,
3513 2828 3749 2893 ἔτεκον,

2156 2928 2297 2999 ὅπερ
2319 2927 2411 2979 καὶ
2442 2924 2675 2989 Ἀκύλας
2702 2922 3018 2993 πεποίηκεν.
3062 2918 3119 2973 '0
3141 2919 3198 2974 δὲ
3232 2920 3571 2985 ’Δπόστολος,
3597 2938 3754 2990 νομο-

2161 3018 2343 3089 μαθὴς
2371 3018 2635 3090 ὑπάρχων
2654 3057 2670 3081 ,
2696 3017 2754 3070 ἐν
2776 3018 2844 3087 τῇ
2870 3014 3006 3087 πρὸς
3039 3013 3321 3085 Ἑϐραίους
3339 3016 3406 3086 τῇ
3427 3014 3533 3068 τῶν
3568 3009 3752 3069 Ἐὁόο-

2084 3168 2127 3225 c
2163 3111 2408 3183 μήκοντα
2436 3109 2729 3180 ἐχρήσατο.

2228 3291 2342 3346 Καὶ
2373 3290 2456 3344 ὅτι
2488 3305 2552 3358 γι
2600 3289 2681 3350 εἰς
2711 3285 2805 3339 τὸν
2839 3283 3105 3355 ἡμέτερον
3137 3281 3364 3353 Σωτῆρα
3406 3278 3615 3352 Ἰησοῦν
3658 3279 3754 3334 τὸν

2159 3383 2433 3457 Χριστὸν,
2484 3382 2583 3434 καὶ
2633 3378 2736 3431 οὐκ
2763 3378 2845 3440 είς
2905 3375 3100 3441 ἄλλον,
3156 3373 3510 3446 πεπλήρωται
3552 3370 3753 3437 ταῦτα,

2163 3474 2493 3547 παρίστησι·
2526 3468 2588 3523 τὸ
2621 3467 2729 3540 γάρ
2749 3481 2764 3496 ·

2228 3567 2483 3633 Αἴτησαι
2505 3562 2639 3631 παρ’
2661 3557 2827 3628 ἐμοῦ,
2850 3556 2949 3614 καὶ
2968 3555 3139 3611 δώσω
3168 3571 3265 3610 σοι
3290 3555 3435 3622 ἔθνη
3466 3552 3581 3621 τὴν
3611 3556 3757 3621 un.

484 3669 649 3715 tatem
687 3669 857 3728 tuam,
882 3671 937 3717 et
976 3663 1361 3733 possessionem
1401 3673 1548 3717 tuam
1593 3667 1845 3720 terminos
1887 3676 2058 3735 terra',

2163 3660 2447 3728 ρονομὶαν
2466 3672 2604 3717 σου,
2629 3655 2721 3708 καὶ
2749 3653 2864 3721 τὴν
2882 3647 3256 3717 κατάσχεσίν
3284 3663 3400 3700 σου
3430 3644 3500 3698 τὰ
3526 3643 3756 3713 πέρατα

485 3768 652 3810 nemo
670 3752 873 3810 dixerit
904 3754 961 3808 in
990 3755 1100 3809 alio
1129 3753 1386 3826 quopiam
1432 3764 1680 3812 veterum
1704 3755 1800 3812 Dei
1828 3758 2058 3829 prophe-

2163 3751 2270 3819 τῆς
2318 3750 2452 3821 τῆς.
2506 3748 2681 3812 οὐδεὶς
2734 3747 2800 3801 ἂν
2848 3744 2959 3815 ἔχοι
3003 3741 3168 3811 φάναι
3241 3739 3323 3806 ἐφ’
3385 3737 3573 3809 ἑτέρου
3642 3737 3757 3791 τῶν

485 3856 667 3902 tarum
693 3845 871 3903 visum
892 3861 958 3901 ac
971 3848 1301 3920 completum
1321 3862 1460 3904 esse.
1492 3846 1627 3903 Nam
1650 3863 1825 3919 neque
1846 3849 2058 3922 Moyses

2163 3845 2335 3901 πάλαι
2360 3842 2455 3897 τοῦ
2483 3839 2619 3896 Θεοῦ
2650 3837 2944 3911 προφητῶν
2978 3830 3399 3904 πεφανερῶσθαι
3425 3830 3518 3884 καὶ
3543 3829 3757 3901 πεπλη-

485 3937 743 3994 omnibus
779 3938 1036 4010 gentibus
1064 3940 1370 4010 imperavit,
1416 3955 1595 4012 neque
1644 3939 1838 4006 David,
1885 3957 2058 4012 neque

2163 3936 2391 4011 ρῶσθαι.
2423 3933 2563 3989 Οὔτε
2591 3931 2699 4003 γὰρ
2721 3930 2962 4001 Μωῦσῆς
2988 3925 3095 3979 τῶν
3113 3922 3281 3979 ἐθνῶν
3308 3924 3560 3976 ἁπάντων
3581 3923 3755 3993 ὲγρά-

486 4028 770 4096 Salomon,
802 4045 979 4101 neque
1005 4032 1147 4088 alius
1169 4033 1437 4101 quispiam
1465 4047 1657 4088 eorum
1681 4033 1778 4104 qui
1806 4047 1837 4087 a
1860 4035 2058 4089 saeculo

2163 4046 2329 4101 τησεν
2348 4066 2365 4091 ,
2408 4025 2533 4080 οὔτε
2584 4023 2745 4077 Δαυῒδ
2768 4062 2783 4084 ,
2825 4019 2951 4074 οὔτε
2978 4015 3230 4085 Σολομὼν
3249 4057 3265 4078 ,
3294 4013 3417 4068 οὔτε
3448 4029 3532 4076 τις
3564 4012 3757 4084 ἒτερος

481 4120 637 4178 fuere
662 4123 1050 4195 prophetarum
1084 4132 1182 4178 aut
1213 4139 1441 4194 regum:
1487 4125 1592 4179 soli
1639 4103 1829 4180 autem
1874 4124 2058 4180 Salva-

2163 4117 2460 4193 προφητῶν
2504 4116 2539 4188 ἢ
2588 4113 2848 4185 βασιλέων
2892 4110 3000 4163 τῶν
3062 4106 3123 4171 ἐξ
3171 4106 3362 4169 αἰῶνος
3406 4103 3752 4203 γενομένων·

479 4213 588 4267 ιοςί
628 4220 819 4269 nostro
866 4214 983 4273 haec
1012 4222 1323 4284 competere
1360 4216 1445 4270 vel
1473 4214 1590 4285 ipsa
1619 4230 1808 4271 rerum
1840 4215 2057 4285 perspi-

2166 4214 2317 4286 μόνῳ
2335 4212 2394 4264 δὲ
2413 4208 2492 4280 τῷ
2519 4206 2772 4278 ἡμετέρῳ
2800 4202 3013 4273 Σωτῆρι
3033 4202 3068 4271 ἡ
3095 4199 3201 4253 τῶν
3229 4198 3566 4270 πραγμάτων
3595 4194 3760 4267 ἔναρ-

479 4302 656 4357 cuitas
677 4302 1034 4358 testiﬁcatur:
1062 4303 1503 4374 quandoquidem
1527 4305 1582 4359 in
1614 4320 1833 4361 omnem
1858 4316 2058 4363 terram

2163 4322 2292 4374 γεια
2340 4301 2635 4373 μαρτυρεῖ·
2670 4294 2965 4367 ἐπειδήπερ
3015 4294 3096 4355 εἰς
3130 4292 3310 4345 πᾶσαν
3340 4289 3438 4362 τὴν
3467 4288 3573 4360 γῆν
3601 4287 3760 4359 ἐξῆλ-

478 4394 653 4449 exivit
673 4408 842 4450 sonus
874 4396 1251 4464 apostolorum
1275 4396 1415 4463 ejus,
1440 4405 1495 4453 et
1530 4398 1585 4451 in
1617 4397 1757 4453 lines
1780 4397 1934 4453 orbis
1963 4405 2058 4455 ter-

2165 4397 2260 4451 θεν
2313 4396 2343 4447 6
2393 4391 2630 4462 φθόγγος
2670 4387 2777 4441 τῶν
2825 4384 3136 4440 ἀποστόλων
3185 4383 3385 4446 αὐτοῦ,
3431 4382 3527 4438 καὶ
3575 4384 3656 4447 εἰς
3688 4382 3759 4435 τὰ

478 4500 556 4541 ra:
591 4485 762 4541 verba
789 4500 979 4540 eorum
1011 4488 1380 4552 pervasere".

2171 4489 2389 4559 πέρατα
2415 4484 2513 4554 τῆς
2536 4479 2858 4551 οἰκουμένης
2885 4478 2956 4531 τὰ
2989 4478 3207 4549 ῥήματα
3239 4474 3418 4529 αὐτῶν
3449 4473 3681 4546 διῆλθεν.

548 4578 721 4635 Vsus.
761 4578 816 4635 9.
849 4578 1049 4634 Pasces
1074 4597 1161 4634 eos
1188 4581 1243 4634 in
1264 4582 1407 4653 virga
1429 4583 1627 4653 ferrea,
1656 4593 1910 4654 tanquam
1933 4599 2061 4638 vasa

480 4671 635 4744 ﬁguli
685 4671 986 4743 confringes
1028 4689 1137 4728 eos.
1167 4672 1399 4745 Accepta
1445 4677 1499 4730 in
1541 4691 1737 4730 omnes
1768 4683 2059 4746 potestate,

479 4763 697 4834 priores
724 4764 847 4819 illos
873 4765 969 4835 qui
1000 4765 1289 4821 adversum
1341 4774 1393 4821 te
1440 4767 1788 4822 fremuerunt
1830 4775 1885 4821 et
1923 4782 2060 4824 vana

480 4854 731 4910 meditati
756 4863 905 4921 sunt,
938 4856 1033 4911 sed
1071 4858 1236 4913 etiam
1267 4858 1358 4928 qui
1402 4858 1721 4921 astiterunt,
1748 4868 1804 4913 et
1855 4872 2056 4915 conve-

481 4954 687 5005 nerunt
705 4947 996 5005 adversum
1018 4956 1072 5005 te
1093 4965 1248 5022 reges
1270 4958 1431 5005 terrm
1451 4958 1505 5004 et
1521 4950 1817 5020 principes,
1840 4965 2057 5019 pasces,

480 5056 588 5099 non
616 5041 883 5111 pastorali
922 5050 1337 5099 mansuetarum
1383 5043 1570 5097 ovium
1596 5043 1770 5113 virga,
1798 5059 1920 5114 qum
1948 5060 2060 5100 ser-

480 5134 742 5191 monibus
773 5135 1223 5207 salutaribusque
1260 5136 1573 5207 disciplinis
1597 5144 1814 5191 constat
1840 5154 1855 5205 ;
1881 5138 2062 5208 hujus-

478 5227 627 5283 modi
656 5242 898 5300 namque
928 5228 1080 5300 virga
1112 5228 1435 5283 rationabili
1465 5228 1676 5283 Christi
1705 5243 1835 5285 oves
1864 5231 1917 5286 in
1940 5233 2058 5302 ejus

482 5324 742 5387 ovilibus,
774 5325 888 5381 sive
914 5325 969 5380 in
992 5323 1263 5380 Ecclesiis
1292 5329 1348 5378 et
1369 5320 1754 5393 Spiritualibus
1781 5338 2061 5384 sacrarum

485 5412 897 5486 Scripturarum
920 5415 1170 5487 pascuis,
1216 5426 1519 5487 reguntur;
1561 5413 1658 5469 sed
1683 5414 1738 5467 in
1760 5414 1911 5485 virga
1952 5416 2062 5473 ler-

486 5525 610 5577 rea;
643 5525 750 5580 qua
774 5518 828 5565 et
856 5511 979 5568 illos
1007 5519 1061 5566 et
1082 5509 1448 5581 cogitationes
1476 5520 1667 5561 eorum
1694 5506 2057 5581 confringere,

558 5642 602 5674 ὀ
638 5642 813 5700 Galat.
850 5660 935 5713 Iv,
967 5642 1060 5698 26.
1143 5642 1184 5673 ⁸⁸
1230 5638 1520 5703 Psal.(:Ix,
1563 5637 1610 5702 l,
1650 5636 1703 5693 2.
1783 5640 1824 5671 η

1922 5645 2049 5705 ibid.
2116 5653 2171 5709 4.

2244 4576 2563 4647 Hamas-sic
2590 4572 2811 4638 αὐτοὺς
2841 4570 2911 4625 ἐν
2929 4565 3131 4633 ῥάϐδῳ
3158 4565 3377 4637 σιδηρᾷ
3401 4609 3417 4633 ,
3453 4569 3534 4634 ὡς
3559 4569 3758 4636 σκεύη

2172 4669 2472 4742 κεραμέως
2527 4667 2882 4734 συντρίψεις
2928 4662 3172 4727 αὐτούς.
3248 4659 3440 4715 Λαϐὼν
3476 4659 3575 4732 τὴν
3614 4660 3764 4714 κατὰ

2170 4766 2397 4822 πάντων
2447 4759 2734 4828 ἐξουσίαν,
2794 4757 2918 4819 τοὺς
2968 4753 3264 4827 προτέρους
3325 4752 3564 4817 ἐκείνους
3630 4754 3765 4817 τοὺς

2167 4859 2319 4916 κατὰ
2361 4854 2456 4909 σοῦ
2488 4850 2832 4923 φρυάξαντας
2864 4848 2956 4901 καὶ
2989 4845 3122 4900 κενὰ
3155 4846 3555 4917 μελετήσαντας
3575 4886 3590 4909 ,
3622 4847 3766 4901 ἀλλὰ

2166 4955 2269 5011 καὶ
2321 4952 2445 5013 τοὺς
2477 4946 2860 5018 παραστάντας
2904 4941 3001 4995 καὶ
3057 4937 3414 5007 συναχθέντας
3466 4938 3608 4992 κατὰ
3662 4939 3765 4993 σοῦ

2168 5045 2420 5122 βασιλεῖς
2443 5060 2507 5097 τε
2540 5041 2645 5111 γῆς
2684 5041 2778 5094 καὶ
2818 5038 3084 5110 ἄρχοντας
3113 5034 3417 5102 ποιμανείς.
3468 5032 3619 5122 οὐῌτῇ
3650 5031 3768 5085 τῶν

2167 5120 2401 5214 ἡμέρων
2429 5135 2718 5206 προϐάτων
2746 5128 3076 5201 ποιμαντικῇ
3112 5123 3322 5196 ράὖδῳ,
3368 5125 3433 5194 τῇ
3468 5120 3555 5175 διὰ
3585 5121 3770 5189 λόγων

2165 5233 2270 5287 καὶ
2293 5226 2577 5297 σωτηρίων
2608 5222 2944 5296 μαθημάτων
2962 5236 2976 5249 ·
2998 5216 3217 5286 τοιαύτῃ
3239 5215 3345 5286 γὰρ
3366 5214 3559 5285 λογικῇ
3580 5214 3774 5287 ῥάϐδῳ

2167 5325 2241 5378 τὰ
2280 5318 2523 5391 Χριστοῦ
2582 5313 2828 5385 πρόϐατα
2866 5313 2923 5364 ὲν
2959 5312 3080 5372 ταῖς
3122 5306 3381 5379 μάνδραις
3418 5304 3584 5359 αὖτοῦ
3613 5346 3630 5371 ,
3704 5307 3771 5360 ὲν

2165 5417 2297 5475 ταῖς
2342 5407 2687 5478 Ἐκκλησίαις
2718 5404 2813 5457 καὶ
2853 5404 2970 5465 ταῖς
2998 5400 3106 5454 τῶν
3141 5396 3300 5469 ἱερῶν
3325 5394 3553 5466 Γραφῶν
3600 5412 3774 5450 πνευ-

2173 5503 2443 5579 ματικαῖς
2471 5500 2665 5569 νομαῖς
2689 5495 3032 5567 ποιμαίνεται
3055 5509 3067 5522 ·
3105 5490 3217 5546 ἀλλ’
3248 5490 3308 5543 ὲν
3336 5486 3515 5560 ράὁδῳ
3540 5488 3772 5561 σιδηρᾷ,

2321 5637 2365 5669 ⁸³
2403 5634 2553 5693 Psal.
2586 5647 2755 5695 XVIII,
2791 5631 2861 5686 5.’

555 5799 633 5878 (i)
658 5800 846 5874 Λύτῇ.
894 5815 1006 5856 σπ.
1041 5796 1359 5871 Legendum
1385 5796 1545 5867 αὐτή.
1576 5810 1768 5866 nempe
1793 5797 1826 5869 ἡ
1854 5798 1943 5850 ἐπὶ
1971 5799 2058 5867 γῆς

2163 5793 2448 5865 Ξκκλησία.
2486 5790 2642 5847 Enn.
