4096 6392
368 343 434 401 89
1450 334 1958 396 COMMENTARIA
1997 333 2064 389 IN
2101 333 2445 392 PSALMOS.
3530 341 3604 397 90

368 460 437 514 δι’
461 455 531 532 ἧς
557 458 862 532 συντρίψειν
893 459 1109 523 αὐτοὺς,
1143 458 1236 513 καὶ
1261 460 1323 513 τὸ
1345 459 1514 531 οίημα
1538 459 1718 513 αὐτῶν
1747 459 1946 514 κατεάο

2069 468 2102 514 ιι
2135 467 2394 531 tanquam
2453 474 2551 514 vas
2582 458 2730 530 ﬁguli
2757 466 3041 515 conterere
3079 458 3194 529 ipse
3235 457 3455 513 dicitur.
3497 456 3624 511 Vir—

371 552 667 626 ξεινιδίκην
709 552 930 621 ἀγγείου
977 551 1297 623 ὀστρακίνου
1328 552 1565 621 λέγεται.
1640 551 1860 605 Ῥάὸδον
1889 550 1946 603 δὲ

374 643 598 715 σιδηρᾶν
633 644 734 715 τὴν
777 644 1063 715 Ῥωμαίων
1091 644 1266 716 ἀρχὴν
1291 640 1431 696 εἷναί
1468 660 1632 714 φησιν
1654 683 1670 708 ,
1716 645 1948 713 ἐπικρα-

371 733 630 805 τεστὲραν
651 734 945 807 γενομένην
984 735 1119 804 μετὰ
1140 735 1239 805 τὴν
1262 733 1355 787 τοῦ
1378 734 1628 805 Σωτῆρος
1651 733 1807 804 ἡμῶν
1832 734 1950 786 ὲπι-

374 826 617 895 φάνειαν.
685 825 771 892 Ἐξ
793 825 1003 880 ἐκείνου
1035 826 1148 894 γὰρ
1176 824 1285 877 τῶν
1310 825 1428 878 κατ’
1454 823 1579 896 ἔθνη
1605 823 1950 894 πολυαρχιῶν

374 916 468 971 καί⁵
518 915 626 969 τῶν
675 917 817 971 κατά
853 916 1037 989 χώρας
1075 915 1376 987 ὲθναρχιῶν
1414 915 1820 970 καταλυθεισῶν
1844 956 1860 981 ,
1916 918 1950 988 ἡ

385 1006 670 1078 Ῥωμαίων
695 1008 1031 1080 ὲμονὰρχησε
1065 1007 1331 1078 βασιλεία,
1359 1006 1426 1077 ἣν
1465 1008 1559 1061 καὶ
1581 1008 1615 1078 ἡ
1635 1006 1728 1060 τοῦ
1752 1006 1952 1078 Δανιὴλ

373 1100 680 1173 προφητεία
714 1099 939 1171 σιδηρᾶν
972 1101 1269 1172 προσεῖπεν
1301 1140 1317 1164 ,
1352 1100 1445 1153 ἐπὶ
1486 1098 1583 1170 μὲν
1615 1097 1713 1169 τῆς
1745 1097 1954 1160 εἰκόνος

374 1194 623 1265 φήσασαο
646 1193 703 1245 αἱ
735 1191 941 1262 κνῆμαι
968 1193 1061 1245 καὶ
1087 1192 1136 1245 οἱ
1168 1192 1325 1256 πόδες
1356 1191 1563 1263 σιδηροῖ
1582 1230 1597 1254 ,
1630 1190 1724 1243 καὶ
1751 1190 1851 1260 τὴν
1872 1191 1956 1260 ἑρ-

376 1285 599 1357 μηνείαν
640 1284 905 1356 ὲκθεμένη
930 1283 1018 1338 διὰ
1044 1282 1137 1337 τοῦ
1162 1284 1326 1353 φάναι
1349 1301 1363 1314 ·
1387 1282 1678 1337 Βασιλεία
1703 1280 1953 1348 τετάρτη

372 1381 541 1435 ἔσται
555 1378 772 1449 ισχυρὰ
783 1378 862 1444 ὡς
874 1381 906 1431 ὀ
914 1376 1181 1447 σίδηρος·
1200 1375 1272 1429 ὃν
1282 1377 1505 1444 τρόπον
1518 1375 1626 1445 γὰρ
1639 1376 1672 1428 ὁ
1685 1371 1952 1441 σίδηρος,

372 1473 653 1529 λεπτυνεῐ
670 1471 768 1525 καὶ
791 1469 1045 1540 δαμάσει
1060 1486 1073 1500 ·
1110 1469 1202 1522 ἐπὶ
1222 1467 1280 1521 δὲ
1303 1466 1404 1537 τῆς
1426 1465 1670 1538 ὁράσεως
1702 1462 1794 1517 τοῦ
1823 1478 1958 1533 προ-

372 1566 541 1637 φήτου
561 1575 573 1588 ’
609 1563 718 1617 Καὶ
749 1561 880 1615 ὶδοὺ
899 1602 913 1626 ,
951 1560 1113 1631 φησὶν
1132 1600 1148 1624 ,
1197 1558 1340 1619 ζῶον
1370 1556 1654 1625 τέταρτον
1679 1552 1954 1624 φοϐερὸν,

372 1656 471 1710 καὶ
502 1658 556 1709 al
584 1653 829 1719 ὀδόντες
855 1651 1039 1707 αὐτοῦ
1067 1649 1329 1718 σιδηροῖ,
1364 1649 1572 1704 ἐσθίον
1603 1648 1701 1703 καί
1740 1647 1958 1702 λεπτύ-

372 1767 482 1803 νον
496 1789 512 1814 ,
533 1746 720 1803 καὶτὰ
738 1746 1026 1800 ἐπίλοιπα
1048 1742 1172 1809 τοῖς
1193 1741 1378 1796 ποσὶν
1395 1742 1583 1796 αὐτοῦ
1605 1737 1952 1795 συνεπάτει.

2049 563 2173 619 gam
2220 558 2404 604 autem
2453 548 2687 605 ferream
2731 546 3042 603 Romanum
3101 547 3388 617 imperium
3438 553 3620 609 vocat,

2048 642 2195 711 quod
2216 643 2523 697 secundum
2552 640 2860 696 Salvatoris
2888 639 3067 695 nostri
3097 637 3393 693 adventum
3424 645 3624 707 poten-

2051 736 2160 790 tius
2187 735 2383 790 evasit.
2431 733 2568 789 Nam
2614 751 2739 790 cum
2769 735 2964 790 exinde
3007 730 3168 787 multi
3202 729 3451 800 variique
3494 744 3626 799 gen-

2050 827 2190 881 tium
2219 827 2583 898 principatus,
2605 836 2660 883 et
2682 840 2778 899 per
2807 827 3054 882 diversas
3080 822 3331 892 regiones
3372 821 3625 876 domina-

2050 925 2140 972 tus
2167 918 2464 972 multorum
2494 917 2740 987 abrogati
2775 917 2905 979 sint,
2925 929 3092 969 unum
3121 912 3488 966 Romanorum
3520 910 3625 964 im-

2053 1009 2262 1079 perium
2293 1008 2551 1070 obtinuit,
2574 1007 2719 1079 quod
2743 1009 2795 1062 in
2816 1007 3053 1062 Danielis
3079 1003 3362 1075 prophetia
3388 1001 3624 1057 ferreum

2052 1109 2310 1157 vocatur:
2338 1116 2464 1156 nam
2515 1101 2588 1156 ibi
2627 1101 2694 1155 de
2724 1106 2905 1155 statua
2938 1098 3160 1160 dicitur,
3192 1095 3340 1150 tibiae
3367 1102 3420 1149 et
3458 1092 3625 1164 pedes

2053 1193 2173 1264 ejus
2206 1193 2400 1249 ferrei:
2430 1193 2659 1263 ejusque
2693 1192 2771 1246 rei
2809 1189 3310 1259 interpretationem
3352 1184 3510 1240 affert
3538 1184 3627 1240 his

2053 1285 2271 1343 verbis:
2320 1285 2551 1355 Regnum
2590 1294 2839 1355 quartum
2869 1283 3144 1337 robustum
3203 1280 3303 1335 erit
3327 1278 3464 1333 sicut
3513 1276 3624 1345 fer-

2054 1394 2173 1432 rum
2191 1399 2208 1433 :
2241 1377 2680 1447 quemadmodum
2700 1377 2840 1430 enim
2865 1374 3086 1443 ferrum,
3114 1373 3431 1427 comminuet
3458 1376 3509 1423 et
3532 1368 3631 1423 do-

2057 1466 2286 1522 mabit“
2327 1467 2610 1537 Perpende
2638 1462 3309 1534 mihi,qu:eso.propbetae
3323 1459 3586 1514 visionem
3611 1477 3623 1512 :

2058 1555 2127 1610 Et
2155 1572 2291 1618 ecce,
2326 1555 2522 1625 inquit,
2550 1555 2715 1610 bestia
2737 1564 2930 1626 quarta
2967 1551 3243 1617 terribilis,
3268 1550 3419 1620 cujus
3448 1547 3627 1602 dentes

2056 1649 2238 1720 ferrei,
2262 1647 2536 1703 comedens
2580 1658 2734 1717 atque
2760 1648 3144 1709 comminuens,
3169 1653 3220 1700 et
3245 1644 3450 1714 reliqua
3481 1639 3630 1710 pedi-

2060 1739 2154 1794 bus
2196 1741 2308 1794 suis
2356 1738 2787 1793 conculcabat“.
2838 1736 2954 1792 Hoc
2987 1735 3173 1807 itaque
3205 1749 3433 1805 regnum
3476 1733 3632 1787 hisce

374 1840 590 1908 Ταύτην
621 1838 797 1892 τοίνυν
829 1837 923 1890 καὶ
955 1836 1046 1889 ἐπὶ
1071 1833 1166 1887 τοῦ
1206 1833 1472 1906 παρόντος
1523 1831 1815 1903 δηλοῦσθαι
1841 1831 1946 1899 φά-

2069 1832 2236 1887 verbis
2258 1830 2554 1902 signiﬁcari
2596 1829 2870 1885 creditur:
2902 1828 3100 1883 Pasce:
3127 1843 3215 1882 eos
3244 1828 3299 1881 in
3328 1828 3477 1897 virga
3520 1825 3629 1895 [er-

376 1948 595 1994 σκοντος
613 1929 771 1999 λόγου
790 1945 806 1961 ·
824 1925 1136 1997 Ποιμανεῖς
1151 1924 1373 1990 αὐτοὺς
1401 1924 1469 1977 ἐν
1483 1923 1683 1992 ῥάϐδῳ
1714 1918 1951 1990 σιδηρᾷ.

375 2024 456 2091 ὡς
477 2023 669 2090 σκεύη
696 2019 997 2089 κεραμέως
1033 2018 1387 2085 συντρίψεις
1418 2015 1660 2081 αὐτούς.
1717 2014 1955 2085 Δυνάμει

376 2115 484 2186 γὰρ
515 2114 714 2183 ἀφανεῖ
740 2116 836 2166 καὶ
860 2111 1077 2181 ἀοράτῳ
1104 2107 1254 2179 παρά
1277 2106 1368 2161 τοῦ
1392 2106 1605 2178 Πατρὸς
1626 2105 1828 2177 κλῆρον
1852 2122 1958 2159 πα-

378 2205 629 2280 ραλαϐὼν
689 2204 758 2258 τά
789 2203 911 2258 καθ’
947 2202 1073 2272 ὅλης
1122 2201 1219 2271 τῆς
1255 2199 1577 2270 οἰκουμένης
1607 2197 1734 2269 ἔθνη
1766 2200 1795 2251 ὁ
1825 2198 1959 2269 Χρι-

379 2302 501 2366 στὸς
526 2340 542 2363 ,
611 2298 738 2362 τοὺς
777 2297 874 2369 μὲν
912 2292 1291 2363 ὲπεγνωκότας
1331 2291 1494 2346 αὐτὸν
1520 2330 1535 2355 ,
1591 2291 1687 2345 καὶ
1720 2288 1825 2344 ὑπὸ
1858 2289 1957 2361 τὴν

376 2390 540 2447 αὐτοῦ
571 2389 810 2463 μάνδραν
851 2385 1177 2456 γενομένους
1204 2385 1457 2455 ποιμανεί
1495 2381 1732 2450 εἰσάγων
1760 2382 1855 2436 καὶ
1874 2381 1960 2448 ἐξ·

378 2486 522 2554 ἀγων
538 2484 616 2546 είς
629 2480 838 2551 ἀγαθὰς
851 2477 1040 2551 νομὰς,
1058 2477 1198 2530 ὥστε
1226 2475 1403 2545 λέγειν
1423 2474 1520 2547 τὴν
1534 2473 1700 2528 αὑτοῦ
1726 2474 1961 2544 ποίμνην

377 2577 589 2649 (λογικὴ
618 2577 726 2649 γὰρ
749 2571 861 2647 ἦν)ο
890 2577 1103 2644 Κύριος
1115 2575 1409 2645 ποιμαίνει
1432 2592 1531 2644 με,
1558 2574 1659 2629 καὶ
1683 2571 1863 2629 οὐδέν
1885 2589 1962 2642 με

376 2671 722 2739 ὐστερήσει.
782 2673 886 2735 Εἰς
916 2669 1103 2722 τόπον
1123 2667 1312 2736 χλόης
1335 2666 1461 2722 ἐκεῖ
1478 2684 1555 2735 με
1583 2663 1964 2732 κατεσκήνω-

379 2779 493 2817 σεν
514 2779 528 2792 ·
569 2760 671 2815 ἐπὶ
699 2760 917 2826 ὕδατος
948 2759 1345 2825 ἀναπαύσεως
1372 2756 1659 2826 ἐξέθρεψέ
1706 2773 1784 2827 με
1800 2797 1815 2823 ,
1849 2754 1964 2825 τὴν

383 2853 598 2924 ψυχήν
647 2870 766 2922 μου
813 2852 1182 2920 ἐπέστρεψε-⁸
1219 2852 1345 2915 τοὺς
1376 2850 1434 2903 δὲ
1463 2849 1806 2920 ἀφηνιῶντας
1856 2846 1966 2900 τῶν

383 2946 556 3000 ἐθνῶν
588 2944 681 2999 καὶ
710 2942 1210 3015 κατεπαιρομένους
1238 2942 1346 2996 τῶν
1378 2939 1543 2996 αὐτοῦ
1577 2939 1861 3013 προϐάτων
1896 2939 1963 3009 τῇ

356 3026 567 3110 δράϐδῳ
603 3039 669 3108 τῇ
723 3036 915 3109 σιδηρᾷ
964 3035 1362 3090 καθυποτάττει
1405 3032 1660 3104 δαμάζων
1708 3031 1803 3085 καὶ
1841 3048 1967 3084 συν-

385 3131 587 3203 τρίϐων
613 3128 702 3184 διὰ
752 3130 852 3201 τῆς
891 3128 1205 3199 Ῥωμαῖκῆς
1233 3126 1569 3190 δυναστείας.
1652 3122 1808 3179 Οὕτω
1835 3121 1967 3194 γοῦν

387 3224 673 3295 συμϐαίνει
697 3223 806 3277 τῶν
837 3222 1127 3294 ἀπλήστων
1158 3219 1325 3274 ἐθνῶν
1352 3218 1478 3283 τοὺς
1504 3217 1710 3289 θυμοὺς
1739 3217 1832 3271 καὶ
1868 3215 1967 3279 τάς

386 3314 562 3388 όρμάς
613 3313 714 3380 τάς
761 3313 904 3368 κατά
954 3312 1054 3385 τῆς
1098 3309 1424 3380 Ἐκκλησίας
1473 3309 1565 3364 τοῦ
1593 3307 1730 3362 Θεοῦ
1752 3307 1841 3361 διὰ
1865 3308 1964 3380 τῆς

399 3405 712 3477 Ῥωμαῖκῆς
745 3404 973 3476 ἀπειλῆς
1024 3400 1457 3473 ἀνακρούεσθαι,
1516 3401 1615 3454 οὐκ
1648 3398 1714 3453 ἂν
1744 3401 1965 3471 ἐπιτρε-

388 3498 605 3569 ψάντων
638 3497 746 3551 τῶν
780 3497 920 3551 κατά
950 3495 1133 3558 πόλεις
1156 3493 1435 3567 ἀρχόντων
1455 3509 1515 3546 τε
1544 3490 1639 3546 καὶ
1670 3489 1877 3562 δήμων,
1909 3492 1967 3545 ὲν

394 3591 579 3664 μέσοις
623 3590 801 3645 αὐτῶν
850 3589 1110 3660 συστῆναι
1151 3586 1248 3641 τοῦ
1301 3585 1540 3658 Χριστοῦ
1596 3581 1966 3645 διδασκαλίαν,

392 3682 793 3757 ἀνατρεπτικὴν
822 3683 921 3754 τῆς
947 3679 1205 3735 πολυθέου
1239 3679 1448 3750 πλάνης
1470 3676 1649 3733 αὐτῶν
1673 3676 1971 3746 τυγχάνου-

397 3792 516 3838 σαν,
545 3775 593 3828 εί
625 3779 698 3845 μὴ
735 3776 761 3828 ό
803 3771 1112 3843 Ῥωμαϊκὸς
1136 3772 1317 3834 αὐτοῖς
1348 3765 1416 3839 ἦν
1461 3766 1840 3839 ἐπηρτημένος
1879 3763 1973 3833 φό-

398 3869 509 3933 ϐος,
536 3867 631 3920 κα)⁸
656 3866 723 3920 τὰ
753 3863 1105 3935 συντρίϐοντα
1133 3863 1331 3924 αὐτοὺς
1357 3860 1451 3913 καὶ⁸
1483 3859 1556 3930 μὴ
1592 3857 1768 3911 ἐῶντα
1802 3871 1974 3924 κεφα-

397 3959 495 4031 λὴν
526 3959 728 4029 ἐπᾶραι
757 3955 1109 4025 διατάγματα
1127 3954 1253 4017 τοὺς
1285 3950 1489 4022 θυμοὺς
1519 3947 1697 4003 αὐτῶν
1723 3945 1970 4017 ὲχαλίνου

397 4051 493 4105 καὶ
518 4045 821 4121 συνέτριϐε.
848 4046 960 4098 Καὶ
980 4043 1113 4117 ἄλλῃ
1147 4043 1204 4097 δὲ
1230 4042 1384 4113 θεῖκῇ
1420 4041 1515 4094 καὶ
1556 4039 1854 4110 ἀπορρήτῳ
1882 4036 1974 4089 δυ-

397 4142 557 4213 νάμει
589 4142 618 4194 ὁ
642 4138 875 4210 Χριστὸς
908 4135 976 4189 τὰ
1003 4135 1100 4206 μὲν
1134 4132 1298 4187 αὑτοῦ
1326 4131 1572 4202 πρόϐατα
1603 4129 1824 4200 ἡμέρως
1858 4143 1977 4180 ποι-

405 4233 604 4306 μαίνει,
644 4230 909 4304 μηδέποτε
942 4225 1239 4299 ἀναχωρῶν
1271 4226 1364 4279 ἀπ’
1398 4222 1596 4286 αὐτῶν,
1631 4220 1752 4276 καθ’
1779 4221 1845 4292 ἢν
1876 4236 1978 4273 πε-

402 4325 625 4396 ποίηται
663 4321 993 4392 ἐπαγγελίαν
1043 4321 1251 4390 φήσαςο
1297 4319 1481 4371 Ὅπου
1534 4313 1611 4369 ἂν
1650 4309 1773 4368 εἷεν
1797 4312 1906 4367 δύο
1937 4311 1976 4380 ἢ

402 4414 559 4485 τρεῖς
584 4411 950 4483 συνηγμένοι
974 4411 1045 4465 ἐν
1067 4409 1148 4476 τῷ
1174 4408 1420 4479 ὀνόματί
1443 4424 1585 4475 μου,
1623 4404 1752 4458 ἐκεῖ
1769 4406 1885 4473 ειμι
1910 4403 1981 4457 ἐν

404 4507 567 4580 μέσῳ
595 4504 795 4561 αὐτῶν
813 4521 828 4535 ·
853 4503 950 4558 καὶ
978 4502 1137 4558 πάλιν
1158 4519 1172 4532 ο
1212 4499 1356 4557 Ἰδοὺ
1384 4498 1498 4568 ἐγὼ
1514 4499 1644 4568 μεθ’
1671 4494 1840 4566 ὑμῶν
1862 4496 1980 4565 ειμι

2063 1941 2173 1991 rea,
2202 1933 2452 1994 tanquam
2490 1939 2616 1977 vasa
2646 1923 2797 1992 ﬁguli
2837 1921 3134 1991 confringet:
3164 1936 3274 1974 eos.
3313 1919 3450 1974 Cum
3482 1917 3630 1972 enim

2057 2017 2261 2071 latente
2310 2022 2475 2085 atque
2518 2014 2779 2069 invisibili
2806 2021 3076 2084 potestate
3102 2010 3357 2067 Christus
3390 2024 3421 2062 a
3470 2007 3634 2065 Patre

2058 2106 2326 2161 universae
2347 2113 2507 2160 terra:
2535 2103 2766 2175 populos
2796 2103 2853 2157 in
2881 2103 3253 2159 haereditatem
3290 2098 3631 2169 accepisset;

2059 2196 2183 2251 illos
2214 2195 2436 2266 quidem
2484 2193 2578 2265 qui
2619 2208 2679 2250 se
2716 2202 3007 2258 noverunt,
3038 2200 3092 2248 et
3128 2182 3337 2247 in'ovili
3370 2205 3468 2247 suo
3498 2204 3633 2244 con-

2060 2287 2284 2353 sistunt,
2332 2285 2531 2355 pascit,
2581 2283 2637 2338 in
2669 2298 2878 2354 pascua
2906 2284 3050 2338 bona
3094 2282 3335 2339 educens
3370 2295 3436 2335 ac
3470 2279 3636 2336 redu-

2060 2395 2231 2447 cens;
2268 2379 2342 2433 ita
2370 2390 2429 2433 ut
2455 2377 2576 2449 ejus
2605 2376 2769 2442 ovile,
2805 2383 2993 2446 utpote
3019 2362 3365 2435 rationabile,
3403 2374 3519 2428 haec
3547 2374 3633 2426 lo-

2062 2478 2300 2543 quatur:
2333 2469 2595 2525 Dominus
2621 2470 2794 2539 pascit
2841 2485 2943 2532 me,
2968 2477 3020 2522 et
3055 2466 3189 2521 nihil
3212 2465 3341 2521 mihi
3369 2464 3556 2529 deerit,
3582 2465 3638 2519 in

2064 2564 2177 2617 loco
2196 2577 2410 2632 pascuae
2434 2559 2507 2614 ibi
2537 2576 2619 2615 me
2657 2560 2957 2614 collocavit.
3003 2558 3174 2629 Super
3210 2574 3407 2629 aquam
3445 2557 3636 2629 quietis

2063 2653 2304 2709 educauit
2333 2668 2434 2716 me,
2479 2652 2716 2705 animam
2755 2667 2923 2705 meum
2954 2651 3294 2706 convertit".
3346 2650 3425 2704 Ex
3459 2652 3641 2720 genti-

2064 2746 2170 2802 bus
2217 2759 2387 2817 porro
2415 2760 2512 2800 eos
2538 2745 2630 2816 qui
2659 2759 2786 2799 cum
2823 2745 3027 2814 impetu
3063 2742 3336 2806 feruntur,
3363 2748 3419 2796 et
3441 2742 3641 2796 adven.

2067 2852 2189 2893 sum
2250 2835 2374 2906 ejus
2408 2849 2541 2891 oves
2574 2835 2890 2905 insurgunt,
2928 2832 3100 2903 virgae
3147 2831 3341 2887 ferreae
3391 2829 3641 2900 subjicit,

2066 2944 2163 3001 per
2178 2927 2482 3008 Romanam
2502 2933 2825 2997 potestatem
2842 2925 3074 2980 domans
3086 2932 3249 2993 atque
3266 2930 3530 2978 atterens.
3553 2920 3633 2975 Ita

2068 3022 2277 3078 scilicet
2295 3020 2564 3090 contingit
2589 3018 2926 3073 insatiabiles
2951 3016 3192 3087 gentium
3236 3015 3450 3068 animos
3477 3020 3643 3083 atque

2068 3114 2308 3185 impetus
2329 3112 2593 3167 adversus
2611 3109 2913 3166 Ecclesiam
2935 3107 3051 3171 Dei,
3074 3122 3172 3178 per
3196 3106 3343 3161 solas
3362 3104 3641 3159 Romano-

2071 3220 2195 3259 rum
2227 3205 2408 3259 minas
2441 3202 2770 3274 propulsari.
2809 3199 2999 3269 Neque
3023 3200 3170 3255 enim
3204 3197 3480 3283 pfincipes
3509 3195 3648 3252 civi-

2078 3304 2256 3351 tatum
2316 3309 2382 3350 ac
2431 3294 2761 3365 populorum
2790 3330 2806 3358 ,
2861 3290 3067 3347 Christi
3122 3288 3429 3343 doctrinam
3462 3327 3478 3354 ,
3532 3300 3644 3356 qua

2068 3403 2261 3444 eorum
2308 3386 2378 3442 de
2422 3386 2585 3445 turba
2616 3385 2904 3440 numinum
2934 3398 3090 3439 error
3120 3385 3404 3449 evertitur,
3433 3381 3491 3435 in
3524 3395 3643 3436 me-

2069 3477 2163 3532 dio
2195 3476 2285 3534 sui
2329 3477 2636 3531 consistere
2667 3474 2954 3538 sinerent,
3001 3471 3112 3526 nisi
3155 3471 3475 3525 imminente
3508 3467 3647 3538 ipsis

2072 3567 2444 3624 Romanorum
2492 3573 2679 3632 metu,
2727 3579 2793 3621 ac
2840 3561 2946 3619 nisi
2982 3561 3171 3631 jussa,
3213 3560 3419 3631 quibus
3449 3565 3642 3614 conte-

2071 3669 2291 3725 runtur,
2337 3668 2400 3716 ut
2443 3673 2625 3729 neque
2667 3657 2973 3712 concedant
3024 3653 3163 3725 ipsis
3204 3652 3290 3708 vel
3331 3660 3497 3722 caput
3536 3648 3648 3705 eri-

2071 3767 2238 3824 gere,
2277 3752 2491 3807 animos
2518 3764 2713 3807 eorum
2747 3747 2989 3804 frenaret
3033 3755 3198 3818 atque
3242 3742 3648 3813 comprimeret.

2072 3844 2194 3897 Alia
2247 3858 2467 3914 quoque
2513 3842 2705 3897 divina
2767 3854 2834 3894 ac
2880 3847 3092 3895 secreta
3140 3837 3346 3893 virtute
3395 3833 3651 3889 Christus

2075 3949 2206 3989 oves
2248 3949 2379 3990 suas
2413 3932 2609 3988 leniter
2651 3933 2863 4002 pascit,
2913 3944 3194 3999 nunquam
3236 3928 3304 3981 ab
3334 3926 3470 3995 ipsis
3497 3939 3653 3979 rere—

2076 4030 2212 4086 dens
2242 4026 2547 4084 secundum
2583 4024 3009 4096 promissionem
3038 4038 3147 4092 qua
3178 4037 3238 4076 se
3268 4018 3531 4089 obligavit
3562 4018 3652 4073 his

2077 4120 2261 4177 verbis
2293 4139 2307 4174 :
2356 4118 2457 4172 Ubi
2493 4118 2598 4172 duo
2632 4116 2711 4171 vel
2749 4125 2853 4170 tres
2890 4113 3192 4183 congregati
3226 4111 3431 4180 fuerint
3464 4109 3516 4162 in
3557 4125 3654 4161 no-

2078 4212 2218 4265 mine
2242 4225 2353 4263 meo
2372 4247 2386 4273 ,
2421 4206 2530 4261 illic
2556 4222 2675 4260 sum
2700 4205 2756 4259 in
2780 4203 2952 4259 medio
2979 4217 3160 4256 eorum
3192 4200 3234 4231 ¹⁷
3260 4215 3276 4262 ;
3308 4204 3361 4252 et
3389 4210 3606 4250 rursum
3637 4213 3650 4249 :

2080 4301 2217 4358 Ecce
2255 4317 2350 4371 ego
2396 4297 2656 4355 vobiscum
2702 4313 2818 4351 sum
2863 4292 3103 4349 omnibus
3152 4291 3335 4345 diebus
3376 4302 3539 4358 usque
3581 4285 3653 4338 ad

2082 4392 2597 4450 consummationem
2635 4389 2821 4444 saculi
2857 4387 2922 4441 ιδ.
2955 4384 3063 4441 Eos
3102 4390 3283 4437 autem
3327 4381 3422 4452 qui
3465 4387 3655 4431 contra

2085 4484 2231 4540 ovile
2262 4497 2422 4538 suum
2454 4479 2625 4535 variis
2653 4475 2994 4548 temporibus
3024 4475 3346 4542 insurgunt,
3384 4468 3500 4538 ipse
3532 4481 3658 4520 rur-

627 4598 732 4662 τὰς
746 4595 970 4665 ἡμέρας
991 4594 1100 4659 ἕως
1120 4591 1234 4661 τῆς
1251 4560 1605 4655 συντελείας
1621 4560 1726 4642 τοῦ
1745 4560 1967 4651 αἰῶνος

2088 4593 2210 4635 sum
2241 4577 2450 4631 latente
2478 4581 2642 4643 atque
2672 4569 2932 4626 invisibili
2961 4572 3230 4638 potestate
3256 4560 3465 4616 invadit
3493 4564 3658 4627 atque

405 4695 533 4758 τοὺς
554 4693 599 4747 δ’
628 4687 1088 4760 ἐπανισταμένους
1117 4682 1283 4739 αὐτοῦ
1308 4686 1375 4755 τῇ
1396 4681 1599 4754 ποίμνῃ
1626 4681 1685 4732 ὲν
1706 4680 1820 4741 τοῖς
1842 4675 1985 4730 κατά

409 4788 631 4863 χρόνους
656 4784 916 4855 διωγμοῖς
942 4780 1103 4835 πάλιν
1132 4778 1298 4842 αὐτὸς
1328 4775 1648 4848 μετέρχεται
1671 4772 1867 4863 ἀφανεῖ
1887 4768 1983 4822 καὶ

411 4858 626 4958 ἀοράτῳ
644 4875 870 4946 δυνάμει
900 4870 1144 4935 κολάζων
1172 4870 1231 4923 ὲν
1261 4866 1442 4941 ῥάϐδῳ
1473 4863 1687 4935 σιδηρᾷ,
1724 4858 1859 4914 ἀλλὰ
1891 4858 1988 4958 gat

537 4969 910 5041 ὑπερηφανίαν
938 4964 1115 5021 αὐτῶν
1155 4963 1250 5017 καὶ
1279 4960 1340 5015 τὸ
1382 4959 1605 5028 ἔπαρμα
1648 4955 1746 5024 τῆς
1784 4948 1985 5015 ἀλαζο-

414 5067 562 5129 νείας
594 5065 668 5127 ὡς
694 5061 861 5131 σκεύη
890 5060 1131 5132 κεράμια
1166 5052 1440 5126 συντρίϐει
1460 5069 1474 5081 ο
1505 5052 1580 5114 ὡς
1617 5049 1717 5120 ήδη
1758 5045 1985 5117 μυρίους

415 5156 596 5213 αὐτῶν
627 5155 731 5209 ὑπὸ
757 5151 865 5207 τῶν
888 5150 1159 5221 θεηλάτων
1187 5145 1349 5200 αὐτοῦ
1378 5141 1656 5215 μαστίγων
1694 5135 1988 5207 ἐλαυνομέ-

417 5268 542 5315 νους
561 5249 743 5305 δοῦναι
769 5243 924 5310 δόξαν
946 5242 1024 5314 τῷ
1043 5240 1163 5312 Θεῷ
1185 5280 1200 5304 ,
1228 5237 1325 5293 καὶ¹
1367 5228 1867 5304 ἐξομολογήσασθαι
1889 5226 1991 5291 τάς

419 5340 733 5402 δυσσεϐείας
773 5334 968 5389 αὐτῶν.
1016 5334 1110 5399 Ὠς
1158 5331 1349 5396 σκεύη
1396 5323 1692 5393 κεραμέως
1749 5318 1993 5388 συντρί-

418 5436 558 5503 ψεις
581 5429 801 5493 αὐτούς
818 5443 832 5456 ⁸
867 5425 965 5494 οὐχ
994 5422 1135 5477 ῶστε
1159 5417 1423 5474 ἀπολέσαι
1446 5413 1540 5468 καὶ
1567 5409 1840 5465 ἀναλῶσαι
1869 5424 1994 5462 συν-

420 5523 617 5599 τρίϐει,
651 5520 765 5576 ἀλλ’
794 5518 931 5573 ὥστε
963 5513 1300 5569 ἀναπλάσαι·
1349 5509 1487 5580 πρὸς
1525 5504 1684 5561 τοῦτο
1730 5503 1839 5575 γὰρ
1869 5519 1996 5555 σκο-

425 5592 526 5683 es;
547 5616 625 5689 τῷ
651 5613 885 5688 κεραμεῖ
905 5606 1206 5679 συντρίϐειν
1230 5604 1300 5657 τά
1341 5603 1516 5656 οἰκεῖα
1538 5597 1707 5669 σκεύη
1724 5637 1739 5662 ,
1762 5596 1889 5650 ὃταν
1919 5592 1998 5645 ἔτι

357 5682 395 5793 ἓ,

2091 4671 2328 4739 castigat
2375 4667 2431 4721 in
2482 4665 2634 4734 virga
2682 4662 2895 4726 ferrea,
2959 4661 3070 4713 imo
3118 4657 3283 4713 etiam
3340 4650 3656 4723 superbiam

2092 4774 2284 4817 eorum
2331 4756 2733 4825 elationemque
2789 4751 3146 4822 arrogantiae,
3210 4755 3470 4814 tanquam
3530 4756 3660 4794 vasa

2089 4858 2332 4907 testacea
2362 4845 2696 4917 confringit;
2741 4844 2814 4899 ita
2849 4851 2909 4898 ut
2941 4842 3055 4911 jam
3099 4836 3297 4893 infiniti
3345 4848 3538 4892 eorum
3587 4833 3659 4886 ob

2092 4943 2365 4999 divinitus
2422 4940 2670 4995 immissa
2717 4937 2788 4992 ab
2841 4936 2962 5006 ipso
3011 4930 3222 5001 flagella
3277 4924 3538 4983 commoti
3597 4938 3664 4978 ac

2090 5036 2371 5108 perculsi,
2421 5032 2653 5104 gloriam
2704 5028 2817 5084 Deo
2865 5025 3144 5093 referant,
3195 5031 3251 5079 et
3297 5019 3663 5076 confiteantur

2090 5130 2398 5201 impietates
2447 5141 2598 5184 suas.
2654 5123 2933 5192 Tanquam
2982 5135 3112 5175 vasa
3160 5115 3309 5187 figuli
3362 5110 3662 5179 confringe:

2095 5239 2187 5278 eos
2216 5236 2235 5275 :
2267 5220 2362 5291 qui
2397 5234 2504 5274 non
2540 5213 2800 5289 perdendi
2842 5227 2907 5267 ac
2933 5206 3288 5266 consumendi
3333 5216 3501 5258 causa
3530 5215 3664 5254 con-

2093 5306 2260 5380 terit,
2290 5311 2389 5369 sed
2416 5305 2778 5367 reformandi.
2813 5303 2916 5358 Hic
2943 5310 3027 5358 est
3054 5302 3199 5357 enim
3233 5296 3384 5368 figuli
3419 5307 3622 5361 scopus
3644 5329 3664 5357 ,

2094 5422 2220 5462 cum
2264 5418 2397 5458 vasa
2443 5401 2663 5473 propria
2704 5395 2979 5461 conterit,
3022 5390 3242 5465 quando
3271 5387 3484 5446 scilicet
3523 5385 3667 5439 inte-

2094 5513 2246 5570 gram
2290 5496 2473 5551 adhuc
2513 5502 2569 5551 et
2618 5505 2806 5548 sanam
2852 5487 3138 5559 materiam
3181 5496 3338 5541 suam
3387 5495 3495 5535 non
3539 5483 3668 5532 ante

2096 5568 2209 5661 igni
2249 5588 2507 5644 traditam
2547 5592 2856 5642 conservat.
2895 5578 3022 5637 Haec
3050 5575 3373 5633 testificatur
3399 5568 3668 5626 Jeremias

503 5797 546 5830 “
585 5796 720 5852 Dan.
795 5812 855 5860 ιι,
910 5794 993 5855 i0.
1091 5788 1132 5820 ”
1177 5785 1310 5841 Dan.
1340 5798 1452 5849 vu,
1489 5781 1540 5838 7.
1618 5780 1661 5859 ‘f
1704 5775 1851 5833 Psal.
1886 5786 1967 5827 xxi

2079 5768 2191 5826 1-5.
2276 5767 2314 5799 ‘7
2359 5765 2546 5821 Matth.
2583 5777 2750 5827 mu,
2785 5760 2875 5816 2t).
2957 5758 2997 5790 "
3040 5753 3229 5811 Matth.
3265 5762 3470 5813 xxviii,
3499 5743 3593 5798 9.0.
