4096 6406
465 308 525 365 9|
1156 308 1423 368 EUSEBII
1461 312 1941 375 CESARIENSIS
1980 320 2351 381 OPP.PA'RS.
2387 325 2476 383 Ill.
2514 360 2587 372 —
2614 329 3026 391 EXEGETICA.
3635 342 3704 397 99.

459 422 756 494 propheta,
786 422 914 480 dum
946 428 1107 497 quasi
1135 444 1200 484 ex
1231 446 1463 499 persona
1498 432 1591 490 Dei
1622 433 1704 489 sic
1733 435 1978 506 loquitur

2127 439 2253 508 ὑγιῆ
2280 443 2374 492 καὶ
2397 444 2655 512 ἀκέραιον
2677 443 2825 517 σώζῃ
2846 446 2940 499 τοῦ
2970 448 3258 519 κεραμέως
3288 453 3388 523 τὴν
3414 451 3703 510 οιάπλασιν

461 512 715 586 Nunquid
749 518 887 571 sicut
917 519 1113 588 ﬁgulus
1143 538 1246 576 non
1283 532 1462 591 potero
1497 525 1641 599 vobis
1674 525 1875 595 facere,
1912 526 2010 581 do-

2132 528 2344 583 οὑδέπω
2373 531 2505 601 πυρὶ
2557 535 3033 606 προσωμιληκότα.
3078 539 3297 603 Τούτοις
3338 540 3394 594 δὲ
3439 548 3706 615 μαρτυρεῖ

456 622 573 659 mus
607 606 816 673 Israel,
852 610 985 664 dicit
1015 610 1277 670 Dominus
1306 616 1393 669 "‘l
1422 617 1475 672 id
1506 627 1619 683 est,
1651 619 1733 675 sic
1757 628 1813 676 et
1843 621 1995 691 lapso

2130 622 2221 674 xui.
2247 623 2276 674 ό
2303 623 2570 693 μακάριος
2607 625 2872 696 Ἱερεμίας
2894 628 2924 679 ὁ
2962 630 3247 700 προφήτης
3266 670 3280 694 ,
3331 606 3503 701 λέγων
3520 606 3703 699 ’ῶς-ὲκ

454 697 783 765 reformare,
823 716 889 756 ac
926 717 1124 759 rursus
1163 705 1219 759 in
1259 706 1548 777 pristinam
1588 710 1823 768 formam
1864 716 1995 770 resti

2126 708 2220 763 τοῦ
2249 711 2385 765 Θεοῦ
2405 728 2417 743 ·
2458 713 2524 769 Ἣ
2552 714 2748 781 καθὼς
2774 719 2808 770 ό
2839 697 3151 787 κεραμεὺς,
3201 697 3382 789 οὕτως
3404 697 3483 778 τοὺ
3517 697 3702 795 δοκή-

453 801 623 846 tuere.

526 1078 687 1137 Vens.
737 1083 917 1139 10—12.
964 1085 1034 1139 Et
1080 1104 1245 1153 nunc,
1303 1107 1478 1161 reges,
1537 1094 1848 1166 mtelligite,
1908 1114 2026 1151 ern-

450 1170 640 1226 dimini
666 1176 757 1243 qui
777 1175 1038 1244 judicatis
1070 1188 1288 1234 terram.
1324 1183 1528 1238 Servite
1581 1186 1804 1242 Domino
1847 1191 1901 1242 in
1951 1193 2020 1245 ti-

448 1280 625 1329 more,
680 1274 729 1320 et
772 1268 1036 1324 exsultate
1080 1272 1130 1325 ei
1172 1288 1293 1325 cum
1335 1284 1579 1331 tremore.
1637 1279 2019 1349 Apprehendite

445 1355 817 1425 disciplinam,
851 1376 915 1413 ne
954 1362 1166 1431 quando
1201 1365 1470 1419 irascatur
1512 1368 1789 1425 Dominus.
1834 1370 2015 1427 Evano

444 1446 673 1516 gelicam
712 1448 967 1505 videlicet
1014 1451 1185 1523 legem
1251 1458 1507 1526 exponit,
1557 1461 1681 1514 inde
1740 1466 2012 1519 translato

444 1542 697 1596 serlnone
720 1580 734 1605 ,
767 1542 1110 1613 principibus
1140 1561 1201 1601 ac
1243 1549 1463 1618 regibus
1485 1590 1499 1613 ,
1551 1551 1604 1604 in
1644 1554 1793 1623 virga
1836 1554 2010 1611 ferrea

442 1630 775 1699 pascendis;
806 1633 1036 1703 aitque:
1089 1634 1275 1692 Heus!
1330 1654 1456 1704 vos,
1507 1643 1662 1711 gnari
1709 1653 1764 1698 et
1809 1645 2014 1700 intelli-

441 1730 632 1792 gentes
659 1731 860 1793 quanta
890 1733 1133 1794 potestas
1165 1729 1284 1798 ejus
1317 1729 1388 1785 sit
1414 1732 1507 1801 qui
1539 1747 1569 1785 a
1603 1732 1764 1790 Patre
1796 1740 2010 1808 accepit

440 1822 631 1882 gentes
658 1815 714 1869 in
746 1793 1118 1873 bmreditatem
1142 1858 1157 1883 ,
1189 1793 1242 1873 et
1268 1793 1448 1890 qualis
1478 1825 1551 1878 sit
1590 1826 1742 1896 virga
1775 1827 1866 1881 illa
1897 1793 2007 1883 fer-
2046 1793 2083 1845 Β

437 1917 532 1959 rea
580 1912 771 1959 contra
819 1921 912 1962 vos
961 1916 1163 1973 erecta,
1196 1910 1357 1965 tinem
1399 1920 1594 1967 contra
1620 1931 1743 1969 eum
1776 1918 2012 1973 bellandi

440 1993 633 2058 facite,
680 1997 775 2051 sed
822 1999 1008 2068 potitus
1057 2008 1283 2071 accepta
1320 2003 1721 2075 intelligentia,
1768 2009 2014 2064 rationa-

440 2083 538 2140 bili
571 2084 878 2144 discinlinre
903 2104 1004 2147 vos
1030 2091 1406 2150 instituendos
1438 2096 1656 2152 tradite.

498 2256 669 2315 Vens.
708 2260 795 2315 15.
840 2261 974 2316 Cum
1010 2267 1273 2321 exarserit
1310 2268 1369 2321 in
1398 2269 1537 2325 brevi
1569 2273 1653 2327 ira
1679 2275 1793 2344 ejus
1816 2293 1835 2329 :
1870 2276 2011 2332 beati

433 2368 614 2407 omnes
651 2354 743 2422 qui
781 2353 1055 2424 conﬁdunt
1093 2358 1147 2411 in
1179 2375 1258 2413 eo.
1294 2359 1450 2426 Quod
1483 2370 1666 2418 autem
1699 2367 1752 2420 in
1784 2367 1897 2424 Deo
1926 2371 2006 2425 ira

433 2454 489 2498 et
518 2442 673 2497 furor
700 2459 809 2499 non
840 2447 950 2501 sint
976 2451 1251 2516 passiones
1273 2491 1287 2514 ,
1319 2452 1619 2508 declaravit
1646 2458 1837 2514 beatus
1864 2459 2007 2516 Pau-

430 2537 519 2593 lus
549 2536 637 2592 his
665 2538 845 2593 verbis
871 2556 885 2593 :
919 2537 1218 2594 Secundum
1256 2552 1433 2597 autem
1471 2545 1727 2601 duritiam
1761 2561 1920 2604 tuam'
1950 2564 2001 2606 et

430 2630 754 2699 impaenitens
793 2647 903 2691 cor,
950 2632 1280 2688 thesaurizas
1312 2635 1408 2688 tibi
1440 2637 1576 2689 iram
1608 2639 1663 2690 in
1693 2638 1777 2692 die
1799 2640 1897 2695 ira
1929 2644 1995 2698 '°.

426 2722 593 2788 Queis
620 2721 910 2793 signiﬁcat,
943 2732 1289 2791 peccatorum
1319 2725 1658 2795 punitionem
1686 2731 1868 2785 vocari
1897 2730 2000 2786 lu-

425 2828 605 2869 rorem
634 2821 690 2869 et
716 2814 871 2868 iram.
902 2812 1028 2883 Ipsi,
1055 2816 1251 2886 inquit.
1274 2816 1495 2873 Christo
1524 2819 1997 2895 conﬁdentes,qui

426 2919 522 2973 per
546 2910 719 2958 totum
751 2903 896 2958 hunc
927 2904 1197 2973 psalmum
1236 2908 1550 2977 prapln-lice
1577 2913 1993 2981 praenuntiatum

420 3013 529 3052 non
566 2997 740 3051 multo
768 3007 978 3066 postea,
1008 2997 1190 3051 brevis
1222 3013 1459 3068 namque
1489 3015 1729 3070 praesens
1753 3004 1862 3058 vita
1887 3015 1992 3071 est,

2125 815 2304 869 σομαι
2333 802 2438 855 τοῦ
2460 804 2706 872 ποιῆσαι
2729 807 2892 875 ὑμῖν,
2914 810 3082 876 οἶκος
3114 811 3370 881 Ἰσραὴλ,
3395 814 3557 884 λέγει
3583 820 3701 872 Κύ-

2115 908 2284 959 ριος;
2317 895 2611 960 τουτέστιν,
2676 898 2819 951 οὕτω
2851 903 2945 954 καὶ
2977 901 3334 967 διαπεσόντας
3366 906 3693 978 ἀναπλάσαι,

2123 982 2218 1036 καί
2252 984 2413 1039 πάλιν
2444 989 2523 1050 εἰς
2553 989 2616 1043 τὸ
2650 991 2876 1061 ἀρχαῖον
2908 993 3377 1065 ἀποκαταστῆσαι.

2190 1076 2301 1129 Καὶ
2329 1076 2462 1140 νῦν,
2488 1078 2788 1147 βασιλεῖς,
2816 1084 3051 1148 σύνετε,
3076 1085 3431 1155 παιδεύθητε
3472 1090 3696 1160 πάντες

2120 1171 2173 1221 οἱ
2205 1172 2510 1238 κρίνοντες
2542 1173 2656 1242 τὴν
2680 1175 2815 1245 γῆν.
2860 1179 3235 1233 Δουλεύσατε
3273 1181 3353 1246 τῷ
3401 1186 3599 1252 Κιφίφ
3623 1188 3697 1240 ἐν

2118 1262 2298 1327 φόϐῳ,
2327 1264 2422 1316 καὶ
2458 1265 2829 1334 ἀγαλλιᾶσθε
2867 1270 3027 1334 αὐτῷ
3050 1271 3119 1324 ἐν
3144 1274 3351 1340 τρόμῳ.
3389 1275 3694 1343 Δρὰξασθε

2117 1350 2406 1418 παιδείας,
2425 1354 2655 1421 μήποτε
2679 1358 2925 1425 ὀργισθῇ
2944 1362 3175 1427 Κύριος.
3206 1362 3318 1431 Τῆς
3335 1364 3692 1437 εὐαγγελικῆς

2114 1441 2355 1511 δηλονότι
2384 1446 2718 1516 νομοθεσίας.
2760 1450 3035 1503 Ἐντεῦθεν
3082 1454 3458 1521 μεταϐατικῶς
3482 1460 3511 1510 ό
3537 1459 3692 1527 λόγος

2111 1530 2455 1589 διδασκαλίαν
2470 1537 2739 1592 ἐκτίθεται
2755 1543 2865 1603 τοῖς
2894 1542 3119 1612 ἄρχουσι
3151 1545 3367 1608 καὶτοῖς
3393 1546 3687 1615 βασιλεῦσι,

2110 1623 2223 1684 τοῖς
2269 1623 2375 1678 ὑπὸ
2418 1628 2483 1695 τῇ
2527 1626 2721 1699 σιδηρᾷ
2766 1631 2949 1702 ῥάϐδῳ
2995 1634 3544 1706 ποιμανθησομένοις,
3597 1642 3688 1694 καί

2112 1728 2303 1783 φησιν·
2327 1715 2408 1767 ὅτι
2434 1718 2694 1783 Γνῶντες,
2725 1715 2770 1772 ὦ
2799 1717 2965 1785 οὗτοι,
2998 1726 3090 1777 καὶ
3112 1728 3361 1790 συνόντες
3400 1729 3573 1800 ὁπόση
3606 1749 3689 1796 τις

2112 1804 2393 1877 ήδύναμις
2424 1808 2519 1862 τοῦ
2562 1810 2713 1881 παρά
2741 1812 2834 1865 τοῦ
2875 1814 3086 1884 Πατρὸς
3127 1817 3407 1887 εἰληφότος
3445 1821 3514 1874 τά
3559 1822 3686 1894 ἔθνη

2114 1894 2492 1968 κληρονομίαν,
2518 1902 2610 1954 καὶ
2630 1903 2792 1955 ὁποία
2818 1921 2903 1967 τις
2932 1906 3236 1979 τυγχάνειή
3273 1909 3464 1982 σιδηρᾶ
3491 1913 3686 1983 ῥάϐδος

2112 1988 2145 2057 ἡ
2182 1988 2302 2041 καθ’
2343 1990 2494 2060 ὑμῶν
2530 1994 2946 2067 ὲπεγειρομένη,
2994 1999 3273 2053 παύσασθε
3322 2002 3682 2074 πολεμοῦντες

2111 2081 2256 2153 αὐτῷ
2272 2100 2285 2113 ν
2306 2084 2664 2150 ἀπολαϐόντες
2688 2089 2743 2140 δὲ
2773 2090 2971 2160 μᾶλλον
2995 2091 3205 2146 σύνεσιν
3225 2094 3436 2149 ὲπίδοτε
3456 2098 3684 2164 ἑαυτοὺς

2108 2177 2174 2245 τῇ
2208 2174 2397 2244 λογικῇ
2429 2177 2667 2247 παιδείᾳ.

2182 2266 2358 2318 Ὅταν
2383 2268 2649 2337 ἐκκαυθῇ
2678 2271 2747 2323 ἐν
2779 2271 2941 2341 τάχει
2964 2277 2996 2328 ό
3030 2275 3216 2345 θυμὸς
3240 2278 3457 2332 αὐτοῦ·
3486 2279 3679 2348 μακάη

2099 2373 2217 2422 ριοι
2249 2357 2470 2425 πάντες
2514 2363 2568 2413 οἱ
2599 2364 2943 2431 πεποιθότες
2993 2367 3084 2419 ἐπ’
3130 2368 3290 2434 αὐτῷ
3311 2387 3325 2401 ·
3357 2370 3479 2425 Ὅτι
3517 2372 3574 2426 δὲ
3603 2373 3678 2444 μὴ

2106 2448 2265 2515 πάθη
2292 2449 2425 2503 Θεοῦ
2445 2451 2581 2521 ὀργὴ
2616 2454 2705 2505 καὶ
2726 2454 2914 2525 θυμὸς,
2936 2459 2964 2509 ό
2988 2457 3254 2529 μακάριος
3279 2460 3511 2530 ἐδήλωσε
3533 2464 3679 2517 Παῦ-

2106 2538 2194 2602 λος
2222 2540 2389 2595 εἰπών
2406 2559 2419 2572 ·
2449 2546 2613 2598 Κατὰ
2632 2544 2699 2597 δὲ
2724 2546 2837 2613 τὴν
2861 2551 3246 2618 σκληρότητά
3268 2570 3383 2608 σου
3413 2556 3509 2608 καὶ
3538 2557 3677 2625 ἀμε-

2103 2633 2395 2700 τανόητον
2441 2636 2713 2703 καρδίαν,
2742 2639 3116 2707 θησαιιοίζεις
3151 2643 3342 2710 ἑαυτῷ
3383 2647 3571 2717 ὀργὴν
3607 2651 3676 2703 ἐν

2104 2721 2290 2789 ἡμέρᾳ
2322 2724 2533 2793 ὀργῆς·
2561 2726 2629 2779 δι’
2676 2722 2751 2780 ὧν
2802 2731 3052 2799 σημαίνει
3100 2733 3201 2804 τὴν
3246 2736 3333 2805 ἐφ’
3380 2739 3673 2811 ἁμαρτίαις

2100 2809 2319 2865 κόλασιν
2357 2815 2615 2884 εἰρῆσθαι
2663 2817 2830 2887 θυμὸν
2882 2822 2976 2872 καὶ
3010 2821 3199 2893 ὀργήν.
3251 2825 3366 2877 Ἐπ’
3406 2809 3554 2900 αὑτῷ
3591 2831 3670 2896 δὲ,

2098 2897 2264 2984 λέγει,
2316 2905 2635 2969 πεποιθότες
2682 2907 2761 2979 τῷ
2810 2914 3273 2989 προφητευομένῳ
3312 2897 3535 2991 Χριστῷ
3582 2922 3671 2978 διὰ

2099 2992 2297 3054 παντὸς
2324 2993 2417 3046 τοῦ
2442 2994 2678 3068 ψαλμοῦ,
2723 3001 2771 3051 οἱ
2798 3002 2993 3071 μικρὸν
3028 3001 3251 3076 ὕστερον
3289 3006 3516 3080 (βραχὺς
3564 3013 3672 3085 γὰρ

420 3090 564 3144 beati
592 3089 955 3159 reperientur.
994 3087 1092 3143 His
1121 3097 1304 3145 autem
1327 3092 1509 3148 verbis
1531 3108 1596 3149 ea
1620 3094 1818 3152 litteris
1849 3113 1995 3152 con-

2097 3081 2244 3147 ἆπας
2275 3086 2303 3138 ὁ
2355 3086 2543 3157 παρὼν
2585 3088 2719 3160 βίος)
2755 3092 3139 3163 εὑρεθήσονται
3188 3100 3466 3170 μακάριοι.
3509 3104 3581 3157 Τὸ

422 3182 625 3251 signat,
660 3195 783 3251 quae
822 3180 876 3234 in
910 3180 1088 3250 primo
1114 3182 1326 3252 psalmo
1356 3183 1600 3239 deerant.
1635 3185 1754 3241 Non
1798 3189 1995 3245 sullicit

2097 3171 2280 3228 λεῖπον
2302 3179 2414 3240 τοῖς
2438 3181 2493 3230 ὲν
2525 3179 2598 3249 τῷ
2634 3180 2831 3252 πρώτῳ
2861 3184 3062 3254 ψαλμῷ
3100 3187 3186 3240 διὰ
3225 3189 3427 3245 τούτων
3460 3194 3669 3249 ἀπέδω-

418 3276 565 3331 enim
603 3275 658 3329 in
698 3274 987 3331 consilium
1023 3276 1315 3345 impiorum
1358 3291 1468 3331 non
1509 3278 1790 3346 accedere,
1824 3282 1880 3336 in
1910 3284 1996 3339 via

416 3372 770 3436 peccatorum
800 3383 907 3423 non
934 3376 1103 3432 stare,
1140 3376 1195 3425 et
1222 3370 1278 3423 in
1310 3369 1427 3439 lege
1459 3372 1748 3437 meditari;
1785 3382 1841 3427 at
1886 3390 1993 3429 non

420 3461 624 3514 Erustra
652 3459 1027 3515 meditandum
1055 3468 1158 3527 est,
1184 3463 1278 3517 sed
1300 3477 1366 3517 ex
1392 3462 1460 3517 iis
1488 3462 1555 3517 ad
1579 3462 1782 3518 Christi
1806 3467 1995 3537 cogni-

417 3551 619 3606 tionem
662 3552 847 3607 venire
878 3567 977 3622 par
1014 3558 1119 3616 est,
1162 3553 1218 3607 in
1263 3553 1508 3621 ejusdem
1569 3564 1776 3625 partem
1829 3566 1993 3627 atque

416 3640 784 3697 haereditatem
837 3642 1117 3707 accedere,
1153 3656 1217 3696 ac
1262 3658 1359 3712 per
1395 3643 1554 3697 fidem
1593 3654 1647 3699 et
1687 3661 1850 3715 opera
1887 3647 1986 3717 ipsi

415 3733 709 3790 conﬁdere.
736 3733 872 3789 Cum
900 3736 1081 3804 itaque
1103 3734 1336 3789 duorum
1360 3735 1624 3792 horumce
1653 3739 1986 3808 psalmorum

415 3840 521 3880 una
560 3825 635 3881 sit
673 3825 964 3889 sententia,
994 3824 1119 3894 jure
1161 3826 1200 3881 ii
1241 3827 1383 3895 apud
1417 3827 1675 3886 Hebraeos
1706 3830 1985 3900 conjuncti

413 3930 561 3974 sunt.

796 4022 1194 4079 ENARRATIO
1233 3982 1493 4079 PSALMIJ
1516 4025 1583 4079 ιιι
1696 4070 1711 4083 .

410 4118 660 4173 Psalmus
706 4116 897 4183 David,
939 4115 1175 4255 ιμιαηῙιέιιέ⁸
1198 4116 1433 4199 fugiebat
1474 4135 1506 4171 a
1547 4118 1683 4187 facie
1725 4118 1976 4174 Absalom

1157 4203 1173 4240 t
1211 4204 1314 4242 sui.

1157 4203 1173 4240 ι
1211 4204 1314 4242 sut.

475 4293 642 4351 Vens.
666 4297 717 4350 Ι.
739 4295 1062 4351 Necessario
1087 4304 1304 4367 tempus
1326 4301 1574 4373 adnotat,
1597 4308 1654 4353 ut
1675 4299 1837 4355 dictis
1860 4302 1974 4357 suis

406 4384 719 4455 Regnorum
744 4385 1026 4439 historiam
1051 4395 1362 4454 connectat,
1381 4396 1551 4457 utque
1569 4390 1898 4456 ediscamus,
1915 4409 1973 4448 se

2097 3285 2211 3322 κεν.
2244 3270 2318 3322 Οὐ
2356 3269 2462 3342 γὰρ
2488 3272 2647 3343 ἀρκεῖ
2672 3274 2828 3344 μόνον
2855 3276 2916 3328 τὸ
2948 3276 3022 3348 μὴ
3055 3280 3381 3350 πορεύεσθαι
3414 3287 3471 3337 ὲν
3501 3286 3663 3359 βουλῇ

2096 3360 2327 3424 ἀσεϐῶν,
2371 3362 2490 3416 οῠδὲ
2535 3363 2595 3416 τὸ
2625 3366 2699 3436 μὴ
2732 3366 2924 3436 στῆναι
2959 3369 3017 3420 ὲν
3043 3368 3147 3441 ὁδῷ
3191 3372 3534 3445 ἁμαρτωλῶν
3573 3379 3664 3432 καὶ

2096 3453 2320 3525 μελετᾷν
2348 3456 2404 3508 ἐν
2436 3455 2512 3526 τῷ
2568 3458 2745 3528 νόμῳο
2776 3458 2909 3512 ἀλλὰ
2935 3461 3043 3533 γὰρ
3092 3463 3154 3533 δὴ
3187 3466 3280 3518 καὶ
3312 3467 3387 3538 μὴ
3414 3468 3664 3540 διακενῆς

2096 3545 2358 3617 μελετᾷν,
2396 3548 2530 3601 ἀλλὰ
2573 3550 2774 3617 γνῶναι
2816 3552 3048 3623 Χριστὸν
3089 3555 3146 3622 ἐξ
3196 3557 3392 3623 αὐτῶν,
3442 3562 3663 3633 καὶτῆς

2091 3639 2254 3691 αὐτοῦ
2287 3641 2535 3708 γενέσθαι
2568 3643 2784 3714 μερίδος
2815 3661 2872 3696 τε
2908 3645 2999 3697 καὶ
3038 3646 3420 3719 κληρονομίας,
3451 3652 3543 3705 καί⁵
3573 3652 3662 3707 διὰ

2090 3728 2323 3793 πίστεως
2355 3732 2447 3784 καὶ
2498 3733 2671 3803 ἔργων
2721 3736 2805 3788 ἐπ’
2852 3734 2997 3804 αὑτῷ
3044 3739 3376 3793 πεποιθέναι.
3425 3743 3660 3811 Εἰκότως

2086 3821 2213 3889 ἄρα,
2278 3824 2408 3892 μιᾶς
2459 3823 2626 3895 οὕσης
2658 3825 2757 3897 τῆς
2809 3825 3076 3894 διανοίας,
3139 3833 3472 3902 συνημμένοι
3529 3840 3658 3909 παρ’

2096 3910 2364 3982 Ἐ6ραίοις
2391 3916 2527 3968 εἰσὶν
2549 3918 2597 3969 oi
2624 3917 2717 3971 δύο
2741 3918 2962 3989 ψαλμοί.

2455 4033 2786 4086 ΕΞΗΓΗΣΙΣ
2819 4036 2954 4089 ΤΟΥ
2985 4038 3279 4091 ΨΑΛΜΟΥ
3308 4037 3381 4094 I".

2088 4123 2428 4200 Ψαλμόςτῷ
2448 4125 2652 4200 Δαυῒδ,
2677 4129 2858 4200 (iners
2885 4128 3323 4200 ἀπεδίδρασκεν
3339 4130 3456 4184 ἀπὸ
3478 4146 3657 4200 προσ-

2309 4193 2474 4247 ώπου
2514 4196 2890 4265 Ἀϐεσσαλὼμ
2914 4199 3019 4251 τοῦ
3050 4193 3180 4253 υἱοῦ
3209 4200 3414 4253 αὐτοῦ.

2160 4311 2497 4381 ’Δναγκαίως
2523 4311 2614 4364 τὸν
2635 4312 2823 4384 καιρὸν
2844 4313 3277 4384 ἑπισημειοῢται,
3296 4316 3372 4378 ὡς
3396 4316 3460 4369 ἂν
3482 4318 3651 4388 ἐφαρ-

2079 4401 2231 4470 μόσοι
2278 4401 2376 4472 μὲν
2436 4405 2549 4464 τοῖς
2605 4401 2915 4471 λεγομένοις
2947 4404 3045 4474 τὴν
3074 4405 3180 4458 ἀπὸ
3209 4404 3319 4457 τῶν
3360 4405 3651 4460 Βασιλειῶν

405 4485 528 4547 post
557 4475 857 4531 admissum
891 4492 1015 4530 cum
1051 4492 1225 4532 uxore
1252 4476 1395 4532 Uria)
1424 4487 1732 4549 peccatum,
1767 4491 1976 4537 tantum

2097 4493 2347 4564 ἱστορίαν,
2385 4493 2478 4546 καὶ
2503 4491 2578 4555 ὡς
2611 4491 2678 4545 ἂν
2712 4492 2999 4563 μάθοιμεν,
3023 4495 3124 4560 ὅτι,
3164 4495 3300 4566 μετά
3332 4496 3394 4549 τὸ
3412 4496 3651 4568 ἐξαμαρ-

406 4567 657 4623 retulisse
688 4568 1024 4636 pcenitentia:
1054 4568 1316 4633 fructum,
1349 4576 1408 4623 ut
1438 4584 1653 4625 rursum
1683 4570 1868 4628 divino
1897 4573 1980 4626 af-

404 4658 564 4716 ﬂatus
594 4658 797 4729 Spiritu
827 4660 1104 4729 psalleret.
1135 4660 1430 4715 Historiam
1462 4663 1606 4717 enim
1631 4678 1751 4733 qua;
1777 4680 1890 4719 rem
1921 4667 1974 4719 in

408 4748 591 4805 Uriam
621 4757 828 4821 gestam
872 4752 1119 4821 respicit,
1150 4753 1503 4822 consequitur
1544 4754 1769 4809 rebellio
1797 4756 1973 4810 Absa-

404 4844 547 4899 Ionis
578 4843 635 4897 in
665 4854 891 4914 patrem.
926 4844 1055 4900 lude
1096 4845 1242 4899 enim
1275 4845 1344 4899 ab
1376 4846 1497 4900 aliis
1537 4848 1843 4917 exemplum
1879 4864 1974 4904 su-

401 4944 584 4992 matur
624 4936 1032 5005 resipiscentiaa,
1065 4946 1229 5007 atque
1279 4938 1595 4992 mutationis
1643 4954 1675 4991 ιι
1722 4939 1971 5008 pristinis

401 5029 559 5086 malis
592 5029 647 5084 in
675 5028 953 5083 meliorem
982 5028 1229 5100 frugem;
1258 5029 1619 5101 doctrinaque
1649 5030 1839 5084 isthzrc
1867 5033 1971 5087 erit

400 5124 624 5179 sincerae
656 5123 723 5177 ad
757 5122 923 5178 Deum
959 5124 1360 5180 conversionis.
1402 5122 1661 5193 Aliaeque
1692 5124 1971 5193 proprium

393 5212 666 5283 justorum
694 5220 781 5268 est
806 5214 1068 5268 aerumnis
1096 5212 1264 5280 afﬁci;
1290 5214 1645 5283 quamobrem
1678 5214 1757 5268 ait
1786 5213 1975 5269 Salva-

399 5314 487 5359 tor
519 5324 533 5360 :
575 5304 639 5359 In
673 5304 864 5359 mundo
911 5321 1216 5374 pressuram
1264 5306 1523 5361 habebitis
1545 5306 1622 5365 ²¹;
1655 5315 1705 5361 et
1746 5319 1973 5378 angusta

392 5407 445 5453 et
471 5406 620 5450 arcta
647 5396 732 5450 via
753 5405 830 5451 est
855 5414 970 5467 qute
988 5397 1134 5453 ducit
1162 5398 1232 5452 ad
1258 5400 1420 5453 citant
1442 5400 1509 5449 ²².

468 5486 634 5542 Vens.
687 5488 803 5542 2-4.
845 5486 1089 5554 Domine,
1135 5489 1261 5560 quid
1311 5490 1652 5557 multiplicati
1699 5500 1822 5543 sunt
1876 5492 1964 5561 qui

396 5576 653 5633 tribulam
696 5580 816 5634 me?
849 5579 1004 5633 multi
1042 5582 1318 5650 insurgunt
1352 5580 1631 5635 adversum
1661 5595 1758 5635 nte.
1803 5579 1963 5635 Multi

2080 4584 2242 4654 τῆσαι
2268 4586 2346 4646 είς
2377 4585 2478 4656 τὴν
2508 4583 2603 4636 τοῦ
2635 4585 2851 4656 Οὐρίου,
2875 4585 3121 4639 τοσοῦτον
3158 4588 3511 4658 εἰσηνέγκατο
3549 4605 3647 4660 με-

2078 4676 2295 4738 τανοίας
2328 4674 2559 4747 καρπὸν,
2591 4676 2667 4739 ὡς
2685 4675 2845 4753 πάλιν
2869 4677 2927 4728 ὲν
2956 4676 3084 4747 θείῳ
3105 4676 3379 4749 Πνεύματι
3402 4678 3644 4748 ψάλλειν.

2081 4768 2311 4821 Ἕπεται
2330 4767 2439 4838 γὰρ
2466 4771 2531 4838 τῇ
2554 4767 2694 4821 κατὰ
2710 4767 2801 4820 τὸν
2823 4768 3021 4839 Οὐρίαν
3053 4770 3307 4841 ἱστορίᾳή
3342 4769 3434 4823 τοῦ
3464 4771 3647 4823 Ἀϐεσ-

2078 4858 2271 4929 σαλὼμ
2303 4859 2442 4912 κατά
2474 4858 2568 4911 τοῦ
2603 4859 2809 4930 πατρὸς
2835 4861 3217 4924 ἐπανάστασις.
3265 4862 3478 4915 Γὲνοιτο
3507 4863 3551 4917 δ’
3577 4863 3643 4917 ἂν

2076 4950 2139 4999 ἐκ
2164 4946 2366 5001 τούτων
2400 4948 2493 5000 καὶ
2523 4948 2729 5019 ἑτέροις
2771 4949 2943 5019 τροπὴ
2971 4951 3068 5021 τῆς
3094 4950 3202 5003 ἀπὸ
3235 4950 3513 5023 προτέρων
3547 4970 3645 5006 κα-

2074 5036 2185 5090 κῶν
2205 5036 2298 5089 ἐπὶ
2325 5034 2392 5090 τὰ
2421 5037 2653 5109 κρείττω
2683 5039 3017 5110 μεταϐολῆς,
3057 5039 3372 5094 διδασκαλία
3400 5059 3459 5094 τε
3508 5059 3641 5114 γνη-

2074 5127 2193 5191 σίας
2219 5126 2354 5198 πρὺς
2385 5130 2477 5183 τὸν
2507 5130 2639 5183 Θεὸν
2663 5130 3021 5202 ἐπιστροφῆς.
3066 5132 3177 5185 Καὶ
3209 5130 3383 5196 ἄλλως
3415 5132 3470 5186 δὲ
3509 5133 3641 5187 ῐδιον

2070 5217 2289 5272 δικαίων
2331 5220 2446 5273 ἐστὶ
2491 5220 2554 5273 τὸ
2591 5219 2899 5275 θλίϐεσθαι·
2933 5221 3013 5275 διὸ
3044 5224 3137 5276 καὶ
3158 5224 3186 5274 ὁ
3216 5224 3407 5295 Σωτήρ
3440 5240 3635 5296 φησιν·

2085 5309 2187 5363 Ἐν
2205 5308 2286 5373 τῷ
2317 5309 2521 5380 κόσμῳ
2544 5311 2757 5379 θλίψιν
2802 5310 3001 5380 ἔχετε·
3034 5312 3131 5365 καὶ
3162 5313 3349 5382 στενὴ
3404 5315 3499 5367 καὶ
3550 5329 3640 5368 τε·

2074 5398 2363 5468 θλιμμένη
2391 5399 2563 5454 ἐστὶν
2584 5402 2622 5469 ἠ
2655 5399 2797 5468 ὁδὸς
2814 5402 2853 5469 ἡ
2875 5401 3194 5470 ἀπάγουσα
3219 5405 3306 5468 εἰς
3327 5404 3439 5470 τὴν
3464 5400 3634 5470 ζωήν.

2138 5490 2333 5557 Κύριε,
2362 5490 2418 5542 τί
2444 5490 2912 5558 ἐπληθύνθησαν
2938 5495 2992 5545 οἱ
3012 5493 3321 5559 θλίϐοντές
3341 5509 3452 5563 μω
3481 5497 3633 5549 Πολ-

2067 5582 2161 5635 λοί
2204 5581 2634 5635 ἐπανίστανται
2682 5582 2775 5636 ἐπ’
2820 5582 2958 5653 ἐμέ·
3012 5582 3229 5640 πολλοὶ
3270 5584 3515 5655 λέγουσι
3562 5582 3635 5654 τῆ

466 5778 507 5809 ι’
547 5773 742 5832 Jercm.
780 5790 944 5844 xvm,
977 5775 1029 5830 6.
1107 5774 1153 5805 '°
1194 5773 1352 5831 Rom.
1386 5791 1459 5841 ιι,
1496 5775 1547 5830 5.
1629 5777 1671 5809 ἰ
1710 5775 1866 5834 Joan.
1906 5793 1993 5834 xv:

2097 5778 2146 5834 5.
2227 5780 2271 5812 ¹²
2312 5776 2501 5833 Matth.
2534 5794 2631 5848 vn,
2668 5780 2754 5835 u.
