4096 6412
394 388 466 445 93
1536 366 2036 426 COMMENTARIA
2080 368 2146 424 IN
2181 366 2519 423 PSALMOS.
3583 361 3659 453 οι

394 523 570 597 ψυχῇ
606 540 743 596 μου’
794 521 916 576 Οὐκ
952 518 1083 574 ἐστι
1124 516 1385 585 σωτηρία
1421 511 1583 578 αὐτῷ
1622 513 1693 567 ἐν
1722 511 1802 577 τῷ
1840 506 1962 573 Θεῷ

2074 506 2249 562 dicunt
2276 518 2470 558 ammte
2499 514 2627 555 mete
2660 512 2679 552 :
2715 499 2839 552 Non
2875 505 2954 552 est
2976 496 3123 551 salus
3158 497 3259 567 ipsi
3290 498 3347 551 in
3366 496 3477 554 Deo
3512 499 3654 569 ejus.

350 679 357 687 _
396 619 605 676 αὐτοῦ.
633 615 716 671 Σὺ
755 612 843 677 δὲ,
876 613 1072 680 Κύριε,
1098 606 1477 676 ἀντιλήπτωρ
1516 622 1637 676 μου
1685 600 1773 671 εἴ,
1817 602 1969 667 δόξα

392 727 532 781 μου,
570 706 667 760 καί
699 702 875 774 ὑψῶν
907 701 1021 769 τὴν
1064 695 1336 767 κεφαλήν
1376 712 1517 765 μου.
1566 695 1781 757 Πάντας
1838 693 1967 746 διω-

397 803 569 875 γμοὺς
595 798 702 872 χρὴ
724 797 1032 869 προσδοκᾷν
1054 795 1179 856 τοὺς
1206 788 1349 846 κατὰ
1371 789 1504 843 Θεὸν
1526 788 1624 860 ζῇν
1647 802 1860 860 προῃρη
1870 786 1968 856 μέ-

395 914 540 959 νους.
581 892 735 947 Ἐπεὶ
765 888 906 944 κατὰ
930 888 1022 940 τὸν
1050 882 1368 938 Ἀπόστολον
1387 899 1401 912 ’
1430 880 1662 947 Πάντες
1691 883 1744 932 οὶ
1772 879 1973 933 θέλον-

395 1006 495 1054 τες
527 983 635 1053 ζῇν
666 979 930 1046 εὐσεϐῶς
969 979 1039 1032 ἐν
1080 974 1310 1045 Χριστῷ
1363 972 1557 1041 Ἰησοῦ
1594 969 1965 1041 διωχθήσον-

396 1096 511 1134 ται.
550 1076 689 1130 Ἀλλ’
718 1077 776 1128 ἐν
804 1075 940 1126 πᾶσι
974 1070 1239 1143 προσήκει
1264 1066 1334 1119 τά
1365 1065 1513 1120 δεινά
1540 1063 1823 1136 καρτερῶς
1845 1062 1975 1115 ὑπο-

402 1173 580 1245 μένειν
601 1188 615 1200 ·
675 1169 799 1222 ἐπεὶ
841 1164 976 1237 μηδέ
1021 1164 1156 1234 πρὸς
1199 1160 1380 1230 ὀλίγον
1404 1158 1552 1212 ἐστὶν
1578 1158 1708 1228 ἡμῖν
1737 1157 1765 1208 6
1797 1154 1967 1245 ἀγὼν,

401 1243 535 1337 μηδὲ
563 1262 701 1334 πρὸς
731 1258 987 1332 μικροὺς,
1033 1254 1169 1310 ἀλλὰ
1212 1252 1350 1325 πρὸς
1390 1250 1641 1311 πλείονας
1665 1247 1761 1302 καὶ
1797 1243 1970 1337 μεγά-

396 1335 544 1420 λους,
598 1354 659 1406 οὐ
697 1351 853 1425 μόνον
884 1350 1008 1412 τοὺς
1037 1350 1094 1401 ἐν
1137 1343 1479 1417 ἀνθρώποις,
1531 1339 1668 1395 ἀλλὰ
1706 1338 1800 1391 καὶ
1843 1335 1972 1399 τοὺς

397 1446 663 1521 άοράτους
685 1440 932 1514 ἐχθρούς.
956 1438 1068 1493 Καὶ
1093 1438 1237 1492 κατὰ
1266 1436 1328 1490 τὸ
1359 1435 1519 1507 ῥητὸν
1549 1432 1638 1497 δέ,
1673 1429 1835 1484 Δαυῒδ
1853 1468 1868 1492 ,
1903 1429 1970 1521 ἐκ

398 1520 524 1603 νέας
550 1537 764 1610 ἡλικίας
792 1534 897 1588 ὑπὸ
933 1531 1027 1585 τοῦ
1072 1530 1245 1585 Σαοὺλ
1285 1526 1646 1598 πολεμηθεὶς,
1699 1523 1794 1578 καὶ
1835 1520 1972 1593 μετὰ

395 1628 570 1684 ταῦτα
591 1626 695 1680 ὑπὸ
724 1623 930 1697 μυρίων
957 1620 1151 1685 ἄλλων,
1182 1620 1277 1673 καὶ
1297 1618 1447 1682 τέλος
1469 1615 1574 1670 ὑπὸ
1597 1613 1691 1668 τοῦ
1725 1611 1842 1666 υἱοῦ
1875 1610 1974 1680 τῆς

400 1718 674 1791 βασιλείας
707 1714 1060 1785 ἐλαυνόμενος
1096 1712 1189 1766 καὶ
1236 1709 1469 1778 φεύγων,
1502 1706 1675 1761 ταῦτα
1715 1702 1859 1759 κατά
1881 1703 1973 1756 τὸν

2073 598 2159 655 Tu
2194 606 2390 663 autem,
2423 594 2666 656 Domine,
2708 601 2978 661 susceptor
3012 607 3156 646 meus
3185 609 3238 645 es
3271 609 3289 645 :
3321 593 3495 662 gloria
3540 610 3658 648 mea

2074 701 2123 744 et
2152 692 2397 746 exaltari:
2438 697 2597 757 caput
2638 701 2834 740 meum.
2872 683 3293 740 Persecutiones
3335 693 3657 754 exspectare

2072 792 2295 855 oportet
2327 797 2519 837 omnes
2556 779 2651 850 qui
2689 776 2990 834 secundum
3020 775 3191 831 Deum
3233 776 3417 832 vivere
3447 778 3656 832 consti-

2070 877 2299 931 tuerint.
2340 873 2621 944 Siquidem
2656 880 2718 926 ut
2745 871 2822 925 ait
2846 869 3144 941 Apostolus
3174 886 3188 921 :
3231 867 3422 923 Omnes
3452 870 3542 939 qui
3574 870 3658 938 pie

2070 969 2254 1021 volunt
2294 968 2459 1022 vivere
2498 967 2554 1018 in
2596 963 2805 1019 Christo
2841 965 2972 1016 Jesu
3001 960 3414 1030 persecutionem
3451 960 3658 1027 patien-

2073 1066 2162 1109 tur
2178 1058 2245 1111 ’³.
2277 1055 2346 1110 At
2376 1056 2432 1111 in
2466 1055 2724 1111 omnibus
2754 1069 2855 1125 par
2883 1061 2967 1109 est
2995 1051 3182 1123 gravia
3216 1050 3436 1105 fortiter
3465 1049 3610 1106 ferre
3636 1068 3651 1104 τ

2072 1148 2516 1219 quandoquidem
2556 1162 2736 1216 neque
2771 1145 2840 1200 ad
2877 1145 3042 1200 breve
3073 1151 3311 1214 tempus,
3348 1158 3525 1213 neque
3559 1141 3657 1196 ad-

2072 1250 2267 1294 versus
2292 1252 2498 1308 paucos
2527 1242 2803 1291 certamen
2834 1233 2994 1289 nobis
3019 1241 3137 1300 est;
3168 1233 3264 1288 sed
3295 1240 3487 1288 contra
3514 1234 3658 1287 mul-

2072 1336 2161 1386 tos
2189 1346 2254 1386 ac
2283 1329 2476 1392 fortes,
2510 1344 2622 1384 non
2663 1329 2840 1386 solum
2882 1327 3155 1392 homines,
3192 1325 3289 1383 sed
3316 1327 3480 1381 etiam
3515 1326 3659 1379 invi-

2074 1420 2263 1477 sibiles
2293 1420 2567 1475 inimicos.
2601 1417 2666 1473 Et
2696 1428 2756 1472 ut
2781 1416 2848 1472 ad
2871 1432 2985 1472 rem
3012 1417 3346 1487 propositam
3377 1414 3655 1476 veniatur,

2073 1512 2245 1571 David
2283 1530 2313 1569 a
2342 1515 2629 1584 juventute
2663 1527 2761 1568 sua
2795 1527 2892 1583 per
2925 1510 3146 1567 Saulem
3176 1510 3319 1565 bello
3347 1510 3655 1580 impetitus,

2076 1622 2140 1662 ac
2185 1605 2443 1675 deinceps
2489 1619 2520 1658 a
2567 1603 2842 1659 sexcentis
2891 1602 3038 1667 aliis,
3079 1602 3411 1672 demumque
3459 1616 3490 1654 a
3544 1600 3658 1656 ﬁlio

2074 1699 2269 1769 pulsus
2313 1711 2518 1768 regno,
2560 1705 2725 1765 atque
2767 1694 3018 1765 fugatus,
3064 1693 3180 1749 haec
3224 1701 3470 1764 tempore
3515 1690 3658 1763 fuga:

398 1784 585 1885 καιρὸν
610 1810 711 1881 τῆς
745 1784 923 1879 φυγῆς
942 1806 1146 1873 ἔλεγεν.
1187 1803 1427 1875 Ἐχθρῶν
1455 1802 1514 1858 δέ
1543 1804 1660 1856 ἐστι
1703 1798 1766 1854 τὸ
1802 1798 1972 1869 ἐπεμ-

2075 1789 2311 1845 dicebat.
2354 1788 2708 1842 Inimicorum
2757 1794 2939 1841 autem
2981 1786 3265 1857 preprium
3308 1792 3414 1849 est,
3444 1784 3659 1840 irruere

398 1878 599 1955 ϐαίνειν
620 1878 715 1955 καὶ
729 1896 1120 1953 ἐπανίστασθαι
1139 1897 1251 1959 τοῖς
1276 1896 1463 1958 κακοῖς
1489 1892 1596 1947 τῶν
1616 1891 1682 1945 δι’
1703 1889 1972 1954 ἐναντίας-ο

2077 1890 2243 1953 atque
2274 1882 2559 1951 insurgere
2594 1881 2650 1935 in
2677 1880 2884 1943 hostes,
2907 1878 3036 1934 dum
3073 1878 3128 1932 in
3152 1878 3294 1933 mala
3321 1879 3654 1934 inciderunt.

396 1990 582 2060 διόπερ
611 1986 801 2058 καὶτῷ
827 1984 988 2039 Δαυῖδ
1018 1982 1358 2056 ἡμαρτηκότι
1395 1983 1488 2036 ἐπὶ
1518 1982 1617 2054 τῆς
1648 1980 1745 2035 τοῦ
1776 1979 1974 2051 Οὐρίου

399 2080 581 2134 πολλοὶ
598 2080 956 2135 ἐπανίσταντο
979 2076 1448 2146 ἐπιχαιρεσίκακοι
1473 2074 1656 2147 ἐχθροί
1676 2091 1841 2137 τινες.
1863 2071 1976 2126 Πά-

397 2171 486 2226 λαι
509 2172 604 2226 καὶ
624 2172 688 2224 ἐκ
714 2170 925 2243 μακροῦ
950 2171 1038 2224 διὰ
1060 2170 1254 2240 φθόνου
1284 2166 1511 2236 ὑψοῦται
1536 2164 1747 2236 κεφαλὴ
1761 2163 1854 2218 τοῦ
1882 2181 1975 2217 κα-

397 2262 466 2318 τά
490 2261 649 2332 σῶμα
678 2261 1093 2334 μεγεθισμένου,
1124 2257 1276 2331 παρὰ
1302 2257 1403 2321 τάς
1430 2257 1538 2311 τῶν
1571 2255 1973 2329 ὑποδεεστέρων

396 2352 635 2421 κεφαλὰς
664 2352 815 2406 κάτω
845 2351 1119 2422 κειμένας.
1149 2350 1305 2405 Οὖτω
1346 2348 1707 2419 διαναστάσης
1741 2348 1839 2418 τῆς
1879 2346 1971 2400 τοῦ

400 2442 668 2514 μακαρίου
709 2441 886 2514 ψυχῆς
920 2442 1015 2497 καὶ
1049 2444 1131 2505 εἰς
1163 2440 1400 2495 ἐπίδοσιν
1435 2438 1836 2508 ἀναϐεϐηκυίας
1873 2435 1971 2492 τοῦ

392 2534 468 2599 ὡς
514 2537 571 2588 ἐν
621 2534 819 2605 ψυχαῖς
867 2534 1163 2605 μεγέθους,
1216 2535 1248 2603 ἡ
1299 2530 1509 2603 κεφαλὴ
1560 2530 1788 2601 ὑψοῦται
1836 2527 1971 2583 Θεοῦ

396 2624 780 2698 συνεργοῦντος
808 2627 949 2696 αὐτῇ
977 2627 1071 2679 καὶ
1100 2624 1236 2697 πρὸς
1260 2624 1450 2679 ἑαυτὸν
1475 2625 1554 2689 είς
1586 2623 1813 2693 οὐρανὸν
1843 2622 1974 2676 άνά-

393 2735 601 2785 γοντος,
629 2718 720 2791 τὸν
749 2717 1130 2788 ἐμπαρέχοντα
1158 2716 1319 2769 αὐτὸν
1351 2718 1418 2787 τῇ
1454 2715 1590 2787 πρὸς
1619 2712 1679 2767 τὸ
1713 2713 1974 2767 ἀνωτάτω

394 2806 701 2878 ἀκολουθίᾳ.
744 2805 900 2860 Ἐπεὶ
952 2805 1010 2858 δὲ
1043 2804 1223 2874 πολλῷ
1265 2804 1425 2858 πλέον
1458 2805 1558 2875 τῆς
1605 2802 1974 2875 προαιρέσεως

395 2898 496 2968 τῆς
524 2894 847 2966 τάνθρώπου
880 2896 1181 2966 χαρίζεται,
1214 2894 1378 2948 νικῶν
1414 2897 1472 2949 ἐν
1508 2893 1587 2965 τῷ
1624 2892 1912 2965 δωρεῖσθαι
1944 2895 1974 2948 6

396 2984 688 3057 εὐεργέτης
712 2984 804 3037 τὸν
833 2985 970 3038 κατά
993 2984 1219 3056 δύναμιν
1250 2983 1505 3039 ποιοῦντα
1551 2984 1612 3038 τὸ
1654 2983 1834 3037 καλόψ
1879 2982 1974 3037 καὶ

396 3075 483 3130 διὰ
514 3075 673 3129 τοῦτο
704 3075 904 3138 παντὸς
933 3074 1099 3129 καλοῦ
1135 3073 1233 3147 τὴν
1265 3075 1444 3129 αἰτίαν
1479 3075 1508 3126 6
1543 3073 1753 3139 Παῦλος
1784 3075 1971 3130 ἀνατι-

397 3165 509 3228 θεὶς
551 3163 629 3235 τῷ
671 3162 789 3233 Θεῷ
830 3178 1013 3234 φησιν’
1061 3165 1144 3217 Οὐ
1182 3163 1289 3217 τοῦ
1336 3163 1639 3230 θέλοντος,
1682 3163 1826 3217 οὐδὲ
1863 3162 1969 3218 τοῦ

2076 1972 2442 2041 Quamobrem
2467 1981 2589 2041 post
2612 1981 2893 2042 peccatum
2911 1969 3134 2026 Davidis
3153 1985 3278 2025 cum
3300 1985 3469 2025 uxore
3492 1968 3653 2031 Uriae.

2073 2066 2233 2121 multi
2263 2065 2318 2120 in
2347 2080 2495 2131 eum,
2524 2080 2591 2120 ex
2636 2066 2705 2119 iis
2747 2065 2961 2119 scilicet
2995 2064 3092 2133 qui
3123 2062 3316 2119 alienis
3345 2062 3658 2134 gaudebant

2074 2155 2255 2219 malis,
2283 2155 2721 2210 insurrexerunt.
2752 2152 2971 2208 Jamdiu
2994 2154 3141 2209 enim
3165 2161 3219 2209 et
3250 2168 3281 2207 a
3308 2153 3485 2223 longis
3510 2159 3658 2208 retro

2074 2247 2413 2317 temporibus
2446 2261 2544 2317 per
2586 2245 2844 2300 invidiam
2876 2246 3149 2301 exaltatur
3187 2255 3351 2315 caput
3382 2245 3525 2315 ejus,
3560 2245 3658 2314 qui

2074 2338 2373 2394 secundum
2420 2353 2620 2407 corpus
2651 2336 2719 2392 ad
2749 2336 2958 2407 majora
2995 2335 3266 2401 evehitur,
3310 2342 3365 2391 et
3409 2336 3659 2390 imminet

2072 2426 2345 2498 capitibus
2397 2426 2743 2493 inllmorum,
2801 2441 2929 2497 quas
2974 2426 3233 2482 deorsum
3291 2427 3656 2482 inclinantur.

2072 2518 2277 2574 Eodem
2314 2516 2476 2572 modo
2499 2517 2628 2571 dum
2660 2517 2807 2573 beati
2860 2517 2962 2572 viri
3010 2518 3192 2572 anima
3248 2518 3471 2584 crescit,
3504 2525 3558 2574 et
3590 2519 3657 2573 ad

2074 2609 2346 2672 altiorem,
2388 2609 2568 2678 qualis
2599 2609 2887 2665 animabus
2927 2611 3211 2681 competit,
3263 2610 3658 2681 magnitudinis

2073 2700 2302 2773 gradum
2334 2701 2603 2768 evehitur,
2637 2699 2747 2758 Deo
2775 2702 3032 2758 videlicet
3077 2705 3305 2774 juvante
3332 2710 3387 2759 et
3415 2703 3483 2758 ad
3508 2720 3568 2760 se
3601 2705 3657 2760 in

2074 2790 2272 2847 celum
2315 2791 2577 2847 evehente
2610 2807 2733 2847 eum
2784 2792 2878 2862 qui
2909 2807 3032 2848 sese
3064 2792 3273 2864 praebet
3319 2793 3385 2847 ad
3418 2808 3659 2863 superna

2073 2882 2402 2938 ducendum.
2462 2880 2732 2949 Quoniam
2789 2892 2953 2949 'vero,
3007 2882 3300 2938 munilicus
3375 2898 3502 2938 cum
3561 2885 3656 2949 sit,

2072 2975 2246 3030 multo
2269 2973 2427 3044 plura
2464 2973 2673 3029 homini
2712 2974 2921 3048 praebet
2951 2988 3114 3045 quam
3145 2976 3266 3045 ipse
3293 2975 3380 3030 vel
3411 2984 3537 3032 voto
3567 2991 3658 3031 as-

2072 3074 2351 3135 sequatur,
2375 3072 2704 3136 superatque
2736 3066 2896 3121 donis
2925 3066 3042 3122 suis
3070 3082 3193 3123 eum
3215 3109 3231 3135 ,
3268 3069 3363 3140 qui
3396 3084 3496 3139 pro
3520 3069 3658 3124 viri-

2074 3157 2411 3214 bus'bonum
2430 3165 2724 3228 operatur;
2757 3158 2878 3215 ideo
2914 3158 3097 3217 omnis
3129 3159 3258 3215 boni
3292 3175 3517 3216 causam
3546 3160 3658 3217 Deo

394 3244 729 3325 τρέχοντος,
756 3255 915 3309 ἀλλὰ
945 3250 1052 3309 τοῦ
1069 3253 1388 3322 ἐλεοῦντος
1417 3254 1586 3311 Θεοῦ.
1626 3255 1684 3307 '0
1710 3255 1840 3319 Θεὸς
1875 3254 1972 3326 μὲν

2078 3252 2399 3308 adscribens
2420 3251 2625 3308 Paulus
2663 3252 2740 3305 ait
2772 3270 2785 3306 :
2821 3250 2947 3305 Non
2968 3253 3185 3307 volentis
3206 3292 3220 3317 ,
3253 3269 3414 3325 neque
3442 3268 3660 3308 curren-

394 3340 487 3401 οὗν
518 3345 612 3398 καὶ
648 3347 681 3412 ἡ
710 3343 878 3416 άρετὴ
914 3329 1219 3414 μεγεθύιῖει,
1254 3343 1347 3397 καὶ
1383 3343 1450 3397 δι’
1486 3343 1621 3398 ὅλων
1651 3346 1863 3399 ἐπαινεῖ
1894 3344 1969 3418 (1)

395 3436 493 3511 τὴν
522 3437 613 3491 τοῦ
640 3436 793 3506 ἁγίου
819 3436 1014 3508 ψυχήψ
1051 3435 1215 3491 κακία
1243 3435 1299 3488 δὲ
1328 3435 1422 3489 καὶ
1448 3437 1481 3506 ἡ
1523 3436 1779 3507 συνεργὸς
1798 3435 1970 3508 ταύτῃ

392 3529 563 3603 ἐχθρά
602 3530 715 3591 τοῖς
765 3527 1070 3599 ἀνθρώποις
1104 3527 1360 3598 δύναμις,
1422 3527 1697 3581 συστέλλει
1749 3528 1843 3582 καὶ
1893 3531 1973 3592 είς

396 3620 579 3674 στενὸν
635 3620 850 3689 συνάγει
897 3619 997 3691 τὴν
1057 3618 1131 3691 μὴ
1176 3617 1446 3691 ἑπομένην
1504 3617 1642 3691 Θεῷ,
1693 3621 1786 3674 καὶ
1831 3619 1972 3675 οὕτω

397 3710 625 3781 βραχεῖα
662 3709 866 3778 γίνεται
913 3710 1009 3763 καὶ
1051 3709 1266 3781 κολοϐὴ,
1313 3710 1453 3764 ὥστε
1488 3711 1586 3782 τῆς
1624 3711 1834 3782 χύσεως
1872 3712 1973 3784 τῆς

396 3803 592 3865 κακίας
614 3801 993 3872 ἐπιγινομένης
1010 3803 1087 3864 είς
1107 3803 1168 3854 τὸ
1197 3802 1383 3874 μηδὲν,
1404 3802 1499 3873 τὴν
1520 3802 1775 3875 τοιαύτην
1795 3802 1972 3875 ψυχὴν

395 3892 705 3964 λογισθῆναι
733 3892 875 3946 κατὰ
911 3892 1004 3946 τὸν
1040 3893 1288 3946 Ἠσαῖαεν
1328 3895 1376 3946 oi
1423 3893 1529 3966 γὰρ
1569 3895 1974 3966 ἁμαρτάνοντες

395 3989 474 4048 εἰς
505 3985 657 4038 οὐδὲν
692 3982 1066 4053 ἐλογίσθησαν.
1100 3982 1211 4035 Καὶ
1251 3982 1436 4054 ὥσπερ
1482 3985 1748 4054 σωμάτων
1793 3983 1974 4055 ἐλάχι-

398 4077 520 4131 στόν
549 4080 693 4131 ἐστιν
717 4076 745 4128 6
773 4075 921 4145 χοῦς,
939 4074 1111 4138 οὓτως
1144 4076 1199 4127 αἱ
1256 4074 1430 4147 πάντη
1464 4075 1734 4147 μοχθηραὶ
1762 4074 1933 4146 ψυχαὶ
1952 4114 1969 4142 ,

397 4172 487 4224 ἐπὶ
511 4169 645 4223 πολὺ
667 4168 1098 4240 σμικρυνθεῖσαι,
1124 4168 1260 4222 εἰσὶν
1276 4168 1355 4234 ὡς
1371 4171 1403 4222 ὁ
1452 4166 1602 4237 χοῦς
1624 4167 1696 4221 ὃν
1709 4168 1974 4237 expiaret

398 4265 431 4316 ὁ
457 4261 693 4331 ἄνεμος.
719 4258 975 4330 Κεφαλὴν
1012 4257 1070 4312 δὲ
1106 4259 1204 4330 τῆς
1240 4258 1417 4329 ψυχῆς
1457 4259 1673 4330 νοητέον
1710 4260 1807 4333 τὴν
1856 4260 1974 4313 δια-

395 4354 649 4427 γοητικὴν
718 4354 964 4424 δύναμινι
1013 4350 1216 4422 ταύτης
1268 4352 1374 4424 γάρ
1431 4352 1791 4423 διαφέρουσαν
1851 4352 1972 4406 οὐδὲ

398 4448 561 4520 μέχρι
591 4445 686 4499 τοῦ
711 4446 990 4517 ἐπινοῆσαι
1021 4445 1259 4499 δυνατόν’
1292 4445 1344 4497 εἴ
1371 4462 1435 4515 γε
1468 4444 1563 4498 καὶ
1594 4445 1687 4498 τοῦ
1721 4445 1973 4517 σώματος

395 4542 428 4611 ή
463 4537 669 4608 κεφαλὴ
698 4537 1016 4608 τιμιωτέρα.
1042 4536 1188 4607 Αὕτη
1213 4535 1390 4591 τοίνυν
1410 4538 1444 4607 ἡ
1466 4537 1689 4609 νοητικὴ
1720 4537 1968 4609 δύναμις,

2073 3346 2162 3409 tis,
2189 3343 2280 3399 sed
2318 3344 2614 3399 miserentis
2644 3354 2721 3398 est
2748 3342 2845 3398 Dei
2870 3343 2937 3399 “.
2972 3343 3116 3399 Deus
3166 3343 3335 3415 igitur
3363 3356 3525 3416 atque
3545 3345 3661 3399 vir-

2075 3444 2163 3492 tus
2197 3436 2372 3492 sancti
2417 3436 2521 3492 viri
2548 3436 2787 3491 animam
2816 3436 3159 3492 incremento
3190 3436 3420 3502 donant,
3451 3444 3506 3493 et
3539 3452 3660 3491 om-

2072 3529 2206 3587 nino
2233 3528 2301 3583 ad
2335 3529 2529 3583 altiora
2561 3529 2799 3584 evehunt
2828 3543 2843 3582 :
2876 3528 3190 3600 malignitas
3224 3536 3403 3585 autem
3427 3530 3660 3601 ejusque

2073 3621 2315 3691 adjutrix
2348 3621 2571 3677 inimica
2603 3622 2917 3677 hominibus
2969 3630 3213 3692 potestas
3257 3623 3554 3688 contrahit,
3600 3625 3658 3679 in

2073 3719 2474 3783 angustumque
2522 3714 2720 3784 redigit
2748 3713 2988 3769 animam
3036 3714 3147 3770 Deo
3197 3731 3304 3769 non
3349 3715 3660 3786 obsequen-

2074 3809 2211 3870 tem;
2247 3810 2411 3874 atque
2436 3803 2510 3858 ita
2540 3805 2826 3870 minuitur,
2857 3815 2932 3870 et,
2962 3813 3023 3861 ut
3065 3806 3138 3860 ita
3165 3805 3365 3870 dicam,
3401 3807 3658 3862 decurta-

2074 3900 2192 3959 tnr;
2223 3900 2283 3947 ut
2315 3894 2616 3950 inundante
2652 3896 2882 3961 malitia,
2936 3896 3253 3966 huiusmodi
3294 3897 3514 3961 anima,
3569 3913 3658 3953 sc-

2073 3984 2312 4038 cundum
2362 3986 2582 4048 Isaiam,
2620 4003 2719 4057 pro
2750 3987 2922 4042 nihilo
2969 3996 3255 4058 reputetur
3286 4006 3300 4044 :
3334 3999 3657 4059 peccatores

2074 4093 2313 4148 namque
2361 4094 2458 4147 pro
2508 4078 2681 4135 nihilo
2733 4078 3022 4134 habentur.
3064 4082 3144 4135 Ac
3194 4082 3658 4151 quemadmodum

2074 4170 2318 4225 omnium
2346 4184 2637 4238 corporum
2668 4169 2954 4224 minimum
2990 4171 3169 4242 pulvis
3205 4181 3312 4237 est;
3355 4172 3430 4227 ita
3460 4175 3658 4230 anima:

2075 4262 2337 4333 improba:
2370 4261 2601 4315 multum
2654 4262 2979 4328 imminutae,
3020 4273 3148 4318 sunt
3199 4272 3453 4334 tanquam
3483 4265 3654 4334 pulvis

2072 4370 2223 4425 quem
2247 4353 2461 4422 proiicit
2476 4361 2677 4408 ventus.
2704 4352 2881 4422 Caput
2901 4362 3080 4409 autem
3104 4353 3301 4408 animae
3333 4355 3656 4411 azstimanda

2073 4451 2158 4501 est
2191 4444 2525 4515 intelligendi
2577 4445 2658 4500 vis
2693 4463 2708 4499 :
2741 4443 2877 4498 nihil
2904 4444 3052 4500 enim
3081 4459 3144 4500 ea
3179 4447 3534 4515 praestantius
3568 4446 3657 4501 vel

2076 4536 2316 4606 cogitare
2338 4535 2499 4602 licet;
2531 4534 2798 4606 siquidem
2828 4541 2881 4590 et
2918 4542 3085 4607 caput
3107 4536 3326 4606 corpori
3357 4536 3654 4591 antecellit.

396 4602 793 4703 τροπικώτερον
826 4602 1032 4700 κεφαλὴ
1078 4602 1329 4701 λεχθεῖσα
1369 4602 1470 4699 τῆς
1509 4602 1706 4701 ψυχῆς,
1741 4625 1824 4694 οἷς
1857 4602 1970 4702 ,μὲν

2076 4602 2203 4683 Haec
2253 4628 2418 4695 igitur
2468 4602 2804 4698 intelligendi
2844 4602 3147 4697 visique:
3198 4602 3359 4697 tropo
3418 4628 3654 4698 quodam

397 4719 606 4790 ὕψωται
635 4719 749 4774 ἄνω
784 4717 1073 4789 βλέπουσα,
1108 4718 1168 4770 ού
1214 4717 1370 4788 μόνον
1401 4717 1498 4790 τὴν
1540 4718 1665 4788 γῆν,
1706 4717 1841 4773 άλλά
1882 4717 1977 4773 καὶ

398 4812 575 4866 πάντα
610 4811 678 4866 τά
721 4809 949 4882 σώματα
992 4808 1374 4881 ὑπερκύψασα,
1426 4810 1503 4875 ὡς
1532 4810 1754 4880 φθάνειν
1813 4813 1974 4885 μέχρι

397 4905 552 4960 Θεοῦ.
573 4903 992 4977 Παρατηρητέον
1015 4903 1073 4956 δὲ
1098 4902 1299 4976 τριχῶς
1328 4903 1428 4975 τῆς
1462 4903 1694 4974 σχέσεως
1721 4902 1816 4957 τοῦ
1837 4904 1972 4960 Θεοῦ

397 4994 739 5068 ὑμνουμένης
763 4994 868 5048 ὑπὸ
888 4992 983 5047 τοῦ
1014 4992 1265 5062 λέγοντος
1292 4993 1392 5066 τὴν
1425 4994 1578 5059 τάξιν
1614 4994 1710 5049 τοῦ
1752 4996 1970 5068 πρώτου

397 5085 697 5157 λεχθέντος,
746 5084 837 5138 καὶ
886 5082 979 5139 τοῦ
1026 5083 1161 5154 ἑξῆς
1203 5083 1298 5141 καὶ
1349 5085 1442 5140 τοῦ
1486 5085 1693 5140 λοιποῦ.
1747 5086 1972 5158 Πρῶτον

399 5180 508 5251 γάρ
538 5194 700 5248 φησιν
726 5171 861 5231 εἶναι
891 5177 982 5231 τὸν
1005 5176 1138 5232 Θεὸν
1163 5177 1529 5251 ἁντιλήπτορα
1555 5179 1720 5234 αὐτοῦ
1741 5221 1756 5245 ,
1781 5180 1973 5237 ἔπειτα

397 5271 574 5337 δόξαν,
609 5269 799 5323 ἔπειτα
835 5268 1070 5340 ὑψοῦντα
1101 5270 1200 5340 τὴν
1228 5269 1488 5341 κεφαλήν.
1515 5273 1627 5329 Καὶ
1657 5275 1792 5345 ἡμῖν
1821 5276 1973 5329 ἀντι-

399 5356 642 5429 λήπτωρ,
683 5356 777 5410 καὶ
807 5355 868 5409 τὸ
907 5354 1077 5427 ὄνομα
1111 5356 1265 5427 δηλοτ
1297 5358 1847 5433 ἀντιλαμϐανόμενον,
1888 5364 1976 5418 ἵνα

400 5444 557 5517 ῥύσῃ
582 5461 643 5498 τε
678 5444 787 5499 ἀπὸ
832 5442 1038 5497 πολλῶν
1080 5442 1371 5502 θλιϐόντων
1404 5449 1496 5502 καὶ
1530 5450 1976 5526 ἐπανισταμένων

400 5537 494 5591 καὶ
510 5535 990 5606 ἀπογινωσκόντων
1002 5535 1102 5608 τὴν
1118 5538 1212 5593 τοῦ
1233 5540 1482 5611 λέγοντος
1491 5542 1662 5600 ταῦτα
1685 5548 1974 5619 σωτηρίαν.

472 5694 515 5725 ’⁸
557 5691 598 5746 ll
634 5693 775 5751 Tim.
815 5712 903 5760 ιιι,
942 5695 1026 5751 12.
1106 5696 1154 5730 ⁸⁸
1192 5695 1347 5754 Rom.
1387 5715 1474 5766 Ix,
1514 5701 1598 5757 16.

476 5848 670 5915 (Ι)Ἶσ.
709 5853 940 5925 ἐπαίρει.

2077 4728 2242 4791 caput
2262 4718 2458 4776 animas
2484 4719 2702 4785 dicitur,
2726 4718 2779 4774 in
2807 4719 3134 4789 quibusdam
3159 4734 3377 4775 sursum
3401 4719 3652 4790 erigitur,

2077 4812 2208 4868 dum
2241 4825 2480 4883 superne
2511 4811 2753 4882 respicit,
2786 4819 2949 4882 atque
2970 4826 3080 4865 non
3110 4810 3271 4866 modo
3299 4817 3524 4877 terram,
3558 4810 3654 4867 sed

2075 4903 2256 4959 omnia
2293 4902 2459 4959 etiam
2492 4917 2725 4975 corpora
2762 4901 3136 4967 transcendit,
3167 4902 3243 4956 ita
3279 4909 3340 4958 ut
3386 4918 3560 4974 usque
3585 4901 3656 4957 ad

2077 4994 2246 5052 Deum
2279 4995 2580 5067 perveniat.
2634 4995 3047 5052 Observandum
3095 5000 3278 5049 autem
3328 5002 3453 5060 est,
3484 4993 3655 5050 Deum

2077 5087 2168 5145 hic
2214 5087 2414 5159 triplici
2450 5088 2613 5144 modo
2657 5088 2945 5153 celebrari,
2987 5099 3052 5141 ac
3083 5086 3283 5157 primo,
3321 5083 3520 5141 dehinc
3565 5099 3657 5141 se-

2077 5180 2279 5247 cundo,
2333 5180 2552 5237 demum
2602 5179 2766 5236 tertio
2812 5177 3005 5237 ordine
3058 5176 3313 5248 exprimi.
3356 5175 3449 5231 Ait
3505 5176 3652 5231 enim

2077 5273 2255 5344 primo
2287 5272 2455 5330 Deum
2487 5288 2613 5330 esse
2645 5279 3019 5343 susceptorem
3067 5283 3249 5331 suum,
3302 5267 3501 5324 deinde
3537 5269 3654 5342 glo-

2079 5363 2236 5428 riam,
2263 5362 2500 5435 denique
2539 5366 2867 5421 exaltantem
2899 5369 3080 5434 caput.
3110 5360 3224 5417 Cur
3249 5369 3431 5418 autem
3463 5376 3655 5417 susce-

2079 5466 2203 5529 ptor
2237 5457 2354 5514 sive
2385 5464 2649 5529 patronus
2689 5456 2783 5520 sit,
2817 5455 2900 5511 vel
2952 5454 3072 5526 ipso
3097 5451 3318 5509 nomine
3346 5452 3654 5527 deprehen-
3706 5461 3709 5465 ‘

2082 5547 2271 5604 ditur:
2302 5548 2430 5619 quia
2463 5544 2856 5620 patrocinatur,
2898 5552 2957 5599 ut
2997 5543 3188 5601 liberet
3216 5558 3248 5597 a
3286 5543 3471 5600 multis
3512 5545 3653 5601 mala
