4096 6388
438 370 508 424 95
1078 367 1342 425 EUSEBII
1381 361 1860 422 CESARIENSIS
1887 355 2040 414 OPP.
2086 356 2286 413 PARS.
2326 355 2417 410 Ill.
2457 380 2526 391 -—
2560 347 2972 406 EXECETICA.
3611 346 3679 398 913

440 480 831 544 inferentibus,
888 476 1303 547 insurgentibus
1356 483 1409 529 et
1456 473 1524 528 ad
1566 472 1998 543 desperationem

2117 471 2272 542 Ἑξῆς
2319 471 2376 524 δὲ
2415 472 2492 539 τῳ
2573 468 2924 537 ἀντιλήπτορι
2967 469 3001 536 ἡ
3041 464 3189 527 δόξα
3236 461 3368 515 ἐστί’
3420 458 3681 530 πρότερον

437 571 632 629 salntis
662 569 1050 625 inducentibus
1081 582 1205 622 eum
1239 566 1333 635 qui
1364 567 1489 618 talia
1518 562 1681 619 fatur.
1714 561 2005 633 Postquam

436 671 812 733 susceptorem
843 661 1005 725 dixit,
1035 660 1308 729 sequitur,
1350 658 1523 727 gloria
1558 671 1575 708 :
1607 656 1759 725 prius
1781 656 2011 725 suscipit

436 754 613 815 Deus.
652 754 847 810 deinde
900 752 1070 822 gloria
1114 749 1305 812 allicit,
1348 749 1566 803 demum
1618 749 1790 818 gloria
1834 746 2008 801 affecti

436 862 603 917 caput
630 848 851 902 exaltat.
897 844 1031 899 Nam
1061 844 1109 899 si
1144 841 1489 897 consurrexit
1542 857 1664 895 cum
1689 839 1930 904 Christo,
1957 846 2011 894 et

437 956 559 1010 qua:
611 954 828 994 sursum
878 944 1006 993 sunt
1056 936 1219 1005 sapit,
1270 950 1377 989 non
1429 948 1550 1004 quae
1600 947 1763 1000 super
1787 939 2010 996 terram,

437 1031 768 1086 exaltabitur
792 1037 955 1101 caput
977 1028 1098 1099 ejus
1122 1043 1151 1080 a
1177 1026 1429 1089 Domino,
1456 1027 1651 1096 quiest
1678 1024 1936 1088 Verbum,
1959 1031 2013 1077 et

435 1123 609 1195 gloria
647 1123 766 1192 ejus
813 1122 907 1193 qui
955 1138 1014 1177 se
1061 1123 1276 1191 recipit,
1326 1135 1489 1190 quam
1520 1134 1549 1172 a
1585 1118 1701 1173 solo
1746 1113 2010 1189 [Christo]

437 1216 661 1285 expetit,
694 1215 944 1285 quisquis
981 1214 1213 1285 gloriam
1262 1226 1370 1266 non
1431 1211 1629 1278 accipit
1674 1209 1743 1262 ab
1772 1207 2011 1262 homine.

438 1305 721 1371 Quomodo
746 1314 926 1359 autem
961 1304 1259 1358 exaltatum
1299 1304 1371 1357 sit
1399 1300 1622 1355 Davidis
1658 1306 1819 1368 caput
1849 1296 2013 1367 probe

438 1398 731 1468 intelliges,
754 1398 799 1452 si
831 1398 1255 1459 animadvertas,
1276 1394 1496 1449 Davidis
1527 1408 1721 1447 nomen
1765 1406 1859 1461 per
1892 1388 2014 1442 uni-

436 1503 656 1542 viersum
700 1489 885 1543 orbem
937 1498 993 1543 et
1048 1488 1105 1542 in
1167 1488 1427 1542 omnibus
1478 1484 1729 1556 gentibus
1794 1488 2013 1551 propter

437 1581 716 1636 Christum
741 1579 834 1636 Dei
862 1579 1162 1643 Filium,ex
1191 1579 1396 1634 semine
1426 1578 1545 1646 ejus
1575 1573 1872 1631 secundum
1898 1588 2015 1626 car-

437 1687 561 1727 nem
617 1680 833 1737 ortum,
892 1672 1178 1726 celebrari.
1234 1668 1353 1723 Non
1425 1676 1578 1721 tanta
1635 1666 1780 1720 enim
1840 1663 2013 1733 gloria

438 1761 697 1826 allectus,
743 1776 919 1831 neque
949 1763 1021 1816 ita
1052 1762 1324 1815 exaltatus
1376 1768 1480 1821 est,
1512 1773 1634 1813 cum
1661 1758 1805 1811 inter
1840 1752 2016 1808 homi-

2110 563 2219 635 γὰρ
2265 561 2719 632 ἀντιλαμϐάνεται
2761 562 2790 613 ὁ
2831 558 2980 620 Θεὸς,
3022 553 3138 608 εἶτα
3181 552 3390 617 δοξάζει
3429 551 3523 604 καὶ
3557 548 3683 619 ἑᾶς

2110 655 2235 725 ὑψοϊ
2252 653 2343 708 τοῦ
2363 652 2744 723 δεδοξασμένου
2762 651 2858 722 τὴν
2875 649 3134 718 κεφαλήν.
3160 646 3220 698 Ei
3243 646 3350 714 γὰρ
3374 640 3684 713 συνηγέρθη

2110 745 2347 819 Χριστῷ,
2387 746 2482 798 καὶ
2518 742 2585 796 τὰ
2628 743 2740 797 ἄνω
2791 742 2995 812 φρονεῖ,
3048 739 3107 791 οὐ
3159 737 3226 790 τὰ
3277 738 3368 789 ἐπὶ
3411 735 3507 805 τῆς
3559 734 3682 804 γῆς.

2112 838 2451 909 ὑψωθήσεται
2478 834 2638 890 αὑτοῦ
2664 838 2697 906 ἡ
2733 832 2939 903 κεφαλὴ
2966 831 3073 885 ἀπὸ
3092 830 3181 883 τοῦ
3206 828 3431 900 Κυρίου,
3452 828 3509 891 ὃς
3538 828 3684 880 ἐστιν

2110 932 2139 983 ὁ
2170 929 2362 997 Λόγος.
2396 926 2523 992 δόξα
2545 926 2621 979 ὢν
2648 924 2742 978 τοῦ
2780 926 3120 995 χωρήσαντος
3146 920 3326 981 αὑτὸν,
3364 921 3430 989 ἢν
3458 920 3565 972 ἀπὸ
3592 919 3690 972 τοῦ

2116 1019 2279 1090 μόνου
2313 1017 2570 1088 ἐξῄτησεν
2615 1019 2644 1070 ὁ
2678 1016 2752 1088 μὴ
2790 1014 3077 1084 ὶαμδὰνων
3112 1011 3267 1076 δόξαν
3295 1010 3444 1082 παρὰ
3477 1009 3687 1080 ἀνθρὼ-

2113 1127 2236 1163 mu.
2270 1110 2457 1172 Ὅπως
2486 1108 2541 1162 δὲ
2578 1106 2766 1177 ὑψώθη
2797 1106 2889 1159 τοῦ
2929 1104 3088 1159 Δαυῒδ
3118 1107 3150 1175 ἡ
3187 1103 3430 1174 κεφαλὴ,
3475 1103 3688 1173 νοήσεις

2114 1203 2431 1271 ἐπιστήσας,
2458 1201 2534 1263 ὡς
2554 1200 2670 1253 καθ’
2684 1200 2811 1270 ὅλης
2841 1199 2936 1266 τῆς
2961 1197 3068 1250 τῶν
3101 1195 3401 1267 ἀνθρώπων
3430 1194 3687 1264 οίκουμέ-

2113 1312 2210 1365 νης
2250 1295 2345 1347 καί
2380 1295 2437 1346 ὲν
2473 1294 2605 1345 πᾶσι
2638 1295 2749 1355 τοῖς
2783 1291 2960 1343 ἔθνεσι
2998 1289 3059 1342 τὸ
3101 1287 3194 1340 τοῦ
3234 1287 3396 1340 sane
3433 1286 3688 1356 βεϐὀηται

2113 1387 2301 1457 ὄνομα,
2324 1385 2410 1441 διὰ
2434 1385 2525 1437 τὸν
2551 1385 2615 1437 ὲκ
2644 1383 2953 1453 σπέρματος
2976 1379 3141 1433 αὑτοῦ
3167 1377 3308 1433 κατὰ
3333 1378 3512 1448 σάρκα
3538 1378 3691 1445 γενό-

2117 1497 2277 1552 μενον
2308 1478 2538 1549 Χριστὸν
2576 1477 2666 1529 τὸν
2698 1476 2791 1528 τοῦ
2820 1474 2954 1527 Θεοῦ
2989 1473 3135 1526 Υἱόνο
3169 1474 3265 1542 οὐχ
3296 1471 3466 1534 οὕτως
3494 1470 3603 1541 γὰρ
3632 1473 3693 1526 ὲν

2115 1569 2421 1640 ἀνθρώποις
2473 1568 2568 1631 ὢν,
2617 1569 2710 1623 καὶ
2762 1568 2925 1638 μόνον
2970 1564 3063 1618 τοῦ
3101 1562 3315 1635 Ἰσραὴλ
3370 1560 3688 1633 βασιλεύων,

2112 1662 2391 1726 δεδόξαστο
2415 1662 2508 1715 καί⁸
2543 1659 2742 1728 ὖιηῖιωτο,
2773 1660 2865 1712 καὶ
2898 1657 3132 1729 μάλιστα
3165 1655 3303 1726 μετὰ
3344 1651 3443 1725 τὴν
3488 1653 3692 1706 ἑπανὰ-

2118 1772 2302 1808 στασιν
2336 1753 2428 1807 τοῦ
2483 1749 2833 1821 Ἀϐεσσαλὼμ
2859 1748 2961 1820 τὴν
3002 1750 3120 1802 κατ’
3166 1745 3330 1801 αὑτοῦ
3359 1746 3689 1815 γενομένην,

438 1869 539 1909 nes
587 1861 920 1917 versaretur,
976 1860 1030 1907 et
1085 1853 1260 1907 solum
1319 1851 1538 1907 lsraelis
1595 1861 1825 1917 regnum
1870 1846 2013 1901 obti-

2117 1847 2189 1910 ὡς
2211 1845 2300 1899 διὰ
2328 1846 2427 1915 τῆς
2453 1844 2721 1915 σωτηρίου
2744 1840 3063 1911 θεοφανείας
3090 1843 3156 1894 ὲκ
3182 1838 3491 1910 σπέρματος
3525 1835 3690 1890 αὑτοῦ

436 1954 611 2008 ncret,
641 1945 982 2014 maximeque
1017 1952 1143 2015 post
1186 1944 1483 1999 Absalonis
1534 1941 1911 2003 rebellionem,
1950 1937 2016 1991 il-

2115 1936 2482 2008 προελθούσης
2507 1952 2579 1989 κα
2590 1934 2647 1987 τὰ
2678 1934 2876 2004 σάρκα.

435 2036 713 2104 latumque
739 2033 966 2098 bellum,
998 2039 1205 2103 quanta
1245 2038 1547 2087 exornatus
1596 2036 1682 2084 est
1716 2027 1892 2099 gloria
1931 2041 2027 2096 per
2062 2027 2352 2082 salutarem
2379 2025 2472 2080 Dei
2510 2040 2573 2080 ex
2604 2024 2813 2081 semine
2840 2023 2959 2094 ejus
2984 2023 3284 2078 secundum
3342 2035 3564 2076 carnem
3595 2018 3695 2073 ad—

431 2134 652 2184 ventum
661 2169 675 2182 .

506 2270 674 2327 Vens.
715 2271 769 2326 5.
828 2269 962 2325 Voce
1022 2284 1138 2323 mea
1195 2267 1264 2321 ad
1314 2265 1597 2320 Dominum
1658 2263 1917 2329 clamavi,
1969 2272 2018 2316 et

433 2363 705 2419 exaudivit
738 2379 818 2417 me
865 2365 930 2417 de
982 2371 1155 2415 monte
1209 2369 1392 2414 sancto
1433 2358 1569 2427 ejus.
1598 2356 1754 2411 llunc
1780 2364 2019 2411 montem

437 2460 706 2510 memorat
747 2452 1064 2524 praecedens
1087 2454 1330 2522 psalmus
1376 2467 1500 2507 cum
1535 2451 1609 2504 ait
1640 2470 1652 2506 :
1690 2449 1801 2521 Ego
1844 2458 2020 2503 autem

435 2542 753 2596 constitutus
779 2558 897 2596 sum
926 2541 1120 2595 ναῖ’οὸ
1170 2558 1230 2595 eo
1267 2556 1424 2609 super
1454 2540 1585 2595 Sion
1617 2549 1843 2594 montem
1890 2556 2014 2593 san-

434 2642 579 2685 etum
605 2632 739 2701 ejus.
772 2631 1023 2686 Christus
1049 2639 1231 2685 autem
1261 2638 1380 2684 erat
1432 2631 1627 2700 quisic
1661 2632 2017 2701 loquebatur;

436 2730 494 2778 at
523 2739 669 2778 nunc
694 2723 882 2787 David,
933 2740 991 2779 se
1024 2738 1055 2777 a
1097 2723 1316 2779 Christo
1347 2722 1415 2778 de
1463 2730 1649 2777 monte
1676 2729 1867 2777 sancto
1894 2721 2015 2791 ejus

434 2812 833 2869 exaudiendum
866 2812 1215 2868 testiﬁcatur.
1249 2810 1419 2878 Quem
1446 2826 1609 2880 porro
1629 2811 2015 2866 exauditurum

438 2918 497 2959 se
549 2903 705 2969 dicit,
759 2903 869 2959 nisi
914 2902 1207 2958 Dominum
1258 2900 1352 2970 qui
1394 2899 1728 2956 constitutus
1776 2907 1861 2955 est
1918 2916 2015 2955 rex

434 3007 588 3062 super
632 2990 762 3047 Sion
799 3001 1025 3046 montem
1075 3000 1317 3046 sanctum
1355 2988 1512 3058 ejus?
1559 2987 1662 3043 Per
1694 2988 1836 3043 hunc
1867 2988 2015 3044 enim

435 3085 614 3139 solum
680 3084 939 3140 credebat
1000 3100 1061 3138 se
1121 3083 1501 3139 remissionem
1561 3089 2017 3148 consecuturum;

2190 2248 2363 2318 φωνῇ
2380 2267 2498 2318 μου
2516 2249 2665 2316 πρὸς
2686 2249 2905 2317 Κύριον
2927 2247 3243 2315 ἐκέκραξα,
3266 2248 3363 2302 καὶ
3386 2248 3698 2314 ἐπήκουσέ

2116 2363 2234 2415 μου
2260 2345 2327 2407 ἐξ
2357 2344 2532 2410 ὅρους
2550 2341 2721 2411 ἁγίου
2748 2340 2955 2394 αὐτοῦ.
2979 2341 3084 2393 Τοῦ
3124 2341 3280 2412 ὅρους
3325 2342 3696 2412 ἐμνημόνευσε

2120 2434 2313 2489 τούτου
2345 2434 2439 2487 καὶ
2468 2436 2498 2485 ὁ
2526 2432 2632 2501 πρὸ
2656 2432 2846 2484 τούτου
2865 2431 3095 2502 ψαλμὸς,
3118 2435 3175 2485 ὲν
3203 2427 3284 2496 οἷς
3312 2433 3514 2502 ἔλεγεν·
3549 2433 3698 2503 Ἐγὼ

2120 2529 2188 2581 δὲ
2212 2526 2587 2594 κατεστάθην
2606 2527 2909 2592 ,βασιλεὺς
2938 2528 3036 2580 ὑπ’
3056 2528 3241 2581 αὑτοῦ
3265 2527 3359 2580 ἐπὶ
3389 2527 3541 2582 Σιὼν
3562 2529 3698 2596 ὄρος

2123 2621 2189 2674 τὸ
2227 2620 2396 2690 ἅγιον
2443 2620 2651 2673 αὐτοῦ.
2693 2614 2803 2671 Ἦν
2851 2620 2906 2671 δὲ
2956 2620 3048 2671 καὶ
3089 2621 3119 2671 ὁ
3155 2619 3328 2686 λέγων
3374 2621 3431 2671 ὲν
3472 2620 3698 2683 ἐκείνοις

2122 2713 2295 2767 ταῦτα
2332 2715 2361 2766 ὁ
2409 2713 2661 2784 Χριστός·
2707 2713 2803 2765 καὶ
2839 2711 2931 2764 νῦν
2969 2712 3255 2783 τοιγαροῦν
3300 2713 3699 2766 ὲπακούσεσθαι

2123 2801 2291 2855 αὑτοῦ
2322 2818 2484 2872 φησιν
2517 2804 2546 2855 ὁ
2583 2800 2745 2855 Δαυῒδ
2777 2799 2835 2865 ἐξ
2866 2801 3023 2871 ὅρους
3055 2801 3209 2868 ἁγίου
3249 2802 3436 2857 αὑτοῦ.
3472 2803 3606 2855 Τίνα
3641 2802 3699 2854 δὲ

2123 2893 2523 2947 ἑπακούσεσθαι
2574 2892 2761 2953 αὑτοῦ,
2808 2892 2921 2946 ἀλλ’
2966 2893 2998 2964 ἢ
3042 2893 3133 2946 τὸν
3156 2893 3359 2965 Κύριον
3403 2894 3493 2946 τὸν
3537 2910 3701 2946 κατα-

2118 2986 2317 3040 στάντα
2348 2984 2568 3055 βασιλέα
2598 2986 2695 3039 ἐπὶ
2728 2985 2881 3040 Σιὼν
2905 2986 3042 3053 ἔρος
3067 2986 3134 3039 τὸ
3166 2987 3337 3055 ἅγιον
3355 2986 3580 3051 autoi';
3602 2987 3699 3040 Διὰ

2119 3077 2311 3132 τούτου
2344 3077 2454 3149 γὰρ
2489 3078 2647 3149 μόνου
2690 3079 2940 3148 ἀφέσεως
2977 3078 3260 3143 τεύξεσθαι
3306 3079 3699 3147 πεπίστευκεν,

437 3176 796 3247 eumdemque
824 3191 943 3231 esse
975 3175 1202 3246 gloriam
1225 3189 1401 3238 suam,
1426 3182 1481 3228 et
1506 3174 1829 3228 exaltantem
1853 3180 2015 3244 caput

2121 3173 2281 3225 αὐτὸν
2312 3172 2367 3225 δὲ
2400 3168 2537 3225 εἶναι
2565 3172 2720 3236 δόξαν
2746 3172 2935 3235 αὑτοῦ,
2976 3173 3070 3226 καὶ
3097 3173 3187 3226 τὸν
3209 3173 3445 3243 ὑψοῦντα
3474 3174 3573 3245 τὴν
3606 3191 3697 3227 κε-

439 3283 625 3324 suum.
655 3266 791 3321 Cum
840 3267 1005 3338 igitur
1057 3267 1263 3323 diserte
1310 3267 1733 3336 praanuntiasset
1760 3279 1820 3320 se
1844 3265 2017 3335 gloria

438 3358 779 3415 aﬂiciendum
800 3402 814 3425 ,
844 3368 898 3416 et
921 3370 1259 3429 caputsuum
1285 3359 1630 3415 exaltandum
1659 3374 1813 3426 esse;
1842 3373 2018 3428 quan-

438 3452 635 3508 donam
685 3453 739 3507 id
787 3453 889 3507 sibi
927 3453 1215 3522 contigerit
1247 3452 1359 3523 jam
1406 3452 1649 3506 declarat
1683 3451 1766 3505 his
1795 3451 2013 3506 verbis:

451 3543 582 3598 Voce
614 3560 731 3597 mea
759 3543 827 3598 ad
859 3543 1145 3621 Dominum
1190 3544 1439 3610 clamavi,
1465 3552 1514 3597 et
1542 3541 1811 3596 exaudivit
1849 3558 1928 3595 me
1955 3540 2019 3595 de

440 3643 612 3689 monte
638 3642 819 3687 δαηεεο
851 3650 968 3689 εαο.

510 3742 679 3800 Vsus.
711 3744 766 3800 6.
797 3742 908 3816 Ego
947 3744 1169 3800 dormivi
1195 3754 1244 3800 et
1274 3754 1553 3815 separatus
1581 3762 1719 3811 sunt,
1744 3745 2017 3800 exsurrexi

439 3836 571 3906 quia
594 3835 851 3890 Dominus
901 3838 1146 3905 suscipiet
1192 3853 1292 3891 me.
1353 3835 1558 3892 Futura
1589 3837 1698 3903 hic,
1754 3845 2014 3907 tanquam

441 3928 713 3997 praeterita
745 3928 1093 3993 vaticinatur;
1123 3929 1267 3985 sicut
1285 3929 1430 3984 enim
1460 3929 1515 3984 in
1546 3930 1789 3985 secundo
1806 3930 2017 4000 psalmo

439 4022 645 4076 dictum
668 4028 753 4077 est
779 4040 792 4075 :
826 4020 1005 4088 Quare
1033 4021 1359 4091 fremuerunt
1387 4031 1592 4093 gentes,
1637 4033 1684 4076 et
1713 4023 1893 4092 populi
1916 4039 2018 4077 me-

438 4113 598 4169 ditati
652 4122 773 4167 sunt
833 4114 1055 4169 inania?
1084 4114 1377 4168 Astiterunt
1429 4125 1479 4167 et
1526 4124 1874 4168 conuenerunt
1917 4114 2017 4167 ud-

438 4220 614 4258 versus
650 4202 930 4257 Dominum
950 4212 1000 4257 et
1034 4200 1283 4256 adversus
1318 4201 1588 4257 Christum
1625 4202 1739 4271 ejus
1767 4218 1785 4256 :
1820 4210 1873 4256 et
1902 4203 2016 4259 huic

440 4304 623 4351 tamen
677 4294 745 4350 de
788 4294 973 4349 futuro
1024 4293 1507 4363 intelligebantur;
1560 4293 1749 4349 eadem
1804 4293 2017 4348 ratione

436 4388 548 4457 jam
586 4387 762 4442 illud:
790 4384 900 4457 Ego
937 4384 1161 4440 dormivi
1187 4393 1237 4439 et
1285 4394 1565 4453 soporatus
1593 4402 1733 4450 sum,
1781 4386 2015 4456 prophe-

2121 3265 2295 3337 φαλην
2312 3266 2496 3320 αὑτοῦ.
2530 3266 2744 3337 Σφόδρα
2771 3265 2951 3320 τοίνυν
2982 3266 3257 3337 προειπὼν
3277 3266 3701 3337 δοξασοήεεσθαι

2121 3359 2214 3411 καὶ
2243 3357 2621 3430 ὑψωθήσεσθαι
2653 3358 2751 3430 τὴν
2784 3357 2973 3412 ἑαυτοῦ
3004 3359 3266 3429 κεφαλὴν,
3298 3358 3495 3412 ὁπόθεν
3527 3360 3703 3431 ὑπῆρ-

2121 3447 2209 3513 ξεν
2254 3447 2401 3519 αὐτῷ
2443 3448 2601 3501 τοῦτο
2640 3448 2878 3503 διδάσκει
2925 3448 3118 3517 λέγων’
3161 3448 3333 3518 Φωνῇ
3382 3467 3504 3519 μου
3552 3452 3702 3519 aper;

2118 3541 2338 3608 Κύριον
2385 3539 2698 3609 ἐκέκραξα,
2747 3541 2846 3595 καὶ
2897 3540 3203 3608 ἐπήκουσέ
3238 3560 3358 3612 μου
3396 3543 3465 3607 ἐξ
3520 3543 3701 3611 ὄρους

2120 3634 2291 3701 ἁγίου
2323 3632 2531 3688 αὑτοῦ.

2203 3744 2350 3816 Ἐγὼ
2395 3746 2722 3814 exemiij
2763 3746 2860 3801 καὶ
2912 3747 3195 3810 ὕπνωσα,
3237 3747 3569 3817 ἐξηγέρθην
3610 3749 3702 3804 ὅτι

2119 3837 2331 3904 Κύριος
2369 3835 2768 3905 ἀντιλήψεται
2803 3854 2943 3906 μου.
2976 3835 3057 3890 Τὰ
3098 3836 3356 3906 μέλλοντα
3399 3839 3457 3890 ὲν
3492 3837 3702 3901 τούτοις

2117 3926 2193 3991 ὡς
2224 3930 2588 4001 παρῳχηκότα
2615 3928 2878 3992 θεσπίζεισ
2908 3928 2984 3991 ὼς
3006 3928 3113 3999 γὰρ
3143 3930 3201 3980 ὲν
3228 3927 3305 3998 τῷ
3327 3928 3565 4000 δευτέρῳ
3586 3928 3701 3982 ἑλέ-

2116 4036 2270 4088 γετο-
2294 4020 2417 4074 Ἵνα
2435 4021 2490 4074 τι
2510 4020 2820 4089 ἐφρύαξαν
2843 4020 3010 4086 ἔθνη,
3039 4020 3137 4073 καὶ
3166 4020 3303 4073 λαοὶ
3327 4020 3705 4089 ἐμελέτησαν

2117 4112 2297 4176 κενά;
2334 4112 2738 4180 Παρέστησαγ
2788 4112 2885 4165 καὶ
2938 4110 3336 4178 συνέστησαν
3391 4114 3542 4166 κατὰ
3595 4113 3701 4165 τοῦ

2118 4207 2339 4275 Κυρίου
2371 4206 2469 4259 καὶ
2514 4207 2662 4259 κατὰ
2716 4204 2825 4259 τοῦ
2874 4203 3129 4272 Χριστοῦ
3170 4205 3388 4267 αὐτοῦ,
3423 4205 3597 4259 ταῦτα
3640 4222 3699 4258 τε

2118 4299 2318 4350 ὲνοεῖτο
2360 4294 2726 4367 μελλητικῶς”
2757 4294 2902 4347 οὕτω
2948 4294 3043 4348 καὶ
3075 4293 3169 4348 νῦν
3212 4295 3306 4357 τὸ,
3355 4296 3502 4364 Ἐγὼ
3541 4296 3700 4349 ἐρίοι-

2113 4386 2315 4456 μήθην
2340 4386 2437 4439 καὶ
2469 4386 2740 4447 ὕπνωσα,
2776 4385 3128 4455 προψητικῶς
3158 4386 3395 4456 εἴρηται,
3437 4389 3557 4440 ἀντὶ
3585 4387 3700 4449 τοῦ,

441 4480 548 4535 tice
590 4478 794 4533 dictum
824 4485 931 4541 est,
982 4478 1249 4541 videlicet,
1280 4478 1569 4540 dormiam,
1627 4479 1930 4548 soporahor
1962 4486 2014 4534 et

2119 4478 2566 4548 Κοιμηθήσομαι
2608 4477 2707 4531 καὶ
2750 4475 3041 4540 tim-(bow,
3095 4478 3186 4531 καὶ
3233 4478 3698 4550 ἐξεγερθήσομαι·

439 4587 753 4643 exsurgam,
791 4571 1049 4642 quoniam
1101 4577 1182 4634 tu,
1227 4568 1473 4634 Domine,
1521 4579 1809 4641 susceptor
1863 4586 2017 4627 meus

440 4678 523 4726 es,
563 4664 734 4734 gloria
776 4678 916 4727 mea,
952 4670 1008 4717 et
1029 4662 1277 4717 exaltans
1300 4672 1465 4733 caput
1494 4678 1694 4719 meum.
1746 4662 1846 4719 llic
1872 4664 2020 4718 enim

444 4763 659 4823 tempus
696 4753 989 4824 signiﬁcat.
1023 4768 1133 4823 quo
1181 4752 1285 4807 sibi
1346 4754 1459 4808 lucc
1490 4754 1790 4808 obventura
1843 4764 1971 4809 sunt
2002 4773 2016 4809 :

445 4855 733 4919 postquam
772 4846 1077 4912 dormierit,
1110 4847 1310 4918 inquit,
1338 4845 1885 4918 exsurget,quoniam
1910 4845 2017 4903 Do-

444 4937 624 4991 minus
650 4935 909 5006 suscipiet
929 4952 1075 4992 eum.
1096 4935 1200 4991 Per
1228 4935 1595 4990 dormitionem
1625 4936 1769 4991 enim
1788 4945 2019 4991 mortem

445 5024 739 5094 signiﬁcat,
774 5025 1072 5082 secundum
1104 5041 1269 5096 quam
1298 5026 1414 5081 haec
1455 5026 1556 5081 sibi
1588 5026 1774 5080 futura
1820 5027 2018 5080 vatici-

442 5128 606 5175 natur
634 5138 649 5174 :
677 5118 842 5189 idque
880 5117 1050 5173 refert
1101 5118 1170 5173 ad
1231 5125 1449 5189 tempus
1497 5117 1621 5172 vita:
1681 5115 2017 5183 Salvatoris,

443 5228 549 5285 qua
593 5224 807 5282 peracta
857 5212 1151 5267 terminum
1209 5211 1494 5282 prophetia
1541 5219 1841 5266 consecuta
1895 5218 2017 5278 est;

443 5302 662 5374 quando
692 5303 902 5359 scilicet
942 5300 1118 5356 Filius
1157 5302 1393 5357 hominis
1434 5300 1690 5357 Christus
1738 5300 1806 5355 ad
1851 5300 2021 5356 infer-

445 5409 573 5449 num
622 5408 795 5463 usque
843 5394 1146 5460 descendit,
1176 5401 1229 5448 et
1284 5392 1646 5462 captivorum,
1678 5394 1772 5461 qui
1812 5391 2020 5446 exitum

444 5486 855 5557 exspectabant,
896 5485 1149 5542 Salvator
1178 5490 1642 5541 commonstratus
1673 5491 1794 5551 est;
1830 5485 1904 5538 ita
1960 5491 2020 5539 ut

446 5579 861 5635 resurrectionis
922 5579 1044 5649 cjus
1108 5594 1174 5633 ex
1240 5578 1470 5632 mortuis
1534 5585 1777 5647 tempore
1847 5579 2019 5631 multa

445 5686 673 5741 corpora
730 5680 1046 5727 sanctorum
1090 5671 1186 5739 qui
1229 5669 1566 5725 dormierant
1597 5685 1704 5723 una
1734 5686 1858 5725 cum
1899 5670 2018 5740 ipso

450 5763 765 5832 revixerint,
801 5765 855 5820 in
908 5762 1063 5833 queis
1107 5760 1400 5818 verisimile
1448 5770 1532 5819 est
1580 5762 1749 5819 fuisse
1781 5763 2015 5819 animam

2119 4571 2201 4624 ὅτι
2247 4572 2312 4624 σὺ
2346 4568 2551 4640 Κύριος
2602 4568 2948 4639 ἀντιλήπτωρ
3003 4585 3105 4634 μου
3153 4565 3223 4633 εἷ,
3275 4569 3400 4634 δόξα
3457 4588 3559 4641 μου
3607 4572 3701 4625 καὶ

2123 4661 2274 4733 ὑψῶν
2304 4661 2403 4732 τὴν
2436 4660 2679 4732 κεφαλήν
2725 4678 2846 4732 μου.
2884 4662 2972 4714 Ἐν
3017 4662 3192 4729 τούτῳ
3236 4663 3347 4734 γὰρ
3374 4664 3465 4716 τὸν
3512 4664 3701 4735 καιρὸν

2121 4752 2544 4824 ἐπισημαίνεται
2580 4750 2701 4805 καθ’
2745 4751 2806 4804 ὃν
2833 4751 3063 4824 ὑπάρξει
3110 4753 3258 4823 αὐτῷ
3305 4753 3495 4808 ταῦτα.
3546 4755 3702 4809 Μετὰ

2121 4845 2231 4917 γὰρ
2260 4844 2319 4897 τὺ
2347 4842 2675 4915 κοιμηθῆναι
2703 4845 2866 4897 αὑτὸν
2917 4845 3359 4918 ἐξεγερθήσεται,
3396 4847 3583 4918 φησὶν,
3616 4848 3700 4901 ὅτι

2119 4937 2322 5009 Κύριος
2344 4936 2693 5007 ἀντιλήψεται
2719 4937 2901 4991 αὑτοῦ.
2926 4939 3221 5007 Κοίμησιν
3245 4938 3300 4990 δὲ
3326 4940 3579 5010 σημαίνει
3607 4941 3700 4993 τὸν

2123 5029 2373 5093 θάνατον,
2406 5031 2526 5100 μεθ’
2559 5028 2617 5081 ὃν
2647 5028 2816 5082 ταῦτα
2850 5029 3071 5082 ἔσεσθαι
3102 5031 3229 5100 περὶ
3270 5030 3436 5084 αὐτοῦ
3482 5048 3697 5103 προφη-

2121 5118 2288 5182 τεύει,
2317 5117 2656 5188 ἀναπέμπων
2692 5118 2782 5171 ἐπὶ
2821 5119 2911 5171 τὸν
2940 5119 3131 5190 χρόνον
3169 5119 3267 5188 τῆς
3310 5118 3403 5172 τοῦ
3447 5120 3698 5191 Σωτῆρος

2124 5211 2449 5282 παρουσίας,
2486 5209 2605 5280 μεθ’
2636 5209 2695 5262 ὃν
2725 5210 2912 5270 τέλους
2940 5210 3130 5280 ἔτυχεν
3163 5210 3197 5281 ἡ
3231 5210 3562 5282 προφητείαο
3609 5211 3696 5263 ὅτε

2121 5303 2216 5357 καὶ
2263 5302 2454 5374 μέχρις
2498 5302 2626 5373 ᾅδου
2676 5302 2919 5366 ωταῦὰς
2963 5306 2993 5355 ὁ
3038 5303 3167 5367 Υἱὸς
3212 5303 3305 5357 τοῦ
3337 5303 3622 5372 ἀνθρώπου
3666 5304 3697 5355 ὁ

2121 5396 2376 5469 Χριστὸς,
2415 5396 2508 5450 καὶ
2541 5396 2648 5448 τῶν
2682 5398 2799 5448 ἐκεῖ
2842 5394 3263 5468 προσδοκώντων
3294 5395 3474 5464 ἄφιξιν
3507 5394 3697 5467 Σωτὴρ

2120 5489 2425 5560 ἐπεδείχθη,
2457 5489 2532 5552 ὡς
2568 5487 2684 5557 αμα
2716 5489 2781 5558 τῇ
2825 5487 2992 5542 αὑτοῦ
3042 5489 3107 5541 ὲκ
3151 5487 3359 5560 νεκρῶν
3401 5488 3697 5542 ἀναστάσει

2122 5580 2290 5634 πολλὰ
2322 5580 2549 5650 σώματα
2587 5578 2693 5631 τῶν
2750 5577 2919 5647 ἁγίων
2969 5580 3078 5633 τῶν
3110 5579 3523 5651 κεκοιμημένων
3570 5596 3696 5632 συν-

2121 5673 2418 5742 αναστῆναι
2449 5669 2617 5740 αὐτῷ,
2636 5672 2693 5722 ἐν
2723 5667 2803 5734 οἷς
2834 5671 2980 5734 εἰκὸς
3006 5670 3144 5725 εἶναι
3163 5672 3259 5725 καὶ
3290 5671 3387 5742 τὴν
3420 5670 3512 5723 τοῦ
3535 5670 3698 5725 Δαυῒδ

2119 5767 2317 5836 ψυχήν.
2348 5763 2577 5834 Θαρσῶν
2614 5764 2669 5818 δὲ
2700 5768 2762 5835 τῇ
2800 5765 3025 5836 δυνάμει
3068 5763 3166 5833 τῆς
3214 5765 3554 5827 ἀναστάσεως
3602 5762 3694 5817 τοῦ
