4096 6444
474 363 542 419 9⁸⁷
1605 371 2113 431 COMMENTARIA
2155 378 2221 433 IN
2262 378 2598 437 PSALMOS.
3665 401 3735 456 93

472 488 741 559 Σωτῆρος,
779 490 845 544 δι’
894 487 961 564 ἦς
991 493 1189 564 ἦμελλε
1236 494 1332 549 καὶ
1379 493 1541 559 αὐτὸς
1594 498 1881 569 κοιμηθεὶς
1934 500 2020 568 ὲξε

2152 502 2391 560 Davidis.
2432 503 2633 561 Fidens
2668 514 2849 560 autem
2875 507 3063 563 virtuti
3094 514 3514 573 resurrectionis
3547 513 3735 574 Salva-

472 577 856 650 γερθήσεσθαι,
886 585 1052 655 φησίν
1072 603 1085 615 ·

536 760 619 812 Οὐ
648 762 1193 833 φοϐηθήσομαιάπό
1217 766 1523 836 μυριάδων
1543 769 1695 823 λαοῦ
1718 768 1833 823 τῶν
1848 772 2051 840 κύκλῳ

468 854 1011 924 συνεπιτιθεμένων
1034 875 1156 927 μοι.
1205 860 1469 932 Προειὶῳα
1512 864 1622 935 γάρ
1665 864 1749 917 ὅτι
1791 866 2048 938 μυριάδες

467 941 858 1013 ἀντικειμένων
908 946 1193 1018 δυνάμεων
1253 950 1604 1023 βουλήσονται
1657 956 1902 1025 ἐπισχεῖν
1949 955 2046 1027 τὴν

467 1032 574 1085 τῶν
626 1035 796 1102 ἁγίων
856 1038 1150 1094 ἀναϐίωσιν
1176 1082 1192 1108 ,
1246 1043 1701 1116 διαφθονούμεναι
1748 1051 1814 1119 τῇ
1866 1049 2045 1102 αὐτῶν

469 1126 711 1198 σωτηρίᾳ
732 1144 745 1157 ο
781 1121 856 1182 ὧν
899 1130 1030 1199 ἐγὼ,
1062 1133 1251 1203 φησὶν,
1287 1135 1441 1204 λόγον
1494 1137 1683 1191 οὐδένα
1725 1140 2041 1211 ποιήσομαι,

467 1214 683 1289 θαρρῶν
708 1218 787 1289 τῷ
817 1221 1195 1297 ὑπερασπιστῇ
1228 1244 1352 1297 μου,
1378 1226 1457 1299 τῷ
1493 1228 1588 1283 τοῦ
1626 1229 1856 1284 Θανάτου
1888 1250 2042 1303 νικη-

464 1312 531 1381 τῇ
554 1329 566 1340 ·
599 1311 657 1375 ὃς
687 1312 750 1383 δὴ
782 1312 951 1385 θύρας
979 1317 1186 1385 χαλκάς
1211 1320 1504 1391 συντρίψας
1530 1323 1623 1375 κα)⁵
1652 1323 1880 1394 μοχλοὺς
1898 1325 2044 1396 σιδη-

468 1400 593 1471 ροῦς
622 1403 937 1470 συνθλάσας,
961 1406 1058 1471 τὰς
1083 1407 1143 1472 ἐξ
1167 1410 1360 1476 αἰῶνος
1395 1412 1900 1485 ἀποκεκλεισμένας
1946 1416 2040 1470 τοῦ

465 1493 690 1549 θανάτου
714 1496 886 1560 πύλας
916 1498 1147 1570 ἀνέῳξεν
1162 1518 1175 1531 ·
1205 1502 1321 1556 ὀδόν
1345 1522 1404 1557 τε
1426 1506 1775 1571 ἀναστάσεως
1796 1508 2039 1579 παρέσχε

462 1591 572 1653 τοῖς
590 1590 775 1643 αὐτόθι
800 1592 1097 1663 γνωρίμοις
1127 1594 1311 1659 αὑτοῦ,
1343 1589 1417 1649 ὧν
1438 1592 1518 1660 εἷς
1548 1598 1726 1651 αὐτῶν
1767 1595 1835 1671 ἦν
1877 1602 1906 1653 ό
1935 1603 2039 1655 Δα-

462 1680 563 1733 υἲδ.
615 1683 705 1736 Διὸ
733 1686 792 1737 ὲν
832 1685 1005 1757 ἑτέρῳ
1032 1684 1233 1758 ψαλμῷ
1264 1687 1479 1757 ἔλεγεν·
1536 1691 1896 1761 Ἐγνώρισὰς
1936 1711 2037 1761 μοι

461 1772 636 1841 ὀδοὺς
670 1773 836 1844 ζωῆς·
872 1778 1211 1845 πληρώσεις
1225 1797 1302 1849 με
1318 1782 1701 1853 εὐφροσύνης
1735 1784 1885 1855 μετὰ
1930 1783 2036 1838 τοῦ

459 1866 784 1932 προσώπου
819 1886 948 1924 σου.

546 1957 827 2025 Ἀνάστα,
854 1964 1053 2030 Κύριε,
1087 1963 1296 2019 σῶσόν
1314 1983 1426 2034 με,
1470 1970 1504 2022 ὁ
1544 1969 1688 2034 Θεός
1723 1987 1864 2038 μου.
1909 1971 2037 2025 Ὅτι

462 2050 544 2103 σὺ
574 2052 880 2122 ἐπάταξας
899 2056 1130 2125 πάντας
1158 2060 1299 2127 τοὺς
1329 2061 1758 2130 ἐχθραίνοντάς
1793 2082 1895 2133 μοι
1919 2083 2033 2134 μα-

458 2143 654 2209 ταίως·
693 2144 943 2214 ὀδόντας
969 2150 1335 2219 ἁμαρτωλῶν
1361 2153 1750 2223 συνέτριψας.
1794 2157 1902 2210 Τοῦ
1927 2161 2037 2211 Κυ-

447 2235 587 2301 ρίου
609 2238 648 2304 ἠ
684 2240 965 2307 σωτηρία,
985 2244 1083 2296 καὶ
1103 2244 1200 2297 ἐπὶ
1234 2245 1342 2298 τὸν
1380 2246 1535 2300 λαόν
1573 2260 1689 2301 σου
1720 2249 1760 2316 ή
1786 2251 2035 2318 εὐλογία

450 2344 586 2383 σου.
615 2330 919 2396 Πιστεύσας
948 2337 1013 2406 τῇ
1041 2336 1350 2407 προγνώσει
1372 2339 1470 2410 τῆς
1491 2341 1861 2413 γενησομένης
1884 2342 2033 2415 αὐτῷ

453 2422 590 2492 μετά
631 2423 745 2492 τὴν
778 2427 1062 2495 κοίμησιν
1095 2429 1342 2483 τουτέστι
1393 2430 1486 2483 τοῦ
1539 2431 1770 2487 θανάτου
1809 2434 1898 2489 διὰ
1933 2435 2033 2505 τῆς

450 2517 719 2587 σωτηρίου
752 2517 971 2589 χάριτος
997 2522 1090 2574 καὶ
1122 2522 1474 2593 εὐεργεσίας·
1514 2523 1597 2577 ὅτι
1633 2540 1693 2576 τε
1722 2524 1822 2577 οὐκ
1855 2525 2030 2590 ἄλλως

447 2606 599 2661 ἔσται
635 2608 668 2679 ἢ
720 2612 817 2663 σὺν
846 2612 912 2681 τῇ
942 2612 1105 2665 αὑτοῦ
1127 2612 1221 2666 τοῦ
1249 2614 1500 2686 Σωτῆρος
1541 2616 1858 2680 ἀναστάσει,
1903 2618 2031 2671 ἀκο-

444 2699 653 2764 λούθως
681 2701 896 2773 εὔχεται
925 2705 1248 2776 ἐπιταχῦναι
1287 2706 1383 2760 τοῦ
1416 2706 1622 2778 Κυρίου
1651 2707 1751 2778 τὴν
1793 2708 2000 2763 ἀνάστα

449 2807 552 2852 σιν,
586 2791 732 2854 ὅπως
771 2794 835 2845 δι’
874 2794 1041 2863 αὐτῆς
1073 2794 1213 2867 τύχῃ
1252 2798 1346 2849 καὶ
1402 2797 1565 2861 αὐτὸς
1592 2799 1692 2869 τῆς
1716 2799 1989 2870 σωτηρίας
2009 2817 2023 2830 ·

445 2880 529 2932 διό
567 2897 754 2950 φησιν’
799 2881 1070 2946 Ἀνάστα,
1100 2886 1296 2952 Κύριε,
1318 2883 1526 2939 σῶσόν
1540 2903 1638 2955 με,
1668 2890 1702 2940 ό
1729 2889 1872 2953 Θεός
1884 2907 2024 2956 μου.

445 2969 493 3020 Ν
501 2970 692 3041 ικητὴν
717 2970 773 3023 δὲ
803 2971 892 3024 τὸν
916 2972 1145 3044 Σωτῆρα
1163 2973 1317 3037 εἰδὼς
1352 2974 1567 3030 πάντων
1591 2975 1700 3028 τῶν
1731 2976 2028 3030 ἐπιϐουλῶν

444 3059 537 3113 τοῦ
575 3061 684 3114 τῶν
717 3062 1019 3134 ἀνθρώπων
1056 3064 1280 3133 γένους,
1324 3065 1594 3135 δαιμόνων
1640 3066 1889 3138 πονηρῶν
1934 3069 2029 3122 καὶ

441 3152 723 3223 δυνάμεων
765 3155 1155 3225 ἀντικειμένων
1176 3195 1190 3219 ,
1217 3156 1382 3227 φησίν
1400 3173 1413 3187 ·
1464 3158 1582 3210 Ὅτι
1610 3158 1692 3211 σὺ
1721 3158 2027 3228 ἐπάταξας

439 3244 672 3310 πάντας
700 3246 843 3312 τοὺς
866 3246 1295 3315 ἐχθραίνοντάς
1318 3265 1421 3317 μοι
1440 3250 1726 3317 ματαίως.
1762 3248 1948 3313 Οὕτως
1962 3251 2020 3303 τὸ

453 3336 737 3407 Ἑϐραῖκὸν
790 3339 866 3409 (Ι)
909 3340 1011 3392 οὐκ
1038 3338 1148 3409 ἔχει
1173 3378 1189 3402 ,
1215 3340 1501 3407 ματαίως,
1535 3339 1695 3408 ἀλλὰ,
1731 3342 2016 3411 σιαγόνα·

437 3428 489 3479 oi
519 3428 576 3481 δὲ
617 3428 1040 3501 Ἑϐδομήκοντα,
1066 3432 1349 3500 ματαίως,
1379 3430 1649 3496 ἐξέδωκαν
1669 3471 1683 3495 ,
1724 3431 1758 3503 ἤ
1784 3432 1925 3486 κατά
1953 3434 2020 3488 τὰ

436 3520 639 3591 ἀρχαῖα
672 3511 979 3593 ἀντίγραφα
1011 3523 1211 3595 ἑτέρως
1233 3523 1523 3594 ἐσχηκότα,
1549 3523 1694 3579 καθά
1719 3526 1851 3594 φασί
1877 3542 2020 3591 τινες

435 3613 545 3667 τῶν
584 3613 881 3685 Ἐϐραίων,
907 3614 940 3684 ἦ
977 3614 1077 3684 τῆς
1102 3614 1301 3679 λέξεως
1332 3613 1393 3668 τὺ
1430 3614 1643 3677 εὐτελὲς
1673 3615 2015 3684 ἀποφεύγον-

435 3723 548 3769 τες.
581 3705 757 3759 Οῐονεὶ
787 3705 845 3758 δὲ
880 3704 1222 3777 κοιμώμενον
1238 3705 1453 3769 δεικνὺς
1479 3705 1569 3759 τὸν
1596 3705 1749 3768 Θεὸν,
1781 3707 1871 3759 ὅτε
1901 3707 2018 3760 πεί-

438 3813 538 3868 ρας
571 3796 732 3850 ’ἑνεκα
765 3797 1078 3867 παρέδωκεν
1107 3799 1256 3868 ἡμᾶς
1280 3799 1401 3859 ταῖς
1418 3796 1822 3867 ἀντικειμέναις
1854 3797 2017 3850 δυνά-

438 3906 564 3960 μεσι
588 3930 602 3954 ,
632 3889 965 3960 διανίστησιν
1009 3889 1188 3943 αὐτόν.
1238 3888 1393 3959 Τάχα
1417 3888 1475 3943 δὲ
1518 3889 1612 3941 καὶ
1648 3890 1737 3941 ὅτε
1772 3889 1864 3942 τὸν
1904 3890 2016 3941 Σω-

432 3982 576 4055 τῆρα
598 3982 739 4054 ὑπὲρ
761 3984 792 4052 ὴ
801 3981 918 4053 μῶν
942 3983 1160 4036 πάντων
1189 3983 1526 4054 παρέδωκεν,
1549 3979 1839 4034 ἐκάθευδεν
1865 3978 2014 4050 αύτῷ

430 4075 459 4125 ὁ
488 4074 679 4144 Πατήρ
698 4089 712 4103 ·
767 4072 1075 4125 Ἀνίσταται
1105 4070 1164 4125 δὲ
1193 4070 1384 4135 σώζων
1408 4071 1570 4125 αὐτὸν
1597 4068 1890 4123 πατάσσων
1915 4069 2013 4121 αὐ-

431 4166 525 4220 τοῦ
558 4168 684 4229 τοὺς
715 4166 964 4238 ἐχθροὺς,
994 4166 1028 4237 ἢ
1057 4167 1185 4228 τοὺς
1230 4164 1539 4228 Ἰουδαίους,
1572 4162 1605 4235 ἢ
1639 4164 1765 4226 τοὺς
1791 4162 2013 4233 νοητοὺς

433 4258 642 4327 ἀλόγως
688 4258 1089 4330 ὲχθραίνοντας.
1151 4255 1307 4309 Μετά
1343 4257 1451 4328 γὰρ
1498 4254 1608 4308 τῶν
1657 4253 1954 4326 μισούντων
1982 4254 2011 4305 ὁ

434 4352 589 4420 ἅγιός
616 4352 763 4404 ἐστιν
799 4349 1091 4422 εἰρηνικὸς,
1126 4347 1352 4417 ἀγαπῶν
1382 4349 1509 4410 τοὺς
1528 4345 1771 4430 ξχθρούςο
1804 4344 2011 4416 ἀνθρω-

433 4443 710 4515 πινότερον
738 4444 768 4494 ὁ
800 4440 873 4512 μὴ
906 4439 1149 4511 ματαίως
1181 4437 1479 4510 ὲχθραίνων
1514 4437 1819 4508 ἀμύνεσθαι
1844 4435 2002 4489 θέλει·

431 4531 838 4602 θεοσεϐέστερον
860 4531 917 4584 δὲ
947 4528 1036 4582 διὰ
1061 4530 1123 4581 τὸ
1143 4527 1450 4599 ἀληθεύειν.
1482 4528 1627 4597 Ἔφη
1657 4525 1766 4597 γὰρ
1795 4526 1824 4577 ὁ
1856 4524 2005 4578 Παῦ-

429 4625 519 4687 λος
538 4641 551 4651 ·
594 4625 830 4694 Ἐχθρὸς
847 4621 988 4691 ὑμῖν
1016 4620 1232 4691 γέγονα
1265 4620 1584 4687 ἀληθεύειν
1604 4619 1678 4690 (‘2)
1714 4617 1855 4687 ὑμῖν
1879 4635 1891 4647 ’
1925 4618 2009 4670 '0-

433 4720 583 4772 ποῖον
600 4716 693 4769 καὶ
723 4718 780 4769 ὲν
810 4714 1058 4785 Ψαλμοῖς
1083 4714 1166 4778 τὸ,
1206 4713 1351 4783 Οὐχὶ
1381 4712 1524 4778 τοὺς
1549 4710 1881 4781 μισοῦντας
1909 4724 2004 4775 σε,

430 4808 625 4875 Κύριε,
681 4807 984 4877 ἐμίσησας
1047 4805 1186 4858 Ἀλλ’
1203 4804 1304 4858 οὐκ
1330 4802 1775 4882 ἐπιδουλευτικὴν
1807 4799 2004 4871 ἔχθραν

426 4898 666 4969 νοητέον,
700 4897 837 4951 ἀλλά
862 4896 1168 4966 κωλυτικὴν
1187 4935 1202 4959 ,
1229 4896 1490 4967 χεομένης
1532 4893 1728 4954 κακίας
1760 4892 1839 4954 εἰς
1874 4890 2006 4943 πολ-

426 4989 573 5053 λούς.
604 4990 679 5043 Δι’
701 4987 891 5043 ἑαυτοῦ
921 4988 1030 5061 γὰρ
1053 4988 1087 5059 ἢ
1109 4987 1205 5041 καὶ
1232 4987 1297 5040 δι’
1320 4986 1480 5040 ἄλλου
1513 4985 1621 5056 χρὴ
1648 4982 1745 5055 τὴν
1774 4982 2006 5053 δυνατὴν

429 5084 773 5155 προσάγοντα
830 5081 1076 5153 βοήθειαν
1129 5078 1481 5151 θεραπεύειν·
1527 5077 1656 5149 me
1697 5076 2004 5129 τελευταῖον

426 5175 678 5248 εὔχεσθαι
718 5175 846 5246 περὶ
888 5173 983 5227 τοῦ
1036 5171 1366 5242 κολασθῆναι
1392 5171 1491 5242 τὴν
1541 5167 1822 5241 μοχθηρὰν
1861 5166 1997 5232 ἕξιν,

425 5272 590 5340 ἤγουν
615 5266 972 5340 ἐκριζωθῆναι
1015 5266 1124 5320 ἀπὸ
1162 5264 1253 5318 τοῦ
1306 5264 1548 5335 ἔχοντοςσ
1592 5254 1653 5316 οὗ
1694 5260 1998 5315 διδακτικὸν

424 5362 518 5415 καὶ
548 5360 629 5423 τό,
677 5359 1095 5427 Προσεύχεσθε
1141 5356 1292 5425 ὑπὲρ
1345 5355 1464 5409 τῶν
1512 5352 1961 5422 ἐπηρεαζόντων
1978 5391 1994 5416 ,

2153 596 2310 662 toris,
2343 612 2441 666 per
2468 611 2635 667 quam
2674 605 2727 652 et
2757 596 2874 667 ipse
2901 599 3180 656 dormiens
3209 604 3561 664 suscitandus
3593 619 3732 676 erat,

2150 687 2231 741 ait
2263 708 2274 740 :

2222 778 2389 835 Vsus.
2422 782 2475 835 7.
2511 779 2635 835 Non
2667 781 2855 836 timebo
2898 784 3071 838 millia
3124 786 3306 854 populi
3351 789 3732 848 circumdantis

2149 884 2250 923 nte.
2278 867 2617 924 Prmvidebat
2639 869 2783 923 enim
2815 871 2985 924 multa
3017 871 3131 927 fore
3165 872 3602 932 adversariarum
3632 894 3732 948 po-

2148 967 2410 1015 testatum
2444 961 2634 1025 millia,
2687 976 2808 1030 quae
2855 971 3172 1018 sanctorum
3231 969 3726 1033 resurrectionem.

2146 1070 2335 1109 eorum
2369 1055 2532 1110 saluti
2566 1053 2890 1119 invidentes,
2927 1056 3274 1127 interpellare
3307 1060 3546 1115 vellent:
3591 1077 3729 1132 quos

2144 1163 2266 1218 ego,
2322 1146 2522 1217 inquit,
2571 1147 2730 1201 nihili
2786 1147 3008 1212 faciam,
3045 1149 3285 1204 conﬁsus
3336 1155 3728 1222 propugnatori

2145 1252 2287 1303 meo,
2317 1238 2512 1293 mortis
2537 1238 2770 1305 victori;
2795 1239 2886 1308 qui
2917 1240 3172 1295 contritis
3202 1242 3358 1296 aereis
3390 1242 3600 1299 foribus
3633 1260 3729 1300 ve-

2151 1328 2442 1398 ctibusque
2503 1328 2696 1384 ferreis
2759 1330 3080 1393 confractis,
3133 1331 3385 1389 occlusas
3431 1349 3462 1388 a
3524 1336 3727 1390 sarculo

2142 1426 2329 1488 portas
2353 1419 2545 1473 mortis
2564 1420 2796 1491 aperuit,
2832 1422 3085 1491 notisque
3114 1423 3232 1477 suis
3266 1423 3343 1477 ibi
3376 1424 3721 1494 degentibus,

2140 1523 2171 1562 e
2199 1523 2432 1578 quorum
2466 1525 2697 1565 numero
2737 1509 2906 1565 David
2954 1522 3104 1577 erat,
3159 1514 3227 1567 ad
3261 1517 3722 1572 resurrectionem

2138 1602 2284 1655 viam
2337 1603 2570 1672 paravit.
2632 1603 2998 1670 Quamobrem
3052 1606 3106 1660 in
3141 1599 3248 1660 alio
3294 1608 3505 1677 psalmo
3536 1610 3720 1666 dixit:

2140 1692 2315 1751 Notas
2346 1697 2475 1750 mihi
2498 1696 2670 1765 fecisti
2727 1699 2839 1752 vias
2876 1698 2996 1752 vita:
3027 1714 3045 1752 :
3073 1697 3387 1768 adimplebis
3422 1717 3503 1755 me
3532 1701 3723 1757 ltetitia

2138 1803 2257 1841 cum
2290 1791 2435 1844 uultu
2465 1799 2556 1844 tuo
2582 1790 2671 1845 ’δὴ

2218 1967 2381 2025 Vens.
2416 1969 2470 2024 8.
2501 1968 2761 2040 Exsurge,
2792 1969 3035 2037 Domine,
3078 1971 3285 2027 salvum
3331 1991 3411 2028 me
3440 1974 3548 2044 fac,
3575 1974 3719 2031 Deus

2141 2078 2310 2117 meus.
2383 2061 2648 2128 Quoniam
2693 2074 2748 2117 tu
2801 2064 3108 2133 percussisti
3153 2081 3332 2119 omnes
3380 2061 3717 2122 adversantes

2142 2152 2272 2206 mihi
2304 2152 2417 2205 sine
2450 2168 2637 2215 causa,
2671 2153 2852 2207 dentes
2882 2162 3216 2222 peccatorum
3245 2155 3563 2209 contrivisti.
3606 2156 3718 2210 Da—

2140 2243 2271 2297 mini
2320 2252 2397 2296 est
2434 2243 2605 2309 salus,
2658 2252 2708 2297 et
2738 2259 2894 2311 super
2930 2244 3183 2313 populum
3226 2256 3377 2299 tuum
3429 2245 3717 2299 benedictio

2141 2342 2255 2391 tua.
2294 2334 2436 2389 Cum
2469 2336 2812 2406 prospiceret
2846 2336 3081 2391 salutem
3115 2337 3242 2400 sibi,
3276 2344 3402 2406 post
3431 2337 3716 2392 dormitio-

2139 2445 2257 2485 nem
2303 2430 2420 2484 sive
2466 2429 2701 2491 obitum,
2736 2429 2967 2484 salutari
3011 2429 3186 2499 gratia
3231 2438 3397 2500 atque
3445 2430 3718 2487 beneﬂcio

2137 2517 2552 2585 conferendam,
2589 2519 2802 2590 ipsique
2842 2519 3000 2574 fidem
3048 2520 3308 2586 haberet;
3345 2530 3529 2577 certus
3569 2521 3715 2576 hanc

2137 2611 2355 2667 nonnisi
2392 2609 2449 2663 in
2492 2611 2896 2665 resurrectione
2951 2609 3256 2668 Salvatoris
3282 2628 3447 2682 posse
3480 2614 3586 2669 sibi
3626 2615 3719 2670 ob-

2135 2703 2344 2767 venire,
2383 2708 2791 2768 consequenter
2841 2710 3110 2772 precatur
3151 2704 3446 2759 accelerari
3496 2702 3713 2761 Domini

2137 2791 2620 2853 resurrectionem,
2652 2799 2712 2843 ut
2740 2806 2836 2860 per
2864 2806 2984 2845 eam
3019 2799 3075 2847 et
3101 2793 3218 2862 ipse
3251 2794 3484 2849 salutem
3519 2810 3716 2851 conse-

2135 2891 2355 2956 quatur.
2392 2883 2759 2950 Quamobrem
2787 2883 2900 2938 ait:
2950 2882 3207 2955 Exsurge,
3232 2884 3475 2949 Domine,
3504 2887 3711 2942 salvum

2134 2993 2217 3031 me
2236 2976 2347 3043 fac,
2371 2974 2515 3030 Deus
2541 2990 2722 3029 meus:
2760 2988 3075 3045 gnarusque
3108 2974 3348 3030 futurum
3371 2975 3710 3035 Salvatorem

2134 3069 2381 3124 omnium
2435 3068 2653 3140 generis
2706 3069 2931 3122 humani
2988 3068 3336 3133 insidiarum,
3401 3071 3708 3127 daemonum

2133 3161 2261 3218 item
2313 3170 2366 3216 et
2404 3160 2845 3215 adversariarum
2904 3169 3239 3230 potestatum
3271 3162 3559 3228 victorem,
3591 3165 3703 3219 ait:

2133 3250 2403 3317 Quoniam
2431 3258 2485 3302 tu
2514 3249 2821 3317 percussisti
2854 3264 3032 3304 omnes
3072 3247 3406 3304 adversantes
3435 3249 3565 3304 mihi
3597 3250 3709 3305 sire

2133 3358 2319 3396 causa.
2350 3338 2680 3395 Hebraicum
2729 3339 3007 3408 exemplar
3058 3356 3168 3394 non
3217 3341 3299 3395 sic
3354 3341 3539 3405 habet,
3593 3343 3709 3397 sine

2126 3450 2316 3499 causa,
2349 3434 2469 3496 sed,
2501 3433 2556 3486 in
2603 3431 2928 3497 maxillam;
2962 3430 3317 3504 Septuaginta
3362 3449 3496 3488 vero
3532 3432 3705 3489 Inter-

2125 3534 2328 3596 pretes,
2369 3525 2481 3579 sine
2507 3540 2693 3585 causa,
2725 3522 3038 3587 ediderunt,
3073 3523 3188 3579 sive
3228 3524 3357 3594 quia
3399 3526 3702 3581 vetustiora

2124 3616 2457 3687 exemplaria
2492 3615 2796 3679 variabant,
2825 3622 2885 3669 ut
2906 3615 3128 3685 quidam
3159 3613 3511 3671 Hebraeorum
3545 3619 3703 3673 testi-

2126 3705 2392 3761 ﬁcantur:
2457 3706 2571 3759 sive
2631 3712 2683 3758 ut
2745 3720 2774 3758 a
2843 3704 2996 3760 vocis
3070 3705 3279 3760 vilitate
3334 3704 3696 3763 declinarent.

2123 3795 2293 3852 Deum
2326 3812 2456 3852 vero
2492 3797 2648 3866 quasi
2682 3803 2796 3849 tum
2830 3795 3192 3852 dormientem
3217 3796 3697 3859 adumbrans,cum

2122 3889 2367 3943 tentandi
2407 3903 2575 3943 causa
2607 3887 2940 3944 adversariis
2970 3903 3073 3944 nos
3116 3889 3482 3958 potestatibus
3525 3890 3699 3944 tradi-

2120 3975 2223 4041 dit,
2282 3977 2468 4046 ipsum.
2510 3991 2539 4028 a
2575 3990 2772 4030 somno
2830 3977 3058 4030 excitat.
3111 3974 3177 4028 Et
3227 3974 3482 4031 fortassis
3530 3974 3693 4030 etiam

2120 4074 2254 4120 tunc
2312 4058 2472 4119 Pater
2516 4064 2822 4128 dormierit,
2872 4079 2998 4118 cum
3055 4063 3394 4119 Salvatorem
3442 4071 3694 4120 nostrum

2118 4171 2220 4227 pro
2263 4155 2426 4210 nobis
2468 4152 2728 4210 omnibus
2768 4153 3024 4209 tradidit:
3073 4154 3343 4208 excitatur
3400 4161 3583 4209 autem
3632 4163 3694 4209 ut

2118 4249 2352 4303 salutem
2383 4248 2487 4319 ipsi
2519 4245 2791 4311 conferat,
2844 4245 3225 4316 percutiatque
3261 4246 3519 4301 inimicos
3545 4246 3690 4315 ejus,

2120 4357 2243 4395 cum
2276 4339 2514 4406 Iudaeos,
2572 4351 2686 4396 tum
2747 4339 3120 4410 intelligibiles
3168 4338 3376 4411 hostes,
3435 4339 3531 4411 qui
3570 4339 3690 4394 sine

2120 4452 2284 4492 causa
2316 4436 2493 4506 ipsum
2526 4435 2779 4491 oderunt.
2815 4431 2951 4487 Nam
2977 4432 3062 4488 vel
3093 4448 3218 4489 cum
3251 4432 3322 4488 iis
3352 4433 3447 4501 qui
3482 4447 3542 4489 se
3562 4431 3690 4487 odio

2119 4530 2319 4583 habent
2349 4529 2433 4582 vir
2466 4535 2691 4583 sanctus
2722 4525 2988 4597 paciﬁcus
3045 4532 3153 4590 est,
3205 4523 3568 4595 inimicosque
3599 4524 3686 4579 di-

2116 4623 2266 4694 ligit:
2305 4620 2603 4675 humanius
2654 4630 2837 4674 autem
2875 4619 3042 4675 sentit
3096 4617 3192 4688 qui
3241 4631 3366 4670 cum
3416 4631 3527 4672 non
3563 4616 3689 4673 sine

2114 4730 2282 4770 causa
2333 4714 2496 4768 alicui
2528 4712 2786 4769 inimicus
2817 4713 2907 4779 sit,
2955 4713 3218 4766 ultionem
3273 4709 3516 4780 expetit.:
3559 4711 3685 4766 reli-

2113 4805 2323 4875 giosius
2363 4818 2529 4875 porro
2557 4803 2671 4859 veri
2714 4801 2929 4858 dicendi
2966 4814 3134 4856 causa
3186 4800 3347 4871 [tales
3385 4800 3684 4855 inimicitia:

2111 4894 2542 4968 suscipiuntur.]
2605 4894 2695 4949 Ait
2745 4895 2889 4949 enim
2940 4892 3182 4947 Paulus:
3238 4890 3495 4946 Inimicus
3542 4892 3680 4948 vobis

2108 4989 2284 5059 factus
2312 5003 2430 5041 sum
2454 5003 2630 5041 verum
2652 4984 2831 5039 dicens
2847 4984 2917 5037 ’δε
2949 4983 3112 5055 quale
3136 4982 3301 5036 etiam
3354 4982 3408 5035 in
3446 4980 3680 5036 Psalmis

2106 5076 2240 5132 illud
2268 5086 2385 5131 est:
2420 5075 2609 5128 Nonne
2635 5074 2727 5145 qui
2756 5071 2975 5127 oderunt
2999 5079 3068 5137 te,
3097 5070 3341 5136 Domine,
3369 5069 3585 5124 oderam
3599 5070 3681 5123 “‘l

2104 5165 2177 5221 At
2211 5182 2320 5221 non
2355 5163 2707 5221 insidiantem
2742 5160 3088 5217 inimicitiam
3138 5160 3228 5214 hic
3271 5159 3541 5229 intelligas
3582 5174 3677 5214 ve-

2105 5256 2222 5319 lim,
2255 5253 2352 5311 sed
2402 5253 2829 5324 impedientem;
2882 5248 3089 5303 malitia
3134 5247 3344 5303 scilicet
3383 5244 3439 5298 in
3472 5243 3675 5298 multos

2102 5348 2321 5403 diffusa.
2376 5347 2473 5402 Sui
2506 5359 2745 5416 namque
2777 5344 2864 5399 vel
2912 5343 3075 5397 etiam
3111 5340 3337 5394 alterius
3384 5350 3554 5391 causa
3582 5352 3675 5391 eo-

423 5452 639 5514 καὶτὸ,
686 5448 977 5518 Ἀγαπᾶτε
1013 5446 1156 5513 τοὺς
1197 5445 1451 5515 ἐχθροὺς
1498 5443 1684 5512 ὑμῶν.
1741 5444 1798 5495 '0
1829 5441 1884 5494 δὲ
1919 5441 1997 5512 μὴ

2128 5440 2295 5496 endus
2328 5437 2814 5507 observandusque
2842 5443 2931 5490 est
2982 5434 3075 5505 qui
3103 5432 3365 5487 auxilium
3414 5435 3671 5500 praestat;

420 5544 590 5615 ψιλῶς
617 5543 873 5613 ἀγαπῶν,
915 5542 1010 5597 καὶ
1061 5541 1188 5613 περὶ
1226 5539 1286 5593 τὸ
1325 5539 1505 5602 καλῶς
1546 5535 1799 5607 γενέσθαι
1848 5535 1996 5606 αὑτῷ

2103 5534 2219 5590 sive
2255 5533 2472 5588 demum
2505 5527 2842 5602 precandum
2869 5535 2977 5593 est,
3003 5533 3065 5581 ut
3093 5524 3161 5580 de
3194 5524 3445 5596 improbo
3475 5520 3672 5576 aliectu

491 5701 557 5730 ³⁸⁸
598 5695 743 5752 Psal.
774 5712 866 5762 xv,
896 5696 983 5751 {0.
1060 5692 1107 5726 "
1147 5690 1323 5748 Galat.
1360 5708 1445 5755 Iv,
1483 5690 1569 5747 i6.
1646 5691 1691 5723 “
1722 5688 1869 5748 Psal.
1907 5702 2183 5754 cxxxvm,
2223 5686 2303 5744 21.

487 5856 563 5926 (ll
604 5857 660 5912 In
695 5854 960 5913 llebraico
996 5857 1210 5925 legitur,
1252 5836 1345 5916 vn‘;
1371 5853 1517 5917 quod
1535 5857 1619 5911 est
1648 5848 1890 5904 maxilla.

2151 5842 2236 5916 (2)
2275 5836 2755 5913 ιδὀιιιεγιεςεηιιηιιι
2794 5837 3094 5909 ἁληθευων.
3132 5835 3289 5890 Eutr.
