4096 6396
445 313 520 375 99
1135 314 1406 373 EUSEBII
1443 316 1929 375 CESAllIENSlS
1966 314 2115 374 OPP.
2157 312 2366 378 PARS.
2405 310 2494 374 Ill.
2527 316 3020 380 *EXEGETICA.
3138 298 3143 305 ’
3629 326 3732 382 ιοο

446 435 586 493 ultio
614 442 903 501 sumatur;
933 436 1020 490 vel
1057 442 1116 488 ut
1165 435 1436 490 radicitus
1468 437 1697 493 tollatur
1735 438 1805 493 ab
1834 454 1901 493 eo
1939 441 2038 509 qui

2143 439 2415 508 συνεργεῖ,
2449 438 2545 492 καὶ
2575 437 2642 491 τὸ
2668 438 2728 492 ὲν
2751 438 2966 510 ἑϐδόμῳ
2991 438 3047 493 δὲ
3063 438 3263 512 ψαλμῷ
3288 440 3578 512 λεγόμενον
3597 458 3611 473 ·
3662 438 3732 496 ΕΙ

444 529 528 584 sic
546 527 772 583 aﬂ‘ectus
792 537 895 583 est.
918 527 1098 595 Quam
1114 542 1228 583 rem
1248 528 1407 583 docet
1423 528 1553 583 illud
1574 547 1588 584 :
1610 529 1913 583 Precamini
1933 545 2026 597 pro

2134 529 2531 584 ἀνταπέδωκα
2570 529 2695 596 τοῖς
2724 531 3200 587 ἀνταποδιδοῦσι
3226 550 3329 602 μοι
3354 533 3514 588 κακὰ
3537 574 3553 601 ,
3583 534 3731 588 ἀπο·-

441 623 507 674 tis
543 621 634 692 qui
680 637 771 675 vos
818 621 1063 675 molestia
1110 621 1447 690 aﬁiciunt";
1506 628 1560 676 et
1605 623 1777 677 illud:
1815 623 2028 693 Diligite

2134 623 2379 693 πέσοιμι
2414 622 2528 691 ἆρα
2566 624 2687 677 ἀπὸ
2718 623 2837 677 τῶν
2863 623 3097 694 ἐχθρῶν
3128 642 3249 697 μου
3293 627 3506 693 κενὸς,
3543 626 3731 697 σαφῶς

443 712 686 767 inimicos
731 722 934 767 vestros
966 714 1038 768 “.
1091 712 1197 780 Qui
1246 726 1417 784 porro
1463 729 1573 769 non
1623 714 1815 770 leviter
1858 724 2026 779 amat,

2132 711 2377 767 διδάσκει
2403 713 2608 785 μηδένα
2632 718 2832 785 μισεῖν.
2861 716 2989 781 Πῶς
3012 713 3104 771 οὖν
3134 719 3348 789 εῖρηται
3367 735 3380 748 ο
3410 717 3559 788 Οὐχὶ
3590 719 3732 785 τοὺς

442 813 708 875 procurat
747 807 914 862 etiam
949 814 1012 861 ut
1065 806 1307 863 inimicis
1353 808 1496 864 bene
1534 809 1838 880 contingat.
1871 807 2028 865 Insu-

2129 804 2466 872 μισοῦντας
2489 820 2584 870 σε,
2609 806 2808 875 Κύριε.
2832 808 3130 877 adunca;
3149 808 3370 864 Μᾶλλον
3392 807 3451 863 δι
3477 809 3560 874 τίς
3582 811 3731 863 ἐστιν

447 906 656 961 perque
694 895 821 950 illud
864 911 917 949 in
945 897 1177 965 septimo
1203 900 1415 968 psalmo
1442 903 1649 957 dictum
1679 923 1692 958 :
1722 904 1782 959 Si
1809 907 2017 959 reddidi

2133 893 2309 959 οὕτως
2337 895 2513 960 ἄθεος,
2547 896 2624 961 ὡς
2660 900 2839 969 μισεῖν
2867 898 2927 952 δν
2959 901 3176 971 ἡγεῖται
3209 899 3378 965 Θεόν;
3420 902 3589 972 Δῆλον
3611 897 3726 967 οὖν,

447 982 853 1038 retribuentibus
874 987 1002 1039 mihi
1026 989 1189 1054 mala,
1215 991 1455 1046 decidam
1480 996 1666 1048 merito
1690 995 1755 1049 ab
1783 998 2013 1051 inimicis

2133 988 2209 1051 ὡς
2252 991 2302 1043 οἰ
2338 990 2624 1060 μισοῦντες
2667 992 2761 1044 καλ⁵
2810 991 3337 1064 καταθεματίζοντες
3389 994 3595 1065 Ἰησοῦν
3641 1014 3731 1067 μι-

441 1072 572 1125 meis
592 1072 766 1128 inanis
792 1076 857 1140 ",
878 1077 1161 1148 perspicue
1182 1080 1342 1137 docet
1366 1084 1636 1140 neminem
1659 1086 1786 1141 odio
1808 1087 2013 1143 haben-

2136 1080 2293 1136 σοῦσι
2325 1085 2417 1137 τὸν
2446 1082 2579 1139 Θεόν
2600 1102 2614 1115 °
2659 1086 2723 1139 Ὀ
2754 1085 2861 1158 γάρ
2882 1086 3008 1157 ἐμὲ,
3055 1087 3190 1159 φησι
3215 1126 3231 1151 ,
3269 1087 3594 1159 δεχόμενος
3633 1090 3726 1147 δέ-

448 1168 581 1223 dum
605 1186 746 1226 esse.
784 1170 895 1226 Cur
921 1172 1106 1243 itaque
1129 1174 1342 1229 dictum
1360 1183 1445 1232 est
1465 1193 1479 1230 :
1496 1173 1550 1227 Ν
1554 1176 1787 1246 onnequi
1806 1176 2027 1231 oderunt

2135 1194 2305 1247 χεται
2343 1176 2451 1230 τὸν
2498 1176 2954 1233 ἀποστείλαντά
2979 1196 3084 1249 με’
3139 1180 3265 1245 καὶ,
3314 1180 3368 1234 '0
3415 1182 3729 1254 ὁμολογῶν

445 1270 516 1324 te,
572 1262 810 1325 Domine,
854 1265 1178 1320 oderam"?
1210 1265 1322 1322 lmo
1354 1269 1541 1338 potius
1574 1269 1700 1339 quis
1738 1269 1875 1324 adeo
1921 1271 2023 1324 im-

2150 1270 2260 1323 τὸν
2297 1269 2456 1335 Υἰὸν,
2485 1269 2585 1323 καὶ
2621 1270 2729 1324 τὸν
2758 1271 2992 1340 Πατέρα
3033 1273 3158 1341 ἔχει
3177 1290 3190 1304 ⁸
3228 1272 3422 1329 οὐκοῦν
3444 1274 3537 1328 καὶ
3567 1279 3601 1329 ό
3640 1294 3730 1346 μι-

442 1353 591 1423 pius,
630 1363 689 1408 ut
726 1370 850 1410 cum
876 1355 1007 1411 odio
1038 1356 1255 1420 habeat,
1300 1373 1464 1427 quem
1491 1356 1658 1412 Deum
1692 1357 2027 1411 arbitratur?

2131 1363 2263 1418 σῶν
2278 1360 2384 1415 τὸν
2394 1361 2650 1426 nomen
2673 1363 2779 1416 τὸν
2794 1366 3024 1431 Πατέρα
3033 1363 3332 1433 prosiliat
3348 1366 3454 1429 πᾶς
3467 1365 3523 1418 δὲ
3546 1366 3728 1438 ἀμαρ-

441 1445 548 1511 Qui
585 1447 753 1517 igitur
780 1448 1065 1504 Christum
1110 1449 1238 1503 odio
1290 1448 1495 1503 habent
1545 1464 1607 1503 ac
1658 1449 2020 1513 detestantur,

2128 1454 2306 1507 τάνων
2337 1456 2487 1523 μισεῖ
2506 1455 2597 1507 τὸν
2623 1454 2790 1506 Θεόν·
2832 1456 2982 1526 μισεῖ
3016 1456 3127 1527 γὰρ
3169 1457 3362 1526 σοφίαν
3396 1459 3489 1511 καὶ
3515 1457 3726 1512 δικαιο-

441 1536 617 1594 Deum
640 1539 880 1596 oderunt
906 1559 920 1596 :
957 1558 1107 1605 nam.
1148 1542 1240 1611 qui
1266 1559 1347 1595 me
1371 1543 1574 1609 recipit.
1606 1539 1806 1612 inquit,
1838 1542 2021 1609 recipit

2132 1542 2324 1614 σύνην,
2358 1545 2499 1615 άπερ
2524 1544 2640 1597 ἐστὶ
2670 1543 2927 1614 Χριστός.
2962 1545 3074 1597 Καὶ
3100 1543 3153 1596 τί
3199 1543 3515 1614 θαυμαστὸν
3535 1585 3550 1611 ,
3586 1544 3721 1598 ὅπου

439 1647 562 1684 eum
598 1632 687 1701 qui
732 1648 815 1685 me
872 1634 1015 1687 misit
1040 1634 1110 1699 ³¹;
1158 1642 1232 1697 et,
1282 1634 1371 1703 qui
1397 1634 1677 1701 conﬁtetur
1702 1628 1928 1695 Filium,
1971 1639 2022 1685 et

2129 1633 2324 1687 ἑαυτὸν
2357 1635 2386 1686 ὁ
2412 1634 2743 1705 ἁμαρτάνων
2770 1636 2919 1704 μισεῖ
2941 1650 2955 1698 ;
2979 1633 3136 1687 Κατά
3158 1634 3267 1705 γὰρ
3291 1633 3633 1705 Σολομῶντα·
3670 1635 3724 1685 Ὁ

441 1722 663 1778 Patrem
708 1724 861 1781 habet
898 1726 964 1793 ³²,
1001 1740 1066 1781 ac
1109 1726 1229 1781 vice
1276 1739 1458 1788 versa,
1506 1725 1596 1795 qui
1642 1722 1845 1779 Filium
1885 1723 2018 1790 odit,

2126 1724 2552 1795 ἀπωθούμενος
2604 1724 2884 1778 παιδείαν
2923 1724 3099 1794 μισεῖ
3156 1722 3395 1779 ἑαυτόν.
3443 1723 3654 1777 Οὐκοῦν
3694 1725 3725 1778 ὁ

441 1813 557 1869 odit
580 1825 627 1870 et
657 1814 876 1871 Patrem
900 1815 965 1871 ⁸³.
993 1815 1253 1885 Quisquis
1279 1831 1411 1873 vero
1433 1823 1644 1888 peccat,
1670 1815 1788 1871 odit
1815 1815 1984 1871 Deum
2010 1835 2024 1871 :

2131 1817 2307 1888 μισῶν
2334 1819 2461 1881 τοὺς
2489 1816 2784 1889 μισοῦντας
2810 1817 2901 1871 τὸν
2931 1817 3066 1870 Θεὸν
3099 1816 3241 1889 πλὴν
3267 1817 3462 1887 λογίων
3492 1815 3603 1870 τῶν
3634 1815 3725 1870 εὐ-

435 1908 551 1963 odit
580 1909 781 1979 quippe
813 1908 1142 1979 sapientiam
1172 1906 1581 1979 justitiamque,
1609 1908 1827 1963 scilicet
1859 1905 2021 1961 Chri-

2127 1908 2469 1964 σεὸεστάτων
2500 1909 2706 1973 πάντας
2729 1911 2954 1981 μισήσει
2981 1911 3076 1963 καὶ
3098 1909 3288 1963 ἑαυτὸν
3316 1910 3718 1981 ἁμαρτάνοντα.

438 2017 604 2060 stum.
684 2003 892 2077 Ecquid
950 2005 1207 2060 mirum?
1250 2007 1476 2077 quando
1525 2021 1584 2062 se
1613 2006 1733 2076 ipse
1767 2012 2022 2076 peccator

2128 2001 2290 2054 Ὥστε
2319 2001 2381 2054 οὐ
2420 1999 2536 2065 ζῶα
2568 2001 2855 2070 νομιστέον
2883 2000 2952 2054 τά
2980 2001 3244 2072 μισοῦντα
3270 2000 3364 2055 τὸν
3392 2001 3526 2055 Θεὸν
3544 2042 3560 2067 ,
3586 2001 3724 2056 ἀλλά

440 2098 582 2154 odit.
634 2096 800 2164 Nam,
834 2114 902 2153 ex
952 2097 1269 2166 Salomone,
1304 2101 1395 2170 qui
1424 2098 1619 2154 deserit
1660 2098 2020 2167 disciplinam,

2115 2096 2231 2156 τοῖς
2263 2092 2503 2162 λογικοῖς
2530 2093 2679 2147 κακὰ
2722 2092 3134 2165 συμϐεϐηκότα,
3158 2089 3270 2148 οἷον
3308 2095 3343 2165 ἡ
3376 2094 3591 2149 ἀδικία*
3624 2096 3720 2149 καὶ

435 2186 548 2242 odit
584 2188 905 2257 seipsum“.
955 2186 1147 2260 Itaque
1174 2189 1269 2260 qui
1303 2186 1423 2244 odit
1450 2203 1545 2244 eos
1563 2187 1658 2259 qui
1687 2186 1860 2242 Deum
1893 2186 2023 2243 ode-

2115 2186 2145 2238 ό
2181 2185 2366 2249 eam;
2412 2184 2550 2239 καθὸ
2595 2184 2783 2249 ἄδικος
2840 2189 2989 2257 μισεῖ
3016 2187 3108 2240 τὸν
3138 2186 3307 2254 Θεὸν,
3337 2187 3438 2258 τῆς
3482 2189 3541 2241 ὲν
3567 2187 3720 2259 αὐτῷ

441 2285 597 2343 runt,
631 2294 843 2346 omnes,
879 2280 1127 2351 exceptis
1177 2295 1311 2337 sane
1361 2279 1495 2335 viris
1542 2278 1909 2350 prudentibus
1957 2294 2021 2334 ac

2115 2277 2336 2340 ἀδικίας
2358 2276 2517 2331 τοῦτο
2551 2277 2833 2349 ποιούσης.
2880 2277 2991 2330 Καὶ
3021 2277 3102 2330 δεῖ
3121 2277 3292 2331 ταῦτα
3321 2280 3500 2349 μισεῖν
3549 2277 3719 2350 ἐχθρὰ

437 2369 740 2440 religiosis.
793 2371 920 2426 odio
958 2370 1218 2437 habebit;
1255 2372 1366 2427 imo
1402 2371 1643 2441 seipsum
1676 2377 2015 2441 peccantem.

2115 2369 2457 2440 τυγχάνοντα
2506 2370 2937 2441 προηγουμένως
2994 2370 3170 2442 ἡμῶν.
3223 2371 3335 2425 Καὶ
3382 2369 3572 2443 ὥσπερ
3605 2371 3716 2425 ἀπὸ

438 2460 627 2533 Neque
666 2478 798 2519 sane
846 2463 1172 2534 putandum,
1208 2464 1465 2518 animalia
1514 2478 1637 2519 esse
1687 2477 1811 2533 quae
1845 2461 2011 2517 Deum

2114 2462 2459 2534 τελειότητος
2485 2461 2706 2534 ἔρχεται
2726 2462 3041 2534 δικαιοσύνη
3078 2462 3173 2517 καὶ
3206 2462 3551 2534 σωφροσύνη,
3575 2462 3718 2517 οὕτω

437 2555 707 2610 oderunt:
767 2555 861 2612 sed
920 2559 1061 2611 mala
1114 2557 1233 2626 ipsa
1275 2555 1590 2611 hominibus
1637 2553 2009 2617 obvenientia,

2116 2556 2214 2609 καὶ
2246 2555 2307 2608 τὸ
2334 2554 2536 2608 τοιόνδε
2566 2557 2740 2624 μῖσος.
2771 2554 2984 2609 Οὐκοῦν
3008 2555 3117 2617 πᾶς
3142 2553 3440 2626 ἰχθραίνων
3476 2554 3586 2608 τινὶ
3612 2572 3718 2626 μα-

436 2647 619 2719 qualis
662 2655 746 2703 est
785 2648 1016 2714 malitia,
1056 2646 1175 2721 [Dei
1221 2648 1406 2704 odium
1450 2646 1722 2721 pariunt.]
1779 2648 2011 2718 Ipseque

2115 2647 2287 2711 ταίως
2336 2645 2646 2719 ἐχθραίνειο
2684 2648 2713 2701 ὃ
2748 2647 2812 2720 δὴ
2865 2646 3162 2720 προῦκειτο
3203 2647 3394 2716 δεῖξαι.
3455 2639 3716 2703 Τοιοῦτόν

435 2739 694 2811 injustas,
731 2747 1004 2812 quatenus
1072 2741 1312 2811 injustus
1370 2750 1473 2805 est,
1530 2738 1700 2796 Deum
1753 2738 1907 2804 odit;
1957 2738 2011 2793 id

1615 2756 1700 2795 um
1753 2738 1907 2804 odit;
1957 2738 2011 2793 id
2119 2740 2237 2791 ἐστι
2273 2738 2474 2803 καὶτὸ,
2518 2737 2855 2808 Ἐμίσησάν
2881 2756 2960 2808 με
2987 2738 3232 2807 δωρεάν.

431 2843 627 2907 sgente
660 2836 867 2890 malitia
906 2849 1028 2907 quae
1059 2834 1203 2889 inest
1250 2833 1474 2889 eidem:
1510 2845 1675 2904 atque
1741 2833 1857 2887 haec
1884 2830 2040 2894 vitia,
2083 2838 2275 2901 utpote
2338 2831 2584 2897 inimica,
2626 2848 2830 2902 perosa
2885 2841 3105 2904 oportet
3149 2849 3273 2890 esse
3318 2834 3500 2906 potius
3549 2846 3714 2905 quam

430 2942 531 2983 :os
565 2928 733 3000 ipsos.
786 2927 931 2985 Sane
965 2936 1084 2983 uta
1129 2925 1465 2998 perfectione
1530 2927 1805 2991 prodeunt
1860 2926 2077 2996 justitia
2115 2936 2171 2980 et
2201 2928 2600 2997 temperantia,
2638 2929 2716 2982 ita
2766 2929 2957 2985 odium
3012 2929 3333 3000 huiusmodi
3387 2931 3582 2987 eodem
3637 2945 3707 2985 ex

431 3024 583 3080 fonte
631 3022 902 3094 procedit.
948 3021 1211 3093 Quisquis
1252 3038 1384 3094 ergo
1412 3020 1537 3076 odio
1569 3020 1806 3091 aliquem
1841 3018 2026 3082 habet,
2068 3027 2274 3074 temere
2336 3033 2402 3074 ac
2432 3034 2572 3076 vane
2609 3020 2762 3077 odit:
2809 3022 2958 3094 quod
3012 3024 3174 3081 nobis
3221 3022 3564 3096 probandum
3627 3025 3717 3079 in-

429 3112 673 3179 cumbit;
713 3111 1032 3181 hujusmodi
1059 3112 1188 3167 item
1222 3113 1357 3168 illud
1401 3119 1505 3176 est,
1539 3107 1663 3166 odio
1710 3111 2001 3165 habuerunt
2031 3128 2112 3166 nte
2128 3111 2296 3181 gratis
2318 3110 2384 3165 ⁸⁸.

500 3203 707 3259 Eorum
737 3218 869 3257 vero
902 3217 1069 3258 causa
1103 3204 1197 3273 qui
1229 3202 1483 3273 superius
1523 3202 1780 3258 dixerant
1815 3204 2014 3256 animm
2042 3219 2084 3277 ο

2199 3200 2359 3254 Ἀλλά
2383 3202 2478 3254 καὶ
2505 3199 2593 3254 διὰ
2633 3202 2758 3265 τοὺς
2799 3200 3061 3273 ἀνωτέρω
3109 3202 3406 3274 εἰρηκότας
3451 3208 3515 3277 τῇ
3560 3207 3711 3282 ψυχῇ

429 3299 571 3369 ejus,
604 3313 709 3351 non
742 3305 820 3350 est
853 3295 1003 3350 salus
1026 3294 1126 3365 ipsi
1152 3297 1207 3349 in
1238 3295 1346 3351 Deo
1372 3295 1511 3364 ejus,
1546 3310 1696 3351 nunc
1720 3296 1815 3359 ait,
1871 3293 2013 3348 Den-

2115 3293 2306 3358 αὐτοῦ,
2346 3296 2469 3347 Uine
2502 3294 2635 3347 ἐστι
2665 3293 2933 3362 σωτηρία
2956 3292 3121 3359 αὐτῷ
3143 3294 3215 3348 ἐν
3234 3293 3312 3360 τῷ
3342 3294 3465 3361 Θεῷ
3496 3299 3710 3368 αὐτοῦ,

431 3398 507 3447 tes
564 3399 909 3458 peccatorum
969 3386 1287 3451 contrivisti,
1338 3388 1442 3442 hoc
1479 3395 1586 3451 est,
1637 3401 1922 3442 sermones
1959 3395 2012 3441 et

2113 3386 2209 3440 νῦν
2237 3401 2404 3456 φησιν
2426 3402 2439 3415 ’
2489 3384 2762 3451 Ὁὸόντας
2780 3380 3145 3454 ἁμαρτωλῶν
3169 3385 3561 3457 συνέτριψας,
3592 3407 3713 3446 του.

428 3481 750 3553 blasphema
789 3479 935 3533 dicta
966 3479 1259 3535 adversum
1310 3494 1396 3534 me
1437 3480 1654 3549 prolata
1700 3479 2010 3544 abstulisti;

2110 3478 2403 3540 τέστιτοὺς
2423 3475 2614 3544 λόγους
2639 3475 2732 3529 καὶ
2759 3476 2859 3541 τάς
2879 3477 3000 3531 κατ’
3016 3476 3153 3548 ἐμοῦ
3177 3476 3528 3551 βλασφημίας
3558 3498 3714 3555 περι-

430 3574 542 3627 imo
567 3587 723 3637 vero,
762 3586 859 3625 eos
898 3572 992 3641 qui
1038 3571 1169 3625 talia
1197 3571 1486 3625 adversum
1520 3586 1608 3625 me
1656 3571 2007 3643 spargebant,

2111 3572 2285 3635 εἴλας*
2325 3569 2463 3625 ἀλλά
2505 3570 2600 3624 καὶ
2634 3570 2831 3634 αὐτοὺς
2871 3571 3000 3635 τοὺς
3040 3573 3165 3626 κατ’
3199 3572 3334 3642 ἐμοῦ
3373 3574 3442 3628 τά
3483 3574 3711 3631 τοιαῦτα

428 3666 628 3735 impios
664 3663 918 3719 homines
945 3664 1141 3739 alienis
1179 3664 1339 3718 malis
1372 3664 1695 3734 gaudentes,
1742 3664 2011 3718 contrivi-

2113 3660 2546 3733 φθεγξαμένους,
2572 3661 2790 3726 ἀσεϐεῖς
2819 3662 2981 3726 ὄντας
3022 3663 3119 3718 καὶ
3167 3665 3708 3737 ὲπιχαιρεσικάκους,

432 3757 528 3821 sti,
587 3770 865 3825 vocesque
905 3770 1096 3808 eorum
1160 3754 1478 3810 confudisti.
1529 3755 1718 3826 Neque
1752 3755 1886 3810 mihi
1919 3758 2008 3811 uni

2114 3753 2467 3826 συνέτριψας,
2508 3754 2603 3809 καὶ
2631 3754 2731 3820 τὰς
2755 3754 2940 3825 φωνὰς
2972 3756 3152 3811 αὐτῶν
3177 3755 3545 3829 κατῄσχυνας.
3592 3761 3707 3814 Καὶ

428 3856 558 3921 post
588 3849 800 3903 obitum
831 3888 845 3913 ,
878 3848 973 3904 sed
1003 3850 1164 3903 etiam
1198 3850 1473 3913 universo,
1506 3850 1601 3921 qui
1632 3858 1761 3906 tuus
1792 3850 2008 3907 futurus

2110 3848 2173 3901 οῦ
2207 3845 2367 3918 μόνον
2396 3861 2459 3915 γε
2490 3847 2613 3918 ἐμοὶ
2642 3847 2781 3919 μετά
2812 3846 2875 3901 τὸ
2901 3847 3237 3919 κοιμηθῆναι
3268 3851 3362 3903 καὶ
3402 3852 3703 3924 ἀναστῆναι

426 3948 568 4003 erat,
601 3940 801 4010 popqu
825 3943 1283 3996 resurrectionem
1321 3942 1546 4010 parasti.
1586 3938 2005 3997 Observandum

2111 3940 2410 4012 παρέσχου,
2437 3939 2572 3993 ἀλλά
2604 3940 2699 3993 καὶ
2730 3941 2896 3994 παντὶ
2916 3940 2993 4012 τῷ
3040 3941 3291 4012 μέλλοντι
3339 3944 3706 4014 χρηματίζειν

424 4038 609 4087 autem
643 4040 750 4095 est,
770 4031 891 4086 loco
922 4031 1067 4087 illius
1094 4032 1263 4098 vocis,
1292 4030 1461 4095 salus,
1493 4028 1819 4088 Hebraicam
1842 4047 2009 4087 usur-

2112 4050 2208 4086 σου
2242 4031 2374 4102 λαῷ.
2424 4031 2706 4103 Τηρητέον
2747 4031 2806 4086 δὲ
2832 4071 2846 4096 ,
2883 4032 2993 4097 ὡς,
3029 4032 3154 4087 ἀντὶ
3185 4031 3281 4086 τοῦ
3313 4036 3611 4102 Σωτηρία,
3665 4038 3702 4108 ἡ

424 4131 614 4194 palam
672 4139 798 4181 esse
847 4139 1058 4189 vocem,
1116 4140 1236 4195 quae
1274 4141 1475 4181 nomen
1514 4123 1648 4180 Iesu
1702 4126 2002 4196 exprimit:

2121 4123 2385 4196 Ἐϐραϊκὴ
2418 4125 2569 4196 φωνὴ
2599 4123 2766 4196 (1)τδ
2814 4124 2920 4178 τοῦ
2973 4122 3173 4193 Ἰησοῦ
3215 4123 3389 4196 ὄνομα
3435 4125 3702 4199 παρείληι

421 4224 589 4287 atque
618 4218 789 4273 totius
824 4217 1018 4287 psalmi
1046 4219 1357 4283 terminum,
1390 4214 1501 4274 duo
1528 4219 1708 4289 capita
1744 4219 2008 4274 doctrina:

2109 4230 2276 4271 πται·
2311 4217 2406 4270 καὶ
2437 4216 2502 4288 δὴ
2532 4215 2593 4270 τὸ
2623 4216 3003 4287 συμπέρασμα
3026 4215 3121 4271 τοῦ
3145 4217 3346 4283 παντὸς
3380 4217 3475 4272 δύο
3514 4220 3703 4291 περιέ-

421 4309 752 4379 complecti;
809 4309 1067 4364 nimirum
1116 4310 1371 4365 virtutem
1434 4309 1649 4366 Domini
1704 4312 2004 4366 salutarem

2110 4327 2195 4381 χει
2226 4307 2602 4373 διδασκαλίας·
2641 4309 2725 4362 ὅτι
2756 4325 2814 4363 τε
2845 4311 2879 4379 ἠ
2911 4309 3007 4363 τοῦ
3038 4312 3247 4381 Κυρίου
3266 4311 3496 4383 δύναμις
3522 4313 3702 4384 σωτή-

419 4413 584 4465 esse;
618 4399 907 4469 ipsumque
935 4402 1135 4471 populo
1170 4416 1290 4467 suo,
1317 4403 1410 4473 qui
1434 4419 1530 4473 per
1557 4404 1735 4474 ipsum
1771 4403 2005 4457 salutem

2114 4401 2228 4473 ριός
2254 4400 2393 4461 ἐστι,
2425 4401 2520 4453 καὶ
2541 4400 2625 4454 ὅτι
2655 4398 2820 4464 αὐτὸς
2846 4400 2924 4471 τῷ
2951 4402 3117 4455 αὐτοῦ
3150 4400 3282 4472 λαῷ,
3320 4403 3400 4474 τῷ
3428 4403 3498 4457 δι’
3531 4404 3698 4458 αὐτοῦ

422 4498 762 4547 consecutus
809 4500 915 4556 est,
958 4491 1388 4549 benedictionem
1421 4495 1852 4565 impertiturum.
1906 4492 2007 4548 Be-

2113 4490 2463 4562 σεσωσμὲνῳ,
2495 4492 2595 4563 τὴν
2619 4489 2870 4560 εὐλογίαν
2900 4493 3148 4564 παρέξει.
3200 4493 3433 4563 Εὐλογία
3478 4495 3535 4549 δὲ
3564 4498 3702 4550 πάν-

421 4584 665 4641 nedictio
737 4592 921 4639 autem
969 4585 1273 4655 spiritualis
1328 4602 1556 4657 prorsus
1605 4594 1717 4650 est,
1773 4600 1842 4639 ex
1899 4585 2038 4639 hoc?

2107 4600 2218 4646 τως
2263 4582 2610 4654 πνευματικὴ
2648 4580 2790 4636 κατά
2822 4583 2911 4638 τὸν
2952 4585 3274 4639 Ἀπόστολον
3300 4588 3521 4641 εἰπόντα
3541 4606 3554 4620 ·
3583 4591 3700 4642 Εὐ·-

424 4679 672 4751 Apostoli
708 4678 893 4734 dicto:
931 4676 1250 4733 Benedictus
1297 4677 1438 4733 Deus
1472 4686 1521 4733 et
1573 4677 1738 4731 Pater
1788 4676 2005 4731 Domini

2111 4672 2371 4743 Jomtoc
2403 4676 2435 4726 ό
2465 4675 2610 4740 Θεὸς
2642 4675 2743 4728 καὶ
2772 4676 2976 4746 Πατὴρ
2998 4676 3109 4731 τοῦ
3130 4678 3355 4745 Κυρίου
3384 4678 3551 4749 ἡμῶν
3594 4680 3699 4749 Ἰη-

421 4775 599 4829 nostri
624 4773 754 4827 Iesu
787 4771 1010 4840 Christi,
1033 4774 1126 4843 qui
1150 4772 1418 4826 benedixit
1450 4789 1546 4826 nos
1576 4773 1634 4825 in
1665 4772 1811 4826 omni
1846 4772 2001 4824 bene-

2112 4765 2232 4821 σοῦ
2260 4767 2517 4834 Χριστοῦ
2537 4780 2550 4797 ⁵
2577 4770 2609 4822 ὀ
2636 4768 2978 4838 εὐλογήσας
3013 4769 3175 4840 ἡμᾶς
3211 4771 3283 4824 ἐν
3318 4771 3486 4842 πάσῃ
3517 4775 3695 4828 εὐλο-

420 4864 653 4918 dictione
676 4863 944 4933 spirituali
969 4865 1024 4917 in
1057 4861 1351 4917 caelestibus
1381 4863 1437 4915 in
1466 4860 1682 4914 Christo
1699 4858 1765 4912 ³⁸.
1799 4856 1968 4911 Proin
1988 4886 2003 4896 ο

2110 4859 2211 4929 τίᾳ
2245 4858 2622 4931 πνευματικῇ
2659 4863 2731 4917 ἐν
2773 4866 2897 4931 τοῖς
2934 4864 3316 4932 ἑπειιοανίοις
3346 4866 3417 4920 ἐν
3440 4866 3692 4936 Χριστῷ.

421 4958 603 5028 deque
627 4956 684 5011 in
716 4956 921 5012 Christi
952 4964 1077 5012 ortu
1119 4953 1362 5027 Iosepho
1392 4955 1603 5009 dictum
1650 4951 1755 5006 fuit
1798 4951 1867 5005 ab
1907 4964 2002 5003 an-

2114 4949 2308 5003 Ἔνθεν
2336 4951 2429 5004 ἐπὶ
2458 4950 2558 5024 τῆς
2603 4953 2698 5008 τοῦ
2728 4955 2979 5029 Σωτῆρος
3024 4957 3293 5025 γενέσεως
3328 4957 3578 5014 λέλεκται
3615 4958 3697 5029 τῷ

422 5049 576 5121 gelo:
615 5047 686 5102 Et
718 5048 932 5103 vocabis
963 5064 1151 5103 nomen
1184 5048 1298 5117 ejus
1333 5045 1543 5108 Iesum,
1577 5044 1688 5114 ipse
1721 5041 1863 5096 enim
1891 5040 2005 5094 sal-

2124 5041 2322 5113 Ἰωσὴφ
2356 5042 2460 5098 ὑπὸ
2480 5042 2573 5098 τοῦ
2609 5046 2843 5115 ἀγγέλου
2864 5062 2879 5079 ⁸
2928 5048 3042 5103 Καὶ
3078 5048 3360 5115 καλέσεις
3402 5048 3465 5105 τὸ
3507 5050 3697 5120 ὄνομα

420 5157 540 5197 sum
569 5142 729 5209 faciet
748 5141 1000 5212 populum
1029 5157 1186 5196 suum
1202 5140 1271 5204 ³⁷,
1304 5138 1402 5210 qui
1425 5137 1587 5193 etiam
1610 5135 1820 5205 populi,
1852 5131 2001 5188 beati-

2104 5130 2295 5186 αὑτοῦ
2356 5134 2626 5203 Ἰησοῦν·
2672 5137 2857 5205 αὐτὸς
2882 5141 2994 5209 γὰρ
3036 5138 3221 5193 σώσει
3254 5141 3361 5195 τόν
3389 5140 3544 5197 λαὸν
3588 5146 3694 5197 αὺ-

420 5241 707 5289 vocantur.
743 5233 871 5290 Haec
913 5232 1309 5306 speculationis
1342 5242 1494 5284 more
1522 5226 1667 5281 dicta
1707 5234 1858 5281 sunt.
1890 5220 1996 5280 Po-

2105 5225 2236 5288 τοῦ,
2267 5224 2359 5291 οὓς
2387 5228 2481 5281 καὶ
2515 5229 2823 5303 μακαρίους
2850 5230 2879 5285 ὁ
2907 5231 3066 5300 λόγος
3111 5231 3337 5300 [φασκε.
3376 5232 3563 5287 Ταῦτα
3595 5235 3694 5305 μὲν

419 5333 531 5381 test
563 5327 727 5380 etiam
756 5325 871 5380 dici
919 5328 1133 5392 isthazc,
1196 5342 1319 5398 quae
1363 5330 1550 5377 tamen
1601 5318 1920 5391 prophetice
1969 5334 1999 5374 a

2104 5313 2200 5372 οὖν
2231 5334 2312 5382 τις
2332 5318 2473 5373 κατὰ
2495 5319 2729 5392 θεωρίαν
2756 5322 2865 5375 τῶν
2903 5322 3299 5395 προκειμένων.
3356 5325 3514 5378 Εῖποι
3540 5323 3586 5376 δ’
3628 5324 3693 5378 ἀν

423 5414 628 5471 Davide
657 5418 1016 5488 prmnuntiata
1066 5417 1307 5482 fuerant,
1354 5413 1424 5468 ad
1483 5411 1722 5465 litteram
1775 5409 1997 5479 impleta

2104 5427 2191 5475 τις
2214 5411 2309 5463 καὶ
2339 5410 2474 5483 πρὸς
2490 5411 2636 5479 λέξιν
2671 5413 3062 5485 πεπληρῶσθαι
3106 5416 3278 5469 αὐτάο
3324 5414 3694 5487 πμλεχθέντα

424 5507 593 5563 fuisse
631 5508 723 5562 illo
748 5517 992 5580 tempore
1021 5524 1085 5564 ac
1117 5524 1304 5566 rerum
1335 5503 1677 5565 conditione,
1697 5517 1822 5556 cum
1853 5499 1996 5556 illius

2110 5500 2211 5572 μὲν
2239 5500 2342 5558 ὑπὸ
2374 5502 2469 5556 τοῦ
2486 5502 2648 5558 Δαυῖδ
2678 5507 3030 5577 προφητικῶς
3062 5509 3121 5562 ὲν
3165 5507 3345 5579 καιρῷ
3383 5507 3484 5578 τῆς
3535 5522 3688 5577 περι-

490 5621 535 5650 ”
578 5618 711 5675 Luc.
743 5636 833 5684 vt,
863 5621 954 5677 28.
1031 5622 1080 5655 ”
1119 5622 1311 5677 Matth.
1347 5638 1379 5674 v
1403 5660 1419 5683 ,
1455 5618 1545 5672 44.
1577 5686 1601 5689 _
1624 5614 1849 5689 ”_Psal.
1883 5632 1994 5689 vn,
2027 5616 2080 5671 8.
2136 5614 2390 5689 f'yPsal.
2427 5632 2712 5683 cxxsvm,
2738 5619 2827 5673 2|.
2906 5621 2949 5653 "
2987 5621 3176 5678 Matth.
3220 5640 3252 5678 ι
3275 5623 3385 5689 ,t0.
3464 5623 3511 5656 ”
3551 5622 3685 5682 ibid.

431 5689 649 5744 "Ioan.
677 5708 766 5752 xv.
797 5693 883 5747 23.
963 5694 1009 5725 ⁸⁸
1029 5691 1191 5749 Prov.
1215 5708 1304 5755 xv,
1327 5689 1417 5745 32.
1498 5689 1542 5721 ³⁸
1574 5686 1719 5744 Psal.
1759 5703 1942 5756 sum,
1974 5688 2048 5742 l9.

1498 5689 1542 5721 ιι
1574 5686 1719 5744 Ρειιι,
1759 5703 1942 5756 gmw,
1974 5688 2059 5743 19.
2127 5688 2173 5719 ³⁵
2211 5687 2409 5757 Ephes.
2438 5704 2474 5753 I,
2503 5696 2555 5750 3.
2622 5699 2662 5729 ³⁷
2700 5696 2885 5752 llatth.
2912 5717 2948 5765 ι,
2981 5702 3069 5766 Ξῖ,

487 5781 568 5841 lil
595 5782 854 5841 llebraica
888 5802 994 5843 vos
1023 5795 1110 5843 est
1144 5805 1156 5839 :
1191 5790 1389 5849 W-
