4096 6406
416 361 511 417 Ml

1542 350 2052 415 COMMENTARIA
2092 357 2158 412 IN
2198 356 2539 414 PSALMOS.

3579 364 3683 418 102

415 480 676 544 στάσεως,
705 478 945 551 ὁπηνίκα
970 474 1000 527 ὁ
1026 475 1141 542 υἱὸς
1163 477 1384 532 ἐδίωκεν
1413 478 1598 545 αὑτὸν,
1621 480 1716 533 ἐπὶ
1743 480 1917 552 πέρας
1941 481 1984 534 δὲ

2106 485 2527 548 persequeretur
2549 491 2714 543 eum;
2747 475 2844 532 sed
2872 475 2941 531 ad
2973 478 3267 533 terminum
3302 492 3413 533 non
3443 475 3676 532 multum

411 571 625 647 ἡγμένα
668 569 786 643 μετ’
831 570 893 623 οὐ
945 568 1078 623 πολὺ
1103 610 1119 635 ,
1154 569 1243 622 ὅτε
1278 571 1338 622 ὲν
1365 571 1431 641 τῇ
1453 568 1549 623 τοῦ
1593 571 1830 642 πολέμου
1858 588 1996 642 συμ-

348 717 353 723 ,
414 663 540 734 ϐολῇ
571 661 759 717 πίπτει
795 660 895 733 μὲν
921 663 950 715 ὁ
991 659 1366 731 Ἀσεσσαλὼμ,
1405 659 1665 716 πίπτουσι
1711 660 1769 714 δὲ
1802 662 1896 715 καὶ
1946 665 1995 716 oi

412 755 479 807 τὰ
522 753 654 822 φίλα
701 751 849 823 αύτῷ
877 751 1233 827 φρονοῦντες]
1285 753 1479 823 κρατεῖ
1515 751 1574 806 δὲ
1608 754 1652 823 ιἡ
1685 751 1781 805 τοῦ
1832 746 1994 805 Δαυῒδ

415 846 718 918 πρόρρησις
750 847 783 917 ἡ
817 846 1070 916 φήσασα·
1133 845 1253 897 Ὅτι
1291 842 1371 898 σὺ
1415 843 1719 911 ἐπάταξας
1766 841 1996 910 πάντας

413 937 552 1003 τοὺς
576 935 1002 1008 ἐχθραίνοντάς
1019 954 1120 1006 μοι
1134 937 1398 1006 ματαίως
1418 952 1433 967 ο
1459 935 1711 1002 ὀδόντας
1735 938 1998 1006 ἀμαρτω-

410 1031 536 1086 λῶν
560 1030 950 1100 συνέτριψας.
978 1028 1089 1084 Τοῦ
1121 1031 1343 1099 Κυρίου
1370 1032 1409 1099 ὴ
1437 1029 1725 1099 σωτηρία.
1760 1030 1859 1084 καὶ
1894 1028 1996 1083 ἐπὶ

410 1122 519 1177 τὸν
538 1124 695 1178 λαόν
721 1138 838 1177 σου
869 1123 909 1191 ἡ
947 1122 1193 1192 εὐλογία
1222 1136 1359 1176 σου.
1398 1121 1647 1191 Ἐλέγετο
1667 1120 1798 1191 γοῦν
1823 1121 1996 1175 ταῦτα

410 1214 784 1287 προφητικῶς,
801 1214 877 1279 ὡς
895 1213 962 1269 ἂν
992 1214 1091 1287 ήδη
1120 1213 1215 1268 τοῦ
1242 1214 1372 1270 λαοῦ
1395 1214 1760 1287 σεσωσμένον,
1778 1214 1871 1270 καὶ
1892 1214 1996 1268 ὑπὸ

411 1308 506 1361 τοῦ
532 1306 696 1362 Δαυῒδ
728 1324 860 1379 γενη
870 1307 1057 1378 μένου.

816 1420 1149 1474 ΕΞΗΓΗΣΙΣ
1188 1421 1489 1475 ΨΑΛΜΟΥ
1531 1423 1604 1477 Δ’.

516 1527 592 1600 (ι)
621 1530 725 1595 Εις
744 1528 812 1584 τὸ
843 1528 1019 1598 τέλος
1049 1506 1120 1584 έν
1138 1530 1405 1602 ψαλμοῖς
1428 1530 1552 1601 ᾠδὴ
1577 1530 1658 1598 τῷ
1681 1516 1884 1602 Δᾳυτδ.

514 1646 619 1711 Εἰς
644 1644 711 1699 τὸ
733 1644 910 1711 τέλος
949 1643 1019 1698 ἐν
1044 1644 1258 1715 ὕμνοις
1283 1644 1528 1715 ψαλμὸς
1562 1644 1643 1712 τῷ
1683 1645 1883 1699 Δαυΐδ.

483 1737 692 1810 ’Ὠσπερ
726 1738 905 1809 πάσης
951 1737 1147 1810 τέχνης
1179 1738 1272 1792 καὶ
1309 1738 1619 1810 ἐπιστήμης
1661 1738 1814 1802 τέλος
1848 1737 1994 1792 ἐστὶν

410 1829 510 1899 ('2).
540 1870 553 1883 .
579 1871 593 1884 .
615 1869 629 1883 .
660 1871 673 1883 .
707 1870 721 1883 .
752 1870 767 1887 .
796 1869 810 1883 .
839 1872 853 1885 .
890 1831 1223 1901 καταντῆσαι
1254 1829 1345 1885 τὸν
1384 1831 1811 1902 μετερχόμενον’
1851 1830 1995 1885 οὕτω

409 1924 589 1993 πάσης
625 1922 849 1993 λογικῆς
878 1922 1114 1992 φύσεως,
1152 1922 1213 1975 τὸ
1244 1923 1301 1974 ὲν
1332 1921 1554 1994 Χριστῷ
1593 1923 1992 1996 ζωποιηθῆναι

407 2016 558 2079 τέλος
587 2016 754 2079 ἐστὶν,
777 2015 853 2080 ὡς
873 2016 932 2069 ὲν
963 2019 1029 2087 τῇ
1064 2014 1255 2088 πρώτῃ
1287 2015 1425 2087 πρὸς
1456 2014 1774 2087 Κορινθίους
1800 2015 1994 2069 ὁΠαῦ-

406 2105 498 2169 λός
523 2123 654 2177 φησι
682 2107 853 2174 λέγων
874 2104 952 2177 τῷ
978 2107 1093 2177 ἰδίῳ
1126 2106 1398 2176 τάγματι·
1423 2107 1582 2160 Δοκεῖ
1609 2123 1797 2177 μη.....
1934 2119 1993 2162 εν

409 2198 744 2271 ὑπογράφειν
776 2199 1051 2263 ἁπάντων,
1079 2197 1153 2262 ὡς
1182 2199 1237 2251 αἱ
1262 2198 1492 2252 ἑκάστου
1524 2196 1991 2269 ζωοποιουμένου

404 2287 542 2359 πρὸς
568 2288 667 2361 τὴν
698 2287 855 2352 ἀξίαν
885 2287 1024 2358 μετὰ
1046 2287 1328 2358 βασάνους.
1358 2289 1431 2342 Ἦ
1461 2289 1555 2343 καὶ
1588 2288 1792 2343 τούτων
1822 2290 1992 2361 χωρὶς

404 2379 770 2447 ζωοποιήσιις
801 2381 858 2434 δὲ
904 2379 1111 2444 πάντας
1154 2381 1389 2452 Χριστὸς
1433 2383 1492 2435 ὲν
1530 2381 1709 2453 ἐαυτῷ
1737 2382 1864 2446 τοὺς
1911 2381 1992 2454 τῷ

414 2472 586 2543 Ἀδὰμ
602 2471 1040 2545 ἀποθνήσκοντας
1066 2471 1336 2542 βασιλεύει
1354 2472 1472 2527 τῶν
1494 2472 1986 2541 ζωοποιηθέντων·

401 2568 488 2637 ἐφ’
513 2567 542 2620 ὂ
564 2565 999 2639 παρεκάλειτοὺς
1024 2565 1301 2630 συνιέντας
1319 2568 1453 2637 ήείς
1478 2565 1545 2619 τὸ
1569 2565 1744 2633 τέλος
1764 2560 1990 2639 ἐπιγρα-

402 2659 497 2730 φή.
517 2659 690 2712 Παντὶ
702 2658 758 2711 δὲ
775 2657 1161 2728 ἀγωνιζομένῳ
1184 2656 1336 2722 τέλος
1356 2658 1390 2729 ή
1413 2656 1559 2728 νίκη.
1577 2658 1879 2730 Πολλαὶμὲν
1896 2654 1989 2733 οὖν

396 2751 458 2803 αἱ
485 2749 628 2803 κατὰ
663 2749 826 2821 μέρος
845 2749 1013 2814 νίκαι,
1049 2748 1143 2801 καὶ
1168 2747 1319 2812 τέλος
1350 2748 1384 2819 ἢ
1432 2748 1564 2802 ποτὲ
1614 2748 1711 2819 μὲν
1741 2748 1990 2817 λέγοντος

401 2838 615 2892 Παύλου
631 2855 644 2869 ⁸
695 2840 798 2892 Ἐν
839 2840 1071 2903 τούτοις
1099 2835 1288 2893 πᾶσιν
1318 2836 1727 2909 ὑπερνικῶμεν
1756 2839 1854 2895 διὰ
1881 2839 1988 2894 τοῦ

401 2928 830 2998 ἀγαπήσαντος
852 2926 1010 2999 ἡμᾶς
1028 2944 1042 2958 ’
1076 2927 1206 2980 ποτὲ
1237 2928 1294 2981 δέ
1317 2946 1330 2958 ο
1363 2928 1475 2982 Τὸν
1502 2928 1705 3000 ἀγῶνα
1735 2930 1843 2984 τὸν
1880 2946 1988 2984 xa-

401 3020 519 3073 λόν
545 3019 894 3090 ἠγώνισμαι,
921 3020 1032 3074 τὸν
1060 3019 1283 3089 δρόμον
1308 3021 1610 3084 τετέλεκα,
1641 3020 1756 3089 τὴν
1779 3026 1990 3078 πίστιν

400 3110 727 3181 τετήρηκαο
759 3114 977 3166 λοιπὸν
1010 3112 1321 3166 ἀπόκειταί
1353 3130 1456 3182 μοι
1483 3116 1516 3167 ό
1548 3111 1655 3180 τῆς
1679 3112 1985 3168 δικαιοσύ-

2099 582 2291 643 postea
2334 572 2592 637 deducta,
2636 586 2762 626 cum
2804 570 2861 625 in
2909 585 3210 643 congressu
3259 571 3431 643 praelii
3477 571 3681 628 cecidit

2098 665 2354 722 Absalom
2387 705 2402 731 ,
2453 664 2771 721 ceciderunt
2844 664 3052 736 pariter
3102 664 3196 734 qui
3248 664 3368 734 ejus
3426 664 3721 739 partibus.

2097 758 2404 814 haerebant:
2452 757 2798 828 obtinuitque
2823 756 3106 828 praedictio
3135 757 3226 812 illa
3250 755 3469 814 Davidis
3498 750 3677 818 πραο-

2097 852 2244 904 niam
2293 859 2349 903 tu
2394 850 2707 918 percussisti
2754 865 2932 903 omnes
2989 846 3327 902 adversantes
3379 848 3507 902 mihi
3561 850 3676 904 sine

2099 960 2307 998 causa:
2351 942 2533 998 dentes
2585 953 2925 1012 peccatorum
2974 942 3292 996 contrivisti.
3346 940 3677 997 Dominiest

2094 1036 2263 1101 salus,
2330 1044 2381 1090 et
2446 1052 2604 1103 super
2653 1035 2906 1106 populum
2970 1044 3120 1088 tuum
3189 1033 3483 1089 benedictio
3561 1043 3672 1088 tua.

2099 1127 2227 1184 Haec
2256 1130 2443 1199 itaque
2491 1128 2810 1199 prophetico
2865 1127 3013 1182 dicta
3064 1135 3215 1191 sunt,
3268 1141 3333 1181 ac
3365 1127 3410 1183 si
3441 1126 3676 1197 populus

2092 1219 2206 1290 jam
2239 1221 2423 1276 salvus
2455 1227 2624 1285 esset,
2657 1227 2712 1275 et
2756 1220 2825 1275 ad
2880 1218 3103 1274 Davidis
3160 1216 3453 1288 imperium
3502 1216 3673 1271 redu-

2096 1320 2240 1369 ClllS.

2466 1421 2868 1479 ENARRATIO
2910 1422 3164 1478 PSALMI
3198 1420 3288 1478 IV.
3364 1450 3368 1457 ο

2274 1539 2326 1594 1.
2353 1537 2421 1593 In
2454 1540 2610 1608 ﬁnem
2639 1539 2697 1593 in
2724 1539 2947 1607 psalmis
2988 1538 3257 1592 canticum
3296 1534 3489 1591 David.

2119 1706 2125 1711 ,
2346 1646 2413 1702 In
2441 1650 2599 1718 ﬁnem
2628 1650 2683 1702 in
2712 1648 2920 1719 hymnis
2955 1650 3192 1719 psalmus
3216 1646 3407 1702 David.

2169 1741 2324 1796 Sicut
2353 1741 2600 1811 cujusvis
2629 1742 2766 1797 artis
2797 1755 2861 1795 ac
2892 1742 3133 1797 scientiae
3162 1740 3287 1796 linis
3309 1748 3414 1807 est,
3441 1747 3499 1793 ut
3521 1739 3675 1811 quis-

2027 1873 2068 1933 Β
2096 1831 2221 1902 quis
2247 1832 2418 1901 ipsam
2451 1831 2564 1886 adit
2593 1831 2659 1885 ad
2698 1830 3087 1901 perfectionem
3115 1831 3368 1886 deveniat
3397 1848 3412 1892 ;
3445 1830 3518 1884 ita
3549 1845 3670 1884 om-

2097 1927 2184 1979 nis
2212 1924 2500 1980 rationalis
2527 1933 2740 1979 natura:
2771 1923 2895 1979 linis
2924 1933 3007 1978 est
3059 1932 3119 1976 ιιι
3168 1924 3221 1976 in
3253 1921 3474 1977 Christo
3501 1922 3669 1976 vitam

2096 2016 2369 2098 accipiat,
2408 2016 2871 2087 quemadmodum
2928 2016 2984 2070 in
3019 2016 3196 2086 prima
3243 2015 3310 2069 ad
3354 2012 3672 2070 Corinthios

2096 2106 2337 2178 Epistola
2358 2110 2434 2163 ait
2461 2106 2664 2163 Paulus
2695 2106 2763 2164 ³⁸.
2808 2146 2824 2162 .
2865 2146 2879 2162 .
2927 2148 2942 2162 .
2986 2150 3001 2163 .
3045 2147 3063 2164 .
3107 2151 3119 2162 .
3163 2146 3178 2161 .
3221 2145 3235 2162 .
3279 2106 3520 2178 Singulis
3549 2114 3672 2177 post

2095 2202 2372 2256 cruciatus
2402 2216 2500 2271 pro
2530 2201 2728 2257 merito
2763 2215 2866 2255 suo
2912 2199 3210 2270 viviﬁcatis.
3246 2197 3543 2269 Postquam
3573 2213 3673 2253 au-

2096 2299 2200 2346 tem
2226 2291 2478 2347 Christus
2507 2306 2699 2346 omnes
2727 2291 2821 2361 qui
2853 2291 2910 2345 in
2939 2289 3150 2343 Adamo
3180 2288 3381 2341 mortui
3418 2293 3596 2354 erant,
3616 2286 3671 2340 in

2095 2383 2275 2453 seipso
2326 2382 2630 2452 viviﬁcavit,
2691 2394 2884 2452 regnat
2916 2380 2972 2435 in
3003 2380 3341 2449 viviﬁcatos:
3393 2378 3460 2431 ad
3505 2392 3669 2448 quam

2092 2491 2207 2531 rem
2234 2476 2481 2530 homines
2498 2474 2854 2545 intelligentia
2875 2474 3132 2544 praeditos
3153 2480 3344 2527 evocat
3358 2470 3667 2541 inscriptio,

2092 2569 2149 2623 in
2175 2569 2351 2637 ﬁnem.
2380 2566 2542 2622 Omni
2594 2574 2777 2621 autem
2825 2564 3096 2635 proelianti
3132 2563 3256 2619 ﬁnis
3288 2563 3516 2617 victoria
3561 2571 3666 2619 est.

2104 2659 2285 2714 Multae
2304 2673 2471 2729 porro
2496 2665 2624 2713 sunt
2645 2657 2958 2729 singulatim
2989 2664 3226 2728 acceptae
3252 2658 3671 2729 victori:e;qua-

2091 2767 2214 2805 rum
2228 2751 2387 2805 tinem
2411 2747 2913 2810 describitPaulus,
2932 2747 3097 2802 modo
3120 2747 3341 2804 dicens:
3378 2745 3442 2800 In
3460 2747 3541 2801 his
3558 2763 3673 2801 om-

2091 2843 2247 2898 nibus
2277 2857 2595 2909 superamus
2616 2848 2834 2910 propter
2853 2855 2971 2893 eum
2991 2840 3080 2911 qui
3101 2836 3287 2893 dilexit
3302 2856 3396 2892 nos
3419 2838 3485 2904 ";
3506 2837 3671 2893 modo

2090 2942 2271 2990 autem
2291 2953 2302 2988 :
2323 2934 2530 2988 Bonum
2555 2942 2821 2987 certamen
2839 2931 3055 2995 certavi,
3077 2945 3292 2984 cursum
3309 2928 3690 2993 consummavi,

2090 3031 2247 3100 ﬁdem
2275 3028 2525 3083 servavi:
2564 3027 2619 3080 in
2672 3025 2872 3096 reliquo
2911 3025 3141 3094 reposita
3193 3032 3269 3077 est
3312 3023 3442 3076 mihi
3471 3038 3668 3077 corona

2078 3120 2333 3191 justitite,
2348 3134 2506 3190 quant
2525 3117 2702 3171 reddet
2724 3115 2855 3170 mihi
2870 3113 3131 3169 Dominus
3149 3114 3214 3168 ⁸ο.
3234 3112 3436 3169 Psalmi
3456 3113 3662 3184 itaque,

394 3220 512 3270 νης
532 3202 853 3272 στέφανος,
882 3203 954 3257 ὂν
989 3204 1290 3259 ἀποδώσει
1321 3222 1424 3273 μοι
1457 3207 1492 3258 ὁ
1532 3206 1770 3273 Κύριος.
1803 3207 1866 3258 Οἱ
1893 3202 1984 3261 οὖν

2092 3215 2148 3266 in
2179 3213 2339 3282 ﬁnem
2397 3211 2499 3281 ipsi
2530 3208 2704 3265 David
2762 3209 3036 3278 inscripti,
3070 3208 3231 3261 tinent
3272 3205 3570 3276 praedicant
3604 3220 3669 3260 ac

396 3296 865 3370 ἐπιγεγραμμένοι
891 3298 979 3365 εὶς
1014 3297 1083 3351 τὸ
1121 3297 1297 3364 τέλος
1325 3296 1406 3363 τῷ
1443 3297 1645 3363 Δαυῒδ,
1683 3297 1854 3363 ,τέλος
1893 3301 1984 3353 καὶ

2090 3304 2375 3360 victoriam
2425 3302 2631 3357 Christi
2659 3342 2674 3366 ,
2719 3302 2813 3372 qui
2847 3299 3019 3354 David
3046 3308 3292 3355 vocatur.
3336 3297 3467 3353 Vice
3489 3306 3668 3352 autem

398 3388 552 3460 νίκην
576 3388 977 3459 ἀπαγγέλλουσι
1003 3390 1097 3444 τοῦ
1114 3390 1350 3462 Χριστοῦ
1376 3390 1670 3462 λεγομένου
1686 3391 1864 3444 Δαυῖδ·
1893 3394 1988 3447 καὶ

396 3482 519 3535 ἀντὶ
547 3481 666 3548 τοῦ,
700 3485 787 3550 εὶς
819 3482 1015 3550 τέλος,
1051 3483 1192 3538 κατὰ
1228 3484 1319 3539 τὸν
1362 3483 1615 3549 Ἀκύλαν,
1647 3485 1985 3540 νικοποιοῦ.

398 3570 568 3624 Παντὶ
611 3571 720 3644 γὰρ
767 3572 1103 3644 νενικημένῳ
1150 3574 1562 3645 περιποιήσεται
1614 3574 1791 3645 νίκην.
1851 3575 1987 3630 Ὑπὸ

394 3659 631 3733 Χριστοδ
664 3663 774 3737 γάρ
816 3683 899 3730 τις
941 3664 1273 3738 νικώμενος,
1317 3664 1415 3737 τὴν
1460 3665 1659 3719 κακίαν
1705 3667 1982 3738 νενίκηκε,

395 3755 599 3827 ταύτην
642 3755 983 3825 ἐξαφανίζων
1015 3756 1094 3828 τῷ
1148 3757 1513 3829 ὑποτετάχθαι
1549 3760 1792 3832 Χριστῷ.
1838 3762 1986 3832 Νικᾷ

396 3847 506 3923 γὰρ
536 3848 638 3902 οὐκ
665 3848 920 3915 ἄκοντας,
949 3848 1085 3903 ἀλλὰ
1119 3850 1323 3904 πείθων
1352 3849 1429 3913 ὡς
1456 3849 1614 3919 λόγος
1649 3851 1806 3906 Θεοῦ.
1844 3852 1985 3915 Τοὺς

394 3939 452 3992 δὲ
480 3938 754 4004 τοιούτους
791 3938 993 4011 ὕμνους
1021 3939 1054 4012 ἢ
1085 3939 1354 4012 ψαλμοὺς,
1388 3943 1476 4007 εὶς
1521 3941 1587 3994 τὸ
1620 3941 1811 4008 νῖκος,
1849 3942 1982 3996 Θεο-

392 4031 581 4086 δοτίων
622 4032 932 4104 ἐπέγραψε·
984 4033 1280 4105 Σύμμαχος
1309 4032 1387 4101 δὲ,
1429 4033 1781 4100 ἐπινικίους.
1825 4033 1984 4089 Οὕτω

393 4126 451 4184 δὲ
487 4130 627 4186 νοεῖν
666 4125 908 4196 εὔλογον,
935 4126 1041 4180 κᾶν
1067 4127 1144 4199 μὴ
1169 4126 1246 4198 τῷ
1274 4125 1438 4180 Δαυῖδ
1467 4120 1600 4180 ὦσιν
1633 4127 1981 4199 ἐπιγεγραμ-

397 4223 568 4296 μένοι,
597 4222 712 4277 ἀλλ’
736 4226 824 4289 εὶς
865 4220 933 4277 τὸ
971 4218 1147 4288 τέλος
1191 4221 1353 4292 τυχὸν
1401 4219 1483 4286 τῷ
1524 4219 1728 4289 Ἁσὰερ,
1775 4219 1810 4292 ἦ
1858 4221 1981 4287 τοῖς

392 4316 544 4383 υἱοῖς
569 4313 742 4384 Κορὲ,
773 4312 851 4385 τῷ
877 4314 1003 4378 τοὺς
1035 4314 1227 4382 ἁγίους
1259 4310 1608 4383 ἀναδεδέχθαι
1647 4313 1855 4378 πάντας
1881 4312 1981 4384 τὴν

393 4409 578 4464 εἰκόνα
605 4405 865 4479 Χριστοῦ.
891 4406 965 4459 Τὸ
996 4405 1052 4460 δὲ
1079 4405 1149 4459 ἐν
1179 4404 1447 4475 ψαλμοῖς
1481 4404 1632 4477 παρὰ
1656 4407 1770 4469 τοῖς
1797 4405 1980 4459 Ἑϐδο-

396 4506 640 4575 μήκοντα
672 4501 767 4556 καὶ
808 4500 1058 4566 Ἀκύλας,
1093 4500 1212 4572 (sic)
1247 4499 1579 4572 σαφέστερον
1606 4502 1647 4553 ὀ’
1662 4498 1975 4572 Σύμμαχος,

2088 3397 2257 3462 illius,
2286 3396 2342 3450 in
2365 3394 2856 3466 ﬁnem,secundum
2885 3392 3161 3463 Aquilam,
3188 3389 3665 3454 victoris,dicitur.

2087 3487 2137 3544 Is
2188 3489 2332 3543 enim
2383 3486 2608 3541 cuilibet
2635 3486 2780 3539 victo
2795 3483 3078 3539 victoriam
3111 3482 3332 3537 tribuet.
3354 3479 3486 3534 Nam
3512 3479 3668 3550 quis-

2085 3584 2209 3653 quis
2234 3598 2264 3635 a
2295 3580 2517 3635 Christo
2542 3579 2806 3642 vincitur,
2856 3576 3122 3631 malitiam
3154 3575 3343 3637 vincit,
3381 3574 3666 3644 ipsamque

2085 3675 2152 3728 de
2181 3674 2359 3728 medio
2384 3673 2547 3738 tollit,
2579 3671 2707 3743 quia
2736 3669 3028 3740 subjicitur
3048 3668 3290 3723 Christo.
3316 3664 3504 3735 Neque
3518 3665 3667 3719 enim

2086 3763 2289 3819 invitos
2321 3763 2491 3818 vincit
2521 3764 2633 3827 ille,
2660 3761 2757 3817 sed
2781 3759 3062 3824 suasione,
3097 3765 3288 3830 utpote
3303 3757 3530 3812 verbum
3548 3754 3663 3810 Dei.

2085 3855 2412 3926 llujusmodi
2449 3871 2614 3927 porro
2658 3855 2894 3926 hymnos
2932 3854 3017 3908 vel
3063 3853 3306 3923 psalmos
3339 3849 3663 3913 Theodotio,

2046 3944 2049 3947 ’
2083 3950 2138 4003 in
2161 3948 2462 4011 victoriam,
2490 3944 2773 4015 inscripsit
2802 3962 2817 4011 ;
2857 3943 3243 4014 Symmachus,
3296 3938 3664 4008 triumphales.

2084 4038 2399 4109 Eademque
2462 4038 2676 4093 ratione
2735 4034 3150 4105 intelligendum
3197 4041 3283 4089 est
3313 4034 3665 4088 etiamsinon

2084 4127 2277 4182 Davidi
2306 4127 2560 4196 inscripti
2590 4126 2724 4192 sint,
2763 4124 2858 4180 sed
2888 4122 3027 4177 forte
3048 4123 3105 4175 in
3139 4123 3299 4191 ﬁnem
3331 4122 3533 4191 Asaph,
3567 4131 3663 4175 aut

2082 4222 2212 4292 [iliis
2240 4220 2393 4287 Core,
2425 4221 2554 4290 quia
2603 4204 2777 4274 sancti
2803 4232 2994 4272 omnes
3033 4230 3132 4286 pro
3164 4215 3401 4286 imagine
3456 4214 3661 4271 Christi

2083 4312 2375 4369 habentur.
2433 4310 2571 4365 [llud
2630 4318 2807 4364 autem
2873 4308 2927 4361 in
2956 4307 3178 4375 psalmis
3227 4305 3373 4376 quod
3426 4305 3482 4360 in
3520 4302 3665 4360 LXX

2081 4415 2136 4464 et
2162 4407 2217 4461 in
2239 4404 2434 4477 Aquila
2456 4404 2679 4475 legitur,
2711 4400 2958 4472 apertius
2983 4399 3347 4471 Symmachus
3375 4414 3495 4452 cum
3522 4397 3663 4467 psal-

2084 4497 2229 4552 teriis
2279 4494 2499 4560 edidit;
2548 4494 2816 4563 docetque
2870 4506 2996 4546 cum
3045 4488 3327 4561 psalteriis
3382 4489 3662 4544 canticum

391 4595 489 4650 διὰ
518 4593 875 4664 ψαλτηρίων
897 4591 1128 4657 ἐξέδωκε
1157 4591 1397 4646 διδασκο.
1419 4633 1433 4649 .
1449 4632 1463 4647 .
1482 4631 1497 4645 .
1515 4629 1528 4646 .
1550 4630 1564 4645 .
1582 4631 1596 4644 .
1613 4631 1627 4646 .
1645 4630 1662 4647 .
1694 4592 1795 4664 τὴν
1828 4591 1973 4665 ᾠδὴν

2086 4588 2420 4663 persolutum
2470 4586 2661 4643 fuisse.
2728 4583 2995 4641 Psalteria
3052 4583 3253 4654 quippe
3296 4582 3662 4637 instrumenta

392 4684 660 4758 εἰρῆσθαι.
691 4725 706 4738 .
733 4723 747 4736 .
775 4723 788 4736 .
817 4723 831 4739 .
859 4721 872 4737 .
899 4721 915 4735 .
944 4719 958 4735 .
986 4720 1002 4735 .
1044 4681 1114 4734 τὰ
1143 4680 1417 4753 ψαλτήρια
1452 4679 1646 4734 πλείω.
1677 4719 1690 4732 .
1717 4718 1732 4733 .
1759 4720 1774 4734 .
1802 4719 1816 4733 .
1838 4716 1852 4732 .
1874 4722 1889 4737 .
1913 4719 1929 4736 .
1956 4720 1970 4734 .

391 4777 598 4850 ὄργανα
620 4776 685 4830 δι’
720 4770 795 4831 ὧν
824 4775 1008 4849 ᾄδεται
1031 4773 1092 4827 τὸ
1124 4776 1211 4839 εὶς
1233 4773 1299 4827 τὸ
1325 4772 1524 4839 τέλος,
1548 4772 1581 4843 ἢ
1606 4774 1639 4825 ό
1659 4771 1972 4838 ἐπινίκιος,

390 4870 424 4942 ἢ
455 4869 535 4935 τῷ
563 4867 865 4935 νικοποιῷ,
893 4867 923 4920 ὂ
953 4865 1147 4939 δηλοῦν
1172 4864 1315 4919 ἔοικε
1346 4867 1441 4919 καὶ
1478 4864 1539 4919 τὸ
1569 4867 1656 4932 εις
1700 4865 1871 4932 νῖκος
1903 4866 1975 4920 ἐν

389 4964 601 5034 ὕμνοις
627 4961 778 5034 παρὰ
803 4961 880 5033 τῷ
912 4959 1246 5014 Θεοδοτίωνι.
1286 4957 1436 5028 Αὕτη
1468 4957 1651 5012 τοίνυν
1695 4959 1730 5029 ἠ
1772 4955 1906 5029 ᾠδὴ,
1936 4956 1971 5028 ἢ

389 5056 452 5113 τὺ
481 5053 794 5128 μελῴδημα,
816 5053 850 5125 ἢ
878 5052 1093 5124 ψαλμὺς
1111 5051 1209 5124 τήν
1231 5050 1528 5124 εἰρημένην
1555 5049 1693 5120 ἔχων
1715 5048 1972 5103 ὑπόθεσιν

390 5146 782 5216 ἐπαγγέλλεται
813 5144 1015 5216 ταύτην
1042 5142 1363 5215 κοινὼτερον
1396 5143 1494 5213 μὲν
1525 5144 1584 5195 ὲν
1608 5139 1688 5213 τῷ
1712 5142 1971 5214 προφήτῃ

391 5239 572 5306 Acuti},
606 5236 1008 5312 μυστικώτερον
1044 5237 1101 5292 δὲ
1134 5236 1214 5309 τῷ
1253 5234 1506 5309 Χριστῷ,
1558 5235 1620 5289 τὸ
1671 5235 1970 5307 πρόσωπον

2083 4691 2230 4746 sunt,
2271 4680 2475 4752 quibus
2501 4676 2634 4732 illud
2674 4676 2728 4730 in
2751 4676 2912 4746 ﬁnem
2945 4674 3185 4738 canitur,
3215 4673 3332 4727 sive
3357 4688 3455 4736 pro
3502 4682 3660 4742 parta

2078 4774 2321 4836 victoria,
2351 4771 2469 4828 sive
2506 4769 2729 4825 victori:
2761 4767 2910 4839 quod
2943 4767 3121 4838 ipsum
3161 4763 3475 4836 signiﬁcare
3502 4764 3663 4820 vide-

2081 4874 2174 4921 tur
2215 4865 2345 4919 illud
2371 4864 2428 4917 in
2473 4861 2752 4917 victoriam
2780 4859 2837 4914 in
2880 4856 3088 4928 hymnis
3138 4855 3284 4925 apud
3317 4853 3657 4910 Theodotio-

2081 4972 2229 5013 nem.
2260 4936 2376 5010 Hoc
2404 4955 2572 5027 igitur
2603 4952 2906 5017 canticum,
2938 4949 3023 5003 vel
3055 4946 3315 5012 melodis,
3346 4948 3463 5002 sive
3504 4947 3658 5019 psal-

2079 5062 2226 5112 mus,
2272 5052 2635 5101 memoratum
2689 5042 2900 5098 habens
2927 5044 3336 5110 argumentum,
3367 5037 3658 5093 victoriam

2080 5138 2389 5210 pollicetur,
2414 5152 2478 5191 ex
2498 5133 2801 5206 vulgatiore
2824 5130 3096 5188 sententia
3118 5127 3332 5193 Davidi,
3352 5125 3656 5183 secundum

2080 5245 2338 5287 arcanam
2371 5243 2500 5284 vero
2535 5225 3020 5299 signiﬁcationem,
3068 5220 3293 5279 Christo
3339 5212 3657 5277 sanctorum

463 5398 511 5433 ³⁸
549 5396 727 5455 lCor.
763 5411 865 5462 xv,
895 5393 987 5451 22.
1062 5394 1107 5427 ”
1147 5392 1308 5449 Rom.
1343 5408 1473 5457 vm,
1506 5390 1595 5446 '57.
1671 5389 1717 5422 ⁸ο
1754 5388 1798 5444 ll
1829 5387 1971 5444 Tim.
2008 5403 2096 5453 tv,
2129 5387 2186 5446 7,
2219 5381 2273 5439 8.

462 5556 540 5629 (ι)
580 5555 846 5612 Hebraica
892 5552 1053 5609 lectio
1098 5561 1217 5622 est;
1245 5560 1439 5611 11mm
1470 5556 1680 5609 mam
1711 5527 1904 5608 ιωοὸ
1947 5564 1960 5599 ε

389 5632 512 5710 τι·ιὸ
545 5663 666 5718 quae
703 5647 784 5702 sic
822 5645 898 5718 ab!
914 5645 1109 5718 Aquila
1140 5643 1550 5718 exprimuntur,
1583 5638 1662 5710 τῷ
1703 5637 1971 5718 νικοποιῷ

396 5708 451 5772 ὲν
466 5708 702 5788 ψαλμοῖς
768 5708 1063 5788 μελῴδημα
1112 5713 1190 5785 τῷ
1210 5708 1426 5788 ’ᾼαυτᾷ
1439 5715 1487 5788 Α
1517 5708 1846 5788 Symmacho
1876 5721 1967 5788 au-

393 5768 997 5852 ié..‘.,”i&éi$tx£6§“sla?
1036 5768 1357 5856 ψαλτηρίων
1386 5783 1499 5858 ᾠδὴ
1547 5768 1642 5858 τῷ.
1680 5777 1860 5858 causa.
1920 5780 1965 5858 ξ.

394 5850 782 5923 Theodotioue,
819 5850 920 5921 ei;
963 5858 1026 5913 τὸ
1053 5850 1233 5920 ’νῖκοξ
1288 5858 1345 5910 ὲν
1387 5850 1575 5923 ὕμνοις
1614 5850 1828 5922 ψαλμὸς
1890 5850 1966 5915 τῷ

2072 5562 2256 5617 Δαυῖδ.
2290 5559 2686 5617 Theodotionis
2724 5557 2997 5613 diversam
3047 5554 3206 5611 aﬂert
3268 5551 3651 5609 Theodoretus

2073 5633 2382 5695 lectionem,
2406 5632 2686 5696 nimirum,
2705 5627 2783 5700 τῷ
2799 5625 3061 5699 νικοποιῷ
3077 5629 3134 5680 ἐν
3164 5625 3381 5698 ὕμνοις,
3397 5631 3530 5693 etc.,
3554 5622 3649 5681 sed

2072 5705 2223 5774 prior
2242 5716 2521 5774 germana.

2146 5774 2220 5844 (Ξ)
2249 5769 2353 5829 ἐἰς
2381 5773 2560 5829 lacera
2601 5778 2728 5828 sunt
2764 5771 2879 5826 haec
2920 5769 2975 5826 in
3016 5784 3150 5827 mss.
