4096 6396
476 321 574 375 105

1186 320 1455 376 ElISEBll
1492 321 1970 379 CASSARlENSIS
1990 320 2025 377 Ο

2126 362 2139 376 .
2177 320 2358 378 PARS
2394 321 2484 379 111.
2522 354 2592 366 -
2629 323 3043 383 EXEGETICA.

3631 331 3735 388 1οι

467 455 754 496 σιοισεοηιιιιι
806 441 1133 507 assumenti,
1167 442 1523 514 ipsorumque
1572 460 1847 500 aerumnas
1876 446 2025 516 quasi

2137 442 2245 496 τῶν
2279 445 2449 513 ἁγίων
2501 445 2976 516 ἀναλαμϐάνοντι.
3016 447 3117 511 τὰς
3162 446 3221 502 δὲ
3289 447 3499 518 θλίψεις
3549 448 3730 504 αὐτῶν

470 533 743 603 proprias,
768 548 982 588 necnon
1008 541 1326 589 sanctorum
1358 535 1709 592 dilatationes
1732 538 1834 592 sibi
1866 539 2039 593 ascri-

465 623 610 677 benti
635 641 650 690 ;
674 635 993 681 sanctorum
1015 625 1218 696 quippe
1246 641 1350 680 vox
1372 627 1462 681 illa
1504 635 1608 693 est,
1646 629 2035 683 tribulationem

461 717 743 785 patientes,
770 716 863 771 sed
895 734 999 771 non
1025 720 1319 790 angustiati
1347 720 1390 753 δ’
1418 738 1436 787 ;
1469 722 1810 777 convertenti
1855 728 2036 777 autem

463 821 560 861 eos
592 808 687 877 qui
718 810 869 878 gravi
923 811 1088 864 corde
1118 818 1268 874 sunt,
1307 816 1613 882 quaerentes
1643 813 1943 868 vanitatem
1985 821 2039 868 et

464 897 752 968 loquentes
776 901 1140 957 mendacium.
1174 902 1405 958 Melodia
1439 920 1604 975 porro
1633 913 1831 976 przeter
1860 906 2039 961 canti-

465 1005 591 1045 cum
623 993 837 1048 videtur
880 993 1108 1049 innuere
1162 995 1407 1065 mysticae
1444 996 1834 1054 modulationis
1865 999 2040 1053 artill-

464 1083 612 1137 cium
645 1102 659 1139 :
691 1094 804 1137 tum
831 1085 876 1139 si
902 1086 969 1140 ad
1002 1095 1204 1140 rectam
1226 1088 1563 1159 intelligendi
1585 1105 1834 1144 normam
1866 1090 2034 1145 dedu-

464 1183 643 1240 catur,
674 1182 755 1228 est
782 1174 906 1228 vitae
933 1176 1245 1230 institutum
1273 1177 1342 1230 ad
1371 1176 1466 1232 Dei
1496 1178 1755 1249 gloriam,
1777 1195 1901 1234 cum
1940 1181 2039 1236 do-

466 1266 645 1319 ctrina
672 1282 804 1321 sana
841 1267 1133 1338 verbisque
1185 1268 1253 1323 ad
1297 1269 1529 1323 aliorum
1573 1271 1870 1324 utilitatum
1899 1286 2037 1326 con-

464 1354 725 1411 cinnatis.

533 1445 698 1501 Vens.
714 1446 769 1501 2.
788 1446 918 1502 Cum
932 1448 1248 1510 invocarem,
1266 1449 1531 1506 exaudivit
1555 1467 1635 1506 me
1652 1451 1788 1507 Deus
1805 1452 2037 1521 justitiw

459 1553 611 1601 meae,
632 1539 687 1592 in
716 1540 1054 1595 tribulatione
1070 1541 1420 1596 dilatastime.
1451 1541 1766 1599 Praecedens
1792 1546 2034 1614 psalmus

464 1631 648 1688 dictus
687 1640 773 1687 est
801 1649 924 1688 cum
950 1635 1156 1706 fugeret
1187 1634 1354 1689 David
1384 1651 1414 1689 a
1448 1636 1587 1691 facie
1610 1636 1905 1692 Absalouis
1939 1638 2032 1693 lilii

459 1723 544 1775 sui
578 1739 595 1789 ;
648 1739 887 1792 praesens
928 1740 1060 1780 vero
1093 1725 1308 1780 videtur
1354 1733 1478 1795 post
1505 1726 1656 1780 illum
1688 1730 2031 1794 enuntiatus,

2143 531 2536 607 ίδιοποιημένῳ
2589 538 2683 591 καὶ
2737 540 2862 601 τοὺς
2908 539 3256 610 πλατυσμοὺς
3304 541 3506 609 ἁγίων
3559 539 3731 608 ἁγίων

2138 626 2269 698 γάρ,
2302 629 2456 698 φωνὴ
2488 628 2570 693 τὸ,
2606 628 2710 682 Ἐν
2737 627 2917 680 παντί
2945 631 3302 698 θλιϐόμενοι,
3334 631 3475 684 ἀλλ’
3497 631 3571 684 οὐ
3607 643 3730 682 σκε-

2137 724 2593 792 νοχωρούμενοι*
2617 722 2998 792 ἐπιστρέφοντι
3028 724 3085 777 δὲ
3115 724 3357 786 καὶτοὺς
3388 724 3504 776 ὅσοι
3520 721 3728 793 τυγχά-

2138 828 2292 865 νουσι
2315 812 2686 885 βαρυκάρδιοι,
2707 813 2835 877 τούς
2866 830 2923 867 τε
2946 814 3279 883 ἀγαπῶντας
3301 814 3372 867 τά
3402 814 3606 885 μάταια
3631 814 3728 868 καὶ

2139 903 2436 975 ζητοῦντας
2459 903 2520 957 τὸ
2549 902 2770 972 ψεῦδος,
2791 904 2864 957 Τὸ
2881 905 2939 957 δὲ
2963 904 3258 977 μελῲὂημα
3286 905 3438 976 παρά
3454 905 3555 975 τὴν
3584 903 3727 975 ᾠδὴν

2138 994 2281 1050 ἔοικε
2311 996 2505 1068 δηλοῦν
2534 996 2629 1050 καὶ
2665 996 2726 1049 τὸ
2765 995 2858 1048 τοῦ
2897 996 3160 1067 μυστικοῦ
3205 996 3415 1067 ῥυθμοῦ
3448 994 3722 1067 τεχνικὸν·

2140 1088 2284 1141 κατά
2311 1088 2368 1142 δὲ
2391 1087 2684 1159 ἀναγωγὴν
2729 1086 2914 1158 ὀρθὴν,
2950 1088 3197 1142 πολιτεία
3227 1089 3365 1160 πρὸς
3399 1087 3558 1152 δόξαν
3588 1087 3725 1145 θεοῦ

2143 1180 2282 1249 μετά
2310 1179 2598 1251 δογμάτων
2631 1178 2802 1247 ὑγιῶν
2836 1180 2934 1234 καὶ
2959 1180 3135 1250 λόγων
3162 1179 3257 1233 καὶ⁵
3286 1178 3494 1250 ἑτέροις
3520 1168 3725 1249 diocli-

2153 1290 2290 1343 μων.

2222 1446 2325 1499 Ἐν
2351 1445 2433 1512 τῷ
2468 1446 2882 1503 ἐπικαλεῖσθαί
2902 1465 3000 1518 με,
3030 1447 3355 1516 εισήκουσέ
3376 1465 3494 1517 μου
3526 1450 3560 1502 ό
3580 1449 3726 1518 Θεὸς

2138 1535 2248 1603 τῆς
2286 1536 2681 1607 δικαιοσύνης
2711 1559 2849 1611 μου,
2882 1542 2954 1594 ἐν
2989 1543 3190 1609 θλίψει
3245 1538 3588 1607 ἐπλάτυνιὶς
3621 1558 3721 1610 με.

2150 1622 2207 1674 '0
2234 1623 2333 1694 μὲν
2362 1626 2470 1695 πρὸ
2494 1627 2683 1680 τούτου
2717 1628 2931 1700 ψαλμὸς
2963 1630 3180 1697 ἐλέγετο
3224 1632 3282 1682 ὲν
3321 1628 3397 1699 τῷ
3428 1631 3723 1704 ἀποδιδρά-

2140 1730 2290 1767 σκειν
2312 1716 2477 1770 Δαυτδ
2527 1719 2637 1771 ἀπὸ
2687 1720 2981 1791 προσώπου
3042 1721 3395 1792 ’Ᾱδεσσαλὼμ
3452 1722 3545 1775 τοῦ
3603 1723 3721 1778 υἱοῦ

458 1820 584 1880 post
614 1823 822 1883 partam
884 1816 1094 1871 scilicet
1140 1816 1207 1871 de
1238 1816 1515 1874 Absalone
1541 1818 1835 1877 victoriam
1870 1839 1883 1874 :
1919 1837 2025 1891 quo

2132 1807 2295 1861 αὑτοῦ
2319 1827 2333 1840 ·
2363 1810 2393 1861 ὁ
2419 1808 2475 1861 δὲ
2503 1810 2694 1882 παρὼν
2720 1813 2895 1866 ἔοικεν
2929 1814 3053 1884 ἑξῆς
3085 1815 3280 1885 ἐκείνῳ
3308 1814 3560 1886 εἰρῆσθαι
3586 1815 3723 1887 μετά

455 1914 629 1971 gesto,
689 1907 1071 1982 triumphalem
1110 1907 1371 1978 hymnum
1425 1910 1713 1965 victoriam
1771 1913 2030 1982 praebenti

453 1992 564 2048 Deo
593 2006 899 2061 consecrat,
928 1980 1251 2066 praesentem
1289 1996 1543 2053 videlicet
1573 1980 1847 2069 psalmum
1880 2020 1896 2068 ;
1922 2020 2032 2073 quo

453 2085 716 2139 suadetur
746 2087 907 2142 nobis
945 2099 1003 2141 ut
1037 2103 1105 2141 ne
1135 2087 1309 2143 simus
1336 2090 1430 2145 Dei
1449 2106 1577 2161 erga
1611 2108 1715 2148 nos
1739 2092 2029 2149 beneﬁcio-

453 2193 572 2231 rum
632 2178 1006 2234 immemores.
1041 2178 1234 2235 Metito
1287 2182 1454 2253 igitur
1479 2185 1533 2238 in
1562 2185 1735 2253 priori
1768 2184 1982 2241 dicebat
2013 2205 2027 2241 :

453 2266 702 2335 Domine,
734 2271 860 2340 quid
890 2270 1233 2339 multiplicati
1266 2284 1389 2329 sunt
1419 2280 1509 2346 qui
1541 2278 1803 2333 tribulant
1833 2296 1912 2334 me
1943 2280 1987 2311 δ’
2012 2297 2027 2347 ;

457 2360 511 2413 in
538 2360 643 2415 hoc
664 2373 866 2427 autem,
894 2364 948 2416 in
979 2364 1323 2422 tribulatione
1355 2368 1603 2423 dilatasti
1634 2387 1732 2425 me.
1752 2371 1875 2426 Haec
1900 2388 2031 2429 sane

456 2449 700 2521 loquitur
728 2452 794 2507 de
819 2455 1130 2511 calamitate
1163 2473 1259 2526 per
1277 2459 1605 2514 Absalonem
1638 2461 1952 2533 importata,
1973 2466 2028 2519 in

454 2556 589 2612 qua,
615 2557 736 2596 cum
764 2543 933 2600 Deum
959 2549 1289 2617 invocasset,
1320 2554 1614 2623 propitium
1632 2565 1895 2626 expertus
1921 2566 2023 2623 est,

451 2643 527 2700 et,
564 2651 686 2691 eum
711 2650 934 2710 propter
966 2644 1223 2712 populum
1248 2652 1300 2699 et
1332 2655 1558 2717 propter
1592 2662 1778 2705 arcam
1809 2649 2025 2707 Domini

453 2728 506 2783 in
535 2733 796 2789 aerumnis
826 2734 1046 2806 degeret
1071 2776 1085 2802 ,
1120 2738 1356 2807 quietem
1387 2754 1451 2794 ac
1478 2740 1872 2811 dilatationem,
1904 2762 2025 2801 ces-

453 2829 611 2878 sante
644 2824 807 2890 bello,
841 2841 906 2881 ac
930 2827 1367 2898 profundissima
1400 2847 1535 2902 pace
1562 2850 1622 2890 se
1655 2848 1819 2906 atque
1848 2853 2024 2908 popu-

452 2914 563 2969 lum
605 2932 822 2973 omnem
850 2922 1192 2992 excipiente,
1243 2936 1442 2981 nactus
1487 2935 1591 2981 est.
1625 2925 1724 2981 Vel
1775 2929 2026 2986 fortassis

452 3007 569 3062 haec
596 3008 728 3063 dicit
759 3013 1054 3068 occasione
1082 3015 1271 3087 lapsus
1305 3033 1428 3072 cum
1461 3035 1630 3075 uxore
1654 3019 1820 3084 Uriaa,
1851 3022 2027 3078 rebel-

450 3097 614 3154 lionis
649 3100 765 3165 lilii,
789 3111 842 3157 et
873 3106 1207 3175 reliquarum
1228 3109 1470 3162 omnium
1499 3112 1875 3167 calamitatum
1903 3128 2025 3183 quae

453 3190 630 3260 ipsum
663 3192 810 3248 domi
841 3211 1129 3266 excepere.
1154 3196 1291 3252 Cum
1317 3201 1459 3255 enim
1506 3212 1732 3274 propter
1755 3205 1868 3260 haec
1902 3221 2022 3260 om-

452 3284 543 3337 nia
573 3300 694 3340 sese
746 3285 1026 3342 afﬂictioni
1079 3289 1381 3347 dedidisset
1412 3333 1427 3357 ,
1459 3295 1524 3349 ad
1556 3296 1937 3365 paenitentiam
1968 3308 2023 3355 et

451 3375 853 3432 confessionem
887 3395 1008 3435 sesc
1040 3383 1315 3448 vertisset,
1345 3395 1398 3440 et
1419 3389 1578 3456 quasi
1613 3390 1859 3444 certatim
1893 3408 2024 3462 sup-

448 3468 676 3536 plicium
727 3470 781 3524 in
817 3487 877 3526 se
906 3472 974 3527 de
1000 3482 1227 3544 peccato
1252 3480 1600 3547 sumpsisset.
1628 3481 1859 3551 iustitiae
1889 3501 2022 3555 ope-

448 3560 602 3615 ribus
644 3561 1025 3635 fructibusquc
1076 3578 1223 3622 recte
1270 3568 1535 3625 factorun
1587 3574 1812 3642 eptimis
1854 3574 2022 3630 Deum

449 3653 795 3723 propitiatus,
834 3656 1036 3711 bonam
1100 3670 1390 3716 assecutus
1439 3666 1882 3734 promissionem,
1916 3684 2021 3738 qua

448 3755 729 3814 permotus
759 3751 813 3802 in
847 3751 1175 3819 praecedenti
1213 3756 1421 3823 psalmo
1482 3758 1802 3829 prophetice
1838 3761 2017 3817 dixit:

452 3836 530 3891 Tu
559 3850 755 3906 autem,
795 3841 1033 3909 Domine,
1063 3859 1335 3917 susceptor
1371 3868 1514 3906 meus
1551 3870 1628 3915 es,
1681 3854 1854 3924 gloria
1903 3873 2019 3911 mea

446 3940 495 3984 et
524 3936 767 3989 exaltans
815 3949 973 4004 caput
1011 3956 1183 3994 meum
1211 3942 1277 4010 “,
1311 3958 1374 3998 ac
1403 3954 1600 3999 caetera
1624 3985 1641 4011 ,
1676 3962 1799 4017 quze
1848 3949 2018 4019 priori

446 4038 698 4081 sermone
733 4028 895 4082 allata
927 4040 1054 4086 sunt
1088 4051 1102 4100 ;
1145 4044 1543 4105 consequenter
1577 4038 1631 4092 in
1665 4039 1814 4096 hisce
1837 4042 2019 4095 decla-

444 4124 529 4169 rat
563 4136 576 4171 :
615 4117 746 4172 Cum
800 4122 1131 4188 invocarem,
1186 4129 1456 4183 exaudivit
1491 4148 1570 4184 me
1601 4130 1744 4185 Deus
1786 4133 2019 4202 justitite

442 4223 591 4272 meat,
624 4211 677 4263 in
729 4212 1071 4272 tribulatione
1093 4220 1337 4275 dilatasti
1372 4238 1472 4276 me.
1508 4223 1764 4280 Miserere
1817 4230 1939 4292 mei,
1968 4239 2018 4283 et

440 4299 635 4352 exaudi
663 4305 954 4358 orationem
985 4324 1173 4365 meam.
1196 4310 1261 4364 Et
1294 4314 1552 4382 primum,
1585 4317 1873 4375 exauditus
1892 4336 2017 4375 cum

2133 1899 2234 1968 τὴν
2263 1898 2403 1952 κατά
2428 1900 2522 1953 τοῦ
2550 1902 2904 1972 Ἀϐεσσαλὼμ
2924 1904 3111 1974 νίκην·
3153 1907 3272 1976 μεθ’
3302 1906 3362 1959 ὃν
3402 1904 3570 1975 ῦμνον
3600 1908 3723 1960 tm-

2133 1990 2304 2043 νίκιον
2331 1990 2409 2061 τῷ
2439 1993 2700 2065 νικοποιῷ
2728 1994 2849 2065 Θεῷ
2877 1995 3162 2067 ἀνατίθησι
3194 1997 3286 2050 τὸν
3320 1997 3565 2068 παρόντα
3585 1997 3722 2066 ψαλ-

2137 2073 2257 2151 μδν,
2282 2081 2348 2133 δι’
2374 2076 2437 2135 οὗ
2464 2084 2559 2137 καὶ
2578 2087 2742 2156 ἡμεῖς
2767 2085 3131 2157 παιδευόμεθα
3154 2088 3229 2160 μὴ
3254 2090 3589 2160 ἀμνημονεῖν
3612 2090 3720 2144 τῶν

2132 2169 2227 2223 τοῦ
2260 2170 2394 2225 Θεοῦ
2428 2174 2504 2235 είς
2547 2175 2697 2244 ἡμᾶς
2727 2175 3077 2247 εὐεργεσιῶν.
3117 2179 3355 2242 Είκὸτως
3391 2176 3485 2234 οὖν
3524 2181 3582 2234 iv
3619 2180 3721 2252 μὲν

2130 2261 2212 2333 τῷ
2241 2262 2349 2333 πρὸ
2375 2264 2565 2318 τούτου
2594 2264 2782 2334 ἔλεγεν
2800 2284 2812 2296 ι
2847 2270 3043 2336 Κύριε,
3068 2269 3128 2322 τι
3153 2270 3631 2340 ἐπληθύνθησαν
3665 2275 3720 2328 ol

2132 2351 2442 2418 θλίϐοντές
2464 2369 2541 2422 με
2561 2369 2580 2416 ;
2603 2356 2659 2407 ὲν
2681 2355 2737 2408 δὲ
2759 2359 2961 2426 τούτιεγ
3001 2358 3104 2412 Ἑν
3134 2361 3339 2428 θλίψει
3373 2360 3712 2430 ἐπλάτυνάς

2125 2460 2222 2511 με.
2254 2443 2416 2511 Λέγει
2447 2444 2505 2498 δὲ
2542 2446 2714 2500 ταῦτα
2748 2449 2873 2519 περὶ
2920 2450 3015 2520 τῆς
3052 2451 3192 2504 κατά
3223 2453 3314 2505 τὸν
3365 2453 3721 2527 ’Λδεσσαλὼμ

2133 2538 2448 2607 συμφορᾶς·
2480 2537 2601 2590 καθ’
2635 2538 2702 2610 ἢν
2731 2540 2823 2593 τὸν
2854 2541 2986 2595 Θεὸν
3008 2542 3501 2615 ἐπικαλεσάμενος.
3530 2547 3719 2618 ἔτυχεν

2130 2628 2295 2681 αὑτοῦ
2321 2630 2558 2700 ἐπηκόου
2577 2648 2592 2663 ⁸
2625 2648 2720 2686 και
2751 2632 3041 2703 γενόμενος
3066 2636 3123 2688 ἐν
3151 2634 3329 2705 θλίψει
3347 2636 3435 2690 διὰ
3458 2638 3550 2692 τὸν
3567 2637 3719 2705 λαὸν,

2129 2716 2226 2768 καὶ
2256 2716 2352 2787 τὴν
2390 2718 2619 2772 κιϐωτὸν
2648 2720 2743 2774 τοῦ
2771 2721 2928 2787 Θεοῦ,
2963 2725 3199 2790 ἀνέσεως
3232 2727 3325 2780 καὶ
3355 2731 3718 2799 πλατυσμοῦ

2126 2806 2371 2880 ἠξιώθην
2409 2813 2764 2883 παυσαμένου
2807 2815 2907 2884 μὲν
2939 2815 3031 2869 τοῦ
3089 2818 3360 2889 πολέμ⁰υ’
3402 2822 3626 2893 εἰρήνης
3660 2823 3718 2878 at

2130 2902 2438 2975 βαθυτάτης
2491 2908 2855 2983 διαλαδούσης
2901 2915 3064 2967 αὐτόν
3114 2931 3175 2968 τε
3255 2918 3348 2970 καὶ
3396 2922 3571 2972 πάντα
3623 2918 3716 2973 τδν

2127 2994 2275 3048 λαόν.
2309 2999 2377 3049 Ἦ
2408 2998 2584 3065 ἄλλως
2613 3002 2761 3071 λέγει
2785 3004 2961 3059 ταῦτα
2995 3007 3088 3059 ἐπὶ
3121 3007 3216 3061 τοῦ
3247 3009 3588 3079 πταίσματος
3614 3011 3714 3081 τῆς

2127 3087 2225 3140 τοῦ
2255 3089 2475 3159 Οὐρίου,
2504 3094 2599 3146 καὶ
2628 3096 2660 3165 η
2688 3095 2784 3149 τοῦ
2808 3097 2926 3150 υἱοῦ
2959 3099 3344 3164 ἐπανάστασις,
3381 3103 3475 3155 καὶ
3509 3103 3578 3157 τά
3608 3104 3717 3156 λοι-

2124 3176 2203 3231 πά
2229 3179 2407 3233 πάντα
2431 3183 2497 3237 τά
2518 3186 2660 3239 κατά
2681 3187 2773 3239 τὸν
2792 3184 2937 3243 οἷκον
2954 3188 3102 3242 κεικά
3124 3190 3159 3244 ἀ
3181 3191 3523 3264 ωμὸέὸηκεν
3544 3195 3711 3266 αὐτῷ.

2137 3268 2263 3322 Ἐπὶ
2285 3272 2493 3337 τούτοις
2533 3276 2644 3347 γάρ
2679 3280 2871 3333 ἑαυτὸν
2908 3281 3186 3345 κακώσας,
3220 3286 3479 3357 μετανοίᾳ
3521 3305 3580 3341 τε
3622 3290 3717 3342 καὶ

2123 3359 2508 3435 ἐξομολογήσει
2544 3369 2736 3424 ἑαυτὸν
2785 3373 3098 3445 παραδοὺς,
3156 3378 3252 3431 καὶ
3301 3377 3381 3449 τῷ
3412 3380 3716 3451 πταίσματι

2120 3452 2434 3521 ἐφαμίλλως
2462 3458 2653 3513 ἑαυτὸν
2693 3466 3171 3536 τιμωρησάμενος,
3208 3468 3393 3537 ἔργοις
3422 3488 3480 3524 τε
3511 3472 3717 3526 δικαιο-

2126 3543 2294 3615 σύνης
2332 3548 2427 3600 καὶ
2459 3553 2691 3622 καρποῖς
2715 3555 2939 3622 ἀγαθοῖς
2969 3559 3149 3628 πάσης
3180 3560 3428 3625 εὐποιίας
3458 3562 3550 3616 τὸν
3580 3564 3713 3617 θεόν

2124 3635 2467 3706 ἱλασάμενος,
2498 3643 2591 3695 καὶ
2621 3646 2799 3716 τυχὼν
2831 3649 3163 3718 ἐπαγγελίας
3187 3652 3420 3721 ἀγαθῆς,
3447 3653 3516 3706 δι’
3541 3654 3608 3723 ἢν
3635 3653 3714 3725 τῷ

2122 3727 2231 3799 πρὸ
2259 3728 2452 3783 τούτου
2484 3732 2683 3806 ψαλμῷ
2714 3739 3067 3809 προφητικῶς
3081 3741 3230 3811 ἔλεγε
3249 3759 3265 3775 ο
3293 3744 3377 3797 Σὺ
3401 3744 3489 3809 δὲ,
3514 3747 3707 3813 Κύριε,

2119 3819 2504 3898 dictatrixth
2547 3843 2663 3894 μου
2689 3828 2762 3896 εί,
2796 3829 2946 3895 δόξα
2971 3851 3092 3901 μου
3120 3835 3219 3888 καὶ
3259 3836 3435 3905 ὑψῶν
3459 3837 3574 3905 τὴν
3613 3856 3711 3892 κε-

2118 3911 2330 3981 φαλήν
2351 3932 2493 3983 μου,
2516 3918 2611 3971 καὶ
2640 3920 2710 3974 τά
2741 3921 2902 3976 λοιπά
2934 3924 3037 3979 ὅσα
3059 3928 3298 3998 παρίστη
3330 3930 3360 3982 ὁ
3394 3931 3498 4002 πρὸ
3519 3931 3708 3986 τούτου

2118 4001 2297 4071 λόγος,
2332 4004 2642 4073 ἀκολούθως
2671 4011 2757 4065 διὰ
2799 4012 2909 4068 τῶν
2944 4019 3324 4088 προκειμένων
3360 4001 3558 4090 φησίν·
3607 4024 3711 4078 Ἐν

2117 4092 2198 4158 τῷ
2235 4095 2652 4153 ἐπικαλεῖσθαί
2682 4119 2759 4171 με
2799 4103 3130 4171 είσήκουσέ
3177 4127 3297 4178 μου
3338 4115 3371 4164 ό
3410 4111 3555 4179 Θεὸς
3596 4112 3709 4180 τῆς

2116 4182 2514 4253 δικαιοσύνης
2554 4207 2707 4257 μου,
2749 4193 2821 4246 ἐν
2860 4196 3062 4263 θλίψει
3103 4199 3445 4269 ἐπλάτυνάς
3474 4221 3570 4273 με.
3615 4208 3699 4260 οι.

2116 4274 2442 4341 κτεὶρησόν
2494 4294 2571 4344 με
2625 4281 2724 4334 καί
2770 4282 3140 4340 εἰσάκουσον
3194 4288 3306 4356 τῆς
3355 4293 3708 4363 προσευχῆς

442 4402 721 4444 uivocaret
741 4392 1046 4462 Dominum,
1066 4416 1173 4454 non
1189 4404 1416 4473 erigitur
1432 4406 1563 4475 (25;,
1584 4424 1759 4479 neque
1775 4411 1826 4466 in
1846 4416 2019 4484 segni-

2126 4383 2251 4421 μου.
2291 4367 2366 4420 Τὸ
2388 4367 2606 4440 πρῶτον
2632 4374 2993 4440 ἐπακουσθεὶς
3021 4378 3079 4431 ὲν
3106 4380 3185 4451 τῷ
3209 4382 3587 4439 ἐπικαλεῖσθαι
3614 4386 3707 4441 τὸν

2126 4455 2323 4484 IIIa“-..
2370 4459 2468 4484 -1.-.
2504 4460 2778 4484 ι--ι---μ.
2824 4483 2831 4484 ,
2855 4465 2924 4484 ’δι
2971 4468 2983 4484 9
3081 4473 3093 4484 α
3119 4474 3130 4484 .
3180 4473 3203 4484 ι.
3319 4477 3341 4484 ..
3414 4477 3516 4484 .--_
3581 4478 3654 4484 _--

464 4479 569 4535 iem
593 4484 739 4536 cadit
773 4504 787 4540 :
820 4486 915 4542 sed
941 4492 1146 4554 statim,
1173 4495 1239 4551 de
1274 4498 1459 4553 futuro
1481 4502 1773 4568 sollicitus,
1817 4479 2014 4579 preca-

465 4587 532 4624 ur
564 4572 783 4639 iterum,
826 4593 1026 4648 rogans
1073 4581 1239 4641 Deum
1294 4599 1556 4659 perpetuo
1584 4596 1689 4650 sibi
1733 4572 1848 4655 fore
1883 4617 2010 4670 pro-
2044 4590 2091 4649 υ

439 4661 655 4732 pitium.
678 4664 1154 4737 Supplicatautem
1178 4678 1425 4732 exaudiri
1444 4698 1503 4737 se
1524 4698 1587 4737 ex
1610 4661 2009 4757 misericordia,

440 4766 552 4805 non
586 4769 650 4807 ex
697 4756 899 4814 debito.
954 4759 1180 4820 Etiamsi
1230 4771 1378 4824 enim
1432 4772 1537 4843 ipsi
1573 4776 1765 4832 aderat
1814 4756 2014 4851 aliquis

437 4843 668 4943 justitiaa
695 4847 907 4907 fruetus
940 4873 955 4921 ;
991 4866 1045 4909 at
1085 4858 1188 4928 ipsi
1238 4878 1347 4917 non
1383 4868 1661 4926 conlidere
1689 4887 1747 4928 se
1773 4843 2008 4943 dicebat,

440 4936 537 4991 sed
567 4934 657 4993 Dei
693 4941 1082 5003 misericordia:
1103 4959 1157 5005 et
1194 4955 1659 5018 miserationibus.

512 5028 673 5125 i’ens.
711 5034 764 5090 3.
798 5034 931 5091 Filii
960 5040 1247 5111 hominum,
1275 5065 1539 5123 usquequo
1562 5059 1715 5125 gravi
1739 5060 1918 5125 corde,
1956 5074 2011 5119 ut

435 5123 560 5191 quid
579 5125 802 5199 diligitis
834 5133 1117 5189 vanitatem
1151 5150 1201 5192 et
1235 5147 1476 5212 quaeritis
1505 5123 1837 5207 mendacium
1857 5158 1883 5211 ?
1905 5123 2013 5216 Eos

438 5219 530 5285 qui
571 5234 860 5292 aggravata
895 5239 1076 5285 mente
1107 5243 1256 5301 sunt,
1299 5241 1552 5311 tardique
1583 5245 1651 5298 ad
1680 5249 1902 5304 verbum
1930 5254 2013 5309 di-

438 5311 623 5365 vinum
659 5317 1008 5385 audiendum,
1052 5339 1247 5395 graves
1280 5331 1448 5387 corde
1478 5337 1713 5403 vocavit,
1756 5341 1872 5397 sive
1914 5360 2010 5402 eos

437 5403 530 5471 qui
559 5409 897 5465 conscientia
936 5413 1198 5485 improbis
1227 5424 1655 5494 cogitationibus
1683 5443 1879 5490 onusta
1923 5453 2011 5494 es-

436 5502 581 5549 sent.
616 5496 768 5563 Quos
799 5505 968 5560 verbo
1004 5508 1287 5570 incessens
1316 5517 1393 5570 ait
1419 5537 1432 5571 :
1461 5517 1757 5591 Usquequo
1789 5525 1841 5580 in
1883 5544 2009 5598 pec-

436 5589 574 5645 catis
621 5599 819 5654 vestris
867 5608 1307 5674 persevcrabitis,
1350 5628 1476 5666 cum
1524 5589 1898 5678 festinandum
1940 5626 2008 5682 ad

510 5747 553 5781 δι
597 5748 639 5804 ll
671 5752 797 5808 Cor.
833 5773 913 5824 tv,
952 5760 1006 5816 8.
1084 5762 1128 5796 "
1169 5763 1313 5819 Psal.
1352 5784 1446 5837 ιιι,
1484 5771 1537 5829 2.
1614 5774 1658 5807 "
1699 5776 1828 5834 ibid.
1867 5782 1919 5837 4.

2116 4455 2344 4527 Κύριον,
2368 4459 2469 4511 οὐκ
2503 4460 2785 4534 ἐπαίρεται
2813 4465 2935 4520 οὐδὲ
2958 4468 3371 4543 ἀποῤῥᾳθυμεῖ³
3402 4477 3518 4530 ἀλλ’
3542 4478 3704 4544 εὐθὺς

2119 4547 2250 4617 περὶ
2271 4548 2365 4600 τοῦ
2397 4549 2680 4619 μέλλοντος
2711 4559 2900 4629 χρόνου
2931 4561 3095 4615 πάλιν
3120 4563 3319 4630 δέεται,
3353 4568 3583 4631 πάντοτε
3610 4570 3705 4624 τὸν

2116 4636 2251 4689 Θεὸν
2301 4639 2538 4709 ἐπήκοον
2589 4644 2734 4715 ἔχειν
2778 4652 3142 4722 παρακαλῶν·
3183 4657 3415 4711 ἱκετεύει
3459 4676 3519 4712 τε
3578 4664 3701 4715 κατ’

2113 4723 2296 4782 οἶκτον
2338 4730 2759 4809 ἐπακουσθῆναι,
2792 4742 2854 4794 οὺ
2905 4743 3028 4797 κατ’
3070 4744 3311 4817 ὀςειλήν.
3356 4750 3418 4803 El
3467 4750 3575 4824 γὰρ
3606 4753 3703 4808 καὶ

2114 4818 2300 4889 παρῆν
2332 4837 2415 4884 τις
2446 4825 2597 4896 αὐτῷ
2641 4832 2853 4901 καρπὸς
2884 4833 3262 4907 δικαιοσύνης,
3300 4839 3414 4892 ἀλλ’
3460 4818 3562 4895 οὐκ
3605 4844 3699 4897 επὶ

2112 4907 2289 5000 τούτῳ
2330 4909 2549 4982 θαρσεῖν
2591 4915 2808 4986 ἔλεγεν·
2855 4921 2971 4975 ἀλλ’
3020 4923 3114 4977 ἐπὶ
3143 4924 3220 4995 τῷ
3267 4926 3405 5000 ἐλέῳ
3459 4931 3701 4995 καὶτοῖς

2117 4998 2423 5068 οἰκτιρμοῖς
2454 5002 2551 5055 τοῦ
2586 5004 2741 5061 Θεοῦ.

2190 5089 2305 5141 Υίοὶ
2342 5090 2685 5162 ἀνθρώπων,
2719 5097 2831 5166 ἕως
2867 5104 3015 5156 πότε
3049 5103 3442 5173 ,ϐαρυκὰρὸιοι
3465 5124 3483 5171 ;
3504 5109 3605 5163 ira
3641 5110 3699 5164 tl

2118 5177 2383 5267 (immite
2419 5188 2814 5257 ματαιότητα,
2855 5194 2953 5246 καί
3010 5194 3229 5263 ζητεῖτε
3261 5198 3523 5267 ψεῦδος;
3558 5200 3697 5266 Τοὺς

2246 5269 2487 5363 διάνοιαν
2520 5283 3001 5351 πεπαχυμμένους,
3036 5288 3127 5340 καὶ⁵
3161 5264 3289 5361 περί⁸
3311 5290 3409 5361 τὴν
3448 5264 3696 5363 ύπακοὴν

2115 5360 2210 5456 τοῦ
2237 5360 2381 5456 θείου
2426 5365 2584 5435 λόγου
2630 5370 2864 5442 βραδεῖς,
2897 5360 3294 5452 βαρυκαρδίους
3321 5360 3624 5454 ὠνόμασεν,

2116 5453 2242 5546 τοὺς
2276 5453 2680 5529 βεδαρημένους
2709 5464 2769 5516 τὸ
2811 5469 3047 5535 συνειδὸς
3076 5472 3182 5526 ὑπὸ
3215 5453 3505 5546 μοχθηρῶν
3545 5453 3695 5546 λογιέ

2119 5543 2302 5613 σμῶνθ
2347 5546 2598 5618 πλήττων
2644 5553 2701 5606 δὲ
2741 5556 2962 5623 τούτους
3000 5561 3079 5633 τῷ
3116 5543 3260 5634 λόγω
3286 5543 3495 5636 γιρη-σίν·
3548 5543 3697 5632 Ἕως

2118 5649 2245 5688 ποτε
2292 5641 2411 5704 ταῖς
2454 5641 2657 5697 ἑαυτῶν
2698 5646 2991 5722 ἁμαρτίαις
3031 5656 3409 5727 παραμένετε,
3443 5660 3694 5714 σπεύδειν
