4096 6392
295 413 398 469 405

1418 406 1928 463 COMMENTARIA
1966 407 2036 459 IN
2066 407 2399 461 PSALMOS.

3422 410 3526 467 “‘6

288 526 408 580 δέον
438 524 537 579 ἐπὶ
566 523 849 595 μετάνοιαν
880 518 977 576 καὶ
1020 520 1118 593 τὴν
1153 521 1315 594 φίλην
1346 522 1424 593 τῷ
1456 522 1576 593 Θεῷ
1618 522 1864 594 ἐξομολό-

1972 523 2348 593 pamitentiam
2380 528 2435 579 et
2474 520 2540 576 ad
2581 519 2833 575 dilectam
2867 517 2978 572 Deo
3018 515 3416 573 confessionem
3454 530 3527 568 es-

291 633 482 688 γησιν;
513 615 652 669 κατά
696 615 753 669 δὲ
805 611 902 685 τὴν
952 612 1214 685 ἱστορίαν,
1256 613 1429 667 ἔοικεν
1460 616 1488 667 6
1517 613 1679 667 Δαυῒδ
1732 614 1870 684 πρὸς

290 701 416 775 τοὺς
458 707 550 760 ἐπὶ
595 709 709 769 τοῖς
746 707 1073 776 πειρασμοῖς
1114 707 1209 758 καὶ¹
1239 707 1359 768 ταῖς
1375 706 1734 776 ’περιστάσεσι
1769 722 1868 759 τα-

295 797 673 869 ραττομένους,
708 798 800 851 καὶ
830 796 1280 870 θορυϐουμένους,
1314 799 1408 852 καὶ
1448 798 1627 852 πάντα
1670 798 1870 869 μᾶλλον

288 890 625 959 πράττοντας
659 890 693 959 ἢ
731 889 825 941 ἐπὶ
871 889 962 942 τὸν
1001 888 1133 942 Θεὸν
1184 888 1660 959 καταφεύγοντας,
1694 891 1868 946 ταῦτα

286 985 484 1053 λέγειν.
522 983 587 1036 Τί
615 983 722 1055 γὰρ
763 984 869 1055 χρὴ
901 984 1184 1054 ταράττειν
1219 984 1312 1036 καὶ
1342 983 1721 1054 ταράττεσθαι,
1766 1002 1870 1056 φη-

289 1077 392 1139 σὶν,
429 1077 485 1127 ὲν
533 1078 650 1137 τοῖς
688 1076 1097 1145 περιστατικοῖς
1139 1077 1389 1147 καιροῖς;
1416 1075 1480 1127 Τί
1520 1074 1577 1128 δὲ
1619 1074 1726 1147 χρὴ
1762 1094 1867 1147 μα-

285 1165 528 1234 ταιότητι
574 1165 801 1227 ἑαυτοὺς
853 1165 1145 1229 ἐκδιδόναι,
1179 1158 1224 1217 ὦ
1258 1165 1610 1237 βαρυκάρδιοι
1640 1166 1863 1236 ᾶνδρες;

284 1253 352 1306 Τί
383 1254 439 1306 δὲ
480 1255 540 1307 τὸ
564 1254 759 1323 ψεῦδος
800 1254 1063 1324 μετιέναι,
1098 1255 1159 1308 τὸ
1205 1254 1405 1326 ἀληθὲς
1437 1256 1863 1324 καταλιπόνταςς

299 1344 458 1398 Ἀλλά
489 1346 599 1416 γὰρ
633 1344 882 1398 ἐντεῦθεν
928 1346 1209 1416 μαθόντες,
1244 1347 1326 1401 ὅτι
1367 1346 1499 1410 Θεὸς
1539 1346 1635 1400 καὶ
1662 1346 1868 1418 Κύριός

286 1439 432 1490 ἔστιν
464 1439 492 1491 6
522 1437 631 1490 τῶν
661 1437 795 1491 ὅλων
819 1436 1013 1509 ἔφορος
1051 1438 1145 1491 καλ⁸
1182 1442 1505 1515 προνοητὴς,
1537 1442 1567 1493 6
1596 1439 1867 1511 μηδέποτε

286 1528 628 1582 καταλείπων
662 1527 841 1581 πάντα
880 1530 1025 1581 ὅσιον
1061 1526 1226 1581 αὑτοῦ
1245 1568 1260 1593 ,
1297 1528 1412 1582 ἀλλ’
1441 1528 1530 1581 ἀεὶ¹
1578 1527 1866 1598 θαυμαστὰ

287 1623 375 1675 ἐπ’
401 1620 548 1691 αὐτῷ
575 1621 810 1683 δεικνὺς,
855 1619 1185 1683 σπουδάζετε
1216 1619 1310 1671 καὶ
1346 1618 1501 1671 αὐτοὶ
1538 1618 1675 1671 ὅσιοι
1711 1616 1867 1685 γενέ-

289 1712 435 1776 σθαι,
471 1707 530 1766 εὖ
578 1711 672 1765 καὶ
714 1711 958 1783 ἀκριϐῶς
1001 1710 1221 1775 εἰδότες,
1247 1710 1329 1763 ὃτι
1359 1709 1452 1762 καὶ
1490 1708 1643 1779 ὑμῶν
1676 1707 1866 1779 ὥσπερ

285 1802 380 1859 οῦν
411 1805 507 1859 καὶ¹
554 1804 688 1875 ἐμοῦ
731 1803 898 1857 αὐτοῦ
954 1802 1160 1874 Κύριος
1217 1801 1633 1863 είσακούσεται,
1685 1802 1743 1853 ὲν
1785 1800 1864 1870 τῷ

1973 615 2095 669 set?
2123 615 2279 679 Quod
2314 614 2360 670 si
2394 611 2623 668 historia
2650 615 2947 681 spectetur,
2983 605 3201 663 videtur
3228 606 3398 661 David
3437 620 3533 660 eos

1970 706 2194 775 alloqui,
2230 705 2328 777 qui
2369 705 2425 759 in
2455 700 2850 759 tentationibus
2874 707 2927 754 et
2962 699 3019 752 in
3048 698 3329 753 eventibus
3364 696 3532 751 variis

1969 796 2281 859 turbantur,
2328 794 2618 865 omniaque
2639 791 2819 863 potius
2850 795 3037 860 agunt,
3076 802 3239 857 quam
3271 787 3336 840 ad
3363 784 3531 839 Deum

1968 886 2311 957 confugiant.
2355 884 2497 952 Quid
2548 900 2709 956 opus,
2744 881 2941 952 inquit,
2978 878 3188 934 turbari
3235 892 3298 930 ac
3326 878 3531 931 tumul-

1967 979 2111 1032 tuari
2147 992 2248 1047 pro
2277 975 2594 1032 conditione
2622 972 2967 1044 temporum?
3000 969 3141 1037 Quid
3170 968 3323 1037 juvat
3352 981 3412 1021 se
3447 980 3535 1019 va-

1968 1069 2128 1125 nitati
2153 1069 2390 1134 tradere,
2421 1084 2455 1123 o
2486 1067 2637 1139 gravi
2683 1066 2851 1121 corde
2885 1064 3170 1118 homines?
3197 1060 3338 1127 Quid
3381 1075 3535 1113 men-

1966 1158 2183 1213 dacium
2229 1172 2496 1228 quaerere,
2529 1155 2724 1210 relicta
2770 1152 3036 1208 veritate?
3063 1149 3205 1216 Quin
3243 1147 3426 1219 potius
3463 1161 3531 1200 ex

1965 1248 2118 1305 hisce
2144 1247 2345 1312 edocti,
2380 1247 2549 1301 Deum
2593 1260 2657 1299 ac
2685 1244 2975 1299 Dominum
3015 1257 3139 1297 esse
3174 1240 3417 1295 omnium
3447 1237 3534 1292 in-

1966 1351 2272 1412 spectarem
2324 1354 2388 1394 ac
2436 1339 2856 1401 moderatorem,
2895 1336 2989 1405 qui
3031 1335 3239 1387 nullum
3290 1346 3530 1401 unquam

1966 1439 2284 1489 sanctorum
2325 1445 2549 1485 suorum
2594 1428 2821 1493 deserit,
2871 1424 2966 1481 sed
3012 1423 3282 1478 mirabilia
3317 1434 3534 1490 semper

1963 1522 2180 1577 illorum
2212 1536 2378 1576 causa
2405 1518 2584 1586 elﬁcit,
2612 1529 2801 1575 curate
2836 1533 2935 1575 vos
2958 1518 3063 1587 ipsi
3090 1524 3150 1571 ut
3177 1516 3351 1570 sancti
3385 1513 3531 1577 sitis,

1965 1611 2207 1681 apprime
2228 1610 2405 1681 gnari,
2438 1608 2727 1664 Dominum
2757 1607 2935 1672 vobis,
2964 1605 3189 1676 perinde
3213 1611 3376 1674 atque
3398 1602 3532 1657 mihi

1965 1702 2258 1772 propitium
2290 1699 2427 1765 fore,
2464 1700 2511 1755 si
2537 1698 2756 1769 quando
2788 1698 2854 1751 ad
2899 1698 3077 1767 ipsum
3111 1694 3441 1751 clamabitis.
3471 1691 3532 1748 Si

1967 1799 2148 1845 autem
2180 1806 2278 1845 vos
2311 1789 2574 1844 Dominus
2620 1788 2946 1851 exaudierit,
2982 1787 3133 1841 nulla
3173 1786 3407 1841 ulterius
3434 1798 3533 1839 vo-

287 1894 616 1966 κεκραγέναι
652 1894 786 1964 πρὸς
813 1893 993 1947 αὐτόν.
1031 1891 1463 1955 Ἐπακούσαντος
1495 1891 1552 1945 δὲ
1585 1891 1738 1962 ὑμῶν
1768 1889 1861 1944 τοῦ

1964 1881 2048 1936 bis
2076 1879 2386 1936 sollicitudo
2415 1880 2600 1947 fuerit,
2626 1894 2751 1935 cum
2779 1879 2901 1948 ejus
2926 1878 3190 1933 auxilium
3212 1879 3365 1933 vobis
3390 1877 3534 1934 scia-

286 1986 497 2057 Κυρίου
525 2025 540 2048 ,
599 1984 755 2038 οὐδὲν
790 1984 871 2037 δεῖ
922 1983 1105 2036 λοιπὸν
1168 1984 1473 2054 μεριμνᾷν,
1535 1981 1756 2052 ἔχοντας
1802 1982 1864 2035 τὸ

287 2077 526 2146 ἀσφαλὲς
553 2076 662 2129 ἀπὸ
698 2077 797 2147 τῆς
833 2077 961 2147 παρ’
997 2074 1162 2128 αὐτοῦ
1206 2075 1475 2147 βοηθείας.
1510 2074 1646 2141 Δόξα
1679 2091 1738 2128 τε
1766 2074 1862 2127 τοῦ

289 2165 434 2219 θείου
464 2164 623 2233 λόγου
673 2159 783 2219 εἶεν
810 2164 875 2218 ἂν
907 2166 957 2218 0i
987 2166 1092 2217 υίοὶ
1118 2164 1228 2217 τῶν
1259 2162 1561 2235 ἀνθρώπων
1591 2163 1731 2217 κατά
1772 2162 1863 2217 τὸν

301 2254 529 2308 Ἀκύλαν
560 2255 653 2307 καὶ
675 2254 965 2324 Σύμμαχον
994 2254 1091 2324 (l)°
1117 2255 1146 2307 6
1179 2254 1278 2325 μὲν
1298 2255 1404 2325 γὰρ
1439 2253 1685 2316 Ἀκύλας
1710 2254 1862 2320 Ἕως

285 2347 450 2409 πότε,
478 2351 531 2401 οἱ
558 2345 797 2410 ἔνδοξοί
814 2362 934 2414 μου
950 2361 969 2409 ;
997 2346 1026 2397 ό
1045 2346 1101 2399 δὲ
1129 2345 1439 2417 Σύμμαχοςο
1467 2344 1618 2411 Ἕως
1641 2345 1861 2414 ardeam}

284 2436 437 2501 δόξα
456 2453 611 2507 μου;
642 2434 730 2489 διὰ
761 2433 860 2505 τὴν
894 2437 952 2489 ὲν
985 2435 1171 2499 αὐτοῖς
1203 2434 1397 2507 νοεράν
1424 2433 1602 2507 ψυχὴν
1649 2434 1741 2489 καὶ
1774 2433 1862 2487 λο-

284 2528 448 2600 γικὴν
485 2527 583 2599 τὴν
628 2529 749 2582 κατ’
779 2528 960 2582 εἰκόνα
1002 2528 1097 2583 τοῦ
1132 2524 1268 2583 Θεοῦ
1311 2526 1704 2599 πεποιημένην.
1753 2525 1862 2590 Οὓς

287 2620 381 2672 ἐπὶ
412 2618 473 2672 τὸ
499 2622 679 2691 χεῖρον
707 2621 933 2684 ἑαυτοὺς
956 2619 1377 2691 διαστρέφοντας
1403 2621 1433 2673 6
1471 2619 1628 2688 λόγος
1652 2619 1864 2672 ἐπονει-

286 2710 896 2779 δὶζει,,βαρυκαρδίους
916 2710 1116 2773 καλῶν,
1133 2709 1227 2763 καὶ¹
1243 2708 1542 2780 ἀνθρώπων
1559 2707 1726 2772 υἱούς
1745 2705 1862 2761 δέον

288 2798 428 2856 εἶναι
452 2801 601 2864 υἱοὺς
633 2800 791 2866 Θεοῦ,
825 2800 968 2855 κατά
986 2800 1048 2852 τό
1067 2816 1079 2830 ⁸
1117 2798 1266 2869 Ἐγὼ
1293 2796 1498 2854 εἷπον·
1537 2800 1669 2853 Θεοί
1697 2798 1859 2862 ἐστε,

289 2888 389 2943 καὶ
424 2888 543 2942 υἱοὶ
582 2890 864 2956 Ὑψίστου
891 2887 1134 2954 πάντες.

359 2977 472 3030 Kal
499 2976 703 3046 γνῶτε,
734 2976 823 3031 ὄτι
859 2976 1284 3048 ἐθαυμάστωσε
1301 2977 1519 3045 Κύριος
1550 2975 1658 3031 τὸν
1690 2976 1864 3031 ὅσιον

288 3066 494 3121 αὐτοῦ.
532 3067 589 3120 '0
618 3068 904 3138 προφήτης
932 3068 1058 3138 περὶ
1088 3065 1324 3140 Χριστοῦ
1352 3066 1589 3121 διδάσκει
1614 3067 1782 3139 ἡμᾶς,
1805 3068 1865 3131 ὃς

287 3158 434 3209 ἐστιν
488 3155 693 3228 ἀληθὴς
733 3157 907 3223 ὅσιος,
951 3156 1094 3210 κατά
1145 3157 1207 3210 τὸ
1261 3156 1551 3230 εἰρημένον
1599 3158 1658 3212 ὲν
1690 3157 1769 3230 τῷ
1803 3163 1862 3211 ιε’

287 3247 518 3321 ψαλμῷ·
550 3249 645 3301 καὶ
683 3248 732 3300 oi
773 3248 1059 3301 ἀπόστολοι
1091 3248 1148 3303 δὲ
1175 3249 1597 3322 ἐμαρτύρησαν,
1631 3248 1706 3313 ὡς
1737 3249 1865 3321 περὶ

284 3341 521 3415 Χριστοῦ
553 3342 1031 3415 προφητευομένου
1055 3342 1304 3412 λέγοντες
1341 3342 1593 3416 εἰρῆσθαι
1618 3343 1710 3407 τὸ,
1743 3343 1866 3397 Οὐκ

284 3434 738 3503 ἐγκαταλείψεις
779 3432 894 3503 τὴν
940 3433 1155 3503 ψυχήν
1193 3451 1314 3503 μου
1349 3436 1437 3500 είς
1489 3433 1644 3503 ᾅδην
1664 3474 1680 3498 ,
1722 3432 1866 3488 οὐδὲ

284 3525 497 3591 δώσεις
520 3526 627 3579 τὸν
648 3525 822 3580 ὅσιόν
854 3542 969 3579 σου
998 3525 1147 3579 ἰδεῖν
1165 3525 1511 3597 διαφθοράν.
1546 3527 1778 3581 Δυνατδν
1808 3526 1866 3581 δὲ

285 3618 380 3671 καὶ
413 3619 541 3689 περὶ
567 3617 768 3680 παντὸς
799 3617 945 3671 ὁσίου
976 3617 1324 3671 διδάσκεσθαι
1362 3620 1394 3689 ἡ
1404 3619 1528 3689 μᾶς.
1566 3620 1641 3673 Οὐ
1667 3619 1863 3673 ταυτὸν

283 3707 342 3760 δέ
370 3710 484 3761 ἐστι
526 3706 851 3771 πιστεῦσαι,
896 3706 985 3761 ὅτι
1029 3707 1455 3777 ἐθαυμάστωσε
1507 3710 1719 3779 Κύριος
1756 3708 1865 3764 τὸν

286 3799 461 3853 ὅσιον
490 3797 698 3862 αὐτοῦ,
739 3801 834 3853 καὶ
866 3798 1086 3868 γνῶναι,
1125 3799 1200 3863 ὡς
1232 3800 1354 3853 οὐδὲ
1398 3801 1596 3855 ταυτόν
1646 3804 1762 3855 ἐστι
1795 3804 1861 3873 τῇ

285 3887 512 3959 ἀληθείᾳ
547 3886 869 3954 πιστεῦσαι,
920 3889 1012 3941 καὶ
1057 3887 1259 3956 γνῶναι
1293 3890 1391 3960 τὴν
1424 3889 1680 3961 ἀλήθειαν
1702 3931 1716 3955 ,
1772 3892 1864 3944 καὶ

288 3976 575 4029 πιστεῦσαι
606 3974 684 4045 τῷ
704 3975 822 4047 Θεῷ
852 3976 946 4030 καὶ
966 3975 1167 4045 γνῶναι
1193 3978 1284 4030 τὸν
1303 3976 1454 4030 Θεόν.
1484 3979 1548 4030 Οἱ
1578 3977 1864 4031 ἀπόστολοι

288 4062 382 4121 οὖν
411 4069 479 4138 τῇ
510 4066 735 4138 ἀληθείᾳ
764 4066 1047 4120 ἐπίστευον
1067 4085 1079 4096 ·
1117 4067 1229 4121 ἀλλ’
1261 4067 1322 4120 ού
1378 4082 1592 4132 παντως
1623 4069 1712 4122 ὅτε
1744 4067 1864 4121 ἐπί-

291 4175 480 4212 στευον
518 4156 850 4226 ὲγνώκεισαν
880 4159 1071 4229 αὐτήν.
1128 4158 1425 4223 Ἀπόδειξις
1470 4159 1529 4212 δὲ
1569 4158 1677 4212 τῶν
1712 4161 1863 4231 είρη-

294 4249 473 4319 μένων
518 4248 577 4300 τὸ
609 4248 958 4317 Εὐαγγέλιον,
1000 4248 1127 4303 ἔνθα
1152 4248 1399 4322 εἴρηται·
1444 4248 1587 4304 Ἐὰν
1622 4251 1866 4320 μείνητε

288 4338 360 4391 ἐν
387 4335 466 4401 τῷ
500 4335 619 4406 ἐμῷ
649 4337 826 4407 λόγῳ,
867 4337 1104 4407 ἀληθῶς
1135 4339 1395 4408 μαθηταί
1415 4340 1533 4409 μού
1559 4340 1732 4405 ἐστε,
1767 4341 1865 4395 καί

287 4429 595 4502 (γνώσεσθε
623 4429 739 4499 τὴν
761 4430 1071 4498 ἀλήθειαν,
1108 4430 1206 4484 καὶ
1250 4434 1288 4501 ἠ
1327 4430 1578 4499 ἀλήθεια
1629 4432 1860 4487 ἐλευθε-

1964 1974 2035 2028 tis
2080 1973 2417 2029 adfuturum.
2464 1971 2649 2028 Gloria
2700 1982 2881 2029 autem
2931 1972 3101 2027 divini
3151 1973 3302 2027 verbi
3330 1971 3535 2028 fuerint

1964 2064 2061 2119 ﬁlii
2091 2064 2397 2127 hominum,
2428 2063 2584 2133 juxta
2606 2064 2854 2134 Aquilam
2880 2070 2936 2118 et
2964 2061 3383 2133 Symmachum;
3407 2075 3533 2115 nam

1961 2152 2158 2223 Aquila
2187 2154 2267 2209 sic
2300 2153 2500 2209 habet:
2529 2151 2826 2222 Usquequo,
2855 2152 3075 2221 gloriosi
3108 2152 3253 2207 mei?
3283 2148 3535 2221 Symma-

1963 2244 2103 2300 chus
2134 2258 2302 2299 vero:
2335 2242 2629 2314 Usquequo,
2650 2242 2826 2312 gloria
2858 2243 3018 2296 mea?
3045 2239 3296 2296 videlicet
3316 2246 3535 2311 propter

1963 2333 2202 2387 animam
2245 2331 2585 2403 intelligendi
2617 2331 2667 2385 vi
2702 2329 2986 2401 praditam
3033 2338 3088 2386 et
3133 2330 3532 2391 rationabilem,

1963 2424 2033 2480 ad
2081 2425 2376 2496 imaginem
2429 2422 2525 2479 Dei
2571 2421 2793 2479 factam.
2842 2422 3055 2490 Quibus
3101 2422 3193 2477 hic
3244 2422 3536 2492 exprobrat

1961 2511 2271 2576 Psalmista,
2306 2527 2529 2583 eosque,
2580 2520 2766 2581 utpote
2798 2512 2867 2567 ad
2922 2512 3108 2583 pejora
3140 2526 3353 2576 versos,
3383 2509 3534 2581 gravi

1963 2605 2121 2661 corde
2155 2605 2424 2668 homines,
2468 2619 2534 2659 ac
2578 2603 2717 2662 ﬁlios
2749 2604 3035 2659 hominum
3066 2612 3260 2671 vocat;
3301 2618 3440 2672 quos
3472 2603 3528 2658 ﬁ-

1961 2696 2066 2751 lios
2113 2709 2236 2749 esse
2278 2694 2372 2750 Dei
2412 2695 2762 2763 oportuisset,
2803 2695 2960 2766 juxta
3006 2695 3139 2749 illud
3172 2712 3186 2747 :
3217 2692 3329 2765 Ego
3369 2693 3486 2747 dixi
3511 2707 3533 2747 :

1961 2786 2057 2841 Dii
2070 2787 2219 2852 estis,
2242 2795 2291 2842 et
2312 2788 2414 2856 [ilii
2434 2784 2645 2841 Excelsi
2674 2804 2851 2842 omnes
2872 2786 2940 2842 “.

2036 2963 2202 3019 Vens.
2234 2963 2289 3018 4.
2331 2962 2403 3017 Et
2443 2964 2631 3018 scitote
2670 2963 2921 3033 quoniam
2949 2959 3535 3031 miriﬁcavitBominus

1966 3065 2210 3113 sanctum
2229 3072 2407 3111 suum.
2449 3059 2525 3111 De
2550 3053 2773 3110 Christo
2814 3068 2918 3109 nos
2946 3050 3215 3125 Pr0pheta
3257 3052 3534 3114 admonet,

1967 3145 2061 3217 qui
2107 3158 2270 3201 verus
2305 3152 2529 3199 sanctus
2575 3149 2684 3206 est,
2733 3148 2793 3195 ut
2832 3142 2887 3196 in
2926 3141 3137 3211 psalmo
3170 3158 3237 3195 xv
3280 3141 3534 3207 habetur,

1891 3214 1935 3273 δ
1967 3214 2129 3308 quem
2162 3237 2342 3292 locum
2388 3234 2753 3291 testiﬁcantur
2802 3233 3034 3305 apostoli
3065 3232 3132 3289 de
3154 3233 3377 3289 Christo
3411 3249 3538 3304 pro-

1965 3332 2182 3405 phetice
2230 3328 2665 3399 intelligendum,
2708 3329 3007 3386 videlicet:
3042 3328 3166 3384 Non
3207 3328 3535 3401 derelinques

1967 3424 2202 3477 animam
2236 3437 2406 3476 meam
2436 3421 2491 3473 in
2541 3421 2771 3489 inferno,
2816 3437 2907 3475 nec
2937 3419 3089 3475 dabis
3120 3430 3358 3475 sanctum
3385 3430 3535 3475 tuum

1964 3515 2137 3571 videre
2163 3515 2545 3582 corruptionem
2563 3514 2630 3570 ".
2656 3511 2799 3570 Fieri
2827 3520 3011 3568 tamen
3032 3520 3210 3583 potest
3230 3521 3287 3567 ut
3314 3511 3382 3568 de
3410 3528 3538 3568 san-

1964 3616 2055 3663 cto
2081 3607 2325 3678 quolibet
2362 3606 2454 3661 hic
2495 3606 2810 3662 doceamur.
2853 3604 3041 3678 Neque
3084 3613 3265 3661 tamen
3297 3604 3534 3676 idipsum

1964 3707 2050 3755 est
2090 3701 2336 3767 credere,
2366 3701 2632 3771 quoniam'
2655 3700 2960 3769 miriﬁcaoit
2991 3699 3251 3755 Dominus
3293 3710 3536 3754 sanctum

1965 3807 2142 3855 suum,
2193 3807 2258 3847 ac
2289 3807 2618 3864 cognoscere
2673 3807 2784 3847 non
2810 3792 2952 3848 idem
3003 3807 3126 3850 esse
3173 3792 3394 3849 credere
3446 3808 3539 3848 ve—

1963 3884 2134 3951 ritati,
2163 3891 2219 3940 et
2245 3899 2410 3940 nosse
2432 3885 2750 3952 veritatem;
2779 3892 2834 3941 et
2865 3885 3089 3942 credere
3117 3884 3248 3954 Deo,
3282 3901 3347 3941 ac
3373 3901 3538 3942 nosse

1965 3974 2156 4032 Deum.
2186 3976 2432 4047 Apostoli
2465 3983 2618 4032 certe
2658 3976 2875 4032 veritati
2918 3978 3245 4045 credebant;
3276 3978 3372 4033 sed
3402 3978 3534 4033 dum

1965 4069 2271 4134 crederent,
2299 4083 2409 4123 non
2439 4082 2668 4139 prorsus
2696 4068 3000 4124 noscebant
3026 4068 3197 4123 illam.
3227 4067 3360 4135 Quae
3393 4068 3533 4123 dici-

1964 4176 2088 4216 mus
2116 4160 2287 4231 probe
2305 4166 2807 4214 commonstrantur
2837 4174 2907 4215 ex
2935 4159 3041 4213 hoc
3062 4157 3341 4230 Evangelii
3371 4159 3493 4213 loco
3519 4177 3532 4213 :

1966 4248 2027 4306 Si
2056 4251 2358 4305 manseritis
2385 4251 2439 4304 in
2461 4266 2697 4306 sermone
2720 4267 2853 4314 meo.
2891 4266 3003 4305 vere
3023 4250 3270 4318 discipuli
3301 4250 3403 4304 mei
3430 4251 3537 4304 eri-

1967 4344 2057 4407 tis,
2077 4354 2127 4397 et
2148 4343 2467 4414 cognoscetis
2492 4344 2785 4404 veritatem.
2813 4351 2864 4397 et
2889 4342 3082 4397 veritas
3103 4340 3347 4396 liberabit
3365 4358 3453 4399 vos
3466 4341 3533 4396 “.

1964 4434 2206 4491 Credunt
2233 4436 2400 4502 enim,
2428 4435 2627 4505 inquit,
2663 4436 2904 4500 veritati,
2940 4444 2999 4490 ut
3025 4445 3363 4507 cognoscant
3395 4433 3538 4490 veri-

286 4524 464 4593 ρώσει
498 4522 674 4592 ὑμᾶς.
720 4524 1040 4577 Πιστεύουσι
1066 4522 1174 4596 γάρ
1208 4527 1274 4595 τῇ
1313 4524 1560 4596 ἀληθείᾳ,
1601 4525 1754 4596 φησὶ,
1798 4525 1859 4579 τὸ

1965 4534 2131 4581 tatem
2175 4541 2375 4590 :nam,
2446 4527 2746 4581 secundum
2820 4526 3153 4597 prophetas,
3205 4525 3538 4581 credendum

289 4615 593 4686 γνώσεσθαι
644 4616 742 4689 τὴν
770 4617 1054 4688 ἀλήθειανε
1090 4619 1232 4672 κατά
1273 4618 1381 4689 γὰρ
1428 4618 1551 4681 τοὺς
1580 4618 1863 4689 προφήτας

291 4708 579 4760 πιστεῦσαι
614 4707 694 4760 δεῖ
734 4709 863 4779 πρὶν
908 4709 1143 4761 συνιέναι
1187 4710 1281 4762 καὶ
1332 4709 1587 4781 λαλῆσαι·
1627 4709 1720 4762 τοῦ
1764 4708 1864 4780 μὲν

302 4798 520 4853 Ἡσαΐου
556 4801 831 4870 λέγοντος·
886 4802 1028 4855 Ἐὰν
1064 4800 1149 4871 μὴ
1195 4804 1589 4871 πιστεύσητε,
1633 4802 1758 4857 οὐδ’
1792 4805 1863 4857 οὐ

288 4888 372 4960 μὴ
415 4888 671 4958 συνῆτεγ
718 4890 812 4943 τοῦ
854 4889 911 4944 δὲ
948 4890 1138 4943 Δαυῒδ·
1190 4893 1575 4958 Ἐπίστευσα,
1600 4891 1691 4945 διὸ
1723 4892 1861 4947 ἐλά-

289 4983 476 5049 λησα.
507 4981 624 5033 Ὅτι
653 4980 710 5033 δὲ
737 4980 797 5034 τὺ
840 4980 1128 5049 γινώσκειν
1158 4981 1249 5034 τὸν
1294 4981 1424 5035 Θεὸν
1455 4981 1550 5035 τοῦ
1592 4981 1863 5036 πιστεύειν

291 5070 443 5143 αὐτῷ
472 5071 738 5143 διαφέρει,
788 5072 844 5124 ἐν
889 5074 1003 5135 τοῖς
1051 5072 1299 5143 Ψαλμοῖς
1330 5072 1742 5143 ἀναγέγραπται
1774 5072 1861 5126 διὰ

285 5160 410 5225 τοῦ,
459 5160 809 5231 Σχολάσατε
838 5163 935 5216 καί
970 5160 1174 5231 γνῶτε,
1203 5164 1292 5218 ὅτι
1332 5165 1446 5236 ἐγώ
1476 5166 1591 5235 ειμι
1625 5169 1658 5219 ό
1689 5167 1861 5233 sedc“

290 5254 353 5307 οὐ
378 5254 487 5324 γὰρ
512 5257 622 5319 τοῖς
653 5253 937 5307 ἀπιστοῦσι
964 5272 1094 5326 φησι
1115 5272 1128 5285 ·
1160 5255 1504 5316 Σκ›λάσατε
1532 5257 1629 5311 καί
1658 5255 1862 5334 γνῶτε,

291 5345 381 5398 ὅτι
408 5344 522 5415 ἐγώ
557 5348 673 5416 ειμι
708 5350 741 5401 ό
771 5346 935 5411 Θεός.
974 5347 1096 5399 Ἐπὶ
1125 5348 1324 5415 γνῶσιν
1353 5344 1445 5402 οὖν
1474 5349 1620 5421 ἡμᾶς
1648 5351 1676 5403 6
1708 5349 1865 5417 λόγος

293 5436 731 5509 προκαλούμενος
764 5436 1053 5491 ὑποϐάλλει
1093 5440 1186 5493 καὶ
1210 5439 1308 5512 τὴν
1334 5440 1479 5504 τίνος
1505 5439 1706 5510 γνῶσιν
1735 5442 1866 5496 ἀνα-

1967 4617 2120 4689 prius
2160 4625 2247 4674 est
2282 4633 2443 4688 quam
2476 4618 2845 4689 intelligamus
2887 4627 2941 4691 et
2963 4620 3275 4689 loquamur,
3320 4616 3539 4672 dicente

1966 4708 2103 4764 isaia
2134 4728 2147 4764 :
2205 4709 2270 4765 Si
2313 4726 2417 4763 non
2464 4708 2815 4773 credideritis,
2849 4726 3010 4781 neque
3043 4706 3345 4779 intelligetis
3366 4708 3450 4776 ‘7;
3483 4716 3539 4765 et

1968 4796 2171 4855 Davide
2200 4816 2212 4854 :
2247 4797 2486 4866 Credidi,
2517 4808 2727 4868 propter
2767 4798 2905 4870 quod
2941 4798 3145 4853 locutus
3162 4814 3281 4852 sum
3296 4797 3363 4855 ⁸⁸.
3380 4796 3536 4865 Quod

1967 4898 2148 4944 autem
2179 4890 2476 4945 discrimen
2507 4890 2579 4946 sit
2612 4890 2753 4945 inter
2778 4876 2966 4944 Deum.
2991 4902 3154 4944 nosse
3184 4895 3239 4944 et
3277 4888 3387 4944 Deo
3418 4905 3537 4945 cre-

1968 4980 2116 5045 dere,
2161 4982 2216 5034 in
2248 4981 2474 5051 psalmis
2511 4981 2843 5037 describitur
2884 4981 2969 5035 his
3002 4980 3223 5036 verbis:
3266 4980 3461 5036 Vacate
3485 4989 3535 5034 et

1967 5071 2135 5126 videte
2161 5072 2410 5142 quoniam
2441 5089 2533 5144 ego
2561 5089 2678 5128 sum
2706 5069 2844 5125 Deus
2870 5065 2916 5098 δ’
2945 5091 2959 5126 :
2991 5086 3102 5126 non
3136 5071 3279 5126 enim
3315 5071 3427 5125 haec
3453 5071 3533 5125 lo-

1967 5165 2154 5235 quitur
2183 5180 2295 5221 non
2326 5165 2678 5222 credentibus
2707 5184 2721 5220 :
2758 5163 2953 5219 Vacate
2992 5173 3043 5219 et
3088 5165 3253 5219 videte
3283 5165 3533 5230 quoniam

1965 5272 2057 5327 ego
2083 5272 2202 5312 sum
2245 5255 2410 5312 Deus.
2470 5259 2608 5316 Cum
2660 5259 2845 5329 itaque
2891 5272 2991 5313 nos
3027 5271 3208 5312 sermo
3235 5256 3305 5311 ad
3342 5256 3532 5327 cogni-

1965 5348 2171 5405 tionem
2200 5356 2411 5418 evocat,
2432 5348 2637 5405 indicat
2667 5351 2828 5406 simul
2861 5350 3020 5420 cujus
3055 5349 3132 5404 rei
3157 5349 3404 5403 notitiam
3432 5363 3534 5403 nos

1968 5442 2184 5514 assequi
2213 5450 2493 5515 oporteat;
2519 5441 2771 5497 videlicet
2812 5440 3092 5495 mirabiles
3120 5439 3258 5494 eﬁici
3288 5445 3530 5502 sanctos.

364 5592 412 5624 “
428 5591 573 5648 Psal.
606 5606 792 5657 um,
807 5591 860 5647 6.
937 5592 982 5623 “
997 5590 1141 5649 Psal.
1174 5609 1276 5657 xv,
1314 5596 1395 5650 l0.
1439 5594 1803 5662 “Joanmn,
1832 5597 2017 5663 51,32.
2056 5600 2100 5630 "
2139 5598 2243 5654 lsa.
2275 5614 2375 5664 vu,
2409 5598 2464 5655 9.
2496 5598 2542 5632 ”
2572 5596 2717 5653 Psal.
2747 5610 2873 5661 cxv,
2900 5597 2988 5652 10.
3051 5597 3097 5631 ⁸⁸
3123 5594 3399 5660 Psal.n.v,
3441 5578 3530 5650 ll.

362 5796 438 5867 (et)
474 5795 535 5850 ln
574 5794 839 5852 llebraico
865 5798 1060 5868 legitur
1082 5804 1254 5865 rma,
1294 5798 1346 5854 id
1377 5806 1480 5866 est,
1514 5798 1685 5870 gloria
1715 5815 1852 5868 mea,
1879 5807 1942 5858 ut
1969 5801 2139 5874 probe
2162 5801 2522 5874 Symmachus
2547 5802 2953 5874 interpretatur.

495 5896 764 5957 ΡΑτιιοι..
798 5894 913 5954 Gn.
950 5892 1180 5956 XXIII.
