4096 6392
518 371 623 426 107

1186 364 1456 425 EllSEBll
1488 362 1968 422 CASSABIENE-IS
1998 362 2151 422 OPP.
2184 360 2363 417 PARS
2417 359 2507 416 Ill.
2549 389 2619 399 —
2658 357 3070 414 EXEGETICA.

3677 356 3781 412 108

517 490 649 546 d‘um
683 502 1009 544 arcanorum
1049 485 1439 558 mysteriorum
1475 500 1869 555 sacrarumque
1900 500 2099 555 specu-

2205 482 2387 535 λαϐεῖν
2410 483 2561 553 ἡμᾶς
2584 481 2711 553 χρὴ,
2739 479 2815 543 ὥς
2832 481 2967 533 είσιν
2988 478 3093 532 ὑπὸ
3107 477 3243 532 Θεοῦ
3271 477 3786 548 τεθαυμαστωμένοι

515 580 782 636 lationum
831 577 1183 633 mirabilibus
1224 575 1588 632 admoventur
1617 582 1818 646 :atque
1866 574 1969 644 ipsi
2001 588 2100 643 per

514 673 612 729 Dei
668 672 899 743 gratiam
958 671 1312 742 divinamque
1364 670 1761 740 inspectionem
1819 666 2099 722 mirabiles

515 768 775 824 evadunt.

597 947 767 1002 Vens.
802 947 856 1003 5.
899 944 1208 999 Irascimini
1230 950 1280 998 et
1304 942 1465 997 nolite
1491 956 1703 1010 peccare
1727 956 1746 993 :
1777 956 1895 1010 quia
1921 938 2100 994 dicitis

518 1042 581 1097 in
624 1037 870 1095 cordibus
911 1039 1118 1103 vestris,
1157 1038 1213 1091 in
1255 1034 1515 1090 cubilibus
1566 1035 1750 1087 vestris
1794 1033 2101 1102 compungi-

518 1133 671 1187 mini.
705 1129 908 1185 Suadet
944 1128 1039 1183 ira:
1072 1128 1335 1200 impetum
1370 1125 1647 1187 cohibere,
1675 1124 1721 1178 si
1761 1122 1984 1193 quando
2013 1139 2103 1177 ve-

517 1222 759 1280 hementi
806 1220 1178 1277 commotione
1229 1217 1473 1283 feratur,
1522 1227 1817 1287 monetque
1865 1231 1934 1271 ne
1968 1214 2100 1285 quid

517 1316 601 1371 ira
631 1315 945 1386 impellente
962 1320 1158 1385 agatur
1187 1331 1201 1367 :
1233 1327 1410 1382 neque
1438 1311 1753 1381 importune
1777 1309 1907 1363 talia
1933 1308 2095 1362 fatur.

516 1408 655 1463 Nam
696 1407 827 1479 quia
865 1407 904 1461 ii
937 1406 1033 1477 qui
1064 1420 1096 1460 a
1127 1403 1332 1459 Davide
1357 1404 1598 1469 stabant,
1628 1401 1980 1457 rebellionem
2005 1400 2101 1453 ﬁlii

518 1502 576 1557 in
602 1510 834 1569 patrem,
868 1499 945 1555 uti
973 1513 1073 1569 par
1101 1502 1240 1563 erat,
1268 1496 1491 1567 indigne
1518 1494 1775 1557 ferentes,
1811 1494 1866 1546 in
1897 1491 2100 1546 bellum

520 1603 715 1652 contra
765 1592 1097 1650 Absalouem
1157 1590 1239 1644 ira
1285 1588 1523 1658 correpti
1572 1584 2099 1657 proﬁciscebantur;

518 1687 647 1744 ideo
691 1685 774 1742 sic
808 1700 911 1742 eos
956 1682 1284 1755 compellare
1327 1679 1542 1734 videtur
1570 1697 1582 1732 :
1610 1676 1721 1732 Vos
1766 1675 2010 1746 quidem,
2068 1689 2104 1729 ο

517 1782 626 1841 viri
685 1780 1088 1837 commilitones
1111 1816 1127 1840 ,
1178 1774 1271 1845 qui
1325 1786 1454 1828 vere
1504 1769 1726 1842 gloriosi
1770 1768 1879 1824 mei
1929 1767 2101 1828 estis,

2198 578 2248 629 οί
2280 577 2439 639 ὅσιοι,
2476 574 2714 644 θαύμασι
2746 573 3146 643 προσαχθέντες
3172 571 3285 625 τῶν
3319 572 3643 643 ἀπορρήτων
3685 588 3786 640 μυ-

2200 668 2438 739 στηρίων
2466 668 2560 721 καὶ
2599 665 2707 720 τῶν
2756 665 2926 734 ἁγίων
2969 665 3361 735 θεωρημάτων,
3392 664 3487 717 κα.)¹
3517 663 3670 716 αὐτοὶ
3717 662 3784 715 δι’

2198 761 2367 833 αὐτὴν
2388 758 2482 814 τοῦ
2507 759 2643 813 Θεοῦ
2677 759 2838 831 χάριν
2871 758 2965 810 καὶ
2987 756 3136 810 Θείαν
3160 755 3461 826 ἐπισκοπὴν
3480 752 3786 825 θαυμαστοὶ

2200 853 2503 923 γενόμενοι.

2285 943 2605 1015 Ὀργίζεσθε
2662 942 2759 995 καὶ
2798 940 2886 1010 μὴ
2932 938 3332 1010 ἁμαρτάνετε·
3373 936 3412 992 d
3460 936 3667 1007 λέγετε
3710 937 3781 989 ἐν

2199 1036 2330 1104 ταῖς
2362 1036 2632 1105 καρδίαις
2650 1033 2838 1104 ὑμῶν,
2861 1032 2957 1084 ἐπὶ
2992 1031 3121 1097 ταῖς
3151 1032 3378 1095 κοίταις
3419 1029 3581 1099 ὑμῶν
3600 1045 3781 1081 κατα-

2200 1134 2441 1203 νύγητε.
2471 1128 2835 1199 Συμδουλεύει
2869 1126 3099 1182 κωλύειν
3137 1124 3201 1178 τὸ
3242 1124 3344 1194 τῆς
3384 1123 3551 1194 ὀργῆς
3591 1121 3783 1187 πάθος,

2202 1224 2257 1278 εί
2281 1239 2412 1277 ποτε
2443 1218 2825 1289 άγανακτικῶς
2857 1216 3213 1279 άνακινεῖται,
3245 1214 3379 1286 μηδέ
3413 1215 3493 1277 είς
3514 1213 3673 1284 ἔργον
3693 1212 3788 1265 τὸν

2203 1314 2373 1387 θυμὸν
2406 1312 2674 1367 κινεῖσθαι
2724 1310 3024 1383 παραινῶν.
3071 1311 3184 1363 Οὐκ
3232 1307 3473 1379 ἀκαίρως
3513 1306 3570 1359 δὲ
3615 1304 3789 1361 ταῦτά

2204 1421 2401 1479 φησιν·
2444 1404 2559 1459 ἀλλ’
2592 1402 2782 1475 ἐπειδὴ
2821 1402 2964 1457 κατὰ
2992 1402 3086 1456 τοῦ
3125 1398 3476 1469 Ἀϐεσσαλὼμ
3509 1397 3789 1471 ὁρμῶντες

2203 1504 2282 1565 είς
2310 1501 2568 1570 πόλεμον,
2598 1496 2714 1567 μετ’
2739 1495 2913 1567 ὀργῆς
2944 1495 3206 1565 ἐξῄεσαν,
3241 1494 3317 1556 ὼς
3349 1493 3523 1555 εἰκὸς,
3563 1492 3613 1543 οί
3649 1488 3789 1559 μετὰ

2203 1593 2296 1649 τοῦ
2328 1591 2510 1655 Δαυῒδ,
2550 1587 2986 1659 ἀγανακτοῦντες
3015 1585 3110 1638 ἐπὶ
3154 1587 3219 1655 τῇ
3255 1582 3348 1636 τοῦ
3378 1580 3495 1635 υἱοῦ
3523 1578 3666 1635 κατὰ
3690 1576 3787 1634 τοῦ

2204 1684 2412 1759 πατρὸς
2469 1679 2865 1735 ἐπαναστάσειο
2912 1678 3105 1731 τούτου
3160 1675 3320 1748 χάριν
3362 1674 3504 1727 ἔοικε
3560 1671 3791 1727 τοιαῦτά

2204 1794 2324 1831 τινα
2351 1774 2489 1847 πρὸς
2519 1772 2716 1835 αὐτοὺς
2746 1771 2952 1838 λέγειν·
3003 1770 3191 1840 Ὑμεῖς
3223 1768 3343 1839 μὲν,
3365 1761 3410 1820 ὦ
3433 1765 3623 1837 ἄνδρες
3650 1764 3790 1836 σύμ..

520 1882 709 1946 utpote
740 1873 843 1943 ﬁlii
868 1870 1161 1932 hominum,
1207 1867 1358 1938 gravi
1392 1868 1552 1919 corde
1583 1860 1823 1935 praediti,
1856 1866 1913 1915 et
1950 1873 2102 1913 mor-

2208 1887 2391 1941 μαχοι,
2426 1869 2476 1923 οἳ
2506 1869 2571 1940 δὴ
2612 1867 2705 1921 καὶ⁵
2733 1863 2974 1927 ἔνδοξοί
3031 1878 3167 1933 μου,
3194 1860 3269 1923 ὡς
3306 1859 3422 1913 vlo!
3464 1855 3791 1926 ἀνθρώπων

517 1969 644 2023 talis
683 1966 852 2036 hujus
893 1964 1019 2020 vitae
1067 1959 1301 2017 vanitati
1346 1959 1642 2023 haerentes,
1676 1955 2104 2026 ignorantesque

511 2062 723 2133 justum
750 2058 849 2115 Dei
877 2065 1071 2113 contra
1103 2053 1304 2124 impios
1328 2051 1624 2123 judicium,
1668 2046 1972 2103 irascimini
2007 2044 2108 2099 ad-

514 2170 713 2212 versus
757 2150 987 2221 impium
1044 2147 1263 2202 ﬁlium:
1300 2158 1366 2200 ac
1408 2143 1536 2213 jure
1561 2140 1781 2213 quidem
1823 2135 2101 2200 commoti,

517 2243 857 2316 indigneque
887 2254 1005 2295 rem
1037 2237 1300 2302 ferentes,
1334 2235 1390 2289 in
1417 2233 1621 2290 bellum
1665 2226 2100 2302 proﬁciscimini.

519 2338 637 2409 Ego
666 2350 797 2391 vero
824 2347 923 2389 vos
960 2346 1155 2387 omnes
1191 2342 1413 2391 moneo,
1447 2325 1554 2381 etsi
1584 2324 1778 2379 merito
1827 2324 1905 2376 ira
1935 2321 2106 2390 perci-

518 2439 632 2494 tos,
674 2444 747 2484 ne
791 2428 914 2483 sitis
953 2423 1256 2482 clementiae
1286 2420 1674 2493 patientiaeque
1725 2417 2101 2481 immemores,

520 2533 630 2579 neu
686 2521 763 2576 ita
816 2516 1209 2583 succenseatis,
1261 2523 1323 2570 ut
1378 2514 1435 2568 in
1486 2518 1773 2584 peccatum
1818 2509 2101 2564 labamini.

520 2614 890 2683 Quamobrem
934 2611 1058 2665 dico
1099 2628 1113 2664 :
1152 2608 1491 2674 Irascimini,
1533 2604 1623 2661 sed
1667 2604 1828 2659 nolite
1865 2618 2100 2673 peccare.

519 2705 750 2762 Etiamsi
785 2718 952 2775 porro
1002 2708 1227 2771 propter
1270 2697 1550 2769 improbos
1595 2695 1889 2751 Absalonis
1932 2708 2102 2749 ausus

519 2799 729 2863 animo,
763 2798 921 2868 juxta
967 2794 1243 2865 Aquilam,
1298 2788 1743 2851 commovemini,
1790 2793 1980 2842 cavete
2016 2794 2103 2839 ta-

519 2910 670 2958 men,
701 2909 770 2948 ne
799 2890 1076 2965 prioribus
1107 2885 1346 2957 peccatis
1395 2897 1598 2937 novum
1631 2878 1924 2951 adjiciatis,
1970 2877 2017 2932 si
2046 2878 2102 2930 in

518 2983 809 3042 iracundia
848 2978 1236 3052 perseveretis.
1271 2965 1660 3045 Depr'ehendes
1704 2977 1888 3024 autem
1930 2968 1986 3022 in
2016 2966 2104 3020 hi-

522 3078 697 3136 storia
749 3077 933 3148 ipsum
980 3071 1277 3128 admodum
1329 3065 1659 3140 praecepisse
1707 3070 1768 3119 ut
1820 3061 1933 3117 ﬁlio
1970 3076 2105 3133 par-

522 3179 732 3229 cerent.

594 3350 763 3409 Vens.
784 3347 893 3406 6.7.
906 3345 1216 3415 sacriﬁcate
1247 3340 1574 3412 sacriﬁcium
1590 3337 1855 3407 justitiaz,
1887 3337 1952 3389 'et
1990 3351 2105 3403 sre-

522 3455 638 3499 rate
684 3444 741 3497 in
793 3440 1042 3497 Domino.
1079 3435 1307 3491 Etiamsi
1346 3440 1407 3488 ut
1453 3431 1705 3486 homines
1749 3427 2007 3483 mortales
2048 3426 2104 3481 in

521 3537 713 3593 multis
792 3530 1256 3607 cogitationibus,
1325 3527 1408 3581 ira
1469 3522 1738 3595 permoti,
1813 3537 1910 3593 per
1961 3522 2105 3577 diem

522 3627 859 3697 versamini;
912 3632 970 3680 at
1016 3624 1076 3679 in
1131 3620 1404 3677 cubilibus
1455 3616 1640 3689 quiete
1687 3614 1830 3686 apud
1874 3629 1973 3670 vos
2019 3614 2105 3685 ip-

524 3737 620 3779 sos
670 3727 931 3792 agentes,
984 3723 1149 3787 atque
1202 3713 1295 3768 illa
1345 3725 1467 3784 quae
1517 3708 1576 3764 in
1635 3706 1724 3764 die
1752 3705 2106 3778 perpetrastis

524 3811 809 3868 vobiscum
893 3814 1244 3879 reputantes,
1341 3798 1791 3873 compungimini.
1866 3795 1946 3854 Ne
2012 3796 2109 3869 igi-

526 3911 616 3959 tur
654 3901 915 3959 adversus
960 3913 1057 3954 eos
1106 3896 1202 3967 qui
1250 3909 1348 3950 vos
1396 3890 1735 3948 facinoribus
1780 3888 2109 3961 aggrediun-

523 4003 634 4058 tur,
690 4006 868 4063 ueque
927 3990 1191 4045 adversus
1259 3986 1431 4042 ﬁlium
1498 3985 1642 4057 patri
1694 3984 1951 4040 rebellem
2024 3981 2107 4036 ira

522 4082 874 4141 concitemini
910 4102 923 4137 :
960 4096 1065 4136 neu
1110 4095 1231 4144 vos,
1274 4076 1675 4134 lacessentibus
1721 4074 1850 4130 licet
1900 4074 2104 4144 impiis,

521 4184 687 4249 atque
733 4175 804 4230 ad
855 4172 1198 4230 iracundiam
1254 4168 1720 4242 provocantibus,
1773 4168 1829 4222 in
1880 4176 2107 4237 peccata

521 4267 818 4331 labamini;
856 4267 969 4320 imo
1016 4266 1227 4336 potius,
1276 4264 1322 4319 si
1367 4261 1587 4333 quidem
1638 4260 1694 4315 in
1743 4266 1861 4314 tuto
1908 4260 2108 4329 degere

524 4360 783 4432 cupiatis,
818 4359 1118 4428 sacriﬁcate
1140 4356 1464 4426 sacriﬁcium
1502 4354 1759 4425 justitite,
1801 4362 1851 4407 et
1898 4360 2109 4421 sperate

524 4456 583 4510 in
626 4446 892 4518 Domino;
938 4467 1117 4523 neque
1170 4450 1596 4515 conturbemini,
1633 4457 1823 4519 utpote
1866 4446 1961 4517 qui
2009 4460 2109 4515 per

2199 1958 2596 2029 ,ϐαρυκάρδιοί
2646 1972 2789 2019 τινες
2821 1954 3005 2017 ὄντες,
3038 1953 3132 2006 καὶ
3183 1954 3249 2023 τῇ
3286 1950 3379 2003 τοῦ
3429 1949 3625 2021 θνητοῦ
3672 1949 3788 2020 βίου

2209 2055 2528 2125 ματαιότητι
2581 2048 2971 2121 προσέχοντες,
2998 2046 3099 2098 οὐκ
3130 2044 3332 2107 εἰδότες
3377 2043 3476 2114 τὴν
3512 2041 3607 2095 τοῦ
3651 2042 3789 2096 Θεοῦ

2206 2144 2347 2199 κατὰ
2378 2143 2489 2197 τῶν
2521 2141 2737 2197 ἀσεϐῶν
2768 2136 3182 2207 δικαιοκρισίαν,
3216 2132 3488 2205 θυμοῦσθε
3520 2133 3662 2186 κατὰ
3693 2131 3789 2186 τοῦ

2206 2235 2439 2299 άσεὸοῦς
2480 2232 2630 2287 υίοῦσ
2665 2231 2762 2284 καὶ
2810 2228 3033 2291 δικαίως
3068 2225 3409 2296 κινούμενοι,
3458 2225 3553 2277 καὶ
3584 2225 3792 2292 ἀγανα-

2206 2329 2410 2392 κτικῶς
2432 2324 2802 2398 ὀργιζόμενοι,
2838 2322 2931 2374 ἐπὶ
2982 2319 3074 2373 τὺν
3123 2319 3356 2389 πόλεμον
3402 2317 3645 2389 ὁρμᾶτε·
3679 2313 3792 2384 ἐγὼ

2205 2422 2264 2476 δὲ
2313 2423 2425 2484 τοῖς
2460 2421 2592 2473 πᾶσι
2628 2416 2880 2489 παραινῶ
2904 2456 2918 2479 ,
2958 2415 3007 2466 εί
3047 2414 3143 2466 καὶ
3170 2411 3388 2479 εὔλογος
3416 2412 3449 2480 ἡ
3482 2409 3639 2480 ὀργὴ,
3673 2408 3787 2463 ἀλλ’

2208 2515 2355 2585 ὑμᾶς
2386 2513 2447 2565 ού
2492 2511 2598 2584 χρὴ
2643 2512 2741 2582 τῆς
2784 2508 2990 2570 οἰκείας
3032 2501 3485 2558 ἐπιλανθάνεσθαι
3537 2500 3788 2566 ἀνεξικα-

2205 2606 2352 2669 κίας,
2376 2604 2482 2658 οὐδ’
2505 2605 2598 2657 ἐπὶ
2625 2603 2783 2657 πλέον
2814 2598 3165 2665 ἐξάπτεσθαι,
3190 2597 3265 2660 ὡς
3284 2597 3378 2649 καὶ
3401 2595 3494 2649 ἐπὶ
3515 2594 3791 2665 ἁμαρτίας

2204 2697 2514 2751 ἐκπίπτειν.
2545 2696 2637 2749 Διό
2669 2710 2845 2765 φημι·
2897 2688 3241 2760 Ὀργίζὲσθε,
3280 2687 3441 2741 ἀλλά
3484 2686 3571 2755 μὴ
3603 2686 3789 2755 άμαρο

2203 2786 2431 2841 τάνετε.
2461 2786 2525 2839 Ei
2548 2785 2606 2838 δέ
2639 2785 2735 2838 καὶ
2763 2781 3062 2845 κλονεῖσθε,
3097 2779 3240 2832 κατὰ
3267 2779 3358 2831 τὸν
3406 2776 3656 2840 ’Δκύλαν,
3690 2775 3792 2839 τὰς

2202 2878 2380 2951 ψυχὰς
2406 2878 2495 2932 διὰ
2530 2877 2597 2932 τὰ
2625 2876 2704 2948 τῷ
2739 2870 3098 2942 ’Δδεσσαλὼμ
3124 2869 3605 2942 προτετολμημένα
3631 2908 3646 2933 ,
3673 2867 3790 2921 ἀλλ’

2203 2970 2366 3041 ὁρᾶτε
2413 2968 2488 3041 μὴ
2517 2970 2612 3023 καὶ
2637 2968 2831 3040 ἑτέραν
2860 2966 2952 3019 ἐπὶ
2982 2966 3102 3027 ταῖς
3136 2962 3433 3034 προτέραις
3465 2960 3791 3032 προσθείητε

2204 3064 2515 3136 ἁμαρτίαν,
2561 3065 2628 3135 τῇ
2672 3059 3228 3135 ὀργῇέπιμένοντες.
3270 3058 3466 3130 Εὓροις
3504 3055 3549 3109 δ’
3588 3056 3654 3111 ἂν
3696 3056 3793 3109 καὶ

2130 3196 2173 3255 C
2206 3160 2351 3215 κατὰ
2383 3158 2483 3232 τὴν
2506 3158 2748 3230 ἱστορίαν
2777 3153 2949 3210 πολλὰ
2990 3149 3357 3226 παραινοῦντα
3401 3150 3565 3205 αὐτὸν
3606 3149 3794 3220 φείσα-

2207 3253 2333 3308 σθαι
2362 3251 2459 3307 τοῦ
2483 3250 2695 3314 παιδός.

2280 3345 2517 3400 Θύσατε
2541 3342 2764 3397 θυσίαν
2782 3340 3198 3406 δικαιοσύνης,
3232 3335 3333 3390 καί
3364 3334 3658 3391 ἐλπίσατε
3692 3333 3795 3390 ἐπὶ

2207 3435 2449 3506 Κύριον.
2466 3436 2531 3489 El
2555 3435 2650 3489 καὶ
2673 3434 2751 3498 ὡς
2776 3431 3054 3502 ἄνθρωποι
3088 3429 3276 3501 θνητοὶ
3303 3427 3471 3482 πολλὰ
3497 3427 3795 3483 διανοεῖσθε

2209 3529 2328 3602 μεθ’
2359 3528 2577 3600 ἡμέραν
2604 3526 2963 3601 ὀργιζόμενοι·
2992 3524 3105 3579 ἀλλ’
3131 3523 3223 3577 ἐπὶ
3253 3526 3373 3587 ταῖς
3403 3522 3610 3585 κοίταις
3640 3519 3797 3592 ὑμῶν

2206 3622 2293 3691 ἐφ’
2322 3619 2575 3691 ἡσυχίας,
2607 3621 2736 3689 παρ’
2766 3620 2982 3682 ἑαυτοῖς
3002 3616 3308 3688 γενόμενοι,
3336 3613 3699 3686 κατανύγητε,
3724 3611 3796 3667 τὰ

2206 3714 2273 3767 δι’
2312 3713 2530 3785 ἡμέρας
2590 3713 2721 3784 ὑμῖν
2780 3709 3146 3782 πεπραγμένα
3194 3704 3644 3778 διαλογιζόμενοι.
3700 3705 3795 3776 Μὴ

2207 3805 2360 3876 γοῦν,
2384 3806 2569 3878 φησὶν,
2598 3803 2885 3877 ὀργίζεσθε
2916 3801 3060 3857 κατά
3102 3801 3212 3856 τῶν
3244 3802 3325 3864 είς
3364 3801 3508 3871 ὑμᾶς
3542 3798 3798 3870 πλημμε-

2208 3898 2476 3964 λούντων,
2512 3898 2648 3971 μηδέ
2686 3896 2828 3951 κατὰ
2876 3895 2971 3950 τοῦ
3024 3894 3431 3957 ἐπαναστάντος
3475 3890 3552 3963 τῷ
3591 3889 3792 3962 πατρί·

2212 3993 2350 4065 μήτε
2404 3991 2560 4045 αὐτοὶ
2611 3988 3059 4062 ἁμαρτάνοντες,
3093 3985 3198 4039 κᾶν
3250 3985 3426 4056 ἕτεροι
3472 3980 3798 4045 ἀσεὸοῦντες

2209 4082 2610 4156 προκαλοῦνται
2642 4082 2789 4165 sua;
2842 4081 2924 4144 είς
2970 4078 3143 4151 ὀργῆς
3193 4076 3327 4149 ἔργα
3360 4076 3454 4129 καὶ
3486 4076 3567 4138 είς
3613 4075 3796 4145 ἀμαρ-

2208 4175 2347 4239 τίας,
2379 4174 2494 4228 ἀλλ’
2552 4172 2677 4227 ἀντὶ
2707 4159 2915 4225 τούτων
2961 4169 3193 4241 μᾶλλον,
3245 4166 3403 4238 εἰπερ
3438 4159 3690 4236 βούλεσθε
3732 4161 3798 4217 τὸ

2208 4266 2449 4338 ἀσφαλὲς
2481 4266 2647 4337 ἐχειν,
2696 4265 2921 4319 θύσατε
2953 4261 3174 4316 θυσίαν
3218 4258 3645 4323 δικαιοσύνης,
3694 4256 3795 4309 καί

2209 4360 2505 4415 ἐλπίσατε
2543 4356 2643 4411 ἐπὶ
2690 4357 2947 4424 Κύριον,
3010 4353 3105 4407 καὶ
3176 4351 3376 4424 μηκέτι
3427 4346 3793 4421 ταράττεσθε,

2210 4451 2583 4515 οίκειωθέντες
2615 4448 2693 4520 τῷ
2720 4448 2910 4518 Κυρίῳ
2944 4446 3032 4500 διὰ
3069 4445 3170 4515 τῆς
3203 4440 3569 4512 δικαιοσύνης.
3616 4439 3799 4491 Ἐπεί-

521 4549 794 4620 justitiam
845 4549 901 4602 in
932 4544 1027 4602 Dei
1079 4545 1339 4600 familiam
1384 4545 1612 4618 ascripti
1655 4544 1810 4599 estis.
1846 4539 2105 4608 Quando-

2215 4560 2321 4613 περ
2358 4542 2479 4595 ἀντὶ
2536 4540 2716 4611 πάσης
2752 4536 2945 4599 θυσίας
2989 4534 3171 4606 χαίρει
3220 4529 3658 4601 δικαιοπραγίαις
3702 4526 3799 4580 καὶ

527 4648 749 4718 quidem
778 4647 869 4703 ille
897 4660 1009 4718 pne
1038 4644 1294 4701 omnibus
1330 4644 1641 4706 sacriﬁciis,
1671 4641 1900 4712 justitite
1929 4639 2111 4710 operi-

527 4741 635 4797 bus
660 4751 714 4795 et
741 4746 892 4795 recte
925 4737 1090 4794 factis
1122 4736 1459 4803 delectatur;
1498 4734 1674 4789 multo
1704 4732 1849 4788 enim
1883 4739 2110 4803 prasta-

528 4834 699 4891 bilius
740 4841 826 4891 est
866 4834 943 4888 ita
980 4848 1163 4907 agere,
1194 4848 1361 4906 quam
1393 4831 1562 4888 irasci
1599 4840 1655 4886 et
1697 4829 1962 4884 ultionem
1996 4843 2111 4883 me-

529 4926 727 4994 ditari;
757 4941 877 4981 eam
916 4926 989 4982 ob
1020 4941 1157 4993 rem,
1204 4924 1511 4981 rebellante
1535 4921 1671 4991 ﬁlio,
1703 4936 1766 4977 ea
1820 4920 1953 4977 mihi
2002 4935 2109 4975 una

528 5035 663 5076 cura
694 5019 819 5087 fuit,
844 5026 905 5075 ut
933 5035 1028 5090 per
1051 5018 1322 5090 justitiam
1363 5016 1535 5074 Deum
1564 5017 1838 5087 placarem
1870 5034 1884 5069 :
1915 5028 2106 5086 quare,

527 5130 648 5169 cum
677 5114 975 5168 invocarem
1015 5114 1287 5167 exaudivit
1317 5128 1400 5166 me
1428 5111 1569 5165 Deus
1591 5108 1822 5179 justitite
1850 5123 2000 5172 mete,
2032 5114 2108 5171 et,

527 5204 585 5257 in
616 5202 959 5258 tribulatione
1000 5204 1246 5257 ditatasti
1291 5200 1445 5265 mihi,
1478 5198 1607 5269 quia
1640 5212 1765 5253 cum
1805 5197 2113 5253 sacriﬁcas-

530 5311 648 5353 sem
680 5296 1011 5352 sacriﬁcium
1034 5295 1285 5367 justitiae,
1321 5294 1377 5348 in
1407 5294 1528 5364 ipso
1561 5292 1797 5365 speravi.

603 5384 766 5441 Multi
792 5386 974 5443 dicunt
1006 5405 1025 5442 .'
1053 5389 1169 5460 quis
1199 5385 1437 5441 ostendet
1466 5385 1616 5440 nobis
1648 5382 1825 5442 bona?
1858 5384 1968 5439 Alii
1992 5384 2114 5457 qui-

531 5479 656 5535 dem
706 5481 811 5535 alia
855 5482 1189 5552 cogitantes,
1223 5481 1569 5551 maximeque
1611 5478 1706 5550 qui
1750 5479 1901 5550 gravi
1945 5477 2113 5533 corde

531 5578 663 5627 sunt
696 5570 793 5627 ﬁlii
819 5571 1127 5636 hominum,
1152 5571 1246 5642 qui
1285 5571 1581 5627 vanitatem
1610 5570 1734 5625 vitae
1763 5568 2018 5639 diligunt,
2050 5582 2115 5621 ac

529 5664 788 5736 ignorant
814 5680 936 5737 quae
962 5680 1091 5721 vere
1120 5665 1262 5721 bona
1292 5665 1421 5734 sint,
1445 5672 1501 5721 et
1537 5679 1657 5720 cum
1689 5677 1867 5733 neque
1891 5669 2115 5732 sperent

529 5775 711 5829 neque
746 5759 974 5813 credant
999 5774 1063 5815 ea
1102 5774 1161 5816 se
1198 5760 1417 5815 visuros
1448 5772 1714 5828 unquam,
1746 5754 1902 5810 aiunt
1934 5773 1947 5809 :
1980 5753 2113 5820 Quis

532 5851 771 5908 ostendet
818 5851 968 5908 nobis
1014 5853 1185 5908 bona?
1232 5850 1420 5915 Neque
1462 5851 1607 5907 enim
1647 5864 1712 5906 ea
1745 5847 1953 5909 vident.
1982 5845 2113 5902 auia

2211 4638 2333 4699 ταῖς
2376 4637 2495 4689 κατ’
2535 4633 2734 4706 ἀρετὴν
2772 4629 3024 4702 πράξεσι.
3069 4627 3180 4680 Καὶ
3220 4625 3378 4678 τοῦτο
3425 4622 3557 4677 πολὺ
3590 4620 3798 4692 βέλτιον

2212 4730 2469 4803 πράττειν
2512 4729 2545 4801 ἦ
2583 4726 2895 4801 ὀργίζεσθαι
2929 4725 3024 4779 καὶ
3077 4722 3305 4784 ἑαυτοὺς
3351 4717 3585 4771 ἐκδικεῖν
3624 4730 3795 4767 σπου-

2210 4825 2409 4891 δάζειν.
2462 4822 2553 4877 Διὸ
2600 4822 2664 4895 δὴ
2692 4822 2785 4876 καὶ
2831 4818 3013 4883 αὐτὸς,
3063 4812 3469 4874 ἐπαναστάντος
3500 4808 3595 4862 τοῦ
3649 4805 3794 4869 υἱοῦ,

2212 4918 2342 4990 περὶ
2395 4918 2555 4971 τοῦτο
2603 4915 2762 4987 μόνον
2816 4911 3126 4967 ἐσπούδασα
3179 4908 3268 4962 διὰ
3314 4903 3661 4974 δικαιοσύνης
3704 4900 3799 4955 τὸν

2211 5011 2343 5065 Θεὸν
2386 5009 2762 5079 ἱλασκόμενος·
2814 5006 2958 5072 ὅθεν,
2998 5006 3103 5059 Ἐν
3139 4999 3220 5067 τῷ
3260 4996 3678 5054 ἐπικαλεῖσθαί
3716 5012 3798 5064 με

2210 5101 2542 5171 εἰσήκουσά
2568 5119 2687 5172 μου
2711 5103 2743 5155 ό
2774 5098 2918 5164 Θεὸς
2959 5094 3068 5165 τῆς
3111 5093 3499 5159 δικαιοσύνης
3521 5088 3794 5159 pomata},

2211 5198 2281 5251 ὲν
2316 5195 2521 5264 θλίψει
2558 5189 2903 5257 emittm-ag
2943 5203 3078 5257 μοι’
3130 5185 3355 5257 ἐπειδὴ,
3387 5182 3554 5244 θύσας
3603 5178 3792 5234 θυσίαν

2213 5287 2582 5358 δικαιοσύνης,
2611 5287 2697 5338 ἐπ’
2734 5281 2896 5337 αὑτὸν
2929 5280 3153 5353 ἡλπισα.

2282 5380 2507 5437 Πολλοὶ
2521 5378 2828 5447 λέγουσιν·
2869 5374 2962 5440 Τίς
2993 5373 3173 5438 δείξει
3194 5368 3339 5441 ἡμῖν
3361 5364 3588 5438 ἀγαθά;
3609 5363 3795 5418 Ἀλλ’»ι

2218 5472 2518 5545 μὲν,φησὶν
2539 5511 2553 5534 ,
2580 5466 2757 5531 άλλως
2776 5465 3142 5537 διανοούμενοι
3166 5505 3179 5526 ,
3216 5463 3308 5517 καὶ
3344 5459 3576 5532 μάλιστα
3607 5457 3656 5510 οἱ
3692 5454 3790 5525 βα-

2219 5565 2496 5638 ρυκάρδιοι
2527 5563 2635 5616 υἱοὶ
2659 5560 2768 5614 τῶν
2810 5557 3110 5631 ἀνθρώπων
3134 5597 3149 5618 ,
3180 5556 3232 5608 οἱ
3271 5554 3369 5624 τὴν
3402 5551 3499 5606 τοῦ
3542 5548 3657 5619 βίου
3691 5564 3796 5638 μα-

2214 5635 2477 5726 ταιότητα
2512 5652 2856 5723 ἀγαπῶντες.
2890 5651 2989 5705 οὐκ
3032 5649 3233 5710 εἰδότες
3261 5647 3307 5698 τ’
3339 5641 3553 5714 άληθῶς
3588 5635 3795 5706 ἀγαθὰ,

2216 5748 2335 5801 οὐδὲ
2370 5746 2712 5810 ἐλπίζοντες,
2761 5742 2881 5795 οὐδὲ
2936 5739 3280 5799 πιστεύοντες
3313 5734 3483 5788 ταῦτα
3524 5728 3747 5800 ὄψεσθαι
3775 5767 3794 5791 ,

2219 5841 2380 5897 φασί·
2416 5841 2511 5905 Τίς
2539 5836 2718 5902 δείξει
2746 5834 2889 5902 ἡμῖν
2917 5832 2991 5888 τὰ
3018 5827 3245 5900 ἀγαθὼ
3268 5827 3342 5879 (lit
3364 5825 3470 5894 γὰρ
3496 5820 3796 5878 συνορῶσιν
