4096 6390
336 404 438 456 109

1456 391 1599 445 LUM
1611 387 1970 444 MENTARIA
2008 386 2070 438 IN
2112 383 2447 439 PSALMOS.

3483 382 3587 436 110

331 513 490 576 αὐτὰ,
514 512 589 582 τῷ
624 511 697 582 μὴ
730 507 1165 576 καταυγάζεσθαι
1197 506 1274 577 τῷ
1312 506 1450 575 φωτὶ
1488 506 1580 558 τοῦ
1616 501 1909 576 προσώπου

2016 499 2201 553 vultus
2221 498 2299 552 tui
2324 498 2533 552 lumine
2557 510 2667 550 non
2697 497 3045 551 illustrantur
3072 516 3084 550 :
3110 495 3460 566 quamobrem
3486 495 3590 548 rati

335 621 461 659 σου·
502 604 581 655 διὸ
609 603 672 673 δὴ
708 602 842 672 μόνα
872 600 939 653 τὰ
983 598 1162 669 γεώδη
1200 597 1294 650 καὶ
1335 597 1551 669 φθαρτά
1592 594 1918 664 ὑπολαμϐά-

333 712 513 757 νοντες
538 689 676 746 εἶναι
697 692 898 760 ἀγαθὰ,
925 691 1056 762 περὶ
1081 689 1254 743 ταῦτα
1291 686 1646 759 ἀσχολοῦνται
1666 686 1759 738 καὶ
1785 684 1919 739 ταῦ-

332 804 402 840 τα
430 784 868 855 μεταδιώκουσιν.
903 783 965 836 Ei
997 782 1053 835 δέ
1089 799 1172 844 τις
1201 780 1383 843 αὐτοῖς
1410 779 1538 850 περὶ
1575 777 1683 831 τῶν
1709 774 1918 831 θειοτέ-

336 895 443 951 ρων
470 878 562 930 καὶ
587 875 926 947 ἐπουρανίων
956 874 1126 942 λέγοι,
1150 874 1360 945 ἐρωτᾷν
1387 872 1639 925 εἰώθασιν
1659 887 1672 899 ⁸
1707 871 1812 923 Καὶ
1832 868 1920 930 τίς

334 967 444 1040 ἆρά
476 972 623 1023 ἐστιν
674 972 703 1022 ό
749 967 937 1031 δείξων
985 969 1115 1037 ἡμῖν
1157 966 1362 1031 ταῦτα;
1406 964 1545 1017 Ἀλλ’
1578 966 1774 1017 ἐκεῖνοι
1817 962 1917 1031 μὲν

333 1062 560 1115 τοιοῦτοί
588 1078 751 1124 τινες.
781 1061 972 1131 Ἡμεῖς
992 1059 1049 1112 δὲ
1072 1059 1200 1129 παρ’
1222 1052 1303 1121 οἷς
1333 1055 1663 1125 ἐσημειώθη
1695 1052 1760 1106 τὸ
1791 1050 1918 1131 φῶς

331 1151 439 1204 τοῦ
466 1147 790 1219 προσώπου
819 1163 959 1211 σου,
983 1143 1030 1201 ὦ
1057 1149 1253 1216 Κύριε,
1286 1145 1380 1199 κα)⁵
1412 1144 1503 1197 τὸν
1548 1140 1789 1206 δείξοντα
1820 1128 1918 1195 καὶ

333 1243 427 1296 τὸν
480 1243 722 1298 δώσοντα
770 1243 900 1313 ήμίν
945 1241 1084 1295 αὐτὰ
1131 1237 1475 1309 ἐπιστάμεθα
1523 1236 1628 1288 ὑπὸ
1680 1233 1772 1287 τοῦ
1820 1250 1916 1286 σου

334 1335 512 1404 φωτὸς
556 1336 635 1396 είς
673 1333 770 1406 τὴν
802 1334 1001 1402 γνῶσιν
1034 1333 1213 1386 αὐτῶν
1251 1314 1603 1401 ἐληλυθότεςε
1648 1327 1918 1393 Ἕδωκας

336 1427 725 1495 εὐφροσύνην
755 1429 841 1492 είς
873 1425 987 1493 τὴν
1012 1425 1263 1493 καρδίαν
1285 1440 1424 1493 μου.

416 1518 550 1572 Ἀπὸ
597 1519 828 1586 καρποῦ
862 1518 970 1572 τοῦ
1012 1518 1187 1571 σίτου
1224 1515 1325 1570 καὶ
1361 1516 1531 1569 οἴνου
1569 1515 1666 1567 καί
1706 1512 1916 1567 ἐλαίου

332 1608 533 1663 αὐτῶν
560 1609 1048 1677 ἐπληθύνθησαν.
1086 1608 1240 1661 Ἐπεὶ
1260 1607 1317 1659 δὲ
1351 1605 1618 1677 πολλαχοῦ
1645 1604 1752 1658 τῶν
1776 1604 1918 1674 Γρα-

338 1700 453 1770 φῶν
485 1702 543 1752 ὲν
574 1699 844 1766 εὐλογίαις
879 1702 1021 1761 σῖτος
1049 1698 1144 1751 καὶ
1177 1692 1315 1759 οἶνος
1340 1698 1456 1758 τοῖς
1501 1695 1676 1764 ἁγίοις
1706 1697 1915 1747 κεῖνται

333 1795 392 1846 ὲν
417 1790 738 1861 ἐπαγγελίᾳ,
767 1789 843 1853 ὡς
890 1789 983 1842 τοῦ
1027 1789 1270 1843 ἐναντίου
1333 1790 1445 1852 τοῖς
1500 1785 1843 1857 ἁμαρτωλοῖς
1879 1786 1914 1856 ή

2022 592 2138 645 sola
2166 601 2384 646 terrena
2415 601 2469 646 et
2496 589 2874 663 corruptibilia
2908 589 3049 644 bona
3077 604 3218 653 esse,
3248 589 3317 643 iis
3345 586 3586 652 student,

2018 699 2080 738 ea
2127 693 2552 754 persequuntur.
2589 682 2746 748 Quod
2791 683 2840 737 si
2880 682 3006 752 quis
3042 697 3136 735 eos
3178 681 3247 735 de
3286 681 3485 736 divinis
3523 696 3589 735 ac

2019 775 2339 830 caelestibus
2392 776 2722 844 alloquatur,
2771 789 2966 845 rogare
3018 772 3190 829 solent
3227 788 3241 827 :
3278 772 3413 837 Quis
3459 788 3590 842 ergo

2017 875 2102 920 est
2129 866 2223 936 qui
2270 868 2386 921 haec
2426 867 2678 921 ostendet
2727 865 2925 921 nobis?
2954 863 3031 919 Eo
3084 864 3162 917 illi
3209 863 3370 918 modo
3412 863 3589 918 allecti

2018 967 2166 1016 sunt.
2202 958 2315 1016 Nos
2352 975 2484 1015 vero
2515 958 2662 1030 apud
2689 973 2830 1029 quos
2859 959 3126 1027 signatum
3153 964 3231 1010 est
3262 956 3434 1010 lumen
3475 956 3590 1010 vul-

2019 1060 2102 1104 tus
2131 1051 2231 1115 tui,
2262 1050 2505 1114 Domine,
2540 1051 2634 1120 qui
2661 1051 2867 1105 lumine
2900 1056 2993 1103 tuo
3026 1048 3282 1102 illustrati
3317 1047 3374 1101 in
3397 1062 3586 1102 eorum

2016 1143 2382 1213 cognitionem
2417 1143 2685 1206 venimus,
2715 1143 2886 1213 probe
2918 1141 3124 1197 scimus
3153 1147 3209 1192 ct
3242 1138 3366 1209 quis
3400 1146 3587 1195 osten-

2016 1230 2113 1285 dat
2139 1241 2194 1286 et
2225 1233 2350 1303 quis
2383 1230 2629 1288 conferat
2658 1232 2750 1286 illa
2782 1249 2798 1285 :
2835 1229 3039 1284 Dedisti
3077 1227 3320 1282 lwtitiam
3349 1227 3404 1281 in
3432 1227 3588 1281 corde

2018 1340 2149 1377 meo.

2087 1498 2255 1555 Vens.
2285 1500 2338 1554 8.
2375 1500 2420 1553 Α
2449 1500 2626 1569 fructu
2663 1500 2937 1570 frumenti,
2977 1501 3085 1554 vini
3110 1510 3159 1553 et
3190 1499 3294 1553 olei
3330 1499 3414 1553 sui
3447 1496 3587 1551 mul-

2018 1591 2245 1658 tiplicati
2288 1600 2435 1645 sunt.
2482 1590 2620 1655 Quia
2662 1591 2718 1645 in
2764 1592 2951 1645 multis
2993 1589 3402 1660 Scripturarum
3453 1588 3589 1643 locis

2017 1680 2349 1735 frumentum
2391 1687 2445 1735 et
2482 1680 2670 1734 vinum
2715 1680 2860 1735 inter
2900 1679 3295 1751 promissiones
3329 1695 3394 1733 ac
3426 1679 3591 1733 bene-

2015 1770 2285 1826 dictiones
2330 1777 2626 1840 ponuntur,
2657 1777 2822 1839 atque
2849 1785 2915 1825 ex
2951 1769 3179 1825 adverso
3207 1770 3590 1838 peccatoribus

335 1882 538 1934 τούτων
565 1860 845 1952 στέρησις·
873 1879 1023 1944 ἀξιον
1050 1879 1357 1949 ἀποστῆσαι
1381 1879 1479 1948 τῆς
1506 1876 1648 1931 κατά
1674 1876 1735 1929 τὸ
1755 1875 1909 1947 ῥητὸν

2018 1860 2335 1916 earumdem
2364 1861 2599 1931 privatio
2623 1861 2996 1927 denuntiatur;
3015 1861 3126 1929 jam
3148 1875 3329 1932 Operae
3352 1861 3588 1930 pretium

332 1971 487 2041 ψιλὸν
524 1970 867 2041 ὑπολήψεως,
904 1969 1032 2033 τούς
1057 1987 1114 2022 τε
1155 1968 1571 2041 ἀκεραιοτὲρους
1606 1966 1714 2020 τῶν
1754 1984 1915 2019 πεπι-

335 2064 660 2125 στευκότων,
692 2062 936 2124 καὶτοὺς
981 2061 1068 2118 διὰ
1112 2060 1212 2131 τὴν
1266 2059 1565 2131 μικρότητα
1593 2058 1694 2128 τῆς
1743 2059 1916 2126 ἑπαγ-

333 2154 520 2223 γελίας
547 2153 718 2223 ἑτέρῳ
744 2151 862 2222 Θεῷ
893 2150 1353 2221 ἀναπλαττομένῳ
1389 2149 1481 2203 ὑπ’
1508 2149 1688 2202 αὐτῶν
1726 2148 1913 2218 βουλο-

336 2245 534 2317 μένους
570 2246 927 2315 προσκυνείνυ
982 2242 1078 2296 καὶ
1128 2240 1506 2313 φιλοτιμητέον
1553 2241 1615 2294 τὸ
1670 2240 1914 2294 ποικίλον

331 2337 439 2390 τῶν
476 2334 804 2406 σωματικῶν
836 2334 1140 2407 βρωμάτων
1176 2334 1473 2403 ἀναγαγεῖν
1500 2333 1594 2387 ἐπὶ
1615 2332 1808 2395 ταῦτα,
1836 2326 1913 2386 ὧν

335 2427 824 2499 μεταλαμϐάνουσα
853 2429 973 2481 κατ’
1018 2426 1176 2491 ἀξίαν
1208 2426 1412 2497 ἑκάστη
1451 2424 1597 2497 ψυχὴ
1629 2425 1914 2494 ἀγιάζεταί

332 2536 392 2571 τε
425 2520 521 2572 καὶ⁹
542 2520 756 2573 εὐικτεῖ
787 2519 881 2572 καὶ
912 2521 1328 2590 ίσχυροποιεῖται
1368 2518 1507 2589 πρὸς
1538 2504 1600 2572 τό
1653 2517 1912 2573 δύνασθαι

331 2605 399 2659 τὰ
438 2606 797 2660 ἐπιϐάλλοντα
828 2608 963 2678 αὐτῇ
1014 2606 1150 2679 ἔργα
1198 2608 1484 2662 ὲπιτελεῖψ
1511 2608 1652 2677 Ἐγὼ
1683 2610 1741 2662 δὲ
1760 2605 1914 2679 οἶμαι

334 2698 472 2751 αὐτὰ
497 2700 593 2751 καὶ
625 2700 704 2762 είς
727 2700 818 2751 τὸν
854 2698 1114 2768 μέλλοντα
1149 2699 1322 2753 αἰῶνα
1347 2699 1664 2767 ἀνάγεσθαι.
1691 2700 1802 2753 Καὶ
1828 2700 1914 2753 ἵνα

338 2791 413 2857 μὴ
444 2788 571 2857 περὶ
618 2789 725 2841 τῶν
768 2788 1099 2859 τηλικούτων
1142 2788 1474 2859 ἀμαρτύρως
1504 2788 1742 2859 δόξωμεν
1781 2790 1914 2842 ἀπο-

335 2878 644 2945 φαίνεσθαι,
683 2878 905 2949 ἀρκέσει
954 2881 1084 2949 ἡμῖν
1140 2876 1349 2940 Παῦλος
1402 2878 1713 2947 σαφέστατα
1757 2878 1915 2931 τοῦτο

332 2967 599 3020 διδάσκων
646 2970 703 3023 ἐν
723 2972 790 3040 τῇ
826 2969 961 3040 πρὸς
987 2968 1378 3039 Φιλιππησίους
1402 2967 1685 3035 Ἐπιστολῇ
1706 2966 1877 3033 οὕτως
1894 2983 1910 3001 ⁸

331 3059 431 3127 Μὴ
462 3056 575 3113 οὖν
603 3077 692 3126 τις
721 3058 877 3129 ὑμᾶς
900 3060 1146 3129 κρινέτω
1182 3059 1255 3114 ἐν
1278 3059 1505 3129 βρώσει
1535 3060 1574 3128 ἢ
1612 3060 1683 3114 ἐν
1714 3061 1910 3125 πόσει,

333 3151 372 3219 ἢ
398 3152 468 3203 ἐν
485 3151 652 3220 μέρει
683 3149 950 3220 ἑορτῆςῆ
976 3152 1308 3221 νουμηνίας
1334 3149 1676 3207 σαϐϐάτων*
1704 3152 1744 3207 ἅ
1778 3152 1913 3207 ἐστι

332 3243 477 3298 σκιὰ
496 3243 614 3297 τῶν
630 3244 1006 3314 μελλόντων.

414 3426 511 3477 Ἐν
557 3423 764 3495 εἰρήνῃ
816 3423 914 3478 ἐπὶ
973 3424 1041 3478 τὸ
1101 3423 1248 3479 αὐτὸ
1311 3424 1745 3493 κοιμηθήσομαι
1808 3425 1928 3481 καί.

331 3515 620 3577 ὑπνώσω,
661 3515 751 3568 ὅτι
782 3514 885 3580 σὺ,
923 3515 1122 3584 Κύριε,
1166 3514 1316 3569 κατὰ
1350 3516 1542 3584 μόνας
1579 3516 1672 3569 ἐπ’
1709 3515 1911 3570 ἐλπίδι

335 3605 672 3673 κατῴκισάς
690 3622 786 3676 με.
818 3607 1002 3660 Ἔοικε
1029 3605 1216 3676 δηλοῦν
1243 3606 1342 3676 τὴν
1372 3606 1581 3677 ἀόλαᾶῆ
1602 3605 1784 3660 ἄνεσιν
1816 3607 1910 3659 καὶ

334 3695 641 3748 ἀνάπαυσιν
670 3693 770 3765 τῆς
800 3694 1000 3765 ψυχῆς,
1032 3693 1337 3765 συμφώνως
1364 3694 1442 3765 τῷ
1459 3694 1586 3764 θείῳ
1616 3694 1761 3767 λόγῳ
1787 3698 1909 3749 ἐσο-

338 3785 505 3856 μένην
551 3784 687 3855 μετά
728 3784 828 3848 τὰς
870 3783 1006 3854 πρὸς
1051 3784 1121 3837 τὰ
1163 3782 1423 3837 κάλλιστα
1470 3782 1719 3856 Θεωρίας.
1757 3784 1910 3855 Τάχα

331 3878 441 3950 γὰρ
472 3876 530 3931 ὃν
557 3877 757 3949 τρόπον
799 3876 941 3929 κατά
977 3875 1037 3928 τὸ
1082 3875 1241 3946 σῶμα
1273 3877 1535 3945 φαγόντες
1574 3876 1668 3929 καὶ
1696 3876 1909 3938 πιόντες

333 3969 573 4029 ἀνέσεως
589 3966 818 4040 δεόμεθα
842 3967 944 4037 τῆς
964 3966 1106 4021 κατὰ
1136 3968 1226 4021 τὸν
1250 3968 1445 4021 ὕπνονσ
1475 3966 1645 4030 οὕτως
1680 3967 1740 4019 ού
1774 3966 1909 4019 πάν-

331 4076 459 4113 τοτε
492 4058 764 4129 δυναμένη
788 4058 1032 4128 διαρκεῖν
1063 4059 1096 4128 ἡ
1129 4057 1274 4130 ψυχὴ
1313 4058 1448 4129 πρὸς
1476 4057 1538 4110 τὸ
1574 4056 1819 4127 θεωρεῖν,
1850 4058 1908 4109 ὲν

332 4150 512 4222 καιρῷ
538 4149 833 4213 ὲνατενίζει
861 4152 974 4213 τοῖς
1014 4149 1157 4202 κατά
1198 4149 1298 4220 τὴν
1329 4147 1531 4219 ὲαυτῆς
1570 4148 1796 4217 δύναμιν
1828 4146 1906 4217 τῷ

332 4243 619 4315 αὐτάρκειο
647 4238 764 4295 εἶτα
803 4242 1158 4295 διανάπαυσιν
1189 4239 1471 4312 ἡγούμεθα
1505 4239 1793 4310 δηλοῦσθαι
1818 4239 1905 4293 διὰ

331 4334 427 4387 τοῦ
450 4350 465 4363 ·
512 4333 616 4386 Ἔν
658 4329 866 4400 εἰρήνῃ
901 4330 1001 4384 ἐπὶ
1041 4330 1107 4384 τὸ
1143 4332 1290 4384 αὐτὸ
1329 4330 1763 4400 κοιμηθήσομαι
1804 4329 1904 4384 καί

333 4421 611 4480 ὑπνώσω.

414 4600 641 4653 Ἐκεῖνοι
685 4599 804 4670 μὲν,
838 4599 1022 4669 φησὶν,
1054 4600 1104 4652 οἱ
1157 4599 1345 4653 πολλοὶ
1400 4599 1495 4653 ἃτε
1541 4600 1606 4672 δὴ
1645 4601 1900 4655 πλατεῖαν

332 4689 426 4742 καὶ
459 4688 768 4759 εὐρύχωρον
802 4688 1096 4752 ὁδεύοντες,
1130 4689 1196 4741 δι’
1223 4685 1291 4760 ἧς
1317 4692 1365 4742 οἱ
1396 4689 1580 4742 πολλοὶ
1608 4691 1901 4761 βαδίζουσι,

330 4780 430 4833 οὐκ
454 4780 668 4843 ἐλπίζον
683 4780 783 4845 ῐες,
823 4780 907 4843 τίς
937 4778 1098 4843 δείξει
1129 4781 1313 4844 αὐτοῖς
1347 4781 1414 4833 τὰ
1455 4781 1594 4835 κοιτά
1648 4782 1902 4854 ἀλήθειαν

330 4870 529 4939 ἀγαθὰ,
561 4874 618 4924 ὲν
645 4872 772 4942 οἴνῳ
800 4874 893 4926 καὶ
926 4872 1090 4942 ἐλαίῳ
1132 4873 1226 4925 καὶ
1257 4872 1389 4944 σίτῳ
1422 4873 1801 4944 πληθύνοντες,
1828 4876 1902 4938 ὡς

255 5001 270 5018 κ
330 4960 551 5030 ἀγαθῶν
583 4962 785 5018 τούτων
817 4964 1108 5017 ἀπολαύειν
1134 4963 1390 5033 ἡγοῦνται
1410 4982 1424 4996 ’
1454 4967 1577 5035 ἐμοὶ
1615 4965 1673 5018 δὲ
1693 4965 1770 5036 τῷ
1799 4984 1899 5020 κα-

329 5052 652 5124 ταξιωμένῳ
691 5052 786 5107 τοῦ
831 5056 1005 5125 φωτὸς
1051 5054 1142 5107 τοῦ
1187 5053 1475 5125 προσώπου
1520 5073 1642 5120 σου,
1692 5056 1897 5126 Κύριε,

330 5140 535 5206 ἔδωκας
570 5143 904 5215 εὐφροσύνην
934 5142 1190 5215 καρδίαςο
1220 5142 1334 5196 ἀλλ’
1367 5143 1486 5196 οὐδὲ
1520 5143 1737 5215 σαρκῶν
1778 5143 1899 5197 οὐδὲ

331 5235 618 5304 σωμάτων,
651 5234 745 5289 καὶ
778 5235 840 5287 οὐ
865 5234 962 5307 τὴν
1003 5236 1063 5299 ἐξ
1099 5236 1241 5289 οἴνου
1267 5234 1362 5290 καὶ
1395 5234 1541 5288 σίτου
1584 5236 1677 5290 καὶ
1718 5235 1897 5288 ἐλαίου

330 5326 545 5397 σώμασι
601 5327 1010 5399 χορηγουμένην
1032 5369 1047 5393 ,
1090 5326 1204 5381 ἀλλ’
1239 5328 1573 5399 εὐφροσύνην
1616 5327 1714 5398 τὴν
1758 5326 1899 5381 κατά

329 5415 588 5472 διάνοιαν.
629 5416 834 5472 Μαθὼν
878 5417 988 5487 γὰρ
1020 5418 1169 5490 παρά
1212 5418 1305 5472 τοῦ
1355 5417 1602 5489 Σωτῆρος
1640 5416 1735 5470 καὶ
1788 5416 1897 5470 τῶν

332 5506 442 5560 σῶν
479 5508 839 5577 ἐπαγγελιῶν,
866 5508 969 5573 ὅτι,
1011 5511 1060 5561 εί
1093 5509 1189 5562 καλ⁵
1218 5509 1287 5562 τὰ
1334 5509 1567 5579 μάλιστα
1623 5509 1763 5562 κατὰ
1806 5509 1897 5562 τὸν

327 5592 597 5649 δνεστῶτα
634 5593 746 5664 βίον
783 5595 948 5649 λύπαι
982 5612 1071 5666 μοι
1110 5596 1202 5649 καὶ
1245 5595 1450 5667 θλίψεις
1483 5598 1576 5651 καὶ
1605 5598 1897 5670 πειρασμοὶ

327 5682 424 5735 καὶ
453 5685 798 5749 περιστάσεις
823 5688 885 5740 ού
911 5686 1295 5753 διαλείπουσιν,
1328 5687 1440 5742 ἀλλ’
1471 5689 1620 5743 ἔσται
1654 5705 1744 5761 μοι
1774 5707 1893 5747 και-

399 5794 448 5826 ⁸⁰
483 5795 695 5854 Coloss.
729 5813 802 5864 ιι,
837 5799 933 5865 16,
968 5800 1057 5857 17.

2015 1959 2120 2015 est,
2150 1960 2211 2006 ut
2238 1952 2575 2006 credentium
2606 1952 2990 2022 simpliciores,
3019 1965 3232 2006 necnon
3259 1967 3356 2008 eos
3386 1952 3479 2021 qui
3517 1952 3591 2006 ob

2015 2042 2399 2113 promissionis
2450 2043 2769 2097 tenuitatem
2817 2043 2977 2097 deum
3026 2041 3226 2107 alium,
3275 2056 3436 2111 quem
3485 2043 3590 2111 ipsi

2015 2134 2121 2190 sibi
2161 2132 2677 2198 comminiscuntur,
2709 2133 2942 2187 adorare
2970 2133 3184 2197 volunt,
3217 2133 3286 2188 ab
3332 2132 3592 2203 opinions

2014 2234 2180 2296 atque
2210 2225 2486 2281 sententia
2516 2223 2856 2294 huiusmodi,
2891 2239 2957 2278 ex
2990 2224 3184 2279 litterae
3213 2224 3423 2279 vilitate
3454 2239 3589 2279 con-

2014 2326 2191 2389 cepta.
2218 2317 2585 2372 retrahamus.
2618 2315 2685 2370 Et
2714 2330 2928 2372 summo
2952 2313 3171 2385 quidem
3196 2330 3361 2385 opere
3390 2330 3592 2369 curan-

2014 2410 2167 2477 dum,
2198 2416 2259 2463 ut
2288 2410 2471 2464 varios
2500 2409 2625 2464 illos
2654 2408 2970 2477 corporales
3000 2407 3154 2463 cibos
3178 2407 3246 2461 ad
3281 2406 3418 2461 alios
3443 2406 3593 2460 refe-

2013 2516 2223 2565 ramus,
2259 2500 2415 2571 queis
2462 2514 2564 2570 pro
2611 2500 2809 2554 merito
2856 2496 3062 2554 refecta
3110 2498 3295 2559 anima
3338 2514 3587 2569 quaeque,

2013 2600 2202 2646 sancta
2234 2591 2489 2654 edicitur,
2522 2591 2660 2645 bene
2703 2591 2866 2654 valet,
2900 2589 3153 2661 virosque
3193 2590 3393 2660 accipit
3428 2589 3494 2643 ad
3525 2604 3589 2643 ea

2014 2696 2201 2751 opera,
2232 2696 2354 2751 quae
2399 2681 2485 2737 sui
2537 2680 2698 2735 oilicii
2744 2688 2873 2734 sunt
2917 2681 3284 2751 exsequenda.
3316 2681 3426 2750 Ego
3460 2695 3590 2735 vero

2013 2771 2226 2827 aestimo
2257 2772 2374 2841 ipsa
2403 2772 2565 2825 etiam
2597 2772 2663 2824 ad
2690 2771 2935 2825 futurum
2972 2771 3229 2825 saeculum
3256 2769 3587 2825 reducenda.

2012 2863 2091 2916 Ac
2135 2878 2207 2915 ne
2248 2862 2315 2916 de
2362 2862 2529 2917 tantis
2570 2863 2734 2917 rebus
2773 2863 3058 2917 videamur
3102 2864 3221 2918 sine
3269 2861 3588 2917 testimonio

2013 2953 2337 3008 sententiam
2374 2954 2538 3017 ferre,
2579 2952 2809 3009 sulliciat
2851 2953 3010 3008 nobis
3048 2951 3279 3008 Paulum
3308 2952 3502 3007 alien-re
3529 2953 3589 3007 in

2013 3041 2258 3113 Epistola
2310 3043 2376 3100 ad
2428 3043 2811 3116 Philippenses
2862 3045 3098 3115 idipsum
3153 3046 3439 3099 docentem
3499 3043 3589 3099 his

2013 3137 2194 3192 verbis
2219 3156 2232 3191 :
2263 3136 2434 3192 Nemo
2458 3155 2547 3192 vos
2567 3137 2771 3206 judicet
2794 3138 2849 3191 in
2875 3136 3010 3202 cibo,
3037 3146 3128 3190 aut
3155 3138 3210 3190 in
3235 3146 3384 3205 potu,
3409 3145 3501 3189 aut
3532 3137 3588 3189 in

2010 3234 2163 3295 parte
2216 3225 2322 3280 diei
2370 3226 2493 3295 festi
2561 3238 2650 3280 aut
2697 3227 2976 3281 ncomenia:
3040 3224 3413 3290 sabbatorum,
3464 3241 3584 3295 qua

2011 3327 2135 3372 sunt
2163 3317 2353 3373 umbra
2380 3319 2681 3387 futurorum
2703 3319 2773 3371 ⁸⁸.

2081 3409 2249 3466 Vens.
2282 3410 2336 3478 9,
2363 3411 2451 3465 i0.
2496 3409 2561 3464 In
2588 3427 2717 3481 pace
2755 3411 2814 3464 in
2847 3409 3080 3480 idipsum
3124 3409 3391 3464 dormiam
3418 3415 3470 3461 et
3498 3423 3586 3461 rea

2009 3502 2313 3573 quiescam;
2352 3504 2603 3574 quoniam
2651 3513 2728 3570 tu,
2759 3502 3003 3568 Domine,
3031 3501 3373 3571 singulariter
3407 3500 3464 3553 in
3494 3515 3584 3569 spe

2009 3595 2333 3650 constituisti
2376 3612 2476 3650 me.
2519 3595 2766 3649 lndicare
2796 3593 3012 3649 videtur
3037 3593 3315 3647 innoxiam
3344 3590 3583 3661 quietem

2009 3687 2285 3759 animique
2329 3688 2731 3752 remissionem,
2767 3702 2890 3759 qua:
2932 3695 3057 3757 post
3099 3685 3585 3756 praestantissima-

2007 3795 2129 3835 rum
2156 3794 2339 3836 rerum
2367 3779 2908 3850 contemplationem,
2938 3787 2998 3833 ut
3032 3778 3219 3833 divino
3247 3776 3415 3832 verbo
3442 3791 3580 3830 con-

2006 3872 2176 3938 venit,
2209 3872 2475 3927 sumenda
2497 3881 2602 3928 est.
2629 3872 2887 3928 FortasSe
2913 3871 3059 3926 enim
3083 3871 3225 3926 sicut
3246 3879 3368 3939 post
3396 3868 3580 3923 cibum

2007 3969 2302 4034 potumque
2343 3964 2703 4031 corporalem,
2733 3965 2916 4032 quiete
2953 3961 3045 4016 illa
3088 3976 3311 4030 egemus
3335 3976 3458 4029 quae
3484 3974 3580 4029 per

2008 4067 2259 4108 somnum
2289 4053 2545 4118 sumitur,
2579 4052 2653 4107 ita
2682 4068 2806 4106 cum
2838 4067 2948 4107 non
2987 4052 3167 4107 valeat
3206 4053 3388 4105 anima
3437 4068 3580 4107 sem-

2006 4160 2103 4214 per
2145 4159 2210 4198 ac
2252 4145 2372 4199 sine
2420 4144 2828 4199 intermissione
2875 4141 3324 4212 contemplationi
3360 4156 3578 4205 vacare,

2006 4242 2158 4289 certo
2201 4235 2421 4304 quidem
2466 4242 2711 4304 tempore
2764 4231 3074 4302 spiritualia
3120 4229 3346 4299 respicit
3384 4243 3447 4283 ac
3479 4243 3580 4297 pro

2003 4326 2215 4382 viribus
2262 4326 2613 4397 speculatur;
2649 4322 2845 4379 deinde
2883 4337 3015 4378 vero
3042 4321 3335 4392 requiescit
3366 4338 3380 4375 :
3411 4334 3577 4390 quam

2001 4426 2259 4489 putamus
2283 4417 2527 4488 requiem
2558 4417 2646 4471 bis
2676 4414 2975 4487 signiﬁcari
2998 4432 3012 4469 :
3032 4411 3100 4468 In
3119 4428 3245 4483 pace
3269 4414 3327 4467 in
3348 4412 3577 4482 idipsum

1931 4542 1976 4597 Β
2003 4506 2267 4562 dormiam
2293 4518 2343 4563 et
2374 4508 2714 4578 requiescam.

2074 4601 2157 4655 llli
2185 4608 2353 4664 certe,
2378 4602 2473 4666 ait,
2503 4600 2595 4670 qui
2628 4598 2784 4653 multi
2812 4613 3041 4654 numero
3066 4604 3216 4662 sunt,
3234 4596 3391 4650 multi
3421 4611 3577 4650 nam.

2005 4711 2112 4766 que
2157 4696 2214 4749 in
2257 4696 2365 4748 lata
2405 4695 2755 4764 spatiosaque
2784 4694 2871 4747 via
2901 4693 3258 4762 gradiuntur;
3307 4705 3418 4744 non
3450 4704 3573 4758 spe-

2002 4797 2189 4842 rantes
2220 4786 2412 4841 adesse
2439 4785 2770 4855 quempiam,
2800 4788 2894 4854 qui
2919 4785 3168 4839 ostendat
3196 4783 3328 4854 ipsis
3359 4799 3421 4837 ea
3451 4796 3572 4852 qua

2003 4879 2302 4933 secundum
2332 4878 2410 4931 rei
2439 4877 2723 4931 veritatem
2764 4876 2903 4930 bona
2948 4885 3103 4943 sunt;
3137 4877 3283 4940 vino,
3314 4876 3435 4930 oleo
3485 4881 3572 4928 at-

2000 4985 2108 5038 que
2144 4969 2418 5023 frumento
2444 4967 2726 5023 ailluentes
2746 5005 2763 5032 ,
2790 4968 2860 5022 iis
2886 4981 2946 5022 se
2971 4976 3228 5037 tanquam
3257 4981 3384 5021 vere
3410 4964 3570 5020 bonis

2000 5060 2111 5115 frui
2152 5061 2514 5116 arbitrantur.
2568 5060 2700 5116 Mihi
2732 5076 2897 5125 vero,
2933 5074 3094 5130 quem
3138 5059 3343 5113 lumine
3384 5058 3569 5114 vultus

2000 5153 2078 5205 tui
2109 5151 2366 5222 dignatus
2396 5166 2491 5216 es,
2528 5151 2790 5217 Domine,
2831 5152 3017 5206 cordis
3051 5150 3292 5204 laetitiam
3324 5149 3564 5214 dedisti;
3598 5178 3603 5185 -

1998 5258 2110 5299 non
2159 5244 2309 5298 illam
2360 5258 2493 5299 sane
2535 5258 2657 5314 quae
2693 5244 2849 5298 carni
2896 5241 3225 5311 corporique
3274 5239 3564 5309 competit,
3651 5297 3654 5300 ,

2000 5350 2178 5406 neque
2210 5334 2360 5390 illam
2392 5351 2516 5406 qua
2545 5335 2855 5400 frumento,
2885 5334 3015 5389 vino
3081 5340 3135 5388 et
3167 5331 3287 5389 oleo
3315 5331 3562 5395 affertur,

1999 5425 2095 5482 sed
2147 5426 2387 5482 laetitiam
2436 5441 2558 5497 qua),
2598 5433 2781 5481 mente
2822 5424 3143 5495 percipitur.
3187 5424 3322 5479 Cum
3351 5424 3495 5478 enim
3530 5438 3563 5475 a

2000 5516 2284 5574 Salvatore
2308 5533 2488 5589 exque
2515 5517 2803 5588 promissis
2830 5514 2942 5571 tuis
2967 5513 3281 5570 edidicerim
3300 5553 3317 5578 ,
3347 5515 3563 5568 etiamsi

1996 5610 2132 5664 mihi
2183 5610 2434 5675 dolores,
2484 5622 2774 5677 aerumna,
2816 5609 3174 5673 tentationes,
3225 5606 3562 5661 calamitates

1995 5701 2056 5757 in
2116 5702 2370 5773 praesenti
2417 5702 2527 5758 vita
2575 5714 2688 5758 non
2739 5700 3033 5767 deﬁciant,
3084 5698 3329 5755 futurum
3379 5707 3559 5751 tamen
