4096 6388
479 350 578 405 Hi

1179 340 1449 409 EUSEBII
1488 353 1970 411 CESARIENSIS
2006 354 2158 411 OPP.
2200 353 2381 409 PARS
2418 353 2505 409 Ill.
2545 385 2606 394 —
2648 354 3057 413 EXEGETICA.

3622 359 3724 414 1ίῖ

472 474 603 529 mihi
637 482 850 543 tempus
881 490 993 545 quo
1026 490 1056 529 a
1087 490 1318 545 corpore
1367 474 1663 544 decedam,
1710 494 1773 533 ac
1817 480 1871 533 in
1911 493 2045 549 pace

2154 478 2246 548 ρὺς
2277 478 2306 530 6
2325 477 2427 547 τῆς
2449 476 2770 547 ἀπαλλαγῆς
2796 475 2890 529 τοῦ
2916 475 3183 544 σώματος,
3208 474 3331 529 καθ’
3354 475 3413 527 δν
3448 477 3503 529 ἐν
3534 477 3725 549 είρήνη

470 565 736 621 dormiam
759 605 774 631 ,
808 576 858 621 et
894 583 924 621 a
954 583 1182 636 corpore
1211 569 1525 635 liberabor;
1559 586 1854 641 persuasus
1886 576 2047 643 plane

469 672 590 712 sum
630 663 770 710 tunc
808 657 943 711 mihi
985 656 1173 713 adfore
1194 658 1395 715 laetitias
1425 661 1585 716 tinem
1614 676 1678 717 ac
1704 677 2049 720 consumma-

470 749 675 803 tionem
703 767 717 815 ;
751 763 877 802 cum
908 749 1118 805 scilicet
1146 766 1233 808 me
1257 766 1428 822 sopor
1454 752 1543 807 ille
1569 756 1871 826 mortisque
1900 773 2048 813 som-

470 855 577 894 nus
609 840 1105 910 comprehenderit.
1141 842 1296 897 Tunc
1324 844 1470 898 cnim
1501 851 1561 899 tu
1597 846 1745 916 ipse,
1786 845 2042 910 Domine.

470 946 561 986 mc
592 932 690 985 tali
721 947 815 1002 spe
861 932 1001 988 bona
1041 934 1368 991 instructum
1414 938 1659 1007 excipies
1700 947 1755 992 et
1792 939 1846 992 in
1877 941 2046 995 caele-

472 1023 654 1077 stibus
677 1024 1058 1082 mansionibus
1086 1027 1403 1084 collocabis.
1430 1028 1670 1084 Observa
1693 1045 1857 1100 porro
1884 1031 2046 1085 etiam

474 1109 580 1165 hoc
610 1111 732 1166 loco
761 1112 1182 1183 diapsalmalum
1210 1116 1630 1179 distinctiones,
1661 1135 1781 1189 qua:
1809 1119 1891 1173 vel
1923 1136 2048 1173 sen-

474 1201 663 1257 tentia:
689 1205 1049 1259 mutationem
1076 1206 1323 1261 indicant
1341 1247 1356 1271 ,
1384 1210 1469 1263 vel
1497 1208 1731 1266 fortasse
1758 1210 2045 1266 melodiam

473 1304 797 1347 conversam
817 1333 832 1358 ,
865 1293 981 1349 sive
1013 1294 1251 1366 denique
1281 1297 1623 1369 rhythmum.

545 1464 801 1522 Asterius
828 1472 1013 1523 autem
1039 1469 1264 1524 arianus
1292 1469 1436 1523 hunc
1465 1469 1733 1539 psalmum
1766 1470 1846 1525 sic
1875 1486 2047 1540 expo-

475 1555 627 1611 suit:
682 1554 897 1622 Quare,
945 1557 999 1612 in
1041 1557 1199 1625 ﬁnem
1243 1559 1299 1612 in
1335 1559 1572 1629 hymnis,
1620 1560 1916 1630 inscriptus
1958 1562 2048 1617 hic

472 1646 722 1716 psalmus
771 1649 898 1705 est?
937 1649 1076 1715 Quia
1118 1650 1289 1721 probe
1330 1652 1528 1721 cmpit,
1566 1666 1629 1705 ac
1664 1652 1833 1722 probe
1879 1652 2047 1707 vitam

473 1739 610 1794 obiit
639 1758 652 1793 :
685 1741 803 1806 vel,
829 1741 959 1811 quia
986 1741 1126 1796 male
1152 1742 1430 1811 inceperat
1454 1784 1468 1807 ,
1499 1756 1625 1796 cum
1656 1741 1799 1798 Uria:
1822 1759 2048 1798 uxorem

2156 572 2452 641 ποιήσομαι
2483 569 2581 640 τὴν
2609 570 2863 639 κοίμησιν
2898 570 2994 623 καὶ
3021 570 3118 640 τὴν
3152 568 3467 637 ἀπαλλαγὴν
3498 567 3591 622 τοῦ
3623 567 3729 623 σώο

2155 679 2323 733 ματος
2343 678 2358 693 ’
2408 657 2466 715 εὖ
2504 661 2561 714 δέ
2598 661 2840 732 ἀκριϐῶς
2867 662 3198 732 πέπεισμαι,
3226 661 3308 714 ὅτι
3340 660 3459 713 τότε
3490 677 3579 731 μοι
3617 678 3727 716 πα-

2156 754 2341 826 ρέσται
2372 753 2442 807 τά
2479 753 2604 825 τέλη
2631 754 2730 824 τῆς
2770 753 3127 825 εὐφροσύνης,
3162 752 3379 807 ἐπειδὰν
3410 754 3443 823 ἠ
3473 753 3727 824 κοίμησίς

2155 864 2222 918 με
2257 845 2540 919 καταλάϐῃ
2571 847 2665 899 καὶ
2712 847 2741 898 6
2789 845 2932 900 κατὰ
2969 845 3060 898 τὸν
3103 844 3329 898 θάνατον
3372 845 3551 909 ὕπνος.
3593 846 3725 899 Τότε

2152 940 2260 1009 γὰρ
2293 938 2357 991 σὺ
2406 937 2567 1000 αὐτὸς
2605 938 2654 1000 6,
2706 937 2901 1009 Κύριε,
2934 935 3072 1007 μετά
3120 938 3218 1007 τῆς
3260 936 3469 1006 ἀγαθῆς
3521 937 3726 1008 ταύτης

2150 1029 2366 1092 ἐλπίδος
2395 1027 2678 1083 ἀναλαϐών
2712 1046 2778 1099 με
2810 1031 3103 1091 κατοικιεῖς
3137 1030 3195 1081 ἐν
3236 1030 3353 1091 ταῖς
3389 1030 3727 1098 ἐπουρανίοις

2155 1122 2364 1192 μοναϊς.
2395 1121 2711 1190 Σημείωσαι
2730 1120 2787 1173 δέ
2816 1120 3091 1174 κάνταῦθα
3121 1120 3218 1183 τάς
3242 1120 3338 1172 ἐπὶ
3367 1123 3477 1181 τοῖς
3506 1120 3730 1190 διαψάλ-

2154 1229 2286 1282 μασι
2323 1211 2627 1275 διαστολὰς,
2659 1213 2778 1282 ἦτοι
2816 1212 2914 1282 τῆς
2954 1212 3189 1275 διανοίας
3232 1212 3530 1283 ἐναλλαγὴν
3568 1230 3731 1284 παρι-

2150 1303 2386 1368 στώσας,
2409 1305 2442 1375 ἢ
2466 1304 2605 1374 τάχα
2627 1304 2930 1375 μεταδολὴν
2950 1303 3043 1357 τοῦ
3075 1304 3266 1374 μέλους
3297 1304 3728 1371 ἐναλλάττοντος,

2151 1393 2185 1463 ἦ
2219 1394 2309 1446 τὸν
2346 1394 2572 1464 ῥυθμόν.

2224 1486 2299 1555 (ί)
2358 1486 2631 1557 Ἀστέριος
2677 1486 2734 1540 δέ
2789 1488 2819 1541 6
2863 1488 3113 1558 ἀρειανὺς
3157 1489 3328 1552 οὕτως
3390 1490 3477 1542 τὸν
3516 1488 3730 1560 ψαλμὸν

2152 1577 2478 1649 ἐξηγήσατο·
2508 1577 2606 1631 Διά
2635 1577 2709 1641 τί,
2748 1580 2835 1643 εἰς
2868 1579 2932 1633 τὸ
2967 1580 3143 1645 τέλος
3177 1581 3247 1632 ἐν
3278 1581 3509 1649 ὕμνοις,
3539 1582 3729 1649 ἐπιγέ-

2152 1686 2396 1740 γραπται
2423 1672 2452 1722 6
2479 1669 2727 1739 ψαλμός;
2773 1670 2988 1741 Ἐπειδὴ
3023 1671 3204 1733 καλῶς
3234 1673 3333 1741 μὲν
3369 1673 3590 1742 ἧρξατο,
3629 1691 3731 1728 κα-

2153 1760 2261 1823 λῶς
2278 1760 2334 1813 δὲ
2359 1759 2450 1813 τὸν
2484 1760 2594 1829 βίον
2622 1760 2835 1812 ἐτέλεσε
2853 1777 2866 1790 ·
2891 1761 2924 1831 ἦ
2955 1762 3140 1832 ἐπειδὴ
3167 1762 3348 1825 κακῶς
3378 1764 3475 1833 μὲν
3503 1763 3725 1835 ηρξατο,

474 1831 787 1887 abluentem
829 1847 888 1888 se
929 1834 1313 1903 conspicatus.
1366 1833 1471 1903 ipsi
1520 1843 1773 1903 stuprum
1826 1835 2049 1902 intulit;

2154 1850 2437 1922 θεωρήσας
2471 1851 2569 1920 τὴν
2612 1849 2706 1903 τοῦ
2754 1851 2954 1922 Οὐρίου
3007 1831 3240 1920 γυναῖκα
3283 1831 3575 1924 λουομένην
3631 1852 3729 1908 καὶ

472 1922 610 1978 bene
640 1933 822 1980 autem
855 1940 913 1979 se
944 1926 1114 1996 gessit
1142 1925 1288 1996 quod
1323 1935 1546 1996 peracta
1584 1927 1907 1997 pmnilentia
1940 1930 2047 1982 vita

471 2012 692 2069 functus
723 2015 815 2070 sit.
850 2015 1118 2085 Ideoque,
1152 2017 1207 2071 in
1238 2017 1558 2087 principium
1594 2018 1649 2072 in
1672 2020 1938 2087 vitupcriis
1958 2059 1971 2082 ,
1996 2021 2050 2074 in

472 2106 629 2175 ﬁnem
667 2107 721 2160 in
760 2108 967 2177 hymnis
1007 2109 1245 2163 dicatur.
1282 2107 1537 2164 Psalmus
1572 2109 1763 2167 ι)αυὶάί
1791 2150 1807 2175 ,
1845 2110 1899 2164 id
1928 2120 2047 2175 est,

470 2199 810 2269 pmnitentiaa
862 2215 1064 2270 opera,
1112 2202 1238 2271 quia
1292 2202 1380 2255 ubi
1429 2202 1717 2256 abundavit
1764 2203 2047 2268 delictum,

473 2289 936 2358 superabundavit
971 2291 1192 2360 justitia
1238 2295 1307 2350 ".
1356 2292 1720 2359 Quamobrem
1766 2298 1884 2351 ait:
1917 2296 2050 2350 Cum

473 2377 773 2432 invocarem
799 2382 1065 2436 exaudivit
1094 2400 1173 2436 me
1198 2382 1336 2439 Deus
1351 2385 1580 2453 justitia:
1606 2403 1753 2451 mete,
1777 2386 2049 2455 justitiam

475 2483 634 2524 suam
665 2469 836 2527 David
870 2475 1243 2542 paenitentiam
1284 2486 1463 2531 vocat.
1500 2475 1645 2532 Vidit
1682 2476 1828 2534 Deus
1858 2494 2051 2533 emun—

475 2557 659 2614 datam
707 2562 981 2627 animam,
1024 2566 1355 2636 admisitque
1392 2569 1715 2623 orationem.
1761 2569 1890 2625 Sive
1937 2570 2050 2623 for-

473 2658 622 2706 tasse
651 2654 780 2722 quia
809 2654 865 2707 in
908 2656 1228 2724 praecedenti
1278 2658 1508 2728 psalmo,
1563 2675 1688 2714 cum
1745 2660 1816 2716 ab
1868 2660 2048 2716 Absa-

472 2742 601 2799 lone
648 2745 792 2801 bello
843 2747 1125 2817 impetitus
1176 2750 1425 2821 lugeret,
1459 2750 1828 2809 interveniens
1874 2756 2050 2809 oratio

474 2841 769 2906 tyrannum
800 2837 869 2893 de
893 2841 1077 2894 medio
1108 2842 1335 2896 sustulit
1362 2859 1378 2908 ;
1411 2857 1512 2896 ceu
1538 2842 1909 2914 interrogatus
1939 2859 2049 2912 qua

471 2926 685 2982 ratione
748 2929 1080 2985 Absalonem
1145 2932 1482 2997 debellaret,
1546 2933 1844 3004 respondet
1894 2934 2051 2990 initio

472 3019 693 3088 psalmi.
728 3018 886 3075 Sicut
919 3023 1066 3076 enim
1090 3061 1106 3086 ,
1143 3022 1357 3093 inquit,
1395 3033 1518 3095 post
1550 3033 1836 3097 peccatum
1868 3043 2047 3083 meum

434 3174 439 3179 η
474 3108 621 3165 Deus
650 3111 803 3166 illum
837 3112 1128 3169 adversum
1160 3130 1247 3171 me
1287 3118 1603 3179 suscitavit,
1646 3118 1726 3173 sic
1761 3120 2046 3188 pcenitenti

2152 1939 2435 2010 ἐμοίχευσε
2456 1957 2468 1969 ·
2503 1938 2684 2001 καλῶς
2721 1938 2797 2002 δέ,
2835 1940 3191 2009 μετανοήσας,
3217 1941 3307 1992 τὸν
3339 1939 3451 2008 βίον
3474 1940 3724 1993 ἐτέλεσεο

2149 2031 2237 2084 διά
2268 2029 2425 2083 τοῦτο
2448 2032 2536 2095 εις
2563 2028 2680 2096 τὴν
2710 2028 2909 2097 ἀρχὴν
2940 2030 3011 2082 ἐν
3043 2033 3287 2099 ψόγοις,
3330 2032 3415 2096 είς
3444 2031 3510 2083 τὸ
3556 2030 3729 2098 τέλος

2151 2122 2220 2174 ἐν
2248 2121 2476 2191 ὕμνοις.
2508 2120 2755 2189 Ψαλμὸς
2782 2119 2861 2184 τῷ
2905 2119 3084 2173 Δαυῒδ
3115 2122 3147 2191 ἡ
3179 2120 3375 2190 πρᾶξις
3418 2120 3517 2190 τῆς
3562 2137 3728 2191 μετα-

2150 2214 2331 2277 νοίαςο
2373 2213 2468 2266 καὶ
2513 2213 2701 2284 ἐπειδὴ
2748 2213 2901 2267 ὅπου
2944 2214 3320 2268 ἐπλεόνασεν
3348 2215 3391 2282 ἡ
3435 2213 3726 2283 ἁμαρτία,

2151 2305 2744 2374 ὑπερεπερίσσευσεν
2791 2307 2830 2372 ἡ
2867 2305 3242 2374 δικαιοσύνη,
3282 2304 3371 2359 διά
3417 2305 3574 2358 τοῦτο
3615 2306 3729 2360 ἐλε-

2151 2415 2273 2468 γενο
2294 2396 2483 2465 Ἑν·τῷ
2502 2398 2917 2453 ἐπικαλεῖσθαί
2929 2415 3006 2467 με
3051 2399 3251 2464 εἰσήκο
3262 2398 3371 2453 υσέ
3392 2416 3510 2467 μου
3534 2402 3566 2451 ό
3584 2397 3721 2464 Θεὸς

2151 2490 2262 2559 τῆς
2285 2491 2676 2558 δικαιοσύνης
2709 2510 2850 2562 μου.
2900 2491 3254 2561 Δικαιοσύνην
3293 2491 3398 2561 γάρ
3440 2489 3605 2544 αὐτοῦ
3632 2489 3728 2544 νῦν

2150 2578 2298 2647 λέγει
2337 2582 2366 2633 6
2410 2579 2569 2633 Δαυῒδ
2605 2580 2703 2651 τὴν
2739 2581 3045 2651 μετάνοιαν.
3083 2575 3235 2632 Εἶδεν
3263 2582 3291 2633 6
3341 2579 3473 2642 Θεὸς
3519 2578 3729 2651 καθαρ-

2152 2669 2337 2724 θεῖσαν
2379 2670 2479 2742 τὴν
2518 2671 2694 2742 ψυχὴν
2716 2711 2731 2734 ,
2765 2673 2860 2725 καὶ
2900 2672 3117 2736 ἐδέξατο
3150 2671 3247 2742 τὴν
3299 2673 3624 2742 προσευχήν.
3657 2672 3727 2725 Ἥ

2152 2762 2340 2834 ἐπειδὴ
2375 2766 2432 2817 ἐν
2478 2762 2556 2834 τῷ
2589 2762 2695 2833 πρὸ
2738 2763 2929 2816 τούτου
2960 2762 3161 2833 ψαλμῷ
3213 2763 3305 2817 τὸν
3351 2763 3587 2830 διωγμὸν
3637 2761 3729 2816 τὸν

2152 2856 2256 2910 ὑπὸ
2280 2856 2374 2910 τοῦ
2427 2856 2764 2910 ’Δδεσσαλὼν
2814 2856 3082 2928 ὠδύρετοο
3134 2854 3410 2927 προσευχὴ
3468 2855 3524 2910 δέ
3575 2871 3731 2926 μεσι-

2151 2948 2390 3003 τεύσασα
2419 2949 2511 3002 τὸν
2558 2948 2820 3020 τύραννον
2848 2948 3091 3002 ἀνεῖλεν·
3123 2948 3233 3010 ὡς,
3286 2946 3578 3019 ἐρωτηθεὶς
3609 2946 3727 3010 πῶς

2150 3040 2245 3095 τοῦ
2303 3041 2655 3112 ’Δὸεσσαλὼμ
2696 3040 2982 3111 ἐνίκησεν,
3037 3041 3371 3111 ἀπεκρίνατο
3416 3039 3514 3107 τὴν
3553 3038 3725 3111 ἀρχὴν

2150 3134 2243 3188 τοῦ
2274 3134 2509 3205 ψαλμοῦ.
2542 3135 2753 3205 ’Ὠσπερ
2784 3132 2913 3204 γὰρ,
2949 3132 3139 3203 φησὶν.
3172 3131 3549 3203 ἀμαρτήσαντί
3578 3148 3665 3202 μοι
3695 3131 3728 3184 6

472 3202 764 3257 victoriam
815 3206 1052 3274 paravit.
1102 3205 1217 3261 Cur
1256 3215 1438 3264 autem
1477 3209 1562 3265 vel
1602 3209 1724 3280 ipso
1756 3210 2044 3266 invocandi

2151 3199 2470 3289 Θεὸς-αὐτὸν
2495 3226 2617 3279 κατ’
2656 3199 3065 3295 ἐμοῦνῆγειρεν,
3108 3199 3307 3286 οὕτως⁷
3337 3199 3728 3293 μετανοήσαντε

474 3300 720 3363 tempore
749 3294 1041 3351 exauditus
1086 3304 1172 3351 est
1220 3295 1435 3353 David?
1481 3297 1621 3365 Quia
1671 3299 1987 3370 increpatus
2017 3315 2047 3355 a

473 3383 687 3440 Natlian
714 3387 966 3456 protinus
996 3386 1066 3442 ad
1100 3389 1477 3458 paenitentiam
1519 3406 1714 3448 versus
1755 3398 1840 3448 est
1866 3411 1879 3447 :
1911 3409 2046 3463 qua-

474 3484 697 3545 pr0pler
724 3491 851 3532 cum
881 3488 1221 3547 precaretur,
1249 3479 1433 3536 subito
1458 3481 1750 3538 exauditus
1779 3492 1880 3540 est.
1910 3482 2045 3538 Nam

474 3565 655 3632 Deus,
711 3570 806 3640 qui
863 3572 1046 3625 omnia
1084 3589 1410 3644 quacunque
1451 3572 1562 3629 vult
1601 3575 1732 3644 facit
1762 3576 1830 3641 “,
1860 3577 2046 3633 statim

474 3659 740 3728 exaudit;
787 3670 844 3718 et
893 3663 1074 3720 adhuc
1126 3665 1387 3737 loquente
1432 3665 1659 3723 homine
1706 3666 1878 3723 dicit:
1910 3668 2047 3724 Ecce

477 3750 666 3805 adsum
699 3752 767 3804 ⁸³.

542 3926 749 3985 Deinde
778 3946 907 3987 vero
938 3941 1228 4005 postquam
1257 3935 1621 3993 familiaribus
1652 3938 1885 3995 dixisset
1932 3956 2045 4011 quo

476 4028 636 4089 pacto
668 4023 853 4076 statim
883 4026 1174 4084 exauditus
1216 4036 1384 4096 esset,
1441 4043 1756 4085 sermonem
1782 4032 1946 4086 vertit
1976 4032 2043 4086 ad

474 4110 663 4179 Deum,
725 4115 1154 4190 propitiantique
1183 4120 1288 4177 sibi
1319 4121 1526 4192 gratias
1556 4121 1703 4193 agit,
1736 4123 1791 4177 in
1819 4124 2046 4179 tribula-

473 4205 615 4260 tione
669 4206 917 4263 dilutasti
959 4211 1112 4264 mihi.
1147 4210 1543 4267 Erunmarum
1589 4212 1814 4280 ﬂuctus,
1843 4216 2043 4287 inquit,

473 4299 758 4367 repentina
788 4303 1164 4372 tranquillitas
1208 4304 1551 4375 compescuit
1585 4323 1598 4359 :
1632 4306 1884 4377 fameque
1911 4323 2044 4363 con-

474 4385 677 4442 fectum
705 4406 792 4446 me
822 4391 1006 4447 fructu
1027 4393 1309 4460 frumenti,
1333 4396 1447 4450 vini
1476 4406 1529 4452 et
1559 4400 1663 4455 olei
1684 4398 1926 4456 dilatasti
1948 4419 1963 4468 ;
1986 4410 2046 4455 ut

475 4498 585 4538 non
642 4484 794 4540 solus
831 4501 930 4557 ego
952 4526 968 4551 ,
1031 4487 1125 4543 sed
1158 4504 1349 4545 omnes
1400 4490 1604 4547 subditi
1661 4493 1768 4548 mei
1797 4509 1860 4549 ea
1887 4496 2045 4566 copia

474 4574 809 4633 fruerentur.
840 4579 1203 4646 Quamobrem
1246 4583 1361 4639 haec
1402 4582 1636 4641 inferius
1678 4586 1979 4657 subiungit,
2011 4603 2043 4640 a

475 4668 653 4737 fructu
706 4669 978 4736 frumenti,
1006 4672 1117 4725 vini
1156 4682 1205 4727 ct
1248 4674 1351 4730 olei
1381 4678 1464 4730 sui
1508 4678 1851 4747 multiplicati
1898 4690 2050 4735 sunt:

476 4760 720 4825 illorum,
748 4762 948 4832 inquit,
979 4764 1309 4822 abundantia
1339 4769 1525 4826 cordis
1554 4771 1687 4825 mihi
1711 4770 1897 4824 laetitia
1922 4771 2044 4827 fuit.

466 4851 614 4908 Illud
646 4862 824 4909 autem
859 4857 928 4912 ab
960 4858 1076 4928 ipsa
1105 4860 1336 4918 historia
1370 4863 1692 4920 ediscimus.
1734 4863 1868 4919 Nam
1920 4881 2047 4921 cum

474 4940 619 4999 bello
647 4943 929 5014 impetitus
954 4950 1022 5004 ab
1046 4951 1324 5009 Absalone
1354 4953 1568 5025 fugeret
1594 4955 1653 5009 in
1687 4955 1906 5010 deserta
1968 4965 2049 5012 at-

2145 3318 2245 3388 τὴν
2279 3318 2397 3370 κατ’
2437 3314 2602 3369 αὑτοῦ
2636 3315 2946 3387 ἐδωρήσατο
2978 3315 3153 3385 νίκην.
3200 3313 3298 3367 Διά
3330 3313 3382 3365 τί
3403 3312 3448 3366 δ’
3488 3314 3546 3365 ἐν
3576 3310 3728 3383 αὐτῷ

2145 3406 2224 3478 τῷ
2249 3404 2624 3460 ἐπικαλεῖσθαι
2647 3404 2976 3476 εἰσηκούσθη
3005 3406 3034 3458 6
3062 3405 3258 3471 Δαυῖδ;
3306 3403 3540 3474 Ἐπειδὴ,
3572 3403 3728 3472 ἐλεγ-

2147 3497 2374 3569 χόμενος
2408 3496 2513 3550 ὑπὸ
2539 3496 2634 3550 τοῦ
2680 3496 2887 3562 Νάθαν,
2909 3496 3072 3560 εὐθὺς
3103 3497 3183 3559 είς
3230 3495 3515 3566 μετάνοιαν
3556 3495 3728 3564 ἐκάμ-

2148 3586 2280 3659 φθη,
2308 3587 2401 3642 διὰ
2427 3586 2586 3641 τοῦτο
2623 3587 2782 3660 εύθὺς
2827 3586 3260 3658 προσευχόμενος
3286 3584 3630 3656 εἰσηκούσθη.
3664 3584 3726 3638 ⁸0

2146 3679 2259 3749 γὰρ
2276 3677 2472 3732 πάντα
2494 3678 2683 3733 ποιῶν
2704 3678 2819 3733 ὅσα
2841 3678 3150 3741 βούλεται,
3175 3678 3204 3728 6
3220 3677 3374 3740 Θεὸς,
3392 3676 3724 3730 ὑπακούεται

2148 3770 2490 3841 παραχρῆμα
2511 3810 2527 3834 ,
2558 3770 2653 3824 καὶ
2685 3770 2766 3823 ἔτι
2799 3768 3084 3833 λαλοῦντος
3127 3770 3244 3841 ἐρεῖ
3285 3770 3316 3822 6
3357 3769 3491 3831 Θεός
3512 3783 3527 3800 ο
3576 3765 3724 3821 Ἰδοὺ

2151 3855 2405 3926 πάρειμι.

2218 3943 2352 4001 Εἶτα
2377 3947 2614 4021 εἰρηκὼς
2650 3951 2764 4013 τοῖς
2806 3948 3035 4021 πλησίον
3076 3948 3227 4011 ὅπως
3257 3948 3445 4018 τάχιον
3473 3944 3729 4018 εἰσηκού-

2150 4038 2274 4111 σθη,
2304 4040 2496 4112 τρέπει
2540 4041 2632 4094 τὸν
2674 4039 2831 4110 λόγον
2881 4039 3020 4111 πρὸς
3047 4040 3139 4093 τὸν
3163 4039 3315 4103 Θεὸν,
3350 4038 3446 4091 καὶ
3471 4039 3549 4109 τῷ
3577 4039 3728 4091 είσα-

2147 4130 2404 4186 κούσαντι
2458 4132 2798 4204 εὐχαριστεῖ·
2861 4132 2958 4186 Ἐν
3000 4131 3203 4199 θλίψει
3238 4131 3580 4196 ἐπλάτυνάς
3597 4147 3722 4199 μοι.

2146 4223 2229 4276 Τά
2249 4223 2467 4294 κύματα
2488 4222 2596 4277 τῶν
2614 4222 2865 4293 θλίψεων,
2890 4222 3074 4292 φησὶν,
3103 4223 3138 4293 ή
3169 4226 3357 4293 ταχεῖα
3386 4222 3590 4293 γαλήνη
3613 4221 3723 4276 διέ-

2145 4314 2294 4377 λυσε,
2316 4315 2408 4368 καὶ
2430 4313 2574 4385 λιμῷ
2605 4331 2673 4385 με
2724 4314 3026 4384 τηκόμενον
3064 4313 3174 4367 ἀπὸ
3206 4311 3419 4384 καρτυοῦ
3454 4312 3599 4366 σίτου
3632 4311 3728 4365 καὶ

2146 4406 2286 4458 οῖνου
2312 4404 2405 4457 καλ⁵
2434 4404 2613 4458 ἐλαίου
2642 4404 2983 4469 ἐπλούτισας,
3013 4404 3087 4467 ὡς
3128 4402 3202 4476 μὴ
3239 4403 3397 4473 μόνον
3436 4403 3558 4473 ἐμὲ,
3589 4402 3728 4457 ἀλλὰ

2147 4495 2241 4549 καὶ
2266 4495 2475 4558 πάντας
2506 4494 2630 4556 τοὺς
2658 4494 2749 4547 ὑπ’
2773 4495 2873 4565 ἐμὲ
2893 4493 3215 4548 ἀπολαῦσαι.
3242 4492 3334 4545 Διὸ
3361 4492 3723 4556 ύπωκατασάς

2151 4586 2355 4653 ἔλεγεν·
2395 4584 2539 4640 Ἀπὸ
2592 4586 2822 4654 καρποῦ
2859 4587 3032 4640 σίτου
3062 4585 3159 4638 καὶ
3193 4585 3362 4638 οινου
3392 4586 3488 4639 καὶ
3516 4585 3726 4640 ἐλαίου

2151 4677 2349 4733 αὐτῶν
2374 4679 2860 4746 ἐπληθύνθησαν.
2899 4679 2964 4732 Ἥ
2994 4679 3219 4731 ἐκείνων
3247 4676 3496 4730 συνουσία
3525 4678 3726 4747 εὐφροο

2156 4770 2290 4843 σύνη
2317 4771 2541 4843 καρδίας
2578 4788 2667 4841 μοι
2689 4770 2928 4840 γέγονεν.
2964 4769 3134 4824 Τοῦτο
3176 4769 3232 4824 δὲ
3265 4769 3605 4841 μανθάνομεν
3628 4766 3726 4821 ἀπ’

2150 4863 2323 4933 αὐτῆς
2351 4864 2449 4934 τῆς
2485 4864 2745 4936 ἱστορίας.
2769 4864 2896 4918 Ὅτε
2912 4862 3020 4934 γάρ
3054 4862 3458 4933 πολεμούμενος
3485 4862 3589 4916 ὑπὸ
3627 4859 3725 4913 τοῦ

2164 4954 2514 5026 ’Ᾱϐεσσαλὼμ
2537 4955 2734 5025 ἔφυγεν
2758 4956 2818 5009 ἐν
2852 4958 2971 5019 ταῖς
2997 4955 3225 5025 ἐρήμοις
3253 4953 3346 5007 καὶ
3369 4955 3426 5007 ἐν
3457 4957 3567 5017 τοῖς
3600 4953 3725 5023 δρε-

473 5050 581 5104 que
630 5046 871 5106 montes,
907 5038 1048 5098 fame
1081 5058 1146 5098 ac
1186 5060 1369 5100 rerum
1406 5047 1654 5116 penuria,
1696 5061 1764 5103 eo
1806 5054 2049 5118 tempore

2154 5065 2259 5111 σιν,
2288 5046 2431 5119 λιμῷ
2454 5049 2549 5101 καὶ
2569 5047 2785 5120 ἀνάγκη
2816 5046 2893 5111 ὡς
2925 5047 2985 5100 ἐν
3011 5045 3236 5115 διωγμῷ
3263 5044 3537 5117 ἐκρατήθη
3558 5062 3574 5078 ο
3607 5043 3724 5097 ἀλλ’

474 5126 823 5194 calamitatis,
860 5131 1152 5191 aﬂlictatus
1179 5175 1194 5200 ,
1243 5136 1368 5206 ejus
1414 5139 1699 5209 angustias
1736 5138 1880 5197 Deus
1916 5156 2047 5197 con-

477 5218 708 5276 solatur.
742 5221 959 5281 Primus
990 5227 1135 5281 enim
1168 5225 1332 5293 Siba,
1362 5244 1431 5284 ex
1461 5229 1625 5285 domo
1659 5229 1840 5287 Saulis
1864 5231 2046 5288 famu-

476 5308 586 5374 lus,
615 5312 797 5367 attulit
825 5314 927 5385 ipsi
951 5330 1122 5387 panes
1149 5318 1439 5385 ducentos,
1465 5319 1678 5387 vinum,
1713 5322 1962 5393 paiathas
1991 5334 2042 5379 et

401 5442 409 5457 ι
477 5412 614 5455 uvas
638 5416 833 5472 passas
866 5424 881 5459 :
953 5412 1139 5477 postea
1168 5423 1299 5465 vero
1346 5407 1573 5466 Berzelli
1607 5409 1922 5470 Galaadites
1950 5414 2047 5468 ob-

384 5663 400 5759 ἰ

2153 5141 2181 5193 6
2203 5139 2336 5203 Θεὸς
2378 5138 2544 5194 αὑτοῦ
2586 5141 2684 5211 τὴν
2722 5138 2967 5209 ἀνάγκην
3008 5137 3453 5208 παρεμυθήσατο.
3505 5136 3725 5206 Πρῶτος

2153 5229 2261 5300 γάρ
2287 5231 2317 5283 6
2339 5229 2469 5283 Σίὸα
2498 5232 2527 5283 6
2557 5231 2622 5283 ἐκ
2667 5229 2763 5283 τοῦ
2805 5229 2954 5282 οἴκου
2985 5229 3080 5282 τοῦ
3108 5228 3280 5282 Σαοὺλ
3321 5228 3549 5297 ἡνεγκεν
3574 5224 3727 5294 αὐτῷ

2155 5321 2347 5391 ἄρτους
2366 5321 2689 5386 διακοσίους,
2729 5320 2824 5374 καὶ
2857 5316 2995 5375 οἶνον
3025 5321 3118 5374 καὶ
3143 5318 3389 5382 παλάθας
3421 5320 3515 5373 ttat
3537 5314 3729 5385 σταφί-

2152 5414 2250 5478 δας
2272 5431 2284 5446 ο
2338 5409 2454 5469 εἶτα
2493 5413 2630 5484 μετά
2682 5412 2871 5466 τοῦτον
2908 5412 3161 5484 Βερζελλὶ
3185 5415 3215 5467 6
3245 5410 3595 5483 Γαλααδίτης,
3627 5408 3725 5466 καὶ

547 5581 592 5612 ⁵⁸
635 5582 795 5641 Rom.
831 5603 897 5655 v,
933 5589 1023 5644 20.
1100 5591 1145 5625 “
1186 5591 1329 5650 Psal.
1362 5606 1534 5658 csut,
1567 5593 1620 5647 3.
1697 5593 1745 5626 ⁸³
1783 5590 1887 5649 lsa.
1924 5609 2084 5659 Lvm,
2118 5593 2173 5649 9.

549 5759 633 5829 (ll
668 5758 794 5818 llaec
835 5762 887 5816 in
911 5765 1101 5820 codice
1134 5765 1459 5825 Taurincnsi
1491 5770 1559 5826 ab
1595 5786 1930 5829 amanuense
1958 5772 2212 5838 adjuncta
2253 5779 2403 5837 sunt,
2439 5786 2537 5827 nec
2563 5770 2829 5827 habentur
2860 5771 2914 5825 iu
2940 5770 3063 5825 aliis
3096 5785 3231 5825 mss.
