4096 6380
380 320 481 376 Ilii

1510 322 2019 382 COMMENTARIA
2057 323 2125 379 IN
2164 323 2505 382 PSALMOS.

3537 323 3640 380 tu

374 433 539 498 αὐτὸς
558 433 706 505 αύτῷ
731 436 1072 507 προσήνεγκε
1099 436 1230 491 δέκα
1252 436 1457 501 κοίτας,
1481 437 1568 491 ἵνα
1591 437 1664 509 μὴ
1692 440 1958 509 χαμευνῇν

2071 440 2194 494 tulit
2223 441 2326 512 ipsi
2355 440 2545 498 decem
2571 440 2744 498 lectos
2778 456 2845 497 ne
2871 441 3022 496 humi
3054 442 3312 508 cubaret,
3341 452 3395 498 et
3428 442 3642 514 amphi—

374 526 473 581 καὶ⁵
501 526 912 599 ἀμφιτάπητας,
947 529 1074 594 τοὺς
1121 528 1491 600 καλουμένους
1526 528 1623 583 νῦν
1648 529 1960 602 τυλοτάπη-

375 636 493 683 τας,
525 620 617 672 καὶ
642 617 786 672 οἴνου
820 620 1064 694 κεράμια
1115 622 1210 674 καὶ
1251 623 1460 693 πυροὺς
1495 624 1589 677 καὶ
1629 622 1826 695 κριθὰς
1865 625 1960 678 καὶ

376 710 604 782 ἄλευρον
631 712 725 765 καὶ
747 711 957 784 κύαμον
974 714 1069 767 καί
1097 713 1286 783 φακὸν,
1305 714 1399 767 καὶ
1424 714 1543 785 μέλι
1569 716 1663 769 καὶ
1679 714 1956 787 βούτυρον,

375 802 468 856 καὶ
498 801 765 875 πρόϐατα,
814 804 917 858 καὶ
954 803 1236 876 γαλαθηνὰ
1281 805 1570 878 μοσχάριω
1608 805 1961 877 Εὐχάριστῶν

372 888 465 946 οὗν
491 894 583 948 ἐπὶ
606 894 815 958 τούτοις
842 896 1035 968 φησίν*
1083 897 1187 952 Ἐν
1225 898 1426 966 θλίψει
1454 898 1803 966 ἐπλάτυνὰς
1837 917 1957 969 μοι.

445 984 512 1036 Τί
545 984 621 1050 δὲ,
672 984 847 1054 λέγων
891 986 1273 1057 εἰσηκούσθην,
1307 987 1381 1060 μὴ
1430 989 1638 1060 μακρὸν
1669 988 1961 1055 κατέτονας

372 1073 568 1143 λόγον;
598 1075 690 1147 Μὴ
722 1076 930 1130 πλατὺν
958 1076 1238 1148 ὀνομάτων
1268 1078 1362 1132 καὶ
1397 1076 1658 1149 ῥημάτων
1688 1079 1961 1151 κατέγρα-

371 1166 479 1238 ψας
499 1167 735 1235 πίνακα;
762 1168 1048 1240 Οὐδαμῶς,
1082 1171 1247 1242 φησὶν
1273 1172 1301 1224 6
1326 1172 1486 1224 Δαυῖδ
1505 1188 1519 1202 ⁸
1552 1173 1612 1226 ού
1642 1172 1752 1244 γὰρ
1771 1172 1963 1245 χρῄζει

369 1260 696 1326 πολυλογίας
729 1263 758 1314 6
788 1260 940 1326 Θεὸς,
984 1263 1012 1314 6
1050 1263 1142 1316 καὶ
1174 1262 1320 1334 μόνῳ
1355 1264 1644 1337 στεναγμῷ
1686 1266 1961 1338 ἀρχούμε-

374 1371 483 1418 νος.
517 1351 686 1407 Τοῦτο
713 1355 872 1425 μόνον
905 1354 1090 1425 ἔλεγον
1128 1357 1568 1429 προσευχόμενος
1591 1376 1605 1389 ·
1665 1360 1963 1428 Οἱκτείρη-

373 1459 509 1511 σον,
546 1445 644 1523 καί
686 1445 1059 1502 εἰσάκουσον
1094 1448 1208 1517 τῆς
1238 1450 1588 1519 προσευχῆς
1624 1468 1764 1522 μου.
1805 1450 1963 1504 Εἴποι

372 1535 430 1589 δὲ
457 1537 630 1591 ταῦτα
660 1537 755 1591 καὶ
787 1539 815 1591 6
846 1537 1049 1611 λῃστὴς
1090 1541 1149 1592 ὲν
1185 1523 1273 1611 viii
1307 1539 1525 1613 σταυρῷ
1556 1541 1692 1612 πρὸς
1720 1541 1812 1595 τὸν
1849 1540 1963 1594 Κύα

378 1647 519 1702 ριοψ
550 1629 718 1684 εἰπὼν
764 1630 873 1705 γάρ
923 1632 1018 1686 καὶ
1071 1632 1539 1705 ἐπικαλεσάμενος
1583 1635 1642 1688 ὲν
1689 1637 1754 1706 τῇ
1799 1633 1964 1688 αὐτοῦ

375 1720 584 1792 θλίψειο
644 1721 967 1793 Μνήσθητι
991 1740 1134 1793 μου,
1179 1726 1373 1793 Κύριε,
1410 1725 1558 1780 ὅταν
1586 1726 1771 1796 ἔλθῃς
1793 1727 1864 1781 ἐν
1891 1724 1966 1796 τῇ

2065 532 2268 602 tapetia
2301 548 2427 603 qua:
2454 534 2567 602 jam
2620 533 2943 605 tylotapetia
2994 543 3261 588 vocantur
3293 574 3308 598 ,
3343 532 3457 587 vini
3509 546 3643 589 vasa

2066 625 2274 697 ﬁglina,
2310 625 2669 690 frumentum,
2718 625 3026 690 hordeum,
3074 624 3330 693 farinam,
3379 623 3534 681 fabas
3589 630 3646 679 et

2065 719 2265 784 lentes,
2299 720 2406 775 mel
2426 729 2481 774 et
2509 720 2791 791 butyrum,
2854 735 2984 775 oves
3005 728 3059 775 et
3082 719 3290 775 lacteos
3311 717 3532 774 vitulos.
3568 718 3641 774 De:

2064 812 2150 868 his
2186 814 2370 883 itaque
2392 813 2597 883 gratias
2624 828 2790 885 agens
2810 811 2909 880 ait,
2936 812 2989 866 in
3007 811 3345 866 tribulatione
3401 810 3644 866 dilatasti

2066 902 2216 957 mihi.

2135 996 2250 1053 Cur
2281 1005 2463 1051 autem
2492 1012 2617 1051 cum
2645 1003 2697 1050 te
2726 994 3043 1050 exauditum
3078 994 3181 1059 ais,
3214 1011 3321 1049 non
3370 992 3643 1064 prolixum

2066 1100 2381 1141 sermonem
2440 1084 2821 1141 contexuisti?
2867 1084 3049 1151 Quare
3078 1100 3188 1139 non
3226 1084 3442 1156 longam
3472 1084 3647 1138 nomi-

2067 1193 2196 1231 num
2229 1177 2633 1249 verborumque
2665 1177 2918 1247 paginam
2963 1178 3248 1233 exarasti?
3298 1175 3647 1241 Nullatenus,

2069 1269 2247 1341 inquit
2284 1269 2453 1326 David
2488 1314 2504 1340 ,
2530 1288 2708 1342 neque
2731 1272 2906 1326 multo
2935 1287 3188 1327 sermone
3227 1285 3368 1341 opus
3400 1268 3511 1325 Deo
3541 1275 3648 1334 est,

2066 1363 2157 1417 cui
2207 1363 2292 1419 vel
2339 1364 2493 1419 solus
2526 1365 2759 1430 gemitus
2806 1364 2879 1420 sit
2910 1364 3068 1431 satis
3105 1382 3118 1418 :
3168 1362 3311 1419 illud
3351 1370 3561 1417 tantum
3595 1364 3650 1417 in

2069 1454 2321 1510 oratione
2335 1454 2472 1520 dixi,
2492 1451 2741 1511 Miserere
2775 1457 2897 1522 mei,
2927 1465 2977 1510 et
3003 1453 3200 1510 exaudi
3228 1453 3519 1525 orationem
3537 1470 3650 1507 me-

2067 1563 2178 1600 am.
2221 1544 2361 1602 Illud
2395 1548 2561 1602 etiam
2589 1547 2821 1605 Domino
2866 1548 3072 1605 dixerit
3101 1547 3158 1603 in
3192 1562 3359 1603 cruce
3405 1546 3653 1618 pendens

2072 1640 2236 1707 latro,
2271 1642 2365 1711 qui
2396 1640 2449 1695 in
2484 1642 2733 1696 cruciatu
2765 1643 2944 1713 ipsum
2987 1642 3260 1698 invocavit
3303 1642 3392 1697 his
3419 1642 3603 1717 verbis
3635 1656 3650 1692 :

2073 1734 2337 1789 Memento
2353 1735 2475 1799 mei,
2496 1732 2738 1800 Domine,
2756 1752 2874 1789 cum
2889 1736 3088 1791 veneris
3105 1736 3161 1790 in
3182 1752 3396 1808 regnum
3419 1744 3566 1789 tuum
3585 1736 3652 1791 “.

369 1811 661 1880 ,ϐασιλείᾳ
709 1827 847 1878 σου,
904 1812 1257 1883 εἰσηκούσθη,
1300 1815 1397 1868 καὶ
1447 1815 1570 1869 άντί
1601 1815 1835 1887 σταυροῦ
1875 1815 1967 1871 τὸν

2071 1825 2119 1882 ls
2154 1826 2285 1883 item
2345 1826 2636 1883 exauditus
2665 1833 2787 1893 est,
2820 1840 2885 1881 ac
2916 1827 3099 1883 crucis
3150 1827 3273 1882 loco
3332 1828 3655 1898 paradisum

378 1903 708 1976 παράδεισον
737 1902 944 1976 ᾤκησε,
977 1905 1070 1959 καὶ
1102 1904 1326 1976 πολίτης
1355 1906 1549 1976 γέγονε
1586 1907 1681 1962 τοῦ
1710 1907 1962 1980 ούρανοῦ.

375 1997 550 2060 Αὐτὸς
577 1996 673 2050 καὶ
706 1996 844 2068 πρὸς
887 1996 1014 2061 τοὺς
1068 1996 1354 2061 Ἰουδαίους
1378 1997 1633 2070 βοήσεται
1653 2016 1666 2029 ·
1714 2000 1832 2053 Υιοί
1859 2000 1965 2054 ἀν-

377 2087 644 2156 θρώπων,
663 2087 773 2154 ἕως
789 2089 935 2142 πότε
942 2086 1335 2158 βαρυκάρδιοι
1352 2104 1371 2153 ;
1397 2088 1665 2142 θεάσασθε
1678 2089 1776 2161 τὴν
1791 2089 1965 2142 κτίσιν

372 2182 452 2253 τῷ
470 2182 664 2254 κτίστῃ
694 2200 759 2236 συ
768 2182 1145 2254 μπάσχουσαν.
1167 2182 1252 2247 Εἰ,
1274 2182 1365 2235 τὸν
1384 2181 1637 2255 Λάζαρον
1663 2184 1982 2255 τετραὴμε--

379 2292 469 2346 ρον
487 2275 595 2328 ἀπὸ
610 2274 706 2329 τοῦ
725 2276 899 2345 τάφου
921 2275 1185 2347 τρέχοντα
1207 2274 1425 2340 ἰδόντες,
1457 2274 1558 2328 οὐκ
1585 2274 1966 2342 ἐπιστεύσατε,

372 2364 470 2418 νῦν
501 2363 633 2434 γοῦν
664 2365 1083 2437 προσκυνήσατε
1115 2362 1209 2417 τοῦ
1242 2363 1659 2437 Σταυρωθέντος
1680 2364 1778 2438 τὴν
1802 2364 1965 2421 δύνα-

377 2472 468 2528 μιν
495 2473 511 2486 ο
543 2456 771 2528 νεκροὺς
821 2455 852 2508 6
904 2456 1127 2527 σεισμὸς
1179 2455 1499 2527 ἀνέστησεν,
1545 2455 1642 2510 καὶ
1687 2457 1848 2529 ὑμεῖς
1897 2460 1967 2531 τῇ

372 2548 602 2621 ἀπιστία
630 2548 944 2604 καθεύδετε.
1006 2547 1107 2603 Διὰ
1148 2550 1200 2602 τί
1238 2547 1625 2623 βαρυκάρδιοι;
1661 2550 1831 2606 Τοῦτο
1867 2552 1968 2624 μὲν

371 2641 460 2695 διὰ
482 2641 542 2695 τὸ
565 2641 640 2714 μὴ
665 2642 1035 2714 κατανυγῆναι
1061 2644 1173 2706 τοῖς
1200 2641 1496 2713 θαύμασιν,
1532 2624 1769 2699 τοῦτοδὲ
1786 2644 1875 2699 διὰ
1904 2644 1967 2699 τὸ

374 2730 436 2797 ἐξ
465 2732 779 2804 ἀφροσύνης
823 2733 1034 2805 βαρέως
1085 2734 1227 2789 κατὰ
1253 2734 1349 2789 τοῦ
1382 2737 1620 2810 Χριστοῦ
1659 2737 1966 2810 ὀργίζεσθε.

377 2827 602 2897 Μάρτυς
635 2829 668 2897 ἠ
692 2827 885 2899 Γραφὴ
905 2827 1137 2883 εἰποῦσα
1157 2844 1171 2859 ·
1206 2827 1371 2896 Βαρὺ
1402 2830 1574 2895 λίθος
1604 2828 1704 2883 καὶ
1742 2828 1970 2885 δυσϐά-

377 2932 640 2984 στακτος
684 2917 904 2987 ἅμμος
940 2917 1087 2988 ὀργὴ
1115 2917 1183 2973 δὲ
1218 2918 1481 2990 ἄφρονος
1516 2919 1852 2991 βαρυτέρα·
1886 2922 1969 2976 ὅτι

377 3006 501 3061 οὔτε
549 3008 802 3081 νουθεσίᾳ
858 3010 1131 3079 θέλγεται,
1159 3011 1253 3065 καί
1297 3010 1551 3083 θαύματα
1575 3010 1789 3083 βλέπων
1818 3010 1970 3084 ὀργι-

375 3098 549 3163 ξεται.

2070 1917 2285 1984 incolit,
2318 1924 2482 1988 atque
2516 1918 2662 1973 inter
2692 1918 2840 1974 cives
2869 1918 2997 1974 caeli
3038 1918 3335 1988 ascriptus,
3371 1919 3454 1975 sic
3474 1916 3657 1973 Judae-

2069 2024 2133 2063 os
2167 2006 2417 2062 clamans
2465 2007 2815 2076 compellabit
2845 2027 2858 2062 :
2902 2005 3035 2062 Filii
3063 2007 3357 2074 hominum,
3387 2021 3654 2076 usquequo

2070 2100 2221 2170 gravi
2246 2097 2426 2164 corde,
2451 2114 2542 2155 res
2568 2105 2786 2155 creatas
2813 2098 3135 2170 conspicitis
3165 2098 3417 2155 Creatori
3448 2097 3654 2153 condo-

2070 2189 2284 2247 lentes?
2312 2189 2371 2245 Si
2400 2190 2833 2262 quatriduanum
2870 2189 3138 2245 Lazarum
3172 2204 3204 2246 e
3245 2189 3499 2260 sepulcro
3525 2205 3655 2244 cur-

2066 2290 2278 2336 rentem
2301 2295 2426 2335 cum
2449 2280 2730 2346 videretis,
2759 2296 2869 2337 non
2899 2279 3234 2345 credidistis,
3272 2289 3328 2334 at
3366 2295 3513 2335 nunc
3543 2281 3654 2335 sal-

2069 2379 2179 2426 tem
2214 2371 2476 2428 Cruciiixi
2511 2378 2836 2444 potestatem
2891 2370 3118 2429 adoiatc
3146 2391 3161 2427 :
3189 2379 3437 2428 mortuos
3493 2380 3661 2427 terrm

2068 2469 2254 2518 motus
2288 2462 2569 2528 excitavit,
2607 2469 2659 2518 et
2683 2477 2781 2518 vos
2812 2462 2868 2516 in
2900 2462 3221 2518 inﬁdelitate
3247 2470 3430 2518 vestra
3445 2460 3656 2517 dormi-

2071 2555 2166 2609 tis.
2191 2553 2374 2621 Quare
2391 2553 2544 2626 gravi
2573 2553 2739 2611 corde
2761 2555 2977 2627 praediti
3005 2556 3030 2609 ?
3061 2555 3287 2611 Scilicet
3310 2555 3438 2627 quia
3466 2556 3534 2611 ob
3550 2557 3657 2612 mi-

2068 2644 2268 2700 rabilia
2312 2654 2465 2717 gesta
2493 2661 2607 2700 non
2641 2648 3075 2717 compungimini
3115 2666 3130 2715 ;
3178 2647 3292 2704 sive
3319 2663 3384 2703 ex
3419 2648 3655 2703 stultitia

2066 2736 2307 2808 graviter
2330 2735 2553 2793 Christo
2573 2737 2938 2793 succensetis.
2966 2736 3209 2808 Hujusce
3256 2738 3337 2791 rei
3379 2738 3537 2793 tesvis
3568 2744 3656 2795 est

2070 2827 2358 2902 Scriptura
2392 2845 2514 2901 quae
2547 2831 2628 2887 sic
2660 2829 2823 2886 habet
2853 2850 2866 2885 :
2903 2828 3072 2885 Grave
3103 2839 3181 2884 est
3210 2845 3423 2897 saxum,
3451 2839 3499 2885 et
3528 2848 3654 2887 one-

2068 2939 2196 2979 rosa
2242 2939 2409 2978 arena
2438 2941 2457 2979 :
2482 2922 2574 2979 sed
2610 2924 2696 2979 ira
2723 2923 2878 2980 stulti
2907 2923 3124 2990 gravior
3167 2922 3258 2990 ⁸⁵;
3299 2922 3430 2995 quia
3477 2940 3655 2996 neque

2070 3015 2296 3073 monitis
2326 3016 2587 3084 allicitur,
2615 3025 2670 3075 et
2699 3017 2973 3072 miracula
2997 3032 3123 3072 cum
3148 3015 3316 3080 videt,
3350 3015 3486 3071 iram
3517 3033 3653 3072 con-

2071 3106 2225 3177 cipit.

447 3215 573 3270 Ἵνα
605 3217 664 3269 τι
706 3213 976 3287 ἀγαπᾶτε
1000 3217 1386 3287 ματαιότητα,
1420 3217 1514 3272 τὸν
1541 3216 1835 3291 Βαραϐϐᾶν
1866 3218 1963 3274 τοῦ

2145 3218 2213 3275 Ut
2229 3221 2356 3293 quid
2375 3220 2601 3293 diligitis
2632 3222 2921 3277 vanitatem
2946 3223 3077 3294 :qui
3109 3223 3410 3282 Barabbam
3432 3225 3653 3282 Christo

376 3307 614 3380 Χριστοῦ
661 3309 1123 3380 προτιμήσαντες,
1172 3310 1263 3365 τὸν
1309 3311 1477 3381 φονέα
1529 3311 1672 3385 ὑπὲρ
1710 3312 1802 3369 τὸν
1830 3309 1965 3376 ζωο-

2071 3313 2406 3384 praatulistis,
2424 3313 2755 3370 homicidam
2774 3316 2898 3369 vitae
2913 3317 3146 3381 auctori,
3171 3332 3401 3388 regnum
3422 3316 3656 3373 Caesaris

375 3401 528 3455 ποιὸν
555 3439 569 3464 ,
596 3400 695 3472 τὴν
725 3401 1004 3472 βασιλείαν
1054 3401 1148 3457 τοῦ
1191 3402 1473 3475 Καίσαρος
1513 3403 1655 3475 ὑπὲρ
1685 3404 1786 3476 τὴν
1810 3402 1965 3481 βασι-

2071 3420 2236 3476 regno
2249 3407 2538 3470 caelorum,
2561 3415 2845 3477 peccatum
2864 3422 3030 3463 arena
3045 3408 3217 3464 maris
3244 3407 3468 3479 gravius
3499 3409 3659 3478 justi-

376 3492 527 3547 λείαν
557 3493 665 3547 τῶν
694 3494 962 3566 οὐρανῶν,
995 3496 1096 3567 τὴν
1137 3496 1413 3567 ἁμαρτίαν
1443 3495 1545 3569 τὴν
1573 3496 1761 3569 ἄμμου
1789 3514 1965 3569 παρα-

2071 3495 2177 3559 tiae,
2228 3501 2582 3565 temporanea
2629 3495 2873 3557 internis,
2908 3496 3318 3564 corruptionem
3367 3495 3659 3566 incorrup-

377 3582 497 3647 λίας
528 3583 835 3657 βαρυτέραν
866 3586 1008 3659 ὑπὲρ
1025 3586 1125 3659 τὴν
1156 3586 1528 3658 δικαιοσύνην,
1564 3588 1634 3642 τὰ
1655 3588 1967 3662 πρόσκαιρα

2071 3586 2232 3659 ιίοηίὶζ
2241 3583 2348 3642 Sed
2361 3586 2648 3657 etinsuper
2659 3586 2898 3658 quwritis
2915 3585 3270 3648 mendacium,
3286 3584 3561 3656 falsosque
3577 3591 3658 3641 te-

378 3677 520 3748 ὐπὲρ
547 3676 620 3730 τὰ
666 3675 882 3741 αἰώνια,
928 3677 1030 3751 τὴν
1065 3677 1273 3749 φθορὰν
1318 3679 1461 3751 ὑπὲρ
1493 3679 1592 3750 τὴν
1624 3679 1965 3750 άφθαρσίαν;

2071 3686 2182 3734 stes
2201 3686 2395 3733 contra
2411 3679 2698 3734 veritatem
2736 3678 3044 3735 conducitis
3062 3679 3177 3734 haec
3193 3677 3439 3735 dicentes
3465 3698 3479 3731 :
3502 3675 3667 3733 Hunc

389 3769 552 3823 Ἀλλὰ
574 3769 710 3842 πρὸς
723 3770 934 3835 τούτοις
956 3772 1052 3827 καὶ
1084 3768 1345 3841 ζητεῖσθε
1368 3770 1618 3841 ψεῦδος,
1657 3770 1967 3844 ψευδομάρ-

2071 3767 2360 3822 invenimus
2423 3766 2805 3821 subvertentem
2863 3766 3139 3837 populum,
3196 3774 3247 3820 et
3298 3764 3658 3835 prohibentem

378 3880 548 3936 τυρας
602 3862 959 3935 ἐξωνούμενοι
1013 3862 1159 3919 κατὰ
1228 3863 1329 3934 τῆς
1374 3862 1627 3936 ἀληθείας
1677 3861 1964 3931 λέγοντας

385 3956 607 4010 Τοῦτον
630 3954 885 4023 εὕρομεν
928 3952 1366 4025 διαστρέφοντα
1408 3952 1476 4008 τὸ
1506 3954 1704 4020 ἔθνος,
1735 3953 1831 4008 καί
1854 3970 1968 4007 κω-

376 4047 607 4101 λύοντα
628 4044 709 4111 τῷ
733 4046 989 4114 Καίσαρι
1017 4047 1209 4116 φόρον
1244 4045 1494 4103 διδόναι.
1544 4045 1832 4100 Ἀνασείει
1862 4044 1973 4099 τὸν

378 4136 533 4190 λαὸν
565 4135 890 4191 διδάσκων.
920 4139 992 4191 Εἰ
1017 4137 1104 4207 μὴ
1140 4132 1223 4207 ἦν
1253 4132 1433 4204 οὗτος
1474 4134 1818 4201 κακοποιὸς,
1858 4137 1971 4190 οὐκ

380 4227 460 4281 ἄν
490 4242 591 4282 σοι
615 4226 1041 4299 παρεδώκαμεν
1072 4229 1278 4283 αὐτόν.
1304 4228 1417 4282 Καὶ
1453 4228 1506 4282 τί
1538 4225 1969 4298 ὲκακοποίησεν;

381 4319 464 4373 ὃτι
485 4318 775 4385 νοσοῦντας
821 4320 1031 4386 ἰάσατο,
1060 4321 1145 4375 ὅτι
1187 4321 1451 4394 δαίμονας
1476 4321 1865 4392 ἐφυγάδευσεν,
1890 4321 1973 4376 ὅτι

382 4411 611 4484 νεκροὺς
668 4412 930 4483 ἦγειρεν,
973 4413 1056 4467 ὅτι
1097 4414 1162 4468 ὲκ
1219 4414 1383 4468 πέντε
1426 4413 1609 4486 ἄρτων
1653 4411 1976 4486 ἰσαρίθμους

2071 3857 2271 3911 tributa
2293 3857 2425 3912 dare
2455 3855 2685 3912 Caesari.
2742 3855 3045 3914 Commovet
3087 3857 3340 3928 populum
3367 3855 3558 3912 docens
3586 3856 3655 3911 ⁵⁸.

2071 3949 2199 4004 Nisi
2232 3957 2368 4004 esset
2394 3949 2479 4002 Itic
2502 3948 2842 4017 malefactor,
2868 3965 2973 4003 non
2992 3948 3086 4002 tibi
3110 3947 3522 4002 tradidissemus
3537 3962 3663 4001 eum

2071 4043 2139 4099 ".
2168 4041 2314 4112 Quid
2343 4049 2528 4097 autem
2567 4040 2708 4096 mali
2739 4039 2867 4096 fecit
2894 4040 2918 4094 ἰ
2945 4055 3015 4094 an
3056 4041 3187 4110 quia
3216 4054 3395 4111 aegros
3417 4039 3661 4103 curavit,

2071 4132 2356 4187 daemones
2385 4130 2613 4202 fugavit,
2657 4136 2907 4184 mortuos
2945 4127 3237 4184 suscitavit
3270 4128 3293 4181 ?
3324 4144 3392 4182 an
3426 4127 3554 4199 quia
3589 4143 3659 4182 ex

2077 4225 2325 4296 quinque
2350 4222 2587 4293 panibus
2615 4219 2844 4277 totidem
2881 4220 3052 4275 millia
3073 4219 3357 4274 hominum
3392 4219 3445 4273 in
3474 4235 3658 4274 eremo

2075 4317 2299 4373 satiavit
2325 4315 2572 4387 exceptis
2592 4313 2915 4369 mulieribus
2935 4320 2990 4370 et
3013 4312 3261 4385 parvulis
3276 4313 3303 4367 te
3316 4311 3510 4368 Adhuc
3529 4327 3666 4368 esca

2074 4410 2131 4465 in
2166 4416 2389 4482 gutture
2434 4407 2683 4479 ipsorum
2713 4415 2853 4471 erat,
2892 4405 3024 4461 dum
3062 4405 3414 4462 mendacium
3449 4404 3506 4460 in
3540 4420 3656 4460 ore.

385 4504 629 4576 χιλιάδας
665 4504 726 4558 ὲν
746 4505 940 4577 ἐρήμῳ
964 4504 1213 4577 διέθρεψε
1247 4504 1418 4578 χωρὶς
1436 4505 1713 4575 γυναικῶν
1733 4505 1827 4559 καὶ
1847 4503 1967 4558 παί-

2074 4502 2257 4573 Atque
2284 4500 2356 4557 iis
2380 4502 2476 4572 qui
2502 4501 2573 4556 ad
2603 4499 2939 4557 Absalonem
2963 4498 3310 4555 desciverant
3345 4497 3526 4553 aiebat
3555 4495 3663 4550 Da-

383 4597 520 4664 δων;
547 4597 670 4651 Ἔτι
689 4599 723 4669 ἡ
747 4596 924 4669 τροφὴ
967 4598 1026 4651 ὲν
1075 4597 1155 4669 τῷ
1198 4598 1435 4671 λάρυγγι
1479 4597 1575 4652 καὶ
1602 4597 1665 4651 τὸ
1690 4595 1887 4667 ψεῦδος
1914 4597 1973 4651 ἐν

384 4688 462 4761 τῷ
484 4690 731 4762 στόματι.
772 4690 885 4744 Καὶ
924 4691 1042 4754 τοῖς
1080 4689 1159 4761 τῷ
1199 4690 1557 4763 Ἀὀεσσαλὼμ
1597 4688 1975 4755 συναποξενω-

385 4785 558 4840 θεῖσιν
586 4784 772 4853 ἔλεγεν
806 4785 836 4837 6
864 4783 1028 4837 Δαυῒδ
1045 4800 1059 4815 ⁸
1095 4781 1160 4837 Τί
1191 4782 1269 4855 τῷ
1291 4783 1515 4855 ἀτάκτῳ
1552 4782 1705 4837 παιδὶ
1732 4782 1972 4854 συναπή-

385 4876 588 4950 χθητε;
635 4876 701 4931 Τί
742 4876 836 4931 τὸν
880 4876 1017 4931 Υἰδν
1043 4875 1188 4930 κατὰ
1220 4875 1426 4948 πατρὸς
1466 4875 1752 4945 ἀλείφετε;
1790 4874 1855 4928 Τί
1901 4875 1967 4947 τῇ

388 4969 596 5043 ματαίᾳ.
632 4968 793 5042 βουλῇ
827 4967 923 5023 τοῦ
990 4969 1272 5040 Ἀχιτόφελ
1315 4968 1751 5041 ἡκολουθήσατε;
1817 4968 1882 5021 Εἰ
1939 4968 1969 5021 6

388 5060 705 5130 κακολογῶν
738 5061 952 5133 πατέρα
978 5061 1013 5133 ἢ
1044 5061 1261 5134 μητέρα
1308 5060 1539 5116 θανάτου
1569 5058 1739 5126 ἄξιος,
1767 5061 1797 5114 6
1825 5057 1969 5114 κατὰ

388 5152 595 5225 πατρὸς
619 5152 830 5208 ἀκονῶν
869 5153 1021 5224 ξίφος
1053 5154 1169 5219 υἱὸς
1211 5152 1444 5218 ποσάκις
1476 5153 1628 5206 ἐστὶν
1651 5151 1802 5216 ἄξιος
1834 5151 1971 5205 ἀπο-

385 5245 605 5314 θανείν;
659 5247 784 5302 Ἵνα
823 5246 882 5301 τι
929 5242 1022 5302 οῦν
1057 5244 1327 5317 ἀγαπᾶτε
1348 5246 1716 5317 ματαιότητα
1741 5243 1840 5298 καὶ
1882 5242 1971 5312 ξη-

385 5337 538 5392 τεῖτε
596 5337 861 5416 ψεῦδος;
914 5337 1128 5403 Ψεῦδος
1185 5339 1335 5409 λέγει
1410 5335 1508 5392 νῦν
1567 5338 1677 5391 πᾶν
1735 5338 1971 5408 πρᾶγμα

394 5428 642 5500 μάταιον,
689 5430 914 5500 ταχεῖαν
964 5429 1064 5499 τὴν
1107 5429 1318 5483 πτῶσιν
1360 5429 1455 5483 καί
1491 5426 1794 5500 μεταϐολὴν
1825 5426 1968 5498 ἔχον.

387 5519 564 5589 Πλὴν
577 5521 815 5591 μάταιοι
846 5523 900 5576 οἰ
929 5521 1049 5575 υΙοί
1087 5520 1205 5576 τῶν
1236 5520 1583 5591 ἀνθρώπων,
1628 5519 1875 5590 ψευδεῖς
1914 5522 1973 5575 οἱ

389 5612 506 5668 υἱοί
536 5612 656 5666 τῶν
690 5612 1023 5683 ἀνθρώπων
1044 5613 1114 5668 ἐν
1134 5612 1352 5686 ζυγοῖς,
1380 5613 1490 5668 τοῦ
1538 5611 1843 5683 ἀδικῆσαι.

2078 4594 2169 4651 vid
2202 4615 2223 4651 ι
2243 4593 2357 4650 Cur
2385 4610 2511 4652 cum
2534 4594 2788 4666 improbo
2831 4592 2944 4647 lilio
2976 4590 3306 4647 defecistis?
3336 4587 3449 4644 Cur
3484 4586 3660 4643 ﬁlium

2077 4688 2344 4745 adversus
2372 4695 2592 4758 patrem
2623 4683 2960 4742 concitatis?
3015 4681 3200 4751 Quare
3245 4680 3404 4737 vanis
3430 4678 3659 4738 Achito—

2079 4779 2257 4852 phelis
2287 4779 2538 4837 consiliis
2594 4794 2802 4835 morem
2835 4777 3030 4850 geritis
3059 4779 3082 4833 ?
3112 4776 3171 4832 Si
3208 4777 3256 4833 is
3299 4778 3393 4847 qui
3431 4774 3642 4835 maledi-

2080 4872 2221 4928 xerit
2245 4872 2386 4943 patri
2414 4871 2501 4926 vel
2529 4871 2695 4925 matri
2743 4882 2919 4949 morte
2941 4869 3142 4941 dignus
3170 4879 3254 4925 est
3287 4908 3303 4936 ,
3339 4868 3434 4941 qui
3464 4876 3657 4923 contra

2078 4975 2287 5037 patrem
2321 4965 2561 5038 gladium
2602 4963 2750 5018 acuit
2809 4970 2944 5035 quot
2974 4962 3249 5019 mortibus
3280 4977 3345 5017 ac
3375 4960 3658 5032 suppliciis

2075 5061 2279 5132 dignus
2307 5062 2330 5115 ἱ)
2381 5058 2451 5114 Ut
2474 5058 2600 5131 quid
2642 5057 2809 5130 igitur
2839 5055 3062 5128 diligitis
3092 5057 3379 5111 vanitatem
3424 5063 3477 5110 et
3513 5071 3665 5126 quur-

2078 5152 2198 5206 ritis
2252 5150 2646 5206 mendacium?
2706 5149 3049 5205 Mendacium
3080 5155 3241 5204 vocat
3288 5146 3658 5218 quodcunque

2081 5256 2463 5316 vanumppus,
2482 5242 2644 5312 cujus
2667 5247 2919 5311 prompta
2949 5239 3132 5302 ruina,
3167 5238 3451 5308 repentina
3475 5244 3658 5291 muta-

2079 5336 2176 5391 tio.
2206 5333 2591 5391 -Verumtamen
2619 5335 2742 5390 vani
2773 5334 2876 5405 ﬁlii
2908 5332 3202 5404 hominum,
3235 5330 3510 5387 mendaces
3553 5328 3656 5401 filii

2076 5429 2348 5485 hominum
2382 5432 2437 5485 in
2460 5430 2696 5495 stateris,
2734 5438 2791 5483 ut
2815 5429 3010 5499 injuste
3037 5438 3200 5501 agant
3230 5428 3294 5484 ⁸⁸.

466 5794 517 5829 ⁸⁵
552 5792 691 5852 an.
722 5812 893 5862 xxiii,
932 5797 1025 5851 i2.
1094 5798 1138 5828 "
1178 5795 1339 5851 Prov.
1377 5813 1557 5861 xxvii,
1588 5797 1642 5853 ’5.
1718 5799 1765 5833 ⁵⁸
1810 5797 1937 5855 Luc.

2071 5812 2145 5862 ll,
2178 5793 2232 5851 9;
2312 5794 2358 5831 ⁸⁷
2400 5793 2558 5853 Joan.
2596 5806 2749 5858 ινιι,
2780 5793 2868 5849 30.
2944 5791 2989 5825 ³⁸
3029 5790 3177 5849 Psal.
3207 5804 3339 5854 ut,
3372 5787 3462 5845 t0.
