4096 6404
481 333 589 392 115

794 447 1356 505 INTEBPRETATIO
1392 448 1645 504 PSALMI
1682 445 1747 504 ν.

478 575 534 632 ἱ.
549 575 617 633 In
645 577 804 648 ﬁnem
833 593 928 647 pro
949 595 1013 633 ea
1041 594 1159 649 qua:
1176 578 1539 635 hwreditatem
1561 580 1899 650 consequitur
1918 578 2057 647 psal-

1100 665 1216 703 mus
1246 650 1440 706 David.

546 758 605 817 In
630 762 793 817 linem
820 760 1059 834 hymnus
1087 763 1392 833 gratiarum
1432 762 1667 818 actionis
1698 762 1919 817 canitur
1956 776 2057 832 pro

476 855 659 910 anima
686 855 803 911 sive
834 870 935 926 pro
950 853 1226 919 Ecclesia,
1252 871 1375 925 qua:
1409 854 1463 909 in
1485 855 1728 910 divinam
1770 852 2057 908 haaredita~

476 956 587 1000 tem
626 944 719 1000 Dei
752 944 973 1002 famulis
1024 955 1390 1015 praeparatam
1449 944 1691 999 ducitur.
1726 941 1823 999 Est
1852 942 2056 1012 quippe

476 1038 771 1093 haereditas
793 1036 967 1093 Deum
987 1037 1318 1093 .colentibus
1351 1048 1572 1107 parata,
1607 1045 1662 1093 et
1690 1036 1807 1091 haec
1837 1034 2056 1106 quidem

475 1145 588 1191 non
613 1128 1015 1201 corruptibilis,
1047 1146 1227 1202 neque
1256 1130 1311 1184 in
1344 1130 1557 1186 divitiis
1589 1144 1811 1185 sensum
1841 1142 2059 1183 moven-

474 1222 625 1277 tibus
655 1222 931 1277 consistit.
964 1218 1181 1277 Dicitur
1213 1222 1361 1277 enim
1414 1219 1760 1276 inducendos
1810 1217 2056 1274 haredes

474 1312 652 1383 ipsius
669 1328 813 1378 esse,
843 1314 899 1367 in
914 1312 1281 1368 hazreditatem
1306 1311 1786 1382 incorruptibilem,
1812 1311 1963 1365 incon
1973 1308 2057 1364 ta-

475 1408 761 1470 minatam,
787 1405 1306 1469 immarcescibilem,
1344 1414 1712 1460 conservatam
1740 1404 1794 1458 in
1822 1402 1965 1457 caelis
1982 1403 2051 1456 ”.

475 1495 534 1551 in
567 1496 714 1551 illam
753 1512 851 1554 eos
891 1497 987 1568 qui
1020 1496 1173 1569 digni
1227 1504 1356 1553 sunt
1397 1511 1635 1552 evocans
1666 1493 1916 1549 Salvator
1936 1492 2050 1547 ait:

482 1590 667 1646 Venite
698 1590 790 1661 qui
821 1608 854 1644 a
877 1590 1080 1646 dextris
1110 1591 1238 1645 meis
1263 1591 1413 1654 estis,
1448 1589 1702 1643 benedicti
1732 1587 1914 1641 Patris
1928 1586 2050 1649 mei,

472 1681 736 1753 possidete
754 1691 1004 1753 paratum
1032 1682 1178 1736 vobis
1213 1697 1432 1751 regnum
1456 1681 1524 1737 ⁸ο.
1556 1677 1735 1747 Hujus
1755 1691 1941 1733 amore
1960 1690 2056 1731 ca-

474 1783 603 1846 ptus
661 1776 753 1845 qui
820 1781 1141 1844 praesentem
1199 1772 1468 1843 psalmum
1536 1771 1751 1833 recitat,
1801 1769 1911 1823 Deo
1959 1768 2052 1838 qui

474 1869 652 1939 ipsam
676 1868 997 1938 praeparavit
1024 1864 1327 1920 orationem
1345 1864 1565 1928 emittit,
1583 1872 1643 1917 ut
1660 1862 1859 1934 dignus
1892 1861 2057 1917 habe-

472 1970 595 2015 atur
619 1960 712 2030 qui
741 1974 864 2016 eam
893 1959 1196 2016 secundum
1244 1965 1637 2014 testamentum
1671 1970 1878 2009 novum
1918 1969 2053 2009 con-

471 2058 755 2122 sequatur,
786 2051 862 2105 ita
889 2059 950 2106 ut
974 2049 1338 2120 inscriptione
1370 2047 1486 2113 illa,
1517 2063 1614 2117 pro
1652 2063 1714 2101 ea
1744 2062 1862 2116 qua:
1886 2045 2053 2099 luere-

468 2141 692 2197 ditatem
742 2141 1103 2213 consequitur,
1133 2154 1293 2195 suam
1346 2139 1525 2210 ipsam
1574 2139 1816 2192 animam
1876 2137 2051 2207 signi-

470 2232 620 2289 licet.

456 2404 457 2407 η
540 2324 714 2383 Vsus.
736 2327 797 2383 2.
832 2324 1004 2381 Verba
1033 2340 1149 2379 mea
1177 2321 1398 2378 auribus
1436 2323 1660 2394 percipe,
1692 2320 1931 2387 Do-nine,
1968 2321 2052 2375 in-

472 2422 649 2494 tellige
679 2422 965 2476 clamorem
997 2435 1188 2473 meum.
1225 2415 1369 2473 Sane
1394 2417 1560 2472 verba
1588 2431 1685 2471 ore
1717 2415 1928 2485 prolata
1957 2429 2055 2468 au-

470 2510 629 2565 ribus
678 2506 1061 2580 percipiuntur
1088 2513 1144 2564 et
1173 2504 1475 2561 audiuntur
1526 2525 1540 2560 :
1596 2505 1805 2561 clamor
1847 2512 2051 2570 autem,

471 2616 582 2658 non
616 2600 838 2671 quidem
866 2598 1072 2662 verbis,
1127 2597 1340 2653 etiamsi
1375 2595 1478 2667 ipsi
1511 2596 1711 2651 dican't
1731 2594 1899 2651 Deum
1932 2596 2055 2651 uni-

468 2708 753 2750 versorum
788 2707 849 2749 se
876 2705 1229 2763 cognoscere,
1255 2704 1318 2744 ac
1346 2689 1506 2745 labiis
1535 2687 1823 2754 conﬁteri;
1863 2688 1960 2743 sed
1996 2688 2054 2742 in

469 2783 657 2847 corde,
706 2782 822 2838 sive
866 2782 923 2837 in
950 2788 1132 2837 mente
1176 2795 1367 2836 eorum
1400 2779 1617 2835 exsistit
1657 2797 1673 2834 :
1726 2793 1791 2833 ac
1827 2793 1897 2833 ne
1943 2792 2053 2832 una

467 2876 687 2948 quidem
716 2889 845 2930 vera
878 2874 946 2929 de
969 2871 1078 2929 Deo
1110 2871 1374 2942 cogitatio
1396 2877 1535 2925 erat.
1566 2867 1892 2939 Huiusmodi
1927 2883 2055 2939 pro-

467 2967 610 3024 fecto
633 2975 752 3023 erat
783 2973 910 3021 ante
927 2964 1227 3019 Salvatoris
1243 2963 1535 3036 adventum
1563 2969 1737 3016 totum
1771 2959 2053 3015 hominum

469 3074 663 3130 genus.
690 3055 961 3126 lnsipiens
1001 3063 1184 3109 autem
1225 3053 1517 3108 admodum
1543 3067 1673 3107 vere
1701 3065 1765 3105 ac
1795 3066 2054 3122 germane

1148 330 1418 388 EUSEBII
1459 328 1943 389 CESARIENSIS
1978 329 2131 386 OPP.
2170 326 2354 384 PARS
2391 325 2478 382 Ill.
2512 352 2585 367 —-
2619 319 3032 378 EXEGETICA.

3630 313 3735 371 H6

2545 440 2905 496 EPMHNEI'A
2930 435 3232 492 ΨΑΔΜΟΥ
3262 436 3339 490 Ε’.

2158 577 2263 647 Είς
2295 579 2362 633 τὸ
2394 578 2573 645 τέλος
2613 568 3453 696 ὐπὲρτὲτῖἓὲῑτὲρονομούσης
3492 563 3737 635 ψαλμός

2779 660 2859 709 τῳ
2903 660 3103 696 Δαυιο.

2226 761 2322 826 Εἰς
2355 759 2419 815 τὸ
2466 758 2618 822 τέλος
2671 757 3026 829 χαριστήριος
3053 752 3221 825 ὕμνος
3250 749 3435 822 ᾄδεται
3474 748 3614 819 ὑπὲρ
3634 746 3736 818 τῆς

2156 853 2430 924 ἀγομένης
2459 851 2656 922 ψυχῆς,
2691 848 2812 921 ἦτοι
2860 846 3206 917 Ἐκκλησίας,
3239 847 3318 907 είς
3353 841 3501 896 Θείαν
3534 839 3733 911 κληρο-

2155 946 2344 1018 νομίαν
2364 943 2774 1016 ἡτοιμασμένην
2795 944 2906 1004 τοῖς
2920 940 3013 993 τοῦ
3027 936 3162 993 Θεοῦ
3179 936 3557 1009 Θεραπευταῖς.
3585 934 3735 988 Ἐστι

2155 1038 2263 1110 γὰρ
2295 1033 2626 1109 κληρονομία
2681 1035 2791 1098 τοῖς
2844 1030 3205 1103 Θεραπεύουσι
3230 1028 3461 1101 Κύριον·
3497 1027 3652 1080 Ἔστι
3676 1025 3734 1079 δὲ

2155 1130 2292 1201 α’ύτη
2316 1130 2376 1184 οὐ
2410 1129 2621 1200 φθαρτὴ
2640 1128 2736 1181 καὶ
2760 1128 2817 1180 ὲν
2843 1123 3085 1195 αἰσθητῷ
3103 1119 3317 1191 πλούτῳ
3346 1120 3543 1190 ἔχουσα
3571 1113 3732 1172 εἶναι.

2155 1216 2384 1295 Εἴρηται
2420 1222 2527 1293 γάρ
2579 1217 2892 1289 εἰσάγεσθαι
2942 1218 3070 1279 τοὺς
3107 1212 3308 1284 ταύτης
3367 1209 3735 1283 κληρονόμους

2153 1317 2243 1381 είς
2262 1312 2665 1382 κληρονομίαν
2691 1311 2996 1379 ἄφθαρτον
3022 1306 3120 1360 καί
3140 1306 3430 1375 ἀμίαντον
3461 1302 3558 1355 καὶ
3590 1298 3738 1370 ἀμά-

2146 1424 2395 1476 ραντον,
2418 1403 2821 1473 τετηρημένην
2839 1403 2909 1455 ἐν
2926 1399 3225 1469 οὐρανοῖς.
3258 1397 3349 1461 Εἰς
3380 1394 3584 1466 ταύτην
3610 1394 3738 1458 τοὺς

2155 1499 2340 1564 ἀξίους
2362 1496 2543 1551 καλῶν
2574 1499 2603 1549 6
2625 1495 2814 1565 Etutﬁp
2832 1510 2845 1523 ·
2876 1489 3053 1545 Δεῦτε
3080 1488 3147 1542 ἐκ
3172 1484 3386 1551 δεξιῶν
3400 1502 3540 1554 μου,
3572 1478 3739 1550 εἴπερ

2155 1594 2274 1663 (sic)
2313 1596 2367 1645 οὶ
2412 1587 2807 1657 εὐλογημένοι
2851 1582 2957 1637 τοῦ
3008 1582 3238 1649 Πατρός
3274 1596 3414 1648 μου,
3452 1579 3739 1642 κληρονο-

2148 1685 2384 1754 μήσατε
2405 1682 2521 1749 τὴν
2535 1676 2984 1748 ἡτοιμασμένην
2999 1673 3143 1743 ὑμῖν
3158 1670 3504 1737 βασιλείαν.
3520 1666 3738 1738 Ταύτης

2084 1811 2128 1866 Β
2156 1775 2333 1846 ἔρωτα
2365 1769 2544 1825 λαϐὼν
2563 1773 2592 1824 6
2618 1769 2708 1822 τὸν
2734 1767 3053 1836 ἐγκείμενον
3090 1762 3304 1833 ψαλμὸν
3344 1760 3539 1828 λέγων,
3574 1759 3738 1829 εὐχὴν

2155 1867 2468 1937 ἀναπέμπει
2512 1863 2588 1934 τῷ
2633 1861 3012 1932 εύτρεπίσαντι
3039 1859 3211 1930 αὐτὴν
3245 1856 3385 1927 Θεῷ,
3417 1855 3505 1910 ἴνα
3531 1852 3736 1924 ἀξιωθῇ

2154 1955 2490 2028 κληρονόμος
2552 1954 2721 2024 αὐτῆς
2779 1951 2921 2005 κατὰ
2946 1949 3045 2021 τὴν
3079 1948 3269 2019 καινὴν
3309 1945 3572 2017 διαθήκην
3603 1943 3737 1996 ἁνα-

2152 2047 2427 2119 δειχθῆναι
2452 2065 2466 2078 ·
2497 2046 2573 2110 ὡς
2612 2044 2708 2099 καὶ⁵
2774 2046 2906 2116 περὶ
2950 2041 3051 2112 τῆς
3077 2039 3241 2095 αὑτοῦ
3279 2037 3455 2109 ψυχῆς
3484 2034 3739 2108 σημαίνει

2103 2212 2108 2217 θ
2153 2141 2252 2213 τὴν
2285 2130 2594 2211 ἐπιγραφὴν
2625 2137 2724 2208 τὴν
2750 2134 2903 2204 ὑπὲρ
2931 2132 3042 2202 τῆς
3079 2130 3600 2201 κληρονομούσης.

2230 2319 2309 2374 Τὰ
2352 2314 2593 2386 ῥήματά
2641 2332 2761 2384 μου
2818 2311 3119 2372 ἐνωτίσαι,
3167 2309 3378 2377 Κύριε,
3423 2307 3608 2371 σύνες
3658 2302 3735 2372 τῇ

2153 2408 2388 2480 κραυγῇ
2435 2426 2575 2478 μου.
2622 2405 2702 2460 Τὰ
2758 2403 2859 2475 μὲν
2909 2397 3002 2457 οὖν
3060 2402 3279 2473 ῥήματα
3329 2398 3419 2452 διὰ
3468 2397 3737 2466 στόματος

2154 2498 2597 2569 ἐπαγγελλόμενα
2631 2496 2765 2548 ὠσὶν
2811 2491 3065 2546 ἀκούεται
3111 2492 3203 2545 καὶ
3230 2487 3541 2552 ἐνωτίζεται
3562 2504 3576 2518 ο
3608 2488 3641 2555 ἡ
3675 2484 3738 2540 δὲ

2154 2589 2367 2661 κραυγὴ
2415 2589 2475 2643 ού
2529 2587 2616 2641 διὰ
2646 2585 2756 2639 τῶν
2806 2583 2999 2653 λόγων,
3044 2581 3147 2636 κᾶν
3193 2580 3349 2635 αὐτοὶ
3395 2569 3736 2632 εἰδέναιὲκαὶ

2152 2683 2432 2753 ὁμολογεῖν
2458 2680 2547 2733 τὸν
2568 2680 2662 2733 ἐπὶ
2694 2678 2911 2732 πάντων
2929 2677 3063 2731 Θεὸν
3082 2675 3194 2738 τοῖς
3211 2672 3411 2744 χείλεσι
3439 2670 3731 2739 φάσκοιεν·

2152 2775 2266 2830 ἀλλ’
2289 2777 2345 2827 ὲν
2375 2775 2439 2845 τῇ
2473 2772 2673 2844 καρδίᾳ.
2729 2769 2961 2831 ἑαυτῶν,
2997 2766 3275 2822 τουτέστιν
3309 2766 3369 2817 ὲν
3397 2764 3460 2832 τῇ
3485 2757 3695 2832 διανοίᾳ
3715 2772 3732 2789 ο

2152 2866 2271 2921 οὐδὲ
2328 2865 2426 2937 μία
2477 2882 2559 2928 τις
2614 2861 2822 2933 ἀληθὴς
2878 2860 3008 2933 περὶ
3057 2857 3194 2911 Θεοῦ
3243 2855 3489 2926 ὑπῆρχεν
3534 2850 3731 2903 ἔννοια.

2152 2959 2402 3023 Τοιοῦτος
2435 2959 2533 3029 μὲν
2573 2952 2666 3011 οὖν
2721 2955 3017 3026 ἐτύγχανεν
3039 2954 3145 3015 πᾶς
3179 2950 3209 3001 6
3231 2947 3337 3019 πρὸ
3366 2946 3466 3015 τῆς
3492 2943 3588 3019 τοῦ
3623 2943 3737 2996 Σω-

2150 3050 2312 3122 τῆρος
2513 3043 2814 3118 παρουσίας
2837 3043 2968 3114 βίος.
2991 3042 3065 3110 (1)
3085 3036 3373 3109 Ἀφρωνδὲ
3396 3033 3735 3105 ἀληθέστατα

469 3124 674 3207 dicitur
701 3124 989 3221 qui—negat
1032 3147 1223 3203 Deum.
1249 3146 1389 3200 Nam
1443 3145 1491 3199 si
1528 3145 1741 3198 initium
1782 3143 2055 3211 sapientiae

2155 3141 2248 3194 καὶ
2302 3137 2656 3209 φυσικώτατα
2697 3139 2726 3190 ὁ
2770 3133 3091 3207 ἀρνησίΘεος
3138 3130 3472 3200 ὠνόμασται.
3524 3127 3585 3179 Ei
3626 3124 3737 3195 γὰρ

474 3248 633 3301 timor
654 3216 870 3300 Domini
888 3216 958 3306 ίι,
992 3240 1275 3310 despectio
1306 3254 1373 3293 ac
1417 3245 1765 3309 contemptus
1793 3236 1911 3301 Dei,
1956 3251 2053 3307 op-

2153 3234 2375 3303 σοφίας
2403 3230 2560 3301 ἀρχὴ
2581 3230 2763 3299 φόϐος
2788 3226 2958 3291 Θεοῦ,
2985 3223 3185 3294 ἀφοῦία
3208 3220 3302 3275 καὶ
3332 3218 3587 3289 ἀθέτησις
3613 3216 3737 3269 τού-

468 3340 684 3410 positus
716 3335 995 3407 sapientiae
1020 3332 1204 3388 fuerit.

541 3426 708 3484 Vsus.
738 3428 792 3482 4.
831 3425 1099 3493 Quoniam
1131 3422 1200 3476 ad
1258 3431 1306 3476 te
1354 3419 1539 3485 orabo,
1583 3419 1842 3483 Domine,
1902 3433 2055 3473 mane

469 3520 719 3577 exaudies
745 3535 919 3573 vocem
952 3532 1124 3570 meam
1150 3532 1169 3570 :
1198 3532 1351 3570 mane
1384 3514 1606 3571 adstabo
1637 3511 1730 3567 tibi
1760 3521 1810 3567 et
1856 3511 2052 3565 videbis

469 3629 572 3667 me.
599 3610 698 3667 His
752 3609 982 3664 docetur
1014 3606 1196 3660 anima
1228 3620 1352 3676 qua:
1408 3603 1782 3659 hereditatem
1832 3604 2051 3673 accipit,

470 3704 798 3760 diurnorum
853 3714 1082 3771 operum
1135 3697 1410 3768 primitias
1458 3696 1646 3753 divino
1705 3712 1827 3752 esse
1875 3698 2048 3751 cultui

472 3792 881 3851 consecrandas
915 3811 928 3846 :
962 3788 1109 3860 quod
1141 3788 1331 3858 utique
1375 3802 1486 3841 non
1516 3786 1742 3851 faceret,
1779 3786 1826 3840 si
1855 3785 1910 3840 in
1935 3785 2055 3856 ipso

471 3885 641 3942 cubili
681 3884 737 3940 in
769 3883 888 3954 ejus
921 3881 1250 3937 oblivionem
1284 3880 1511 3935 veniret.

541 3974 711 4033 Vsus.
744 3975 797 4039 5,
827 3974 881 4030 6.
910 3974 1175 4041 Quoniam
1205 3987 1311 4025 non
1335 3969 1479 4025 Deus
1507 3969 1681 4024 volens
1723 3968 2055 4040 iniquitatem

471 4078 527 4123 tu
556 4085 610 4124 es
641 4084 661 4123 :
690 4083 852 4138 neque
878 4064 1137 4119 habitabit
1153 4063 1318 4134 juxta
1358 4070 1409 4116 te
1432 4062 1719 4132 malignus,
1751 4077 1912 4138 neque
1939 4077 2057 4131 per-

467 4160 752 4216 manebunt
766 4133 957 4229 injusti
985 4167 1105 4212 ante
1132 4156 1312 4210 oculos
1345 4162 1485 4209 tuos.
1522 4152 1718 4223 Utpote
1745 4133 2056 4224 quaidigua

468 4252 654 4308 habita
708 4250 781 4307 sit
814 4264 933 4319 quae
965 4247 1362 4318 promissorum
1390 4244 1659 4299 bonorum
1684 4242 2055 4298 hereditatem

470 4345 767 4414 acciperet,
799 4341 1019 4410 iniquos
1054 4339 1160 4395 sibi
1215 4336 1392 4392 oculis
1429 4336 1668 4405 subjicit.
1702 4334 1879 4405 Iniqui
1907 4335 2055 4390 enim

2153 3326 2363 3380 ναντίον
2385 3324 2451 3378 ἂν
2488 3323 2697 3392 γένοιτο
2725 3321 2824 3390 τῆς
2854 3318 3065 3386 σοφίας.

2228 3418 2347 3470 ’Ότι
2372 3415 2522 3485 πρὸς
2548 3414 2623 3467 σὲ
2660 3410 3084 3482 προσεύξομαι,
3106 3408 3301 3476 Κύριε,
3340 3404 3406 3458 τὸ
3433 3401 3584 3471 πρωῒ
3612 3400 3739 3455 εἱσ-

2154 3511 2390 3578 ακοὺσῃ
2453 3507 2565 3576 τῆς
2612 3504 2816 3575 φωνῆς
2829 3519 2977 3573 μου·
3004 3500 3071 3555 τὸ
3099 3500 3248 3569 πρωῒ
3276 3490 3740 3566 παραστήσομαι

2155 3620 2254 3658 σοι
2282 3602 2381 3656 καὶ
2409 3600 2611 3669 ἐπόψῃ
2633 3616 2727 3669 με.
2764 3596 3088 3652 Παιδεύεται
3123 3594 3213 3647 διὰ
3240 3592 3444 3646 τούτων
3476 3591 3510 3661 ἡ
3540 3588 3741 3659 κληρο-

2154 3691 2395 3763 νομοῦσα
2437 3691 2536 3761 τὴν
2577 3687 2832 3757 ἀπαρχὴν
2880 3684 2989 3738 τῶν
3045 3678 3323 3754 ήμερινῶν
3365 3675 3621 3751 πράξεων
3675 3674 3737 3742 τῇ

2158 3762 2292 3855 πρὸς
2316 3768 2448 3836 Θεὸν
2476 3779 2781 3836 ἀνατιθέναι
2801 3774 3027 3849 λατρεία
3043 3791 3060 3805 ο
3079 3775 3217 3844 ὅπερ
3238 3771 3337 3824 οὐκ
3357 3768 3424 3823 ἂν
3456 3766 3628 3821 ἐποίει
3659 3762 3737 3835 μὴ

2156 3874 2250 3927 καὶ
2282 3873 2390 3926 ἀπὸ
2418 3872 2606 3942 κοίτης
2640 3869 2837 3941 ξχουσα
2864 3865 2963 3937 τὴν
2993 3861 3289 3933 ἀγνωσίαν.

2231 3968 2355 4020 Ὅτι
2387 3965 2523 4033 οὐχὶ
2549 3963 2690 4029 Θεὸς
2725 3960 2917 4017 θέλων
2933 3953 3191 4025 ἀνομίαν
3209 3953 3293 4008 σὺ
3322 3947 3396 4006 εἴ·
3435 3951 3507 4004 οὐ
3540 3963 3740 4016 παροι-

2157 4060 2332 4127 κήσει
2353 4074 2452 4112 σοι
2480 4056 2983 4124 πονηρευόμενος,
3017 4048 3161 4103 οὐδὲ
3179 4043 3527 4115 διαμενοῦσι
3551 4037 3741 4109 παρό-

2156 4169 2323 4219 νομοι
2349 4149 2665 4203 κατέναντι
2684 4146 2804 4198 τῶν
2831 4139 3156 4211 ὀφθαλμῶν
3184 4154 3319 4192 σου.
3375 4135 3461 4199 Ὠς
3493 4132 3559 4188 ἂν
3581 4130 3738 4202 ἠξιω-

2162 4243 2296 4313 μένη
2332 4240 2439 4294 τῶν
2493 4236 2918 4308 ἐπηγγελμένων
2959 4230 3179 4300 ἀγαθῶν
3222 4231 3257 4300 ἡ
3301 4224 3734 4299 κληρονομοῦσα,

2156 4336 2285 4397 τοὺς
2312 4332 2548 4402 ἀνόμους
2577 4328 2941 4382 ἐπιδείκνυσιν
2970 4326 3158 4393 ἑαυτῇ.
3181 4323 3244 4374 0i
3266 4321 3375 4390 γάρ
3409 4318 3735 4389 παράνομοι,

470 4410 688 4492 etiamsi
714 4438 1006 4503 antequam
1056 4429 1548 4503 praevaricareutur
1573 4428 1731 4497 juxta
1761 4434 1813 4482 te
1843 4425 2055 4482 habita-

2160 4427 2209 4479 εί
2239 4426 2333 4478 καὶ
2357 4423 2464 4496 πρὸ
2509 4421 2604 4475 τοῦ
2655 4418 3038 4491 παρανομῆσαι
3080 4412 3417 4484 παρῴκησάν
3461 4410 3545 4462 σοί
3582 4422 3736 4467 ποτε,

470 4531 668 4594 veriut,
717 4497 1178 4598 quemadmodum
1231 4520 1269 4576 ii
1317 4519 1410 4591 qui
1442 4519 1646 4591 Moysis
1679 4519 1853 4589 legem
1895 4532 2052 4573 acce-

2155 4516 2411 4586 καθάπερ
2462 4514 2511 4567 οἱ
2544 4513 2634 4566 τὸν
2683 4510 2960 4572 Μωῦσέως
3015 4506 3296 4577 δεξάμενοι
3346 4503 3543 4573 νόμον,
3599 4497 3739 4564 ἀλλὰ

470 4638 629 4697 pere;
660 4627 716 4676 at
735 4588 1031 4692 postquam
1084 4588 1421 4688 praevaricati
1452 4588 1603 4677 sunt,
1645 4588 1960 4667 nullatenus
1992 4611 2048 4665 in

2158 4605 2472 4678 παραϐάται
2496 4602 2778 4672 γεγονότες
2798 4602 2861 4653 οὐ
2891 4599 3158 4671 μένουσιν.
3182 4596 3375 4656 Μισεῖς
3412 4592 3469 4645 δὲ
3493 4588 3737 4652 καὶτοὺς

471 4714 707 4788 pristino
725 4713 848 4768 loco
868 4716 1096 4765 manent
1134 4726 1148 4762 :
1180 4714 1238 4761 tu
1276 4723 1407 4765 vero
1428 4706 1613 4762 oderis
1637 4719 1733 4760 eos
1760 4703 1855 4773 qui
1886 4718 1918 4756 a
1953 4700 2052 4756 Dei

2160 4698 2267 4763 ἔξω
2289 4698 2389 4768 τῆς
2418 4694 2728 4759 Θεοσεὸείας
2767 4696 2826 4748 ὲν
2854 4694 2962 4763 ὅσῳ
3008 4691 3203 4763 μίσους
3230 4688 3356 4753 ἄξια
3383 4686 3733 4757 πράττουσιν.

473 4806 624 4862 cultu
651 4817 929 4859 recessere
949 4841 964 4866 ,
996 4805 1204 4872 quanto
1232 4808 1476 4870 tempore
1507 4797 1543 4852 ii
1573 4795 1700 4851 odio
1733 4794 1894 4865 digna
1923 4807 2050 4864 per-

472 4904 708 4969 petram.

545 4988 715 5044 Vens.
748 4988 801 5052 7,
836 4985 891 5042 8.
922 4983 1119 5049 Odisti,
1162 4981 1405 5047 Domine,
1441 4995 1620 5036 omnes
1654 4976 1746 5048 qui
1773 4985 2055 5047 operantur

472 5083 825 5154 iniquitatem,
851 5077 1033 5148 perdes
1055 5092 1231 5132 omnes
1266 5075 1358 5146 qui
1387 5073 1674 5143 loquuntur
1701 5069 2052 5124 mendacium.

482 5175 667 5229 Virum
692 5173 1010 5244 sanguinum
1038 5180 1089 5224 et
1124 5168 1370 5223 dolorum
1408 5165 1748 5219 abominatur
1775 5162 2053 5216 Dominus.

473 5265 592 5322 Non
625 5265 801 5321 solum
858 5278 954 5320 eos
1008 5259 1102 5332 qui
1143 5258 1297 5323 olim,
1333 5255 1431 5313 sed
1464 5255 1628 5311 etiam
1673 5254 1895 5325 eos.qui
1941 5253 2055 5321 jam

474 5363 772 5427 operantur
796 5353 1162 5425 iniquitatem,
1209 5350 1255 5405 si
1286 5348 1505 5419 quidem
1534 5347 1591 5401 in
1625 5347 1832 5401 malitia
1861 5361 2049 5417 perse-

475 5456 686 5513 verent,
722 5447 836 5504 odit
870 5447 1015 5503 Deus
1043 5463 1057 5501 ε
1095 5457 1160 5498 ae
1180 5458 1293 5513 prie
1312 5440 1571 5497 omnibus
1602 5439 1862 5510 perniciei
1888 5437 2055 5493 tradit

547 5604 596 5638 "
635 5603 656 5659 l
684 5603 832 5660 Petr.
865 5619 922 5668 ι,
953 5601 1007 5656 ι.
1086 5600 1133 5631 ⁶⁶
1175 5598 1364 5655 Matth.
1392 5615 1539 5665 xxv,
1572 5596 1662 5656 '54.
1742 5595 1784 5628 ⁰¹
1824 5593 1972 5650 Psal.
2005 5608 2075 5647 cx
2098 5632 2113 5656 ,

553 5789 628 5860 (l)
667 5787 805 5846 Vide
833 5795 1019 5845 notam
1050 5786 1103 5842 in
1130 5783 1268 5858 psal.
1299 5796 1429 5837 xvu.

2239 4977 2590 5047 Ἐμίοησας,
2634 4974 2832 5042 Κύριε,
2864 4970 3097 5034 πάντας
3127 4965 3271 5032 τοὺς
3307 4961 3737 5033 ἐργαζομένους

2155 5071 2271 5140 τὴν
2296 5071 2572 5141 ἀνομίαν,
2601 5066 2848 5131 ἀπολεῖς
2867 5063 3097 5128 πάντας
3126 5060 3270 5126 τοὺς
3296 5056 3635 5119 λαλοῦντας
3671 5053 3735 5105 τὸ

2156 5164 2402 5235 ψεῦδος.
2440 5161 2657 5231 Ἄνδρα
2683 5158 2947 5230 αἱμάτων
2972 5155 3070 5209 καὶ
3097 5153 3303 5206 δόλιον
3323 5149 3739 5215 ,ϐδελύσσεται

2156 5257 2390 5324 Κύριος.
2419 5255 2495 5309 Οὐ
2517 5252 2642 5316 τούς
2684 5267 2817 5305 ποτε
2863 5245 3290 5319 ἐργασαμένους,
3313 5241 3449 5296 ἀλλὰ
3484 5238 3579 5292 καὶ
3610 5236 3740 5299 τοὺς

2158 5345 2239 5399 ἔτι
2297 5345 2393 5398 καὶ
2440 5342 2536 5396 νῦν
2574 5338 2991 5413 ἐργαζομένους,
3035 5336 3111 5399 ὡς
3153 5333 3220 5388 ἂν
3265 5329 3621 5402 ἐπιμένοντας
3663 5326 3733 5396 τῇ

2159 5435 2353 5507 κακίᾳ,
2394 5435 2544 5506 μισεῖ
2565 5433 2596 5484 6
2629 5430 2782 5495 Θεός.
2837 5427 2997 5499 Παρὰ
3023 5428 3230 5489 πάντας
3253 5423 3311 5478 δὲ
3341 5420 3562 5484 τούτους
3585 5419 3740 5474 ἀπω-

2154 5592 2242 5647 10.
