  <div class='ocr_page' id='page_1' title='image "/cluster/home/n/w/nwhite01/storage/ocr_20150623/23:no.5/coo.31924054873033/074.png"; bbox 0 0 4096 6430; ppageno 0'>
   <div class='ocr_carea' id='block_1_1' title="bbox 441 302 540 359">
    <p class='ocr_par' dir='ltr' id='par_1_1' title="bbox 441 302 540 359">
     <span class='ocr_line' id='line_1_1' title="bbox 441 302 540 359; baseline -0.02 0"><span class='ocrx_word' id='word_1_1' title='bbox 441 302 540 359; x_wconf 81' lang='grc'><strong>117</strong></span> 
     </span>
    </p>
   </div>
   <div class='ocr_carea' id='block_1_2' title="bbox 1571 297 2553 359">
    <p class='ocr_par' dir='ltr' id='par_1_2' title="bbox 1571 297 2553 359">
     <span class='ocr_line' id='line_1_2' title="bbox 1571 297 2553 359; baseline -0.006 -1"><span class='ocrx_word' id='word_1_2' title='bbox 1571 299 2075 359; x_wconf 75' lang='lat' dir='ltr'><strong>COMMENTARIA</strong></span> <span class='ocrx_word' id='word_1_3' title='bbox 2106 298 2176 355; x_wconf 83' lang='grc' dir='ltr'><strong>ΙΝ</strong></span> <span class='ocrx_word' id='word_1_4' title='bbox 2216 297 2553 355; x_wconf 78' lang='lat' dir='ltr'><strong>PSALMOS.</strong></span> 
     </span>
    </p>
   </div>
   <div class='ocr_carea' id='block_1_3' title="bbox 3590 291 3694 350">
    <p class='ocr_par' dir='ltr' id='par_1_3' title="bbox 3590 291 3694 350">
     <span class='ocr_line' id='line_1_3' title="bbox 3590 291 3694 350; baseline 0.029 -4"><span class='ocrx_word' id='word_1_5' title='bbox 3590 291 3694 350; x_wconf 78' lang='grc'><strong>118</strong></span> 
     </span>
    </p>
   </div>
   <div class='ocr_carea' id='block_1_4' title="bbox 430 413 1998 500">
    <p class='ocr_par' dir='ltr' id='par_1_4' title="bbox 430 420 1998 500">
     <span class='ocr_line' id='line_1_4' title="bbox 430 420 1998 500; baseline 0 -23"><span class='ocrx_word' id='word_1_6' title='bbox 430 422 552 496; x_wconf 78' lang='grc' dir='ltr'>λείᾳ.</span> <span class='ocrx_word' id='word_1_7' title='bbox 609 425 940 499; x_wconf 88' lang='grc' dir='ltr'>παραδίδωσι</span> <span class='ocrx_word' id='word_1_8' title='bbox 974 426 1097 489; x_wconf 75' lang='grc' dir='ltr'>τοὺς</span> <span class='ocrx_word' id='word_1_9' title='bbox 1145 425 1219 500; x_wconf 83' lang='grc' dir='ltr'>μὴ</span> <span class='ocrx_word' id='word_1_10' title='bbox 1251 420 1410 497; x_wconf 84' lang='grc' dir='ltr'>μόνον</span> <span class='ocrx_word' id='word_1_11' title='bbox 1451 424 1591 480; x_wconf 77' lang='grc' dir='ltr'>κατὰ</span> <span class='ocrx_word' id='word_1_12' title='bbox 1623 425 1839 495; x_wconf 80' lang='grc' dir='ltr'>ἀπάτην</span> <span class='ocrx_word' id='word_1_13' title='bbox 1862 424 1998 493; x_wconf 90' lang='grc' dir='ltr'>λογι-</span> 
     </span>
    </p>
   </div>
   <div class='ocr_carea' id='block_1_5' title="bbox 2099 413 3696 500">
    <p class='ocr_par' dir='ltr' id='par_1_5' title="bbox 2113 413 3696 492">
     <span class='ocr_line' id='line_1_5' title="bbox 2113 413 3696 492; baseline -0.005 -14"><span class='ocrx_word' id='word_1_14' title='bbox 2113 437 2230 486; x_wconf 87' lang='lat' dir='ltr'><strong>eos,</strong></span> <span class='ocrx_word' id='word_1_15' title='bbox 2263 421 2356 492; x_wconf 86' lang='lat' dir='ltr'><strong>qui</strong></span> <span class='ocrx_word' id='word_1_16' title='bbox 2403 435 2515 474; x_wconf 86' lang='lat' dir='ltr'><strong>non</strong></span> <span class='ocrx_word' id='word_1_17' title='bbox 2568 417 2730 473; x_wconf 92' lang='lat' dir='ltr'><strong>modo</strong></span> <span class='ocrx_word' id='word_1_18' title='bbox 2757 431 2857 488; x_wconf 88' lang='lat' dir='ltr'><strong>per</strong></span> <span class='ocrx_word' id='word_1_19' title='bbox 2910 414 3179 471; x_wconf 77' lang='lat' dir='ltr'><strong>fallaciam</strong></span> <span class='ocrx_word' id='word_1_20' title='bbox 3224 413 3508 472; x_wconf 86' lang='lat' dir='ltr'><strong>mendacia</strong></span> <span class='ocrx_word' id='word_1_21' title='bbox 3539 414 3696 486; x_wconf 82' lang='lat' dir='ltr'><strong>cogi-</strong></span> 
     </span>
    </p>
   </div>
   <div class='ocr_carea' id='block_1_6' title="bbox 430 516 2011 590">
    <p class='ocr_par' dir='ltr' id='par_1_6' title="bbox 430 516 2011 590">
     <span class='ocr_line' id='line_1_6' title="bbox 430 516 2011 590; baseline 0.001 -19"><span class='ocrx_word' id='word_1_22' title='bbox 430 516 689 590; x_wconf 80' lang='grc' dir='ltr'>ξομένους</span> <span class='ocrx_word' id='word_1_23' title='bbox 730 519 799 573; x_wconf 75' lang='grc' dir='ltr'>τὰ</span> <span class='ocrx_word' id='word_1_24' title='bbox 819 516 1014 590; x_wconf 79' lang='grc' dir='ltr'>ψευδῆ,</span> <span class='ocrx_word' id='word_1_25' title='bbox 1040 518 1177 573; x_wconf 71' lang='grc' dir='ltr'>ἀλλὰ</span> <span class='ocrx_word' id='word_1_26' title='bbox 1217 519 1314 573; x_wconf 77' lang='grc' dir='ltr'><strong>καὶ</strong></span> <span class='ocrx_word' id='word_1_27' title='bbox 1350 516 1643 583; x_wconf 80' lang='grc' dir='ltr'><strong>λαλοῦντας</strong></span> <span class='ocrx_word' id='word_1_28' title='bbox 1704 517 1865 582; x_wconf 75' lang='grc' dir='ltr'>αὐτὰ,</span> <span class='ocrx_word' id='word_1_29' title='bbox 1916 519 2011 572; x_wconf 76' lang='grc' dir='ltr'><strong>καὶ</strong></span> 
     </span>
    </p>
   </div>
   <div class='ocr_carea' id='block_1_7' title="bbox 431 609 2009 683">
    <p class='ocr_par' dir='ltr' id='par_1_7' title="bbox 431 609 2009 683">
     <span class='ocr_line' id='line_1_7' title="bbox 431 609 2009 683; baseline 0.001 -21"><span class='ocrx_word' id='word_1_30' title='bbox 431 609 637 682; x_wconf 73' lang='grc' dir='ltr'>ἑτέροις</span> <span class='ocrx_word' id='word_1_31' title='bbox 661 611 1127 683; x_wconf 61' lang='grc' dir='ltr'>διακονουμένους,</span> <span class='ocrx_word' id='word_1_32' title='bbox 1155 612 1334 665; x_wconf 79' lang='grc' dir='ltr'>ὁποῖοι</span> <span class='ocrx_word' id='word_1_33' title='bbox 1379 612 1741 683; x_wconf 80' lang='grc' dir='ltr'><strong>τυγχάνουσιν</strong></span> <span class='ocrx_word' id='word_1_34' title='bbox 1761 611 1811 664; x_wconf 85' lang='grc' dir='ltr'>οἱ</span> <span class='ocrx_word' id='word_1_35' title='bbox 1840 609 2009 673; x_wconf 82' lang='grc' dir='ltr'>ἄθεοι,</span> 
     </span>
    </p>
   </div>
   <div class='ocr_carea' id='block_1_8' title="bbox 428 702 2011 774">
    <p class='ocr_par' dir='ltr' id='par_1_8' title="bbox 428 702 2011 774">
     <span class='ocr_line' id='line_1_8' title="bbox 428 702 2011 774; baseline 0 -17"><span class='ocrx_word' id='word_1_36' title='bbox 428 702 765 774; x_wconf 74' lang='grc' dir='ltr'>αίρρσιῶται.</span> <span class='ocrx_word' id='word_1_37' title='bbox 795 706 905 765; x_wconf 75' lang='grc' dir='ltr'>Καὶ</span> <span class='ocrx_word' id='word_1_38' title='bbox 929 705 1029 757; x_wconf 62' lang='grc' dir='ltr'><strong>ἐπὶ</strong></span> <span class='ocrx_word' id='word_1_39' title='bbox 1043 704 1405 769; x_wconf 58' lang='grc' dir='ltr'>πᾶσιν-τούτοις</span> <span class='ocrx_word' id='word_1_40' title='bbox 1423 705 1530 759; x_wconf 81' lang='grc' dir='ltr'>τὸν</span> <span class='ocrx_word' id='word_1_41' title='bbox 1549 704 1739 773; x_wconf 80' lang='grc' dir='ltr'>ἄνδρα</span> <span class='ocrx_word' id='word_1_42' title='bbox 1750 703 2011 773; x_wconf 79' lang='grc' dir='ltr'><strong>αἱμάτων</strong></span> 
     </span>
    </p>
   </div>
   <div class='ocr_carea' id='block_1_9' title="bbox 431 785 2011 868">
    <p class='ocr_par' dir='ltr' id='par_1_9' title="bbox 431 785 2011 868">
     <span class='ocr_line' id='line_1_9' title="bbox 431 785 2011 868; baseline 0.005 -29"><span class='ocrx_word' id='word_1_43' title='bbox 431 785 828 857; x_wconf 76' lang='grc' dir='ltr'>βδελύσσεται</span> <span class='ocrx_word' id='word_1_44' title='bbox 842 788 1078 856; x_wconf 83' lang='grc' dir='ltr'>Κύριος,</span> <span class='ocrx_word' id='word_1_45' title='bbox 1105 793 1200 849; x_wconf 73' lang='grc' dir='ltr'><strong>καὶ</strong></span> <span class='ocrx_word' id='word_1_46' title='bbox 1228 795 1380 867; x_wconf 73' lang='grc' dir='ltr'>ὲντῇ</span> <span class='ocrx_word' id='word_1_47' title='bbox 1415 793 1506 868; x_wconf 81' lang='grc' dir='ltr'>ῐσῃ</span> <span class='ocrx_word' id='word_1_48' title='bbox 1546 794 1720 867; x_wconf 86' lang='grc' dir='ltr'>τούτῳ</span> <span class='ocrx_word' id='word_1_49' title='bbox 1768 794 2011 866; x_wconf 78' lang='grc' dir='ltr'><strong>τιμωρίᾳ</strong></span> 
     </span>
    </p>
   </div>
   <div class='ocr_carea' id='block_1_10' title="bbox 422 872 2011 962">
    <p class='ocr_par' dir='ltr' id='par_1_10' title="bbox 422 872 2011 962">
     <span class='ocr_line' id='line_1_10' title="bbox 422 872 2011 962; baseline 0.004 -27"><span class='ocrx_word' id='word_1_50' title='bbox 422 872 523 936; x_wconf 57' lang='grc' dir='ltr'>’καὶ</span> <span class='ocrx_word' id='word_1_51' title='bbox 567 884 664 937; x_wconf 81' lang='grc' dir='ltr'><strong>τὸν</strong></span> <span class='ocrx_word' id='word_1_52' title='bbox 708 884 882 938; x_wconf 88' lang='grc' dir='ltr'>δόλιον</span> <span class='ocrx_word' id='word_1_53' title='bbox 929 885 1160 957; x_wconf 88' lang='grc' dir='ltr'>τίθησιν.</span> <span class='ocrx_word' id='word_1_54' title='bbox 1210 887 1270 941; x_wconf 81' lang='grc' dir='ltr'><strong>ὐ</strong></span> <span class='ocrx_word' id='word_1_55' title='bbox 1313 887 1370 941; x_wconf 86' lang='grc' dir='ltr'>δὲ</span> <span class='ocrx_word' id='word_1_56' title='bbox 1409 887 1705 959; x_wconf 82' lang='grc' dir='ltr'>βδελυγμδς</span> <span class='ocrx_word' id='word_1_57' title='bbox 1738 887 2011 962; x_wconf 74' lang='grc' dir='ltr'>ὑπερϐάλ-</span> 
     </span>
    </p>
   </div>
   <div class='ocr_carea' id='block_1_11' title="bbox 427 971 2007 1052">
    <p class='ocr_par' dir='ltr' id='par_1_11' title="bbox 427 971 2007 1052">
     <span class='ocr_line' id='line_1_11' title="bbox 427 971 2007 1052; baseline 0.004 -27"><span class='ocrx_word' id='word_1_58' title='bbox 427 971 622 1026; x_wconf 86' lang='grc' dir='ltr'>λουσαν</span> <span class='ocrx_word' id='word_1_59' title='bbox 676 974 1047 1048; x_wconf 81' lang='grc' dir='ltr'>ἀποστροφὴν,</span> <span class='ocrx_word' id='word_1_60' title='bbox 1095 978 1172 1041; x_wconf 86' lang='grc' dir='ltr'>ὼς</span> <span class='ocrx_word' id='word_1_61' title='bbox 1216 979 1310 1031; x_wconf 77' lang='grc' dir='ltr'>ἐπὶ</span> <span class='ocrx_word' id='word_1_62' title='bbox 1349 978 1570 1050; x_wconf 86' lang='grc' dir='ltr'>μεγάλῳ</span> <span class='ocrx_word' id='word_1_63' title='bbox 1609 978 1893 1052; x_wconf 82' lang='grc' dir='ltr'>βιάσματι,</span> <span class='ocrx_word' id='word_1_64' title='bbox 1911 976 2007 1032; x_wconf 87' lang='grc' dir='ltr'><strong>τοῦ</strong></span> 
     </span>
    </p>
   </div>
   <div class='ocr_carea' id='block_1_12' title="bbox 428 1063 1800 1143">
    <p class='ocr_par' dir='ltr' id='par_1_12' title="bbox 428 1063 1800 1143">
     <span class='ocr_line' id='line_1_12' title="bbox 428 1063 1800 1143; baseline 0.005 -26"><span class='ocrx_word' id='word_1_65' title='bbox 428 1063 849 1138; x_wconf 82' lang='grc' dir='ltr'>βδελυσσομένου</span> <span class='ocrx_word' id='word_1_66' title='bbox 883 1069 1020 1140; x_wconf 79' lang='grc' dir='ltr'>πρὸς</span> <span class='ocrx_word' id='word_1_67' title='bbox 1035 1069 1125 1123; x_wconf 82' lang='grc' dir='ltr'><strong>τὸν</strong></span> <span class='ocrx_word' id='word_1_68' title='bbox 1161 1070 1448 1141; x_wconf 84' lang='grc' dir='ltr'>βδελυκτὸν</span> <span class='ocrx_word' id='word_1_69' title='bbox 1481 1070 1800 1143; x_wconf 80' lang='grc' dir='ltr'><strong>παρίστησι.</strong></span> 
     </span>
    </p>
   </div>
   <div class='ocr_carea' id='block_1_13' title="bbox 494 1159 2009 1232">
    <p class='ocr_par' dir='ltr' id='par_1_13' title="bbox 494 1159 2009 1232">
     <span class='ocr_line' id='line_1_13' title="bbox 494 1159 2009 1232; baseline 0.003 -20"><span class='ocrx_word' id='word_1_70' title='bbox 494 1159 694 1227; x_wconf 86' lang='grc' dir='ltr'>Κύριε,</span> <span class='ocrx_word' id='word_1_71' title='bbox 712 1159 1022 1231; x_wconf 75' lang='grc' dir='ltr'>όδήγησόν</span> <span class='ocrx_word' id='word_1_72' title='bbox 1026 1178 1103 1230; x_wconf 89' lang='grc' dir='ltr'><strong>με</strong></span> <span class='ocrx_word' id='word_1_73' title='bbox 1118 1161 1189 1216; x_wconf 81' lang='grc' dir='ltr'>ἐν</span> <span class='ocrx_word' id='word_1_74' title='bbox 1198 1160 1272 1231; x_wconf 78' lang='grc' dir='ltr'>τῇ</span> <span class='ocrx_word' id='word_1_75' title='bbox 1289 1161 1646 1232; x_wconf 79' lang='grc' dir='ltr'><strong>δικαιοσύνῃ</strong></span> <span class='ocrx_word' id='word_1_76' title='bbox 1666 1178 1782 1218; x_wconf 89' lang='grc' dir='ltr'><strong>σου</strong></span> <span class='ocrx_word' id='word_1_77' title='bbox 1796 1162 2009 1217; x_wconf 73' lang='grc' dir='ltr'>σ’ἓνεκα</span> 
     </span>
    </p>
   </div>
   <div class='ocr_carea' id='block_1_14' title="bbox 420 1249 2009 1326">
    <p class='ocr_par' dir='ltr' id='par_1_14' title="bbox 420 1249 2009 1326">
     <span class='ocr_line' id='line_1_14' title="bbox 420 1249 2009 1326; baseline 0.004 -23"><span class='ocrx_word' id='word_1_78' title='bbox 420 1249 543 1303; x_wconf 83' lang='grc' dir='ltr'><strong>τῶν</strong></span> <span class='ocrx_word' id='word_1_79' title='bbox 593 1251 825 1320; x_wconf 82' lang='grc' dir='ltr'><strong>ἐχθρῶν</strong></span> <span class='ocrx_word' id='word_1_80' title='bbox 862 1270 982 1321; x_wconf 89' lang='grc' dir='ltr'><strong>μου</strong></span> <span class='ocrx_word' id='word_1_81' title='bbox 1034 1255 1404 1309; x_wconf 81' lang='grc' dir='ltr'>κατεύθυνον</span> <span class='ocrx_word' id='word_1_82' title='bbox 1446 1254 1704 1310; x_wconf 80' lang='grc' dir='ltr'>ἐνώπιόν</span> <span class='ocrx_word' id='word_1_83' title='bbox 1745 1273 1861 1311; x_wconf 90' lang='grc' dir='ltr'><strong>σου</strong></span> <span class='ocrx_word' id='word_1_84' title='bbox 1894 1255 2009 1326; x_wconf 82' lang='grc' dir='ltr'>τὴν</span> 
     </span>
    </p>
   </div>
   <div class='ocr_carea' id='block_1_15' title="bbox 423 1340 2009 1418">
    <p class='ocr_par' dir='ltr' id='par_1_15' title="bbox 423 1340 2009 1418">
     <span class='ocr_line' id='line_1_15' title="bbox 423 1340 2009 1418; baseline 0.003 -24"><span class='ocrx_word' id='word_1_85' title='bbox 423 1340 584 1395; x_wconf 82' lang='grc' dir='ltr'>ὀδόν-</span> <span class='ocrx_word' id='word_1_86' title='bbox 593 1359 735 1411; x_wconf 85' lang='grc' dir='ltr'>μου.</span> <span class='ocrx_word' id='word_1_87' title='bbox 767 1344 1003 1415; x_wconf 85' lang='grc' dir='ltr'>Χριστὸς</span> <span class='ocrx_word' id='word_1_88' title='bbox 1020 1344 1078 1398; x_wconf 83' lang='grc' dir='ltr'>δὲ</span> <span class='ocrx_word' id='word_1_89' title='bbox 1104 1348 1136 1416; x_wconf 86' lang='grc' dir='ltr'>ἡ</span> <span class='ocrx_word' id='word_1_90' title='bbox 1171 1345 1486 1417; x_wconf 82' lang='grc' dir='ltr'><strong>δικαιοσύνη</strong></span> <span class='ocrx_word' id='word_1_91' title='bbox 1507 1362 1521 1376; x_wconf 83' lang='lat'><strong><em>°</em></strong></span> <span class='ocrx_word' id='word_1_92' title='bbox 1561 1347 1727 1410; x_wconf 80' lang='grc' dir='ltr'>αὐτὸς</span> <span class='ocrx_word' id='word_1_93' title='bbox 1753 1346 1861 1418; x_wconf 85' lang='grc' dir='ltr'><strong>γὰρ</strong></span> <span class='ocrx_word' id='word_1_94' title='bbox 1889 1347 2009 1415; x_wconf 75' lang='grc' dir='ltr'>ἐγε-</span> 
     </span>
    </p>
   </div>
   <div class='ocr_carea' id='block_1_16' title="bbox 421 1423 2005 1512">
    <p class='ocr_par' dir='ltr' id='par_1_16' title="bbox 421 1423 2005 1512">
     <span class='ocr_line' id='line_1_16' title="bbox 421 1423 2005 1512; baseline 0.003 -25"><span class='ocrx_word' id='word_1_95' title='bbox 421 1435 561 1507; x_wconf 88' lang='grc' dir='ltr'>νήθη</span> <span class='ocrx_word' id='word_1_96' title='bbox 592 1423 754 1506; x_wconf 70' lang='grc' dir='ltr'>σοφία</span> <span class='ocrx_word' id='word_1_97' title='bbox 786 1440 917 1509; x_wconf 79' lang='grc' dir='ltr'>ἡμῖν</span> <span class='ocrx_word' id='word_1_98' title='bbox 968 1439 1077 1493; x_wconf 84' lang='grc' dir='ltr'>ὰπὸ</span> <span class='ocrx_word' id='word_1_99' title='bbox 1116 1438 1273 1505; x_wconf 86' lang='grc' dir='ltr'>Θεοῦ,</span> <span class='ocrx_word' id='word_1_100' title='bbox 1303 1439 1618 1512; x_wconf 82' lang='grc' dir='ltr'>δικαιοσύνη</span> <span class='ocrx_word' id='word_1_101' title='bbox 1644 1457 1703 1493; x_wconf 87' lang='grc' dir='ltr'><strong>τε</strong></span> <span class='ocrx_word' id='word_1_102' title='bbox 1728 1441 1824 1494; x_wconf 79' lang='grc' dir='ltr'><strong>καὶ</strong></span> <span class='ocrx_word' id='word_1_103' title='bbox 1848 1440 2005 1509; x_wconf 87' lang='grc' dir='ltr'>ἁγια-</span> 
     </span>
    </p>
   </div>
   <div class='ocr_carea' id='block_1_17' title="bbox 424 1527 1099 1605">
    <p class='ocr_par' dir='ltr' id='par_1_17' title="bbox 424 1527 1099 1605">
     <span class='ocr_line' id='line_1_17' title="bbox 424 1527 1099 1605; baseline 0.009 -24"><span class='ocrx_word' id='word_1_104' title='bbox 424 1527 562 1599; x_wconf 79' lang='grc' dir='ltr'>σμὸς</span> <span class='ocrx_word' id='word_1_105' title='bbox 583 1532 677 1584; x_wconf 76' lang='grc' dir='ltr'>καὶ</span> <span class='ocrx_word' id='word_1_106' title='bbox 700 1530 1099 1605; x_wconf 83' lang='grc' dir='ltr'>ἀπολύτρωσις.</span> 
     </span>
    </p>
   </div>
   <div class='ocr_carea' id='block_1_18' title="bbox 492 1619 2001 1696">
    <p class='ocr_par' dir='ltr' id='par_1_18' title="bbox 492 1619 2001 1696">
     <span class='ocr_line' id='line_1_18' title="bbox 492 1619 2001 1696; baseline 0.003 -21"><span class='ocrx_word' id='word_1_107' title='bbox 492 1619 624 1675; x_wconf 81' lang='grc' dir='ltr'>Ὀτι</span> <span class='ocrx_word' id='word_1_108' title='bbox 656 1625 768 1678; x_wconf 88' lang='grc' dir='ltr'>οὐκ</span> <span class='ocrx_word' id='word_1_109' title='bbox 811 1625 983 1679; x_wconf 77' lang='grc' dir='ltr'>ἔστιν</span> <span class='ocrx_word' id='word_1_110' title='bbox 1017 1625 1087 1679; x_wconf 82' lang='grc' dir='ltr'>ἐν</span> <span class='ocrx_word' id='word_1_111' title='bbox 1124 1624 1207 1691; x_wconf 84' lang='grc' dir='ltr'>τῷ</span> <span class='ocrx_word' id='word_1_112' title='bbox 1235 1627 1486 1696; x_wconf 83' lang='grc' dir='ltr'>στόματι</span> <span class='ocrx_word' id='word_1_113' title='bbox 1512 1625 1712 1681; x_wconf 84' lang='grc' dir='ltr'>αὐτῶν</span> <span class='ocrx_word' id='word_1_114' title='bbox 1733 1625 2001 1693; x_wconf 69' lang='grc' dir='ltr'>ἀλήθεια,</span> 
     </span>
    </p>
   </div>
   <div class='ocr_carea' id='block_1_19' title="bbox 419 1713 2001 1788">
    <p class='ocr_par' dir='ltr' id='par_1_19' title="bbox 419 1713 2001 1788">
     <span class='ocr_line' id='line_1_19' title="bbox 419 1713 2001 1788; baseline 0.002 -20"><span class='ocrx_word' id='word_1_115' title='bbox 419 1713 461 1780; x_wconf 74' lang='grc' dir='ltr'><strong>’ἡ</strong></span> <span class='ocrx_word' id='word_1_116' title='bbox 491 1714 707 1782; x_wconf 82' lang='grc' dir='ltr'><strong>καρδία</strong></span> <span class='ocrx_word' id='word_1_117' title='bbox 762 1715 963 1771; x_wconf 80' lang='grc' dir='ltr'>αὐτῶν</span> <span class='ocrx_word' id='word_1_118' title='bbox 1001 1719 1241 1788; x_wconf 86' lang='grc' dir='ltr'>ματαία.</span> <span class='ocrx_word' id='word_1_119' title='bbox 1274 1719 1492 1775; x_wconf 88' lang='grc' dir='ltr'>Ματαία</span> <span class='ocrx_word' id='word_1_120' title='bbox 1531 1719 1588 1772; x_wconf 81' lang='grc' dir='ltr'>δὲ</span> <span class='ocrx_word' id='word_1_121' title='bbox 1629 1719 1724 1773; x_wconf 75' lang='grc' dir='ltr'><strong>καὶ</strong></span> <span class='ocrx_word' id='word_1_122' title='bbox 1761 1718 1869 1772; x_wconf 82' lang='grc' dir='ltr'><strong>τῶν</strong></span> <span class='ocrx_word' id='word_1_123' title='bbox 1898 1718 2001 1784; x_wconf 81' lang='grc' dir='ltr'>ἔξω</span> 
     </span>
    </p>
   </div>
   <div class='ocr_carea' id='block_1_20' title="bbox 420 1804 2004 1883">
    <p class='ocr_par' dir='ltr' id='par_1_20' title="bbox 420 1804 2004 1883">
     <span class='ocr_line' id='line_1_20' title="bbox 420 1804 2004 1883; baseline 0.004 -24"><span class='ocrx_word' id='word_1_124' title='bbox 420 1806 598 1875; x_wconf 71' lang='grc' dir='ltr'>σοφῶν</span> <span class='ocrx_word' id='word_1_125' title='bbox 623 1808 663 1879; x_wconf 74' lang='grc' dir='ltr'><strong>ἡ</strong></span> <span class='ocrx_word' id='word_1_126' title='bbox 690 1808 889 1881; x_wconf 89' lang='grc' dir='ltr'>καρδία</span> <span class='ocrx_word' id='word_1_127' title='bbox 919 1812 1048 1883; x_wconf 81' lang='grc' dir='ltr'>περὶ</span> <span class='ocrx_word' id='word_1_128' title='bbox 1096 1804 1174 1865; x_wconf 85' lang='grc' dir='ltr'>ὧν</span> <span class='ocrx_word' id='word_1_129' title='bbox 1209 1811 1421 1883; x_wconf 69' lang='grc' dir='ltr'>εἴρηται</span> <span class='ocrx_word' id='word_1_130' title='bbox 1442 1829 1457 1842; x_wconf 86' lang='grc'><strong>·</strong></span> <span class='ocrx_word' id='word_1_131' title='bbox 1482 1812 1697 1881; x_wconf 83' lang='grc' dir='ltr'>Κύριος</span> <span class='ocrx_word' id='word_1_132' title='bbox 1726 1811 2004 1882; x_wconf 66' lang='grc' dir='ltr'>γινώσκει</span> 
     </span>
    </p>
   </div>
   <div class='ocr_carea' id='block_1_21' title="bbox 419 1897 1998 1973">
    <p class='ocr_par' dir='ltr' id='par_1_21' title="bbox 419 1897 1998 1973">
     <span class='ocr_line' id='line_1_21' title="bbox 419 1897 1998 1973; baseline 0.005 -24"><span class='ocrx_word' id='word_1_133' title='bbox 419 1897 561 1963; x_wconf 86' lang='grc' dir='ltr'>τοὺς</span> <span class='ocrx_word' id='word_1_134' title='bbox 598 1897 1030 1970; x_wconf 78' lang='grc' dir='ltr'>διαλογισμοὺς</span> <span class='ocrx_word' id='word_1_135' title='bbox 1066 1902 1186 1957; x_wconf 82' lang='grc' dir='ltr'>τῶν</span> <span class='ocrx_word' id='word_1_136' title='bbox 1224 1901 1453 1971; x_wconf 70' lang='grc' dir='ltr'>σοφῶν,</span> <span class='ocrx_word' id='word_1_137' title='bbox 1478 1902 1567 1956; x_wconf 80' lang='grc' dir='ltr'>ὅτι</span> <span class='ocrx_word' id='word_1_138' title='bbox 1589 1904 1709 1957; x_wconf 77' lang='grc' dir='ltr'>εἰσὶ</span> <span class='ocrx_word' id='word_1_139' title='bbox 1724 1903 1962 1973; x_wconf 81' lang='grc' dir='ltr'>μάταιοι</span> <span class='ocrx_word' id='word_1_140' title='bbox 1985 1919 1998 1933; x_wconf 90' lang='grc'><strong>·</strong></span> 
     </span>
    </p>
   </div>
   <div class='ocr_carea' id='block_1_22' title="bbox 416 1984 2003 2065">
    <p class='ocr_par' dir='ltr' id='par_1_22' title="bbox 416 1984 2003 2065">
     <span class='ocr_line' id='line_1_22' title="bbox 416 1984 2003 2065; baseline 0.002 -22"><span class='ocrx_word' id='word_1_141' title='bbox 416 1984 491 2045; x_wconf 82' lang='grc' dir='ltr'>ὧν</span> <span class='ocrx_word' id='word_1_142' title='bbox 522 1993 551 2044; x_wconf 99' lang='lat'><strong>6</strong></span> <span class='ocrx_word' id='word_1_143' title='bbox 582 1990 790 2063; x_wconf 79' lang='grc' dir='ltr'><strong>λάρυγξ</strong></span> <span class='ocrx_word' id='word_1_144' title='bbox 829 1992 1062 2047; x_wconf 80' lang='grc' dir='ltr'>ἀπέπνει</span> <span class='ocrx_word' id='word_1_145' title='bbox 1107 1992 1277 2065; x_wconf 81' lang='grc' dir='ltr'>νεκρὰ</span> <span class='ocrx_word' id='word_1_146' title='bbox 1314 1993 1581 2063; x_wconf 84' lang='grc' dir='ltr'><strong>δόγματα,</strong></span> <span class='ocrx_word' id='word_1_147' title='bbox 1614 1992 1706 2046; x_wconf 78' lang='grc' dir='ltr'>τὸν</span> <span class='ocrx_word' id='word_1_148' title='bbox 1741 1991 2003 2056; x_wconf 80' lang='grc' dir='ltr'>ζωοποιὸν</span> 
     </span>
    </p>
   </div>
   <div class='ocr_carea' id='block_1_23' title="bbox 417 2081 2003 2155">
    <p class='ocr_par' dir='ltr' id='par_1_23' title="bbox 417 2081 2003 2155">
     <span class='ocr_line' id='line_1_23' title="bbox 417 2081 2003 2155; baseline 0.001 -20"><span class='ocrx_word' id='word_1_149' title='bbox 417 2081 511 2135; x_wconf 85' lang='grc' dir='ltr'><strong>τοῦ</strong></span> <span class='ocrx_word' id='word_1_150' title='bbox 534 2082 669 2136; x_wconf 83' lang='grc' dir='ltr'>Θεοῦ</span> <span class='ocrx_word' id='word_1_151' title='bbox 696 2083 855 2152; x_wconf 89' lang='grc' dir='ltr'>λόγον</span> <span class='ocrx_word' id='word_1_152' title='bbox 881 2084 955 2155; x_wconf 78' lang='grc' dir='ltr'><strong>μὴ</strong></span> <span class='ocrx_word' id='word_1_153' title='bbox 980 2084 1357 2149; x_wconf 81' lang='grc' dir='ltr'>διδασκόντων,</span> <span class='ocrx_word' id='word_1_154' title='bbox 1392 2083 1485 2138; x_wconf 81' lang='grc' dir='ltr'><strong>τὸν</strong></span> <span class='ocrx_word' id='word_1_155' title='bbox 1517 2084 1574 2137; x_wconf 79' lang='grc' dir='ltr'>δὲ</span> <span class='ocrx_word' id='word_1_156' title='bbox 1603 2084 1769 2155; x_wconf 82' lang='grc' dir='ltr'>ψευδῆ</span> <span class='ocrx_word' id='word_1_157' title='bbox 1795 2085 1890 2137; x_wconf 74' lang='grc' dir='ltr'><strong>καὶ</strong></span> <span class='ocrx_word' id='word_1_158' title='bbox 1912 2101 2003 2137; x_wconf 79' lang='grc' dir='ltr'>νε-</span> 
     </span>
    </p>
   </div>
   <div class='ocr_carea' id='block_1_24' title="bbox 417 2172 2003 2245">
    <p class='ocr_par' dir='ltr' id='par_1_24' title="bbox 417 2172 2003 2245">
     <span class='ocr_line' id='line_1_24' title="bbox 417 2172 2003 2245; baseline 0 -18"><span class='ocrx_word' id='word_1_159' title='bbox 417 2175 546 2245; x_wconf 87' lang='grc' dir='ltr'>κρόν</span> <span class='ocrx_word' id='word_1_160' title='bbox 567 2188 580 2203; x_wconf 88' lang='grc'><strong>·</strong></span> <span class='ocrx_word' id='word_1_161' title='bbox 606 2172 828 2242; x_wconf 85' lang='grc' dir='ltr'>Κρῖνον</span> <span class='ocrx_word' id='word_1_162' title='bbox 877 2173 1122 2241; x_wconf 81' lang='grc' dir='ltr'>αὐτοὺς.</span> <span class='ocrx_word' id='word_1_163' title='bbox 1150 2177 1183 2229; x_wconf 85' lang='grc' dir='ltr'><em>ὀ</em></span> <span class='ocrx_word' id='word_1_164' title='bbox 1211 2177 1377 2239; x_wconf 83' lang='grc' dir='ltr'><strong>Θεὸς,</strong></span> <span class='ocrx_word' id='word_1_165' title='bbox 1406 2174 1534 2237; x_wconf 80' lang='grc' dir='ltr'>τοὺς</span> <span class='ocrx_word' id='word_1_166' title='bbox 1555 2173 2003 2238; x_wconf 71' lang='grc' dir='ltr'>ἐπιϐουλεύοντάς</span> 
     </span>
    </p>
   </div>
   <div class='ocr_carea' id='block_1_25' title="bbox 418 2259 2001 2339">
    <p class='ocr_par' dir='ltr' id='par_1_25' title="bbox 418 2259 2001 2339">
     <span class='ocr_line' id='line_1_25' title="bbox 418 2259 2001 2339; baseline 0.001 -21"><span class='ocrx_word' id='word_1_167' title='bbox 418 2282 520 2336; x_wconf 80' lang='grc' dir='ltr'><strong>μου</strong></span> <span class='ocrx_word' id='word_1_168' title='bbox 538 2268 659 2330; x_wconf 79' lang='grc' dir='ltr'>ταῖς</span> <span class='ocrx_word' id='word_1_169' title='bbox 688 2266 813 2337; x_wconf 80' lang='grc' dir='ltr'>περὶ</span> <span class='ocrx_word' id='word_1_170' title='bbox 844 2265 944 2337; x_wconf 89' lang='grc' dir='ltr'><strong>τῆς</strong></span> <span class='ocrx_word' id='word_1_171' title='bbox 965 2265 1328 2338; x_wconf 79' lang='grc' dir='ltr'>κληρονομίας</span> <span class='ocrx_word' id='word_1_172' title='bbox 1355 2265 1569 2319; x_wconf 78' lang='grc' dir='ltr'>ἐλπίσιν</span> <span class='ocrx_word' id='word_1_173' title='bbox 1587 2283 1601 2296; x_wconf 78' lang='grc' dir='ltr'><strong>ο</strong></span> <span class='ocrx_word' id='word_1_174' title='bbox 1637 2259 1783 2320; x_wconf 79' lang='grc' dir='ltr'>οὗτοι</span> <span class='ocrx_word' id='word_1_175' title='bbox 1810 2265 1918 2339; x_wconf 84' lang='grc' dir='ltr'><strong>γάρ</strong></span> <span class='ocrx_word' id='word_1_176' title='bbox 1940 2283 2001 2320; x_wconf 83' lang='grc' dir='ltr'><strong>σε</strong></span> 
     </span>
    </p>
   </div>
   <div class='ocr_carea' id='block_1_26' title="bbox 415 2356 2004 2430">
    <p class='ocr_par' dir='ltr' id='par_1_26' title="bbox 415 2356 2004 2430">
     <span class='ocr_line' id='line_1_26' title="bbox 415 2356 2004 2430; baseline 0.002 -20"><span class='ocrx_word' id='word_1_177' title='bbox 415 2356 937 2430; x_wconf 88' lang='grc' dir='ltr'>παραπικραινοῦσι.</span> <span class='ocrx_word' id='word_1_178' title='bbox 964 2357 1220 2426; x_wconf 82' lang='grc' dir='ltr'>Κρῖνον·</span> <span class='ocrx_word' id='word_1_179' title='bbox 1276 2357 1372 2412; x_wconf 81' lang='grc' dir='ltr'><strong>σοῦ</strong></span> <span class='ocrx_word' id='word_1_180' title='bbox 1395 2358 1505 2427; x_wconf 83' lang='grc' dir='ltr'>γὰρ</span> <span class='ocrx_word' id='word_1_181' title='bbox 1536 2357 1729 2424; x_wconf 84' lang='grc' dir='ltr'>σώζειν</span> <span class='ocrx_word' id='word_1_182' title='bbox 1778 2358 2004 2414; x_wconf 86' lang='grc' dir='ltr'>σπουδά-</span> 
     </span>
    </p>
   </div>
   <div class='ocr_carea' id='block_1_27' title="bbox 413 2448 2001 2522">
    <p class='ocr_par' dir='ltr' id='par_1_27' title="bbox 413 2448 2001 2522">
     <span class='ocr_line' id='line_1_27' title="bbox 413 2448 2001 2522; baseline 0.002 -20"><span class='ocrx_word' id='word_1_183' title='bbox 413 2448 618 2515; x_wconf 81' lang='grc' dir='ltr'>ζοντος,</span> <span class='ocrx_word' id='word_1_184' title='bbox 647 2450 976 2522; x_wconf 83' lang='grc' dir='ltr'>πολεμοῦσιν</span> <span class='ocrx_word' id='word_1_185' title='bbox 1018 2451 1481 2516; x_wconf 75' lang='grc' dir='ltr'>ἐπιϐουλεύοντες.</span> <span class='ocrx_word' id='word_1_186' title='bbox 1529 2451 1788 2506; x_wconf 89' lang='grc' dir='ltr'>Βούλεται</span> <span class='ocrx_word' id='word_1_187' title='bbox 1818 2452 1878 2507; x_wconf 83' lang='grc' dir='ltr'>δὲ</span> <span class='ocrx_word' id='word_1_188' title='bbox 1905 2452 2001 2506; x_wconf 78' lang='grc' dir='ltr'><strong>καὶ</strong></span> 
     </span>
    </p>
   </div>
   <div class='ocr_carea' id='block_1_28' title="bbox 413 2544 1999 2620">
    <p class='ocr_par' dir='ltr' id='par_1_28' title="bbox 413 2544 1999 2620">
     <span class='ocr_line' id='line_1_28' title="bbox 413 2544 1999 2620; baseline 0.002 -22"><span class='ocrx_word' id='word_1_189' title='bbox 413 2545 611 2609; x_wconf 77' lang='grc' dir='ltr'>αὐτοὺς</span> <span class='ocrx_word' id='word_1_190' title='bbox 661 2544 910 2601; x_wconf 78' lang='grc' dir='ltr'>ἐντεῦθεν</span> <span class='ocrx_word' id='word_1_191' title='bbox 971 2545 1073 2618; x_wconf 80' lang='grc' dir='ltr'><strong>ῆδη</strong></span> <span class='ocrx_word' id='word_1_192' title='bbox 1130 2545 1443 2616; x_wconf 75' lang='grc' dir='ltr'>κριθέντας</span> <span class='ocrx_word' id='word_1_193' title='bbox 1493 2545 1862 2620; x_wconf 84' lang='grc' dir='ltr'>ὠφεληθῆναι,</span> <span class='ocrx_word' id='word_1_194' title='bbox 1902 2544 1999 2601; x_wconf 86' lang='grc' dir='ltr'><strong>τοῦ</strong></span> 
     </span>
    </p>
   </div>
   <div class='ocr_carea' id='block_1_29' title="bbox 412 2635 1754 2712">
    <p class='ocr_par' dir='ltr' id='par_1_29' title="bbox 412 2635 1754 2712">
     <span class='ocr_line' id='line_1_29' title="bbox 412 2635 1754 2712; baseline 0.001 -22"><span class='ocrx_word' id='word_1_195' title='bbox 412 2635 651 2709; x_wconf 85' lang='grc' dir='ltr'>πλήθους</span> <span class='ocrx_word' id='word_1_196' title='bbox 668 2635 779 2691; x_wconf 85' lang='grc' dir='ltr'><strong>τῶν</strong></span> <span class='ocrx_word' id='word_1_197' title='bbox 811 2637 983 2709; x_wconf 81' lang='grc' dir='ltr'>ἀσεόη</span> <span class='ocrx_word' id='word_1_198' title='bbox 993 2639 1177 2710; x_wconf 82' lang='grc' dir='ltr'>μάτων</span> <span class='ocrx_word' id='word_1_199' title='bbox 1202 2636 1308 2704; x_wconf 70' lang='grc' dir='ltr'>ἔξω</span> <span class='ocrx_word' id='word_1_200' title='bbox 1335 2638 1754 2712; x_wconf 84' lang='grc' dir='ltr'>γεγενημένους.</span> 
     </span>
    </p>
   </div>
   <div class='ocr_carea' id='block_1_30' title="bbox 482 2812 2000 2884">
    <p class='ocr_par' dir='ltr' id='par_1_30' title="bbox 482 2812 2000 2884">
     <span class='ocr_line' id='line_1_30' title="bbox 482 2812 2000 2884; baseline 0.002 -18"><span class='ocrx_word' id='word_1_201' title='bbox 482 2812 595 2866; x_wconf 83' lang='lat' dir='ltr'><strong>Kal</strong></span> <span class='ocrx_word' id='word_1_202' title='bbox 618 2813 1132 2883; x_wconf 74' lang='grc' dir='ltr'>εὐφρανθήτωσαν</span> <span class='ocrx_word' id='word_1_203' title='bbox 1159 2813 1384 2882; x_wconf 80' lang='grc' dir='ltr'>πάντες</span> <span class='ocrx_word' id='word_1_204' title='bbox 1434 2817 1489 2869; x_wconf 88' lang='lat' dir='ltr'><strong>ol</strong></span> <span class='ocrx_word' id='word_1_205' title='bbox 1521 2813 1868 2884; x_wconf 69' lang='grc' dir='ltr'>ἐλπίζοντες</span> <span class='ocrx_word' id='word_1_206' title='bbox 1899 2814 2000 2870; x_wconf 73' lang='grc' dir='ltr'><strong>ἐπὶ</strong></span> 
     </span>
    </p>
   </div>
   <div class='ocr_carea' id='block_1_31' title="bbox 411 2901 2002 2974">
    <p class='ocr_par' dir='ltr' id='par_1_31' title="bbox 411 2901 2002 2974">
     <span class='ocr_line' id='line_1_31' title="bbox 411 2901 2002 2974; baseline 0.003 -18"><span class='ocrx_word' id='word_1_207' title='bbox 411 2901 509 2967; x_wconf 74' lang='grc' dir='ltr'>σὲ,</span> <span class='ocrx_word' id='word_1_208' title='bbox 543 2904 633 2968; x_wconf 80' lang='grc' dir='ltr'>εις</span> <span class='ocrx_word' id='word_1_209' title='bbox 669 2902 856 2956; x_wconf 74' lang='grc' dir='ltr'>αἰῶνα</span> <span class='ocrx_word' id='word_1_210' title='bbox 885 2902 1362 2974; x_wconf 71' lang='grc' dir='ltr'>ἀγαλλιάσονται</span> <span class='ocrx_word' id='word_1_211' title='bbox 1385 2903 1486 2960; x_wconf 75' lang='grc' dir='ltr'>καὶ</span> <span class='ocrx_word' id='word_1_212' title='bbox 1508 2904 2002 2974; x_wconf 77' lang='grc' dir='ltr'>κατασκηνώσεις</span> 
     </span>
    </p>
   </div>
   <div class='ocr_carea' id='block_1_32' title="bbox 410 2991 1999 3067">
    <p class='ocr_par' dir='ltr' id='par_1_32' title="bbox 410 2991 1999 3067">
     <span class='ocr_line' id='line_1_32' title="bbox 410 2991 1999 3067; baseline 0.001 -22"><span class='ocrx_word' id='word_1_213' title='bbox 410 2993 485 3047; x_wconf 84' lang='grc' dir='ltr'>ἐν</span> <span class='ocrx_word' id='word_1_214' title='bbox 510 2991 734 3058; x_wconf 81' lang='grc' dir='ltr'>αὐτοῖς.</span> <span class='ocrx_word' id='word_1_215' title='bbox 768 2991 926 3047; x_wconf 81' lang='grc' dir='ltr'>Ἀλλὰ</span> <span class='ocrx_word' id='word_1_216' title='bbox 950 2995 1047 3047; x_wconf 77' lang='grc' dir='ltr'>καὶ</span> <span class='ocrx_word' id='word_1_217' title='bbox 1071 2993 1166 3047; x_wconf 75' lang='grc' dir='ltr'><strong>ἐπὶ</strong></span> <span class='ocrx_word' id='word_1_218' title='bbox 1184 2994 1284 3067; x_wconf 84' lang='grc' dir='ltr'><strong>τῆς</strong></span> <span class='ocrx_word' id='word_1_219' title='bbox 1309 2992 1406 3048; x_wconf 89' lang='grc' dir='ltr'><strong>τοῦ</strong></span> <span class='ocrx_word' id='word_1_220' title='bbox 1426 2994 1680 3067; x_wconf 84' lang='grc' dir='ltr'>Σωτῆρος</span> <span class='ocrx_word' id='word_1_221' title='bbox 1707 2993 1999 3064; x_wconf 75' lang='grc' dir='ltr'>ἐπιδημίας</span> 
     </span>
    </p>
   </div>
   <div class='ocr_carea' id='block_1_33' title="bbox 411 3083 2068 3198">
    <p class='ocr_par' dir='ltr' id='par_1_33' title="bbox 411 3083 2068 3198">
     <span class='ocr_line' id='line_1_33' title="bbox 411 3083 2068 3198; baseline 0.005 -62"><span class='ocrx_word' id='word_1_222' title='bbox 411 3083 804 3156; x_wconf 86' lang='grc' dir='ltr'>ηὐφράνθησαν</span> <span class='ocrx_word' id='word_1_223' title='bbox 835 3085 884 3138; x_wconf 77' lang='lat' dir='ltr'><strong>oi</strong></span> <span class='ocrx_word' id='word_1_224' title='bbox 909 3084 1010 3155; x_wconf 84' lang='grc' dir='ltr'><strong>τὴν</strong></span> <span class='ocrx_word' id='word_1_225' title='bbox 1033 3085 1198 3140; x_wconf 83' lang='grc' dir='ltr'>αὐτοῦ</span> <span class='ocrx_word' id='word_1_226' title='bbox 1226 3086 1706 3159; x_wconf 86' lang='grc' dir='ltr'>καραδοκήσαντες</span> <span class='ocrx_word' id='word_1_227' title='bbox 1726 3087 2001 3162; x_wconf 78' lang='grc' dir='ltr'>ὲνανθρώ-</span> <span class='ocrx_word' id='word_1_228' title='bbox 2025 3139 2068 3198; x_wconf 75' lang='lat' dir='ltr'>c</span> 
     </span>
    </p>
   </div>
   <div class='ocr_carea' id='block_1_34' title="bbox 408 3178 1999 3253">
    <p class='ocr_par' dir='ltr' id='par_1_34' title="bbox 408 3178 1999 3253">
     <span class='ocr_line' id='line_1_34' title="bbox 408 3178 1999 3253; baseline 0.007 -24"><span class='ocrx_word' id='word_1_229' title='bbox 408 3178 577 3250; x_wconf 69' lang='grc' dir='ltr'>πηθιν</span> <span class='ocrx_word' id='word_1_230' title='bbox 597 3194 611 3208; x_wconf 75' lang='grc' dir='ltr'><strong>ο</strong></span> <span class='ocrx_word' id='word_1_231' title='bbox 634 3178 758 3249; x_wconf 78' lang='grc' dir='ltr'>ἥτις</span> <span class='ocrx_word' id='word_1_232' title='bbox 802 3181 919 3243; x_wconf 83' lang='grc' dir='ltr'>τοῖς</span> <span class='ocrx_word' id='word_1_233' title='bbox 964 3181 1273 3253; x_wconf 84' lang='grc' dir='ltr'>προφήταις</span> <span class='ocrx_word' id='word_1_234' title='bbox 1306 3182 1403 3236; x_wconf 78' lang='grc' dir='ltr'><strong>καὶ</strong></span> <span class='ocrx_word' id='word_1_235' title='bbox 1431 3185 1544 3247; x_wconf 82' lang='grc' dir='ltr'>τοῖς</span> <span class='ocrx_word' id='word_1_236' title='bbox 1567 3181 1747 3239; x_wconf 84' lang='grc' dir='ltr'>νοοῦσι</span> <span class='ocrx_word' id='word_1_237' title='bbox 1771 3185 1840 3240; x_wconf 84' lang='grc' dir='ltr'>τὰ</span> <span class='ocrx_word' id='word_1_238' title='bbox 1872 3184 1999 3239; x_wconf 84' lang='grc' dir='ltr'>τού-</span> 
     </span>
    </p>
   </div>
   <div class='ocr_carea' id='block_1_35' title="bbox 407 3270 1998 3351">
    <p class='ocr_par' dir='ltr' id='par_1_35' title="bbox 407 3270 1998 3351">
     <span class='ocr_line' id='line_1_35' title="bbox 407 3270 1998 3351; baseline 0.006 -28"><span class='ocrx_word' id='word_1_239' title='bbox 407 3288 517 3324; x_wconf 86' lang='grc' dir='ltr'><strong>των</strong></span> <span class='ocrx_word' id='word_1_240' title='bbox 543 3270 824 3340; x_wconf 77' lang='grc' dir='ltr'>ἠλπίζετο.</span> <span class='ocrx_word' id='word_1_241' title='bbox 882 3271 1227 3344; x_wconf 87' lang='grc' dir='ltr'>Ἐπεδήμησε</span> <span class='ocrx_word' id='word_1_242' title='bbox 1255 3272 1366 3347; x_wconf 85' lang='grc' dir='ltr'>γὰρ</span> <span class='ocrx_word' id='word_1_243' title='bbox 1396 3276 1426 3328; x_wconf 90' lang='lat'><strong>6</strong></span> <span class='ocrx_word' id='word_1_244' title='bbox 1461 3275 1594 3341; x_wconf 82' lang='grc' dir='ltr'>Θεὸς</span> <span class='ocrx_word' id='word_1_245' title='bbox 1645 3276 1818 3347; x_wconf 82' lang='grc' dir='ltr'>Λόγος</span> <span class='ocrx_word' id='word_1_246' title='bbox 1861 3276 1998 3351; x_wconf 81' lang='grc' dir='ltr'>σὰρξ</span> 
     </span>
    </p>
   </div>
   <div class='ocr_carea' id='block_1_36' title="bbox 408 3361 2000 3439">
    <p class='ocr_par' dir='ltr' id='par_1_36' title="bbox 408 3361 2000 3439">
     <span class='ocr_line' id='line_1_36' title="bbox 408 3361 2000 3439; baseline 0.004 -23"><span class='ocrx_word' id='word_1_247' title='bbox 408 3361 667 3433; x_wconf 84' lang='grc' dir='ltr'>γεγονὼς,</span> <span class='ocrx_word' id='word_1_248' title='bbox 695 3362 996 3435; x_wconf 81' lang='grc' dir='ltr'>προσλήψει</span> <span class='ocrx_word' id='word_1_249' title='bbox 1038 3364 1261 3436; x_wconf 82' lang='grc' dir='ltr'>σαρκὸς,</span> <span class='ocrx_word' id='word_1_250' title='bbox 1280 3365 1369 3421; x_wconf 78' lang='grc' dir='ltr'>ἵνα</span> <span class='ocrx_word' id='word_1_251' title='bbox 1403 3365 1658 3439; x_wconf 79' lang='grc' dir='ltr'>σκηνώσῃ</span> <span class='ocrx_word' id='word_1_252' title='bbox 1688 3370 1747 3422; x_wconf 77' lang='grc' dir='ltr'>ἐν</span> <span class='ocrx_word' id='word_1_253' title='bbox 1769 3370 1882 3433; x_wconf 84' lang='grc' dir='ltr'>τοῖς</span> <span class='ocrx_word' id='word_1_254' title='bbox 1908 3385 2000 3422; x_wconf 87' lang='grc' dir='ltr'>πε-</span> 
     </span>
    </p>
   </div>
   <div class='ocr_carea' id='block_1_37' title="bbox 411 3453 1996 3530">
    <p class='ocr_par' dir='ltr' id='par_1_37' title="bbox 411 3453 1996 3530">
     <span class='ocr_line' id='line_1_37' title="bbox 411 3453 1996 3530; baseline 0.006 -23"><span class='ocrx_word' id='word_1_255' title='bbox 411 3454 760 3509; x_wconf 85' lang='grc' dir='ltr'>πιστευκόσιν</span> <span class='ocrx_word' id='word_1_256' title='bbox 785 3453 955 3526; x_wconf 81' lang='grc' dir='ltr'>αὐτῷ,</span> <span class='ocrx_word' id='word_1_257' title='bbox 985 3455 1128 3509; x_wconf 82' lang='grc' dir='ltr'>κατὰ</span> <span class='ocrx_word' id='word_1_258' title='bbox 1147 3457 1229 3521; x_wconf 86' lang='grc' dir='ltr'>τὸ,</span> <span class='ocrx_word' id='word_1_259' title='bbox 1267 3458 1322 3511; x_wconf 86' lang='lat'><strong>&#39;0</strong></span> <span class='ocrx_word' id='word_1_260' title='bbox 1357 3459 1551 3529; x_wconf 75' lang='grc' dir='ltr'>Λόγος</span> <span class='ocrx_word' id='word_1_261' title='bbox 1575 3458 1732 3529; x_wconf 77' lang='grc' dir='ltr'>σὰρξ</span> <span class='ocrx_word' id='word_1_262' title='bbox 1757 3460 1996 3530; x_wconf 82' lang='grc' dir='ltr'>ἐγένετο</span> 
     </span>
    </p>
   </div>
   <div class='ocr_carea' id='block_1_38' title="bbox 407 3541 1997 3622">
    <p class='ocr_par' dir='ltr' id='par_1_38' title="bbox 407 3541 1997 3622">
     <span class='ocr_line' id='line_1_38' title="bbox 407 3541 1997 3622; baseline 0.004 -21"><span class='ocrx_word' id='word_1_263' title='bbox 407 3547 511 3602; x_wconf 76' lang='grc' dir='ltr'><strong>καί</strong></span> <span class='ocrx_word' id='word_1_264' title='bbox 552 3546 906 3614; x_wconf 81' lang='grc' dir='ltr'>ἐσκήνωσεν</span> <span class='ocrx_word' id='word_1_265' title='bbox 933 3549 1005 3602; x_wconf 81' lang='grc' dir='ltr'>ἐν</span> <span class='ocrx_word' id='word_1_266' title='bbox 1022 3548 1168 3619; x_wconf 74' lang='grc' dir='ltr'>ἡμῖν</span> <span class='ocrx_word' id='word_1_267' title='bbox 1198 3567 1212 3581; x_wconf 87' lang='grc'>·</span> <span class='ocrx_word' id='word_1_268' title='bbox 1245 3550 1295 3605; x_wconf 83' lang='grc' dir='ltr'>οἳ</span> <span class='ocrx_word' id='word_1_269' title='bbox 1318 3551 1414 3605; x_wconf 76' lang='grc' dir='ltr'><strong>καὶ</strong></span> <span class='ocrx_word' id='word_1_270' title='bbox 1438 3553 1519 3616; x_wconf 88' lang='grc' dir='ltr'><strong>είς</strong></span> <span class='ocrx_word' id='word_1_271' title='bbox 1543 3541 1718 3607; x_wconf 71' lang='grc' dir='ltr'>αίᾶἱνα</span> <span class='ocrx_word' id='word_1_272' title='bbox 1737 3552 1997 3622; x_wconf 86' lang='grc' dir='ltr'>ἀγαλλιά-</span> 
     </span>
    </p>
   </div>
   <div class='ocr_carea' id='block_1_39' title="bbox 410 3640 1991 3714">
    <p class='ocr_par' dir='ltr' id='par_1_39' title="bbox 410 3640 1991 3714">
     <span class='ocr_line' id='line_1_39' title="bbox 410 3640 1991 3714; baseline 0.004 -21"><span class='ocrx_word' id='word_1_273' title='bbox 410 3656 613 3707; x_wconf 84' lang='grc' dir='ltr'>σονται,</span> <span class='ocrx_word' id='word_1_274' title='bbox 648 3640 885 3712; x_wconf 86' lang='grc' dir='ltr'>ὁρῶντες</span> <span class='ocrx_word' id='word_1_275' title='bbox 910 3640 1007 3695; x_wconf 89' lang='grc' dir='ltr'><strong>τοῦ</strong></span> <span class='ocrx_word' id='word_1_276' title='bbox 1033 3643 1408 3714; x_wconf 81' lang='grc' dir='ltr'>σαρκωθέντος</span> <span class='ocrx_word' id='word_1_277' title='bbox 1432 3643 1604 3713; x_wconf 86' lang='grc' dir='ltr'>Λόγου</span> <span class='ocrx_word' id='word_1_278' title='bbox 1645 3643 1758 3714; x_wconf 81' lang='grc' dir='ltr'>τὴν</span> <span class='ocrx_word' id='word_1_279' title='bbox 1781 3644 1991 3713; x_wconf 77' lang='grc' dir='ltr'>δόξαν,</span> 
     </span>
    </p>
   </div>
   <div class='ocr_carea' id='block_1_40' title="bbox 406 3732 1996 3811">
    <p class='ocr_par' dir='ltr' id='par_1_40' title="bbox 406 3732 1996 3811">
     <span class='ocr_line' id='line_1_40' title="bbox 406 3732 1996 3811; baseline 0.005 -27"><span class='ocrx_word' id='word_1_280' title='bbox 406 3732 490 3797; x_wconf 85' lang='grc' dir='ltr'>ὡς</span> <span class='ocrx_word' id='word_1_281' title='bbox 533 3734 919 3801; x_wconf 78' lang='grc' dir='ltr'>Μονογενοῦς</span> <span class='ocrx_word' id='word_1_282' title='bbox 975 3735 1141 3802; x_wconf 81' lang='grc' dir='ltr'>παρὰ.</span> <span class='ocrx_word' id='word_1_283' title='bbox 1191 3735 1446 3803; x_wconf 79' lang='grc' dir='ltr'>Πατρός,</span> <span class='ocrx_word' id='word_1_284' title='bbox 1485 3738 1724 3811; x_wconf 77' lang='grc' dir='ltr'>πλήρης</span> <span class='ocrx_word' id='word_1_285' title='bbox 1753 3737 1996 3808; x_wconf 83' lang='grc' dir='ltr'>χάριτος</span> 
     </span>
    </p>
   </div>
   <div class='ocr_carea' id='block_1_41' title="bbox 408 3822 1994 3899">
    <p class='ocr_par' dir='ltr' id='par_1_41' title="bbox 408 3822 1994 3899">
     <span class='ocr_line' id='line_1_41' title="bbox 408 3822 1994 3899; baseline 0.004 -22"><span class='ocrx_word' id='word_1_286' title='bbox 408 3826 507 3878; x_wconf 78' lang='grc' dir='ltr'>καὶ</span> <span class='ocrx_word' id='word_1_287' title='bbox 525 3824 813 3894; x_wconf 75' lang='grc' dir='ltr'>ἀληθείας</span> <span class='ocrx_word' id='word_1_288' title='bbox 864 3822 916 3877; x_wconf 82' lang='grc' dir='ltr'>οἶ</span> <span class='ocrx_word' id='word_1_289' title='bbox 943 3825 1039 3877; x_wconf 82' lang='grc' dir='ltr'><strong>καί</strong></span> <span class='ocrx_word' id='word_1_290' title='bbox 1057 3841 1221 3895; x_wconf 87' lang='grc' dir='ltr'>φασιν</span> <span class='ocrx_word' id='word_1_291' title='bbox 1246 3844 1257 3856; x_wconf 92' lang='grc'><strong>·</strong></span> <span class='ocrx_word' id='word_1_292' title='bbox 1279 3828 1349 3880; x_wconf 76' lang='lat' dir='ltr'><strong>Et</strong></span> <span class='ocrx_word' id='word_1_293' title='bbox 1369 3826 1468 3881; x_wconf 78' lang='grc' dir='ltr'>καὶ</span> <span class='ocrx_word' id='word_1_294' title='bbox 1484 3828 1830 3899; x_wconf 73' lang='grc' dir='ltr'>ἐγνώκαμεν</span> <span class='ocrx_word' id='word_1_295' title='bbox 1841 3829 1994 3884; x_wconf 73' lang='grc' dir='ltr'>κατὰ</span> 
     </span>
    </p>
   </div>
   <div class='ocr_carea' id='block_1_42' title="bbox 406 3915 1991 3992">
    <p class='ocr_par' dir='ltr' id='par_1_42' title="bbox 406 3915 1991 3992">
     <span class='ocr_line' id='line_1_42' title="bbox 406 3915 1991 3992; baseline 0.003 -21"><span class='ocrx_word' id='word_1_296' title='bbox 406 3915 613 3984; x_wconf 83' lang='grc' dir='ltr'>σάρκα</span> <span class='ocrx_word' id='word_1_297' title='bbox 656 3915 938 3985; x_wconf 82' lang='grc' dir='ltr'>Χριστὸν,</span> <span class='ocrx_word' id='word_1_298' title='bbox 996 3916 1157 3971; x_wconf 76' lang='grc' dir='ltr'><em>ἀλλὰ</em></span> <span class='ocrx_word' id='word_1_299' title='bbox 1198 3916 1317 3971; x_wconf 90' lang='grc' dir='ltr'><strong>νῦν</strong></span> <span class='ocrx_word' id='word_1_300' title='bbox 1347 3919 1548 3973; x_wconf 82' lang='grc' dir='ltr'>οὐκέτι</span> <span class='ocrx_word' id='word_1_301' title='bbox 1595 3920 1991 3992; x_wconf 74' lang='grc' dir='ltr'>γινώσκομεν,</span> 
     </span>
    </p>
   </div>
   <div class='ocr_carea' id='block_1_43' title="bbox 408 4007 1996 4089">
    <p class='ocr_par' dir='ltr' id='par_1_43' title="bbox 408 4007 1996 4089">
     <span class='ocr_line' id='line_1_43' title="bbox 408 4007 1996 4089; baseline 0.005 -28"><span class='ocrx_word' id='word_1_302' title='bbox 408 4008 624 4079; x_wconf 79' lang='grc' dir='ltr'>ἔχοντες</span> <span class='ocrx_word' id='word_1_303' title='bbox 650 4007 884 4079; x_wconf 87' lang='grc' dir='ltr'>θεωρίαν</span> <span class='ocrx_word' id='word_1_304' title='bbox 914 4009 1012 4081; x_wconf 88' lang='grc' dir='ltr'><strong>τῆς</strong></span> <span class='ocrx_word' id='word_1_305' title='bbox 1041 4007 1198 4081; x_wconf 82' lang='grc' dir='ltr'>δόξης</span> <span class='ocrx_word' id='word_1_306' title='bbox 1212 4009 1400 4076; x_wconf 87' lang='grc' dir='ltr'>αὑτοῦ,</span> <span class='ocrx_word' id='word_1_307' title='bbox 1432 4011 1554 4064; x_wconf 83' lang='grc' dir='ltr'>καθ’</span> <span class='ocrx_word' id='word_1_308' title='bbox 1590 4013 1657 4085; x_wconf 81' lang='grc' dir='ltr'>ἦν</span> <span class='ocrx_word' id='word_1_309' title='bbox 1681 4012 1996 4089; x_wconf 83' lang='grc' dir='ltr'>Μονογενὴς</span> 
     </span>
    </p>
   </div>
   <div class='ocr_carea' id='block_1_44' title="bbox 406 4098 1007 4172">
    <p class='ocr_par' dir='ltr' id='par_1_44' title="bbox 406 4098 1007 4172">
     <span class='ocr_line' id='line_1_44' title="bbox 406 4098 1007 4172; baseline 0.002 -19"><span class='ocrx_word' id='word_1_310' title='bbox 406 4098 560 4171; x_wconf 77' lang='grc' dir='ltr'>παρὰ</span> <span class='ocrx_word' id='word_1_311' title='bbox 593 4099 808 4172; x_wconf 88' lang='grc' dir='ltr'>Πατρός</span> <span class='ocrx_word' id='word_1_312' title='bbox 836 4100 1007 4154; x_wconf 70' lang='grc' dir='ltr'>ἐστιν.</span> 
     </span>
    </p>
   </div>
   <div class='ocr_carea' id='block_1_45' title="bbox 475 4189 1994 4268">
    <p class='ocr_par' dir='ltr' id='par_1_45' title="bbox 475 4189 1994 4268">
     <span class='ocr_line' id='line_1_45' title="bbox 475 4189 1994 4268; baseline 0.005 -24"><span class='ocrx_word' id='word_1_313' title='bbox 475 4190 587 4245; x_wconf 79' lang='grc' dir='ltr'><strong>Καὶ</strong></span> <span class='ocrx_word' id='word_1_314' title='bbox 618 4189 1032 4259; x_wconf 80' lang='grc' dir='ltr'>καυχήσονται</span> <span class='ocrx_word' id='word_1_315' title='bbox 1053 4191 1124 4245; x_wconf 83' lang='grc' dir='ltr'>ἐν</span> <span class='ocrx_word' id='word_1_316' title='bbox 1147 4192 1245 4247; x_wconf 77' lang='grc' dir='ltr'>σοὶ</span> <span class='ocrx_word' id='word_1_317' title='bbox 1265 4195 1319 4247; x_wconf 82' lang='grc' dir='ltr'>οὶ</span> <span class='ocrx_word' id='word_1_318' title='bbox 1340 4192 1689 4263; x_wconf 77' lang='grc' dir='ltr'>ἀγαπῶντες</span> <span class='ocrx_word' id='word_1_319' title='bbox 1714 4195 1779 4250; x_wconf 81' lang='grc' dir='ltr'>τὸ</span> <span class='ocrx_word' id='word_1_320' title='bbox 1805 4196 1994 4268; x_wconf 80' lang='grc' dir='ltr'>ὄνομά</span> 
     </span>
    </p>
   </div>
   <div class='ocr_carea' id='block_1_46' title="bbox 402 4281 1985 4359">
    <p class='ocr_par' dir='ltr' id='par_1_46' title="bbox 402 4281 1985 4359">
     <span class='ocr_line' id='line_1_46' title="bbox 402 4281 1985 4359; baseline 0.003 -21"><span class='ocrx_word' id='word_1_321' title='bbox 402 4296 544 4345; x_wconf 84' lang='grc' dir='ltr'>σου,</span> <span class='ocrx_word' id='word_1_322' title='bbox 566 4281 654 4335; x_wconf 82' lang='grc' dir='ltr'>ὅτι</span> <span class='ocrx_word' id='word_1_323' title='bbox 667 4282 748 4335; x_wconf 87' lang='grc' dir='ltr'>σὺ</span> <span class='ocrx_word' id='word_1_324' title='bbox 769 4281 1129 4351; x_wconf 80' lang='grc' dir='ltr'>εὐλογήσεις</span> <span class='ocrx_word' id='word_1_325' title='bbox 1154 4283 1389 4340; x_wconf 88' lang='grc' dir='ltr'>δίκαιον</span> <span class='ocrx_word' id='word_1_326' title='bbox 1409 4324 1422 4338; x_wconf 96' lang='grc'><strong>.</strong></span> <span class='ocrx_word' id='word_1_327' title='bbox 1457 4284 1639 4359; x_wconf 78' lang='grc' dir='ltr'>Οὔσης</span> <span class='ocrx_word' id='word_1_328' title='bbox 1666 4287 1827 4357; x_wconf 91' lang='grc' dir='ltr'>λόγου</span> <span class='ocrx_word' id='word_1_329' title='bbox 1846 4304 1985 4343; x_wconf 78' lang='grc' dir='ltr'>καυ-</span> 
     </span>
    </p>
   </div>
   <div class='ocr_carea' id='block_1_47' title="bbox 387 4366 1988 4446">
    <p class='ocr_par' dir='ltr' id='par_1_47' title="bbox 387 4366 1988 4446">
     <span class='ocr_line' id='line_1_47' title="bbox 387 4366 1988 4446; baseline 0.004 -21"><span class='ocrx_word' id='word_1_330' title='bbox 387 4371 787 4443; x_wconf 74' lang='grc' dir='ltr'>χήσεως-,περὶ</span> <span class='ocrx_word' id='word_1_331' title='bbox 809 4366 877 4444; x_wconf 81' lang='grc' dir='ltr'>ἧς</span> <span class='ocrx_word' id='word_1_332' title='bbox 902 4373 930 4425; x_wconf 92' lang='lat'><strong>6</strong></span> <span class='ocrx_word' id='word_1_333' title='bbox 954 4371 1165 4437; x_wconf 91' lang='grc' dir='ltr'>Παῦλός</span> <span class='ocrx_word' id='word_1_334' title='bbox 1190 4390 1356 4446; x_wconf 86' lang='grc' dir='ltr'>φησιν</span> <span class='ocrx_word' id='word_1_335' title='bbox 1378 4390 1393 4405; x_wconf 76' lang='grc'><strong><em>⁸</em></strong></span> <span class='ocrx_word' id='word_1_336' title='bbox 1422 4375 1645 4444; x_wconf 84' lang='grc' dir='ltr'>Μηδεὶς</span> <span class='ocrx_word' id='word_1_337' title='bbox 1665 4375 1988 4445; x_wconf 81' lang='grc' dir='ltr'>καυχάσθω</span> 
     </span>
    </p>
   </div>
   <div class='ocr_carea' id='block_1_48' title="bbox 2111 507 3694 583">
    <p class='ocr_par' dir='ltr' id='par_1_48' title="bbox 2111 507 3694 583">
     <span class='ocr_line' id='line_1_48' title="bbox 2111 507 3694 583; baseline -0.003 -16"><span class='ocrx_word' id='word_1_338' title='bbox 2111 521 2261 578; x_wconf 86' lang='lat' dir='ltr'><strong>tant;</strong></span> <span class='ocrx_word' id='word_1_339' title='bbox 2287 512 2383 568; x_wconf 89' lang='lat' dir='ltr'><strong>sed</strong></span> <span class='ocrx_word' id='word_1_340' title='bbox 2405 511 2569 568; x_wconf 88' lang='lat' dir='ltr'><strong>etiam</strong></span> <span class='ocrx_word' id='word_1_341' title='bbox 2600 511 2691 564; x_wconf 89' lang='lat' dir='ltr'><strong>illa</strong></span> <span class='ocrx_word' id='word_1_342' title='bbox 2721 508 3026 583; x_wconf 85' lang='lat' dir='ltr'><strong>proferunt,</strong></span> <span class='ocrx_word' id='word_1_343' title='bbox 3061 508 3290 578; x_wconf 78' lang='lat' dir='ltr'><strong>aliisque</strong></span> <span class='ocrx_word' id='word_1_344' title='bbox 3317 523 3381 563; x_wconf 90' lang='lat' dir='ltr'><strong>ea</strong></span> <span class='ocrx_word' id='word_1_345' title='bbox 3415 508 3468 562; x_wconf 93' lang='lat' dir='ltr'><strong>in</strong></span> <span class='ocrx_word' id='word_1_346' title='bbox 3500 523 3561 563; x_wconf 88' lang='lat' dir='ltr'><strong>re</strong></span> <span class='ocrx_word' id='word_1_347' title='bbox 3590 507 3694 562; x_wconf 83' lang='lat' dir='ltr'><strong>ad-</strong></span> 
     </span>
    </p>
   </div>
   <div class='ocr_carea' id='block_1_49' title="bbox 2111 601 3690 679">
    <p class='ocr_par' dir='ltr' id='par_1_49' title="bbox 2111 601 3690 679">
     <span class='ocr_line' id='line_1_49' title="bbox 2111 601 3690 679; baseline -0.003 -19"><span class='ocrx_word' id='word_1_348' title='bbox 2111 606 2352 661; x_wconf 79' lang='lat' dir='ltr'><strong>ministri</strong></span> <span class='ocrx_word' id='word_1_349' title='bbox 2403 612 2531 661; x_wconf 87' lang='lat' dir='ltr'><strong>sunt</strong></span> <span class='ocrx_word' id='word_1_350' title='bbox 2564 623 2577 660; x_wconf 91' lang='lat'><strong>:</strong></span> <span class='ocrx_word' id='word_1_351' title='bbox 2613 601 2925 673; x_wconf 90' lang='lat' dir='ltr'><strong>cujusmodi</strong></span> <span class='ocrx_word' id='word_1_352' title='bbox 2975 608 3104 657; x_wconf 91' lang='lat' dir='ltr'><strong>sunt</strong></span> <span class='ocrx_word' id='word_1_353' title='bbox 3151 601 3293 655; x_wconf 84' lang='lat' dir='ltr'><strong>athei</strong></span> <span class='ocrx_word' id='word_1_354' title='bbox 3334 611 3389 656; x_wconf 90' lang='lat' dir='ltr'><strong>et</strong></span> <span class='ocrx_word' id='word_1_355' title='bbox 3426 601 3690 679; x_wconf 64' lang='lat' dir='ltr'><strong>haeretici.</strong></span> 
     </span>
    </p>
   </div>
   <div class='ocr_carea' id='block_1_50' title="bbox 2113 695 3694 771">
    <p class='ocr_par' dir='ltr' id='par_1_50' title="bbox 2113 695 3694 771">
     <span class='ocr_line' id='line_1_50' title="bbox 2113 695 3694 771; baseline -0.005 -16"><span class='ocrx_word' id='word_1_356' title='bbox 2113 698 2219 755; x_wconf 85' lang='lat' dir='ltr'><strong>Sed</strong></span> <span class='ocrx_word' id='word_1_357' title='bbox 2254 699 2376 771; x_wconf 88' lang='lat' dir='ltr'><strong>plus</strong></span> <span class='ocrx_word' id='word_1_358' title='bbox 2401 712 2566 769; x_wconf 87' lang='lat' dir='ltr'><strong>quam</strong></span> <span class='ocrx_word' id='word_1_359' title='bbox 2613 712 2709 753; x_wconf 90' lang='lat' dir='ltr'><strong>eos</strong></span> <span class='ocrx_word' id='word_1_360' title='bbox 2737 710 2950 758; x_wconf 82' lang='lat' dir='ltr'><strong>omnes,</strong></span> <span class='ocrx_word' id='word_1_361' title='bbox 2998 695 3168 749; x_wconf 81' lang='lat' dir='ltr'><strong>uirum</strong></span> <span class='ocrx_word' id='word_1_362' title='bbox 3214 695 3529 763; x_wconf 86' lang='lat' dir='ltr'><strong>sanguinum</strong></span> <span class='ocrx_word' id='word_1_363' title='bbox 3560 695 3694 747; x_wconf 79' lang='lat' dir='ltr'><strong>abo-</strong></span> 
     </span>
    </p>
   </div>
   <div class='ocr_carea' id='block_1_51' title="bbox 2110 785 3697 857">
    <p class='ocr_par' dir='ltr' id='par_1_51' title="bbox 2110 785 3697 857">
     <span class='ocr_line' id='line_1_51' title="bbox 2110 785 3697 857; baseline -0.004 -12"><span class='ocrx_word' id='word_1_364' title='bbox 2110 793 2347 845; x_wconf 85' lang='lat' dir='ltr'><strong>minatur</strong></span> <span class='ocrx_word' id='word_1_365' title='bbox 2379 788 2654 854; x_wconf 77' lang='lat' dir='ltr'><strong>Dominus,</strong></span> <span class='ocrx_word' id='word_1_366' title='bbox 2722 802 2786 842; x_wconf 85' lang='lat' dir='ltr'><strong>ac</strong></span> <span class='ocrx_word' id='word_1_367' title='bbox 2810 786 2929 841; x_wconf 80' lang='lat' dir='ltr'><strong>viro</strong></span> <span class='ocrx_word' id='word_1_368' title='bbox 2968 785 3312 842; x_wconf 88' lang='lat' dir='ltr'><strong>itemdoloso</strong></span> <span class='ocrx_word' id='word_1_369' title='bbox 3351 801 3447 856; x_wconf 82' lang='lat' dir='ltr'><strong>par</strong></span> <span class='ocrx_word' id='word_1_370' title='bbox 3485 785 3697 857; x_wconf 58' lang='lat' dir='ltr'><strong>supplia</strong></span> 
     </span>
    </p>
   </div>
   <div class='ocr_carea' id='block_1_52' title="bbox 2111 880 3699 949">
    <p class='ocr_par' dir='ltr' id='par_1_52' title="bbox 2111 880 3699 949">
     <span class='ocr_line' id='line_1_52' title="bbox 2111 880 3699 949; baseline 0.001 -11"><span class='ocrx_word' id='word_1_371' title='bbox 2111 887 2254 941; x_wconf 75' lang='lat' dir='ltr'><strong>cium</strong></span> <span class='ocrx_word' id='word_1_372' title='bbox 2283 882 2541 939; x_wconf 77' lang='lat' dir='ltr'><strong>destinat.</strong></span> <span class='ocrx_word' id='word_1_373' title='bbox 2561 880 2908 937; x_wconf 84' lang='lat' dir='ltr'><strong>Abominatio</strong></span> <span class='ocrx_word' id='word_1_374' title='bbox 2941 887 3123 937; x_wconf 87' lang='lat' dir='ltr'><strong>autem</strong></span> <span class='ocrx_word' id='word_1_375' title='bbox 3158 888 3454 936; x_wconf 77' lang='lat' dir='ltr'><strong>extremam</strong></span> <span class='ocrx_word' id='word_1_376' title='bbox 3488 880 3699 949; x_wconf 56' lang='lat' dir='ltr'><strong>abomi:</strong></span> 
     </span>
    </p>
   </div>
   <div class='ocr_carea' id='block_1_53' title="bbox 2109 973 3694 1045">
    <p class='ocr_par' dir='ltr' id='par_1_53' title="bbox 2109 973 3694 1045">
     <span class='ocr_line' id='line_1_53' title="bbox 2109 973 3694 1045; baseline 0 -14"><span class='ocrx_word' id='word_1_377' title='bbox 2109 977 2291 1032; x_wconf 85' lang='lat' dir='ltr'><strong>nantis</strong></span> <span class='ocrx_word' id='word_1_378' title='bbox 2328 977 2383 1031; x_wconf 90' lang='lat' dir='ltr'><strong>in</strong></span> <span class='ocrx_word' id='word_1_379' title='bbox 2411 975 2781 1031; x_wconf 82' lang='lat' dir='ltr'><strong>abominatum</strong></span> <span class='ocrx_word' id='word_1_380' title='bbox 2811 973 3389 1045; x_wconf 76' lang='lat' dir='ltr'><strong>aversionem,_utpote</strong></span> <span class='ocrx_word' id='word_1_381' title='bbox 3414 973 3469 1028; x_wconf 87' lang='lat' dir='ltr'><strong>in</strong></span> <span class='ocrx_word' id='word_1_382' title='bbox 3502 973 3694 1031; x_wconf 70' lang='lat' dir='ltr'><strong>Redis-</strong></span> 
     </span>
    </p>
   </div>
   <div class='ocr_carea' id='block_1_54' title="bbox 2109 1064 2832 1136">
    <p class='ocr_par' dir='ltr' id='par_1_54' title="bbox 2109 1064 2832 1136">
     <span class='ocr_line' id='line_1_54' title="bbox 2109 1064 2832 1136; baseline -0.003 -15"><span class='ocrx_word' id='word_1_383' title='bbox 2109 1067 2249 1121; x_wconf 91' lang='lat' dir='ltr'><strong>simo</strong></span> <span class='ocrx_word' id='word_1_384' title='bbox 2282 1067 2505 1127; x_wconf 87' lang='lat' dir='ltr'><strong>scelere.</strong></span> <span class='ocrx_word' id='word_1_385' title='bbox 2543 1064 2832 1136; x_wconf 81' lang='lat' dir='ltr'><strong>signiﬁcat.</strong></span> 
     </span>
    </p>
   </div>
   <div class='ocr_carea' id='block_1_55' title="bbox 2181 1156 3691 1223">
    <p class='ocr_par' dir='ltr' id='par_1_55' title="bbox 2181 1156 3691 1223">
     <span class='ocr_line' id='line_1_55' title="bbox 2181 1156 3691 1223; baseline 0.001 -11"><span class='ocrx_word' id='word_1_386' title='bbox 2181 1158 2350 1214; x_wconf 71' lang='lat' dir='ltr'><strong>Vens.</strong></span> <span class='ocrx_word' id='word_1_387' title='bbox 2424 1158 2480 1213; x_wconf 90' lang='lat'><strong>9.</strong></span> <span class='ocrx_word' id='word_1_388' title='bbox 2520 1157 2782 1221; x_wconf 87' lang='lat' dir='ltr'><strong>Domine,</strong></span> <span class='ocrx_word' id='word_1_389' title='bbox 2835 1156 3004 1212; x_wconf 82' lang='lat' dir='ltr'><strong>deduc</strong></span> <span class='ocrx_word' id='word_1_390' title='bbox 3032 1174 3112 1213; x_wconf 91' lang='lat' dir='ltr'><strong>me</strong></span> <span class='ocrx_word' id='word_1_391' title='bbox 3166 1157 3222 1212; x_wconf 78' lang='lat' dir='ltr'><strong>in</strong></span> <span class='ocrx_word' id='word_1_392' title='bbox 3277 1157 3486 1223; x_wconf 80' lang='lat' dir='ltr'><strong>iustitia</strong></span> <span class='ocrx_word' id='word_1_393' title='bbox 3542 1167 3634 1213; x_wconf 86' lang='lat' dir='ltr'><strong>tua</strong></span> <span class='ocrx_word' id='word_1_394' title='bbox 3671 1174 3691 1213; x_wconf 91' lang='lat'><strong><em>:</em></strong></span> 
     </span>
    </p>
   </div>
   <div class='ocr_carea' id='block_1_56' title="bbox 2104 1249 3691 1322">
    <p class='ocr_par' dir='ltr' id='par_1_56' title="bbox 2104 1249 3691 1322">
     <span class='ocr_line' id='line_1_56' title="bbox 2104 1249 3691 1322; baseline -0.001 -16"><span class='ocrx_word' id='word_1_395' title='bbox 2104 1261 2315 1321; x_wconf 80' lang='lat' dir='ltr'><strong>propter</strong></span> <span class='ocrx_word' id='word_1_396' title='bbox 2353 1252 2596 1306; x_wconf 86' lang='lat' dir='ltr'><strong>inimicos</strong></span> <span class='ocrx_word' id='word_1_397' title='bbox 2625 1268 2767 1305; x_wconf 90' lang='lat' dir='ltr'><strong>meos</strong></span> <span class='ocrx_word' id='word_1_398' title='bbox 2796 1249 2973 1321; x_wconf 68' lang='lat' dir='ltr'><strong>dirige.</strong></span> <span class='ocrx_word' id='word_1_399' title='bbox 2999 1251 3055 1305; x_wconf 91' lang='lat' dir='ltr'><strong>in</strong></span> <span class='ocrx_word' id='word_1_400' title='bbox 3097 1258 3376 1322; x_wconf 82' lang='lat' dir='ltr'><strong>conspectu</strong></span> <span class='ocrx_word' id='word_1_401' title='bbox 3421 1261 3510 1306; x_wconf 90' lang='lat' dir='ltr'><strong>tuo</strong></span> <span class='ocrx_word' id='word_1_402' title='bbox 3551 1256 3691 1306; x_wconf 80' lang='lat' dir='ltr'><strong>viam</strong></span> 
     </span>
    </p>
   </div>
   <div class='ocr_carea' id='block_1_57' title="bbox 2107 1344 3692 1415">
    <p class='ocr_par' dir='ltr' id='par_1_57' title="bbox 2107 1344 3692 1415">
     <span class='ocr_line' id='line_1_57' title="bbox 2107 1344 3692 1415; baseline 0.001 -17"><span class='ocrx_word' id='word_1_403' title='bbox 2107 1362 2297 1401; x_wconf 78' lang='lat' dir='ltr'><strong>meam.</strong></span> <span class='ocrx_word' id='word_1_404' title='bbox 2334 1345 2591 1400; x_wconf 88' lang='lat' dir='ltr'><strong>Christus</strong></span> <span class='ocrx_word' id='word_1_405' title='bbox 2621 1360 2754 1399; x_wconf 85' lang='lat' dir='ltr'><strong>sane</strong></span> <span class='ocrx_word' id='word_1_406' title='bbox 2777 1344 2992 1414; x_wconf 88' lang='lat' dir='ltr'><strong>justitia</strong></span> <span class='ocrx_word' id='word_1_407' title='bbox 3018 1354 3135 1409; x_wconf 90' lang='lat' dir='ltr'><strong>est;</strong></span> <span class='ocrx_word' id='word_1_408' title='bbox 3179 1344 3296 1415; x_wconf 88' lang='lat' dir='ltr'><strong>ipse</strong></span> <span class='ocrx_word' id='word_1_409' title='bbox 3314 1359 3560 1414; x_wconf 84' lang='lat' dir='ltr'><strong>namque</strong></span> <span class='ocrx_word' id='word_1_410' title='bbox 3591 1361 3692 1400; x_wconf 79' lang='lat' dir='ltr'><strong>no—</strong></span> 
     </span>
    </p>
   </div>
   <div class='ocr_carea' id='block_1_58' title="bbox 2108 1437 3691 1509">
    <p class='ocr_par' dir='ltr' id='par_1_58' title="bbox 2108 1437 3691 1509">
     <span class='ocr_line' id='line_1_58' title="bbox 2108 1437 3691 1509; baseline -0.001 -17"><span class='ocrx_word' id='word_1_411' title='bbox 2108 1439 2192 1494; x_wconf 85' lang='lat' dir='ltr'><strong>bis</strong></span> <span class='ocrx_word' id='word_1_412' title='bbox 2218 1437 2379 1493; x_wconf 80' lang='lat' dir='ltr'><strong>aDeo</strong></span> <span class='ocrx_word' id='word_1_413' title='bbox 2410 1437 2589 1493; x_wconf 82' lang='lat' dir='ltr'><strong>factus</strong></span> <span class='ocrx_word' id='word_1_414' title='bbox 2615 1446 2702 1493; x_wconf 89' lang='lat' dir='ltr'><strong>est</strong></span> <span class='ocrx_word' id='word_1_415' title='bbox 2732 1438 3022 1509; x_wconf 82' lang='lat' dir='ltr'><strong>sapientia,</strong></span> <span class='ocrx_word' id='word_1_416' title='bbox 3049 1437 3265 1507; x_wconf 89' lang='lat' dir='ltr'><strong>justitia</strong></span> <span class='ocrx_word' id='word_1_417' title='bbox 3298 1437 3449 1504; x_wconf 89' lang='lat' dir='ltr'><strong>item,</strong></span> <span class='ocrx_word' id='word_1_418' title='bbox 3481 1440 3691 1494; x_wconf 51' lang='lat' dir='ltr'><strong>sanctis.-</strong></span> 
     </span>
    </p>
   </div>
   <div class='ocr_carea' id='block_1_59' title="bbox 2108 1527 2725 1599">
    <p class='ocr_par' dir='ltr' id='par_1_59' title="bbox 2108 1527 2725 1599">
     <span class='ocr_line' id='line_1_59' title="bbox 2108 1527 2725 1599; baseline 0.003 -17"><span class='ocrx_word' id='word_1_419' title='bbox 2108 1527 2287 1582; x_wconf 82' lang='lat' dir='ltr'><strong>licatio</strong></span> <span class='ocrx_word' id='word_1_420' title='bbox 2319 1536 2374 1583; x_wconf 89' lang='lat' dir='ltr'><strong>et</strong></span> <span class='ocrx_word' id='word_1_421' title='bbox 2403 1528 2725 1599; x_wconf 77' lang='lat' dir='ltr'><strong>redemptio.</strong></span> 
     </span>
    </p>
   </div>
   <div class='ocr_carea' id='block_1_60' title="bbox 2175 1620 3691 1688">
    <p class='ocr_par' dir='ltr' id='par_1_60' title="bbox 2175 1620 3691 1688">
     <span class='ocr_line' id='line_1_60' title="bbox 2175 1620 3691 1688; baseline 0.002 -15"><span class='ocrx_word' id='word_1_422' title='bbox 2175 1620 2340 1676; x_wconf 73' lang='lat' dir='ltr'><strong>Vens.</strong></span> <span class='ocrx_word' id='word_1_423' title='bbox 2404 1620 2493 1684; x_wconf 81' lang='grc'><strong>10,</strong></span> <span class='ocrx_word' id='word_1_424' title='bbox 2552 1622 2638 1678; x_wconf 87' lang='grc'><strong>11..</strong></span> <span class='ocrx_word' id='word_1_425' title='bbox 2705 1620 2967 1688; x_wconf 80' lang='lat' dir='ltr'><strong>Quoniam</strong></span> <span class='ocrx_word' id='word_1_426' title='bbox 3030 1639 3135 1677; x_wconf 88' lang='lat' dir='ltr'><strong>non</strong></span> <span class='ocrx_word' id='word_1_427' title='bbox 3190 1624 3350 1677; x_wconf 80' lang='lat' dir='ltr'><strong>estin</strong></span> <span class='ocrx_word' id='word_1_428' title='bbox 3384 1640 3470 1678; x_wconf 85' lang='lat' dir='ltr'><strong>ore</strong></span> <span class='ocrx_word' id='word_1_429' title='bbox 3505 1641 3691 1679; x_wconf 86' lang='lat' dir='ltr'><strong>eorum</strong></span> 
     </span>
    </p>
   </div>
   <div class='ocr_carea' id='block_1_61' title="bbox 2106 1709 3691 1782">
    <p class='ocr_par' dir='ltr' id='par_1_61' title="bbox 2106 1709 3691 1782">
     <span class='ocr_line' id='line_1_61' title="bbox 2106 1709 3691 1782; baseline -0.001 -18"><span class='ocrx_word' id='word_1_430' title='bbox 2106 1710 2317 1775; x_wconf 53' lang='lat' dir='ltr'><strong>veritas,</strong></span> <span class='ocrx_word' id='word_1_431' title='bbox 2336 1726 2428 1764; x_wconf 85' lang='lat' dir='ltr'><strong>cor</strong></span> <span class='ocrx_word' id='word_1_432' title='bbox 2456 1725 2639 1765; x_wconf 89' lang='lat' dir='ltr'><strong>eorum</strong></span> <span class='ocrx_word' id='word_1_433' title='bbox 2673 1726 2862 1764; x_wconf 87' lang='lat' dir='ltr'><strong>vanum</strong></span> <span class='ocrx_word' id='word_1_434' title='bbox 2881 1722 2982 1769; x_wconf 86' lang='lat' dir='ltr'><strong>est.</strong></span> <span class='ocrx_word' id='word_1_435' title='bbox 3000 1709 3215 1764; x_wconf 85' lang='lat' dir='ltr'><strong>Vanum</strong></span> <span class='ocrx_word' id='word_1_436' title='bbox 3245 1725 3464 1782; x_wconf 89' lang='lat' dir='ltr'><strong>quoque</strong></span> <span class='ocrx_word' id='word_1_437' title='bbox 3491 1718 3576 1766; x_wconf 90' lang='lat' dir='ltr'><strong>est</strong></span> <span class='ocrx_word' id='word_1_438' title='bbox 3596 1725 3691 1766; x_wconf 87' lang='lat' dir='ltr'><strong>cor</strong></span> 
     </span>
    </p>
   </div>
   <div class='ocr_carea' id='block_1_62' title="bbox 2104 1802 3691 1873">
    <p class='ocr_par' dir='ltr' id='par_1_62' title="bbox 2104 1802 3691 1873">
     <span class='ocr_line' id='line_1_62' title="bbox 2104 1802 3691 1873; baseline 0 -17"><span class='ocrx_word' id='word_1_439' title='bbox 2104 1802 2441 1857; x_wconf 82' lang='lat' dir='ltr'><strong>exoticorum</strong></span> <span class='ocrx_word' id='word_1_440' title='bbox 2470 1802 2943 1873; x_wconf 86' lang='lat' dir='ltr'><strong>philosophorum,</strong></span> <span class='ocrx_word' id='word_1_441' title='bbox 2970 1802 3039 1857; x_wconf 88' lang='lat' dir='ltr'><strong>de</strong></span> <span class='ocrx_word' id='word_1_442' title='bbox 3055 1803 3265 1873; x_wconf 84' lang='lat' dir='ltr'><strong>quibus</strong></span> <span class='ocrx_word' id='word_1_443' title='bbox 3290 1804 3492 1861; x_wconf 85' lang='lat' dir='ltr'><strong>dicitur</strong></span> <span class='ocrx_word' id='word_1_444' title='bbox 3526 1822 3541 1858; x_wconf 90' lang='lat'><strong>:</strong></span> <span class='ocrx_word' id='word_1_445' title='bbox 3580 1803 3691 1857; x_wconf 73' lang='lat' dir='ltr'><strong>Do-</strong></span> 
     </span>
    </p>
   </div>
   <div class='ocr_carea' id='block_1_63' title="bbox 2105 1894 3692 1967">
    <p class='ocr_par' dir='ltr' id='par_1_63' title="bbox 2105 1894 3692 1967">
     <span class='ocr_line' id='line_1_63' title="bbox 2105 1894 3692 1967; baseline 0.003 -20"><span class='ocrx_word' id='word_1_446' title='bbox 2105 1894 2278 1948; x_wconf 88' lang='lat' dir='ltr'><strong>minus</strong></span> <span class='ocrx_word' id='word_1_447' title='bbox 2329 1894 2474 1949; x_wconf 84' lang='lat' dir='ltr'><strong>novit</strong></span> <span class='ocrx_word' id='word_1_448' title='bbox 2523 1895 2867 1965; x_wconf 75' lang='lat' dir='ltr'><strong>cogitationes</strong></span> <span class='ocrx_word' id='word_1_449' title='bbox 2899 1896 3218 1964; x_wconf 84' lang='lat' dir='ltr'><strong>sapientum,</strong></span> <span class='ocrx_word' id='word_1_450' title='bbox 3265 1898 3514 1967; x_wconf 82' lang='lat' dir='ltr'><strong>quoniam</strong></span> <span class='ocrx_word' id='word_1_451' title='bbox 3542 1913 3692 1952; x_wconf 77' lang='lat' dir='ltr'><strong>vana:</strong></span> 
     </span>
    </p>
   </div>
   <div class='ocr_carea' id='block_1_64' title="bbox 2104 1986 3688 2059">
    <p class='ocr_par' dir='ltr' id='par_1_64' title="bbox 2104 1986 3688 2059">
     <span class='ocr_line' id='line_1_64' title="bbox 2104 1986 3688 2059; baseline 0.001 -19"><span class='ocrx_word' id='word_1_452' title='bbox 2104 1994 2228 2040; x_wconf 87' lang='lat' dir='ltr'><strong>sunt</strong></span> <span class='ocrx_word' id='word_1_453' title='bbox 2254 1986 2302 2018; x_wconf 81' lang='lat'><strong>&quot;</strong></span> <span class='ocrx_word' id='word_1_454' title='bbox 2328 2004 2342 2040; x_wconf 89' lang='lat'><strong>:</strong></span> <span class='ocrx_word' id='word_1_455' title='bbox 2384 2001 2617 2056; x_wconf 89' lang='lat' dir='ltr'><strong>quorum</strong></span> <span class='ocrx_word' id='word_1_456' title='bbox 2648 1994 2835 2058; x_wconf 81' lang='lat' dir='ltr'><strong>guttur</strong></span> <span class='ocrx_word' id='word_1_457' title='bbox 2862 1986 3146 2043; x_wconf 83' lang='lat' dir='ltr'><strong>mortifera</strong></span> <span class='ocrx_word' id='word_1_458' title='bbox 3165 1988 3387 2044; x_wconf 70' lang='lat' dir='ltr'><strong>exhalat</strong></span> <span class='ocrx_word' id='word_1_459' title='bbox 3411 1987 3688 2059; x_wconf 80' lang='lat' dir='ltr'><strong>dogmata,</strong></span> 
     </span>
    </p>
   </div>
   <div class='ocr_carea' id='block_1_65' title="bbox 2103 2076 3691 2142">
    <p class='ocr_par' dir='ltr' id='par_1_65' title="bbox 2103 2076 3691 2142">
     <span class='ocr_line' id='line_1_65' title="bbox 2103 2076 3691 2142; baseline 0.003 -12"><span class='ocrx_word' id='word_1_460' title='bbox 2103 2091 2229 2131; x_wconf 88' lang='lat' dir='ltr'><strong>cum</strong></span> <span class='ocrx_word' id='word_1_461' title='bbox 2276 2091 2388 2130; x_wconf 89' lang='lat' dir='ltr'><strong>non</strong></span> <span class='ocrx_word' id='word_1_462' title='bbox 2429 2076 2703 2132; x_wconf 79' lang='lat' dir='ltr'><strong>viviﬁcum</strong></span> <span class='ocrx_word' id='word_1_463' title='bbox 2733 2076 2835 2133; x_wconf 88' lang='lat' dir='ltr'><strong>Dei</strong></span> <span class='ocrx_word' id='word_1_464' title='bbox 2879 2079 3107 2134; x_wconf 73' lang='lat' dir='ltr'><strong>verbum</strong></span> <span class='ocrx_word' id='word_1_465' title='bbox 3138 2077 3366 2142; x_wconf 84' lang='lat' dir='ltr'><strong>doceat,</strong></span> <span class='ocrx_word' id='word_1_466' title='bbox 3400 2079 3493 2135; x_wconf 89' lang='lat' dir='ltr'><strong>sed</strong></span> <span class='ocrx_word' id='word_1_467' title='bbox 3535 2095 3691 2135; x_wconf 86' lang='lat' dir='ltr'><strong>men-</strong></span> 
     </span>
    </p>
   </div>
   <div class='ocr_carea' id='block_1_66' title="bbox 2103 2169 3683 2240">
    <p class='ocr_par' dir='ltr' id='par_1_66' title="bbox 2103 2169 3683 2240">
     <span class='ocr_line' id='line_1_66' title="bbox 2103 2169 3683 2240; baseline -0.001 -15"><span class='ocrx_word' id='word_1_468' title='bbox 2103 2169 2260 2225; x_wconf 88' lang='lat' dir='ltr'><strong>dacia</strong></span> <span class='ocrx_word' id='word_1_469' title='bbox 2286 2176 2341 2225; x_wconf 90' lang='lat' dir='ltr'><strong>et</strong></span> <span class='ocrx_word' id='word_1_470' title='bbox 2373 2176 2591 2226; x_wconf 89' lang='lat' dir='ltr'><strong>mortua</strong></span> <span class='ocrx_word' id='word_1_471' title='bbox 2616 2169 2863 2240; x_wconf 76' lang='lat' dir='ltr'><strong>proterat</strong></span> <span class='ocrx_word' id='word_1_472' title='bbox 2890 2171 3079 2226; x_wconf 78' lang='lat' dir='ltr'><strong>verba.</strong></span> <span class='ocrx_word' id='word_1_473' title='bbox 3117 2169 3315 2226; x_wconf 84' lang='lat' dir='ltr'><strong>Judica</strong></span> <span class='ocrx_word' id='word_1_474' title='bbox 3347 2171 3494 2235; x_wconf 83' lang='lat' dir='ltr'><strong>illos,</strong></span> <span class='ocrx_word' id='word_1_475' title='bbox 3523 2169 3683 2235; x_wconf 70' lang='lat' dir='ltr'><strong>Deus,</strong></span> 
     </span>
    </p>
   </div>
   <div class='ocr_carea' id='block_1_67' title="bbox 2102 2261 3686 2336">
    <p class='ocr_par' dir='ltr' id='par_1_67' title="bbox 2102 2261 3686 2336">
     <span class='ocr_line' id='line_1_67' title="bbox 2102 2261 3686 2336; baseline 0.001 -18"><span class='ocrx_word' id='word_1_476' title='bbox 2102 2262 2198 2333; x_wconf 86' lang='lat' dir='ltr'><strong>qui</strong></span> <span class='ocrx_word' id='word_1_477' title='bbox 2249 2277 2384 2318; x_wconf 63' lang='lat' dir='ltr'><strong>meae</strong></span> <span class='ocrx_word' id='word_1_478' title='bbox 2411 2263 2480 2320; x_wconf 91' lang='lat' dir='ltr'><strong>de</strong></span> <span class='ocrx_word' id='word_1_479' title='bbox 2519 2261 2707 2318; x_wconf 82' lang='lat' dir='ltr'><strong>futura</strong></span> <span class='ocrx_word' id='word_1_480' title='bbox 2759 2263 3080 2321; x_wconf 59' lang='lat' dir='ltr'><strong>hereditate</strong></span> <span class='ocrx_word' id='word_1_481' title='bbox 3139 2264 3256 2336; x_wconf 85' lang='lat' dir='ltr'><strong>spei</strong></span> <span class='ocrx_word' id='word_1_482' title='bbox 3304 2264 3686 2320; x_wconf 85' lang='lat' dir='ltr'><strong>insidiantur:</strong></span> 
     </span>
    </p>
   </div>
   <div class='ocr_carea' id='block_1_68' title="bbox 2103 2355 3690 2427">
    <p class='ocr_par' dir='ltr' id='par_1_68' title="bbox 2103 2355 3690 2427">
     <span class='ocr_line' id='line_1_68' title="bbox 2103 2355 3690 2427; baseline 0.002 -18"><span class='ocrx_word' id='word_1_483' title='bbox 2103 2370 2237 2411; x_wconf 89' lang='lat' dir='ltr'><strong>nam.</strong></span> <span class='ocrx_word' id='word_1_484' title='bbox 2265 2356 2302 2411; x_wconf 90' lang='lat' dir='ltr'><strong>ii</strong></span> <span class='ocrx_word' id='word_1_485' title='bbox 2332 2362 2385 2413; x_wconf 89' lang='lat' dir='ltr'><strong>te</strong></span> <span class='ocrx_word' id='word_1_486' title='bbox 2410 2371 2623 2415; x_wconf 89' lang='lat' dir='ltr'><strong>summe</strong></span> <span class='ocrx_word' id='word_1_487' title='bbox 2648 2355 2888 2413; x_wconf 87' lang='lat' dir='ltr'><strong>irritant.</strong></span> <span class='ocrx_word' id='word_1_488' title='bbox 2914 2355 3140 2423; x_wconf 82' lang='lat' dir='ltr'><strong>Judica,</strong></span> <span class='ocrx_word' id='word_1_489' title='bbox 3183 2364 3236 2413; x_wconf 88' lang='lat' dir='ltr'><strong>te</strong></span> <span class='ocrx_word' id='word_1_490' title='bbox 3272 2373 3511 2427; x_wconf 90' lang='lat' dir='ltr'><strong>namque</strong></span> <span class='ocrx_word' id='word_1_491' title='bbox 3541 2358 3690 2414; x_wconf 88' lang='lat' dir='ltr'><strong>salu—</strong></span> 
     </span>
    </p>
   </div>
   <div class='ocr_carea' id='block_1_69' title="bbox 2103 2452 3686 2524">
    <p class='ocr_par' dir='ltr' id='par_1_69' title="bbox 2103 2452 3686 2524">
     <span class='ocr_line' id='line_1_69' title="bbox 2103 2452 3686 2524; baseline 0.004 -20"><span class='ocrx_word' id='word_1_492' title='bbox 2103 2456 2212 2506; x_wconf 87' lang='lat' dir='ltr'><strong>tem</strong></span> <span class='ocrx_word' id='word_1_493' title='bbox 2241 2457 2487 2508; x_wconf 88' lang='lat' dir='ltr'><strong>nostram</strong></span> <span class='ocrx_word' id='word_1_494' title='bbox 2517 2459 2869 2523; x_wconf 84' lang='lat' dir='ltr'><strong>procurante,</strong></span> <span class='ocrx_word' id='word_1_495' title='bbox 2895 2452 3220 2510; x_wconf 87' lang='lat' dir='ltr'><strong>insidiosum</strong></span> <span class='ocrx_word' id='word_1_496' title='bbox 3242 2453 3318 2508; x_wconf 91' lang='lat' dir='ltr'><strong>illi</strong></span> <span class='ocrx_word' id='word_1_497' title='bbox 3351 2452 3552 2509; x_wconf 89' lang='lat' dir='ltr'><strong>bellum</strong></span> <span class='ocrx_word' id='word_1_498' title='bbox 3588 2470 3686 2524; x_wconf 79' lang='lat' dir='ltr'><strong>pa-</strong></span> 
     </span>
    </p>
   </div>
   <div class='ocr_carea' id='block_1_70' title="bbox 2101 2541 3690 2614">
    <p class='ocr_par' dir='ltr' id='par_1_70' title="bbox 2101 2541 3690 2614">
     <span class='ocr_line' id='line_1_70' title="bbox 2101 2541 3690 2614; baseline 0.001 -18"><span class='ocrx_word' id='word_1_499' title='bbox 2101 2552 2245 2597; x_wconf 90' lang='lat' dir='ltr'><strong>rant.</strong></span> <span class='ocrx_word' id='word_1_500' title='bbox 2270 2541 2527 2613; x_wconf 88' lang='lat' dir='ltr'><strong>Peroptat</strong></span> <span class='ocrx_word' id='word_1_501' title='bbox 2561 2543 2729 2599; x_wconf 89' lang='lat' dir='ltr'><strong>etiam</strong></span> <span class='ocrx_word' id='word_1_502' title='bbox 2761 2542 3035 2600; x_wconf 82' lang='lat' dir='ltr'><strong>Dominus</strong></span> <span class='ocrx_word' id='word_1_503' title='bbox 3066 2544 3215 2614; x_wconf 89' lang='lat' dir='ltr'><strong>ipsos</strong></span> <span class='ocrx_word' id='word_1_504' title='bbox 3240 2544 3325 2600; x_wconf 85' lang='lat' dir='ltr'><strong>vel</strong></span> <span class='ocrx_word' id='word_1_505' title='bbox 3343 2543 3456 2609; x_wconf 82' lang='lat' dir='ltr'><strong>jam</strong></span> <span class='ocrx_word' id='word_1_506' title='bbox 3473 2544 3690 2614; x_wconf 87' lang='lat' dir='ltr'><strong>judica-</strong></span> 
     </span>
    </p>
   </div>
   <div class='ocr_carea' id='block_1_71' title="bbox 2104 2633 3688 2707">
    <p class='ocr_par' dir='ltr' id='par_1_71' title="bbox 2104 2633 3688 2707">
     <span class='ocr_line' id='line_1_71' title="bbox 2104 2633 3688 2707; baseline 0.003 -18"><span class='ocrx_word' id='word_1_507' title='bbox 2104 2642 2185 2689; x_wconf 90' lang='lat' dir='ltr'><strong>tos</strong></span> <span class='ocrx_word' id='word_1_508' title='bbox 2215 2633 2343 2689; x_wconf 87' lang='lat' dir='ltr'><strong>inde</strong></span> <span class='ocrx_word' id='word_1_509' title='bbox 2365 2634 2568 2704; x_wconf 87' lang='lat' dir='ltr'><strong>juvari,</strong></span> <span class='ocrx_word' id='word_1_510' title='bbox 2589 2635 2638 2690; x_wconf 89' lang='lat' dir='ltr'><strong>si</strong></span> <span class='ocrx_word' id='word_1_511' title='bbox 2661 2634 2883 2706; x_wconf 87' lang='lat' dir='ltr'><strong>quidem</strong></span> <span class='ocrx_word' id='word_1_512' title='bbox 2911 2651 2942 2689; x_wconf 88' lang='lat' dir='ltr'><strong>a</strong></span> <span class='ocrx_word' id='word_1_513' title='bbox 2967 2635 3317 2693; x_wconf 85' lang='lat' dir='ltr'><strong>multitudine</strong></span> <span class='ocrx_word' id='word_1_514' title='bbox 3348 2637 3688 2707; x_wconf 82' lang='lat' dir='ltr'><strong>impietatum</strong></span> 
     </span>
    </p>
   </div>
   <div class='ocr_carea' id='block_1_72' title="bbox 2102 2723 2423 2782">
    <p class='ocr_par' dir='ltr' id='par_1_72' title="bbox 2102 2723 2423 2782">
     <span class='ocr_line' id='line_1_72' title="bbox 2102 2723 2423 2782; baseline 0.012 -5"><span class='ocrx_word' id='word_1_515' title='bbox 2102 2723 2423 2782; x_wconf 84' lang='lat' dir='ltr'><strong>abscedant.</strong></span> 
     </span>
    </p>
   </div>
   <div class='ocr_carea' id='block_1_73' title="bbox 2173 2814 3688 2889">
    <p class='ocr_par' dir='ltr' id='par_1_73' title="bbox 2173 2814 3688 2889">
     <span class='ocr_line' id='line_1_73' title="bbox 2173 2814 3688 2889; baseline 0.003 -19"><span class='ocrx_word' id='word_1_516' title='bbox 2173 2814 2341 2872; x_wconf 74' lang='lat' dir='ltr'><strong>Vsus.</strong></span> <span class='ocrx_word' id='word_1_517' title='bbox 2377 2815 2475 2872; x_wconf 76' lang='grc'><strong>12.</strong></span> <span class='ocrx_word' id='word_1_518' title='bbox 2504 2815 2572 2871; x_wconf 83' lang='grc' dir='ltr'>Ει</span> <span class='ocrx_word' id='word_1_519' title='bbox 2596 2816 2842 2871; x_wconf 62' lang='lat' dir='ltr'><strong>locuntur</strong></span> <span class='ocrx_word' id='word_1_520' title='bbox 2873 2833 3054 2873; x_wconf 79' lang='lat' dir='ltr'><strong>omnes</strong></span> <span class='ocrx_word' id='word_1_521' title='bbox 3083 2819 3174 2888; x_wconf 81' lang='lat' dir='ltr'><strong>qui</strong></span> <span class='ocrx_word' id='word_1_522' title='bbox 3205 2827 3422 2889; x_wconf 77' lang='lat' dir='ltr'><strong>sperant</strong></span> <span class='ocrx_word' id='word_1_523' title='bbox 3441 2816 3497 2874; x_wconf 88' lang='lat' dir='ltr'><strong>in</strong></span> <span class='ocrx_word' id='word_1_524' title='bbox 3532 2831 3600 2882; x_wconf 86' lang='lat' dir='ltr'><strong>te,</strong></span> <span class='ocrx_word' id='word_1_525' title='bbox 3631 2821 3688 2874; x_wconf 81' lang='lat' dir='ltr'><strong>in</strong></span> 
     </span>
    </p>
   </div>
   <div class='ocr_carea' id='block_1_74' title="bbox 2101 2908 3683 2981">
    <p class='ocr_par' dir='ltr' id='par_1_74' title="bbox 2101 2908 3683 2981">
     <span class='ocr_line' id='line_1_74' title="bbox 2101 2908 3683 2981; baseline 0.001 -17"><span class='ocrx_word' id='word_1_526' title='bbox 2101 2916 2355 2965; x_wconf 71' lang='lat' dir='ltr'><strong>cternum</strong></span> <span class='ocrx_word' id='word_1_527' title='bbox 2374 2908 2719 2967; x_wconf 74' lang='lat' dir='ltr'><strong>exsultabant</strong></span> <span class='ocrx_word' id='word_1_528' title='bbox 2743 2916 2800 2963; x_wconf 87' lang='lat' dir='ltr'><strong>et</strong></span> <span class='ocrx_word' id='word_1_529' title='bbox 2828 2908 3098 2964; x_wconf 81' lang='lat' dir='ltr'><strong>habitabis</strong></span> <span class='ocrx_word' id='word_1_530' title='bbox 3131 2910 3188 2963; x_wconf 87' lang='lat' dir='ltr'><strong>in</strong></span> <span class='ocrx_word' id='word_1_531' title='bbox 3209 2909 3307 2965; x_wconf 87' lang='lat' dir='ltr'><strong>eis.</strong></span> <span class='ocrx_word' id='word_1_532' title='bbox 3332 2909 3392 2964; x_wconf 89' lang='lat' dir='ltr'><strong>In</strong></span> <span class='ocrx_word' id='word_1_533' title='bbox 3416 2910 3534 2981; x_wconf 88' lang='lat' dir='ltr'><strong>ipso</strong></span> <span class='ocrx_word' id='word_1_534' title='bbox 3561 2910 3683 2965; x_wconf 80' lang='lat' dir='ltr'><strong>Sal-</strong></span> 
     </span>
    </p>
   </div>
   <div class='ocr_carea' id='block_1_75' title="bbox 2100 2997 3686 3071">
    <p class='ocr_par' dir='ltr' id='par_1_75' title="bbox 2100 2997 3686 3071">
     <span class='ocr_line' id='line_1_75' title="bbox 2100 2997 3686 3071; baseline 0.002 -18"><span class='ocrx_word' id='word_1_535' title='bbox 2100 2999 2309 3054; x_wconf 79' lang='lat' dir='ltr'><strong>vatoris</strong></span> <span class='ocrx_word' id='word_1_536' title='bbox 2332 2997 2569 3054; x_wconf 79' lang='lat' dir='ltr'><strong>adventu</strong></span> <span class='ocrx_word' id='word_1_537' title='bbox 2600 2998 2766 3054; x_wconf 67' lang='lat' dir='ltr'><strong>laetati</strong></span> <span class='ocrx_word' id='word_1_538' title='bbox 2798 3006 2928 3054; x_wconf 86' lang='lat' dir='ltr'><strong>sunt</strong></span> <span class='ocrx_word' id='word_1_539' title='bbox 2958 2999 2997 3053; x_wconf 80' lang='lat' dir='ltr'><strong>ii</strong></span> <span class='ocrx_word' id='word_1_540' title='bbox 3045 2999 3141 3071; x_wconf 87' lang='lat' dir='ltr'><strong>qui</strong></span> <span class='ocrx_word' id='word_1_541' title='bbox 3179 2999 3304 3070; x_wconf 89' lang='lat' dir='ltr'><strong>ejus</strong></span> <span class='ocrx_word' id='word_1_542' title='bbox 3351 3001 3686 3056; x_wconf 82' lang='lat' dir='ltr'><strong>incarnatio-</strong></span> 
     </span>
    </p>
   </div>
   <div class='ocr_carea' id='block_1_76' title="bbox 2101 3088 3686 3161">
    <p class='ocr_par' dir='ltr' id='par_1_76' title="bbox 2101 3088 3686 3161">
     <span class='ocr_line' id='line_1_76' title="bbox 2101 3088 3686 3161; baseline 0.002 -19"><span class='ocrx_word' id='word_1_543' title='bbox 2101 3103 2224 3143; x_wconf 90' lang='lat' dir='ltr'><strong>nem</strong></span> <span class='ocrx_word' id='word_1_544' title='bbox 2256 3088 2648 3158; x_wconf 79' lang='lat' dir='ltr'><strong>exspectabant</strong></span> <span class='ocrx_word' id='word_1_545' title='bbox 2682 3109 2696 3143; x_wconf 91' lang='lat'><strong>:</strong></span> <span class='ocrx_word' id='word_1_546' title='bbox 2724 3104 2848 3159; x_wconf 60' lang='lat' dir='ltr'><strong>qua)</strong></span> <span class='ocrx_word' id='word_1_547' title='bbox 2875 3089 3098 3160; x_wconf 88' lang='lat' dir='ltr'><strong>quidem</strong></span> <span class='ocrx_word' id='word_1_548' title='bbox 3152 3106 3282 3161; x_wconf 84' lang='lat' dir='ltr'><strong>spes</strong></span> <span class='ocrx_word' id='word_1_549' title='bbox 3322 3090 3606 3161; x_wconf 84' lang='lat' dir='ltr'><strong>prophetis</strong></span> <span class='ocrx_word' id='word_1_550' title='bbox 3631 3099 3686 3147; x_wconf 90' lang='lat' dir='ltr'><strong>et</strong></span> 
     </span>
    </p>
   </div>
   <div class='ocr_carea' id='block_1_77' title="bbox 2106 3180 3685 3253">
    <p class='ocr_par' dir='ltr' id='par_1_77' title="bbox 2106 3180 3685 3253">
     <span class='ocr_line' id='line_1_77' title="bbox 2106 3180 3685 3253; baseline 0.004 -20"><span class='ocrx_word' id='word_1_551' title='bbox 2106 3180 2176 3235; x_wconf 84' lang='lat' dir='ltr'><strong>iis</strong></span> <span class='ocrx_word' id='word_1_552' title='bbox 2204 3180 2297 3250; x_wconf 91' lang='lat' dir='ltr'><strong>qui</strong></span> <span class='ocrx_word' id='word_1_553' title='bbox 2329 3181 2480 3250; x_wconf 88' lang='lat' dir='ltr'><strong>paria</strong></span> <span class='ocrx_word' id='word_1_554' title='bbox 2539 3180 2851 3237; x_wconf 86' lang='lat' dir='ltr'><strong>sentiebant</strong></span> <span class='ocrx_word' id='word_1_555' title='bbox 2907 3181 3107 3237; x_wconf 87' lang='lat' dir='ltr'><strong>inerat.</strong></span> <span class='ocrx_word' id='word_1_556' title='bbox 3156 3181 3392 3238; x_wconf 85' lang='lat' dir='ltr'><strong>Advenit</strong></span> <span class='ocrx_word' id='word_1_557' title='bbox 3448 3198 3685 3253; x_wconf 87' lang='lat' dir='ltr'><strong>namque</strong></span> 
     </span>
    </p>
   </div>
   <div class='ocr_carea' id='block_1_78' title="bbox 2102 3269 3684 3346">
    <p class='ocr_par' dir='ltr' id='par_1_78' title="bbox 2102 3269 3684 3346">
     <span class='ocr_line' id='line_1_78' title="bbox 2102 3269 3684 3346; baseline 0.006 -22"><span class='ocrx_word' id='word_1_558' title='bbox 2102 3269 2247 3326; x_wconf 87' lang='lat' dir='ltr'><strong>Deus</strong></span> <span class='ocrx_word' id='word_1_559' title='bbox 2274 3269 2514 3326; x_wconf 86' lang='lat' dir='ltr'><strong>Verbum</strong></span> <span class='ocrx_word' id='word_1_560' title='bbox 2535 3287 2662 3327; x_wconf 88' lang='lat' dir='ltr'><strong>cum</strong></span> <span class='ocrx_word' id='word_1_561' title='bbox 2687 3287 2820 3329; x_wconf 88' lang='lat' dir='ltr'><strong>caro</strong></span> <span class='ocrx_word' id='word_1_562' title='bbox 2846 3272 3049 3328; x_wconf 81' lang='lat' dir='ltr'><strong>factum</strong></span> <span class='ocrx_word' id='word_1_563' title='bbox 3075 3281 3181 3341; x_wconf 89' lang='lat' dir='ltr'><strong>est,</strong></span> <span class='ocrx_word' id='word_1_564' title='bbox 3204 3282 3484 3346; x_wconf 88' lang='lat' dir='ltr'><strong>assumpta</strong></span> <span class='ocrx_word' id='word_1_565' title='bbox 3517 3291 3684 3333; x_wconf 89' lang='lat' dir='ltr'><strong>carne</strong></span> 
     </span>
    </p>
   </div>
   <div class='ocr_carea' id='block_1_79' title="bbox 2099 3362 3691 3436">
    <p class='ocr_par' dir='ltr' id='par_1_79' title="bbox 2099 3362 3691 3436">
     <span class='ocr_line' id='line_1_79' title="bbox 2099 3362 3691 3436; baseline 0.002 -17"><span class='ocrx_word' id='word_1_566' title='bbox 2099 3368 2160 3419; x_wconf 88' lang='lat' dir='ltr'><strong>ut</strong></span> <span class='ocrx_word' id='word_1_567' title='bbox 2177 3378 2302 3418; x_wconf 90' lang='lat' dir='ltr'><strong>cum</strong></span> <span class='ocrx_word' id='word_1_568' title='bbox 2331 3362 2584 3420; x_wconf 87' lang='lat' dir='ltr'><strong>ﬁdelibus</strong></span> <span class='ocrx_word' id='word_1_569' title='bbox 2606 3364 2723 3420; x_wconf 90' lang='lat' dir='ltr'><strong>suis</strong></span> <span class='ocrx_word' id='word_1_570' title='bbox 2746 3364 3040 3430; x_wconf 85' lang='lat' dir='ltr'><strong>habitaret,</strong></span> <span class='ocrx_word' id='word_1_571' title='bbox 3054 3365 3211 3436; x_wconf 85' lang='lat' dir='ltr'><strong>juxta</strong></span> <span class='ocrx_word' id='word_1_572' title='bbox 3244 3366 3377 3422; x_wconf 90' lang='lat' dir='ltr'><strong>illud</strong></span> <span class='ocrx_word' id='word_1_573' title='bbox 3403 3386 3417 3423; x_wconf 88' lang='lat'><strong>:</strong></span> <span class='ocrx_word' id='word_1_574' title='bbox 3456 3366 3691 3422; x_wconf 84' lang='lat' dir='ltr'><strong>Verbum-</strong></span> 
     </span>
    </p>
   </div>
   <div class='ocr_carea' id='block_1_80' title="bbox 2097 3455 3683 3526">
    <p class='ocr_par' dir='ltr' id='par_1_80' title="bbox 2097 3455 3683 3526">
     <span class='ocr_line' id='line_1_80' title="bbox 2097 3455 3683 3526; baseline 0.001 -15"><span class='ocrx_word' id='word_1_575' title='bbox 2097 3472 2222 3511; x_wconf 70' lang='grc' dir='ltr'>σαι-ο</span> <span class='ocrx_word' id='word_1_576' title='bbox 2247 3455 2455 3526; x_wconf 81' lang='lat' dir='ltr'><strong>factum.</strong></span> <span class='ocrx_word' id='word_1_577' title='bbox 2479 3465 2558 3512; x_wconf 82' lang='lat' dir='ltr'><strong>est</strong></span> <span class='ocrx_word' id='word_1_578' title='bbox 2587 3466 2641 3511; x_wconf 87' lang='lat' dir='ltr'><strong>et</strong></span> <span class='ocrx_word' id='word_1_579' title='bbox 2666 3456 2924 3513; x_wconf 80' lang='lat' dir='ltr'><strong>habitavit</strong></span> <span class='ocrx_word' id='word_1_580' title='bbox 2970 3458 3026 3512; x_wconf 87' lang='lat' dir='ltr'><strong>in</strong></span> <span class='ocrx_word' id='word_1_581' title='bbox 3055 3457 3203 3513; x_wconf 87' lang='lat' dir='ltr'><strong>nobis</strong></span> <span class='ocrx_word' id='word_1_582' title='bbox 3240 3458 3306 3514; x_wconf 82' lang='grc'>⁸³.</span> <span class='ocrx_word' id='word_1_583' title='bbox 3334 3459 3378 3514; x_wconf 88' lang='lat' dir='ltr'><strong>li</strong></span> <span class='ocrx_word' id='word_1_584' title='bbox 3411 3468 3591 3516; x_wconf 88' lang='lat' dir='ltr'><strong>autem</strong></span> <span class='ocrx_word' id='word_1_585' title='bbox 3627 3460 3683 3514; x_wconf 90' lang='lat' dir='ltr'><strong>in</strong></span> 
     </span>
    </p>
   </div>
   <div class='ocr_carea' id='block_1_81' title="bbox 2095 3549 3691 3615">
    <p class='ocr_par' dir='ltr' id='par_1_81' title="bbox 2095 3549 3691 3615">
     <span class='ocr_line' id='line_1_81' title="bbox 2095 3549 3691 3615; baseline 0.001 -12"><span class='ocrx_word' id='word_1_586' title='bbox 2095 3556 2360 3604; x_wconf 76' lang='lat' dir='ltr'><strong>aeternum</strong></span> <span class='ocrx_word' id='word_1_587' title='bbox 2412 3549 2809 3615; x_wconf 79' lang='lat' dir='ltr'><strong>exsultabunt,</strong></span> <span class='ocrx_word' id='word_1_588' title='bbox 2863 3549 3113 3606; x_wconf 85' lang='lat' dir='ltr'><strong>videntes</strong></span> <span class='ocrx_word' id='word_1_589' title='bbox 3178 3549 3449 3605; x_wconf 87' lang='lat' dir='ltr'><strong>incarnati</strong></span> <span class='ocrx_word' id='word_1_590' title='bbox 3516 3549 3691 3606; x_wconf 83' lang='lat' dir='ltr'><strong>Verbi</strong></span> 
     </span>
    </p>
   </div>
   <div class='ocr_carea' id='block_1_82' title="bbox 2095 3639 3685 3714">
    <p class='ocr_par' dir='ltr' id='par_1_82' title="bbox 2095 3639 3685 3714">
     <span class='ocr_line' id='line_1_82' title="bbox 2095 3639 3685 3714; baseline 0.003 -21"><span class='ocrx_word' id='word_1_591' title='bbox 2095 3640 2323 3711; x_wconf 80' lang='lat' dir='ltr'><strong>gloriam</strong></span> <span class='ocrx_word' id='word_1_592' title='bbox 2361 3643 2519 3712; x_wconf 88' lang='lat' dir='ltr'><strong>quasi</strong></span> <span class='ocrx_word' id='word_1_593' title='bbox 2558 3639 2824 3714; x_wconf 84' lang='lat' dir='ltr'><strong>Unigeniti</strong></span> <span class='ocrx_word' id='word_1_594' title='bbox 2856 3659 2888 3695; x_wconf 90' lang='lat' dir='ltr'><strong>a</strong></span> <span class='ocrx_word' id='word_1_595' title='bbox 2923 3640 3108 3707; x_wconf 86' lang='lat' dir='ltr'><strong>Patre,</strong></span> <span class='ocrx_word' id='word_1_596' title='bbox 3162 3643 3373 3711; x_wconf 87' lang='lat' dir='ltr'><strong>plenum</strong></span> <span class='ocrx_word' id='word_1_597' title='bbox 3415 3643 3604 3714; x_wconf 76' lang='lat' dir='ltr'><strong>gratia:</strong></span> <span class='ocrx_word' id='word_1_598' title='bbox 3632 3653 3685 3697; x_wconf 87' lang='lat' dir='ltr'><strong>et</strong></span> 
     </span>
    </p>
   </div>
   <div class='ocr_carea' id='block_1_83' title="bbox 2096 3734 3682 3807">
    <p class='ocr_par' dir='ltr' id='par_1_83' title="bbox 2096 3734 3682 3807">
     <span class='ocr_line' id='line_1_83' title="bbox 2096 3734 3682 3807; baseline 0.001 -19"><span class='ocrx_word' id='word_1_599' title='bbox 2096 3734 2331 3788; x_wconf 83' lang='lat' dir='ltr'><strong>veritatis</strong></span> <span class='ocrx_word' id='word_1_600' title='bbox 2362 3734 2429 3790; x_wconf 77' lang='lat'><strong>“.</strong></span> <span class='ocrx_word' id='word_1_601' title='bbox 2469 3734 2577 3802; x_wconf 85' lang='lat' dir='ltr'><strong>Qui</strong></span> <span class='ocrx_word' id='word_1_602' title='bbox 2627 3734 2817 3789; x_wconf 89' lang='lat' dir='ltr'><strong>dicunt</strong></span> <span class='ocrx_word' id='word_1_603' title='bbox 2863 3736 3074 3791; x_wconf 90' lang='lat' dir='ltr'><strong>etiam:</strong></span> <span class='ocrx_word' id='word_1_604' title='bbox 3122 3734 3242 3789; x_wconf 83' lang='lat' dir='ltr'><strong>Etsi</strong></span> <span class='ocrx_word' id='word_1_605' title='bbox 3291 3736 3682 3807; x_wconf 86' lang='lat' dir='ltr'><strong>cognoverimus</strong></span> 
     </span>
    </p>
   </div>
   <div class='ocr_carea' id='block_1_84' title="bbox 2097 3820 3693 3894">
    <p class='ocr_par' dir='ltr' id='par_1_84' title="bbox 2097 3820 3693 3894">
     <span class='ocr_line' id='line_1_84' title="bbox 2097 3820 3693 3894; baseline -0.004 -15"><span class='ocrx_word' id='word_1_606' title='bbox 2097 3820 2366 3879; x_wconf 80' lang='lat' dir='ltr'><strong>Christum</strong></span> <span class='ocrx_word' id='word_1_607' title='bbox 2389 3822 2674 3878; x_wconf 86' lang='lat' dir='ltr'><strong>secundum</strong></span> <span class='ocrx_word' id='word_1_608' title='bbox 2701 3840 2942 3887; x_wconf 86' lang='lat' dir='ltr'><strong>carnem,</strong></span> <span class='ocrx_word' id='word_1_609' title='bbox 2975 3840 3094 3894; x_wconf 65' lang='lat' dir='ltr'><strong>jam</strong></span> <span class='ocrx_word' id='word_1_610' title='bbox 3122 3840 3226 3878; x_wconf 88' lang='lat' dir='ltr'><strong>non</strong></span> <span class='ocrx_word' id='word_1_611' title='bbox 3258 3822 3404 3877; x_wconf 89' lang='lat' dir='ltr'><strong>ultra</strong></span> <span class='ocrx_word' id='word_1_612' title='bbox 3444 3823 3693 3877; x_wconf 84' lang='lat' dir='ltr'><strong>novimus.</strong></span> 
     </span>
    </p>
   </div>
   <div class='ocr_carea' id='block_1_85' title="bbox 2094 3915 3679 3988">
    <p class='ocr_par' dir='ltr' id='par_1_85' title="bbox 2094 3915 3679 3988">
     <span class='ocr_line' id='line_1_85' title="bbox 2094 3915 3679 3988; baseline 0.001 -18"><span class='ocrx_word' id='word_1_613' title='bbox 2094 3931 2214 3970; x_wconf 90' lang='lat' dir='ltr'><strong>eum</strong></span> <span class='ocrx_word' id='word_1_614' title='bbox 2243 3915 2314 3980; x_wconf 77' lang='grc'><strong>⁸⁵,</strong></span> <span class='ocrx_word' id='word_1_615' title='bbox 2345 3915 2612 3972; x_wconf 86' lang='lat' dir='ltr'><strong>habentes</strong></span> <span class='ocrx_word' id='word_1_616' title='bbox 2639 3917 3152 3988; x_wconf 87' lang='lat' dir='ltr'><strong>contemplationem</strong></span> <span class='ocrx_word' id='word_1_617' title='bbox 3186 3916 3373 3987; x_wconf 66' lang='lat' dir='ltr'><strong>gloria:</strong></span> <span class='ocrx_word' id='word_1_618' title='bbox 3409 3915 3552 3987; x_wconf 87' lang='lat' dir='ltr'><strong>ejus,</strong></span> <span class='ocrx_word' id='word_1_619' title='bbox 3593 3931 3679 3972; x_wconf 42' lang='lat' dir='ltr'><strong>se,</strong></span> 
     </span>
    </p>
   </div>
   <div class='ocr_carea' id='block_1_86' title="bbox 2094 4006 3257 4079">
    <p class='ocr_par' dir='ltr' id='par_1_86' title="bbox 2094 4006 3257 4079">
     <span class='ocr_line' id='line_1_86' title="bbox 2094 4006 3257 4079; baseline 0.003 -19"><span class='ocrx_word' id='word_1_620' title='bbox 2094 4007 2334 4061; x_wconf 90' lang='lat' dir='ltr'><strong>cundum</strong></span> <span class='ocrx_word' id='word_1_621' title='bbox 2360 4022 2523 4078; x_wconf 88' lang='lat' dir='ltr'><strong>quam</strong></span> <span class='ocrx_word' id='word_1_622' title='bbox 2556 4015 2641 4063; x_wconf 90' lang='lat' dir='ltr'><strong>est</strong></span> <span class='ocrx_word' id='word_1_623' title='bbox 2668 4006 2992 4079; x_wconf 82' lang='lat' dir='ltr'><strong>Unigenitus</strong></span> <span class='ocrx_word' id='word_1_624' title='bbox 3016 4024 3047 4062; x_wconf 89' lang='lat' dir='ltr'><strong>a</strong></span> <span class='ocrx_word' id='word_1_625' title='bbox 3073 4007 3257 4063; x_wconf 89' lang='lat' dir='ltr'><strong>Patre.</strong></span> 
     </span>
    </p>
   </div>
   <div class='ocr_carea' id='block_1_87' title="bbox 2165 4178 3673 4257">
    <p class='ocr_par' dir='ltr' id='par_1_87' title="bbox 2165 4178 3673 4257">
     <span class='ocr_line' id='line_1_87' title="bbox 2165 4178 3673 4257; baseline 0.005 -23"><span class='ocrx_word' id='word_1_626' title='bbox 2165 4178 2331 4237; x_wconf 66' lang='lat' dir='ltr'><strong>Vens.</strong></span> <span class='ocrx_word' id='word_1_627' title='bbox 2373 4182 2458 4236; x_wconf 73' lang='grc'><strong>15.</strong></span> <span class='ocrx_word' id='word_1_628' title='bbox 2492 4180 2562 4236; x_wconf 85' lang='grc' dir='ltr'>Ει</span> <span class='ocrx_word' id='word_1_629' title='bbox 2608 4180 2982 4254; x_wconf 84' lang='lat' dir='ltr'><strong>gloriabuntur</strong></span> <span class='ocrx_word' id='word_1_630' title='bbox 3026 4185 3081 4238; x_wconf 90' lang='lat' dir='ltr'><strong>in</strong></span> <span class='ocrx_word' id='word_1_631' title='bbox 3120 4193 3168 4239; x_wconf 87' lang='lat' dir='ltr'><strong>te</strong></span> <span class='ocrx_word' id='word_1_632' title='bbox 3198 4185 3290 4256; x_wconf 89' lang='lat' dir='ltr'><strong>qui</strong></span> <span class='ocrx_word' id='word_1_633' title='bbox 3325 4184 3552 4257; x_wconf 88' lang='lat' dir='ltr'><strong>diligunt</strong></span> <span class='ocrx_word' id='word_1_634' title='bbox 3585 4205 3673 4241; x_wconf 86' lang='lat' dir='ltr'><strong>no.-</strong></span> 
     </span>
    </p>
   </div>
   <div class='ocr_carea' id='block_1_88' title="bbox 2094 4273 3669 4347">
    <p class='ocr_par' dir='ltr' id='par_1_88' title="bbox 2094 4273 3669 4347">
     <span class='ocr_line' id='line_1_88' title="bbox 2094 4273 3669 4347; baseline 0.003 -21"><span class='ocrx_word' id='word_1_635' title='bbox 2094 4289 2209 4327; x_wconf 84' lang='lat' dir='ltr'><strong>men</strong></span> <span class='ocrx_word' id='word_1_636' title='bbox 2262 4281 2434 4337; x_wconf 89' lang='lat' dir='ltr'><strong>tuum,</strong></span> <span class='ocrx_word' id='word_1_637' title='bbox 2464 4275 2713 4345; x_wconf 87' lang='lat' dir='ltr'><strong>quoniam</strong></span> <span class='ocrx_word' id='word_1_638' title='bbox 2767 4284 2822 4328; x_wconf 90' lang='lat' dir='ltr'><strong>tu</strong></span> <span class='ocrx_word' id='word_1_639' title='bbox 2864 4273 3130 4334; x_wconf 84' lang='lat' dir='ltr'><strong>benedices</strong></span> <span class='ocrx_word' id='word_1_640' title='bbox 3162 4274 3335 4345; x_wconf 86' lang='lat' dir='ltr'><strong>justo.</strong></span> <span class='ocrx_word' id='word_1_641' title='bbox 3365 4274 3501 4331; x_wconf 90' lang='lat' dir='ltr'><strong>Cum</strong></span> <span class='ocrx_word' id='word_1_642' title='bbox 3563 4277 3669 4347; x_wconf 78' lang='lat' dir='ltr'><strong>glo-</strong></span> 
     </span>
    </p>
   </div>
   <div class='ocr_carea' id='block_1_89' title="bbox 2092 4364 3674 4436">
    <p class='ocr_par' dir='ltr' id='par_1_89' title="bbox 2092 4364 3674 4436">
     <span class='ocr_line' id='line_1_89' title="bbox 2092 4364 3674 4436; baseline 0.005 -21"><span class='ocrx_word' id='word_1_643' title='bbox 2092 4364 2337 4418; x_wconf 87' lang='lat' dir='ltr'><strong>riationis</strong></span> <span class='ocrx_word' id='word_1_644' title='bbox 2368 4365 2596 4419; x_wconf 87' lang='lat' dir='ltr'><strong>verbum</strong></span> <span class='ocrx_word' id='word_1_645' title='bbox 2631 4366 2739 4433; x_wconf 89' lang='lat' dir='ltr'><strong>sit,</strong></span> <span class='ocrx_word' id='word_1_646' title='bbox 2787 4365 2856 4421; x_wconf 92' lang='lat' dir='ltr'><strong>de</strong></span> <span class='ocrx_word' id='word_1_647' title='bbox 2895 4380 3006 4436; x_wconf 93' lang='lat' dir='ltr'><strong>quo</strong></span> <span class='ocrx_word' id='word_1_648' title='bbox 3044 4367 3261 4422; x_wconf 89' lang='lat' dir='ltr'><strong>Paulus.</strong></span> <span class='ocrx_word' id='word_1_649' title='bbox 3289 4366 3366 4425; x_wconf 87' lang='lat' dir='ltr'><strong>ait</strong></span> <span class='ocrx_word' id='word_1_650' title='bbox 3403 4386 3423 4423; x_wconf 85' lang='lat'><strong>:</strong></span> <span class='ocrx_word' id='word_1_651' title='bbox 3477 4365 3674 4425; x_wconf 85' lang='lat' dir='ltr'><strong>Nullus</strong></span> 
     </span>
    </p>
   </div>
   <div class='ocr_carea' id='block_1_90' title="bbox 402 4452 1998 4549">
    <p class='ocr_par' dir='ltr' id='par_1_90' title="bbox 402 4459 1985 4549">
     <span class='ocr_line' id='line_1_90' title="bbox 402 4459 1985 4549; baseline 0.004 -34"><span class='ocrx_word' id='word_1_652' title='bbox 402 4459 475 4515; x_wconf 80' lang='grc' dir='ltr'>ἐν</span> <span class='ocrx_word' id='word_1_653' title='bbox 509 4460 862 4549; x_wconf 59' lang='grc' dir='ltr'>ἀνθρώποις,</span> <span class='ocrx_word' id='word_1_654' title='bbox 904 4462 999 4517; x_wconf 77' lang='grc' dir='ltr'><strong>καὶ</strong></span> <span class='ocrx_word' id='word_1_655' title='bbox 1041 4464 1070 4516; x_wconf 92' lang='lat'><strong>6</strong></span> <span class='ocrx_word' id='word_1_656' title='bbox 1102 4465 1388 4538; x_wconf 88' lang='grc' dir='ltr'>προφήτης</span> <span class='ocrx_word' id='word_1_657' title='bbox 1408 4482 1421 4495; x_wconf 80' lang='lat'><strong><em>°</em></strong></span> <span class='ocrx_word' id='word_1_658' title='bbox 1468 4465 1566 4534; x_wconf 81' lang='grc' dir='ltr'><strong>Μὴ</strong></span> <span class='ocrx_word' id='word_1_659' title='bbox 1603 4467 1927 4537; x_wconf 85' lang='grc' dir='ltr'>καυχάσθω</span> <span class='ocrx_word' id='word_1_660' title='bbox 1953 4469 1985 4522; x_wconf 85' lang='grc' dir='ltr'><strong>ό</strong></span> 
     </span>
    </p>
   </div>
   <div class='ocr_carea' id='block_1_91' title="bbox 2099 4452 3675 4549">
    <p class='ocr_par' dir='ltr' id='par_1_91' title="bbox 2099 4452 3675 4530">
     <span class='ocr_line' id='line_1_91' title="bbox 2099 4452 3675 4530; baseline 0.003 -24"><span class='ocrx_word' id='word_1_661' title='bbox 2099 4452 2344 4524; x_wconf 73' lang='lat' dir='ltr'><strong>glorietur</strong></span> <span class='ocrx_word' id='word_1_662' title='bbox 2373 4456 2427 4509; x_wconf 86' lang='lat' dir='ltr'><strong>in</strong></span> <span class='ocrx_word' id='word_1_663' title='bbox 2448 4455 2759 4515; x_wconf 74' lang='lat' dir='ltr'><strong>hominibus.</strong></span> <span class='ocrx_word' id='word_1_664' title='bbox 2785 4457 2860 4524; x_wconf 83' lang='grc'><strong>⁶⁶;</strong></span> <span class='ocrx_word' id='word_1_665' title='bbox 2890 4466 2944 4514; x_wconf 88' lang='lat' dir='ltr'><strong>et</strong></span> <span class='ocrx_word' id='word_1_666' title='bbox 2970 4458 3274 4530; x_wconf 81' lang='lat' dir='ltr'><strong>propheta:</strong></span> <span class='ocrx_word' id='word_1_667' title='bbox 3316 4456 3398 4513; x_wconf 86' lang='lat' dir='ltr'><strong>Ne</strong></span> <span class='ocrx_word' id='word_1_668' title='bbox 3419 4459 3675 4530; x_wconf 72' lang='lat' dir='ltr'><strong>glorietur</strong></span> 
     </span>
    </p>
   </div>
   <div class='ocr_carea' id='block_1_92' title="bbox 405 4546 1983 4629">
    <p class='ocr_par' dir='ltr' id='par_1_92' title="bbox 405 4546 1983 4629">
     <span class='ocr_line' id='line_1_92' title="bbox 405 4546 1983 4629; baseline 0.004 -25"><span class='ocrx_word' id='word_1_669' title='bbox 405 4548 599 4618; x_wconf 73' lang='grc' dir='ltr'>σοφὸς</span> <span class='ocrx_word' id='word_1_670' title='bbox 626 4548 697 4602; x_wconf 83' lang='grc' dir='ltr'>ἐν</span> <span class='ocrx_word' id='word_1_671' title='bbox 728 4546 799 4619; x_wconf 79' lang='grc' dir='ltr'>τῇ</span> <span class='ocrx_word' id='word_1_672' title='bbox 823 4549 1011 4619; x_wconf 70' lang='grc' dir='ltr'>σοφίᾳ</span> <span class='ocrx_word' id='word_1_673' title='bbox 1036 4550 1243 4616; x_wconf 86' lang='grc' dir='ltr'>αὐτοῦ,</span> <span class='ocrx_word' id='word_1_674' title='bbox 1276 4551 1463 4608; x_wconf 75' lang='grc' dir='ltr'>καὶτὰ</span> <span class='ocrx_word' id='word_1_675' title='bbox 1485 4553 1614 4625; x_wconf 77' lang='grc' dir='ltr'>ἑξῆς</span> <span class='ocrx_word' id='word_1_676' title='bbox 1632 4573 1646 4585; x_wconf 90' lang='grc'><strong>·</strong></span> <span class='ocrx_word' id='word_1_677' title='bbox 1671 4555 1733 4608; x_wconf 82' lang='grc' dir='ltr'><strong>οὐ</strong></span> <span class='ocrx_word' id='word_1_678' title='bbox 1760 4554 1983 4629; x_wconf 82' lang='grc' dir='ltr'>τοιαύτη</span> 
     </span>
    </p>
   </div>
   <div class='ocr_carea' id='block_1_93' title="bbox 402 4639 1988 4719">
    <p class='ocr_par' dir='ltr' id='par_1_93' title="bbox 402 4639 1988 4719">
     <span class='ocr_line' id='line_1_93' title="bbox 402 4639 1988 4719; baseline 0.007 -25"><span class='ocrx_word' id='word_1_679' title='bbox 402 4641 662 4712; x_wconf 87' lang='grc' dir='ltr'>τυγχάνει</span> <span class='ocrx_word' id='word_1_680' title='bbox 689 4642 723 4713; x_wconf 78' lang='grc' dir='ltr'><strong>ἡ</strong></span> <span class='ocrx_word' id='word_1_681' title='bbox 747 4639 842 4696; x_wconf 91' lang='grc' dir='ltr'><strong>τοῦ</strong></span> <span class='ocrx_word' id='word_1_682' title='bbox 871 4641 1120 4711; x_wconf 63' lang='grc' dir='ltr'>λέιγοντος</span> <span class='ocrx_word' id='word_1_683' title='bbox 1139 4660 1152 4674; x_wconf 92' lang='grc'><strong>·</strong></span> <span class='ocrx_word' id='word_1_684' title='bbox 1193 4645 1354 4714; x_wconf 80' lang='grc' dir='ltr'>Ἐμοὶ</span> <span class='ocrx_word' id='word_1_685' title='bbox 1372 4645 1441 4700; x_wconf 85' lang='grc' dir='ltr'>δὲ</span> <span class='ocrx_word' id='word_1_686' title='bbox 1465 4646 1546 4717; x_wconf 79' lang='grc' dir='ltr'>μὴ</span> <span class='ocrx_word' id='word_1_687' title='bbox 1577 4646 1813 4719; x_wconf 78' lang='grc' dir='ltr'>γένοιτο</span> <span class='ocrx_word' id='word_1_688' title='bbox 1845 4666 1988 4705; x_wconf 86' lang='grc' dir='ltr'>καυ-</span> 
     </span>
    </p>
   </div>
   <div class='ocr_carea' id='block_1_94' title="bbox 402 4732 1989 4811">
    <p class='ocr_par' dir='ltr' id='par_1_94' title="bbox 402 4732 1989 4811">
     <span class='ocr_line' id='line_1_94' title="bbox 402 4732 1989 4811; baseline 0.004 -22"><span class='ocrx_word' id='word_1_689' title='bbox 402 4734 627 4805; x_wconf 84' lang='grc' dir='ltr'>χᾶσθαι</span> <span class='ocrx_word' id='word_1_690' title='bbox 667 4736 719 4788; x_wconf 83' lang='grc' dir='ltr'>ει</span> <span class='ocrx_word' id='word_1_691' title='bbox 763 4732 851 4804; x_wconf 81' lang='grc' dir='ltr'>μὴ</span> <span class='ocrx_word' id='word_1_692' title='bbox 896 4735 967 4789; x_wconf 82' lang='grc' dir='ltr'>ἐν</span> <span class='ocrx_word' id='word_1_693' title='bbox 998 4734 1079 4802; x_wconf 86' lang='grc' dir='ltr'>τῷ</span> <span class='ocrx_word' id='word_1_694' title='bbox 1120 4736 1361 4806; x_wconf 83' lang='grc' dir='ltr'>σταυρῷ</span> <span class='ocrx_word' id='word_1_695' title='bbox 1403 4738 1511 4794; x_wconf 83' lang='grc' dir='ltr'><strong>τοῦ</strong></span> <span class='ocrx_word' id='word_1_696' title='bbox 1552 4740 1776 4808; x_wconf 86' lang='grc' dir='ltr'>Κυρίου</span> <span class='ocrx_word' id='word_1_697' title='bbox 1817 4739 1989 4811; x_wconf 80' lang='grc' dir='ltr'>ἡμῶν</span> 
     </span>
    </p>
   </div>
   <div class='ocr_carea' id='block_1_95' title="bbox 416 4825 1988 4902">
    <p class='ocr_par' dir='ltr' id='par_1_95' title="bbox 416 4825 1988 4902">
     <span class='ocr_line' id='line_1_95' title="bbox 416 4825 1988 4902; baseline 0.005 -22"><span class='ocrx_word' id='word_1_698' title='bbox 416 4826 623 4894; x_wconf 86' lang='grc' dir='ltr'>Ἰησοῦ</span> <span class='ocrx_word' id='word_1_699' title='bbox 645 4825 937 4895; x_wconf 85' lang='grc' dir='ltr'>Χριστοῦ·</span> <span class='ocrx_word' id='word_1_700' title='bbox 985 4828 1119 4891; x_wconf 78' lang='grc' dir='ltr'>’καὶ,</span> <span class='ocrx_word' id='word_1_701' title='bbox 1159 4828 1214 4881; x_wconf 89' lang='lat'><strong>&#39;0</strong></span> <span class='ocrx_word' id='word_1_702' title='bbox 1253 4829 1659 4902; x_wconf 59' lang='grc' dir='ltr'>καυχώμενος,</span> <span class='ocrx_word' id='word_1_703' title='bbox 1688 4831 1759 4884; x_wconf 84' lang='grc' dir='ltr'>ἐν</span> <span class='ocrx_word' id='word_1_704' title='bbox 1786 4832 1988 4902; x_wconf 83' lang='grc' dir='ltr'>Κυρίῳ</span> 
     </span>
    </p>
   </div>
   <div class='ocr_carea' id='block_1_96' title="bbox 404 4899 1986 4994">
    <p class='ocr_par' dir='ltr' id='par_1_96' title="bbox 404 4899 1986 4994">
     <span class='ocr_line' id='line_1_96' title="bbox 404 4899 1986 4994; baseline 0.003 -22"><span class='ocrx_word' id='word_1_705' title='bbox 404 4916 749 4988; x_wconf 85' lang='grc' dir='ltr'>καυχάσθω.</span> <span class='ocrx_word' id='word_1_706' title='bbox 782 4918 1025 4974; x_wconf 88' lang='grc' dir='ltr'>Τοιοῦτοι</span> <span class='ocrx_word' id='word_1_707' title='bbox 1076 4920 1204 4990; x_wconf 82' lang='grc' dir='ltr'>περὶ</span> <span class='ocrx_word' id='word_1_708' title='bbox 1253 4912 1329 4974; x_wconf 82' lang='grc' dir='ltr'>ὧν</span> <span class='ocrx_word' id='word_1_709' title='bbox 1355 4922 1385 4974; x_wconf 89' lang='grc' dir='ltr'><strong>ό</strong></span> <span class='ocrx_word' id='word_1_710' title='bbox 1413 4899 1591 4991; x_wconf 43' lang='grc' dir='ltr'>λὸᾯος,</span> <span class='ocrx_word' id='word_1_711' title='bbox 1619 4899 1986 4994; x_wconf 77' lang='grc' dir='ltr'>ἠγαπηκότων</span> 
     </span>
    </p>
   </div>
   <div class='ocr_carea' id='block_1_97' title="bbox 401 5009 1985 5086">
    <p class='ocr_par' dir='ltr' id='par_1_97' title="bbox 401 5009 1985 5086">
     <span class='ocr_line' id='line_1_97' title="bbox 401 5009 1985 5086; baseline 0.002 -22"><span class='ocrx_word' id='word_1_712' title='bbox 401 5010 568 5074; x_wconf 78' lang='grc' dir='ltr'>αὑτοῦ</span> <span class='ocrx_word' id='word_1_713' title='bbox 613 5010 675 5063; x_wconf 86' lang='grc' dir='ltr'><strong>τὸ</strong></span> <span class='ocrx_word' id='word_1_714' title='bbox 725 5009 914 5081; x_wconf 77' lang='grc' dir='ltr'>ὄνομα.</span> <span class='ocrx_word' id='word_1_715' title='bbox 964 5011 1288 5084; x_wconf 84' lang='grc' dir='ltr'>Προαιρέσει</span> <span class='ocrx_word' id='word_1_716' title='bbox 1327 5012 1456 5084; x_wconf 86' lang='grc' dir='ltr'>γὰρ,</span> <span class='ocrx_word' id='word_1_717' title='bbox 1479 5013 1540 5066; x_wconf 84' lang='grc' dir='ltr'><strong>οὐ</strong></span> <span class='ocrx_word' id='word_1_718' title='bbox 1565 5013 1985 5086; x_wconf 82' lang='grc' dir='ltr'>φόόῳ,τετιμη-</span> 
     </span>
    </p>
   </div>
   <div class='ocr_carea' id='block_1_98' title="bbox 403 5101 1983 5175">
    <p class='ocr_par' dir='ltr' id='par_1_98' title="bbox 403 5101 1983 5175">
     <span class='ocr_line' id='line_1_98' title="bbox 403 5101 1983 5175; baseline 0.001 -17"><span class='ocrx_word' id='word_1_719' title='bbox 403 5103 562 5167; x_wconf 81' lang='grc' dir='ltr'>κότες</span> <span class='ocrx_word' id='word_1_720' title='bbox 619 5101 948 5173; x_wconf 80' lang='grc' dir='ltr'>ἐκαυχῶντο.</span> <span class='ocrx_word' id='word_1_721' title='bbox 978 5101 1161 5158; x_wconf 75' lang='grc' dir='ltr'>Αἴτιον</span> <span class='ocrx_word' id='word_1_722' title='bbox 1183 5103 1239 5157; x_wconf 89' lang='grc' dir='ltr'><strong>δὲ</strong></span> <span class='ocrx_word' id='word_1_723' title='bbox 1271 5103 1380 5173; x_wconf 83' lang='grc' dir='ltr'><strong>τῆς</strong></span> <span class='ocrx_word' id='word_1_724' title='bbox 1405 5103 1761 5175; x_wconf 83' lang='grc' dir='ltr'>καυχήσεως</span> <span class='ocrx_word' id='word_1_725' title='bbox 1784 5106 1846 5160; x_wconf 85' lang='grc' dir='ltr'><strong>τὸ</strong></span> <span class='ocrx_word' id='word_1_726' title='bbox 1871 5106 1983 5160; x_wconf 84' lang='grc' dir='ltr'><strong>τῶν</strong></span> 
     </span>
    </p>
   </div>
   <div class='ocr_carea' id='block_1_99' title="bbox 402 5190 1985 5271">
    <p class='ocr_par' dir='ltr' id='par_1_99' title="bbox 402 5190 1985 5271">
     <span class='ocr_line' id='line_1_99' title="bbox 402 5190 1985 5271; baseline 0.003 -22"><span class='ocrx_word' id='word_1_727' title='bbox 402 5194 738 5266; x_wconf 71' lang='grc' dir='ltr'>ἐπουρανίων</span> <span class='ocrx_word' id='word_1_728' title='bbox 785 5195 1073 5265; x_wconf 70' lang='grc' dir='ltr'>τυγχάνειν</span> <span class='ocrx_word' id='word_1_729' title='bbox 1120 5195 1379 5266; x_wconf 81' lang='grc' dir='ltr'>εὐλογιῶν</span> <span class='ocrx_word' id='word_1_730' title='bbox 1403 5214 1417 5227; x_wconf 80' lang='grc'><strong>’</strong></span> <span class='ocrx_word' id='word_1_731' title='bbox 1463 5199 1592 5270; x_wconf 75' lang='grc' dir='ltr'>περὶ</span> <span class='ocrx_word' id='word_1_732' title='bbox 1639 5190 1714 5251; x_wconf 83' lang='grc' dir='ltr'>ὧν</span> <span class='ocrx_word' id='word_1_733' title='bbox 1755 5216 1919 5271; x_wconf 84' lang='grc' dir='ltr'>φησιν</span> <span class='ocrx_word' id='word_1_734' title='bbox 1955 5202 1985 5253; x_wconf 95' lang='lat'><strong>6</strong></span> 
     </span>
    </p>
   </div>
   <div class='ocr_carea' id='block_1_100' title="bbox 332 5273 1984 5361">
    <p class='ocr_par' dir='ltr' id='par_1_100' title="bbox 332 5273 1984 5361">
     <span class='ocr_line' id='line_1_100' title="bbox 332 5273 1984 5361; baseline 0.003 -20"><span class='ocrx_word' id='word_1_735' title='bbox 332 5273 342 5282; x_wconf 66' lang='grc'><em>’</em></span> <span class='ocrx_word' id='word_1_736' title='bbox 414 5287 734 5350; x_wconf 75' lang='grc' dir='ltr'>’Δπόστολος</span> <span class='ocrx_word' id='word_1_737' title='bbox 751 5303 764 5317; x_wconf 88' lang='grc'><strong>·</strong></span> <span class='ocrx_word' id='word_1_738' title='bbox 784 5287 1194 5357; x_wconf 74' lang='grc' dir='ltr'>Εὑλοτητὸςό</span> <span class='ocrx_word' id='word_1_739' title='bbox 1220 5287 1367 5354; x_wconf 83' lang='grc' dir='ltr'>Θεὸς</span> <span class='ocrx_word' id='word_1_740' title='bbox 1395 5291 1429 5342; x_wconf 87' lang='grc' dir='ltr'><strong>ό</strong></span> <span class='ocrx_word' id='word_1_741' title='bbox 1457 5287 1802 5358; x_wconf 72' lang='grc' dir='ltr'>εὐλογήσας</span> <span class='ocrx_word' id='word_1_742' title='bbox 1826 5289 1984 5361; x_wconf 73' lang='grc' dir='ltr'>ἡμᾶς</span> 
     </span>
    </p>
   </div>
   <div class='ocr_carea' id='block_1_101' title="bbox 398 5377 1977 5451">
    <p class='ocr_par' dir='ltr' id='par_1_101' title="bbox 398 5377 1977 5451">
     <span class='ocr_line' id='line_1_101' title="bbox 398 5377 1977 5451; baseline 0.003 -17"><span class='ocrx_word' id='word_1_743' title='bbox 398 5377 471 5434; x_wconf 80' lang='grc' dir='ltr'>ἐν</span> <span class='ocrx_word' id='word_1_744' title='bbox 494 5377 662 5448; x_wconf 79' lang='grc' dir='ltr'>πάσῃ</span> <span class='ocrx_word' id='word_1_745' title='bbox 682 5378 926 5449; x_wconf 78' lang='grc' dir='ltr'>εὐλογίᾳ</span> <span class='ocrx_word' id='word_1_746' title='bbox 951 5380 1324 5450; x_wconf 77' lang='grc' dir='ltr'>πνευματικῇ</span> <span class='ocrx_word' id='word_1_747' title='bbox 1342 5381 1412 5439; x_wconf 78' lang='grc' dir='ltr'>ἐν</span> <span class='ocrx_word' id='word_1_748' title='bbox 1436 5381 1562 5448; x_wconf 84' lang='grc' dir='ltr'>τοῖς</span> <span class='ocrx_word' id='word_1_749' title='bbox 1578 5381 1977 5451; x_wconf 77' lang='grc' dir='ltr'>ἐπουρανίοις.</span> 
     </span>
    </p>
   </div>
   <div class='ocr_carea' id='block_1_102' title="bbox 400 5469 1985 5547">
    <p class='ocr_par' dir='ltr' id='par_1_102' title="bbox 400 5469 1985 5547">
     <span class='ocr_line' id='line_1_102' title="bbox 400 5469 1985 5547; baseline 0 -19"><span class='ocrx_word' id='word_1_750' title='bbox 400 5471 515 5528; x_wconf 77' lang='grc' dir='ltr'><strong>Καὶ</strong></span> <span class='ocrx_word' id='word_1_751' title='bbox 545 5469 696 5533; x_wconf 78' lang='grc' dir='ltr'>τέλος</span> <span class='ocrx_word' id='word_1_752' title='bbox 737 5469 794 5524; x_wconf 86' lang='grc' dir='ltr'>δὲ</span> <span class='ocrx_word' id='word_1_753' title='bbox 835 5470 1056 5538; x_wconf 85' lang='grc' dir='ltr'>ἀγαθῶν</span> <span class='ocrx_word' id='word_1_754' title='bbox 1094 5471 1195 5542; x_wconf 86' lang='grc' dir='ltr'><strong>τῆς</strong></span> <span class='ocrx_word' id='word_1_755' title='bbox 1229 5470 1985 5547; x_wconf 72' lang='grc' dir='ltr'>ὲλπιξομένηςκληρονομίας</span> 
     </span>
    </p>
   </div>
   <div class='ocr_carea' id='block_1_103' title="bbox 473 5648 1998 5724">
    <p class='ocr_par' dir='ltr' id='par_1_103' title="bbox 473 5648 1980 5724">
     <span class='ocr_line' id='line_1_103' title="bbox 473 5648 1980 5724; baseline -0.018 -19"><span class='ocrx_word' id='word_1_756' title='bbox 473 5648 703 5724; x_wconf 69' lang='lat' dir='ltr'><strong>&quot;_Psal.</strong></span> <span class='ocrx_word' id='word_1_757' title='bbox 742 5665 917 5724; x_wconf 63' lang='lat' dir='ltr'><strong>xerit,</strong></span> <span class='ocrx_word' id='word_1_758' title='bbox 946 5650 1062 5724; x_wconf 24' lang='lat' dir='ltr'><strong>ll.”</strong></span> <span class='ocrx_word' id='word_1_759' title='bbox 1110 5648 1344 5724; x_wconf 46' lang='grc' dir='ltr'><strong>φξοαῃ,</strong></span> <span class='ocrx_word' id='word_1_760' title='bbox 1381 5668 1434 5715; x_wconf 56' lang='grc' dir='ltr'><strong>ι,</strong></span> <span class='ocrx_word' id='word_1_761' title='bbox 1471 5652 1558 5710; x_wconf 53' lang='grc' dir='ltr'><strong>η,</strong></span> <span class='ocrx_word' id='word_1_762' title='bbox 1638 5654 1685 5689; x_wconf 74' lang='grc' dir='ltr'>οι</span> <span class='ocrx_word' id='word_1_763' title='bbox 1723 5654 1854 5714; x_wconf 46' lang='lat' dir='ltr'><strong>ibid.</strong></span> <span class='ocrx_word' id='word_1_764' title='bbox 1934 5655 1980 5688; x_wconf 63' lang='grc' dir='ltr'><strong>ε,</strong></span> 
     </span>
    </p>
   </div>
   <div class='ocr_carea' id='block_1_104' title="bbox 2099 5648 3059 5724">
    <p class='ocr_par' dir='ltr' id='par_1_104' title="bbox 2099 5654 3059 5724">
     <span class='ocr_line' id='line_1_104' title="bbox 2099 5654 3059 5724; baseline 0.003 -10"><span class='ocrx_word' id='word_1_765' title='bbox 2099 5654 2219 5714; x_wconf 73' lang='lat' dir='ltr'><strong>Cor.</strong></span> <span class='ocrx_word' id='word_1_766' title='bbox 2260 5672 2290 5713; x_wconf 76' lang='grc' dir='ltr'><strong>χ</strong></span> <span class='ocrx_word' id='word_1_767' title='bbox 2318 5696 2332 5724; x_wconf 86' lang='grc'><strong>,</strong></span> <span class='ocrx_word' id='word_1_768' title='bbox 2374 5656 2463 5716; x_wconf 80' lang='grc'><strong>16.</strong></span> <span class='ocrx_word' id='word_1_769' title='bbox 2536 5656 2581 5690; x_wconf 77' lang='grc'><strong>⁸⁸</strong></span> <span class='ocrx_word' id='word_1_770' title='bbox 2620 5657 2640 5712; x_wconf 89' lang='grc'><strong>1</strong></span> <span class='ocrx_word' id='word_1_771' title='bbox 2673 5659 2801 5713; x_wconf 80' lang='lat' dir='ltr'><strong>Cor.</strong></span> <span class='ocrx_word' id='word_1_772' title='bbox 2840 5675 2931 5721; x_wconf 82' lang='lat' dir='ltr'><strong>Ill,</strong></span> <span class='ocrx_word' id='word_1_773' title='bbox 2966 5659 3059 5717; x_wconf 68' lang='lat'><strong>2|.</strong></span> 
     </span>
    </p>
   </div>
   <div class='ocr_carea' id='block_1_105' title="bbox 406 5719 1506 5790">
    <p class='ocr_par' dir='ltr' id='par_1_105' title="bbox 406 5719 1506 5790">
     <span class='ocr_line' id='line_1_105' title="bbox 406 5719 1506 5790; baseline 0.003 -17"><span class='ocrx_word' id='word_1_774' title='bbox 406 5719 479 5754; x_wconf 82' lang='lat'><strong>&quot;&quot;</strong></span> <span class='ocrx_word' id='word_1_775' title='bbox 516 5719 691 5778; x_wconf 86' lang='lat' dir='ltr'><strong>Galat.</strong></span> <span class='ocrx_word' id='word_1_776' title='bbox 727 5738 817 5787; x_wconf 73' lang='lat' dir='ltr'><strong>Vl,</strong></span> <span class='ocrx_word' id='word_1_777' title='bbox 860 5721 946 5777; x_wconf 76' lang='lat' dir='ltr'><strong>H‘.</strong></span> <span class='ocrx_word' id='word_1_778' title='bbox 1023 5721 1067 5754; x_wconf 78' lang='lat'><strong>&quot;&#39;</strong></span> <span class='ocrx_word' id='word_1_779' title='bbox 1109 5723 1127 5776; x_wconf 93' lang='lat' dir='ltr'><strong>l</strong></span> <span class='ocrx_word' id='word_1_780' title='bbox 1161 5722 1289 5778; x_wconf 88' lang='lat' dir='ltr'><strong>Cor.</strong></span> <span class='ocrx_word' id='word_1_781' title='bbox 1329 5741 1382 5790; x_wconf 83' lang='grc' dir='ltr'><strong>ι,</strong></span> <span class='ocrx_word' id='word_1_782' title='bbox 1417 5724 1506 5779; x_wconf 58' lang='grc' dir='ltr'><strong>ὄις</strong></span> 
     </span>
    </p>
   </div>
   <div class='ocr_carea' id='block_1_106' title="bbox 2092 4547 3671 4624">
    <p class='ocr_par' dir='ltr' id='par_1_106' title="bbox 2092 4547 3671 4624">
     <span class='ocr_line' id='line_1_106' title="bbox 2092 4547 3671 4624; baseline 0.004 -24"><span class='ocrx_word' id='word_1_783' title='bbox 2092 4547 2300 4615; x_wconf 88' lang='lat' dir='ltr'><strong>sapiens</strong></span> <span class='ocrx_word' id='word_1_784' title='bbox 2336 4549 2391 4602; x_wconf 86' lang='lat' dir='ltr'><strong>in</strong></span> <span class='ocrx_word' id='word_1_785' title='bbox 2442 4548 2706 4618; x_wconf 84' lang='lat' dir='ltr'><strong>sapientia</strong></span> <span class='ocrx_word' id='word_1_786' title='bbox 2737 4566 2838 4610; x_wconf 85' lang='lat' dir='ltr'><strong>sua</strong></span> <span class='ocrx_word' id='word_1_787' title='bbox 2868 4550 2947 4615; x_wconf 81' lang='lat'><strong>&quot;,</strong></span> <span class='ocrx_word' id='word_1_788' title='bbox 2982 4561 3036 4606; x_wconf 90' lang='lat' dir='ltr'><strong>et</strong></span> <span class='ocrx_word' id='word_1_789' title='bbox 3070 4551 3311 4622; x_wconf 87' lang='lat' dir='ltr'><strong>reliqua;</strong></span> <span class='ocrx_word' id='word_1_790' title='bbox 3336 4567 3446 4613; x_wconf 89' lang='lat' dir='ltr'><strong>non</strong></span> <span class='ocrx_word' id='word_1_791' title='bbox 3481 4553 3671 4624; x_wconf 48' lang='lat' dir='ltr'><strong>hujus:</strong></span> 
     </span>
    </p>
   </div>
   <div class='ocr_carea' id='block_1_107' title="bbox 2092 4639 3672 4714">
    <p class='ocr_par' dir='ltr' id='par_1_107' title="bbox 2092 4639 3672 4714">
     <span class='ocr_line' id='line_1_107' title="bbox 2092 4639 3672 4714; baseline 0.005 -20"><span class='ocrx_word' id='word_1_792' title='bbox 2092 4639 2240 4695; x_wconf 90' lang='lat' dir='ltr'><strong>modi</strong></span> <span class='ocrx_word' id='word_1_793' title='bbox 2266 4656 2401 4696; x_wconf 88' lang='lat' dir='ltr'><strong>sane</strong></span> <span class='ocrx_word' id='word_1_794' title='bbox 2420 4641 2597 4713; x_wconf 77' lang='lat' dir='ltr'><strong>gloria</strong></span> <span class='ocrx_word' id='word_1_795' title='bbox 2639 4641 2760 4711; x_wconf 90' lang='lat' dir='ltr'><strong>ejus</strong></span> <span class='ocrx_word' id='word_1_796' title='bbox 2807 4649 2912 4708; x_wconf 89' lang='lat' dir='ltr'><strong>est,</strong></span> <span class='ocrx_word' id='word_1_797' title='bbox 2935 4642 3040 4714; x_wconf 79' lang='lat' dir='ltr'><strong>qui</strong></span> <span class='ocrx_word' id='word_1_798' title='bbox 3067 4644 3149 4705; x_wconf 85' lang='lat' dir='ltr'><strong>sic</strong></span> <span class='ocrx_word' id='word_1_799' title='bbox 3179 4644 3255 4698; x_wconf 91' lang='lat' dir='ltr'><strong>ait</strong></span> <span class='ocrx_word' id='word_1_800' title='bbox 3291 4662 3305 4697; x_wconf 90' lang='lat'><strong>:</strong></span> <span class='ocrx_word' id='word_1_801' title='bbox 3330 4643 3467 4699; x_wconf 78' lang='lat' dir='ltr'><strong>Mihi</strong></span> <span class='ocrx_word' id='word_1_802' title='bbox 3498 4657 3672 4702; x_wconf 86' lang='lat' dir='ltr'><strong>autem</strong></span> 
     </span>
    </p>
   </div>
   <div class='ocr_carea' id='block_1_108' title="bbox 2091 4730 3671 4803">
    <p class='ocr_par' dir='ltr' id='par_1_108' title="bbox 2091 4730 3671 4803">
     <span class='ocr_line' id='line_1_108' title="bbox 2091 4730 3671 4803; baseline 0.006 -19"><span class='ocrx_word' id='word_1_803' title='bbox 2091 4730 2230 4785; x_wconf 85' lang='lat' dir='ltr'><strong>absit</strong></span> <span class='ocrx_word' id='word_1_804' title='bbox 2278 4731 2536 4803; x_wconf 78' lang='lat' dir='ltr'><strong>gloriari,</strong></span> <span class='ocrx_word' id='word_1_805' title='bbox 2577 4734 2683 4788; x_wconf 79' lang='lat' dir='ltr'><strong>nisi</strong></span> <span class='ocrx_word' id='word_1_806' title='bbox 2724 4735 2778 4788; x_wconf 89' lang='lat' dir='ltr'><strong>in</strong></span> <span class='ocrx_word' id='word_1_807' title='bbox 2837 4751 2989 4789; x_wconf 86' lang='lat' dir='ltr'><strong>cruce</strong></span> <span class='ocrx_word' id='word_1_808' title='bbox 3043 4734 3255 4793; x_wconf 86' lang='lat' dir='ltr'><strong>Domini</strong></span> <span class='ocrx_word' id='word_1_809' title='bbox 3310 4737 3479 4790; x_wconf 87' lang='lat' dir='ltr'><strong>nostri</strong></span> <span class='ocrx_word' id='word_1_810' title='bbox 3542 4735 3671 4795; x_wconf 83' lang='lat' dir='ltr'><strong>Jesu</strong></span> 
     </span>
    </p>
   </div>
   <div class='ocr_carea' id='block_1_109' title="bbox 2092 4821 3669 4900">
    <p class='ocr_par' dir='ltr' id='par_1_109' title="bbox 2092 4821 3669 4900">
     <span class='ocr_line' id='line_1_109' title="bbox 2092 4821 3669 4900; baseline 0.004 -22"><span class='ocrx_word' id='word_1_811' title='bbox 2092 4821 2291 4879; x_wconf 80' lang='lat' dir='ltr'><strong>Christi</strong></span> <span class='ocrx_word' id='word_1_812' title='bbox 2321 4825 2412 4893; x_wconf 73' lang='lat'><strong>‘7&#39;;</strong></span> <span class='ocrx_word' id='word_1_813' title='bbox 2436 4832 2534 4884; x_wconf 78' lang='lat' dir='ltr'><strong>eL:</strong></span> <span class='ocrx_word' id='word_1_814' title='bbox 2562 4826 2667 4893; x_wconf 86' lang='lat' dir='ltr'><strong>Qui</strong></span> <span class='ocrx_word' id='word_1_815' title='bbox 2701 4828 2964 4899; x_wconf 85' lang='lat' dir='ltr'><strong>gloriatur</strong></span> <span class='ocrx_word' id='word_1_816' title='bbox 2983 4828 3039 4881; x_wconf 89' lang='lat' dir='ltr'><strong>in</strong></span> <span class='ocrx_word' id='word_1_817' title='bbox 3069 4827 3299 4887; x_wconf 65' lang='lat' dir='ltr'><strong>Domino,</strong></span> <span class='ocrx_word' id='word_1_818' title='bbox 3333 4828 3588 4900; x_wconf 83' lang='lat' dir='ltr'><strong>glorietur</strong></span> <span class='ocrx_word' id='word_1_819' title='bbox 3605 4830 3669 4884; x_wconf 76' lang='grc'><strong>⁸⁸.</strong></span> 
     </span>
    </p>
   </div>
   <div class='ocr_carea' id='block_1_110' title="bbox 2091 4916 3669 4992">
    <p class='ocr_par' dir='ltr' id='par_1_110' title="bbox 2091 4916 3669 4992">
     <span class='ocr_line' id='line_1_110' title="bbox 2091 4916 3669 4992; baseline 0.003 -20"><span class='ocrx_word' id='word_1_820' title='bbox 2091 4916 2253 4975; x_wconf 90' lang='lat' dir='ltr'><strong>Tales</strong></span> <span class='ocrx_word' id='word_1_821' title='bbox 2280 4919 2318 4974; x_wconf 91' lang='lat' dir='ltr'><strong>ii</strong></span> <span class='ocrx_word' id='word_1_822' title='bbox 2350 4928 2478 4976; x_wconf 89' lang='lat' dir='ltr'><strong>sunt</strong></span> <span class='ocrx_word' id='word_1_823' title='bbox 2517 4920 2584 4975; x_wconf 92' lang='lat' dir='ltr'><strong>de</strong></span> <span class='ocrx_word' id='word_1_824' title='bbox 2610 4921 2812 4991; x_wconf 89' lang='lat' dir='ltr'><strong>quibus</strong></span> <span class='ocrx_word' id='word_1_825' title='bbox 2827 4921 2940 4991; x_wconf 89' lang='lat' dir='ltr'><strong>jam</strong></span> <span class='ocrx_word' id='word_1_826' title='bbox 2976 4936 3158 4979; x_wconf 83' lang='lat' dir='ltr'><strong>sermo</strong></span> <span class='ocrx_word' id='word_1_827' title='bbox 3191 4928 3297 4986; x_wconf 81' lang='lat' dir='ltr'><strong>est,</strong></span> <span class='ocrx_word' id='word_1_828' title='bbox 3322 4922 3418 4992; x_wconf 91' lang='lat' dir='ltr'><strong>qui</strong></span> <span class='ocrx_word' id='word_1_829' title='bbox 3462 4924 3669 4980; x_wconf 85' lang='lat' dir='ltr'><strong>scilicet</strong></span> 
     </span>
    </p>
   </div>
   <div class='ocr_carea' id='block_1_111' title="bbox 2090 5011 3670 5084">
    <p class='ocr_par' dir='ltr' id='par_1_111' title="bbox 2090 5011 3670 5084">
     <span class='ocr_line' id='line_1_111' title="bbox 2090 5011 3670 5084; baseline 0.005 -20"><span class='ocrx_word' id='word_1_830' title='bbox 2090 5011 2401 5071; x_wconf 79' lang='lat' dir='ltr'><strong>dilexerunt</strong></span> <span class='ocrx_word' id='word_1_831' title='bbox 2437 5028 2659 5069; x_wconf 90' lang='lat' dir='ltr'><strong>nomen.</strong></span> <span class='ocrx_word' id='word_1_832' title='bbox 2686 5012 2853 5084; x_wconf 61' lang='lat' dir='ltr'><strong>ejus.</strong></span> <span class='ocrx_word' id='word_1_833' title='bbox 2891 5012 3120 5083; x_wconf 83' lang='lat' dir='ltr'><strong>Proprio</strong></span> <span class='ocrx_word' id='word_1_834' title='bbox 3172 5015 3319 5070; x_wconf 90' lang='lat' dir='ltr'><strong>enim</strong></span> <span class='ocrx_word' id='word_1_835' title='bbox 3371 5014 3670 5073; x_wconf 84' lang='lat' dir='ltr'><strong>voluntatis</strong></span> 
     </span>
    </p>
   </div>
   <div class='ocr_carea' id='block_1_112' title="bbox 2087 5104 3667 5180">
    <p class='ocr_par' dir='ltr' id='par_1_112' title="bbox 2087 5104 3667 5180">
     <span class='ocr_line' id='line_1_112' title="bbox 2087 5104 3667 5180; baseline 0.003 -21"><span class='ocrx_word' id='word_1_836' title='bbox 2087 5104 2324 5171; x_wconf 90' lang='lat' dir='ltr'><strong>delectu,</strong></span> <span class='ocrx_word' id='word_1_837' title='bbox 2360 5122 2471 5161; x_wconf 92' lang='lat' dir='ltr'><strong>non</strong></span> <span class='ocrx_word' id='word_1_838' title='bbox 2498 5115 2687 5164; x_wconf 79' lang='lat' dir='ltr'><strong>autem.</strong></span> <span class='ocrx_word' id='word_1_839' title='bbox 2711 5107 2931 5174; x_wconf 87' lang='lat' dir='ltr'><strong>timore,</strong></span> <span class='ocrx_word' id='word_1_840' title='bbox 2969 5105 3137 5161; x_wconf 87' lang='lat' dir='ltr'><strong>Deum</strong></span> <span class='ocrx_word' id='word_1_841' title='bbox 3189 5108 3433 5165; x_wconf 87' lang='lat' dir='ltr'><strong>colentes</strong></span> <span class='ocrx_word' id='word_1_842' title='bbox 3467 5108 3667 5180; x_wconf 77' lang='lat' dir='ltr'><strong>gloria-</strong></span> 
     </span>
    </p>
   </div>
   <div class='ocr_carea' id='block_1_113' title="bbox 2086 5196 3660 5269">
    <p class='ocr_par' dir='ltr' id='par_1_113' title="bbox 2086 5196 3660 5269">
     <span class='ocr_line' id='line_1_113' title="bbox 2086 5196 3660 5269; baseline 0.001 -16"><span class='ocrx_word' id='word_1_843' title='bbox 2086 5196 2306 5255; x_wconf 83' lang='lat' dir='ltr'><strong>bantur.</strong></span> <span class='ocrx_word' id='word_1_844' title='bbox 2343 5196 2514 5253; x_wconf 82' lang='lat' dir='ltr'><strong>Porro</strong></span> <span class='ocrx_word' id='word_1_845' title='bbox 2542 5197 2876 5269; x_wconf 83' lang='lat' dir='ltr'><strong>gloriationis</strong></span> <span class='ocrx_word' id='word_1_846' title='bbox 2900 5198 3216 5268; x_wconf 90' lang='lat' dir='ltr'><strong>hujusmodi</strong></span> <span class='ocrx_word' id='word_1_847' title='bbox 3249 5212 3416 5259; x_wconf 88' lang='lat' dir='ltr'><strong>causa</strong></span> <span class='ocrx_word' id='word_1_848' title='bbox 3442 5214 3474 5254; x_wconf 89' lang='lat' dir='ltr'><strong>a</strong></span> <span class='ocrx_word' id='word_1_849' title='bbox 3499 5201 3660 5256; x_wconf 69' lang='lat' dir='ltr'><strong>cade-</strong></span> 
     </span>
    </p>
   </div>
   <div class='ocr_carea' id='block_1_114' title="bbox 2085 5280 3705 5364">
    <p class='ocr_par' dir='ltr' id='par_1_114' title="bbox 2085 5280 3705 5364">
     <span class='ocr_line' id='line_1_114' title="bbox 2085 5280 3705 5364; baseline -0.001 -17"><span class='ocrx_word' id='word_1_850' title='bbox 2085 5292 2275 5351; x_wconf 76' lang='lat' dir='ltr'><strong>stibus.</strong></span> <span class='ocrx_word' id='word_1_851' title='bbox 2298 5291 2783 5353; x_wconf 84' lang='lat' dir='ltr'><strong>benedictionibus</strong></span> <span class='ocrx_word' id='word_1_852' title='bbox 2806 5307 2945 5364; x_wconf 89' lang='lat' dir='ltr'><strong>quas</strong></span> <span class='ocrx_word' id='word_1_853' title='bbox 2978 5293 3328 5350; x_wconf 86' lang='lat' dir='ltr'><strong>consecuturi</strong></span> <span class='ocrx_word' id='word_1_854' title='bbox 3370 5301 3500 5348; x_wconf 86' lang='lat' dir='ltr'><strong>sunt</strong></span> <span class='ocrx_word' id='word_1_855' title='bbox 3529 5293 3661 5363; x_wconf 86' lang='lat' dir='ltr'><strong>peti-</strong></span> <span class='ocrx_word' id='word_1_856' title='bbox 3690 5280 3705 5295; x_wconf 69' lang='grc'><em>¹</em></span> 
     </span>
    </p>
   </div>
   <div class='ocr_carea' id='block_1_115' title="bbox 2084 5383 3665 5457">
    <p class='ocr_par' dir='ltr' id='par_1_115' title="bbox 2084 5383 3665 5457">
     <span class='ocr_line' id='line_1_115' title="bbox 2084 5383 3665 5457; baseline 0.001 -19"><span class='ocrx_word' id='word_1_857' title='bbox 2084 5392 2208 5452; x_wconf 90' lang='lat' dir='ltr'><strong>tur;</strong></span> <span class='ocrx_word' id='word_1_858' title='bbox 2240 5384 2309 5440; x_wconf 91' lang='lat' dir='ltr'><strong>de</strong></span> <span class='ocrx_word' id='word_1_859' title='bbox 2335 5385 2545 5456; x_wconf 90' lang='lat' dir='ltr'><strong>quibus.</strong></span> <span class='ocrx_word' id='word_1_860' title='bbox 2564 5385 2641 5439; x_wconf 89' lang='lat' dir='ltr'><strong>ait</strong></span> <span class='ocrx_word' id='word_1_861' title='bbox 2665 5385 2961 5457; x_wconf 82' lang='lat' dir='ltr'><strong>Apostolus</strong></span> <span class='ocrx_word' id='word_1_862' title='bbox 2992 5405 3008 5440; x_wconf 72' lang='grc' dir='ltr'><strong>ι</strong></span> <span class='ocrx_word' id='word_1_863' title='bbox 3042 5383 3359 5441; x_wconf 84' lang='lat' dir='ltr'><strong>Benedictus</strong></span> <span class='ocrx_word' id='word_1_864' title='bbox 3386 5386 3665 5448; x_wconf 82' lang='lat' dir='ltr'><strong>Dominus.</strong></span> 
     </span>
    </p>
   </div>
   <div class='ocr_carea' id='block_1_116' title="bbox 2084 5476 3664 5553">
    <p class='ocr_par' dir='ltr' id='par_1_116' title="bbox 2084 5476 3664 5553">
     <span class='ocr_line' id='line_1_116' title="bbox 2084 5476 3664 5553; baseline 0.003 -22"><span class='ocrx_word' id='word_1_865' title='bbox 2084 5478 2171 5549; x_wconf 88' lang='lat' dir='ltr'><strong>qui</strong></span> <span class='ocrx_word' id='word_1_866' title='bbox 2195 5476 2459 5535; x_wconf 74' lang='lat' dir='ltr'><strong>benedixit</strong></span> <span class='ocrx_word' id='word_1_867' title='bbox 2491 5498 2585 5535; x_wconf 85' lang='lat' dir='ltr'><strong>nos</strong></span> <span class='ocrx_word' id='word_1_868' title='bbox 2626 5481 2682 5536; x_wconf 87' lang='lat' dir='ltr'><strong>in</strong></span> <span class='ocrx_word' id='word_1_869' title='bbox 2728 5480 2871 5541; x_wconf 87' lang='lat' dir='ltr'><strong>omni</strong></span> <span class='ocrx_word' id='word_1_870' title='bbox 2921 5479 3276 5539; x_wconf 82' lang='lat' dir='ltr'><strong>benedictione</strong></span> <span class='ocrx_word' id='word_1_871' title='bbox 3300 5476 3572 5553; x_wconf 85' lang='lat' dir='ltr'><strong>spirituali</strong></span> <span class='ocrx_word' id='word_1_872' title='bbox 3612 5482 3664 5536; x_wconf 74' lang='lat' dir='ltr'><strong>in</strong></span> 
     </span>
    </p>
   </div>
   <div class='ocr_carea' id='block_1_117' title="bbox 3158 5653 3691 5728">
    <p class='ocr_par' dir='ltr' id='par_1_117' title="bbox 3158 5653 3691 5728">
     <span class='ocr_line' id='line_1_117' title="bbox 3158 5653 3691 5728; baseline 0 -14"><span class='ocrx_word' id='word_1_873' title='bbox 3158 5658 3202 5691; x_wconf 79' lang='grc'><strong>⁸⁷</strong></span> <span class='ocrx_word' id='word_1_874' title='bbox 3225 5654 3426 5715; x_wconf 77' lang='lat' dir='ltr'><strong>Jerem.</strong></span> <span class='ocrx_word' id='word_1_875' title='bbox 3461 5672 3537 5721; x_wconf 75' lang='lat' dir='ltr'><strong>rx.</strong></span> <span class='ocrx_word' id='word_1_876' title='bbox 3569 5653 3691 5728; x_wconf 42' lang='lat' dir='ltr'><strong>23k</strong></span> 
     </span>
    </p>
   </div>
  </div>
