4096 6410
436 291 543 349 119
1132 288 1405 346 EUSEBII
1441 288 1924 347 CESARIENSIS
1962 286 2114 345 ΟΡΡ.
2134 287 2316 344 PARS
2353 286 2442 344 lll.
2480 317 2554 330 -
2587 285 2999 343 EXEGETICA.
3596 291 3703 347 120

436 404 727 460 cmlestibus
757 405 823 458 ".
881 402 1033 458 Finis
1096 414 1275 459 autem
1323 405 1591 460 Lonnrum
1644 404 1699 458 in
1755 418 1818 459 ea
1855 417 2007 474 quam

2125 404 2154 455 ὁ
2181 402 2283 472 τῆς
2328 400 2675 472 δικαιοσύνης
2720 401 3003 470 στέφανος,
3042 396 3105 458 οὗ
3150 405 3430 469 τεύξονται
3472 409 3519 462 oi
3562 409 3704 464 κατὰ

434 511 718 566 speramus
768 494 1120 563 haereditate,
1158 503 1243 551 est
1288 511 1494 552 corona
1551 495 1805 566 iustitiae,
1852 511 2007 565 quam

2124 495 2337 549 Παῦλον
2369 496 2549 564 λέγειν
2582 495 2899 567 δυνάμενοι·
2934 495 3158 551 Λοιπὸν
3187 500 3498 554 ἀπόκειταί
3525 518 3626 570 μοι
3667 505 3704 559 ὀ

432 596 833 643 consecuturus
859 595 944 643 est
977 587 1229 659 quisquis
1258 604 1380 643 cum
1411 588 1581 645 Paulo
1604 590 1787 645 dicere
1818 590 1964 644 valet
1999 609 2013 646 :

434 677 501 732 In
531 679 731 749 reliquo
764 680 997 748 reposita
1028 689 1105 734 est
1139 681 1269 733 milii
1298 697 1493 735 corona
1516 680 1746 751 justitia:
1770 681 1818 712 "
1857 699 1872 735 :
1909 695 2019 750 quo

430 785 631 840 genere
663 786 942 827 armorum
966 770 1043 825 uti
1069 770 1217 828 Deus
1244 774 1439 839 voluit,
1475 784 1533 829 ut
1571 788 1702 829 suos
1721 787 1750 827 a
1777 773 2020 844 quolibet

428 860 620 918 hostili
657 862 1003 917 inimicorum
1034 863 1258 919 incursu
1287 863 1623 921 defenderet.

920 971 1249 1031 PSALMUS
1281 973 1493 1030 DA‘IlD
1525 975 1610 1031 Vl.

723 1085 776 1139 1.
809 1083 877 1141 In
900 1087 1061 1156 ﬁnem
1089 1088 1146 1142 in
1179 1088 1409 1160 hymnis,
1440 1105 1536 1160 pro
1562 1102 1769 1147 octava.

498 1221 706 1279 Octava
738 1232 823 1280 est
850 1224 1110 1281 salutaris
1135 1230 1561 1286 resurrectionis
1588 1230 1798 1289 Christi
1831 1231 2020 1289 Domi-

428 1315 553 1370 nica
581 1315 722 1382 dies,
755 1317 813 1371 in
841 1332 951 1389 qua
983 1327 1335 1389 peccatorum
1367 1323 1611 1377 omnium
1643 1325 2017 1395 purgationem

426 1421 552 1464 esse
583 1408 895 1479 credimus;
922 1411 979 1466 in
1009 1428 1120 1484 qua
1141 1414 1442 1486 symbolice
1471 1417 1693 1487 quidem
1726 1420 2017 1475 circumci-

429 1496 699 1553 debantur
717 1515 909 1557 omnes
940 1500 1200 1567 infantes,
1236 1502 1335 1558 sed
1366 1519 1554 1560 revera
1587 1519 1685 1574 per
1721 1520 2014 1576 regenera-

424 1590 633 1647 tionem
687 1599 956 1664 purgatur
1010 1594 1193 1649 anima
1250 1596 1507 1665 quaelibet
1562 1596 1616 1649 in
1662 1595 1775 1651 Deo
1807 1597 2013 1668 genita.

425 1682 616 1755 Usque
641 1685 776 1741 adeo
819 1693 1002 1741 autem
1052 1687 1403 1755 praestantior
1435 1696 1520 1742 est
1547 1688 1636 1745 die
1667 1690 1920 1759 septima,
1955 1696 2017 1743 ut

426 1774 485 1831 in
530 1792 593 1833 ea
641 1779 890 1835 solvatur
914 1780 997 1837 lex
1037 1778 1284 1843 Sabbati,
1320 1780 1367 1835 si
1396 1793 1523 1834 cum
1563 1788 1759 1834 octava
1784 1778 2014 1835 infantis

424 1866 515 1924 die
542 1869 747 1925 incidat
776 1870 1001 1926 Sabbati
1032 1870 1151 1927 dies
1183 1889 1197 1926 :
1233 1872 1400 1927 homo
1428 1871 1631 1942 quippe
1666 1872 1754 1927 vel
1784 1876 1840 1926 in
1875 1870 2017 1928 Sab-

422 1962 552 2019 bato
588 1963 1018 2019 circumciditur.
1040 1972 1045 1985 '

497 2049 659 2109 Vsus.
727 2052 850 2109 2-4.
909 2052 1153 2117 Domine,
1229 2068 1293 2107 ne
1348 2053 1408 2107 in
1442 2052 1622 2121 furore
1675 2062 1766 2108 tuo
1817 2070 2014 2125 arguas

418 2156 523 2208 me,
544 2159 705 2214 neque
723 2142 781 2198 in
810 2144 897 2197 ira
926 2150 1019 2196 tua
1039 2143 1300 2213 corripias
1330 2159 1436 2198 me.
1469 2142 1724 2199 Miserere
1746 2146 1869 2213 mei,
1897 2146 2012 2201 Do-

418 2237 581 2302 mine,
637 2238 891 2307 quoniam
926 2230 1173 2308 infirmus
1231 2252 1350 2292 sunt
1369 2254 1390 2305 ς
1449 2253 1583 2292 sana
1638 2254 1740 2304 me,
1768 2238 2047 2307 Domine,’

420 2330 672 2399 quoniam
701 2330 1022 2384 conturbata
1054 2336 1181 2384 sunt
1213 2345 1334 2384 ossa
1381 2345 1520 2383 mea.
1548 2328 1686 2385 Nam
1728 2346 1890 2387 omne
1916 2332 2013 2391 de-

421 2422 613 2478 lictum
643 2439 709 2481 ex
743 2423 1063 2479 infirmitate
1091 2423 1290 2489 oritur,
1328 2422 1457 2494 quia
1481 2424 1664 2478 anima
1707 2424 1775 2478 ad
1811 2441 2011 2496 pravos

424 2529 641 2585 semper
662 2515 889 2572 allectus
910 2516 1207 2571 inclinatur
1237 2532 1251 2569 :
1284 2524 1620 2585 quapropter
1654 2514 1723 2569 ad
1756 2514 2013 2573 Servato-

421 2620 539 2659 rem
562 2612 615 2660 et
637 2605 929 2675 medicum,
965 2605 1059 2662 Dei
1090 2607 1299 2663 scilicet
1332 2604 1553 2673 Filium,
1583 2605 1849 2678 confugit.
1873 2607 2010 2663 Nam

419 2710 548 2751 cum
590 2697 645 2752 in
680 2698 919 2752 animam
968 2698 1346 2754 rationabilem
1395 2699 1635 2763 advenit,
1667 2708 1853 2770 utpote
1885 2716 2006 2755 ver-

418 2787 547 2843 bum
599 2796 653 2843 et
683 2789 824 2845 ratio
852 2789 972 2855 Dei,
1019 2790 1141 2861 ejus
1172 2791 1579 2847 irrationabiles
1609 2800 1795 2848 motus
1829 2793 2011 2848 elimi-

416 2886 552 2947 nat;
586 2887 644 2935 ut
673 2881 964 2951 sapientia,
999 2882 1069 2936 ab
1098 2883 1421 2953 insipientia
1456 2883 1630 2954 ipsam
1676 2883 1892 2947 liberat,
1951 2892 2011 2940 ut

416 2971 628 3041 iustitia
658 2973 727 3027 ab
759 2973 1057 3043 iniustitia,
1109 2980 1170 3026 ut
1211 2974 1413 3027 veritas
1454 2988 1483 3026 a
1530 2973 1841 3029 mendacio.
1898 2973 2010 3030 Ro-

415 3067 609 3124 bustas
654 3081 821 3138 porro
848 3066 1018 3120 animi
1067 3067 1213 3122 vires
1242 3065 1578 3130 subindicat,
1624 3081 1747 3120 cum
1775 3068 1851 3120 ait
1874 3083 2009 3123 con-

2119 586 2230 656 τῆς
2249 587 2640 656 δικαιοσύνης
2658 588 2958 658 στέφανος
2975 607 2989 620 ·
3019 582 3173 662 ᾧπερ
3196 591 3493 662 ηὐδόκησεν
3520 596 3548 646 ὁ
3568 594 3705 662 Θεὸς

2118 678 2274 747 ὅπλῳ
2303 677 2611 749 χρήσασθαι
2645 678 2957 750 φυλακτικῷ
2986 679 3166 750 πάσης
3210 681 3401 750 ἐφόδου
3431 682 3703 754 πολεμίων

2128 766 2394 839 ἐπιούσης
2420 767 2562 821 κατά
2586 768 2695 821 τῶν
2716 769 2931 822 οἰκείων
2957 767 3146 824 αὑτοῦ.

2510 970 2805 1024 rumor.
2847 971 2936 1024 το
2983 971 3183 1026 una
3218 974 3310 1041 ς’.

2225 1086 2333 1153 Είς
2368 1083 2435 1138 τὸ
2467 1082 2644 1151 τέλος
2671 1084 2741 1137 ὲν
2785 1083 2997 1153 ὕμνοις
3028 1084 3180 1154 ὑπὲρ
3205 1084 3317 1155 τῆς
3355 1087 3590 1157 ὀγδόης.

2204 1216 2391 1288 Ὀγδόη
2412 1219 2447 1287 ἡ
2464 1216 2831 1287 ἀναστάσιμος
2844 1216 2940 1271 τοῦ
2968 1218 3219 1290 Σωτῆρος
3244 1221 3427 1293 ἡμέρα
3460 1226 3700 1297 κυριακὴ

2121 1311 2420 1383 σωτήριος,
2442 1314 2501 1365 ἐν
2524 1305 2559 1386 ᾖ
2581 1311 2799 1365 πάντων
2820 1315 3234 1387 ἁμαρτημάτων
3250 1315 3543 1386 καθάρσιον
3563 1314 3701 1371 εἶναι

2117 1405 2450 1476 πιστεύομεν
2468 1422 2482 1436 ·
2509 1408 2567 1459 ὲν
2594 1400 2994 1479 συμϐολικῶς
3022 1408 3121 1478 μὲν
3141 1409 3286 1462 ἀπαν
3315 1410 3701 1481 περιετέμνετο

2118 1495 2343 1568 βρέφος,
2377 1496 2518 1551 κατὰ
2547 1497 2604 1550 δὲ
2629 1497 2691 1550 τὸ
2713 1498 2913 1570 ἀληθὲς
2955 1499 3278 1571 καθαίρεται
3307 1500 3376 1555 δι’
3409 1503 3701 1574 ἀναγεννή-

2117 1606 2258 1653 σεως
2289 1592 2442 1645 πᾶσα
2490 1591 2551 1645 ὲν
2603 1589 2724 1660 Θεῷ
2758 1591 2906 1663 ψυχὴ
2958 1592 3293 1662 γεννωμένη.
3336 1592 3603 1647 Τοσοῦτον
3643 1593 3700 1648 δὲ

2117 1684 2369 1751 κρεῖττον
2422 1680 2562 1752 αὑτὴ
2594 1680 2694 1751 τῆς
2717 1677 2972 1753 έὸδόμης,
2992 1682 3069 1745 ὡς
3089 1684 3149 1735 ὲν
3173 1684 3310 1754 αὐτῇ
3359 1681 3579 1737 λύεσθαι
3601 1682 3701 1755 τὴν

2117 1771 2246 1842 περὶ
2295 1770 2390 1826 τοῦ
2454 1770 2723 1826 σαϐϐάτου
2777 1771 3118 1842 νομοθεσίαν,
3164 1774 3213 1825 εί
3249 1771 3546 1826 καταλάὁοι
3579 1774 3700 1826 κατ’

2043 1834 2088 1892 Β
2114 1834 2285 1934 αὐτὴν
2309 1866 2344 1935 ἠ
2359 1863 2455 1917 τοῦ
2481 1864 2713 1935 βρέφους
2735 1834 2895 1934 ὁγδόη
2913 1881 2926 1894 ·
2957 1834 3342 1936 περιτέμνεται
3363 1864 3471 1935 γὰρ
3493 1863 3700 1936 ἀνθρω-

2115 1972 2214 2019 auo;
2238 1957 2296 2011 ἐν
2327 1955 2601 2027 σαὸϐάτῳ.

2186 2049 2383 2116 Κύριε,
2421 2050 2509 2119 μὴ
2560 2048 2643 2114 τῷ
2670 2046 2838 2117 θυμῷ
2882 2064 2999 2103 σου
3020 2047 3278 2117 ἐλέγξῃς
3313 2065 3409 2118 με,
3434 2046 3589 2117 μηδὲ
3622 2044 3700 2117 τῇ

2113 2141 2262 2213 ὀργῆ
2292 2158 2411 2197 σου
2431 2142 2767 2209 παιδεύσῃς
2781 2158 2878 2210 με.
2932 2140 3226 2208 Ἐλέησόν
3249 2158 3347 2210 με,
3379 2141 3575 2208 Κύριε,
3607 2138 3699 2192 ὅτι

2112 2234 2384 2301 ἀσθενής
2428 2237 2579 2304 ειμι·
2614 2235 2784 2288 τασαί
2821 2251 2918 2304 με,
2944 2234 3145 2301 Κύριε,
3179 2232 3269 2285 ὅτι
3294 2231 3593 2312 ἐταράχθη
3624 2231 3699 2286 τὰ

2115 2324 2268 2382 ὀστᾶ
2282 2343 2423 2396 μου.
2469 2325 2557 2391 Ἐξ
2589 2325 2871 2389 ἀσθενείας
2904 2323 3014 2395 γὰρ
3042 2324 3188 2378 ἁπαν
3213 2326 3520 2395 ἁμάρτημα
3547 2324 3697 2391 γίνε-

2111 2435 2226 2484 ται,
2266 2418 2406 2490 πρὸς
2449 2418 2511 2471 τὸ
2539 2418 2711 2483 πάθος
2738 2418 2829 2472 ἀεὶ
2877 2418 2977 2488 τῆς
3008 2417 3185 2488 ψυχῆς
3230 2415 3570 2487 ἐνδιδούσης·
3616 2414 3700 2469 διὸ

2111 2510 2450 2580 καταφεύγει
2474 2511 2611 2581 πρὸς
2654 2512 2746 2565 τὸν
2780 2510 3010 2581 Σωτῆρα
3065 2511 3158 2564 καὶ
3185 2508 3389 2580 ίατρὸν,
3431 2508 3524 2562 τὸν
3570 2507 3698 2560 Υίὸν

2111 2604 2205 2658 τοῦ
2236 2604 2393 2659 Θεοῦ.
2436 2604 2824 2675 Ἐγγενόμενος
2846 2602 2957 2674 γάρ
2979 2602 3125 2675 ψυχῇ
3160 2605 3228 2673 τῇ
3251 2602 3465 2672 λογικῇ,
3492 2600 3568 2664 ὡς
3595 2599 3697 2671 μιν

2109 2696 2264 2767 λόγος
2288 2696 2425 2751 Θεοῦ
2458 2696 2558 2769 τὴν
2585 2696 2812 2765 ἀλογίαν
2837 2695 3007 2767 αὐτῆς
3026 2697 3372 2766 ἀφαιρεῖται·
3410 2693 3485 2757 ὡς
3518 2691 3573 2744 δὲ
3608 2708 3697 2744 σο-

2109 2792 2209 2862 φία
2233 2792 2335 2863 τῆς
2362 2789 2673 2863 ἀφροσύνης
2693 2790 2866 2861 αὐτὴν
2892 2787 3244 2851 ἀπαλλάττει,
3272 2786 3367 2841 καὶ
3395 2786 3470 2849 ὡς
3497 2784 3697 2839 δικαιο-

2111 2883 2244 2955 σύνη
2275 2883 2375 2954 τῆς
2401 2882 2635 2948 ἀδικίας,
2659 2883 2754 2936 καὶ
2794 2881 2871 2946 ὡς
2911 2880 3139 2952 ἀλήθεια
3164 2879 3258 2934 τοῦ
3289 2878 3519 2947 ψεύδους
3545 2880 3696 2934 ἐλευ-

2109 2979 2276 3053 θεροῖ.
2306 2981 2419 3044 Τάς
2452 2979 2710 3044 νεανικὰς
2743 2979 2801 3033 δὲ
2842 2979 2944 3047 τῆς
2980 2979 3159 3049 ψυχῆς
3208 2978 3496 3047 ὑποφαίνει
3537 2979 3696 3034 δυνά-

2113 3089 2255 3143 μεις,
2274 3071 2608 3143 τεταράχθαι
2631 3071 2810 3141 φήσας
2841 3069 3006 3123 αὑτοῦ
3033 3069 3104 3122 τὰ
3126 3069 3281 3132 ὀστᾶ,
3311 3070 3377 3122 δι’
3401 3063 3476 3123 ὧν
3504 3069 3695 3124 εἴωθεν

414 3159 637 3214 turbata
677 3173 801 3214 esse
851 3171 979 3213 ossa
1032 3172 1168 3221 sua,
1218 3158 1421 3228 quibus
1465 3158 1698 3214 viriliter
1752 3157 2007 3213 violentis

2111 3161 2439 3217 ἀντιϐαίνειν
2467 3164 2580 3226 τοῖς
2609 3160 2840 3215 πάθεσιν
2884 3160 3154 3231 ἀνδρικῶς
3179 3178 3194 3191 ·
3230 3161 3259 3213 ὃ
3289 3160 3354 3231 δὴ
3380 3160 3695 3232 σαφηνζων

418 3251 584 3305 animi
609 3250 850 3305 motibus
876 3249 1148 3306 obsistere
1192 3250 1441 3318 solebat;
1471 3250 1618 3320 quod
1667 3251 1722 3305 in
1776 3264 2011 3322 sequen-

417 3344 565 3399 tibus
595 3343 837 3397 declarat
892 3342 980 3398 his
1006 3342 1186 3398 verbis
1222 3361 1236 3397 :
1288 3340 1358 3395 Et
1399 3344 1580 3399 anima
1640 3360 1754 3397 mea
1796 3343 2011 3398 turbela

415 3449 494 3492 est
523 3436 694 3493 valde.
734 3435 943 3493 Medela
976 3444 1158 3492 autem
1199 3453 1299 3507 pro
1324 3437 1643 3495 infirmitate
1676 3441 1893 3508 animae,
1926 3454 2009 3497 est

416 3545 446 3584 ιι
479 3529 590 3586 Deo
621 3530 819 3585 collata
864 3530 1077 3594 virtus,
1107 3543 1274 3600 quam
1326 3531 1584 3601 quisquis
1632 3532 1844 3588 obtinet
1871 3533 1947 3588 ait
1988 3554 2004 3589 :

417 3622 623 3691 Omnia:
644 3638 860 3692 possum
898 3625 955 3677 in
982 3621 1196 3679 Christo
1226 3625 1315 3693 qui
1351 3640 1435 3678 me
1464 3624 1730 3694 confortat
1751 3627 1819 3680 ⁷¹.
1847 3626 2005 3694 Quod

414 3721 596 3771 autem
621 3729 731 3769 non
757 3714 826 3770 de
852 3714 1209 3771 sensibilibus
1257 3716 1480 3772 ossibus
1518 3715 1794 3786 loquatur,
1823 3719 2005 3789 palam

414 3806 547 3860 facit
570 3806 705 3861 illud
735 3824 749 3861 :
781 3805 977 3861 Omnia
1025 3824 1147 3862 ossa
1199 3824 1316 3862 mea
1355 3808 1531 3862 dicent
1561 3825 1580 3864 :
1610 3808 1853 3876 Domine,
1887 3812 2005 3881 quis

412 3897 608 3951 similis
636 3896 733 3950 tibi
762 3896 848 3950 "‘i
876 3903 930 3952 et
957 3897 1092 3952 illud
1134 3914 1392 3969 quoque:
1420 3897 1694 3968 Dissipata
1724 3910 1847 3955 sunt
1880 3918 2006 3956 ossa

412 3997 599 4041 nostra
635 4004 783 4043 secus
815 3988 1080 4058 infernum
1103 3991 1169 4042 ⁷³.

484 4078 553 4132 Et
592 4089 671 4144 tu,
738 4079 982 4148 Domine,
1019 4084 1327 4153 usquequo?
1360 4082 1686 4153 Diuturnum
1734 4083 2006 4154 pteniten-

412 4171 500 4225 tite
541 4186 654 4227 suae
690 4178 905 4242 tempus
929 4173 1206 4229 enuntiat.
1258 4172 1469 4228 Etenim
1511 4175 1728 4243 sapiens
1763 4174 1854 4229 ille
1883 4173 2005 4228 ani-

410 4277 623 4317 marum
665 4264 934 4329 medicus,
991 4280 1101 4319 non
1153 4266 1361 4328 statim,
1412 4281 1589 4335 neque
1649 4265 1719 4320 ad
1769 4266 2002 4337 primam

408 4354 850 4426 efllagitationem
882 4357 1283 4428 supplicantem
1311 4360 1551 4421 exaudit,
1574 4367 1634 4413 ut
1662 4360 1715 4413 in
1740 4359 1834 4413 Hlo
1859 4358 2002 4429 aequi

408 4446 651 4517 bonique
694 4446 892 4502 atfectu
935 4449 1147 4504 diutius
1175 4458 1515 4520 permaneat,
1547 4466 1612 4505 ac
1642 4452 1854 4505 firmam
1885 4461 2000 4505 Sta-

2111 3256 2357 3326 ὲπήγαγε
2377 3272 2392 3285 ·
2426 3255 2538 3309 Καὶ
2563 3256 2603 3323 η
2638 3252 2810 3323 ψυχή
2841 3270 2963 3323 μου
2984 3252 3279 3321 ἐταράχθη
3295 3252 3550 3322 σφόδρα.
3581 3254 3694 3306 Ἰα-

2113 3367 2198 3413 σις
2227 3349 2286 3403 δὲ
2311 3348 2596 3411 ἀσθενείας
2619 3348 2852 3419 ψυχῆςτί)
2886 3348 2952 3401 ὲκ
2985 3347 3122 3401 Θεοῦ
3158 3348 3417 3419 δύναμις·
3449 3344 3518 3420 ἦς
3546 3348 3576 3401 ὁ
3598 3363 3694 3401 τυ-

2110 3440 2220 3512 χών
2245 3458 2410 3513 φησι·
2446 3440 2651 3494 Πάντα
2695 3441 2885 3509 ἰσχύω
2914 3439 2986 3492 ἐν
3012 3437 3092 3505 τῷ
3126 3438 3567 3508 ἐνδυναμοῦντί
3614 3455 3694 3508 με

2109 3531 2359 3604 Χριστῷ.
2396 3533 2516 3586 Ὅτι
2550 3531 2609 3585 δὲ
2637 3532 2711 3604 μὴ
2747 3532 2967 3595 πάντως
2990 3530 3226 3603 αἰσθητά
3261 3530 3331 3584 τὰ
3363 3532 3518 3595 ὀστᾶ,
3544 3530 3694 3602 δηλοῖ

2106 3628 2193 3693 τὸ,
2220 3625 2426 3681 Πάντα
2440 3625 2511 3679 τὰ
2526 3623 2679 3681 ὀστᾶ
2698 3642 2818 3695 μου
2846 3625 3122 3694 ἐροῦσιν·
3156 3625 3355 3693 Κίφιε,
3382 3626 3473 3691 τίς
3493 3624 3693 3694 ὅμοιός

2105 3734 2246 3784 σοι;
2304 3719 2416 3773 Καὶ
2446 3717 2529 3784 τὸ,
2558 3719 2998 3789 Διεσκορπίσθη
3020 3715 3095 3772 τὰ
3119 3715 3272 3773 ὀστᾶ
3309 3716 3481 3788 ἡμῶν
3532 3714 3693 3787 παρὰ

2105 3812 2215 3866 τὸν
2241 3811 2416 3879 ᾅδην.

2176 4081 2285 4136 Καὶ
2339 4080 2443 4143 σὺ,
2491 4084 2710 4148 Κύριε,
2773 4078 2884 4142 ἓως
2951 4077 3130 4141 adre;
3190 4077 3301 4147 Τὴν
3352 4077 3444 4129 ἐπὶ
3494 4073 3691 4147 μακρῷ

2096 4172 2281 4244 χρόνῳ
2320 4173 2628 4246 παράτασιν
2680 4172 2780 4242 τῆς
2827 4169 3023 4224 ἑαυτοῦ
3082 4170 3371 4240 μετανοίας
3410 4167 3687 4238 ἐμφαίνει.

2116 4267 2172 4320 '0
2200 4267 2309 4336 γάρ
2332 4281 2415 4317 τοι
2461 4265 2624 4334 σοφὸς
2656 4263 2767 4317 τῶν
2809 4262 2998 4334 ψυχῶν
3039 4263 3220 4333 ἰατρὸς
3253 4263 3314 4316 ού
3349 4262 3688 4333 παραχρῆμα

2101 4359 2245 4413 κατά
2268 4356 2367 4429 τὴν
2396 4356 2622 4429 πρώτην
2644 4355 2979 4426 ἐπιστροφὴν
3007 4355 3265 4408 ἐπακούει
3285 4355 3379 4407 τοῦ
3408 4355 3684 4425 δεομένου,

2101 4450 2178 4515 ὡς
2200 4451 2258 4502 ὲν
2287 4448 2404 4513 list
2432 4449 2739 4521 παραμόνῳ
2783 4448 3009 4519 γένηται
3038 4447 3298 4515 τάγαθοῦ,
3329 4447 3553 4518 βεϐαίαν
3577 4447 3689 4501 δεί-

411 4537 686 4609 bilemque
701 4538 955 4594 exhibeat
984 4540 1392 4611 paenitentiam;
1424 4543 1517 4598 sed
1536 4553 1661 4614 post
1687 4557 1997 4613 congruen-

2106 4544 2198 4610 ξας
2227 4544 2515 4614 μετάνοιαν
2539 4558 2553 4573 ·
2613 4544 2709 4595 καὶ
2740 4542 2876 4613 μετά
2915 4541 3012 4610 τὴν
3056 4541 3245 4612 ἱκανὴν
3270 4543 3569 4613 καρτερίαν
3589 4541 3689 4612 τὴν

409 4640 518 4687 tem
569 4633 623 4687 in
672 4633 983 4690 conﬁtendo
1034 4639 1493 4706 perseverantiam
1550 4658 1563 4693 :
1635 4637 1739 4702 Me,
1796 4639 1993 4710 inquit,

410 4724 671 4788 exorasti,
695 4732 925 4794 tempore
948 4737 1160 4797 accepto
1184 4728 1433 4783 exaudiui
1461 4738 1509 4783 te
1533 4729 1601 4784 ⁷⁸.
1632 4727 1770 4783 Nam
1800 4730 1867 4786 iis
1900 4729 1996 4800 qui

406 4827 519 4868 non
545 4813 600 4869 in
624 4823 849 4885 peccato
879 4816 1059 4887 ipsum
1094 4817 1351 4874 invocant
1380 4819 1528 4875 dicet
1561 4839 1573 4874 :
1615 4820 1811 4875 Adhuc
1837 4829 1891 4876 te
1920 4821 1997 4874 lo-

404 4913 631 4973 quente,
664 4904 799 4961 Ecce
826 4907 1014 4963 adsum
1036 4909 1104 4963 ⁷⁸.

480 4997 650 5055 Vens.
698 4999 815 5057 5-9.
856 5001 1122 5069 Quoniam
1172 5021 1276 5059 non
1340 5014 1420 5059 est
1460 5007 1519 5059 in
1558 5014 1727 5059 morte
1760 5006 1851 5076 qui
1885 5022 1994 5061 me-

408 5109 525 5146 mor
548 5094 618 5149 sit
658 5096 774 5159 tui;
803 5095 857 5149 in
882 5096 1088 5166 inferno
1129 5107 1305 5153 autem
1339 5099 1458 5168 quis
1489 5099 1828 5167 conﬁtebitur
1857 5100 1993 5157 tibi?

319 5221 325 5231 .
409 5183 667 5242 Laboravi
708 5189 762 5242 in
793 5191 992 5260 gemitu
1024 5207 1162 5256 meo,
1200 5189 1387 5244 lavabo
1419 5207 1510 5260 per
1545 5190 1784 5261 singulas
1815 5201 1991 5247 noctes

406 5280 592 5333 lectum
639 5297 811 5334 meum
830 5323 845 5348 ,
888 5284 1143 5354 lacrymis
1169 5284 1298 5336 meis
1322 5291 1549 5337 stratum
1590 5298 1761 5336 meum
1786 5283 1988 5355 rigabo.

406 5368 636 5441 Sapiens
663 5388 789 5427 cum
819 5383 966 5431 esset
994 5373 1187 5439 David,
1242 5390 1352 5429 non
1385 5376 1676 5447 ignorabat
1707 5377 1992 5446 praesentis

400 5466 528 5519 vitae
554 5471 789 5538 tempus,
824 5467 1047 5523 medela;
1070 5481 1195 5523 esse
1215 5475 1623 5539 Opportunum;
1656 5485 1766 5539 quo
1804 5470 1992 5540 elapso

403 5569 564 5612 nemo
626 5571 772 5615 recte
802 5574 965 5631 agere
1018 5559 1187 5614 valet.
1244 5559 1500 5632 Nihilque
1550 5576 1662 5616 non
1682 5561 1793 5629 agit
1814 5568 1872 5615 ut
1896 5576 1980 5616 sa-

478 5668 523 5703 "
559 5668 758 5745 Ephes.
796 5672 935 5745 ι,ηᾷ
1012 5672 1062 5703 ⁷ο
1100 5670 1143 5724 ll
1177 5670 1318 5745 Tim.
1354 5690 1428 5742 ιν,
1463 5673 1515 5731 8.
1596 5674 1640 5706 “
1681 5671 1918 5745 Philipp.
1952 5688 2040 5741 Iv,
2080 5671 2169 5727 l3.
2268 5672 2315 5703 "
2353 5669 2502 5726 Psal.
2544 5684 2746 5737 xmv,
2785 5668 2869 5725 10.
2948 5670 2993 5703 "
3031 5668 3178 5726 Psal.
3213 5684 3350 5736 ειι,
3389 5668 3439 5724 7.

405 5738 535 5795 Cor.
568 5738 623 5797 vi
640 5782 658 5808 ,
686 5738 743 5797 2.
819 5744 865 5778 ’⁸
908 5740 1013 5800 lsa.
1044 5758 1211 5807 LVIII,
1243 5743 1297 5800 9.

2102 4638 2160 4689 ὲν
2204 4633 2622 4706 ἐξομολογήσει·
2675 4634 2842 4704 φησὶν
2901 4634 3217 4697 ὲνέπεισας·
3265 4632 3449 4700 καιρῷ
3500 4632 3689 4699 δεκτῷ

2099 4724 2418 4793 ἐπήκουσά
2463 4740 2602 4781 σου.
2664 4726 2790 4788 Τοῖς
2834 4724 2944 4796 γὰρ
2996 4724 3071 4796 μὴ
3107 4723 3165 4788 ἐξ
3208 4724 3479 4795 ἁμαρτίας
3525 4725 3689 4779 αὐτὸν

2100 4814 2553 4887 ἐπικαλουμένοις
2623 4817 2770 4888 ἐρεῖ·
2839 4817 2960 4870 Ἔτι
3023 4815 3311 4879 λαλοῦντός
3363 4833 3491 4881 σου,
3538 4812 3686 4871 Ἰδοὺ

2097 4909 2359 4978 πάρειμι.

2174 5003 2299 5055 ’Ὁτι
2333 5002 2446 5055 οὐκ
2496 4999 2669 5054 ἐστιν
2721 5001 2793 5054 ἐν
2828 4999 2911 5066 τῷ
2941 4999 3178 5067 θανάτῳ
3222 5003 3255 5055 ὀ
3291 5001 3687 5072 μνημονεύων

2099 5109 2238 5157 σου,
2262 5095 2334 5148 ὲν
2357 5092 2427 5147 δὲ
2451 5094 2533 5159 τῷ
2555 5092 2670 5162 ᾅδῃ
2705 5094 2797 5159 τίς
2820 5093 3330 5164 ἐξομολογήσεται
3362 5109 3491 5156 σοι;
3527 5095 3685 5147 Ἐκοο

2099 5188 2294 5241 ultum
2344 5187 2414 5240 ἐν
2461 5186 2777 5258 στεναγμῷ
2829 5205 2969 5256 μου,
3003 5188 3208 5241 λούσω
3247 5187 3376 5243 καθ’
3415 5186 3685 5253 ἑκάστην

2100 5279 2290 5332 νύκτα
2314 5278 2431 5347 τὴν
2457 5280 2678 5347 κλίνην
2701 5295 2844 5349 μου,
2875 5278 3213 5347 ἐνδάκρυσί
3227 5296 3347 5348 μου
3368 5276 3482 5345 τὴν
3498 5293 3684 5347 στρω-

2091 5371 2257 5441 μνήν
2281 5389 2403 5441 μου
2428 5373 2647 5440 βρέξω.
2686 5371 2857 5441 Σοφὺς
2887 5370 2961 5425 ὢν
2983 5372 3014 5423 ὁ
3040 5370 3203 5425 Δαυῒδ
3240 5372 3340 5424 οὐκ
3368 5370 3553 5440 ἠγνόει
3586 5369 3679 5439 τὴν

2098 5463 2380 5534 παροῦσαν
2409 5462 2556 5534 ζωὴν
2595 5463 2894 5534 θεραπείας
2930 5459 3068 5516 εἶναι
3104 5463 3318 5534 καιρὸν,
3353 5462 3469 5533 μεθ’
3502 5463 3562 5514 ὃν
3591 5461 3654 5514 οὐ

2085 5557 2196 5619 δεὶς
2228 5554 2515 5626 κατορθοῖ·
2547 5555 2640 5607 καὶ
2664 5555 2845 5609 πάντα
2871 5556 3100 5623 πράττει
3123 5554 3524 5626 θεραπευθῆναι
3558 5554 3677 5623 βου-ι

3551 5668 3597 5698 τι
