4096 6428
369 380 465 435 ﬁl

1501 376 2009 435 COMMENTARIA
2047 378 2114 434 IN
2153 380 2495 447 PSALMOS.

3527 389 3635 446 122

366 499 613 572 λόμινος,
669 497 799 570 πρὶν
846 496 951 550 ὑπὸ
1003 495 1095 549 τοῦ
1157 502 1336 555 κοινοῦ
1380 495 1808 567 καταληφθῆναι.
1856 498 1916 549 Δι

2054 494 2280 551 nitatem
2328 497 2606 562 obtineat,
2652 500 2972 569 priusquam
3051 515 3081 554 a
3136 497 3416 557 communi
3448 496 3636 557 debito

367 610 532 665 φησιν
554 611 568 625 ο
636 592 782 643 Ἀντὶ
831 593 958 662 μιᾶς
988 591 1181 653 νυκτὸς
1216 591 1337 644 καθ’
1372 590 1440 662 ἣν
1470 591 1735 665 ἥμαρτον,
1766 590 1946 655 πάσας

365 685 794 757 ὲξομολογοῦμαι
855 684 956 748 τὰς
1001 687 1226 749 νύκτας,
1253 683 1561 738 ἀποπλῦναι
1608 682 1948 756 πειρώμενος

366 779 621 850 ἐμαυτὸν.
646 779 741 833 καὶ
767 777 867 851 τὴν
895 779 980 848 ἐφ’
1003 779 1070 850 ἣν
1096 778 1341 849 ἥμαρτον
1374 777 1559 848 κλίνην
1593 778 1822 849 δάκρυσι
1848 795 1946 849 με-

365 873 602 937 τανοίας.
647 869 778 926 Οἶδα
828 872 936 945 γὰρ
969 872 1027 926 δὲ
1065 870 1169 925 κᾶν
1205 870 1346 942 τύχῃ
1371 870 1470 942 τῆς
1493 869 1740 939 ἀφέσεως
1778 870 1946 939 ἐπαγ-

365 965 643 1036 γέλληται,
674 969 925 1039 δακρύων
955 971 1126 1043 πέρας
1154 973 1250 1043 οὐχ
1279 974 1439 1038 ἕξειν.
1473 974 1545 1026 Τὸ
1571 972 1647 1039 δὲ,
1700 972 1798 1038 Τίς
1839 969 1940 1035 ἐξ·

366 1059 805 1130 ομολογήσεταί
850 1079 982 1125 σοις
1032 1064 1151 1118 ἀντί
1187 1065 1304 1130 τοῦ,
1332 1065 1552 1133 οὐδείς,
1584 1066 1791 1118 κεῖται·
1840 1061 1938 1119 νῦν

364 1150 473 1224 γὰρ
507 1152 566 1206 ού
603 1153 858 1225 σημαίνει
884 1155 946 1208 τὸ
971 1156 1210 1212 σπάνιον.

439 1408 763 1480 Ἐταράχθη
814 1408 936 1465 ἀπὸ
985 1411 1177 1482 θυμοῦ
1207 1415 1240 1467 ὀ
1285 1413 1593 1483 ὀφθαλμός
1620 1431 1762 1483 μου,
1794 1413 1940 1469 ἐπα-

279 1538 282 1543 .
355 1488 621 1570 λαιώθην
663 1502 735 1556 ἐν
789 1501 944 1559 πᾶσι
976 1503 1102 1570 τοῖς
1153 1505 1387 1575 ἐχθροῖς
1421 1524 1562 1576 μου.
1605 1507 1671 1561 Ἦ
1722 1508 1936 1580 μνήμη,

354 1593 509 1663 φησὶ,
531 1592 626 1647 τοῦ
651 1593 823 1666 θυμοῦ
841 1613 932 1649 σου
967 1597 1062 1650 καὶ
1091 1597 1191 1669 τῆς
1234 1598 1405 1671 ὀργῆς
1432 1599 1525 1653 τὸν
1549 1601 1683 1672 ἐμὸν
1706 1599 1937 1672 ἐτάραξε

354 1685 478 1741 νοῦν
494 1703 507 1717 ·
536 1686 640 1760 ὃδὴ
665 1688 936 1744 διδάσκων
963 1692 992 1743 ὁ
1008 1692 1201 1763 Σωτὴρ
1223 1691 1408 1762 ἔλεγεν
1428 1710 1440 1723 ·
1479 1685 1544 1741 '0
1568 1697 1801 1765 λύχνος
1828 1694 1935 1749 τοῦ

348 1779 625 1849 σώματος
669 1782 843 1837 ἐστὶν
887 1786 921 1838 ὁ
963 1785 1289 1855 ὀφθαλμός.
1327 1786 1401 1839 Ού
1428 1787 1538 1859 γὰρ
1583 1788 1818 1860 ἐγχωρεῖ
1839 1788 1935 1842 ἕνα

345 1871 455 1924 τῶν
484 1873 631 1927 δυεῖν
661 1874 957 1946 ὀφθαλμῶν
980 1874 1072 1930 τοῦ
1101 1875 1353 1948 σώματος
1389 1878 1579 1950 λύχνον
1611 1876 1745 1935 εἶναι
1773 1897 1787 1911 ο
1817 1880 1930 1935 ἀλλ’

343 1963 464 2017 οὐδὲ
496 1967 808 2036 σωματικὸς
832 1967 1108 2039 ὀφθαλμὸς
1134 1970 1241 2023 ὑπὸ
1270 1968 1442 2042 θυμοῦ
1475 1974 1809 2044 ταράσσεται
1835 1973 1929 2027 τοῦ

314 2054 503 2112 -Θεοῦ.
569 2058 715 2113 Ἀντὶ
761 2059 1187 2133 κατορθώματος
1247 2062 1306 2117 δὲ
1355 2064 1775 2137 καταριθμεῖται
1830 2066 1930 2131 τὰς

348 2147 487 2212 ἰδίας
536 2152 908 2217 κακοπαθείας
929 2171 944 2186 ο
979 2156 1038 2208 ὲν
1071 2150 1160 2219 αἷς
1190 2157 1285 2211 καὶ
1332 2158 1432 2229 τὴν
1463 2158 1705 2213 κάκωσιν
1736 2177 1796 2213 τε
1832 2161 1930 2215 καὶ

342 2241 694 2307 ταπείνωσιν,
715 2244 783 2314 ἥν
805 2246 897 2298 ἐπὶ
917 2245 1166 2301 πλεῖστον
1181 2247 1372 2321 χρόνον
1398 2250 1457 2303 ἐν
1483 2249 1670 2320 μέσοις
1694 2252 1930 2308 ἐποιεῖτο

342 2336 456 2398 τοῖς
485 2335 637 2400 ἰδίοις
668 2336 902 2409 ἐχθροῖς.

421 2426 740 2497 Ἀπόστητε
765 2428 868 2484 ἀπ’
895 2430 1065 2500 ἐμοῦ,
1089 2432 1314 2498 πάντες
1328 2437 1383 2488 οί
1413 2433 1787 2505 ἐργαζόμενοι
1812 2434 1929 2505 τὴν

336 2517 613 2589 ἀνομίαν,
660 2520 749 2575 ὅτι
809 2521 1142 2590 είσήκουσε
1182 2529 1398 2595 Κύριος
1433 2525 1543 2597 τῆς
1572 2528 1780 2599 φωνῆς
1816 2529 1928 2584 τοῦ

338 2611 651 2681 κλαυθμοῦ
684 2629 824 2681 μου.
871 2613 1219 2682 Εῑσήκουσε
1247 2618 1465 2686 Κύριος
1489 2619 1601 2689 τῆς
1661 2619 1927 2688 δώσεώς

332 2720 475 2772 μου,
523 2705 743 2774 Κύριος
802 2705 920 2775 τὴν
947 2707 1306 2778 προσευχήν
1337 2727 1458 2780 μου
1495 2712 1921 2780 προσεδέξατο.

336 2798 830 2866 Αίσχυνθείησαν
896 2799 1000 2855 καὶ
1062 2802 1515 2871 ταραχθείησαν
1580 2804 1804 2873 πάντες
1870 2810 1927 2863 οἱ

334 2887 540 2957 ἐχθροί
562 2906 705 2958 μου,
752 2890 1274 2963 ὲπιστραφείησαν
1312 2897 1414 2951 καὶ
1445 2899 1928 2968 αἰσχυνθείησαν

335 2978 574 3048 σφόδρα
626 2979 725 3036 διὰ
769 2980 1013 3051 τάχους.
1081 2985 1352 3059 Ἐπηκόου
1403 2989 1581 3060 τυχὼν
1621 2989 1716 3044 τοῦ
1763 2990 1920 3059 Θεοῦ,

335 3070 656 3142 ἐπιστρέφει
704 3072 868 3127 πάλιν
895 3074 1033 3146 πρὸς
1071 3076 1233 3131 αὐτὸν
1257 3079 1356 3150 τὴν
1385 3081 1571 3152 εὐχὴν,
1605 3082 1701 3136 καὶ
1739 3100 1921 3155 παρα-

2052 588 2569 657 comprehendatur.
2590 589 2955 657 Quamobrem
2975 588 3051 645 ait
3071 610 3083 646 :
3102 591 3210 648 Pro
3226 608 3332 647 una
3351 601 3510 649 nocte
3526 610 3635 665 qua

2047 688 2331 751 peccatum
2362 683 2579 747 admisi,
2620 700 2717 754 per
2755 684 3000 754 singulas
3033 692 3223 740 noctes
3260 685 3542 753 conﬁteor,
3578 689 3634 744 id

2046 782 2303 843 satagens
2334 784 2392 829 ut
2435 776 2704 845 meipsum
2754 784 2809 831 et
2864 777 3063 831 lectum
3114 777 3172 832 in
3222 793 3329 848 quo
3386 780 3630 849 peccavi,

2045 865 2383 936 paenitentiae
2436 866 2693 938 lacryinis
2744 868 2984 925 abluam.
3037 866 3215 924 Probe
3269 869 3386 924 scio
3444 871 3629 935 enim,

2043 959 2260 1015 etiamsi
2318 959 2700 1015 remissionem
2749 960 3099 1031 polliceatur,
3136 977 3224 1017 me
3292 963 3633 1033 lacrymandi

2043 1059 2227 1108 tamen
2287 1051 2447 1108 linem
2511 1068 2794 1124 nunquam
2858 1053 3155 1109 facturum.
3197 1052 3339 1109 ll-lud
3390 1062 3570 1109 autem
3613 1075 3626 1111 :

2042 1142 2175 1211 Quis
2208 1143 2542 1213 conﬁtebitur
2584 1143 2723 1201 tibi?
2769 1145 2892 1200 loco
2920 1146 3096 1213 verbi,
3138 1146 3338 1211 nullus,
3391 1147 3633 1216 positum

2040 1243 2146 1302 est,
2177 1252 2355 1308 neque
2390 1238 2539 1293 enim
2573 1238 2905 1310 paucitatem
2936 1237 3316 1295 conﬁtentium
3360 1255 3509 1295 nunc
3554 1240 3633 1297 si-

2038 1327 2281 1400 gniﬁcat.

2110 1418 2278 1477 Vens.
2313 1420 2368 1477 8.
2407 1421 2673 1477 Turbatus
2698 1431 2777 1478 est
2807 1440 2840 1477 ιι
2873 1423 3054 1493 furore
3087 1422 3272 1478 oculus
3321 1441 3465 1480 meus
3505 1441 3524 1479 :
3555 1426 3633 1480 in-

2039 1514 2266 1566 veteravi
2298 1514 2434 1568 inter
2485 1531 2664 1569 omnes
2713 1516 2957 1571 inimicos
3011 1533 3172 1573 meos.
3210 1517 3493 1583 Memoria,
3545 1522 3633 1575 in-

2039 1607 2179 1676 quit,
2210 1605 2413 1663 furoris
2460 1609 2662 1678 iraeque
2691 1617 2797 1663 tuae
2829 1619 3069 1665 mentem
3113 1625 3289 1666 meam
3338 1613 3577 1668 turbavit
3611 1634 3625 1670 :

2038 1697 2185 1766 quod
2213 1697 2393 1767 ipsum
2448 1696 2702 1755 Salvator
2746 1699 2836 1756 his
2878 1701 3063 1758 verbis
3111 1703 3301 1759 docuit
3335 1721 3352 1761 :
3382 1704 3627 1760 Lucerna

2037 1792 2275 1858 corporis
2328 1792 2404 1844 tui
2463 1799 2543 1845 est
2592 1791 2775 1847 oculus
2810 1802 2933 1848 tuus
2973 1795 3045 1850 ⁷⁸.
3079 1794 3269 1867 Neque
3308 1798 3457 1854 enim
3506 1797 3626 1854 ﬁeri
3734 1868 3741 1873 _

2034 1888 2236 1951 potest,
2266 1891 2326 1936 ut
2360 1900 2503 1939 unus
2538 1892 2752 1940 tantum
2782 1902 2849 1941 ex
2873 1886 3092 1944 duobus
3116 1889 3295 1945 oculis
3327 1891 3398 1945 sit
3428 1906 3627 1963 corpo-

2032 1978 2112 2033 ris
2161 1976 2384 2031 lucerna
2418 1995 2430 2030 :
2470 1983 2525 2029 at
2557 1992 2736 2047 neque
2778 1993 3080 2050 corporeus
3137 1982 3335 2037 oculus
3368 1998 3398 2037 a
3436 1982 3627 2039 furore

2031 2066 2128 2123 Dei
2151 2066 2429 2122 turbatur.
2467 2064 2616 2121 Inter
2647 2074 2799 2122 recte
2827 2067 2973 2123 facta
3019 2084 3153 2125 vero
3197 2071 3540 2127 calamitates
3568 2078 3625 2127 et

2028 2174 2304 2216 erumnas
2332 2174 2463 2215 suas
2492 2167 2814 2239 enumerat;
2857 2160 2914 2215 in
2943 2161 3146 2232 quibus
3175 2161 3511 2218 recensenda
3539 2169 3625 2218 est

2029 2251 2253 2307 aﬂlictio
2280 2251 2372 2305 illa
2406 2257 2461 2305 et
2491 2249 2749 2320 abjectio,
2784 2267 2948 2322 quam
2975 2250 3241 2308 diuturno
3273 2262 3515 2324 tempore
3538 2252 3626 2307 iii--

2028 2354 2111 2399 ter
2143 2342 2355 2398 medios
2386 2341 2641 2397 inimicos
2667 2357 2966 2414 perpessus
2986 2350 3093 2399 est.

2098 2434 2267 2493 Vens.
2328 2434 2486 2490 9—H.
2547 2433 2812 2489 Discedite
2866 2452 2901 2489 a
2953 2452 3075 2501 me;
3106 2451 3285 2490 omnes
3322 2436 3411 2506 qui
3436 2450 3624 2505 opera-

2026 2528 2159 2582 mini
2186 2517 2540 2599 iniquitatem,
2579 2527 2831 2598 quoniam
2858 2527 3127 2581 exaudivit
3161 2526 3420 2582 Dominus
3449 2544 3622 2582 vocem

2025 2620 2182 2689 ﬂetus
2215 2620 2339 2673 mei.
2376 2616 2664 2671 Exaudivit
2691 2616 2948 2673 Dommus
2980 2617 3400 2688 deprecationem
3425 2636 3619 2687 meam,

2029 2710 2287 2765 Dominus
2339 2709 2633 2764 orationem
2668 2726 2839 2764 meam
2881 2712 3131 2779 suscepit.
3199 2709 3531 2766 Erabescant
3571 2721 3624 2768 et

2026 2798 2400 2855 conturbentur
2465 2817 2643 2856 omnes
2693 2802 2900 2856 inimici
2960 2802 3084 2865 mei,
3138 2802 3538 2873 confundantur
3570 2816 3623 2861 et

2024 2892 2332 2948 erubescant
2366 2892 2518 2947 valde
2550 2892 2812 2948 velociter.
2865 2893 3005 2949 Cum
3056 2892 3231 2949 Deum
3290 2894 3394 2949 sibi
3432 2896 3621 2966 propi-

2024 2991 2162 3046 tium
2192 2996 2388 3045 nactus
2415 2988 2508 3055 sit,
2544 2988 2614 3044 ad
2657 2988 2836 3059 ipsum
2890 2986 3072 3042 denuo
3121 2986 3427 3041 orationem
3460 3003 3620 3043 suam

2025 3084 2331 3150 convertit;
2391 3089 2658 3153 rogatque
2690 3088 2751 3135 ut
2798 3078 3061 3135 recedant
3100 3085 3157 3133 et
3208 3078 3619 3134 confundantur

333 3161 492 3215 καλεῖ
540 3163 683 3235 πρὸς
710 3162 773 3217 τὸ
827 3165 1179 3239 ἀναχωρῆσαι
1210 3169 1305 3223 καὶ
1346 3172 1703 3245 αἰσχυνθῆναι
1749 3174 1915 3229 αὐτοῦ

2023 3176 2229 3232 inimici
2255 3176 2360 3238 sui,
2398 3182 2687 3245 postquam
2713 3172 2926 3229 insidia:
2946 3173 3214 3244 ipsorum,
3244 3169 3356 3228 Deo
3387 3172 3491 3229 sibi
3518 3188 3619 3245 per

330 3256 458 3319 τοὺς
482 3254 730 3327 ἐχθροὺς,
784 3257 1157 3329 ἀποτυχόντας
1189 3263 1247 3314 ὲν
1282 3255 1364 3326 οἷς
1393 3262 1813 3330 ἐπεϐούλευσαν,
1851 3265 1918 3320 δι’

329 3341 406 3403 ὧν
434 3348 584 3419 αὐτῷ
606 3348 737 3415 Θεὸς
759 3349 857 3423 τὴν
891 3352 1168 3425 σωτηρίαν
1194 3354 1519 3426 παρέσχετο.
1560 3355 1726 3423 Ἀξιοί
1747 3357 1803 3412 δὲ
1824 3360 1920 3413 καὶ

329 3441 451 3495 Αίαν
505 3441 702 3507 αὐτοὺς
732 3442 1103 3515 ταραχθῆναιο
1135 3444 1164 3499 ὃ
1197 3445 1263 3518 δὴ
1293 3448 1511 3514 πάντως
1542 3449 1739 3517 αὐτοὺς
1776 3451 1920 3506 κατὰ

327 3534 421 3589 τὸν
453 3536 643 3608 καιρὸν
688 3536 789 3608 τῆς
838 3536 933 3590 τοῦ
974 3538 1108 3592 Θεοῦ
1172 3539 1570 3612 δικαιοκρισίας
1616 3542 1914 3609 ἐκδέξεται.

749 3654 1043 3709 ΨΑΛΜΟΣ
1069 3656 1157 3710 Ta
1188 3657 1388 3711 ΔΑΥΙΔ
1421 3659 1497 3711 Z'.

336 3763 439 3817 Ὃν
465 3757 584 3836 ᾖσε
606 3762 690 3831 τῷ
738 3733 940 3834 Κυρίῷ
985 3767 1142 3893 τξτὲρ
1180 3768 1303 3850 τῷν
1336 3772 1539 3842 λόγων
1559 3772 1748 3826 Χουσὶ
1778 3772 1917 3828 υιοῠ

1038 3855 1255 3893 ειιενει.

1038 3855 1255 3907 emet.

399 3949 577 4018 Κύριε
599 3952 633 4004 ὀ
668 3952 813 4018 Θεός
833 3969 976 4022 μου,
1011 3952 1112 4006 ἐπὶ
1142 3954 1242 4010 σοὶ
1277 3954 1515 4024 ἤλπισα
1539 3972 1552 3987 ο
1598 3953 1808 4010 σῶσόν
1834 3974 1915 4028 με

325 4039 396 4096 ἐκ
422 4040 665 4097 πάντων
700 4044 825 4100 τῶν
861 4044 1198 4100 διωκόντων
1214 4064 1312 4116 με,
1349 4046 1448 4102 καὶ
1466 4047 1658 4116 ῥῦσαί
1665 4065 1764 4119 με,
1793 4049 1912 4118 μή·

323 4148 471 4189 ποτε
498 4133 742 4207 ἁρπάσῃ
774 4136 857 4202 ὡς
886 4134 1046 4191 λέων
1070 4137 1187 4206 τὴν
1219 4138 1432 4207 ψυχήν
1454 4158 1596 4209 μου,
1622 4139 1710 4210 μὴ
1737 4140 1913 4208 ὄντος

322 4227 759 4298 λυτρουμένου,
785 4228 942 4298 μηδὲ
972 4228 1284 4297 σώζοντος.
1317 4231 1433 4285 Οὐκ
1460 4233 1547 4286 ἐπ’
1578 4232 1907 4305 ἀνθρώποις,

323 4321 444 4374 οὐδὲ
478 4321 807 4392 συμϐουλαῖς
858 4321 1190 4396 ἀνθρώπων,
1231 4323 1265 4395 ἢ
1322 4324 1554 4396 στρατοῦ
1581 4325 1778 4398 πλήθει
1809 4327 1911 4394 τὰς

322 4413 464 4514 ἐμὰς
503 4414 725 4479 ἐλπίδας
776 4416 1114 4489 ἀπήρτησα·
1155 4417 1248 4470 Διό
1301 4434 1369 4489 με
1421 4417 1581 4490 ῥῦσαι
1630 4419 1908 4492 πολεμίων

2020 3284 2115 3325 eas
2157 3270 2388 3327 salutem
2441 3266 2778 3333 conferente,
2809 3266 2951 3322 male
2979 3275 3288 3322 cesserunt.
3350 3263 3615 3322 Precatu:

2019 3368 2224 3427 autem,
2262 3367 2323 3416 ut
2377 3359 2728 3416 vehementer
2780 3357 3223 3414 conturbentur:
3282 3358 3430 3428 quod
3479 3358 3616 3428 ipsis

2019 3456 2307 3527 sane‘justi
2330 3454 2429 3520 Dei
2454 3453 2651 3527 judicii
2686 3462 2934 3524 tempore
2973 3461 3298 3507 eventurum
3329 3458 3438 3506 est.

2418 3650 2744 3708 PSALMUS
2781 3648 2997 3706 DAVID
3036 3648 3152 3705 VII.

2015 3767 2070 3822 1.
2129 3766 2298 3832 Quem
2351 3768 2586 3821 cantavit
2632 3765 2860 3819 Domino
2906 3781 3003 3833 pro
3054 3764 3230 3820 verbis
3285 3763 3453 3821 Clausi
3509 3765 3613 3834 ﬁlii

2708 3835 2739 3890 J
2748 3836 2848 3890 emi
2856 3838 2930 3890 ni.

2082 3949 2248 4007 Vens.
2278 3951 2335 4017 2,
2365 3951 2419 4005 5.
2454 3950 2679 4004 Domine
2723 3950 2867 4004 Deus
2925 3967 3097 4018 meus,
3144 3951 3204 4006 in
3258 3960 3306 4005 te
3338 3951 3548 4021 speravi
3577 3970 3599 4007 :

2010 4047 2217 4098 salvum
2282 4059 2364 4097 me
2423 4042 2512 4112 fac
2569 4057 2635 4096 ea:
2694 4042 2937 4096 omnibus
2991 4044 3423 4115 persequentibus
3486 4061 3607 4111 me,

2008 4148 2060 4190 et
2093 4134 2259 4190 libera
2287 4150 2389 4188 me.
2415 4132 2712 4203 Nequando
2744 4134 2921 4202 rapiat
2949 4143 3009 4187 ut
3038 4134 3120 4189 leo
3149 4136 3384 4188 animam
3413 4151 3604 4202 meam,

2009 4227 2136 4281 dum
2181 4243 2285 4282 non
2330 4235 2409 4281 est
2436 4226 2525 4297 qui
2579 4224 2831 4289 redimat,
2864 4240 3028 4290 neque
3054 4225 3145 4297 qui
3183 4224 3389 4279 Saluum
3414 4225 3602 4294 faciat.

2008 4319 2365 4391 Nequaquam
2397 4320 2451 4374 in
2487 4318 2839 4383 hominibus,
2875 4332 3056 4388 neque
3087 4317 3143 4371 in
3194 4316 3445 4372 consiliis
3499 4316 3602 4370 ho-

2012 4413 2243 4480 minum,
2274 4426 2452 4481 neque
2481 4411 2536 4464 in
2566 4409 2844 4467 exercitus
2894 4408 3070 4478 copiis
3103 4422 3255 4477 spem
3285 4422 3461 4462 meam
3513 4424 3605 4463 re—

327 4498 416 4576 μόι
438 4504 707 4560 τοσούτων
752 4507 1119 4578 ἐπικειμένων
1147 4508 1236 4564 διὰ
1262 4511 1485 4575 παντός.
1508 4511 1583 4565 Οὐ
1620 4512 1780 4583 μόνον
1813 4512 1909 4567 νῦν

2023 4504 2171 4573 posui
2209 4520 2222 4556 :
2256 4508 2590 4572 quapropter
2622 4514 2652 4553 a
2675 4505 2757 4553 tot
2791 4513 3010 4570 semper
3039 4498 3378 4555 instantibus
3418 4500 3604 4555 inimi-

335 4596 710 4670 Ἀϐεσσαλὼμ,
768 4601 862 4654 καὶ
905 4601 1206 4672 Ἀχιτόφελ,
1241 4604 1335 4657 καὶ
1374 4601 1484 4655 τῶν
1534 4604 1635 4657 σὺν
1678 4604 1863 4668 αὐτοῖς
1885 4621 1901 4636 ·

320 4688 459 4743 ἀλλὰ
488 4690 583 4743 καὶ
599 4689 768 4744 πάλαι
799 4690 904 4763 νέῳ
930 4691 1044 4744 δντι
1076 4692 1249 4747 Σαούλ
1287 4710 1345 4747 τε
1377 4693 1470 4747 καὶ
1499 4694 1767 4749 πλείστων
1794 4694 1904 4750 τῶν

319 4798 381 4834 τε
401 4780 468 4835 δι’
493 4781 672 4836 αὐτῶν
696 4784 918 4853 ἀφανῶς
954 4801 1044 4856 μοι
1075 4785 1454 4857 πολεμούντων
1484 4786 1758 4859 δαιμόνων
1781 4805 1795 4819 °
1827 4782 1904 4843 ὧν

322 4875 451 4946 περὶ
474 4873 568 4927 τοῦ
596 4874 855 4949 ἄρχοντος
876 4878 1089 4950 εἴρηται
1109 4895 1123 4909 θ
1169 4879 1223 4932 Ὁ
1249 4880 1552 4947 ἀντίδικος
1590 4879 1760 4950 ὑμῶν
1778 4879 1906 4935 διά-

321 4968 501 5033 ϐολος
545 4973 634 5032 ὡς
682 4967 841 5023 λέων
891 4968 1230 5039 ὠρυόμενος
1284 4973 1653 5043 περιέρχεται
1714 4970 1906 5043 ζητῶν

318 5060 457 5115 τινα
508 5063 769 5133 καταπίῃ
794 5081 808 5096 ο
843 5064 903 5130 ἐξ
925 5058 986 5118 οῦ
1013 5065 1248 5136 μάλιστα
1281 5067 1542 5141 ῥυσθῆναι
1574 5070 1898 5143 παρακαλῶ.

391 5336 565 5404 Κύριε
592 5337 626 5390 ό
653 5336 795 5403 Θεός
829 5354 971 5406 μου,
1004 5339 1056 5391 εί
1096 5338 1355 5407 ἐποίησα
1402 5340 1597 5403 τοῦτο,
1639 5343 1692 5395 ei
1731 5342 1904 5397 ἔστιν

318 5429 522 5486 ἀδικία
552 5431 622 5483 ἐν
651 5431 826 5501 χερσί
851 5448 992 5501 μου,
1030 5435 1083 5487 εὶ
1121 5432 1512 5489 ἀνταπέδωκα
1556 5434 1682 5501 τοῖς
1718 5435 1901 5489 ἀντα-

320 5519 638 5576 ποδιδοῦσί
679 5540 781 5592 μοι
829 5522 986 5577 κακά
1005 5563 1019 5589 ,
1056 5524 1418 5595 ἀποπέσοιμι
1460 5524 1575 5594 ἄρα
1621 5525 1740 5581 ἀπὸ
1782 5525 1903 5582 τῶν

318 5600 549 5682 ἐχθρῶν
568 5632 689 5685 μοι)
716 5618 1093 5689 κενός.”οσην
1112 5617 1233 5687 ἄγει
1256 5618 1567 5691 παρρησίαν
1589 5620 1681 5673 ἐπὶ
1711 5619 1789 5692 τῷ
1820 5620 1895 5692 μὴ

323 5711 704 5778 μνησικακεῖνῐ
754 5710 1058 5783 Ἐξαίρετον
1097 5712 1206 5782 γὰρ
1243 5710 1404 5766 τοῦτο
1438 5712 1770 5785 κατόρθωμα
1799 5711 1895 5768 τοῦ

389 5869 435 5901 ⁷⁸
476 5868 665 5925 Μειιιῐι.
699 5886 776 5940 Vl,
817 5867 906 5931 22.
986 5869 1029 5900 ⁷⁷
1073 5867 1089 5923 1
1124 5866 1267 5924 Petr.
1306 5884 1336 5920 v
1361 5907 1376 5922 .
1408 5868 1461 5923 8.

2011 4596 2094 4650 cis
2125 4595 2277 4665 eripe
2330 4609 2434 4648 me.
2470 4590 2657 4662 Neque
2712 4592 2890 4647 solum
2919 4591 3067 4645 enim
3118 4590 3188 4646 ab
3228 4589 3505 4647 Absalone
3545 4602 3603 4648 et

2010 4687 2366 4757 Achitophelc
2422 4700 2722 4755 eorumque
2779 4681 3112 4755 sequacibus
3177 4682 3272 4753 qui
3329 4697 3418 4738 me
3451 4698 3599 4739 nunc

2012 4781 2374 4846 adoriuntur;
2411 4777 2509 4833 sed
2552 4776 2667 4848 jam
2705 4776 2840 4832 olim
2886 4773 3108 4844 juvenis
3137 4787 3265 4828 cum
3303 4787 3507 4839 essem,
3564 4789 3597 4829 a

2014 4874 2200 4935 Saule.
2237 4882 2291 4929 et
2316 4889 2345 4927 a
2374 4872 2561 4927 multis
2590 4872 2682 4941 qui
2714 4885 2802 4925 me
2834 4869 3011 4939 ipsius
3036 4881 3203 4938 opera
3236 4865 3377 4922 clam
3408 4865 3598 4941 impu-

2009 4967 2253 5039 gnabant
2301 4964 2664 5025 daemonibus.
2711 4961 2781 5017 de
2828 4974 3062 5031 quorum
3094 4958 3341 5029 principe
3385 4958 3593 5014 dictum

2009 5054 2507 5114 est:Adversarius
2557 5063 2724 5108 uester
2771 5048 3039 5112 diabolus,
3080 5057 3331 5119 tanquam
3387 5047 3466 5101 leo
3500 5063 3597 5100 rue

2008 5156 2153 5223 giens
2174 5150 2362 5204 circuit
2379 5163 2621 5218 quaerens
2643 5162 2794 5217 quem
2827 5144 3037 5199 deuoret
3062 5143 3129 5194 ".
3160 5142 3206 5195 A
3227 5157 3337 5213 quo
3358 5157 3592 5212 preser-

2007 5247 2102 5299 tim
2127 5261 2214 5299 me
2237 5245 2435 5299 liberes
2460 5257 2612 5312 rogo.
3125 5268 3129 5273 -
3527 5242 3534 5248 '

2062 5337 2231 5392 Vens.
2264 5337 2319 5399 4,
2345 5336 2399 5390 5.
2432 5334 2652 5389 Domine
2678 5332 2813 5387 Deus
2848 5346 3014 5392 meus,
3032 5330 3079 5383 si
3107 5329 3207 5398 feci
3236 5329 3401 5393 istud,
3438 5330 3485 5381 si
3507 5337 3588 5402 est

2007 5432 2264 5502 iniquitas
2308 5429 2362 5484 in
2399 5428 2642 5482 manibus
2686 5426 2816 5480 meis
2850 5438 2869 5477 :
2905 5424 2954 5478 si
2989 5421 3198 5477 reddidi
3244 5420 3585 5475 retribuenti-

2007 5527 2102 5582 bus
2142 5525 2271 5579 mihi
2322 5523 2490 5586 mala,
2522 5519 2767 5576 decidant
2822 5517 3009 5572 merito
3049 5516 3116 5570 ab
3172 5514 3403 5569 inimicis
3450 5526 3585 5570 mas

2002 5618 2202 5673 inanis.
2253 5614 2527 5682 Quantam
2551 5627 2619 5667 ex
2657 5610 2936 5666 oblivione
2978 5606 3304 5678 iniuriarum
3354 5620 3418 5660 ac
3445 5602 3584 5659 tole-

2000 5710 2180 5766 rantia
2211 5706 2465 5763 ﬁduciam
2498 5701 2669 5759 David
2698 5700 2952 5758 exhibet!
2988 5698 3116 5755 llaec
3143 5710 3276 5755 sane
3306 5692 3581 5765 praecipua
