4096 6416
504 264 610 321 125

1148 266 1427 326 EUSEBII
1460 270 1944 332 CAESARIENSIS
1982 277 2133 334 OPP.
2173 279 2359 336 PARS
2395 280 2482 335 Ill.
2523 308 2595 320 —
2627 280 3039 340 EXEGETICA.

3674 281 3781 337 124

502 387 626 455 ejus
656 387 835 444 virtus
857 396 975 456 est,
1003 395 1064 444 ut
1113 388 1320 462 Moysis
1360 395 1756 450 mansuetudo:
1788 396 1921 450 Erat
1950 400 2062 451 enin

2190 400 2386 453 Δαυῖδ·
2428 403 2504 465 ὡς
2532 402 2627 455 τοῦ
2660 405 2759 474 μὲν
2785 406 3062 469 Μωῦσὲως
3101 406 3163 460 τὸ
3205 409 3403 479 πρᾶονο
3437 405 3634 475 Πρᾶος
3665 407 3779 476 γὰρ

501 477 812 534 mitissimus
845 497 1003 549 super
1035 499 1213 538 omnes
1264 482 1498 538 homines
1535 488 1627 555 qui
1658 488 2006 543 morabantur
2030 492 2083 544 in

523 580 666 625 terra
683 572 765 635 7",
788 572 1084 628 Abrahami
1120 574 1287 630 ﬁdes:
1320 575 1558 631 Credidit
1586 580 1733 634 enim
1774 580 1901 646 Deo,
1933 592 1983 635 et
2002 600 2084 637 re-

498 673 746 733 putatum
779 674 856 720 est
887 667 937 720 ei
960 667 1011 721 in
1032 666 1404 736 justitiam";
1436 668 1560 726 Jobi
1594 673 1877 743 patientia.
1925 672 2084 730 Jose-

499 754 594 824 pbi
643 757 1002 821 continentia,
1051 756 1363 817 Salomonis
1406 763 1698 833 sapientia.
1742 763 1904 821 Certe
1953 783 2082 831 san:

499 853 717 899 ctorum
749 850 969 919 egregia
1014 850 1220 916 virtus,
1265 868 1376 907 non
1410 854 1468 909 in
1496 856 1664 912 rebus
1702 856 1894 912 iisdem
1924 860 2081 913 testi—

499 938 747 991 monium
799 942 1049 1011 accepit;
1101 943 1195 998 sed
1248 944 1305 999 in
1355 960 1464 1015 quo
1516 948 1834 1003 certaminis
1885 966 2081 1021 genere

499 1030 864 1099 przecellebat.
902 1030 1074 1088 David
1117 1034 1285 1106 igitur
1329 1037 1424 1107 qui
1468 1053 1688 1110 semper
1731 1042 2078 1099 tolerantiam

499 1119 938 1193 oblivionemque
983 1123 1314 1196 injuriarum
1346 1131 1572 1198 expetiit
1595 1170 1609 1193 ,
1642 1131 1692 1185 id
1724 1132 1868 1201 apud
1911 1132 2076 1189 Deum

499 1213 782 1268 contendit
812 1224 869 1269 ut
894 1218 1048 1285 paria
1073 1228 1464 1289 consequatur.
1510 1220 1646 1276 Nam
1683 1239 1713 1277 a
1755 1222 1960 1295 Spiritu
1995 1227 2095 1281 di-A

498 1303 627 1358 vino
664 1305 963 1362 edidicerat
988 1307 1232 1365 futuram
1254 1312 1401 1366 illam
1434 1311 1735 1370 Salvatoris
1761 1319 2079 1387 promissio-

501 1411 663 1451 nem:
719 1397 779 1453 Si
811 1401 1129 1456 dimiseritis
1158 1404 1459 1459 hominibus
1505 1416 1721 1475 peccata
1752 1426 1954 1473 eorum,
1988 1412 2074 1464 di-

498 1490 672 1544 mittet
698 1501 745 1545 et
776 1492 917 1547 vobis
948 1493 1117 1550 Pater
1142 1506 1306 1550 uester
1335 1499 1561 1553 cwlestis
1584 1499 1777 1554 delicta
1805 1513 1979 1555 vestra
2001 1504 2068 1558 "°.

498 1575 683 1642 Quare
729 1595 852 1633 cum
914 1594 1309 1652 congruentem
1355 1587 1618 1645 edidisset
1667 1590 2070 1660 pmnitentiam,

494 1670 710 1723 veniam
737 1683 1070 1730 consecutus
1101 1685 1205 1731 est.

2190 486 2272 560 ἦν
2298 493 2457 560 παρὰ
2484 493 2715 560 πάντας
2738 496 2883 563 τοὺς
2910 496 3258 565 ἀνθρώπους
3283 499 3423 565 τοὺς
3456 499 3634 564 ὄντας
3674 496 3779 549 ἐπὶ

2190 582 2303 651 τῆς
2338 582 2482 653 γῆς’
2531 584 2626 637 τοῦ
2674 586 2926 659 Ἀϐραὰμ
2972 587 3028 641 δὲ
3071 591 3103 659 ἡ
3152 589 3363 653 πίστις’
3414 589 3780 643 Ἐπιστευσε

2189 675 2299 747 γὰρ
2338 675 2417 741 τῷ
2449 675 2590 742 Θεῷ,
2620 678 2714 730 καὶ
2738 678 3027 748 ἐλογίσθη
3049 680 3211 746 αὐτῷ
3229 683 3315 747 εὶς
3341 680 3737 748 δικαιοσύνην
3757 694 3775 710 ⁶

2189 767 2288 820 καὶ
2328 767 2422 820 τοῦ
2461 765 2583 821 Ἰὼϐ
2616 771 2648 839 ἡ
2683 770 2967 843 καρτερία,
2998 772 3091 824 καὶ
3133 773 3329 843 Ἰωσὴφ
3358 775 3391 842 ἡ
3426 773 3776 844 σωφροσύνη,

2189 857 2286 911 καὶ
2322 861 2355 930 ἡ
2408 861 2569 928 σοφία
2616 860 2711 913 τοῦ
2765 862 3135 933 Σαλομῶντος.
3174 865 3284 917 Καὶ
3310 863 3370 915 τὸ
3408 863 3631 936 στερρὸν
3664 862 3778 916 τῶν

2189 949 2362 1018 ἁγίων
2390 952 2488 1004 ούκ
2521 952 2615 1005 ἐπὶ
2641 954 2756 1016 τοῖς
2788 955 2970 1018 αὐτοῖς
3002 957 3450 1027 μεμαρτύρηται·
3489 954 3603 1009 ἀλλ’
3636 956 3695 1007 ἐν
3727 949 3777 1022 ᾧ

2187 1047 2383 1113 κρατεῖ
2404 1045 2689 1117 παραδόξῳ
2711 1047 3070 1118 παλαίσματι,
3094 1048 3256 1101 Δαυῒδ
3275 1049 3453 1101 τοίνυν
3475 1049 3504 1100 ό
3524 1047 3611 1101 διὰ
3637 1064 3778 1099 παν-

2185 1136 2278 1199 τὸς
2308 1137 2684 1208 ἀμνησίκακον
2718 1138 2905 1208 ᾔτησε,
2943 1140 3212 1209 προτείνει
3240 1133 3368 1203 Θεῷ
3413 1139 3520 1191 τῶν
3550 1137 3679 1191 ἵει-ων
3712 1135 3779 1202 ἐξ

2186 1228 2354 1282 αὐτοῦ
2399 1232 2581 1299 τυχεῖν
2629 1229 3195 1301 ἐξαιτούμενος.”ῌδει
3225 1229 3330 1302 γὰρ
3374 1232 3438 1282 ὲκ
3484 1230 3577 1282 τοῦ
3622 1229 3775 1283 θείου

2185 1321 2503 1390 Πνεύματος
2544 1321 2641 1392 τὴν
2688 1322 2984 1392 μέλλουσαν
3026 1323 3120 1375 τοῦ
3160 1323 3409 1393 Σωτῆρος
3439 1321 3775 1391 ἐπαγγελίαν

2182 1415 2305 1486 τὴν,
2325 1414 2465 1469 Ἐὰν
2490 1414 2681 1484 ἀφῆτε
2715 1416 2838 1481 τοῖς
2868 1414 3198 1482 ἀνθρώποις
3232 1413 3301 1467 τὰ
3329 1413 3777 1481 παραπτώματα

2182 1507 2402 1574 αὐτῶν,
2428 1508 2650 1576 ἀφήσει
2680 1507 2776 1560 καὶ
2802 1506 2941 1575 ὑμῖν
2968 1510 3001 1559 ό
3027 1504 3231 1572 Πατὴρ
3256 1503 3466 1573 ὐμῶνό
3491 1504 3777 1571 οὐράνιος

2181 1598 2254 1651 τὰ
2288 1596 2729 1666 παραπτώματα
2763 1596 2948 1664 ὑμῶν.
2972 1594 3064 1647 Διὸ
3091 1592 3232 1665 μετὰ
3254 1593 3350 1663 τὴν
3381 1593 3569 1663 ἱκανὴν
3598 1592 3773 1663 μετὰ·

2180 1704 2334 1741 νοιαν
2370 1688 2527 1758 ἔτυχε
2563 1688 2662 1759 τῆς
2702 1689 2971 1757 ἀφέσεως.

567 1758 739 1816 Vens.
769 1763 822 1817 6.
864 1764 1224 1836 Persequatur
1263 1769 1510 1825 inimicus
1541 1773 1781 1828 animam
1810 1793 2001 1839 meam,
2025 1790 2062 1829 et

2170 1785 2179 1799 '
2245 1758 2627 1845 Katadubﬁ'at
2653 1781 2765 1849 ἄρα
2791 1784 2823 1834 ὀ
2849 1781 3064 1849 ἐχθρὸς
3101 1778 3213 1847 τὴν
3245 1781 3457 1848 ψυχήν
3477 1796 3616 1847 μου,
3666 1777 3771 1831 καὶ

492 1853 917 1920 comprehendat,
950 1865 999 1910 et
1028 1860 1302 1914 conculcet
1334 1863 1389 1915 in
1425 1871 1573 1917 terra
1601 1866 1769 1919 vitam
1795 1884 1989 1933 meam,
2022 1879 2070 1922 et

487 1945 717 2015 gloriam
771 1964 942 2001 meam
985 1951 1041 2002 in
1070 1952 1336 2019 pulverem
1384 1954 1635 2011 deducat.
1690 1957 1953 2015 Pluribus
1999 1962 2071 2016 ita

487 2036 672 2091 verbis
700 2036 965 2096 insistens
996 2041 1106 2095 ait:
1147 2041 1205 2097 Si
1230 2059 1350 2100 eam
1376 2060 1495 2100 rem
1532 2063 1641 2104 non
1670 2050 1845 2120 probe
1867 2055 2068 2123 egerim

486 2142 555 2182 ne
584 2144 614 2180 a
645 2138 871 2198 peccato
923 2140 1051 2187 ante
1099 2134 1312 2188 obitum
1362 2137 1583 2207 eripiar,
1631 2157 1814 2213 neque
1845 2144 2069 2214 gloriam

486 2233 664 2274 meam
704 2221 1000 2291 recipiam;
1032 2223 1128 2279 sed
1162 2225 1216 2279 in
1250 2226 1387 2296 ipsis
1405 2228 1615 2287 delictis
1632 2236 2080 2306 comprehendar,

486 2318 548 2363 ut
580 2310 841 2367 inimicus
877 2329 1054 2395 meus,
1102 2318 1334 2386 perinde
1378 2329 1543 2390 atque
1574 2322 1628 2377 in
1658 2328 1782 2394 ipso
1809 2329 2066 2396 peccandi

486 2410 754 2470 tempore,
784 2403 1025 2459 animam
1074 2424 1250 2463 meam
1292 2427 1511 2482 semper
1542 2416 1849 2483 conculcet,
1896 2418 2067 2475 donec

484 2505 550 2544 ea
584 2492 641 2545 in
673 2492 951 2563 pulverem
978 2499 1173 2555 mortis
1209 2510 1535 2557 revertatur.
1564 2503 1662 2560 Sin
1691 2516 1884 2562 contra
1904 2511 2067 2580 probe

483 2595 573 2636 me
597 2584 881 2651 gesserim,
918 2586 1233 2658 redemptus
1258 2606 1473 2661 ea-quze
1487 2609 1585 2663 par
1612 2604 1699 2651 est
1730 2612 2061 2669 consequar,

481 2688 661 2743 neque
692 2674 747 2729 in
777 2676 1057 2745 pulverem
1099 2684 1311 2750 peccati
1344 2687 1605 2751 carnalis,
1636 2688 1690 2742 in
1723 2705 1885 2759 quem
1915 2691 2065 2747 dela-

478 2777 615 2836 psus
641 2782 784 2830 sum,
816 2784 1187 2838 per-maneam.
1226 2771 1352 2828 Vita
1377 2775 1498 2844 ejus
1524 2779 1619 2847 qui
1647 2781 1853 2834 terreni
1889 2781 2065 2836 homi-

480 2857 570 2912 nis
600 2858 891 2930 imaginem
923 2863 1082 2933 gerit,
1113 2863 1183 2917 ab
1217 2864 1447 2921 inimico
1480 2868 1537 2923 in
1568 2878 1714 2925 terra
1742 2873 2062 2927 conculcata

479 2956 581 3002 est.
651 2948 1017 3015 Quamobrem
1065 2953 1177 3019 ille,
1210 2956 1428 3012 etiamsi
1476 2958 1725 3013 videatur
1772 2962 2065 3032 aliquando

479 3040 654 3109 gloria
682 3040 842 3106 allici,
887 3052 1129 3099 attamen
1171 3047 1347 3117 gloria
1368 3048 1488 3118 ejus
1517 3050 1576 3105 in
1621 3054 1845 3122 pulvere
1877 3054 2059 3123 jacet;

478 3131 673 3200 quales
706 3143 835 3187 sunt
881 3135 977 3204 qui
1020 3137 1204 3206 gloriae
1239 3154 1411 3193 causa
1453 3151 1644 3213 agunt,
1677 3142 1869 3201 laudes
1899 3162 2062 3217 expe-

477 3227 624 3282 tunt,
671 3222 754 3276 vel
786 3224 1095 3280 mercedem
1128 3227 1196 3281 ab
1223 3228 1545 3287 hominibus
1587 3244 1954 3304 aucupantur.

551 3308 720 3367 Vens.
743 3313 794 3378 7,
822 3313 874 3370 8.
908 3313 1171 3387 Exsurge,
1197 3318 1512 3386 Domine,in
1529 3324 1612 3376 ira
1628 3325 1721 3379 tua
1750 3336 1798 3380 et
1827 3329 2064 3386 exaltare

473 3400 532 3456 in
573 3403 771 3471 ﬁnibus
825 3407 1164 3462 inimicorum
1238 3421 1469 3468 tuorum.
1532 3415 1792 3489 Exsurge,
1842 3419 2062 3477 Domine

477 3494 617 3549 Deus
651 3512 818 3560 meus,
851 3499 904 3551 in
937 3511 1198 3569 prrerepto
1230 3505 1370 3573 quod
1396 3507 1688 3573 mandasti,
1720 3521 1770 3564 et
1793 3529 2060 3586 synagoga

477 3585 798 3655 populorum
844 3589 1197 3644 circumdabit
1251 3602 1319 3647 te.
1363 3593 1654 3651 Dominum
1684 3599 1956 3666 hortatur,
1999 3585 2057 3660 ut

476 3678 649 3733 veluti
679 3678 792 3732 dux
835 3681 1116 3738 exercitus
1158 3699 1282 3738 cum
1343 3685 1719 3757 indignatione
1757 3703 2055 3766 consurgat

475 3769 745 3825 adversus
770 3771 1074 3840 principem
1105 3775 1376 3831 exercitus
1409 3777 1765 3837 invisibilium
1804 3785 2052 3842 inimico-

474 3874 623 3923 rum,
650 3860 732 3914 sic
770 3874 897 3915 eum
931 3863 1303 3931 compellans:
1350 3864 1430 3920 Tu
1467 3868 1606 3938 ipse,
1634 3872 1725 3941 qui
1760 3873 1925 3930 nobis
1955 3875 2054 3930 bo-

474 3950 718 4006 minibus
764 3951 1072 4022 praecepisti
1129 3961 1188 4008 ut
1225 3967 1631 4025 concertemus,
1680 3962 1920 4034 idipsum
1969 3964 2053 4021 fa-

472 4043 603 4097 cito.
657 4041 730 4097 lis
758 4043 904 4097 enim
938 4043 1035 4098 abs
1065 4052 1115 4100 te
1147 4044 1348 4117 fugatis
1373 4064 1438 4104 ac
1471 4050 1689 4119 deletis,
1723 4070 1827 4126 ego
1863 4058 2050 4114 salvus

469 4148 564 4189 ero
590 4151 606 4200 ;
637 4149 817 4204 neque
846 4135 1021 4200 solus,
1068 4139 1161 4193 sed
1192 4140 1358 4219 etiam
1398 4141 1646 4200 Ecclesia
1684 4163 1750 4202 ex
1791 4151 2050 4219 gentibus

466 4222 833 4277 circumdabit
868 4231 944 4289 te,
988 4214 1269 4282 eliminata
1296 4231 1507 4288 scilicet
1534 4237 1685 4290 omni
1731 4214 2046 4296 daemonum

467 4328 676 4369 errore.
732 4312 791 4367 ln
832 4314 925 4367 illa
955 4330 1086 4371 sane
1114 4320 1263 4373 velut
1307 4320 1361 4375 in
1392 4323 1568 4378 choro
1610 4326 1824 4383 medius
1853 4333 2044 4386 consi-

2174 1870 2497 1924 καταλάϐοι
2545 1872 2641 1923 καὶ
2696 1870 3115 1935 καταπατῆσαι
3158 1873 3245 1934 εἰς
3282 1869 3399 1939 γῆν
3444 1868 3558 1935 τὴν
3613 1868 3773 1935 ζωήν

2165 1980 2309 2031 μου,
2345 1963 2439 2015 καὶ
2482 1962 2595 2030 τὴν
2624 1962 2812 2026 δόξαν
2834 1981 2953 2030 μου
2982 1964 3070 2027 εἰς
3097 1960 3249 2030 χοῦν
3278 1958 3767 2027 κατασκηνώσαι.

2170 2054 2579 2123 Διατεινόμενος
2605 2053 2661 2105 δέ
2691 2069 2856 2122 φησιν
2875 2070 2889 2082 ·
2918 2053 2980 2104 Εἰ
3012 2053 3085 2122 μὴ
3120 2050 3457 2121 κατώρθωσα
3484 2050 3661 2114 τοῦτο,
3688 2049 3769 2121 μὴ

2173 2140 2599 2213 ὲλευθερωθείην
2630 2143 2737 2213 πρὸ
2758 2142 2852 2196 τοῦ
2882 2141 3115 2195 Θανάτου
3148 2142 3249 2211 τῆς
3287 2141 3585 2212 ἁμαρτίας,
3621 2140 3768 2211 μηδὲ

2169 2232 2270 2303 τὴν
2304 2235 2442 2305 ἐμὴν
2463 2234 2788 2305 ἀπολάϐοιμι
2805 2234 2979 2299 δόξαν,
3008 2235 3065 2288 ὲν
3094 2236 3284 2298 αὐταῖς
3313 2234 3369 2286 δέ
3402 2251 3500 2303 μου
3526 2233 3770 2303 καταλη-

2172 2326 2368 2396 φθείην
2393 2329 2515 2390 ταῖς
2546 2327 2860 2398 ἁμαρτίαις,
2899 2327 2965 2380 ἵν’
3003 2328 3079 2390 ὼς
3110 2329 3199 2381 ὅτε
3225 2328 3469 2399 ἥμαρτον
3494 2326 3636 2380 οὓτω
3667 2327 3769 2397 μέ-

2170 2436 2262 2489 χρι
2297 2418 2493 2482 παντὸς
2522 2418 2621 2489 τὴν
2656 2418 2792 2489 ἐμὴν
2818 2422 2847 2472 ὁ
2876 2418 3145 2490 δυσμενὴς
3176 2420 3536 2489 καταπατήσῃ
3558 2418 3763 2491 ψυχὴν,

2173 2508 2337 2580 μέχρι
2388 2508 2484 2561 τοῦ
2531 2510 2612 2573 εἰς
2660 2510 2787 2580 χοῦν
2814 2510 3156 2581 ὑποστρέψαι
3191 2509 3439 2563 θανάτου.
3476 2510 3538 2561 El
3571 2509 3628 2562 δὲ
3658 2526 3766 2563 κα-

2167 2599 2455 2672 τώρθωσα,
2484 2601 2702 2672 τύχοιμι
2744 2601 2852 2655 τῶν
2884 2601 3014 2654 ῐσων
3042 2602 3420 2674 λυτρούμενος,
3454 2603 3545 2655 καὶ
3579 2601 3655 2672 μὴ
3681 2604 3766 2667 εἰς

2167 2690 2228 2742 ὃν
2263 2690 2322 2757 ἐξ
2362 2693 2638 2763 ἁμαρτίας
2664 2693 2945 2746 κατέπεσα
2980 2693 3110 2764 χοῦν
3139 2692 3412 2762 ἐπιμένων
3439 2691 3541 2762 τῆς
3574 2709 3770 2764 σαρκι-

2167 2781 2272 2853 κῆς
2317 2786 2611 2855 ἁμαρτίας.
2631 2786 2693 2839 Ή
2723 2785 2834 2858 ζωὴ
2865 2786 2963 2839 τοῦ
2988 2786 3067 2839 ἔτι
3098 2786 3197 2855 τὴν
3236 2785 3417 2839 εἰκόνα
3448 2784 3540 2838 τοῦ
3572 2784 3764 2856 χοϊκοῦ

2166 2872 2459 2941 φοροῦντος
2511 2876 2972 2947 καταπεπάτηται
3020 2874 3125 2927 ὑπὸ
3154 2874 3249 2928 τοῦ
3285 2875 3478 2947 ἐχθροῦ
3505 2879 3585 2939 εἰς
3614 2876 3761 2947 τῆν’

2165 2959 2315 3027 οὗτος
2340 2964 2417 3030 δὲ,
2449 2965 2551 3019 κᾶν
2596 2965 2917 3032 δοξάζεσθαι
2971 2967 3103 3019 ποτὲ
3154 2966 3305 3037 δοκῇ,
3343 2968 3764 3038 κατεσκήνωσεν

2166 3057 2331 3110 αὑτοῦ
2424 3059 2551 3126 δόξα
2587 3061 2668 3123 εἰς
2698 3059 2848 3130 χοῦν,
2877 3060 2954 3123 ὡς
2981 3060 3092 3112 τῶν
3119 3060 3413 3113 ποιούντων
3449 3060 3539 3114 διὰ
3573 3059 3757 3124 δόξαν,

2168 3153 2261 3205 καὶ
2290 3154 2381 3207 τὸν
2410 3152 2540 3225 παρ’
2572 3152 2753 3205 αὐτῶν
2785 3152 3026 3215 ἔπαινον,
3061 3151 3095 3223 ἢ
3126 3152 3223 3223 τὴν
3250 3154 3377 3224 παρ’
3406 3152 3589 3216 αὐτοῖς
3614 3154 3759 3207 ἁπο-

2164 3244 2345 3317 δοχήν.

2249 3339 2580 3407 Ἀνάστηθι,
2616 3338 2815 3406 Κύριε,
2841 3337 2912 3391 ἐν
2942 3336 3020 3406 τῇ
3052 3337 3198 3408 ὀργῇ
3226 3355 3363 3402 σου,
3388 3339 3653 3409 ὑψώθητι
3683 3340 3759 3394 ἐν

2160 3428 2286 3494 τοῖς
2314 3428 2531 3498 πέρασι
2552 3428 2673 3483 τῶν
2699 3428 2931 3499 ἐχθρῶν
2952 3446 3088 3483 σου.
3109 3430 3497 3500 Ἐξεγέρθητι,
3519 3434 3696 3500 Κύριε
3719 3434 3757 3486 δ

2163 3522 2311 3585 Θεός
2335 3537 2478 3589 μου,
2517 3519 2589 3573 ἐν
2620 3519 3029 3591 προστάγματι
3054 3513 3103 3587 ᾧ
3138 3522 3433 3583 ἑνετείλω,
3466 3523 3562 3576 καὶ
3601 3538 3757 3577 συν-

2158 3612 2363 3683 αγωγὴ
2398 3611 2563 3666 λαῶν
2591 3611 2895 3666 κυκλώσει
2922 3628 3014 3668 σε.
3047 3609 3151 3702 Οἷα
3191 3614 3255 3686 δὴ
3298 3616 3599 3686 στρατηγὸν
3628 3617 3751 3672 δια-

2159 3706 2427 3776 ναστῆναι
2478 3706 2574 3758 σὺν
2627 3705 2997 3775 ἀγανακτήσει
3028 3705 3171 3759 κατὰ
3204 3705 3297 3759 τοῦ
3342 3706 3450 3760 τῶν
3499 3708 3752 3780 ἀοράτων

2159 3797 2437 3867 πολεμίων
2463 3797 2722 3866 ἄρχοντος
2759 3797 3145 3866 στρατοπέδου,
3181 3797 3355 3864 λέγων
3379 3814 3392 3828 ⁸
3429 3800 3493 3851 ’Ὀ
3514 3803 3627 3862 τοῖς
3653 3801 3751 3855 ἀν⁹

2157 3888 2402 3963 θρώποις
2456 3890 2587 3960 ἡμῖν
2641 3888 2981 3960 προσέταξας
3030 3888 3394 3957 ἀγωνίζεσθαι
3441 3891 3582 3944 κατὰ
3637 3893 3748 3947 τῶν

2156 3983 2404 4055 ἀοράτων
2428 3980 2731 4050 δυνάμεων,
2761 3980 2919 4034 τοῦτο
2951 3981 3148 4051 δράσον
3182 3982 3361 4045 αὐτὸς.
3392 3983 3608 4036 Τούτων
3634 3983 3747 4056 γὰρ

2154 4076 2262 4131 ὑπὸ
2303 4074 2397 4127 σοῦ
2432 4072 2852 4146 καθῃρημένων,
2886 4072 3041 4140 κάγὼ
3090 4073 3425 4142 σωθήσομαι,
3454 4075 3515 4127 οὐ
3557 4076 3746 4146 μόνος,

2154 4167 2293 4224 ἀλλὰ
2318 4167 2427 4219 καὶ
2475 4167 2509 4236 ἡ
2537 4165 2645 4217 τῶν
2681 4163 2851 4216 ἐθνῶν
2889 4164 3185 4234 Ἐκκλησία
3220 4165 3488 4219 κυκλώσει
3523 4184 3602 4229 σε,
3639 4169 3746 4222 πά-

2154 4277 2256 4331 σης
2280 4258 2549 4328 δαιμόνων
2577 4257 2785 4326 πλάνης
2811 4254 3228 4326 ἁπελασθείσης.
3258 4258 3475 4331 Ταύτης
3498 4260 3553 4313 δὲ
3578 4260 3747 4315 καθά.

2154 4369 2261 4423 περ
2287 4349 2449 4421 χοροῦ
2486 4348 2649 4420 μέσος
2677 4348 2966 4416 γενόμενος
2995 4347 3161 4416 ὕμνον
3207 4350 3551 4422 ἀναπέμψεις
3602 4356 3740 4425 πρέ-

468 4417 624 4462 Steus
664 4406 928 4477 hymnum
979 4412 1197 4467 emittes
1225 4410 1370 4470 Patri
1422 4424 1541 4481 tuo,
1571 4422 2041 4489 quemadmodum

2166 4406 2321 4497 τοντὰ
2458 4406 2646 4511 Ῑίατρὶ⁷
2661 4406 2910 4511 καθάπερ
2942 4406 3077 4510 ἐφές
3097 4457 3111 4471 ³
3160 4406 3492 4512 Ἀπαγγεέλώ
3515 4406 3580 4499 τὸ
3605 4406 3742 4502 ὄνθ-

466 4499 693 4556 dixisti:
744 4499 998 4554 Narrabo
1058 4520 1245 4557 nomen
1292 4515 1439 4561 tuum
1489 4510 1752 4578 fratribus
1802 4515 1953 4581 meis,
1990 4520 2046 4573 in

2166 4534 2234 4588 [td
2272 4499 2412 4586 σου⁸
2431 4531 2555 4598 τοῖς
2578 4499 3143 4601 ’ἀδελφοῖςμοιεξνὲν
3168 4499 3357 4601 psam.
3379 4536 3741 4608 Ἐκκλησίας

466 4592 639 4647 medio
667 4591 926 4647 Ecclesia:
955 4593 1193 4649 laudabo
1223 4598 1352 4651 te“.

538 4703 707 4759 Vsus.
733 4704 787 4757 9.
826 4702 893 4756 Et
915 4714 1128 4774 propter
1159 4706 1290 4762 hanc
1318 4710 1373 4762 in
1406 4709 1575 4765 altum
1600 4713 1890 4781 regredere,
1936 4717 2046 4772 Do-

467 4799 644 4855 minus
683 4798 950 4866 judicabit
986 4800 1226 4867 populos.
1266 4802 1471 4857 Iudico
1521 4821 1623 4868 me,
1667 4806 1913 4872 Domine,
1960 4829 2043 4866 se-

466 4889 698 4946 eundum
734 4889 1004 4958 justitiam
1052 4903 1219 4957 tuam,
1252 4905 1301 4949 et
1339 4895 1634 4951 secundum
1683 4899 2041 4960 innocentiam

465 4995 637 5035 meam
660 4996 816 5050 super
848 4997 949 5034 me.
986 4981 1254 5047 Quoniam
1300 5001 1496 5040 omnes
1543 4995 1829 5043 creaturas
1871 4994 2042 5051 addu-

2150 4624 2406 4695 ὑμνήσω
2436 4641 2528 4681 σε.

2221 4714 2335 4768 Καὶ
2356 4715 2506 4782 ὑπὲρ
2534 4718 2755 4784 ταύτης
2782 4720 2869 4784 εἰς
2894 4718 3052 4787 ὕψος
3093 4719 3479 4790 ἐπίστρεφον,
3516 4726 3739 4792 Κύριος

2146 4806 2343 4875 κρινεῖ
2360 4809 2567 4873 λαούς.
2595 4808 2813 4876 Κρῖνόν
2840 4826 2939 4879 με,
2962 4812 3159 4879 Κίριε,
3196 4811 3343 4865 κατὰ
3375 4812 3490 4881 τὴν
3514 4814 3739 4870 δικαιο-

2145 4899 2349 4965 σύνην
2388 4915 2524 4962 σου,
2548 4899 2646 4951 καὶ
2687 4901 2835 4954 κατὰ
2876 4901 2993 4968 τὴν
3033 4902 3293 4955 ἀκακίαν
3329 4921 3447 4973 μου
3489 4906 3582 4958 ἐπ’
3601 4908 3733 4976 ἐμέ.

2151 4988 2372 5060 Ἐπειδὴ
2421 4991 2527 5043 πᾶν
2574 4992 2635 5044 τὸ
2678 4992 2886 5063 ποίημα
2921 4992 3037 5059 ἄξει
3071 4996 3100 5045 ὁ
3127 4994 3257 5056 Θεὸς
3290 4997 3367 5058 εἰς
3398 4998 3597 5066 κρίσιν,
3634 5002 3736 5054 καὶ

463 5080 549 5129 cet
589 5072 733 5129 Deus
778 5074 833 5128 in
863 5073 1153 5143 judicium,
1201 5088 1536 5148 oportetque
1581 5078 1870 5139 universos
1916 5098 2041 5145 ante

461 5162 662 5218 Christi
693 5164 937 5219 tribunal
973 5166 1123 5228 sisti,
1175 5183 1299 5223 cum
1345 5168 1636 5223 didicisset
1667 5168 1837 5225 David
1889 5174 2036 5232 futu-

451 5268 579 5316 rum
612 5271 734 5310 esse
769 5264 827 5309 ut
868 5257 1136 5311 mundum
1169 5260 1381 5327 judicet
1425 5259 1480 5313 in
1507 5259 1744 5328 justitia,
1777 5271 1829 5317 et
1867 5283 2038 5338 popu-

462 5342 541 5398 los
574 5345 627 5397 in
664 5346 943 5414 aequitate,
977 5345 1104 5413 jure
1141 5349 1254 5402 ait:
1299 5345 1406 5401 Mei
1445 5361 1663 5415 quoque
1691 5348 1856 5416 judex
1892 5364 2033 5421 esto,

461 5433 708 5499 Domine,
745 5453 857 5491 non
888 5438 1191 5492 secundum
1228 5439 1472 5509 reliquas
1496 5442 1841 5507 operationes
1865 5460 2032 5512 meas,

459 5526 555 5583 sed
585 5530 889 5585 secundum
914 5528 1328 5599 simplicitatem
1353 5541 1409 5585 et
1443 5528 1718 5599 justitiam
1746 5547 1961 5603 meam”

2136 5084 2267 5143 τοὺς
2297 5081 2504 5144 πάντας
2525 5081 2605 5134 δεῖ
2629 5084 2975 5153 παραστῆναι
3006 5084 3085 5153 τῷ
3116 5086 3318 5156 βήματι
3344 5089 3437 5141 τοῦ
3466 5092 3731 5163 Χριστοῦ,

2137 5173 2365 5234 εἰκότως
2388 5171 2576 5242 μαθὼν
2602 5176 2630 5226 ὁ
2663 5173 2847 5237 Δαυῒδ,
2879 5176 2959 5227 ὃτι
2988 5176 3169 5245 μέλλει
3193 5180 3397 5249 κρίνειν
3425 5181 3523 5253 τὴν
3548 5186 3735 5237 οἰκου-

2139 5265 2312 5335 μένην
2344 5265 2401 5315 ὲν
2435 5264 2749 5336 δικαιοσύνῃ
2799 5266 2894 5318 καὶ
2941 5265 3102 5330 λαοὺς
3132 5270 3189 5320 ὲν
3215 5268 3465 5340 εὐθύτητι
3486 5289 3499 5302 ·
3538 5273 3730 5341 Γενοῦ,

2139 5355 2298 5426 φησι,
2333 5354 2513 5424 κάμοῦ
2543 5356 2757 5426 κριτὴς,
2787 5349 2832 5408 ὦ
2880 5355 3069 5425 Κύριε,
3105 5358 3180 5430 μὴ
3229 5361 3368 5414 κατὰ
3401 5362 3499 5426 τὰς
3530 5364 3743 5437 λοιπάς

2138 5463 2249 5516 μου
2270 5445 2520 5516 πράξεις,
2538 5446 2673 5500 ἀλλὰ
2695 5446 2842 5501 κατὰ
2862 5446 2960 5518 τὴν
2980 5449 3259 5523 ἁπλότητὰ
3285 5469 3387 5521 μου
3408 5456 3501 5508 καὶ
3527 5455 3738 5514 omaso-

2137 5537 2324 5608 σύνην.

556 5730 603 5762 ⁷⁸
642 5727 809 5784 Num.
848 5742 962 5792 xu,
998 5726 1051 5779 5.
1129 5726 1173 5758 τ’
1212 5723 1344 5781 Gen.
1383 5742 1485 5791 xv,
1525 5726 1575 5781 6.
1657 5728 1701 5757 ‘°
1742 5727 1937 5784 Matth:
1964 5749 2014 5785 γε
2039 5773 2052 5798 ,

2166 5777 2173 5790 .
2258 5734 2301 5765 ⁸¹
2348 5734 2491 5789 Psal.
2527 5749 2648 5800 XII,
2685 5735 2773 5793 25.
