4096 6410
340 364 456 424 ἳὲὄ

1356 358 1360 362 Α
1471 352 1985 414 COMMENTARIA
2020 351 2093 408 IN
2122 353 2471 411 PSALMO’S.

3505 358 3611 414 126

419 474 882 543 Συντελεσθήτω
907 475 982 544 δὴ
1012 474 1270 543 πονηρία
1301 472 1660 543 ἁμαρτωλῶν
1696 471 1796 526 καί
1835 487 1939 525 κα-

2118 468 2285 525 Vsns.
2320 469 2414 535 10,
2452 468 2542 525 Ii.
2570 468 2929 523 Cansumatur
2951 469 3184 539 nequitia
3206 477 3537 524 neccalorum
3563 478 3616 523 et

347 570 653 636 τευθυνεῖς
691 569 943 632 δίκαιον,
964 566 1182 628 ἐτάζων
1207 565 1454 635 καρδίας
1483 565 1582 620 καί
1610 564 1870 634 νεφροὺς
1901 567 1934 618 ὁ

353 662 517 727 Θεός.
535 662 758 731 Ἐπιστη
768 660 983 731 μονικὸν
1024 660 1121 713 καὶ
1166 658 1308 729 μέγα
1342 657 1403 710 τὸ
1444 656 1622 730 πέρας
1664 655 1934 710 αἰτεῖσθαι

350 752 602 822 γενέσθαι
637 753 858 815 κακίας,
895 750 1225 822 κυϐέρνησιν
1268 750 1326 803 δὲ
1366 748 1444 820 τῷ
1477 749 1670 820 δικαίῳ
1702 748 1838 820 πρὸς
1874 748 1936 801 τὸ

355 845 553 916 μηκέτι
605 843 981 916 χειμάζεσθαι.
1010 844 1144 914 Περὶ
1194 842 1592 914 δικαιοκρισίας
1638 839 1810 896 εἰπὼν
1838 839 1934 892 τοῦ

351 934 507 996 Θεοῦ,
538 934 695 1005 μόνον
735 934 942 988 δίκαιον
974 932 1264 1001 ἀποφαίνει
1305 931 1519 1002 κριτὴν,
1543 930 1618 993 ὡς
1647 929 1936 1000 καὶιμόνον

349 1028 564 1101 ὁρῶντα
586 1027 810 1099 καρδίας
829 1044 844 1056 -
874 1026 1036 1089 αὐτὸς
1066 1024 1176 1096 γὰρ
1207 1023 1529 1078 ἀποδίδωσιν
1555 1021 1769 1092 ἑκάστῳ
1792 1019 1935 1074 κατὰ

351 1122 421 1175 τά
456 1120 595 1192 ἔργα
624 1118 1165 1186 αύτοῦ.Ἀνθρωπος
1200 1115 1300 1186 μὲν
1332 1115 1440 1186 γὰρ
1484 1116 1573 1180 εἷς
1620 1113 1766 1182 ὄψιν
1787 1110 1932 1182 δρᾷ.’

351 1213 516 1276 αὐτὸς
538 1212 595 1266 δὲ
623 1209 870 1283 κριτικός
892 1210 1044 1262 ἐστιν
1067 1206 1417 1278 ἐνθυμήσεων
1440 1205 1534 1259 καὶ
1553 1204 1772 1259 ἐννοιῶν
1798 1222 1936 1276 καρ-

349 1303 502 1368 aiat,”
539 1304 638 1357 οὐκ
665 1302 781 1355 ἔστι
813 1302 994 1372 κρίσις
1025 1297 1236 1369 ἀφανὴς
1262 1297 1493 1351 ἐνώπιον
1524 1295 1712 1351 αὐτοῦ.
1743 1294 1934 1349 Τοιοῦ-

349 1411 443 1447 τον
465 1394 642 1459 δείξας
669 1394 760 1447 τὸν
787 1394 938 1457 Θεὸν,
968 1388 1513 1464 πεπαρρησιασμένῳ
1541 1388 1801 1442 συνειδότι
1828 1405 1935 1458 φη-

353 1485 436 1539 σίν
454 1504 468 1517 ·
512 1487 573 1541 Ἠ
592 1484 845 1552 ,ϐοήθειά
869 1503 989 1555 μου
1020 1482 1178 1552 παρὰ
1207 1481 1314 1536 τοῦ
1345 1480 1496 1536 Θεοῦ
1518 1481 1624 1535 τοῦ
1645 1478 1937 1547 σώζοντος

350 1578 495 1646 τοὺς
530 1578 725 1645 εὐθεῖς
749 1578 823 1647 τῇ
848 1577 1081 1646 καρδίᾳ.
1103 1576 1331 1648 Χρηστά
1360 1575 1470 1646 γὰρ
1498 1570 1707 1637 ἐλπίζει
1732 1574 1820 1628 διὰ
1845 1574 1937 1627 τδν

352 1665 611 1729 ὲτάζοντα
642 1666 870 1737 καρδίας
909 1667 1003 1719 καὶ
1037 1666 1291 1736 νεφροὺς,
1337 1663 1413 1728 ὡς
1447 1663 1512 1736 δὴ
1555 1664 1769 1718 σκολιὸν
1798 1663 1939 1735 ἔχων

350 1758 502 1812 οὐδὲν
530 1761 588 1812 ἐν
616 1758 830 1830 καρδία.

437 1850 578 1907 Ἐὰν
621 1850 707 1920 μὴ
753 1851 1182 1920 ἑπιστραςςῆτε,
1234 1852 1350 1921 τὴν
1390 1850 1705 1920 ῥομφαίαν,
1746 1846 1936 1902 αὐτοῦ

352 1941 674 1996 στιλϐώσει
696 1959 710 1972 α
761 1942 830 1995 τὸ
872 1942 1054 2007 τόξον
1075 1943 1262 1998 αὑτοῦ
1284 1942 1543 1997 ἐνέτεινε
1568 1941 1666 1994 καὶ
1691 1940 1936 2009 ἡτοίμα-

352 2048 467 2087 σεν
506 2035 673 2087 αὐτό.
709 2035 935 2104 Μήποτε
982 2033 1568 2106 παρασεσιωπημένιικς
1607 2031 1778 2086 ταῦτα
1808 2031 1937 2102 περὶ

349 2126 445 2180 τοῦ
494 2126 742 2180 διαϐόλου
785 2127 1002 2196 λέγεται
1022 2143 1036 2157 ο
1068 2120 1223 2190 οὗτος
1264 2126 1372 2198 γὰρ
1419 2125 1558 2197 πρὸς
1595 2124 1817 2187 τούτους
1847 2122 1937 2176 καὶ

351 2219 615 2290 ῶδίνησεν
643 2218 879 2284 ἀδικίαν,
916 2220 1010 2273 καὶ
1035 2218 1103 2272 τὰ
1136 2218 1282 2289 ἑξῆς.

434 2311 580 2365 Ἰδοὺ
617 2310 915 2379 ὡδίνησεν
952 2311 1211 2377 ἀδικίαν,
1256 2310 1557 2366 συνέλαϐε
1593 2312 1804 2375 πόνον,
1838 2310 1935 2364 καὶ

349 2401 555 2456 ἔτεκεν
601 2401 878 2469 ἀνομίαν.
910 2398 1151 2454 Λάκκον
1203 2399 1396 2468 ὤρυξε
1443 2399 1544 2454 καὶ
1584 2398 1939 2468 ἀνέσκαψεν

350 2492 556 2557 αὐτὸν,
592 2491 1062 2562 καίὲμπεσεῖται
1097 2494 1186 2558 εἰς
1211 2492 1442 2561 βόθρον
1484 2491 1559 2547 ὃν
1597 2490 1934 2562 εἰργάσατο.

363 2584 738 2654 Ἑπιστρέψει
769 2587 803 2639 ὁ
832 2585 1021 2651 πόνος
1049 2583 1237 2639 αὑτοῦ
1280 2587 1369 2652 είς
1408 2584 1685 2654 κεφαλὴν
1728 2584 1936 2649 αὐτοῦ,

349 2677 449 2731 καὶ
480 2676 581 2730 ἐπὶ
621 2676 898 2746 κορυφὴν
923 2676 1112 2731 αὐτοῦ
1147 2677 1186 2745 ἡ
1214 2676 1421 2732 ἀδικία
1449 2677 1639 2732 αὑτοῦ
1680 2675 1940 2742 καταϐή-

350 2782 543 2823 σεται.
583 2768 769 2821 Ταῦτα
840 2768 1018 2839 ῥητῶς
1079 2767 1168 2820 ἐπ’
1213 2762 1497 2839 Ἀχίτόφελ
1562 2768 1939 2840 πεπλήρωται.

351 2859 856 2932 Παρευδοκιμηθεὶς
898 2860 1007 2931 γὰρ
1049 2860 1155 2913 ὑπὸ
1200 2859 1295 2913 τοῦ
1326 2859 1520 2924 Χουσὶ,
1551 2860 1645 2913 καὶ
1684 2858 1755 2911 τὰ
1797 2857 1941 2928 πρά-

352 2969 540 3024 γματα
570 2950 666 3005 τοῦ
706 2951 1077 3023 Ἀϐεσσαλὼμ,
1110 2952 1186 3017 ὡς
1214 2952 1278 3025 δὴ
1313 2951 1496 3022 σοφὸς,
1532 2951 1823 3021 ἀπογνοὺς,
1846 2949 1943 3003 καὶ

354 3043 452 3116 τὴν
505 3044 803 3115 μέλλουσαν
851 3045 917 3096 ὲκ
963 3042 1057 3096 τοῦ
1092 3041 1254 3095 Δαυῒδ
1284 3041 1620 3112 φοϐούμενος
1656 3040 1834 3112 δίκην,
1861 3037 1942 3092 οτ-

2035 561 2228 631 diriges
2240 559 2474 630 justum,
2497 570 2742 615 scrutans
2771 559 2933 615 corda
2950 569 3000 614 et
3014 578 3183 627 renes,
3210 561 3366 617 Deus.
3402 559 3615 616 Scitum

2034 671 2411 728 magnumque
2436 661 2524 710 est
2559 654 2843 724 postulare
2876 660 2937 708 ut
2965 653 3091 709 linis
3126 654 3199 709 sit
3237 655 3493 721 malitias;
3528 661 3625 707 ut—

2037 763 2142 818 que
2159 748 2346 818 justus
2374 749 2450 802 ita
2479 745 2770 816 dirigatur,
2802 753 2867 800 ut
2894 760 3173 816 nunquam
3197 745 3341 799 ultro
3367 744 3613 799 ﬂuctuet.

2036 840 2174 896 Cum
2209 850 2389 895 autem
2415 839 2484 896 de
2526 840 2791 894 tribunali
2824 838 2918 894 Dei
2961 837 3227 908 loquitur,
3273 838 3451 893 solum
3489 852 3614 893 eum

2036 948 2163 988 esse
2192 933 2407 1002 justum
2455 931 2696 1002 iudicem
2724 930 3071 1003 pronuntiat,
3098 937 3288 997 utpote
3336 929 3431 999 qui
3465 929 3616 985 solus

2036 1027 2206 1084 corda
2232 1028 2436 1084 videat.
2485 1026 2610 1097 Ipse
2636 1043 2874 1098 namque
2913 1027 3095 1083 reddit
3123 1027 3424 1097 unicuique
3457 1025 3618 1096 juxta

2036 1135 2205 1191 opera
2230 1135 2352 1177 sua.
2398 1119 2573 1175 Homo
2595 1121 2800 1192 quippe
2828 1119 2966 1174 videt
2993 1121 3047 1174 in
3071 1119 3209 1190 facie
3229 1119 3274 1150 ⁸²
3301 1136 3318 1186 ;
3352 1118 3471 1190 ipse
3487 1132 3618 1172 vero

2033 1213 2203 1283 judex
2235 1213 2637 1286 cogitationum
2664 1222 2749 1269 est
2777 1220 2831 1268 et
2858 1212 3031 1267 animi
3060 1213 3363 1268 sensuum‘:
3404 1210 3615 1265 nullum

2032 1305 2305 1375 judicium
2335 1304 2612 1359 occultum
2648 1303 2753 1373 ipsi
2786 1311 2889 1360 est.
2930 1302 3067 1357 Cum
3098 1304 3262 1357 talem
3299 1315 3423 1356 esse
3447 1298 3617 1354 Deum

2037 1396 2396 1460 declarasset,
2441 1395 2724 1451 conlidens
2757 1411 2822 1450 ac
2858 1396 3201 1451 conscientia
3234 1410 3334 1449 sua
3385 1406 3617 1448 securus

2038 1489 2204 1543 dicit:
2240 1488 2582 1557 Adjutorium
2610 1503 2781 1541 meum
2808 1503 2841 1541 a
2878 1486 3010 1552 Deo,
3045 1487 3137 1556 qui
3167 1484 3341 1540 salvos
3371 1484 3502 1553 facit
3536 1499 3618 1538 re-

2037 1588 2149 1634 tlos
2180 1580 2356 1634 corde.
2400 1578 2547 1632 Bona
2586 1578 2786 1632 etenim
2820 1585 3004 1647 sperat
3043 1577 3112 1631 ab
3130 1591 3196 1631 eo
3220 1576 3312 1647 qui
3338 1582 3619 1631 scrutatur

2036 1672 2204 1728 corda
2227 1679 2281 1727 et
2308 1686 2488 1736 renes,
2531 1670 2679 1740 quod
2714 1670 2852 1724 nihil
2882 1676 3196 1725 tortuosum
3236 1668 3292 1721 in
3317 1667 3485 1722 corde
3517 1666 3619 1722 lia—-

2038 1765 2186 1820 beat.
2672 1778 2677 1785 '

2107 1853 2279 1910 Vens.
2323 1854 2411 1908 l5.
2458 1851 2586 1907 Nisi
2639 1853 2872 1907 conuersi
2917 1851 3147 1920 fueritis,
3179 1850 3419 1921 gladium
3463 1865 3620 1903 suum

2037 1946 2301 2001 vibrabit:
2354 1962 2540 1999 arcum
2607 1960 2760 1998 suum
2815 1942 3034 1997 tetendit
3080 1950 3131 1995 et
3179 1944 3388 2010 paravit
3438 1942 3617 1995 illum.

2036 2036 2178 2093 Num
2210 2038 2328 2092 haec
2370 2038 2534 2091 tacite
2589 2043 2645 2091 et
2678 2035 2917 2091 obscure
2950 2033 3019 2089 de
3061 2032 3279 2087 diabolo
3323 2033 3616 2089 dicuntur:

2038 2145 2167 2186 nam
2233 2130 2283 2185 i‘s
2347 2129 2614 2185 adversus
2664 2126 3220 2198 homines:parturiit
3266 2125 3618 2196 iniustitiam,

2038 2231 2094 2279 et
2115 2232 2335 2278 caetera.

2110 2315 2280 2372 Vens.
2314 2315 2384 2370 £5
2410 2345 2437 2355 -
2464 2315 2555 2371 I7.
2614 2312 2747 2367 Ecce
2784 2312 3043 2380 parturiit
3090 2310 3434 2379 injustitiam,
3489 2327 3621 2364 con-

2041 2408 2175 2477 cepit
2202 2405 2440 2461 dolorem
2465 2414 2517 2460 et
2540 2406 2738 2476 peperit
2777 2404 3132 2473 iniquitatem.
3180 2400 3382 2455 Lacum
3415 2402 3620 2470 aperuit
3688 2446 3693 2451 .

2039 2510 2090 2555 et
2110 2498 2294 2568 effodit
2313 2514 2455 2562 eum,
2482 2507 2532 2552 et
2553 2495 2751 2551 incidet
2775 2496 2834 2550 in
2868 2495 3074 2565 foueam
3100 2511 3260 2565 quam
3288 2495 3435 2564 fecit.
3476 2493 3619 2550 Con-

2041 2601 2272 2648 uertetur
2316 2591 2472 2643 dolor
2516 2587 2632 2659 ejus
2679 2589 2736 2645 in
2776 2597 2936 2656 caput
2985 2587 3124 2657 ejus,
3167 2598 3218 2641 et
3269 2588 3326 2641 in
3377 2587 3626 2642 uerticem

2041 2686 2209 2751 ipsius
2245 2685 2502 2753 iniquitas
2541 2681 2655 2751 ejus
2704 2681 2999 2736 descendet.
3046 2681 3173 2736 Hac
3203 2681 3272 2734 ad
3305 2681 3532 2736 verbum
3562 2680 3627 2735 in

2042 2775 2400 2846 Achitophele
2442 2774 2719 2844 completa
2778 2782 2929 2829 sunt.
2996 2771 3135 2829 Nam
3169 2789 3201 2827 a
3239 2773 3411 2828 Chusi
3457 2788 3624 2843 supe-

2046 2873 2226 2932 ratus,
2254 2881 2380 2922 cum
2414 2866 2484 2921 de
2507 2866 2677 2920 rebus
2699 2864 3020 2929 Absalonis,
3039 2871 3230 2935 utpote
3250 2864 3335 2918 vir
3355 2864 3618 2934 prudens,

2044 2960 2384 3029 desperaret,
2443 2957 2798 3027 futuramque
2845 2955 3068 3011 Davidis
3102 2955 3404 3011 vindictam
3452 2955 3623 3024 perti-

2045 3059 2333 3116 mesceret,
2366 3052 2421 3106 in
2450 3050 2671 3106 domum
2716 3050 2981 3106 secedens
3011 3064 3132 3105 sese
3161 3049 3359 3119 laqueo
3387 3064 3624 3118 suspen-

355 3137 486 3191 καδε
536 3137 899 3208 ἀναχωρήσας
945 3134 1248 3209 ἀπήγξατο,
1293 3134 1482 3189 παθὼν
1528 3134 1674 3205 ἅπερ
1713 3130 1942 3186 ὲπεϐού-

2048 3142 2151 3206 dit,
2180 3156 2244 3196 ea
2273 3155 2592 3212 perpessus,
2618 3154 2742 3210 quae
2779 3138 3244 3194 machinamentis
3282 3137 3400 3192 suis
3429 3136 3623 3191 Davidi

354 3229 473 3284 λευε
525 3229 719 3285 παθεῖν
756 3230 846 3283 τὸν
884 3229 1066 3295 Δαυῒδ,
1097 3229 1192 3283 καὶ
1236 3229 1337 3300 τὴν
1381 3226 1504 3281 κατ’
1537 3223 1703 3280 αὐτοῦ
1745 3225 1945 3279 κακίαν

354 3324 448 3377 ἐπὶ
483 3321 583 3393 τὴν
617 3321 782 3376 αὐτοῦ
815 3322 1060 3393 κεφαλὴν
1094 3319 1436 3392 ἀπεμάξατο.
1485 3318 1599 3372 Καὶ
1627 3317 1856 3372 καθόλου
1888 3316 1946 3370 δὲ

355 3414 464 3477 πᾶς
497 3413 562 3466 δι’
591 3407 666 3467 ὧν
692 3413 982 3487 εἰργάσατο
1013 3412 1198 3468 κακῶν
1235 3412 1355 3467 καθ’
1385 3409 1578 3465 ἑαυτοῦ
1619 3408 1718 3482 τὴν
1758 3408 1944 3481 ψῆφον

355 3504 413 3559 ὲν
444 3504 627 3576 ἡμέρᾳ
660 3504 895 3574 κρίσεως
924 3504 1100 3576 φέρει.

441 3592 989 3663 Ἐξομολοτήσομαι
1020 3593 1103 3659 τῷ
1141 3593 1339 3661 Κυρίῳ
1369 3591 1523 3647 κατὰ
1562 3588 1680 3659 τὴν
1724 3589 1948 3644 δικαιο-

355 3686 559 3753 σύνην
585 3685 794 3749 αὑτοῦ,
828 3683 1006 3754 ψαλῶ
1033 3684 1113 3750 τῷ
1142 3686 1386 3754 ὀνόματι
1412 3684 1636 3752 Κυρίου
1662 3682 1768 3736 τοῦ
1791 3681 1947 3750 Ὑψί-

357 3792 531 3831 στου.
550 3776 635 3839 Ὡς
659 3776 718 3829 δὲ
753 3776 938 3848 μηδενὶ
963 3777 1125 3840 αὐτὸς
1152 3775 1562 3840 ἐπιϐουλεύσας,
1590 3775 1724 3846 μηδὲ
1744 3773 1947 3827 λάκκον

357 3869 578 3940 ὀρύξας,
621 3868 876 3939 παρορῶν
924 3868 984 3921 δὲ
1027 3869 1155 3932 τοὺς
1202 3866 1525 3931 ἀδικοῦντας
1574 3864 1683 3920 τῶν
1735 3865 1946 3920 ἀσεϐῶν

357 3960 746 4031 ἀπολλυμένων
795 3961 854 4012 ὲν
906 3958 1126 4031 κρίσει,
1160 3956 1744 4027 Ἐξομολοτήσομαι,
1790 3957 1945 4028 φησὶ,

357 4054 440 4121 τῷ
460 4054 656 4121 Κυρίῳ
677 4053 828 4106 κατὰ
853 4052 968 4121 τὴν
986 4052 1384 4119 δικαιοσύνην
1406 4050 1597 4105 αὐτοῦ
1621 4067 1635 4081 ο
1664 4050 1745 4104 Τὰ
1772 4051 1947 4120 ἐμαυ-

357 4142 453 4199 τοῦ
482 4144 664 4197 δίκαια
701 4142 953 4214 καθάπερ
982 4145 1041 4196 ὲν
1064 4143 1400 4215 δικαστηρίῳ
1430 4140 1652 4215 προθείς
1672 4158 1685 4171 ο
1720 4139 1819 4195 καί
1839 4141 1948 4207 ψα-

358 4231 448 4290 λῶ
492 4233 560 4287 δὲ
598 4233 677 4300 τῷ
702 4235 945 4304 ὀνόματι
970 4235 1193 4303 Κυρίου
1216 4232 1323 4288 τοῦ
1347 4235 1645 4303 ὑψίστου·
1676 4229 1950 4286 πιστεύων

361 4326 865 4399 καταξιωθήσεσθαι
890 4326 983 4380 τοῦ
1011 4325 1173 4398 χοροῦ
1200 4325 1309 4381 τῶν
1340 4328 1471 4397 παρ’
1502 4306 1669 4379 αὑτοῦ
1702 4318 1945 4392 σωζομέ-

361 4436 489 4475 νων.

759 4531 1057 4585 ΨΑΛΜΟΣ
1093 4531 1181 4585 ΤΩ
1217 4532 1416 4585 ΔΑΥΙΔ
1454 4531 1537 4587 H’.

648 4647 754 4712 Είς
791 4647 858 4700 τὸ
889 4645 1064 4713 τέλος
1100 4646 1256 4716 ὑπὲρ
1288 4646 1406 4701 τῶν
1435 4644 1663 4718 ληνῶν.

433 4764 515 4818 Τὰ
543 4764 637 4817 ἐπὶ
674 4767 742 4836 τῇ
776 4762 1056 4834 συντελείᾳ
1087 4762 1183 4817 νῦν
1217 4765 1326 4816 τῶν
1358 4761 1568 4818 αἰώνων
1615 4764 1950 4835 προφητευό-

368 4875 502 4930 μενα
532 4857 630 4928 τὴν
656 4857 987 4929 ἐπιγραφὴν,
1021 4858 1109 4921 είς
1149 4855 1215 4908 τὸ
1258 4857 1449 4922 τέλος,
1481 4853 1839 4927 ὲποίησεν.Ὑ
1836 4854 1949 4927 πὲρ

362 4950 421 5006 δὲ
446 4949 565 5004 τῶν
589 4949 794 5018 ληνῶν
820 4949 907 5002 διὰ
938 4949 1035 5013 τὰς
1069 4949 1126 5001 ὲν
1158 4946 1307 5019 πάσῃ
1326 4950 1392 5020 τῇ
1417 4951 1488 5021 γῇ
1517 4950 1787 5013 συστάσας
1828 4950 1951 5003 Ἐκ-

366 5041 616 5113 κλησίας,
665 5039 993 5113 ἀλληγορίας
1045 5040 1194 5110 νόμῳ
1242 5039 1541 5110 λεγομένας
1596 5040 1948 5112 ληνούς.’⁹οτε

370 5134 467 5205 μὲν
499 5128 578 5197 εἷς
606 5128 674 5204 ἦν
702 5133 829 5195 λαός
848 5149 862 5162 ’
896 5128 963 5203 ἦν
988 5132 1047 5185 δὲ
1075 5126 1229 5195 οὗτος
1272 5132 1510 5203 Ἰσραὴλ.
1543 5125 1589 5201 ᾧ
1613 5132 1949 5206 ἐχρημάτιζε

366 5223 460 5276 καὶ
488 5222 696 5295 πύργος
724 5224 753 5276 ὁ
793 5223 942 5295 παρά
966 5223 1178 5286 τούτοις
1218 5221 1373 5288 νεὼς,
1400 5225 1495 5277 καὶ
1528 5224 1863 5292 προλήνιον
1889 5224 1952 5278 τὸ

368 5313 476 5384 πρὸ
502 5314 596 5367 τοῦ
628 5313 757 5368 ναοῦ
785 5312 1167 5386 Ουσιαστήριον
1195 5314 1339 5369 κατά
1363 5315 1464 5388 τὴν
1494 5315 1716 5369 Ἡσαΐου
1744 5319 1948 5389 φωνήν.

366 5402 442 5454 Τὸ
464 5402 522 5454 δὲ
558 5402 758 5474 πλῆθος
799 5403 917 5456 νυνὶ
964 5403 1073 5457 τῶν
1114 5404 1293 5475 ληνῶν
1330 5404 1399 5458 τὰ
1435 5404 1606 5458 πολλὰ
1641 5405 1834 5477 μηνύει
1866 5406 1954 5460 θυ-

371 5494 682 5564 σιαστήρια,
710 5496 831 5558 ταῖς
872 5493 1018 5548 κατά
1059 5495 1226 5567 μέρος
1269 5496 1587 5569 ἐκκλησίαις
1617 5496 1952 5567 συνδιαιρούο

372 5603 529 5657 μενα.
559 5588 648 5641 Διὸ
694 5589 790 5641 καὶ
830 5589 888 5641 ἐν
929 5594 1019 5658 πγ¹
1046 5588 1245 5661 ψαλμῷ
1285 5589 1377 5645 τὸν
1405 5589 1567 5643 αὐτὸν
1593 5574 1954 5661 ἐπιγῂραφέντι

441 5766 488 5798 “
529 5766 545 5820 |
581 5767 712 5840 Reg.
750 5786 873 5836 XVI,
908 5768 962 5822 7.

1974 4505 2021 4560 D

2049 3236 2360 3303 paraverat,
2406 3245 2675 3301 suamque
2732 3230 2999 3285 adversus
3037 3243 3163 3283 eum
3210 3227 3513 3296 nequitiam
3565 3225 3625 3281 in

2048 3332 2206 3394 caput
2243 3322 2361 3393 ipse
2396 3338 2556 3379 suum
2590 3321 2882 3393 expressit.
2925 3319 2990 3375 Et
3020 3335 3152 3374 vero
3180 3334 3371 3373 omnes
3394 3333 3626 3389 prorsus

2048 3415 2323 3480 homines,
2365 3430 2433 3469 ex
2469 3413 2633 3468 editis
2675 3411 2958 3484 operibus,
2990 3424 3145 3466 suam
3194 3409 3253 3463 in
3293 3407 3385 3465 die
3429 3407 3625 3478 judicii

2050 3505 2241 3562 ferunt
2274 3504 2627 3561 sententiam.

2117 3595 2290 3651 Vsus.
2314 3596 2401 3650 18.
2437 3593 2741 3665 Conﬁtebor
2767 3592 2996 3647 Domino
3034 3591 3323 3646 secundum
3352 3589 3626 3659 justitiam

2047 3687 2185 3757 ejus,
2213 3687 2448 3756 psallam
2483 3686 2684 3741 nomini
2718 3684 3006 3740 Altissimi.
3054 3682 3255 3753 Utpote
3292 3682 3385 3752 qui
3419 3680 3623 3735 nemini

2048 3778 2282 3834 insidias
2306 3778 2591 3844 struxerit,
2625 3780 2830 3835 nemini
2867 3780 3048 3833 lacum
3087 3776 3372 3842 effoderit;
3405 3775 3626 3845 iniquos

2049 3886 2176 3926 cum
2206 3870 2538 3940 despiceret,
2572 3885 2780 3941 gnarus
2808 3870 2980 3925 futuri
3009 3870 3067 3924 in
3093 3869 3304 3939 judicio
3331 3867 3626 3937 impiorum

2048 3962 2201 4020 exitii
2225 3979 2242 4017 :
2269 3960 2572 4030 Conﬁtebor
2593 4001 2608 4026 ,
2647 3961 2849 4030 inquit,
2873 3960 3104 4015 Domino
3136 3957 3425 4014 secundum
3459 3956 3629 4026 justi-

2051 4056 2182 4108 tiam
2206 4052 2358 4122 ejus;
2401 4052 2569 4122 justis
2611 4053 2749 4106 meis
2801 4052 3064 4121 operibus
3091 4051 3239 4105 velut
3270 4051 3325 4104 in
3363 4047 3628 4103 tribunali

2047 4145 2364 4216 productis;
2396 4153 2445 4198 et
2468 4143 2699 4214 psallam
2728 4143 2930 4196 nomini
2950 4142 3166 4196 Domini
3216 4141 3498 4203 altissimi,
3525 4138 3629 4194 l‘re—

2050 4250 2140 4296 tus
2170 4255 2267 4311 spe
2293 4255 2381 4295 me
2403 4240 2461 4294 in
2497 4239 2669 4293 choro
2697 4253 2888 4294 eorum
2919 4236 3013 4307 qui
3042 4251 3140 4306 per
3172 4235 3350 4304 ipsum
3393 4233 3627 4288 salutem

2050 4339 2485 4402 consequentur,
2527 4329 2650 4399 ejus
2683 4328 3003 4400 dignatione
3047 4325 3431 4396 recipiendum
3461 4338 3622 4380 esse.

2454 4530 2777 4588 PSALMUS
2817 4526 3026 4582 DAVID
3078 4525 3209 4582 VIII.

2401 4650 2455 4704 I.
2496 4646 2565 4702 In
2595 4647 2753 4719 ﬁnem
2776 4660 2871 4714 pro
2902 4640 3274 4698 torcularibus.

2119 4761 2253 4835 Quae
2291 4759 2383 4816 hic
2418 4760 2487 4816 de
2527 4758 3006 4815 consummatione
3037 4754 3361 4812 saeculorum
3391 4752 3630 4823 prophe-

2048 4852 2157 4908 tice
2195 4851 2572 4916 enuntiantur,
2621 4851 2679 4904 in
2725 4863 2894 4904 causa
2936 4846 3088 4900 luere
3139 4844 3283 4914 quod
3318 4843 3627 4913 inscriptio,

2047 4945 2105 4996 in
2130 4944 2311 5012 ﬁnem,
2347 4947 2736 5012 apponeretur.
2783 4938 2893 4993 Pro
2926 4935 3281 4991 torcularibus
3320 4944 3503 4991 autem
3545 4933 3629 4988 di-

2048 5034 2196 5088 citur
2246 5033 2617 5089 Ecclesiarum
2666 5030 2866 5103 gratia,
2906 5044 3028 5101 quae
3060 5045 3157 5098 per
3186 5028 3499 5083 universam
3526 5034 3630 5081 ter-

2050 5140 2169 5178 ram
2210 5125 2507 5186 exsistunt,
2534 5130 2590 5177 et
2633 5122 2924 5192 allegorice
2986 5119 3283 5174 torcularia
3332 5124 3623 5171 vocantur.

2051 5217 2288 5282 Quando
2318 5217 2464 5271 enim
2516 5230 2662 5269 unus
2691 5222 2808 5269 erat
2839 5213 3099 5284 populus,
3141 5211 3354 5267 scilicet
3382 5209 3625 5275 Israelis,

2052 5310 2180 5363 huic
2221 5316 2340 5365 erat
2375 5307 2571 5371 turris,
2596 5308 2859 5377 templum
2903 5304 3047 5375 apud
3086 5305 3239 5374 ipsos
3278 5292 3626 5372 nuncupata:

2051 5406 2106 5453 et
2148 5398 2506 5465 protorcular,
2561 5397 2772 5453 scilicet
2820 5396 2992 5450 altare
3048 5409 3146 5464 pro
3195 5393 3382 5464 templi
3438 5392 3629 5448 limine

2049 5490 2206 5560 juxta
2254 5487 2407 5546 Isaia:
2431 5503 2640 5544 vocem.
2675 5483 2794 5540 Jam
2842 5501 2972 5540 vero
3001 5484 3404 5540 multitudinem
3436 5492 3627 5539 torcu-

2056 5581 2255 5638 larium
2285 5582 2455 5638 multa
2479 5580 2763 5636 declarant
2797 5578 2992 5634 altaria
3052 5579 3109 5635 in
3139 5578 3373 5634 diversis
3402 5593 3499 5649 per
3536 5589 3630 5633 or:
