4096 6376
514 309 620 366 ιιι-ι

1210 306 1482 364 EUSEBll
1517 306 2000 367 CAESARIENSIS
2034 310 2185 367 OPP.
2224 308 2405 365 PARS
2445 309 2532 365 Ill.
2576 340 2642 350 --
2682 306 3091 365 EXEGETICA.

3668 307 3773 363 128

513 429 635 484 bem
668 427 923 484 ecclesiis
947 426 1166 484 dissita.
1206 427 1388 494 Quare
1416 430 1472 483 in
1505 431 1718 501 psalmo
1748 447 1959 488 unm
2000 436 2080 502 qui

2194 433 2395 505 τρόπον
2426 431 2598 485 πολλὰ
2626 432 2985 504 θυσιαστήρια
3016 431 3111 485 καὶ
3136 428 3468 502 σκηνώματα
3492 427 3773 495 θεσπίζειν-

509 540 697 597 parem
728 538 857 577 cum
886 522 1141 592 praesenti
1173 521 1275 577 fert
1303 525 1742 595 inscriptionem,
1780 528 1950 582 multa
2000 527 2082 581 al-

510 615 670 680 taria,
697 614 1073 676 tabernacula,
1098 613 1237 667 atria
1262 613 1317 668 in
1347 616 1609 671 vaticinio
1627 616 1902 682 feruntur,
1925 622 2084 686 juxta

508 708 676 765 illud:
715 707 891 774 Quam
911 706 1105 759 dilecta
1127 705 1468 762 tabernacula
1500 718 1613 777 tua,
1646 709 1875 765 Domine
1916 713 2087 765 virtu-

508 811 621 854 tum
646 799 666 853 .'
698 798 1021 867 concupiscit
1063 806 1113 851 et
1159 796 1338 867 deﬁcit
1368 801 1550 854 anima
1579 817 1694 855 mea
1724 802 1778 855 in
1810 802 1951 855 atria
1978 802 2089 855 Do—

510 893 642 946 mini
663 892 745 957 3';
774 890 973 947 deinde
1002 906 1130 947 vero
1160 890 1282 960 subj
1293 892 1447 963 ungit
1466 931 1482 957 ,
1514 892 1729 947 Altaria
1758 902 1871 961 tua,
1902 893 2089 947 Domi-

508 1001 575 1039 ne
598 984 851 1037 uirtutum
870 982 936 1038 “".

583 1075 745 1132 Vsus.
780 1076 835 1139 2,
866 1076 919 1131 5.
952 1074 1176 1131 Domine
1203 1076 1464 1131 Dominus
1495 1087 1692 1141 noster,
1723 1094 1882 1147 quam
1913 1076 2091 1130 admi-

504 1169 675 1223 rabile
707 1180 784 1225 est
816 1186 1003 1225 nomen
1035 1180 1186 1224 tuum
1220 1172 1275 1225 in
1302 1172 1550 1226 universa
1592 1182 1736 1225 terra
1758 1172 1778 1224 .'
1820 1172 2088 1237 Quoniam

466 1265 708 1317 =elevata
744 1271 825 1317 est
869 1264 1268 1334 magniﬁcentia
1310 1272 1405 1316 tua
1445 1280 1607 1332 super
1643 1264 1820 1317 caelos.
1876 1261 1959 1315 Ex
1999 1279 2090 1317 ore

502 1354 797 1423 infantium
844 1363 891 1408 et
943 1354 1253 1407 laetantium
1295 1354 1565 1423 perfeciin
1614 1352 1827 1407 laudem
1876 1361 2089 1420 propter

504 1444 746 1498 inimicos
792 1453 933 1507 tuos,
979 1454 1040 1498 ut
1079 1443 1324 1498 destruas
1370 1444 1648 1496 inimicum
1681 1454 1730 1497 et
1766 1442 2010 1495 ultorem.
2039 1441 2088 1474 ⁸⁸

503 1531 627 1587 Non
660 1533 790 1587 olim
830 1532 1155 1588 admirabile
1202 1532 1302 1588 fuit
1345 1534 1402 1588 in
1451 1534 1706 1588 universa
1761 1541 1944 1596 terra;
1988 1531 2088 1587 sed

506 1629 630 1692 post
685 1620 989 1678 Salvatoris
1046 1623 1344 1678 adventum
1407 1622 1659 1677 mirabile
1715 1620 1918 1677 factum
1975 1629 2083 1688 est,

502 1717 726 1788 quando
788 1715 1074 1789 Synagoga
1128 1719 1456 1788 populorum
1514 1717 1875 1774 circumdedit
1923 1732 2080 1786 eum;

2194 543 2282 580 ται
2309 528 2401 580 καὶ
2429 526 2611 589 αὐλαὶ,
2641 525 2783 579 κατά
2805 525 2886 587 τὸ,
2903 535 2994 591 Ὡς
3015 523 3291 593 ἀγαπητὰ
3319 522 3388 577 τὰ
3411 519 3774 591 σκηνώματά

2191 636 2331 684 σου,
2363 622 2543 687 Κύριε
2574 619 2692 673 τῶν
2730 617 3077 687 δυνάμεων]
3104 615 3373 671 ἐπιποθεῖ
3422 616 3521 669 καί
3574 614 3771 675 ἐκλεί-

2191 727 2289 765 πει
2330 714 2369 780 ἡ
2409 711 2577 780 ψυχή
2605 729 2725 781 μου
2752 712 2840 776 είς
2864 711 2971 776 τὰς
2997 709 3190 775 αὐλὰς
3227 707 3333 761 τοῦ
3363 709 3610 776 Κιφίου·
3651 706 3772 778 μεθ’

2191 806 2228 860 ἃ
2257 804 2480 872 ἐπάγει·
2516 803 2592 858 Τὰ
2619 800 3017 871 θυσιαστήριὰ
3041 817 3179 867 σου,
3211 803 3391 870 Κύριε
3430 799 3551 857 τῶν
3585 801 3770 857 δυνά-

2186 913 2368 966 μεων.

2260 1073 2438 1140 Κύριε
2472 1074 2505 1125 ό
2528 1073 2742 1141 Κύριος
2776 1070 2968 1141 ἡμῶν,
2994 1072 3075 1139 ὡς
3108 1071 3456 1141 θαυμαστὸν
3485 1072 3552 1126 τὸ
3583 1070 3776 1142 ὄνομά

2190 1179 2307 1218 σου
2337 1165 2407 1218 ἐν
2440 1163 2609 1233 πάσῃ
2639 1163 2714 1233 τῇ
2746 1164 2861 1235 τῇ]
2896 1166 3014 1218 Ὄτι
3056 1163 3286 1234 ἐπήρθη
3329 1166 3369 1234 ἡ
3401 1168 3772 1236 μεγαλοπρέ-

2191 1256 2327 1310 πειά
2348 1271 2464 1309 σου
2485 1255 2761 1324 ὑπεράνω
2784 1256 2903 1310 τῶν
2923 1254 3214 1324 οὐρανῶν.
3235 1256 3336 1310 Ἐκ
3357 1257 3655 1324 στόματος
3676 1272 3774 1324 νηο

2190 1349 2344 1401 πίων
2368 1348 2464 1402 καί
2499 1347 2877 1415 θηλαζόντων
2898 1348 3235 1416 κατηρτίσω
3262 1343 3435 1401 alvor-
3455 1346 3633 1400 ἕνεκα
3654 1345 3773 1400 τῶν

2188 1437 2419 1508 ἐχθρῶν
2436 1456 2572 1504 σου,
2583 1438 2691 1493 τοῦ
2706 1439 3042 1495 καταλῦσαι
3056 1439 3273 1508 ἐχθρὸν
3297 1438 3393 1491 καὶ
3415 1436 3769 1504 ἐκδικητὴν.

2190 1529 2265 1582 Οὐ
2294 1529 2463 1584 πάλαι
2486 1529 2798 1601 θαυμαστὸν
2823 1532 2880 1585 ἐν
2905 1532 3053 1606 πάσῃ
3078 1535 3143 1603 τῇ
3167 1534 3236 1603 γῇ
3258 1549 3271 1561 ·
3309 1530 3448 1603 μετά
3476 1530 3533 1583 δὲ
3554 1530 3655 1602 τὴν
3678 1529 3771 1582 τοῦ

2190 1622 2443 1693 Σωτῆρος
2475 1623 2781 1695 παρουσίαν
2809 1623 3044 1692 ἐγένετο,
3071 1624 3159 1676 ὅτε
3191 1625 3286 1677 καὶ
3310 1623 3599 1693 συναγωγὴ
3626 1621 3774 1677 λαῶν

2190 1711 2500 1767 ὲκύκλωσεν
2535 1713 2729 1766 αὐτόν·
2765 1712 3069 1783 συμφώνως
3114 1713 3192 1783 τῷ
3234 1713 3328 1766 νῦν
3368 1713 3619 1784 ῥηθέντι·
3668 1712 3771 1766 Ἐκ

500 1810 649 1880 quod
677 1824 810 1865 sane
844 1824 1147 1866 consonum
1182 1811 1309 1865 huic
1357 1810 1558 1881 psalmi
1604 1810 1893 1880 praesentis
1937 1810 2080 1865 dicto

2184 1805 2480 1873 στόματος
2528 1805 2783 1873 νηπίων.
2809 1806 2903 1858 καὶ
2937 1805 3005 1858 τὰ
3038 1804 3184 1876 ἑξῆς.
3218 1805 3329 1876 Τὴν
3373 1804 3482 1876 γὰρ
3508 1804 3636 1857 νέαν
3676 1804 3772 1858 καὶ

497 1914 567 1953 ea:
610 1915 701 1953 ore
749 1899 1034 1968 infantium
1082 1908 1132 1954 et
1166 1899 1479 1953 lactentium
1529 1899 1799 1969 perfecisti
1847 1899 2079 1966 laudem,

494 1999 552 2046 ct
577 1998 793 2046 cmtera.
819 1989 1026 2045 Novam
1056 1992 1203 2047 enim
1228 2006 1563 2062 synagogam
1596 2003 1721 2061 post
1748 1993 2084 2062 assutnptio‘

498 2095 621 2136 nem
654 2080 772 2150 ejus
808 2081 863 2134 in
895 2081 1066 2136 altum
1100 2097 1168 2136 ex
1195 2080 1490 2135 animabus
1525 2081 1581 2135 in
1615 2078 1849 2135 infantia
1881 2080 2084 2152 degen-

497 2171 649 2227 tibus
677 2172 999 2228 constitissc
1029 2171 1210 2237 docet,
1241 2182 1464 2242 propter
1495 2174 1975 2243 regenerationem
2026 2174 2083 2229 in

495 2263 723 2320 Cbristo
750 2274 869 2320 tum
901 2266 1125 2336 ubique,
1160 2273 1285 2335 post
1327 2264 1449 2335 ejus
1497 2266 1711 2320 scilicet
1745 2268 2079 2336 assumptio-

501 2371 649 2422 nem,
696 2373 794 2427 per
842 2358 1034 2414 orbem
1083 2366 1429 2428 usurpatam.
1475 2358 1845 2425 Quamobrem
1900 2360 2083 2414 accla-

499 2448 780 2505 mantibus
811 2449 915 2520 ipsi
955 2449 1163 2521 pueris,
1198 2448 1456 2505 Hosanna
1490 2451 1544 2503 in
1591 2451 1833 2516 excelsis,
1870 2451 2083 2506 benedi-

495 2543 616 2589 ctus
649 2537 738 2606 qui
769 2538 908 2590 venit
969 2537 1025 2591 in
1060 2537 1270 2592 nomine
1302 2536 1539 2602 Domini,
1577 2540 1799 2610 indigne
1845 2541 2082 2598 ferentes

496 2627 713 2695 aliquos
749 2627 831 2683 sic
867 2628 1201 2699 alloquitur:
1247 2626 1540 2699 Nunquam
1589 2628 1812 2700 legistis,
1846 2632 1971 2701 quia
1998 2630 2080 2685 Ea;

493 2734 588 2775 ore
644 2720 935 2788 infantium
982 2728 1034 2773 et
1083 2718 1393 2773 lactentium
1440 2718 1709 2789 perfecisti
1760 2720 1972 2776 laudem
1997 2722 2081 2776 εστ

493 2827 849 2882 nunquamne
904 2811 1079 2868 illud:
1157 2813 1386 2881 Propter
1457 2813 1701 2867 inimicos
1759 2817 1920 2871 tuos.’
1951 2814 2078 2871 Haec

492 2920 625 2960 vero
674 2912 896 2975 propter
957 2904 1307 2961 sacerdotum
1381 2905 1685 2975 principes,
1741 2913 1798 2961 et
1858 2916 2080 2979 propter

492 2994 801 3053 Pharisaws
848 2996 1060 3067 scripta
1097 3004 1268 3052 sunt:
1324 2995 1393 3053 de
1444 2997 1512 3053 iis
1558 3012 1796 3069 namque
1848 2999 2073 3061 dicitur,

492 3086 759 3152 inimicus,
789 3087 954 3151 ultor,
988 3095 1043 3142 et
1072 3088 1128 3141 in
1155 3089 1481 3157 praecedenti
1518 3090 1749 3160 psalmo,
1788 3090 1887 3144 leo.
1919 3089 2077 3157 Quod

2185 1897 2375 1967 καινὴν
2405 1896 2724 1967 συναγωγὴν
2753 1895 2889 1968 μετά
2923 1896 3020 1967 τὴν
3045 1899 3125 1959 εις
3151 1895 3282 1966 ὕψος
3307 1895 3572 1967 ἀνάληψιν
3602 1895 3766 1950 αὐτοῦ

2184 1988 2249 2041 ἐκ
2293 1987 2499 2058 νηπίων
2541 1989 2783 2042 διδάσκει
2824 1989 3145 2042 συνεστάναι
3171 1988 3359 2059 ψυχῶν
3390 1987 3479 2041 διὰ
3510 1988 3611 2060 τὴν
3634 1988 3769 2041 ἀνα-

2183 2081 2433 2151 γέννησιν
2461 2081 2563 2152 τὴν
2593 2083 2652 2135 ὲν
2692 2080 2772 2153 τῷ
2804 2079 3024 2152 Χριστῷ
3057 2079 3331 2151 πανταχοῦ
3359 2081 3632 2133 συστᾶσαν
3670 2079 3768 2151 τῆς

2184 2173 2508 2243 οἰκουμένης
2565 2172 2704 2243 μετά
2748 2173 2846 2243 τὴν
2892 2171 3160 2243 ἀνάληψιν
3211 2171 3309 2243 τὴν
3338 2170 3527 2226 αὑτοῦ.
3557 2171 3649 2223 Διὸ
3674 2170 3769 2224 καὶ

2188 2264 2435 2336 βοώντων
2484 2263 2635 2335 αὐτῷ
2679 2263 2788 2317 τῶν
2831 2263 3333 2330 παίδων,Ὠσαννὰ
3359 2263 3431 2317 ἐν
3464 2261 3587 2328 τοῖς
3624 2262 3739 2330 ὐψί
3753 2288 3770 2319 ς

2184 2372 2376 2422 στοις,
2414 2356 2826 2426 εὐλογημένος
2858 2358 2890 2410 ό
2916 2355 3239 2424 ἐρχόμενος
3269 2356 3340 2409 ἐν
3371 2356 3615 2425 ὀνόματι
3646 2356 3768 2407 Κυ-

2176 2448 2337 2516 ρίου,
2367 2446 2735 2515 ἀγανακτοῦσι
2780 2462 2967 2516 φησιν·
3003 2445 3302 2500 Οὐδέποτε
3332 2445 3652 2515 ἀνέγνωτε,
3680 2444 3770 2498 ὅτι

2196 2539 2292 2591 Ἐκ
2320 2539 2621 2608 στόματος
2636 2538 2870 2606 νηπίων
2908 2537 3004 2591 καὶ
3022 2534 3403 2607 θηλαζόντων
3432 2537 3771 2605 κατηρτίσω

2180 2626 2390 2694 uiror;
2421 2630 2516 2684 καὶ
2564 2630 2775 2700 μήποτε
2824 2628 2884 2683 τό
2904 2646 2918 2661 ·
2950 2629 3166 2681 Ἕνεκα
3201 2628 3319 2682 τῶν
3352 2626 3584 2699 ἐχθρῶν
3628 2641 3773 2686 σου.

2181 2725 2293 2778 Καὶ
2343 2722 2433 2777 διὰ
2488 2723 2615 2786 τοὺς
2664 2723 2942 2793 ἀρχιερεῖς
2989 2720 3208 2790 λέγεται
3259 2721 3354 2775 καὶ
3400 2720 3763 2794 Φαρισαίους·

2180 2814 2392 2884 ἐχθρί¹ς
2420 2816 2514 2868 καὶ
2545 2813 2872 2882 ἑκδικητὴς
2904 2815 2933 2867 6
2970 2812 3106 2866 λέων
3135 2814 3428 2885 εἰρημένος
3460 2816 3519 2868 ὲν
3550 2813 3630 2884 τῷ
3660 2811 3768 2884 πρὸ

2177 2904 2367 2960 τούτου
2408 2903 2627 2976 ψαλμῷ.
2664 2905 2738 2959 Τὸ
2763 2901 2857 2958 οὖν
2894 2904 3152 2975 μέγιστον
3182 2904 3386 2976 θαῦμα,
3414 2905 3496 2959 ὅτι
3525 2908 3553 2959 6
3580 2904 3771 2958 τοσοῦ·-

2179 3015 2291 3062 τος,
2325 2997 2516 3069 ἐχθρός
2544 3014 2605 3050 τε
2637 2997 2733 3050 καὶ
2764 2995 2926 3059 λέων,
2953 2997 2982 3048 6
3014 2995 3197 3066 ἄρχων
3219 2995 3313 3050 τοῦ
3343 2996 3538 3060 αἰῶνος
3551 2996 3767 3059 τούτου,

2179 3087 2270 3142 διὰ
2298 3086 2507 3157 νηπίων
2541 3087 2634 3140 καὶ
2672 3086 3014 3157 θηλαζόντων
3046 3084 3354 3156 καθῄρηται
3376 3103 3389 3115 ·
3425 3085 3542 3155 μεθ’
3576 3085 3604 3138 6
3636 3104 3774 3140 παν-

494 3186 681 3231 autem
721 3178 957 3232 maxime
992 3178 1302 3232 mirandum
1333 3188 1417 3233 est
1462 3179 1627 3234 talem
1670 3179 1962 3255 inimicum
2011 3188 2068 3234 et

2184 3150 2362 3249 ταχοῦ·
2390 3177 2522 3241 Θεὸς
2554 3178 2613 3230 ὲν
2644 3150 2777 3232 πᾶσι
2807 3150 3407 3249 θαυμάζεταιίίεῇίθρὸς
3426 3150 3499 3231 ἰδὲ
3537 3176 3613 3231 ὣν
3659 3181 3775 3231 Eve-

497 3266 729 3331 leonein,
766 3267 1066 3337 principem
1101 3268 1266 3337 hujus
1312 3269 1524 3333 surculi,
1585 3284 1683 3338 per
1716 3269 1958 3324 infantes
1990 3276 2074 3324 at-

493 3377 605 3431 que
646 3360 910 3416 lactentes
941 3360 1011 3416 de
1046 3360 1231 3416 medio
1261 3362 1537 3417 sublatum
1568 3377 1732 3418 esse:
1766 3377 1875 3433 quo
1911 3378 2073 3433 pera-

2178 3269 2361 3341 δρεύει
2404 3269 2542 3341 πρὸς
2575 3270 2851 3341 ἁμαρτίαν
2883 3269 3274 3335 ὑποσκελίζων,
3305 3270 3401 3323 καὶ
3432 3272 3557 3334 τοὺς
3584 3272 3774 3343 ἡμαρ-

2182 3361 2420 3433 τηκότας
2453 3362 2590 3433 μετά
2621 3362 2797 3415 ταῦτα
2830 3361 3069 3427 κολάζει.

491 3463 585 3509 cto
647 3452 791 3508 Deus
838 3453 1041 3524 ubique
1088 3462 1359 3509 terrarum
1408 3454 1552 3523 apud
1601 3469 1794 3510 omnes
1852 3454 2120 3509 mirabilis
2159 3452 2515 3524 przedicatur,
2583 3455 2678 3524 qui
2724 3455 2981 3524 princeps
3024 3455 3190 3525 hujus
3249 3454 3467 3517 saeculi,
3515 3454 3772 3511 inimicus

492 3561 621 3602 cum
645 3546 737 3611 sit,
755 3546 985 3601 insidias
1014 3553 1168 3615 parat
1202 3552 1263 3599 ut
1286 3546 1604 3616 supplantet
1626 3553 1681 3600 et
1710 3545 1763 3599 in
1790 3554 2073 3615 peccatum
2113 3545 2374 3616 dejiciat;
2413 3552 2528 3600 tum
2560 3555 2879 3615 peccatores
2909 3548 3179 3618 supplicio
3213 3547 3394 3601 allicit.

567 3637 685 3705 Qua
714 3640 929 3693 ratione
973 3648 1156 3693 autem
1185 3654 1383 3693 nomen
1419 3637 1656 3703 Domini,
1696 3639 1828 3692 olim
1874 3639 2080 3694 nemini

498 3742 711 3795 notum,
763 3731 1084 3789 admirabile
1122 3732 1383 3794 evaserit,
1414 3732 1658 3788 declarat
1701 3734 1756 3789 in
1790 3733 2074 3804 sequenti-

502 3822 603 3878 bus
648 3823 736 3877 liis
780 3823 986 3889 verbis,
1037 3824 1289 3894 quoniam
1324 3824 1528 3879 elevata
1573 3834 1652 3880 est
1683 3825 2079 3896 magniﬁcentia

501 3926 593 3969 tua
626 3930 779 3984 super
808 3916 997 3971 caelos:
1018 3923 1182 3986 atque
1210 3916 1431 3971 tertium
1466 3918 1603 3973 illud
1628 3917 2073 3989 superadditum,

493 4023 561 4061 ex
591 4024 680 4062 ore
723 4007 1008 4078 infantium
1055 4016 1106 4062 et
1154 4007 1464 4061 lactentium
1506 4009 1777 4079 perfecisti
1825 4009 2075 4075 laudem,

497 4102 740 4171 aliquam
772 4115 904 4155 sane
936 4099 1101 4155 habet
1129 4100 1448 4155 aﬂinitatem
1481 4116 1604 4155 cum
1657 4101 1774 4164 illo,
1807 4116 2079 4171 synagoga

493 4192 806 4267 populorum
835 4191 1188 4247 circumdabit
1220 4204 1287 4250 te.
1333 4193 1502 4248 Docet
1556 4193 1702 4248 enim
1748 4207 1946 4247 novam
1985 4208 2078 4264 sy-

496 4302 787 4359 nagogam,
829 4300 950 4355 qua:
1007 4283 1175 4339 Deum
1225 4285 1607 4339 circumdabat
1680 4292 1806 4354 post
1856 4284 1976 4353 ejus
2020 4284 2077 4338 in

497 4380 668 4434 altum
697 4376 1149 4445 assumptionem,
1185 4389 1252 4428 ex
1282 4374 1611 4439 infantibus,
1654 4374 1837 4429 animo
1866 4375 2079 4429 scilicet

2258 3639 2368 3693 Kal.
2398 3639 2515 3703 πῶς
2540 3640 2599 3693 ὲν
2640 3640 2785 3711 πάσῃ
2817 3643 2881 3712 τῇ
2911 3644 2979 3713 γῇ
3014 3642 3075 3694 τὸ
3106 3641 3272 3694 πάλαι
3295 3641 3482 3712 μηδενὶ
3509 3640 3763 3709 γινωσκό-

2189 3749 2347 3804 μενον
2372 3732 2542 3803 δνομα
2564 3733 2660 3786 τοῦ
2683 3734 2888 3805 Κυρίου
2920 3736 3014 3788 καὶ
3041 3734 3350 3804 θαυμαστὸν
3373 3734 3631 3804 κατέστη,
3654 3735 3743 3788 δια

2186 3826 2347 3893 σαφεῖ
2379 3824 2549 3894 λέγων
2592 3825 2751 3895 ἑξῆς·
2788 3826 2908 3879 Ὅτι
2939 3826 3165 3894 ἐπῄρθη
3208 3828 3245 3895 τι
3284 3814 3773 3896 μεγαλοπρέπειά

2181 3930 2297 3970 σου
2330 3915 2605 3985 ὑπεράνω
2635 3916 2753 3971 τῶν
2780 3918 3087 3986 οὐρανῶν·
3127 3918 3222 3970 καὶ
3271 3918 3334 3970 τὸ
3383 3918 3770 3988 ὲπιλεγόμενοθ

2179 4006 2236 4060 δὲ
2265 4007 2445 4079 τρίτον
2477 4009 2533 4062 ὲν
2569 4006 2672 4079 τῷ,
2692 4009 2791 4061 Ἐκ
2819 4009 3120 4077 στόματος
3149 4008 3386 4073 νηπίων
3430 4008 3527 4061 καὶ
3580 4012 3767 4076 θηλα-

2181 4099 2399 4161 ζόντων
2436 4102 2776 4169 κατηρτίσω
2803 4098 2998 4163 αἶνον,
3032 4100 3145 4170 ἔχοι
3181 4099 3246 4152 ἂν
3282 4103 3598 4170 συμφωνίαν
3633 4102 3765 4173 πρὸς,

2178 4192 2270 4246 τό·
2302 4193 2631 4264 Evt-aratri;
2692 4189 2844 4251 ζοῶν
2890 4192 3191 4245 κυκλώσει
3229 4208 3321 4250 σε.
3362 4194 3434 4246 Τὸ
3476 4195 3584 4263 γὰρ
3643 4193 3769 4249 νέαν

2178 4285 2272 4338 καὶ
2296 4284 2492 4356 καινὴν
2526 4282 2846 4353 συναγωγὴν
2876 4282 2983 4336 τῶν
3022 4281 3362 4336 κυκλούντων
3388 4283 3481 4337 τὸν
3511 4283 3642 4337 Θεὸν
3672 4302 3769 4356 με·

2178 4373 2247 4426 τὰ
2277 4374 2373 4445 τὴν
2400 4375 2479 4436 είς
2508 4372 2643 4443 ὕψος
2663 4373 2931 4442 ἀνάληψιν
2953 4372 3119 4426 αὐτοῦ
3148 4376 3212 4427 ὲκ
3240 4375 3448 4446 νηπίων
3472 4375 3647 4447 ψυχῆς
3673 4377 3769 4430 καὶ

495 4479 552 4527 et
587 4466 938 4529 lactentibus,
970 4465 1289 4519 collectam:
1327 4472 1492 4534 atque
1520 4464 1594 4516 ita
1640 4471 1799 4517 vocat
1841 4465 2078 4534 populos

2184 4465 2525 4537 Θηλαζόντων
2574 4466 2893 4519 συνεστάναι
2935 4466 3200 4521 διδάσκει·
3232 4468 3375 4522 οὕτω
3419 4467 3600 4523 καλῶν
3642 4471 3768 4535 τοὺς

496 4562 553 4616 in
610 4558 833 4614 Christo
878 4560 1256 4627 regeneratos.
1293 4552 1430 4607 Nam
1471 4562 1763 4624 postquam
1817 4554 1871 4606 in
1903 4555 2074 4607 altum

498 4650 766 4714 ascendit,
792 4658 917 4720 post
938 4647 1249 4717 ingressum
1271 4660 1430 4699 suum
1460 4645 1514 4698 in
1534 4646 1756 4710 caelum,
1783 4643 2073 4711 Dominus,

2179 4555 2657 4629 ﬁvaysvvmpévou;
2681 4558 2738 4609 ἐν
2760 4556 2981 4629 Χριστῷ
3008 4558 3189 4622 λαούς.
3207 4560 3302 4624 Εἰς
3332 4560 3465 4630 ὕψος
3492 4560 3602 4632 γὰρ
3632 4562 3766 4616 ἀνα-

2180 4646 2282 4710 ϐὰς
2318 4646 2455 4718 μετὰ
2484 4646 2582 4719 τὴν
2616 4650 2695 4712 είς
2724 4650 2947 4721 οὐρανὸν
2972 4652 3047 4722 (1)
3076 4650 3323 4715 κάθοδον,
3359 4654 3389 4706 6
3413 4651 3502 4705 διὰ
3526 4652 3624 4723 τῆς
3636 4670 3769 4726 προ-

498 4743 594 4813 qui
627 4757 722 4813 per
747 4739 1083 4811 prophetiam
1115 4737 1459 4800 enuntiatur,
1489 4734 1725 4791 adscivit
1763 4736 1866 4790 sibi
1901 4751 2075 4806 popu-

2184 4740 2408 4810 φητείας
2422 4739 2835 4812 παριστώμενος
2864 4742 3066 4814 Κύριος
3082 4745 3451 4815 κατηρτίσατο
3481 4743 3657 4814 ἑαυτῷ
3676 4746 3768 4798 ἐπὶ

500 4835 677 4890 lorum
707 4845 1060 4905 synagogam,
1091 4831 1147 4885 in
1178 4835 1323 4885 terra
1358 4843 1425 4884 ex
1454 4827 1764 4883 infantibus
1785 4835 1839 4883 et
1864 4830 2079 4884 lacten-

2189 4830 2286 4899 τῆς
2306 4832 2408 4901 γῆς
2427 4831 2523 4901 τὴν
2549 4830 2655 4885 τῶν
2685 4831 2828 4886 λαῶν
2854 4834 3194 4906 συναγωγὴν,
3218 4836 3284 4888 ἐκ
3314 4836 3523 4907 νηπίων
3556 4837 3651 4890 καὶ
3678 4836 3768 4909 θη-

499 4928 650 4983 tibus
680 4932 925 4997 paratam
940 4973 954 4986 ,

2189 4920 2456 4986 λαζόντων
2484 4923 2653 4995 αὐτὴν
2687 4927 3112 4997 συστησάμενος.

571 5017 737 5074 Vens.
773 5018 829 5083 4,
864 5017 919 5074 5.
952 5016 1219 5083 Quoniam
1245 5013 1427 5070 videbo
1457 5016 1637 5080 oculos,
1668 5029 1825 5083 opera
1875 5011 2075 5084 digito-

2261 5014 2381 5066 ’Ότι
2411 5013 2629 5085 ὄψομαι
2663 5018 2804 5084 τοὺς
2824 5019 3119 5088 οὐρανοὺς
3145 5019 3289 5090 ἔργα
3306 5020 3429 5075 τῶν
3448 5020 3766 5074 δακτύλων

501 5130 619 5167 rum
654 5122 883 5174 tuorum.
906 5110 1087 5164 lunam
1117 5120 1168 5164 et
1196 5107 1382 5163 stellas
1405 5124 1526 5179 qua:
1556 5118 1614 5161 tu
1639 5107 1901 5177 fundasti.
1933 5106 2073 5173 Quid

2185 5120 2322 5170 σου,
2354 5106 2625 5177 σελήνην
2661 5111 2758 5164 καί
2791 5111 3052 5180 ἀστέρας
3081 5110 3119 5164 ἀ
3144 5112 3226 5165 σὺ
3254 5113 3671 5181 ἐθεμελίωσας.
3704 5113 3766 5165 Τί

500 5221 577 5264 est
598 5209 752 5262 homo
784 5207 923 5279 quod
977 5222 1176 5261 memor
1226 5222 1281 5259 es
1324 5205 1461 5274 ejus,
1507 5211 1603 5257 aut
1651 5203 1797 5272 ﬁlius
1850 5203 2077 5259 hominis

2184 5200 2351 5252 ἐστιν
2388 5200 2716 5269 ἅνθρωπος,
2741 5202 2830 5256 ὅτι
2852 5203 3174 5273 μιμνήσκῃ
3186 5204 3410 5268 αὐτοῦ;
3444 5204 3480 5273 ἢ
3508 5204 3636 5271 υίὸς
3662 5205 3765 5258 ἀν-

500 5302 752 5374 quoniam
794 5301 982 5353 visita:
1025 5301 1181 5354 cum?
1243 5296 1493 5361 Etiamsi,
1543 5297 1745 5367 inquit,
1797 5297 2073 5352 mirabilia

2184 5290 2435 5358 θρώπου,
2461 5292 2550 5346 ὅτι
2589 5294 2926 5363 ἐπισκέπτῃ
2964 5297 3185 5359 auctir;
3230 5296 3295 5349 Εἰ
3339 5297 3433 5348 καὶ
3478 5296 3766 5367 θαυμαστά

504 5400 632 5448 sunt
653 5391 865 5462 opiﬁcia
895 5400 1011 5453 tua,
1042 5389 1242 5445 caelum
1270 5394 1323 5443 et
1352 5402 1472 5458 quae
1496 5387 1548 5441 in
1575 5402 1641 5441 eo
1681 5396 1831 5451 sunt,
1862 5402 1981 5457 qua:
2010 5393 2071 5440 tu

2184 5399 2295 5447 σου,
2332 5385 2485 5456 φησι,
2528 5387 2986 5459 δημιουργήματα
3022 5389 3247 5461 οὐρανὸς
3282 5390 3375 5441 καὶ
3405 5388 3476 5442 τὰ
3521 5391 3577 5441 ὲν
3614 5387 3767 5459 αὐτῷ

504 5485 744 5541 fundasti
770 5492 829 5539 ut
856 5499 953 5555 per
989 5498 1149 5537 omne
1195 5481 1457 5538 szeculum
1499 5480 1909 5544 consisterent;
1943 5492 2069 5531 nam

2184 5475 2318 5549 imp
2348 5478 2594 5549 ῆδρασας
2632 5479 2698 5531 δι’
2729 5480 2852 5532 ὅλου
2879 5479 2975 5533 τοῦ
3003 5480 3202 5545 αίῶνος
3236 5480 3497 5534 ἑστάναι·
3527 5480 3757 5547 ἔστησε

570 5627 616 5660 ss
652 5623 794 5680 p53],
832 5635 1072 5685 ιιχιιιι,
1098 5617 1229 5689 2,3,
1266 5618 1313 5652 ⁸⁵
1352 5618 1484 5673 ibid.
1518 5617 1578 5678 ι.
1652 5618 1698 5649 ⁸⁸
1741 5615 1928 5670 Matth.
1962 5630 2088 5682 χχι,
2129 5614 2183 5670 9.
2263 5616 2310 5648 ⁸⁸
2349 5618 2483 5673 ibid.
2526 5619 2609 5673 ιϐ.

576 5745 649 5818 (l)
681 5742 843 5799 Forte
870 5738 1021 5813 ᾅδην.
