4096 6396
349 385 452 440 129

1482 370 1986 431 COMMENTARIA
2022 369 2088 424 ΙΝ
2128 366 2470 424 PSALMOS.

3505 360 3610 416 150

347 498 453 570 γὰρ
483 496 635 554 αὐτὰ
675 498 763 562 εις
804 495 911 550 τὸν
952 494 1158 560 αἰῶνα,
1192 494 1335 549 καθά
1385 511 1551 566 φησιν
1596 494 1654 546 ἐν
1700 492 1926 562 ἑτέροις,

2039 486 2223 540 statuit
2253 502 2314 539 ea
2361 485 2415 537 in
2440 491 2717 545 teternum,
2749 488 2810 535 ut
2838 482 2946 536 alio
2988 482 3108 536 loco
3145 480 3360 545 dicit”,
3410 497 3609 551 praec-

349 589 451 644 καὶ
493 589 844 657 πρόσταγμα
882 588 1072 650 ἔθετο,
1105 588 1204 642 καὶ
1249 589 1321 641 οὐ
1361 587 1830 656 παρελεύσεται’
1865 586 1926 638 οὑ

354 683 460 753 μὴν
487 697 570 733 σοι
599 680 808 751 μεγάλα
851 681 987 753 πρὸς
1016 680 1271 752 ὓπαρξιν,
1298 678 1435 733 ἀλλὰ
1465 678 1723 751 βραχείας
1770 677 1928 732 δυνά-

356 790 498 846 μεως
524 772 807 836 δακτύλοις
834 771 1228 843 ἀναλογούσης·
1260 770 1404 827 οὕτω
1441 771 1550 842 γὰρ
1586 770 1685 835 τὰς
1727 769 1929 842 μικρὰς

350 867 606 939 δυνάμεις
635 866 861 923 ἐκάλεσε
892 865 986 920 τοῦ
1015 864 1172 921 Θεοῦ.
1198 867 1309 921 Καὶ
1334 866 1508 920 ταῦτα
1532 867 1630 934 μὲν
1659 865 1931 937 ἡδρασμέ-

350 975 415 1015 να
452 958 642 1028 μένει·
680 957 963 1030 ἄνθρωπον
1004 957 1063 1012 δὲ
1106 957 1195 1011 τὸν
1241 957 1362 1011 καθ’
1392 958 1488 1012 ἕνα
1518 957 1929 1030 παρερχόμενον

350 1043 740 1115 ἐκπέπληγμαι
787 1043 1027 1118 θεωρῶν,
1064 1047 1212 1110 ὅπως
1257 1048 1352 1101 καὶ
1406 1046 1678 1118 μέμνησαι
1712 1048 1928 1111 τούτου,

349 1136 444 1188 καὶ
475 1139 676 1207 προνοῇ
702 1154 715 1167 ο
761 1137 900 1210 ὅπερ
943 1155 1042 1191 ουκ
1073 1137 1139 1193 ἂν
1169 1136 1410 1210 ὑπῆρξεν
1450 1141 1498 1191 εί
1532 1137 1725 1211 μικρόν
1752 1157 1803 1192 τι
1834 1139 1931 1193 καὶ

351 1228 587 1299 φθαρτὸν
614 1228 876 1300 ἐτύγχανε
906 1230 1041 1294 ζῶον
1058 1247 1072 1262 ⁸
1093 1229 1237 1287 οὑτω
1263 1231 1318 1286 δὲ
1338 1232 1516 1302 τίμιον
1544 1233 1620 1296 ὡς
1641 1233 1706 1287 ἐκ
1730 1232 1933 1302 στόμα·

348 1338 441 1385 τος
463 1322 673 1390 νηπίων
706 1325 798 1377 καὶ
824 1323 1163 1395 θηλαζόντων
1193 1326 1358 1398 ὕμνον
1376 1325 1527 1397 αὐτῷ
1547 1325 1928 1397 κατηρτίσθαι.

350 1412 415 1465 Ei
444 1412 538 1466 καὶ
567 1414 797 1486 σμικρὸς
824 1415 1004 1470 τοίνυν
1026 1417 1169 1472 κατὰ
1193 1418 1256 1472 τὸ
1290 1417 1447 1489 σῶμα
1464 1435 1476 1447 ·
1504 1416 1640 1473 ἀλλὰ
1664 1416 1806 1472 κατὰ
1831 1416 1933 1486 ψυ-

350 1502 452 1573 χὴν
469 1501 567 1573 τὴν
591 1506 710 1557 κατ’
738 1505 922 1560 εἰκόνα
943 1507 1265 1578 τετίμηται·
1308 1508 1449 1563 ὥστε
1477 1507 1567 1563 διὰ
1585 1508 1775 1562 τούτου
1797 1508 1931 1562 Οαυο

352 1592 558 1662 μαστόν
590 1611 684 1648 σου
720 1597 1057 1667 καταστῆναι
1085 1598 1146 1654 τὸ
1174 1598 1344 1670 ὄνομα
1369 1601 1427 1655 ὲν
1460 1598 1608 1672 πάσῃ
1639 1601 1706 1670 τῇ
1740 1602 1832 1670 γῇ.

432 1768 835 1841 Ἀποθαυμάζει
890 1770 949 1825 τὸ
994 1770 1136 1825 Θεῖον
1179 1756 1406 1842 Πνεῦμα
1441 1772 1536 1825 καὶ
1576 1770 1792 1842 εὔχεται
1838 1771 1933 1825 τοῦ

2031 588 2176 648 ptum
2212 577 2388 646 posuit
2422 585 2472 628 et
2528 591 2630 628 non
2671 573 3003 639 praeteribit:
3047 589 3162 627 non
3197 582 3383 628 tamen
3413 589 3608 644 magna

2032 668 2129 722 tibi
2167 673 2516 738 reputantur,
2550 665 2644 720 sed
2675 680 2775 718 ceu
2807 665 2999 734 exigua
3036 664 3238 718 virtute
3260 664 3446 734 digitis
3476 679 3611 719 cou-

2032 760 2274 818 cinnata,
2312 761 2398 812 sic
2436 757 2583 811 enim
2617 755 2858 813 minores
2888 754 2983 810 Dei
3025 755 3257 809 virtutes
3307 764 3606 824 nuncupat.

2036 854 2098 910 Et
2129 855 2247 909 haec
2294 853 2518 926 quidem
2569 851 2798 906 fundata
2846 865 2911 907 ac
2951 849 3108 905 ﬁrma
3148 860 3505 921 permanent;
3554 858 3612 904 at

2032 946 2338 1007 hominem.
2367 944 2691 1017 singulatim
2725 944 2909 998 omnia
2954 956 3306 1014 percurrens,
3351 956 3461 995 non
3492 942 3612 996 sine
3710 942 3717 947 ’

2033 1048 2260 1109 stupore
2304 1037 2649 1108 contemplor
2677 1075 2691 1101 ,
2723 1052 2833 1106 quo
2882 1042 3045 1106 pacto
3082 1035 3293 1090 scilicet
3318 1033 3466 1091 illius
3495 1048 3612 1089 me-

2032 1130 2280 1195 mineris,
2337 1139 2499 1200 atque
2543 1129 2721 1199 ipsius
2768 1142 2955 1181 curam
2981 1126 3209 1192 habeas,
3233 1126 3377 1196 quod
3422 1124 3615 1195 utique

2031 1235 2142 1274 non
2178 1219 2412 1284 faceres,
2453 1223 2499 1275 si
2530 1234 2758 1289 parvum
2807 1225 2863 1273 et
2886 1217 3248 1287 corruptibile
3290 1216 3491 1270 animal
3522 1230 3613 1271 es-

2034 1320 2154 1379 set;
2195 1311 2291 1368 sed
2324 1321 2479 1367 tanto
2509 1313 2718 1367 honore
2745 1310 2949 1380 dignus
2977 1322 3082 1374 est,
3116 1316 3176 1364 ut
3201 1325 3265 1364 ex
3296 1324 3393 1364 ore
3431 1306 3614 1362 infau—

2035 1405 2170 1459 tium
2203 1413 2259 1460 et
2289 1404 2611 1461 lactentium
2639 1404 2859 1475 hymnis
2887 1403 3211 1458 celebretur.
3255 1401 3484 1457 Etiamsi
3513 1401 3617 1471 igi-

2034 1502 2127 1549 tur
2158 1509 2395 1564 corpore
2425 1511 2632 1567 parvus
2674 1495 2768 1559 sit,
2816 1493 3123 1550 secundum
3154 1493 3392 1547 animam
3430 1491 3499 1545 ad
3535 1491 3615 1546 si-

2034 1585 2399 1641 militudinem
2424 1586 2518 1641 Dei
2543 1585 2744 1640 factam
2777 1586 3098 1650 honoratur,
3124 1584 3200 1639 ita
3227 1594 3286 1638 ut
3308 1599 3403 1654 per
3433 1583 3614 1653 ipsum

2034 1676 2355 1732 admirabile
2383 1678 2455 1733 sit
2484 1692 2683 1733 nomen
2709 1685 2863 1733 tuum
2897 1679 2952 1732 in
2984 1678 3240 1733 universa
3267 1686 3434 1732 terra.

2105 1767 2428 1825 Admiratur
2462 1769 2703 1840 Spiritus
2737 1769 2978 1837 divinus,
3008 1776 3063 1825 et
3109 1770 3167 1824 in
3208 1770 3327 1839 ipsa
3375 1769 3613 1824 admira-

350 1850 675 1929 θαυμασμοῦ
708 1858 914 1928 λέγων’
945 1860 1220 1933 Οὐρανοὺς
1254 1860 1352 1930 μὲν
1381 1861 1492 1932 ὁρῶ
1528 1863 1655 1925 τοὺς
1681 1860 1773 1914 τὸν
1800 1860 1936 1932 σύμ-

2039 1861 2185 1917 tione
2227 1862 2516 1933 gloriatur,
2565 1861 2793 1918 dicens:
2843 1861 3028 1918 leos
3068 1862 3290 1932 quidem
3335 1862 3492 1917 video
3520 1861 3615 1931 qui

352 1965 530 2002 πάντα
555 1949 759 2019 κόσμον
786 1949 1169 2020 περιέχοντας·
1206 1951 1317 2022 όρῶ
1349 1950 1404 2004 δὲ
1443 1951 1538 2004 καὶ
1577 1950 1807 2022 σελήνην
1840 1951 1933 2004 καὶ

352 2039 550 2109 ἄστρα,
580 2039 676 2092 καὶ
706 2037 878 2092 ταῦτα
904 2040 1082 2095 πάντα
1113 2040 1366 2113 γνωρίζω
1391 2046 1458 2115 τῇ
1498 2043 1657 2114 φύσει
1681 2044 1809 2098 ὄντα
1839 2061 1933 2115 μευ

353 2127 618 2198 γάλακαὶ
646 2127 931 2198 θαυμαστὰ
959 2130 1059 2201 τῆς
1079 2130 1208 2203 ὅλης
1228 2132 1582 2204 δημιουργίας
1614 2132 1787 2205 μέρη*
1819 2134 1931 2188 ἀλλ’

352 2221 523 2291 ὅμως,
553 2222 756 2294 καίπερ
778 2223 906 2277 ὄντα
932 2223 1180 2289 τοιαῦτα,
1212 2220 1349 2289 οἶδα,
1370 2232 1458 2286 ὅτι
1490 2225 1804 2297 βραχύτατα
1825 2227 1933 2283 τῶν

351 2312 460 2365 σῶν
495 2312 673 2384 ἔργων
698 2314 1163 2387 τυγχάνει.Ἔργα
1192 2315 1322 2384 γοῦν
1355 2317 1471 2370 ἐστι
1492 2318 1664 2371 ταῦτα
1687 2317 1797 2371 τῶν
1825 2317 1934 2372 σῶν

346 2405 653 2459 δακτύλων·
695 2406 815 2477 οὐχὶ
841 2405 897 2459 δὲ
924 2407 1144 2476 χειρῶν,
1171 2406 1291 2461 οὐδὲ
1320 2409 1561 2479 μεγάλης
1596 2410 1742 2474 τινὸς
1778 2411 1935 2465 δυνά-

351 2514 527 2567 μεωςο
568 2497 705 2562 ἀλλ’,
733 2498 811 2561 ὡς
842 2498 909 2552 ἂν
940 2498 1085 2552 εἴποι
1115 2517 1220 2565 τις,
1259 2500 1443 2571 ἄκρων
1471 2500 1771 2567 δακτύλων,
1807 2520 1933 2575 τρο-

348 2588 529 2654 πικῶς
557 2587 729 2654 οὕτως
752 2591 858 2645 τῶν
891 2590 1172 2662 δυνάμεων
1203 2591 1619 2665 ὀνομαζομένων
1651 2594 1745 2649 τοῦ
1774 2594 1932 2662 Θεοῦ,

346 2681 414 2735 δι’
445 2675 519 2736 ὧν
544 2681 614 2736 τὰ
639 2681 872 2758 αἰσθητὰ
901 2686 998 2739 καὶ
1024 2683 1278 2756 ὁρώμενα
1310 2685 1769 2758 δημιουργήματα
1807 2704 1936 2741 συν-

349 2775 638 2845 εστήσατο.
756 2755 775 2767 ⁸

436 2864 812 2933 Ἠλάττωσας
876 2868 1061 2922 αὐτόν
1098 2868 1301 2938 βραχύ
1342 2884 1401 2922 τι
1451 2870 1589 2937 παρ’
1621 2868 1935 2939 ἀγγέλους,

351 2955 500 3026 δόξῃ
542 2958 643 3011 καὶ
680 2957 820 3029 τιμῇ
852 2958 1283 3030 ἐστεφάνωσας
1314 2962 1520 3015 αὐτόν.
1550 2963 1661 3016 Καὶ
1691 2963 1798 3034 μὴν
1823 2962 1941 3018 ἑτέ-

356 3066 466 3124 ρως
514 3050 643 3124 δόξῃ
692 3053 788 3105 καὶ¹
837 3056 972 3124 τιμῇ
1016 3053 1107 3107 τὸν
1163 3052 1469 3126 ἄνθρωπον,
1504 3055 1880 3125 ἐστεφάνωσεν
1909 3057 1940 3110 ό

350 3140 503 3206 ὂεὸς,
531 3142 624 3196 ἐπὶ
669 3142 830 3214 μόνου
870 3142 963 3198 τοῦ
999 3144 1289 3216 ἀνθρώπου
1333 3146 1509 3217 φήσας
1531 3163 1545 3176 ·
1585 3145 1939 3217 Ποιήσωμεν

350 3232 667 3303 ἄνθρωπον
698 3237 826 3290 κατ’
856 3236 1064 3291 εἰκόνα
1101 3238 1396 3308 ἡμετέραν
1426 3239 1525 3294 καὶ
1557 3240 1687 3293 καθ’
1727 3240 1935 3309 ὀμοίω-
1966 3222 2008 3280 C

351 3343 477 3391 σιν,
514 3328 607 3382 καὶ
640 3328 911 3401 διαφόρως
934 3333 1047 3395 τοῖς
1088 3330 1266 3400 ἁγίοις
1293 3330 1601 3404 ἀνθρώποις
1629 3333 1934 3402 ἐπιφανεὶς,

352 3421 448 3473 κα)⁵
481 3418 795 3491 Πνεύματος
837 3422 1016 3490 ἁγίου,
1048 3423 1143 3477 καὶ
1181 3423 1463 3496 δυνάμεως
1491 3426 1743 3497 οὐρανίου
1774 3443 1940 3496 μετα-

352 3508 498 3573 δοὺς,
528 3511 604 3575 ὡς
633 3510 696 3564 τὸ
730 3510 921 3583 μέλλον
954 3513 1176 3579 ειδέναι,
1211 3514 1305 3569 καὶ
1326 3514 1515 3580 νόσους
1540 3514 1808 3581 ἐλαύνειν,
1843 3516 1938 3570 καὶ

354 3604 581 3673 νεκροὺς
614 3604 868 3676 ἀνιστᾷν⁴
906 3606 1002 3661 καὶ
1034 3606 1096 3659 τὸ
1139 3607 1394 3678 μέγιστον
1421 3608 1698 3673 ἁπάντων,
1731 3610 1798 3680 τῇ
1842 3607 1938 3662 τοῦ

355 3694 695 3762 Μονογενοῦς
722 3696 961 3768 τιμήσας
995 3696 1159 3751 αὑτὸν
1190 3700 1489 3771 παρουσίᾳ.

427 3785 580 3854 Δόξῃ
628 3786 727 3840 καί
759 3786 895 3858 τιμῇ
927 3788 1358 3858 ἐστεφάνωσας
1397 3791 1605 3856 αὐτόν,
1642 3792 1744 3845 καὶ
1798 3808 1939 3846 κατ-

355 3874 626 3944 ἐστησας
677 3877 866 3931 αὐτόν
913 3878 1011 3932 ἐπὶ
1062 3878 1136 3932 τὰ
1185 3880 1333 3949 ἔργα
1385 3879 1506 3934 τῶν
1549 3880 1765 3951 χειρῶν
1797 3898 1935 3938 σου.

355 3968 563 4023 Πάντα
617 3968 922 4037 ὑπέταξας
978 3971 1259 4026 ὑποκάτω
1308 3969 1427 4025 τῶν
1476 3971 1681 4028 ποδῶν
1730 3974 1939 4040 αὐτοῦ,

357 4063 620 4130 πρόϐατα
669 4062 769 4116 καί
821 4063 980 4129 ,ϐόας
1024 4062 1251 4130 πάσας,
1284 4062 1374 4117 ἔτι
1404 4062 1473 4117 δὲ
1514 4064 1718 4118 καὶτὰ
1749 4065 1940 4134 κτήνη

354 4154 463 4208 τοῦ
514 4152 745 4221 πεδίου,
783 4155 857 4209 τὰ
902 4156 1145 4211 πετεινὰ
1176 4155 1283 4211 τοῦ
1328 4157 1609 4226 οὐρανοῦ,
1654 4157 1757 4212 καὶ
1800 4158 1944 4226 τοὺς

360 4250 571 4319 ιχθύας
601 4248 710 4317 τῆς
742 4251 1083 4319 θαλάσσης,
1112 4250 1186 4305 τὰ
1208 4251 1683 4321 διαπορευόμενα
1705 4252 1944 4320 τρίϐους

359 4342 710 4400 θαλασσῶν.
745 4343 825 4414 Τῇ
871 4342 979 4414 γὰρ
1031 4341 1222 4415 λογικῇ
1274 4343 1453 4413 φύσει,
1495 4343 1572 4408 ὡς
1618 4344 1685 4398 ἂν
1730 4344 1945 4415 ὡμοιω-

365 4436 503 4509 μένῃ
553 4434 691 4507 Θεῷ,
738 4436 836 4506 τὴν
887 4436 1029 4490 κατὰ
1084 4436 1302 4491 πάντων
1351 4437 1525 4509 ἀρχὴν
1573 4437 1666 4493 καὶ
1713 4436 1944 4509 δύναμιν

362 4529 693 4599 ἐδωρήσατο.
735 4529 795 4581 '0
823 4527 1130 4601 ἄνθρωπος,
1159 4531 1260 4602 τῆς
1284 4529 1473 4600 Θεῐκῆς
1503 4530 1710 4594 εἰκόνος
1736 4529 1939 4596 λαϐὼν,

359 4620 436 4685 ὼς
486 4621 741 4692 βασιλεὺς
785 4621 1040 4676 ἁπάντων
1072 4623 1219 4677 ἐστὶν
1260 4624 1290 4677 ό
1331 4622 1483 4687 Θεὸς,
1531 4621 1704 4687 οὕτως
1756 4622 1941 4694 ἅρχων

360 4715 596 4787 κατέστη
630 4715 739 4768 τῶν
772 4714 865 4768 ἐπὶ
886 4713 1008 4785 γῆς.
1040 4714 1104 4767 Et
1130 4714 1187 4767 δὲ
1215 4713 1518 4778 καθολικῶς
1548 4714 1799 4785 εἴρηται*
1828 4715 1940 4770 Καὶ

362 4806 740 4874 κατέστησας
785 4805 973 4862 αὐτόν
1002 4805 1101 4859 ἐπὶ
1126 4805 1199 4859 τὰ
1226 4806 1369 4875 ἔργα
1396 4804 1514 4858 τῶν
1548 4805 1763 4878 χειρῶν
1787 4821 1903 4860 σου
1924 4822 1938 4836 ’

362 4898 509 4968 λέγει
539 4898 595 4951 δὲ
641 4896 872 4970 ἀλλαχοῦ
892 4914 904 4928 ·
942 4897 1055 4953 Καὶ
1095 4897 1169 4952 τὰ
1211 4896 1356 4967 ἔργα
1403 4896 1524 4951 τῶν
1569 4896 1784 4966 χειρῶν
1825 4913 1942 4953 σου

363 4994 524 5047 εἰσὶν
549 4993 603 5047 ol
643 4993 906 5061 οὐρανοί,
940 4992 1098 5065 δῆλον
1139 4992 1213 5056 ὡς
1256 4991 1352 5046 καὶ
1391 4991 1484 5044 επὶ
1522 4993 1650 5056 τοὺς
1679 4991 1943 5062 οὐρανοὺς

365 5088 699 5158 κατέστησεν
746 5086 932 5141 αὑτόν.
970 5087 1081 5141 Καὶ
1129 5086 1339 5157 μήποτε
1385 5084 1713 5156 ἀποῤῥήτως
1752 5083 1853 5156 τὴν
1892 5085 1950 5137 ὲν

366 5178 576 5251 οὐρανῷ
601 5176 883 5250 διατριϐὴν
908 5177 1181 5250 σημαίνει,
1208 5176 1316 5230 τῶν
1341 5177 1451 5230 ἀπὸ
1469 5176 1575 5246 γῆς
1606 5178 1785 5230 ἐκεῖσε
1819 5175 1950 5247 μεθ-

368 5272 690 5344 ισταμένων,
722 5271 808 5325 ὅτε
860 5270 1112 5341 μέλλουσι
1146 5269 1425 5341 βασιλείαν
1470 5266 1826 5338 κληρονομεῖν
1855 5266 1949 5319 ού-

369 5363 545 5437 ρανῶν
577 5364 655 5427 ὡς
699 5361 1054 5435 ἐπήγγελται.
1084 5362 1247 5430 Λέγει
1279 5361 1336 5415 δὲ
1383 5362 1412 5414 ὁ
1443 5359 1686 5423 Παῦλος’
1722 5362 1952 5426 Κληρο-

367 5458 535 5533 νόμοι
593 5455 709 5525 μὲν
764 5456 912 5511 Θεοῦ
934 5495 947 5518 ,
1001 5455 1485 5524 συγκληρονόμοι
1541 5452 1611 5506 δὲ
1663 5451 1942 5520 Χριστοῦ.

2036 1961 2213 2008 totum
2243 1952 2509 2007 mundum
2558 1953 3121 2024 circumplectuntur;
3166 1954 3326 2009 video
3363 1954 3493 2008 item
3532 1954 3618 2007 lu-

2035 2061 2165 2101 nam
2190 2053 2245 2100 et
2275 2047 2488 2104 stellas.
2526 2055 2581 2102 et
2609 2047 2770 2116 plane
2799 2062 2973 2102 nosco
3010 2047 3127 2103 haec
3158 2047 3343 2101 omnia
3386 2061 3617 2117 magnas

2035 2137 2426 2207 mirabilesque
2450 2138 2689 2192 universi
2718 2137 2924 2208 opilicii
2956 2145 3139 2209 partes
3167 2153 3290 2193 esse
3316 2156 3329 2192 :
3373 2144 3618 2191 attamen

2036 2228 2139 2284 etsi
2189 2230 2319 2283 talia
2370 2236 2515 2296 sunt,
2570 2230 2697 2284 novi
2736 2245 2802 2285 ea
2850 2229 3074 2284 minima
3122 2244 3349 2301 operum
3395 2238 3617 2284 tuorum

2034 2338 2176 2380 esse.
2216 2321 2343 2378 llaec
2390 2324 2573 2394 itaque
2618 2331 2748 2379 sunt
2798 2323 3094 2394 digitorum
3140 2332 3359 2379 tuorum
3410 2340 3617 2396 opera;

2034 2430 2146 2470 non
2176 2431 2307 2469 vero
2341 2431 2624 2478 manuum,
2658 2431 2838 2486 neque
2868 2432 3079 2488 magna:
3106 2416 3396 2486 cujusdam
3425 2423 3620 2487 poten-

2038 2510 2127 2565 tias
2152 2518 2292 2577 tuae;
2348 2508 2467 2572 sed,
2506 2517 2569 2562 ut
2624 2508 2701 2563 ita
2754 2509 2958 2575 dicam,
3011 2521 3380 2566 extremorum
3417 2510 3614 2581 digito-

2035 2616 2190 2655 rum:
2226 2601 2299 2654 ita
2346 2598 2600 2655 videlicet
2649 2601 2859 2669 tropice
2895 2609 3166 2657 vocantur
3212 2602 3443 2658 virtutes
3496 2601 3615 2667 Dei,

2037 2693 2238 2764 quibus
2272 2692 2559 2748 sensibilia
2587 2692 2935 2763 visibiliaque
2968 2708 3136 2764 opera
3166 2695 3474 2749 constituit.

2111 2866 2282 2924 Vens.
2313 2868 2368 2924 6.
2404 2866 2652 2923 Hinuisti
2692 2883 2812 2920 eum
2852 2867 3015 2937 paulo
3048 2868 3223 2920 minus
3274 2867 3339 2920 ab
3394 2868 3622 2937 angelis,

2039 2958 2213 3028 gloria
2235 2968 2285 3015 et
2316 2958 2512 3012 honore
2540 2958 2813 3012 coronasti
2843 2974 2987 3013 eum.
3022 2957 3088 3012 Et
3115 2973 3247 3014 sane
3274 2960 3381 3013 alia
3409 2962 3624 3017 ratione

2040 3050 2319 3109 hominem
2353 3052 2525 3122 gloria
2557 3060 2612 3106 et
2642 3050 2851 3105 honore
2885 3052 3171 3105 coronavit
3200 3049 3384 3119 Deus;
3415 3051 3483 3106 de
3503 3055 3625 3108 solo

2040 3147 2243 3218 quippe
2271 3146 2492 3201 homine
2522 3144 2695 3200 dixit:
2748 3142 3043 3199 Faciamus
3083 3143 3346 3198 hominem
3384 3143 3454 3199 ad
3485 3146 3624 3201 inta-

2040 3239 2214 3310 ginem
2237 3246 2286 3292 et
2312 3237 2717 3293 similitudinem
2743 3246 2982 3292 nostram
2993 3237 3059 3291 ⁸⁸.
3098 3235 3433 3308 Diversoque
3458 3238 3626 3294 modo

2039 3330 2245 3386 sanctis
2262 3329 2575 3384 hominibus
2587 3328 2859 3399 apparuit,
2883 3327 3257 3399 Spiritumque
3274 3339 3522 3385 sanctum
3559 3347 3626 3387 ac.

2040 3422 2325 3479 ccelastem
2361 3396 2690 3491 potestatem
2727 3396 2947 3486 indidit,
2985 3396 3059 3476 0ut
3102 3396 3285 3476 futura
3315 3437 3627 3492 praenosce-

2039 3520 2186 3579 rent,
2240 3514 2464 3569 morbos
2517 3514 2803 3583 pellerent,
2851 3522 3100 3570 mortuos
3147 3515 3520 3570 suscitarent:
3569 3525 3625 3570 et

2040 3608 2190 3678 quod
2242 3608 2488 3664 omnium
2519 3606 3065 3679 praestantissimum,
3108 3606 3391 3664 hominem
3422 3606 3622 3680 Unige-

2041 3699 2144 3754 niti
2170 3699 2255 3755 sui
2286 3699 2523 3756 adventu
2555 3700 2868 3756 honoravit.

2114 3788 2285 3845 Vens.
2323 3789 2437 3844 7-9.
2475 3789 2661 3844 Gloria
2714 3799 2764 3845 et
2829 3791 3024 3845 honore
3086 3794 3356 3848 coronasti
3385 3810 3524 3860 eum,
3573 3806 3625 3849 et

2044 3881 2372 3935 constituisti
2404 3897 2523 3935 eum
2567 3898 2726 3951 super
2751 3899 2910 3950 opera
2944 3900 3197 3938 manuum
3223 3894 3456 3941 tuarum.
3495 3886 3625 3943 0m-

2042 3973 2136 4028 nia
2163 3971 2441 4041 subjecisti‘
2462 3971 2559 4049 sub
2586 3971 2806 4041 pedibus
2836 3974 2974 4043 ejus,
2998 3990 3116 4029 oves
3145 3985 3194 4030 et
3239 3977 3387 4032 boves
3417 3980 3625 4033 univer-

2043 4082 2157 4129 sas,
2190 4066 2406 4134 insuper
2430 4072 2481 4118 et
2508 4079 2700 4133 pecora
2722 4069 2920 4136 campi,
2944 4066 3179 4121 volucres
3211 4070 3330 4122 caeli
3365 4079 3414 4123 et
3456 4075 3625 4138 pisces

2044 4159 2235 4223 maris,
2266 4158 2355 4227 qui
2394 4157 2766 4226 perambulant
2800 4159 3018 4214 semitas
3066 4161 3251 4214 maris.
3291 4159 3625 4217 Rationabili

2044 4250 2191 4306 enim
2224 4257 2454 4314 naturae,
2489 4257 2680 4321 utpote
2721 4249 2790 4305 ad
2842 4249 3260 4306 similitudinem
3296 4251 3392 4308 Dei
3441 4253 3619 4319 facite,

2019 4343 2385 4413 .dominatum
2430 4349 2867 4414 potestatemque
2896 4343 2951 4398 in
2985 4343 3169 4397 omnia
3200 4345 3411 4401 tribuit.
3449 4344 3626 4401 Homo

1973 4572 2021 4629 D

2045 4453 2178 4496 sane
2207 4437 2302 4494 Dei
2333 4438 2622 4508 imaginem
2658 4439 2886 4509 accepit,
2920 4454 2985 4493 ac
3009 4446 3071 4494 ut
3099 4454 3197 4495 rex
3212 4440 3457 4496 omnium
3479 4440 3626 4498 Deus

2046 4542 2151 4598 est,
2194 4532 2278 4588 sic
2320 4531 2438 4602 ipse
2496 4532 2755 4603 princeps
2784 4538 3134 4588 terrenarum
3167 4535 3410 4589 omnium
3440 4549 3627 4589 rerum

2045 4624 2380 4680 constitutus
2409 4630 2515 4681 est.
2552 4622 2709 4690 Quod
2741 4625 2788 4679 si
2812 4624 3114 4695 generatim
3143 4625 3257 4680 haec
3279 4626 3453 4695 posita
3472 4635 3624 4686 sunt.

2048 4716 2117 4771 Et
2147 4716 2472 4771 constituisti
2515 4732 2634 4770 eum
2677 4731 2833 4784 super
2868 4732 3029 4786 opera
3070 4732 3323 4771 manuum
3358 4724 3573 4770 tuarum
3601 4731 3627 4772 :

2047 4825 2173 4865 cum
2227 4809 2359 4865 alibi
2404 4809 2643 4875 dicatur,
2677 4808 2747 4863 Et
2780 4824 2938 4877 opera
2968 4825 3226 4863 manuum
3257 4818 3470 4864 tuarum
3499 4823 3626 4864 sunt

2048 4902 2164 4957 cali
2191 4902 2260 4971 “,
2312 4901 2441 4957 hinc
2473 4901 2851 4971 consequitur,
2883 4901 3047 4956 etiam
3099 4916 3264 4973 super
3292 4903 3462 4958 caelos
3491 4918 3626 4958 con-

2050 4994 2359 5066 stitutuma
2389 4992 2500 5049 Deo
2533 4991 2725 5050 fuisse.
2776 4993 2849 5050 Ac
2879 5007 3161 5065 nunquam
3192 5010 3381 5051 eorum
3424 4995 3520 5064 qui
3557 4994 3625 5050 ad

2049 5099 2318 5155 supernas
2348 5084 2510 5141 sedes
2537 5084 2958 5151 transferentur,
2988 5085 3381 5140 habitationem
3403 5087 3457 5139 in
3484 5085 3627 5140 caelo

2049 5176 2292 5231 futuram
2319 5176 2538 5231 occulte
2564 5182 2982 5242 commemorat,
3024 5176 3116 5231 ubi
3148 5176 3478 5247 promissum
3516 5175 3623 5230 sibi

2049 5266 2318 5321 ctelorum
2367 5279 2598 5337 regnum
2632 5266 2944 5336 possessuri
2990 5274 3157 5334 sunt;
3193 5267 3268 5322 ait
3296 5266 3441 5322 enim
3480 5264 3627 5321 Pau-

2051 5356 2137 5420 lus
2175 5373 2188 5409 :
2231 5352 2481 5410 eredes
2526 5355 2736 5425 quidem
2772 5356 2892 5422 Dei,
2936 5355 3228 5412 cohazredes
3259 5365 3435 5411 autem
3468 5357 3624 5413 Chri-

2049 5450 2118 5502 sti
2136 5446 2201 5501 ’°.
2229 5444 2321 5501 Sic
2349 5447 2506 5512 illud,
2538 5452 2737 5509 Omnia
2791 5449 3029 5519 subjecit
3060 5449 3162 5506 sub
3190 5449 3416 5519 pedibus
3481 5444 3627 5515 eius,

367 5546 524 5602 Οὕτω
562 5548 658 5604 καὶ
688 5549 771 5614 τὸ,
807 5547 991 5603 Πάντα
1027 5546 1292 5612 ὑπέταξεν
1325 5544 1584 5601 ὑποκάτω
1621 5541 1733 5597 τῶν
1765 5541 1938 5597 ποδῶν

2046 5539 2173 5613 jam
2190 5538 2603 5608 intelligendum
2627 5541 2696 5595 de
2724 5540 3059 5596 animalibus
3095 5561 3109 5595 :
3152 5548 3209 5595 at
3232 5541 3360 5611 quia
3394 5539 3629 5594 homini-

369 5639 807 5712 αὑτοῦ,,νοητέον
840 5638 936 5694 νῦν
971 5638 1070 5710 μὲν
1102 5636 1171 5691 τὰ
1200 5636 1346 5703 ζῶα·
1382 5635 1570 5708 ἐπειδὴ
1601 5636 1659 5690 δὲ
1701 5636 1797 5689 καὶ
1824 5633 1938 5705 βίος

2051 5633 2155 5689 bus
2181 5631 2236 5686 in
2270 5631 2411 5687 cmlo
2445 5645 2541 5701 par
2568 5632 2824 5704 angelice
2855 5632 2961 5688 vita
2992 5634 3233 5706 reposita
3266 5640 3371 5697 est,
3402 5644 3529 5687 cum
3557 5630 3629 5686 il-

435 5822 479 5855 "
519 5819 671 5877 Psal.
704 5836 831 5887 vin,
870 5820 960 5877 45.
1037 5818 1083 5853 ⁸⁸
1121 5817 1318 5874 Cenes.
1354 5832 1411 5882 ι,
1445 5815 1536 5872 26.
1615 5815 1660 5850 ⁸⁸
1697 5812 1938 5884 Psal.cr,

2039 5813 2069 5871 ἰ.
2145 5814 2191 5846 ’⁸
2232 5811 2392 5870 Rom.
2430 5820 2559 5883 vin,
2594 5814 2684 5872 Π.
