4096 6416
456 378 554 433 151

1153 374 1418 430 EUSEBII
1458 376 1935 433 CESARIENSIS
1967 378 2117 435 OPP.
2157 377 2340 434 PARS
2375 377 2465 434 Ill.
2496 375 2995 433 —-EXEGETICA.

3598 373 3702 430 {32

455 496 527 550 lic
555 494 884 549 constitutus
914 492 1081 547 luerit
1122 510 1291 565 super
1339 510 1505 565 opera
1562 512 1824 552 manuum
1877 497 2019 567 ejus,

2130 497 2411 567 ίσόιγγελος
2444 497 2733 551 ἀπόκειται
2766 501 2879 560 τοῖς
2911 494 3219 567 ἀνθρώποις
3242 495 3300 547 ὲν
3326 494 3564 567 οὐρανῷ,
3587 478 3706 546 ὲκεἶ

455 585 623 640 caelos
651 592 707 638 et
753 583 938 637 omnia
970 598 1093 653 quas
1124 584 1179 637 in
1227 585 1307 639 eis
1353 592 1484 641 sunt
1542 587 2020 657 contemplabitur.

454 677 653 731 Beatus
679 685 861 729 autem
890 674 1093 729 Paulus
1127 674 1232 729 hoc
1259 676 1327 730 de
1363 675 1648 733 Salvatore
1681 680 1912 748 accepit,
1945 687 2029 734 ut-

453 774 581 836 pote
621 764 767 835 quod
821 763 926 833 ipsi
973 763 1031 816 in
1080 763 1508 820 futuro.saeculo
1538 766 1902 821 obventurum
1933 768 2024 825 sit.

452 857 796 928 Quapropter
825 856 902 910 ait
933 855 1011 909 illi
1038 853 1202 909 Pater
1230 872 1244 909 :
1275 853 1413 909 Sede
1440 873 1474 909 a
1519 856 1722 911 dextris
1759 859 1910 921 meis,
1938 858 2031 911 do-

453 962 545 998 nec
571 960 762 1012 ponam
784 944 1024 998 inimicos
1045 953 1163 997 tuos
1190 944 1478 999 scabellum
1500 946 1692 1014 pedum
1720 956 1932 1003 tuorum
1958 949 2026 1006 “.

883 1135 1207 1192 PSALMUS
1242 1135 1451 1198 ῡΑνω
1488 1135 1581 1193 IX.

767 1229 815 1283 1.
844 1229 912 1284 In
938 1231 1096 1299 ﬁnem
1131 1246 1227 1299 pro
1258 1228 1478 1283 occultis
1502 1228 1656 1283 Filii.

526 1319 692 1375 Multa
726 1333 882 1377 erant
909 1337 1033 1391 qua
1064 1324 1180 1392 ipse
1206 1322 1423 1376 occulte
1465 1329 1770 1391 peregerat,
1803 1338 2029 1391 genera-

454 1415 530 1469 tio
566 1415 775 1469 scilicet
802 1430 875 1469 ex
909 1413 1129 1484 Virgine
1160 1413 1461 1468 secundum
1494 1427 1717 1468 carnem
1766 1429 1862 1484 per
1905 1414 2032 1486 Spi-

455 1506 620 1558 ritum
648 1512 921 1569 sanctum,
945 1504 1225 1573 stupendae
1254 1502 1359 1557 illa:
1385 1503 1613 1559 virtutes
1640 1504 1839 1573 quibus
1861 1505 2032 1559 mira«

454 1595 584 1649 bilia
615 1595 829 1661 edebat,
859 1611 1009 1652 mors
1052 1596 1171 1666 ejus
1200 1604 1256 1650 et
1302 1594 1603 1651 descensus
1632 1597 1689 1651 in
1732 1596 2028 1662 infernum,

452 1700 517 1740 ac
548 1686 882 1741 resurrectio
909 1702 974 1741 ex
1006 1687 1255 1743 mortuis.
1288 1686 1434 1753 Haec,
1467 1689 1711 1758 inquam,
1743 1688 1927 1743 omnia
1951 1689 2036 1742 la-

452 1784 632 1833 tenter
672 1780 742 1834 ab
788 1780 907 1849 ipso
953 1789 1285 1851 perpetrata.
1332 1780 1466 1835 Nam
1518 1781 1634 1836 haec
1688 1780 2033 1851 principibus

2129 589 2404 653 καταστὰς
2435 591 2528 642 ἐπὶ
2570 590 2640 643 τὰ
2687 589 2825 660 ἔργα
2864 588 2971 641 τῶν
3017 588 3213 659 χειρῶν
3264 584 3452 650 αὐτοῦ,
3502 584 3707 656 θεωρὸς

2128 681 2370 753 οὐρανῶν
2402 682 2554 736 ἔσται
2590 683 2686 735 καὶ
2731 682 2839 735 τῶν
2881 682 2940 734 ἐν
2986 682 3188 744 αὐτοῖς.
3235 679 3294 733 '0
3331 679 3389 732 δὲ
3436 677 3705 749 μακάριος

2128 774 2339 838 Παῦλος
2382 775 2476 829 καὶ
2522 775 2682 828 τοῦτο
2728 775 2855 846 περὶ
2900 773 2993 827 τοῦ
3036 773 3286 844 Σωτῆρος
3325 770 3597 838 ἐξέλαϐεν,
3646 772 3706 823 ἐν

2128 865 2284 918 αἰῶνι
2313 864 2392 935 τῷ
2425 865 2671 935 μέλλοντι
2703 865 3086 937 γενησόμενον.
3128 864 3220 917 Διό
3258 880 3392 934 φησι
3433 862 3570 934 πρὸς
3602 863 3705 916 αὐ-

2128 956 2220 1010 τὸν
2252 959 2281 1011 ό
2325 958 2548 1028 Πατήρ·
2585 956 2783 1012 Κάθου
2823 957 2893 1010 ἐκ
2935 955 3151 1021 δεξιῶν
3173 973 3315 1025 μου,
3357 955 3467 1020 ἕως
3507 953 3584 1008 ἂν
3625 951 3707 1008 θῶ

2127 1049 2270 1117 τοὺς
2301 1050 2553 1119 ἐχθρούς
2583 1066 2699 1105 σου
2726 1049 3062 1105 ὑποπόδιον
3085 1047 3207 1102 τῶν
3232 1046 3435 1102 ποδῶν
3460 1063 3596 1101 σου.

2543 1142 2834 1196 ΨΑΛΜΟΣ
2865 1141 2952 1194 ΤΩ
2984 1140 3180 1193 ΔΑΥΙΔ
3207 1139 3288 1195 8'.

2235 1239 2341 1302 Εὶς
2374 1233 2442 1288 τὸ
2475 1233 2651 1300 τέλος
2681 1232 2833 1300 ὑπὲρ
2857 1230 2975 1285 τῶν
3002 1232 3269 1299 κρυφίων
3295 1230 3405 1284 τοῦ
3441 1230 3599 1286 Υἱοῦ.

2201 1328 2381 1383 Πολλὰ
2421 1327 2478 1379 δὲ
2516 1322 2585 1397 ἦν
2614 1323 2765 1394 αὑτῷ
2797 1324 2866 1378 τὰ
2899 1323 3146 1396 κρυφίως
3178 1323 3546 1394 πεπραγμένα
3578 1323 3613 1393 ἦ
3650 1339 3710 1376 τε

2131 1422 2197 1473 ἐκ
2229 1418 2508 1493 Παρθένου
2548 1417 2638 1471 διὰ
2671 1416 2987 1486 Πνεύματος
3016 1415 3171 1483 ἁγίου
3196 1414 3335 1468 κατά
3369 1416 3547 1486 σάρκα
3585 1415 3710 1483 γέν-

2130 1528 2306 1583 νησις,
2338 1509 2394 1563 αἱ
2430 1526 2490 1563 τε
2534 1506 2823 1578 παράδοξοι
2856 1506 2950 1560 καὶ
2985 1503 3389 1575 θαυματουργοὶ
3428 1503 3708 1575 δυνάμεις,

2131 1600 2159 1653 ὃ
2187 1616 2247 1652 τε
2275 1598 2502 1662 θάνατος
2539 1597 2701 1660 αὐτὸς
2732 1597 2826 1649 καὶ
2851 1597 2886 1666 ἡ
2921 1596 3002 1657 είς
3034 1593 3165 1665 ᾇδου
3201 1593 3424 1656 κάθοδος
3456 1594 3551 1646 καὶ
3581 1595 3613 1663 ἡ
3647 1594 3711 1647 ὲκ

2131 1692 2340 1763 νεκρῶν
2373 1689 2688 1753 ἀναϐίωσις.
2720 1686 2906 1742 Ταῦτα
2933 1687 3043 1757 γὰρ
3075 1684 3223 1755 αὐτῷ
3258 1685 3436 1739 πάντα
3467 1684 3713 1754 κρυφίως

2134 1785 2469 1857 πέπρακται.
2514 1779 2827 1853 Ἀπέκρυψε
2862 1779 2972 1850 γὰρ
3002 1778 3143 1831 αὐτά
3174 1778 3269 1831 καὶ
3296 1778 3419 1839 τοὺς
3450 1777 3713 1847 ἄρχοντας

451 1872 617 1941 hujus
666 1874 856 1928 mundi
888 1872 1209 1929 abscondita
1252 1874 1446 1931 voluit.
1504 1872 1582 1930 De
1612 1874 1702 1930 his
1737 1888 1904 1944 porro
1935 1887 2028 1928 oc-

2132 1876 2225 1930 τοῦ
2267 1876 2472 1947 κόσμου
2503 1873 2711 1928 τούτου.
2751 1872 2923 1943 Ὑπὲρ
2949 1869 3015 1942 δὴ
3048 1869 3253 1923 τούτων
3278 1867 3386 1921 τῶν
3414 1867 3658 1940 κρυφίων
3685 1868 3715 1919 ὁ

449 1964 614 2019 cultis
649 1965 724 2018 ait
752 1963 1021 2035 Propheta
1053 1984 1066 2021 :

524 2054 690 2112 Vens.
720 2055 775 2110 2.
821 2056 1127 2127 Conﬁtebor
1168 2057 1286 2123 tibi,
1344 2055 1593 2120 Domine,
1637 2058 1695 2112 in
1727 2065 1837 2112 toto
1870 2055 2029 2111 corde

450 2163 585 2211 meo,
618 2148 849 2202 narrabo
877 2150 1057 2202 omnia
1089 2148 1360 2203 mirabilia
1391 2158 1506 2204 tua.
1551 2147 1766 2203 Similia
1796 2148 1914 2218 ipse
1950 2147 2029 2201 ait

450 2239 505 2293 in
538 2238 853 2308 Evangeliis
882 2241 963 2294 Im:
991 2239 1296 2309 Conﬁtebor
1317 2240 1435 2306 tibi,
1458 2239 1642 2305 Pater,
1663 2239 1886 2293 Domine
1911 2237 2028 2294 cali

447 2341 497 2385 et
529 2340 704 2395 terrai,
733 2332 860 2399 quia
906 2330 1232 2386 abscondisti
1258 2333 1370 2388 hac
1406 2351 1439 2388 a
1471 2332 1794 2403 sapientibus
1822 2342 1873 2386 et
1898 2347 2028 2402 pru-

448 2420 714 2485 dentibus,
745 2431 796 2475 et
825 2423 1069 2476 revelasti
1101 2439 1166 2477 ea
1186 2424 1442 2494 parvulis.
1474 2423 1532 2478 In
1568 2424 1780 2494 psalmo
1809 2438 2029 2493 quoquc

449 2513 518 2567 de
544 2515 776 2571 occultis
801 2517 1006 2585 gratias
1036 2517 1169 2587 agit,
1224 2528 1278 2573 et
1324 2524 1450 2589 post
1498 2516 1797 2588 gratiarum
1848 2520 2023 2571 actio-

448 2619 598 2669 nem,
627 2621 789 2675 quam
821 2621 921 2677 pro
949 2607 1124 2663 salute
1162 2615 1354 2663 nostra
1382 2608 1577 2674 edidit,
1609 2623 1713 2663 nos
1743 2608 1812 2663 de
1857 2608 2027 2662 mira-

448 2695 649 2751 bilibus
680 2695 860 2753 Patris
890 2699 973 2753 sui
1001 2698 1323 2754 edocturum
1354 2715 1434 2765 se,
1461 2699 1529 2755 de
1548 2700 1664 2769 ipsa
1689 2698 1871 2755 Patris
1900 2715 2026 2755 con-

445 2790 799 2858 templatione
827 2791 1132 2856 exsultans,
1182 2793 1492 2863 pollicetur.
1531 2790 1675 2848 Sane
1714 2802 1906 2864 utpote
1934 2791 2025 2849 Fi-

445 2880 519 2934 lio
550 2881 728 2936 inerat
758 2882 861 2951 ipsi
886 2885 1129 2954 cognitio
1157 2885 1397 2940 nominis
1430 2884 1579 2953 quod
1617 2884 1808 2939 deitati
1841 2884 2024 2941 Patris

446 2973 554 3038 sui,
586 2975 735 3028 nulla
760 2990 896 3030 voce
928 2976 1187 3046 nulloque
1226 2975 1453 3031 nomine
1489 2975 1845 3045 explicanda},
1876 2991 2027 3030 com-

444 3064 687 3135 petebat.
737 3061 865 3118 Haec
930 3064 1189 3130 maxime,
1240 3064 1441 3133 inquit,
1495 3062 1692 3119 faciam
1728 3072 2024 3135 postquam

443 3155 726 3211 inimicam
776 3156 904 3211 vitae
955 3164 1184 3211 mortem
1222 3158 1428 3219 vicero,
1476 3155 1544 3211 de
1590 3172 1698 3226 qua
1752 3155 1955 3211 ἁίοἰιω·
2006 3171 2024 3211 :

2133 1970 2422 2041 Προφήτης
2446 1966 2627 2035 λέγει’

2215 2055 2768 2128 Ἐξομολοτήσομαί
2816 2067 2938 2120 σοι,
2987 2053 3185 2122 Κύριε,
3225 2051 3296 2105 ἐν
3336 2049 3450 2121 ὅλῃ
3500 2046 3714 2118 καρδίᾳ

2127 2165 2270 2218 μου,
2301 2148 2662 2218 διηγήσομαι
2710 2144 2910 2199 πάντα
2947 2146 3020 2200 τὰ
3059 2141 3363 2213 θαυμάσιά
3408 2157 3543 2195 σου.
3588 2141 3715 2194 Τοι-

2133 2238 2272 2292 αὕτα
2299 2237 2391 2291 καὶ
2418 2236 2581 2300 αὐτὸς
2605 2237 2663 2289 ὲν
2679 2233 3031 2304 Εὑαγγελίοις
3056 2234 3220 2306 φησίν
3236 2248 3251 2262 ·
3288 2230 3715 2301 Ἐξομολογοῦ-

2128 2327 2240 2396 μαί
2265 2341 2386 2391 σοι,
2426 2324 2640 2393 Πάτερ,
2670 2326 2851 2393 Κύριε
2882 2322 2991 2377 τοῦ
3015 2321 3276 2391 οὐρανοῦ
3314 2320 3415 2375 καὶ
3440 2320 3551 2390 τῆς
3578 2318 3713 2390 γῆς,

2133 2418 2225 2473 ὅτι
2271 2418 2629 2487 ἀπέκρυψας
2667 2418 2854 2471 ταῦτα
2889 2416 3009 2471 ἀπὸ
3040 2415 3248 2486 σοφῶν
3293 2416 3390 2469 καί
3422 2412 3715 2479 συνετῶν,

2132 2512 2233 2566 καί
2256 2510 2660 2579 ἀπεκάλυψας
2684 2509 2871 2564 ταῦτα
2901 2510 3160 2577 νηπίοις.
3186 2508 3296 2563 Καὶ
3323 2511 3382 2562 ὲν
3412 2508 3490 2580 τῷ
3517 2506 3717 2578 ψαλμῷ

2131 2605 2241 2678 γὰρ
2274 2605 2404 2678 περὶ
2440 2603 2549 2659 τῶν
2584 2603 2832 2675 κρυφίων
2863 2603 3189 2675 εὐχαριστεῖ.
3226 2602 3379 2656 Μετὰ
3410 2601 3466 2655 δὲ
3506 2603 3603 2672 τὴν
3637 2602 3716 2653 sti-

2130 2696 2438 2769 χαριστίαν,
2475 2696 2537 2769 ἢν
2566 2696 2708 2768 ὑπὲρ
2744 2695 2843 2767 τῆς
2883 2694 3161 2767 ἡμετέρας
3205 2695 3500 2766 ἐποιήσατο
3544 2710 3716 2765 σωτη-

2133 2791 2274 2863 ρίας,
2308 2789 2433 2862 περὶ
2457 2787 2566 2841 τῶν
2599 2786 2919 2858 θαυμασίων
2946 2787 3040 2841 τοῦ
3066 2788 3280 2860 Πατρὸς
3304 2787 3541 2852 διδάξειν
3567 2789 3716 2858 ἡμᾶς

2130 2882 2528 2951 ἐπαγγέλλεται
2551 2884 2617 2953 τῇ
2656 2880 2750 2934 τοῦ
2781 2881 2995 2953 Πατρδς
3019 2881 3449 2953 ὲναγαλλόμενος
3475 2880 3591 2952 θέᾳ.
3630 2880 3715 2943 Ὠς

2128 2974 2186 3028 δι
2218 2974 2336 3045 Υίῷ
2364 2975 2457 3029 καὶ
2484 2976 2518 3045 ἡ
2548 2974 2746 3043 γνῶσις
2777 2974 2960 3045 παρῆν
2990 2973 3086 3027 τοῦ
3118 2974 3381 3043 ὀνόματος
3406 2973 3506 3043 τῆς
3529 2971 3716 3042 θεότη-

2130 3085 2223 3132 τος
2248 3067 2342 3121 τοῦ
2376 3068 2616 3140 ἀρρήτου
2649 3068 2743 3120 καὶ
2773 3065 3218 3136 ἀκατονομάστου
3251 3064 3484 3135 Πατρός.
3532 3063 3717 3118 Ταῦτα

2132 3158 2190 3213 δὲ
2245 3159 2497 3229 μάλιστα,
2540 3158 2695 3228 φησὶ,
2748 3158 2958 3227 ποιήσω
3007 3155 3101 3207 τὸν
3150 3155 3248 3225 τῆς
3302 3154 3448 3224 ζωῆς
3488 3155 3717 3223 νικήσας

448 3248 755 3305 Novissima
788 3249 1007 3303 inimica
1045 3247 1346 3303 destruetur
1375 3264 1517 3302 mors
1541 3249 1611 3301 ".
1646 3247 1783 3302 Nam
1816 3259 2027 3302 retror-

2130 3250 2324 3323 ὲχθρὸν
2351 3251 2600 3317 θάνατον,
2633 3251 2762 3323 περὶ
2792 3244 2854 3303 οὗ
2875 3248 3156 3302 λέλεκται·
3190 3250 3483 3319 Ἐσχατος
3509 3247 3720 3314 ἐχθρὸς

447 3357 571 3396 sum
600 3346 974 3405 convertetur,
1006 3340 1057 3395 id
1076 3349 1197 3421 _est,
1231 3342 1286 3395 in
1319 3341 1611 3411 pristinam
1646 3340 2031 3397 suam‘condi-

448 3435 673 3498 tionem,
705 3450 813 3504 qua
858 3448 966 3487 non
996 3433 1297 3488 exsistebat
1340 3453 1355 3487 :
1410 3431 1555 3487 Deus
1604 3435 1750 3488 enim
1807 3443 2030 3490 mortem

447 3543 552 3580 non
586 3526 708 3595 fecit
753 3525 821 3594 “,
870 3526 966 3581 sed
1016 3523 1219 3579 invidia
1271 3524 1477 3579 diaboli
1522 3540 1665 3579 mors
1718 3526 1941 3580 intravit
1972 3527 2029 3580 in

449 3619 704 3673 mundum
726 3620 795 3671 ".
826 3617 958 3684 Quae
988 3633 1113 3672 cum
1141 3616 1447 3681 evenerint,
1482 3617 1675 3688 reliqui
1718 3619 1882 3672 etiam
1914 3634 2031 3673 om-

448 3725 548 3765 ncs
580 3710 733 3765 verbi
762 3710 842 3765 tui
882 3709 1113 3777 inimici,
1143 3708 1343 3763 inﬁrmi
1392 3708 1624 3764 evadent
1654 3725 1718 3764 ac
1757 3710 1813 3764 in
1843 3709 2029 3781 perni-

450 3800 589 3857 ciem
625 3802 801 3856 ibunt.

526 3975 688 4033 Vens.
721 3977 773 4032 9.
823 3975 891 4029 Et
928 3976 1038 4045 ipse
1071 3974 1338 4045 judicabit
1376 3975 1555 4030 orbem
1575 3982 1739 4028 terra:
1770 3976 1824 4029 in
1855 3954 2026 4050 justi-

457 4072 554 4140 tia,
590 4070 857 4140 judicabit
877 4068 1096 4139 populos
1119 4070 1174 4123 in
1197 4068 1533 4141 wquitate.Si
1557 4069 1594 4124 ii
1622 4069 1716 4140 qui
1740 4069 1792 4123 in
1820 4069 2027 4123 mundo

446 4170 756 4223 versantur,
790 4177 898 4216 non
932 4161 1133 4216 similia
1179 4175 1346 4230 opera
1402 4161 1725 4225 edidissent,
1757 4161 2025 4231 judicium

447 4252 542 4308 Dei
576 4254 787 4321 justum
819 4269 929 4307 non
964 4261 1149 4319 esset;
1185 4253 1277 4322 qui
1310 4254 1429 4322 pari
1460 4253 1673 4307 ratione
1710 4262 2027 4322 peccatores

448 4346 740 4415 supplicio,
769 4345 948 4412 justos
982 4345 1154 4414 gloria
1178 4341 1359 4398 allicit.
1393 4343 1672 4397 Judicabit
1714 4345 1935 4412 populos
1970 4346 2029 4397 in
2059 4402 2067 4410 ,

449 4440 716 4508 (equitate.
746 4434 944 4491 Orbem
972 4443 1131 4491 terrae
1165 4445 1322 4490 vocat
1354 4435 1676 4501 Ecclesium,
1719 4452 1840 4505 quae
1871 4438 2029 4491 inha-

450 4532 656 4586 bitatur
685 4546 713 4583 a
743 4528 927 4594 Patre,
987 4526 1128 4583 Filio
1170 4538 1224 4583 et
1267 4527 1475 4598 Spiritu
1510 4536 1725 4589 sancto,
1773 4527 1928 4596 juxta
1964 4529 2030 4582 il-

2130 3344 2568 3414 καταργήσεται
2593 3346 2626 3397 ὀ
2653 3341 2930 3410 θάνατος.
2967 3343 3473 3414 Ἀποστραφήσεται
3500 3339 3609 3412 γὰρ
3641 3340 3719 3401 είς

2129 3435 2200 3489 τὰ
2240 3437 2436 3501 ὀπίσω,
2468 3435 2719 3489 τουτέστι
2748 3434 2847 3507 τὴν
2891 3433 3115 3508 πρώτην
3166 3433 3331 3487 αὐτοῦ
3365 3432 3716 3495 κατάστασιν,

2130 3530 2217 3582 ὅτε
2249 3529 2322 3601 μὴ
2346 3530 2662 3600 ὑφεστήκει.
2701 3529 2763 3582 '0
2787 3528 2898 3601 γὰρ
2935 3528 3081 3593 Θεὸς
3111 3526 3371 3583 θάνατον
3393 3528 3502 3580 οὐκ
3525 3526 3716 3592 ἐποίηο

2130 3636 2269 3676 σεν’
2314 3626 2516 3692 φθόνῳ
2565 3623 2623 3676 δὲ
2670 3623 2953 3678 διαϐόλου
2998 3624 3254 3689 θάνατος
3303 3621 3591 3689 εἰσῆλθεν
3629 3622 3715 3688 είς

2130 3714 2236 3767 τὸν
2267 3716 2500 3783 κόσμον
2521 3732 2534 3744 ·
2566 3708 2629 3768 οὗ
2670 3715 2734 3788 δὴ
2764 3714 3047 3784 γεγονότος
3086 3715 3181 3767 καὶ
3211 3717 3259 3767 ot
3295 3714 3475 3767 λοιποὶ
3516 3714 3716 3777 πάντες

2129 3803 2314 3875 ἐχθροὶ
2362 3803 2455 3857 τοῦ
2510 3803 2668 3873 λόγου
2723 3819 2817 3857 σου
2868 3804 2962 3856 καὶ
3016 3801 3267 3873 πολέμιοι
3317 3800 3715 3873 ἀσθενήσαντες

2130 3892 2473 3947 ἀπολοῦνται.

2197 3987 2308 4042 Kal
2366 3987 2549 4053 αὐτὸς
2593 3986 2784 4056 κρινεῖ
2825 3986 2941 4055 τὴν
2988 3987 3348 4055 οἰκουμένην
3382 3986 3452 4039 ἐν
3495 3985 3715 4039 δικαιο-

2127 4080 2308 4147 σύνῃ,
2339 4078 2532 4146 κρινεῖ
2574 4078 2763 4144 λαοὺς
2798 4078 2868 4131 ἐν
2899 4078 3195 4145 εὐθύτητι.
3246 4076 3309 4129 El
3353 4078 3401 4130 οἱ
3435 4077 3493 4129 ἐν
3516 4079 3601 4151 ⁵’τῇ
3635 4077 3716 4130 ol-

2129 4188 2223 4224 κου
2232 4171 2366 4241 μένῃ
2401 4171 2500 4223 οὐκ
2524 4173 2580 4223 ὲν
2602 4171 2808 4241 ὁμοίοις
2825 4171 2962 4222 εἰσὶν
2988 4167 3191 4239 ἔργοις,
3211 4169 3313 4221 οὐκ
3331 4168 3396 4222 ἂν
3412 4163 3521 4221 εἷεν
3539 4169 3616 4239 (1)
3639 4166 3715 4221 δι-

2129 4262 2388 4334 καιοσύνη
2430 4264 2464 4333 ἡ
2502 4264 2684 4334 κρίσις
2716 4262 2811 4315 τοῦ
2858 4259 3029 4314 Θεοῦ·
3067 4261 3268 4331 ὁμοίως
3300 4262 3427 4325 τοὺς
3466 4258 3715 4331 ἀμαρτά-

2128 4369 2317 4416 νοντας
2366 4352 2607 4416 κολάζει,
2658 4351 2691 4423 ἢ
2742 4353 2869 4415 τοὺς
2923 4351 3165 4415 δικαίους
3220 4352 3451 4417 δοξάζει.
3514 4352 3715 4420 Κρινεῖ

2129 4446 2319 4511 λαοὺς
2342 4446 2413 4498 ἐν
2431 4447 2727 4513 εὑθύτητι.
2757 4447 2920 4498 Οἰκου
2929 4446 3096 4517 μένην
3122 4446 3220 4517 μὲν
3241 4447 3341 4516 τὴν
3367 4445 3711 4517 Ἐκκλησίαν,

2131 4536 2253 4606 ἣτις
2282 4538 2510 4589 οἰκεῖται
2539 4536 2644 4588 ὑπὸ
2677 4535 2771 4589 τοῦ
2797 4537 3010 4608 Πατρὸς
3042 4539 3136 4590 καὶ⁵
3186 4536 3279 4589 τοῦ
3312 4536 3464 4601 Υίοῦ,
3497 4537 3590 4591 καὶ
3617 4537 3712 4590 τοῦ

449 4621 542 4675 lud
570 4641 583 4676 :
622 4620 735 4691 Ego
758 4628 813 4675 et
839 4619 1001 4674 Pater
1033 4619 1103 4673 ad
1132 4637 1253 4674 eum
1296 4620 1583 4683 veniemus,
1621 4627 1670 4672 et
1701 4621 2027 4674 mansionem

2136 4604 2291 4695 ἀγίου
2326 4627 2661 4699 Πνεύματος,
2693 4629 2834 4683 κατὰ
2865 4604 2958 4681 τό-
2996 4630 3137 4698 Ἐγὼ
3161 4631 3255 4684 καὶ
3285 4631 3314 4683 ό
3340 4631 3530 4701 Πατὴρ
3554 4631 3715 4684 ἐλευ-

450 4714 590 4783 apud
609 4731 729 4768 eum
758 4713 1014 4783 faciemus
1037 4712 1103 4768 ".
1129 4711 1368 4783 Populos
1390 4720 1571 4766 autem
1600 4712 1837 4782 appellat
1866 4720 2031 4767 caete-

449 4822 544 4861 ros
575 4822 767 4863 omnes
800 4809 892 4877 qui
937 4812 1095 4861 extra
1124 4803 1426 4860 Ecclesiam
1460 4813 1775 4869 versantur,
1813 4811 1906 4858 aut
1933 4805 2026 4874 qui

451 4913 519 4952 ex
554 4897 976 4953 circumcisione
1005 4903 1157 4952 sunt.
1195 4896 1463 4965 Quotquot
1492 4896 1632 4949 enim
1664 4895 1723 4949 in
1761 4895 1869 4967 lege
1905 4912 2028 4966 pec-

450 4999 723 5055 cat-erunt,
748 5006 840 5059 per
870 4991 1030 5062 legem
1052 4989 1478 5062 judicabantur;
1508 4992 1597 5061 qui
1628 5005 1747 5045 vero
1778 4991 1889 5046 sine
1916 4990 2025 5062 lege

452 5086 770 5155 transgressi
792 5093 937 5148 sunt,
966 5085 1083 5138 sine
1119 5083 1228 5153 lege
1256 5082 1497 5152 peribunt
1533 5083 1605 5143 ’7.

523 5178 689 5235 Vens.
735 5177 825 5241 l0,
859 5177 946 5231 ll.
991 5174 1063 5229 Et
1112 5176 1288 5244 factus
1327 5186 1405 5230 est
1451 5176 1712 5231 Dominus
1760 5176 2026 5247 refugium

450 5271 687 5337 pauperi,
718 5269 936 5338 adjutar
958 5269 1018 5321 in
1047 5268 1550 5337 opportunitatibus,
1576 5270 1632 5323 in
1658 5268 2025 5323 tribulatione.

453 5362 521 5416 Et
551 5372 757 5431 sperent
784 5365 838 5417 in
876 5375 924 5417 te
953 5365 1044 5434 qui
1075 5370 1326 5415 noverunt
1355 5378 1541 5417 nomen
1574 5372 1745 5426 tuum,
1773 5361 2025 5431 quoniam

453 5472 557 5508 non
595 5454 921 5524 dereliquisti
948 5464 1237 5524 quarentes
1288 5464 1356 5518 te,
1386 5453 1632 5507 Domine.
1664 5451 1766 5508 Cui
1800 5454 2025 5522 pauperi

448 5545 617 5617 judex
646 5547 916 5617 refugium
941 5545 1116 5601 lactus
1137 5554 1245 5606 est.
1273 5548 1381 5602 nisi
1405 5547 1461 5601 in
1490 5546 1669 5617 primo
1698 5545 1822 5599 vitae
1842 5544 2023 5600 curri-

2133 4720 2361 4789 σόμεθα
2387 4722 2538 4787 πρὸς
2581 4720 2786 4787 αὐτὸν,
2831 4720 2930 4775 καὶ
2957 4721 3159 4790 μονὴν
3204 4725 3340 4790 παρ’
3365 4723 3525 4789 αὐτῷ
3554 4740 3715 4792 ποιη-

2133 4813 2396 4880 σόμεθα·
2439 4812 2601 4875 λαοὺς
2636 4812 2693 4865 δὲ
2729 4814 2856 4876 τοὺς
2886 4813 3104 4877 λοιποὺς
3148 4814 3297 4886 παρά
3340 4814 3439 4886 τὴν
3483 4814 3711 4887 Ἐκκλη-

2149 4896 2306 4960 σίαν,
2350 4895 2385 4965 ἢ
2432 4897 2559 4959 τοὺς
2601 4897 2667 4948 ἐκ
2710 4899 3025 4969 περιτομῆς.
3076 4899 3241 4951 Ὅσοι
3286 4899 3395 4967 γὰρ
3442 4899 3511 4951 ἐν
3557 4899 3721 4967 νόμῳ

2148 4987 2448 5056 ἥμαρτον,
2487 4987 2584 5042 διὰ
2619 4991 2808 5058 νόμου
2856 4989 3273 5057 κριθήσονται,
3321 4989 3440 5044 τῶν
3485 4988 3719 5060 ἀνόμως

2146 5080 2608 5153 ἁμαρτανόντων
2632 5081 2863 5149 ἀνόμως
2896 5082 3350 5150 ἀπολλυμένων.

2199 5178 2309 5232 Καὶ
2332 5176 2567 5248 ἐγένετο
2592 5180 2805 5248 Κύριος
2835 5180 3150 5250 καταφυγὴ
3194 5178 3273 5245 τῷ
3305 5180 3534 5247 πένητι,
3557 5179 3711 5246 βοη-

2130 5271 2234 5337 θὸς
2272 5271 2343 5325 ὲν
2387 5272 2736 5340 εὐκαιρίαις,
2767 5274 2840 5326 ἐν
2882 5274 3105 5342 θλίψει.
3154 5273 3264 5326 Kal
3309 5270 3710 5331 ἐλπιζέτωσαν

2129 5362 2229 5416 ἐπὶ
2266 5363 2342 5416 σὲ
2388 5366 2444 5417 οἱ
2487 5363 2886 5434 γινώσκοντες
2930 5363 2997 5416 τὸ
3051 5362 3239 5434 ὄνομά
3281 5379 3420 5427 σου,
3465 5360 3558 5416 ὅτι
3594 5364 3708 5417 οὐκ

2129 5451 2515 5523 ἐγκατέλιπες
2546 5454 2690 5519 τοὺς
2731 5452 3131 5522 ὲκζητοῦντάς
3166 5469 3262 5517 σε,
3315 5452 3511 5518 Κύριε.
3562 5449 3709 5520 Ποίῳ

2127 5546 2185 5600 δὲ
2234 5548 2428 5618 πένητι
2475 5547 2765 5619 καταφυγὴ
2810 5547 3031 5617 γέγονεν
3068 5549 3096 5600 ό
3140 5544 3355 5616 κριτὴς,
3393 5542 3509 5597 ἀλλ’
3542 5542 3576 5615 ἢ
3628 5540 3709 5613 τῷ

520 5666 563 5698 ἰ
604 5663 749 5740 Psa_l_.
782 5680 870 5719 eux
894 5704 908 5721 .
941 5665 1116 5740 l._"
1157 5664 1344 5719 Matth.
1383 5681 1460 5721 ιι.
1491 5663 1582 5720 25.
1660 5663 1707 5696 ’³
1745 5661 1767 5718 l
1796 5662 1924 5721 Cor.
1960 5682 2027 5721 xv

2130 5666 2181 5725 6.
2255 5667 2303 5701 ’δ
2343 5665 2473 5740 Sap.
2506 5681 2548 5733 ι,
2586 5665 2672 5721 l5.
2748 5665 2796 5699 "
2870 5674 3000 5736 δερ.
3037 5679 3111 5731 n,
3145 5661 3237 5717 24.
3311 5659 3359 5695 “
3394 5658 3554 5717 Joan.
3593 5673 3707 5726 xxv,

450 5737 539 5792 25.
615 5738 663 5820 ’ζ
700 5735 857 5790 Rom.
893 5751 967 5801 ιι,
1004 5734 1089 5789 12.

526 5826 768 5900 (Ι)Εἶεν.
796 5827 960 5893 Forte
984 5828 1098 5885 εἴν.
1126 5828 1286 5885 Eutr.
