4096 6390
376 381 476 435 155

1498 366 2001 429 COMMENTARIA
2038 363 2103 418 ΙΝ
2143 361 2482 418 PSALMOS.

3513 362 3614 423 154

371 490 513 544 κατά
569 492 661 545 τὸν
714 492 926 564 πρῶτον
975 491 1085 563 βίον
1142 492 1241 562 τὴν
1289 490 1479 562 στενὴν
1530 489 1789 543 ὡδευκότι
1851 484 1945 539 καὶ

2047 480 2195 544 culo,
2243 480 2298 534 in
2327 486 2557 551 angusta
2607 486 2660 535 et
2694 490 2844 535 arcta
2889 481 2975 536 via
3027 482 3348 549 incesserit;
3402 497 3615 539 necnon

370 582 749 653 τεθλιμμένην,
780 584 873 635 καὶ
900 581 977 652 τῷ
1008 581 1428 653 μακαριζομένῳ
1457 581 1674 652 πτωχῷ,
1701 580 1941 651 δηλονότι

372 670 448 741 τῷ
482 670 785 742 πνεύματι;
817 672 987 725 Τοῦτο
1009 672 1065 725 δὲ
1104 660 1367 742 μαθόντες
1402 673 1451 725 οἱ
1491 671 1848 741 γινώσκοντες
1883 672 1944 725 τὸ

372 760 539 829 ὄνομά
575 776 689 826 σου,
732 762 825 814 καὶ
862 762 943 814 ὅτι
986 762 1043 814 ὲν
1086 761 1163 832 τῷ
1199 763 1296 832 τῆς
1328 761 1723 832 δικαιοκρισίας
1767 759 1945 831 καιρῷ

370 856 495 917 τοὺς
519 853 880 925 ἐκζητοῦντάς
909 872 968 907 σε
997 854 1090 908 νῦν
1111 855 1212 907 οὐκ
1236 853 1669 922 ἐγκαταλείψεις,
1696 852 1945 906 ἐντεῦθεν

371 943 736 1008 ὲλπιζέτωσαν
786 946 880 998 ἐπὶ
922 946 982 999 σὲ
1011 946 1186 1000 πάντα
1211 946 1298 1000 διὰ
1337 946 1436 1009 τάς
1467 944 1700 1016 ἀμοιϐὰς
1741 944 1947 1016 ὑπομέ-

368 1051 566 1098 νοντες.

450 1127 950 1196 Ἀταλλιασόμεθα
978 1126 1076 1181 ἐπὶ
1118 1127 1199 1193 τῷ
1233 1128 1504 1196 σωτηρίῳ
1541 1142 1680 1188 σου,
1729 1124 1943 1179 ἐνεπα-

369 1233 567 1286 τησαν
591 1218 737 1287 ἔθνη
766 1218 837 1272 ἐν
862 1217 1150 1288 διαφθορᾷ
1173 1213 1215 1292 ᾖ
1258 1221 1574 1287 ἐποίησαν.
1616 1219 1716 1271 Ἑν
1742 1216 1947 1287 παγίδι

366 1310 555 1377 ταύτῃ
576 1304 616 1381 ᾗ
656 1311 931 1379 ἔκρυψαν
955 1310 1311 1381 συνελήφθη
1348 1315 1381 1365 ό
1410 1311 1564 1377 ποῦς
1593 1310 1813 1365 αὐτῶν.
1848 1311 1947 1362 Γι-

367 1398 660 1454 νώσκεται
682 1403 897 1470 Κύριος
931 1402 1185 1473 κρίματα
1221 1401 1427 1458 ποιῶν.
1472 1403 1569 1455 Ἐν
1597 1402 1721 1467 τοῖς
1752 1402 1947 1471 ἔργοις

366 1490 487 1544 τῶν
516 1491 731 1561 χειρῶν
750 1493 938 1549 αὐταῦ
959 1493 1314 1563 συνελήφθη
1343 1497 1375 1547 d
1398 1494 1766 1563 ἁμαρτωλόςο
1811 1491 1944 1565 ᾩδὴ

367 1583 798 1652 διαψάλματος.
843 1584 1003 1638 Ἀλλά
1035 1585 1129 1637 καὶ
1160 1587 1273 1648 τοῖς
1315 1584 1596 1638 εὐσεϐέσιν
1632 1582 1947 1636 ἐπιϐουλεύ-

370 1691 581 1739 σαντες,
640 1676 867 1738 έαυτοὺς
918 1676 1276 1747 περιέπειραν
1340 1674 1606 1746 ἀπωλείᾳ.
1665 1675 1800 1729 Τότε
1854 1674 1947 1727 καὶ

367 1766 738 1838 γνωσθήσεται
765 1767 949 1838 δικαίᾳ
981 1768 1160 1838 κρίσει
1189 1765 1468 1838 χρώμενος
1491 1769 1521 1820 6
1546 1766 1696 1829 Θεός.
1741 1764 1862 1837 ᾯδὴ
1888 1765 1945 1818 δὲ

2046 573 2398 627 ιιιειιᾱὶρονει
2450 573 2699 643 pauperi,
2754 573 2950 644 spiritu
3005 574 3234 639 scilicet,
3285 576 3377 645 qui
3424 576 3618 631 beatus

2045 662 2413 730 prtedicatur?
2437 660 2551 716 Hoc
2586 677 2709 716 cum
2738 663 3067 718 edidicerint
3092 666 3188 734 qui
3229 671 3497 720 noverunt
3518 681 3619 720 no-

2047 769 2172 808 men
2206 762 2382 817 tuum,
2431 755 2588 824 gnari
2630 771 2850 826 quoque
2879 756 3092 826 tejusti
3136 757 3328 825 judicii
3378 768 3621 829 tempore

2046 860 2158 898 non
2189 846 2509 901 relicturum
2531 862 2628 901 eos
2652 848 2747 917 qui
2767 862 2917 902 nunc
2937 856 3189 918 quaerunt
3214 856 3301 914 te;
3334 849 3461 905 inde
3481 851 3621 906 bene

2046 947 2271 1006 sperent
2301 939 2356 992 in
2382 945 2455 1002 te,
2489 939 2807 1008 patientiam
2850 940 2911 994 in
2949 940 3206 997 omnibus
3242 940 3507 998 habentes
3548 943 3623 999 ob

2046 1037 2292 1099 paratam
2326 1030 2764 1087 retributionem.

2118 1116 2288 1174 Vsus.
2324 1120 2413 1185 16,
2449 1121 2540 1175 17.
2588 1120 2993 1177 Exsultabimus
3035 1124 3089 1176 in
3140 1124 3372 1179 salutari
3395 1135 3506 1192 tuo,
3535 1126 3622 1179 in-

2047 1210 2172 1278 ﬁxa
2194 1220 2322 1265 sunt
2343 1222 2516 1282 gentes
2547 1213 2603 1266 in
2632 1214 2850 1267 interitu
2876 1231 3028 1285 quem
3060 1215 3311 1276 fecerunt.
3348 1216 3414 1271 In
3436 1218 3625 1289 laqueo

2048 1299 2149 1353 ista
2173 1317 2325 1370 quem
2349 1301 2757 1366 absconderant,
2782 1306 3184 1373 comprehensus
3206 1315 3284 1360 est
3303 1322 3391 1375 pes
3415 1324 3619 1364 eorum.

2049 1391 2405 1462 Cognoscetur
2444 1394 2706 1449 Dominus
2746 1396 2958 1465 judicia
3005 1397 3226 1466 faciens.
3264 1397 3331 1451 In
3376 1401 3623 1468 operibus

2048 1501 2300 1539 manuum
2318 1503 2536 1540 suarum
2553 1489 2949 1557 comprehensus
2969 1499 3046 1544 est
3065 1500 3323 1560 peccator.
3343 1490 3624 1546 Canticum

2048 1575 2445 1645 diapsalmatis.
2475 1578 2589 1633 lmo
2619 1595 2749 1635 vero
2771 1580 2901 1635 dum
2929 1582 3036 1651 piis
3056 1582 3371 1637 hominibus
3393 1582 3625 1638 insidias

2049 1675 2350 1732 struerent,
2386 1685 2506 1726 sese
2539 1670 2594 1724 in
2630 1670 2928 1739 perniciem
2959 1680 3013 1726 et
3055 1673 3338 1727 interitum
3371 1675 3623 1744 conjece-

2047 1767 2197 1815 runt.
2241 1760 2398 1817 Tunc
2427 1770 2608 1817 autem
2643 1770 3004 1833 cognoscetur
3045 1763 3190 1821 Deus
3234 1766 3384 1835 justo
3409 1748 3623 1836 judicio

367 1857 768 1930 διαψάλματος’
812 1859 888 1923 ὡς
934 1859 1002 1913 ἂν
1050 1859 1354 1930 μεταϐολῆς
1405 1858 1780 1930 γεγενημένης
1824 1859 1944 1929 ἠτοι

2047 1868 2202 1909 usus.
2251 1853 2540 1909 Canticum
2572 1856 2951 1926 diapsalmatis
2979 1856 3204 1922 dicitur,
3236 1865 3297 1913 ut
3327 1858 3471 1913 facta
3501 1874 3626 1913 mu-

372 1949 566 2019 μέλους
595 1950 738 2003 κατά
765 1950 863 2020 τὴν
902 1950 1158 2021 Ἐϐραῖδα
1188 1949 1451 2021 φωνὴν,·ῆ
1488 1950 1771 2022 μελῳδίας,
1795 1950 1829 2020 ἢ
1852 1951 1945 2002 καὶ

367 2042 466 2113 τῆς
499 2041 734 2106 διανοίας
771 2043 942 2112 αὐτῆς
984 2040 1091 2095 τῶν
1126 2041 1463 2113 λελεγμένων
1496 2044 1580 2113 ἐφ’
1608 2042 1794 2114 ἕτερον
1821 2040 1945 2097 νοῦν

372 2134 813 2205 μεταϐαλλόντων
847 2134 937 2188 τὸν
961 2135 1140 2203 λόγον.

452 2224 1028 2293 Ἀποστραφήτωσαν
1058 2229 1112 2278 οὶ
1142 2225 1474 2293 ἁμαρτωλοὶ
1504 2227 1592 2290 εις
1628 2225 1735 2279 τὸν
1766 2224 1942 2292 ᾅδην,

365 2316 563 2372 πάντα
590 2318 662 2371 τὰ
692 2318 837 2386 ἔθνη
872 2319 947 2372 τὰ
977 2318 1498 2385 ἐπιλανθανόμενα
1539 2317 1647 2371 τοῦ
1682 2318 1851 2371 Θεοῦ.
1881 2320 1945 2372 El

364 2409 474 2482 γὰρ
505 2410 600 2463 καὶ⁹
633 2409 727 2462 νῦν
759 2407 1167 2479 ἀναισθητοῦσι,
1213 2407 1326 2460 ἀλλ’
1357 2406 1476 2477 ἥξει
1508 2407 1610 2476 τῆς
1651 2408 1886 2478 κρίσεως
1915 2408 1946 2460 6

364 2502 574 2573 καιρός.
610 2500 743 2554 Θεοῦ
786 2502 843 2555 δὲ
886 2500 1190 2572 ἄνθρωπος,
1222 2499 1324 2553 κᾶν
1354 2498 1483 2571 δοκῇ
1530 2501 1948 2572 καταπεφρονῆ-

367 2593 487 2646 σθαι
514 2595 665 2663 παρὰ
689 2593 844 2658 Θεοῦ,
872 2591 950 2663 τῷ
980 2591 1131 2663 παρὰ
1162 2591 1271 2645 τῶν
1304 2590 1639 2662 ἁμαρτωλῶν
1671 2592 1948 2661 ἀνήκεστα

366 2686 629 2755 πάσχειν
669 2684 783 2739 ἀλλ’
829 2686 889 2738 ού
926 2683 1280 2756 παραδέδοται
1309 2683 1467 2754 λήθῃ.
1501 2683 1575 2737 Οὐ
1617 2682 1727 2755 γὰρ
1774 2685 1854 2746 εἰς
1887 2683 1948 2735 τὸ

365 2778 517 2840 τέλος
553 2777 975 2849 ὲπιλησθήσεται
1007 2779 1035 2829 6
1069 2776 1283 2846 πτωχὸς
1308 2775 1387 2846 τῷ
1417 2775 1689 2845 πνεύματι
1709 2791 1724 2805 ο
1759 2774 1870 2839 ἕξει
1891 2773 1948 2827 δὲ

366 2868 579 2940 καρπὸν
619 2870 712 2922 καὶ
740 2868 893 2932 τέλος
929 2868 1131 2936 ἀγαθὸν
1164 2866 1253 2921 διὰ
1294 2867 1394 2939 τὴν
1424 2869 1484 2920 ὲν
1526 2870 1640 2933 τοῖς
1683 2866 1948 2939 παροῦσιν

368 2960 666 3032 ὑπομονήν.

450 3052 786 3121 Ἀνάστηθι,
817 3052 1013 3120 Κύριε,
1039 3052 1127 3121 μὴ
1157 3052 1568 3120 κραταιούσθω
1613 3051 1945 3120 ἅνθρωπος,

366 3140 744 3210 κριθήτωσαν
773 3141 916 3209 ἔθνη
942 3140 1201 3195 ἐνώπιόν
1223 3159 1359 3195 σου.
1388 3140 1807 3211 Κατάστησον,
1830 3145 1948 3199 Κύ-

2044 1948 2270 2013 tatione,
2315 1948 2436 2003 sive
2487 1949 2671 2013 metri,
2722 1948 3024 2004 secundum
3054 1948 3380 2006 Hebraicam
3407 1966 3622 2018 vocem,

2046 2039 2161 2095 sive
2194 2040 2462 2105 melodite,
2497 2041 2614 2097 sive
2640 2041 2937 2097 verborum
2959 2042 3229 2098 sententia
3262 2044 3319 2098 in
3347 2044 3510 2100 aliam
3541 2045 3621 2101 si-

2046 2129 2448 2201 gniﬁcationem
2471 2132 2756 2188 translata.

2118 2220 2291 2277 Vsus.
2330 2223 2417 2277 18.
2460 2222 2851 2279 Convertuntur
2872 2234 3171 2294 peccatores
3221 2228 3278 2281 in
3328 2226 3618 2297 infernum,

2046 2329 2225 2368 omnes
2253 2324 2427 2384 gentes
2474 2331 2591 2386 qua:
2622 2316 3004 2372 obliviscuntur
3032 2317 3219 2374 Deum.
3253 2318 3479 2374 Etiamsi
3509 2320 3622 2389 jam

2046 2407 2199 2462 nullo
2238 2423 2403 2465 sensu
2430 2416 2736 2478 moventur,
2768 2418 2824 2464 at
2847 2412 3028 2467 vehiet
3054 2410 3247 2480 judicii
3271 2421 3507 2483 tempus.
3535 2411 3626 2467 ln-

2047 2501 2209 2555 terim
2245 2501 2409 2555 homo
2432 2500 2549 2566 Dei,
2572 2503 2677 2558 etsi
2707 2502 2960 2557 videatur
2999 2503 3069 2556 ah
3096 2504 3217 2573 ipso
3251 2503 3364 2559 Deo
3396 2506 3620 2576 negligi,

2047 2593 2181 2646 dum
2221 2592 2579 2648 intolerandis
2624 2609 2657 2647 a
2706 2593 3090 2664 peccatoribus
3141 2594 3374 2650 allicitur
3417 2598 3619 2664 malis,

2048 2681 2394 2753 nequaquam
2425 2684 2480 2738 in
2510 2683 2841 2739 oblivionem
2870 2687 3040 2741 venit.
3090 2685 3210 2740 Non
3255 2687 3400 2741 enim
3448 2704 3625 2759 usque

2050 2773 2107 2828 in
2153 2774 2318 2828 linem
2344 2788 2552 2844 pauper
2574 2774 2772 2844 Spiritu
2806 2790 2837 2828 a
2867 2774 2979 2831 Deo
3004 2778 3395 2848 negligendus;
3430 2780 3522 2834 sed
3551 2777 3631 2834 ob

2048 2873 2375 2936 praesentem
2402 2866 2741 2936 patientiam,
2788 2874 2844 2922 et
2878 2867 3115 2923 fructum
3146 2884 3307 2924 suum
3337 2877 3392 2925 et
3419 2872 3623 2926 bonum

2048 2956 2215 3011 ﬁnem
2241 2952 2629 3026 consequetur.

2121 3047 2292 3103 Vsus.
2321 3048 2414 3112 20,
2448 3049 2540 3104 21.
2581 3047 2847 3122 Exsurge,
2879 3051 3126 3118 Domine,
3156 3068 3259 3106 non
3293 3052 3623 3122 confortetur

2050 3139 2226 3204 homo,
2244 3140 2555 3209 judicentur
2586 3151 2760 3212 gentes
2793 3144 2850 3196 in
2881 3154 3158 3211 conspectu
3188 3151 3298 3198 tuo.
3325 3143 3620 3209 Constitue,

358 3196 476 3301 pte,
518 3196 849 3301 νομοθέτην
877 3196 969 3285 ἐπ’
998 3233 1220 3298 αὐτούς
1239 3250 1253 3263 ο
1289 3232 1612 3302 γνώτωσαν
1639 3196 1808 3303 iam,
1830 3196 1946 3290 Ῠδτι

2049 3232 2295 3300 Domine,
2333 3234 2688 3304 legislatorem
2716 3251 2873 3305 super
2911 3251 3040 3290 eos:
3070 3237 3244 3290 sciant
3274 3246 3449 3307 gentes
3488 3254 3623 3308 quo-

360 3320 664 3390 ἄνθρωποι
692 3324 832 3375 εισι.
878 3321 1144 3393 Διεγείρει
1183 3321 1275 3374 τὸν
1318 3321 1452 3375 Θεὸν
1492 3322 1568 3386 ὼς
1615 3322 1718 3392 τῆς
1747 3323 1946 3393 ἀνοχῆς

364 3414 527 3467 αὐτοῦ
562 3415 657 3467 καὶ⁵
679 3413 774 3467 τοῦ
804 3414 1033 3468 πλούτου
1066 3415 1166 3486 τῆς
1200 3413 1568 3487 χρηστότητος
1595 3415 1690 3468 καὶ
1716 3415 1814 3485 τῆς
1845 3431 1947 3485 μα-

365 3505 686 3577 κροθυμίας,
720 3506 990 3578 ἀναϐολὴν
1030 3507 1128 3576 μὲν
1171 3505 1505 3577 ἐμποιούσης
1538 3505 1705 3577 αὐτῷ,
1736 3506 1948 3578 ἐπιτρι-

365 3597 464 3669 ϐὴν
504 3599 559 3652 δὲ
609 3602 721 3662 τοῖς
763 3598 1017 3652 ἀσεϐέσιν
1062 3596 1389 3670 ἀνθρώποις.
1424 3595 1736 3668 Εύξάμενος
1766 3597 1823 3651 δὲ
1862 3600 1949 3651 ὲν-

363 3689 532 3745 ὡπιον
548 3690 640 3744 τοῦ
671 3690 806 3745 Θεοῦ
829 3691 1081 3762 κριθῆναι
1113 3690 1184 3743 τά
1205 3689 1354 3761 έθνη,
1380 3688 1475 3743 νῦν
1504 3688 1813 3753 ἀκολούθως
1839 3689 1948 3762 πρὸ

364 3784 463 3856 τῆς
493 3784 791 3856 μελλούσης
828 3783 1063 3855 κρίσεως
1094 3783 1234 3849 ἀξιοῖ
1264 3781 1480 3851 δοθῆναι
1513 3784 1626 3845 τοῖς
1654 3780 1833 3834 ἔθνεσι
1860 3798 1948 3834 νο-

369 3876 620 3948 μοθέτην,
653 3876 739 3929 ἵνα
784 3875 1048 3939 μάθωσιν,
1083 3873 1157 3937 ὡς
1189 3873 1325 3925 εἰσὶν
1370 3873 1664 3943 ἄνθρωποι,
1692 3871 1806 3925 ἀλλ’
1846 3871 1947 3925 οὐκ

364 3969 534 4037 ἄλογα
569 3968 683 4032 ζῶα
706 3986 718 3999 ο
754 3985 815 4021 ου
841 3967 949 4039 γὰρ
981 3965 1194 4034 ἀλόγοις
1219 3964 1420 4017 δίδοται
1451 3964 1629 4033 νόμος.
1663 3964 1777 4016 Οὐκ
1800 3962 1867 4017 ἂν
1889 3962 1946 4015 δὲ

364 4059 512 4129 λέγοι
555 4060 795 4130 Μωῦσῆν
837 4059 928 4112 τὸν
980 4058 1037 4124 ἐξ
1076 4055 1379 4128 ἀνθρώπων
1423 4056 1591 4110 πάλαι
1640 4055 1946 4127 γεγενημέ-

365 4165 475 4212 νον,
505 4148 625 4201 ούδὲ
655 4148 815 4218 νόμον
855 4148 948 4200 τὸν
991 4146 1172 4217 μόνοις
1214 4144 1437 4198 τεθέντα
1479 4147 1591 4207 τοῖς
1630 4143 1903 4208 Ἰουδαίοις
1928 4161 1943 4177 ο

364 4236 479 4291 ἀλλ’
506 4236 626 4290 οὐδὲ
652 4237 958 4308 προσδοκᾷν
982 4236 1168 4306 ἕτερον
1214 4230 1373 4297 εἶναι,
1404 4235 1466 4286 τὸ
1510 4232 1599 4286 διὰ
1639 4233 1819 4303 πάσης
1857 4231 1946 4285 έλ-

365 4328 478 4383 θεῖν
509 4331 606 4400 τῆς
634 4328 959 4398 οἰκουμένης
982 4328 1079 4396 τῆς
1103 4326 1310 4397 Καινῆς
1335 4324 1608 4396 Διαθήκης
1636 4324 1728 4378 τὸν
1759 4325 1942 4396 νόμον.

364 4421 600 4495 Χριστὸς
650 4422 758 4493 γὰρ
786 4423 814 4474 ὁ
856 4419 1171 4491 νομοθέτης,
1215 4419 1309 4471 καὶ
1355 4416 1450 4469 τοῦ
1501 4415 1838 4485 Εὐαγγελίου
1886 4415 1945 4468 τὸ

2048 3327 2192 3380 niam
2210 3324 2445 3380 homines
2474 3336 2621 3381 sunt.
2646 3325 2818 3381 Deum
2844 3328 3070 3391 excitat,
3105 3335 3167 3382 ut
3198 3329 3289 3398 qui
3335 3330 3626 3384 tolerantia

2049 3432 2170 3483 sua,
2199 3425 2364 3488 atque
2391 3418 2445 3472 vi
2467 3419 2770 3473 clementiae
2823 3426 2877 3473 et
2924 3420 3218 3490 patientiae,
3268 3420 3371 3475 sibi
3402 3420 3623 3491 quidem

2046 3524 2417 3565 aerumnarum
2446 3510 2882 3575 diuturnitatem,
2913 3510 3098 3581 impiis
3142 3526 3272 3566 vero
3308 3512 3627 3567 hominibus

2045 3600 2282 3658 vexandi
2306 3609 2523 3673 tempus
2544 3602 2774 3657 tribuat.
2807 3600 3103 3672 Postquam
3145 3614 3324 3657 autem
3365 3612 3624 3673 precatus

2045 3700 2154 3762 est,
2184 3700 2247 3748 ut
2274 3695 2589 3765 iudicentur
2617 3699 2806 3762 gentes
2830 3691 2887 3745 in
2913 3701 3211 3763 conspectu
3233 3690 3351 3759 Dei,
3373 3694 3489 3763 jam
3533 3711 3626 3752 ro-

2046 3793 2138 3858 gat
2167 3793 2227 3839 ut
2259 3793 2388 3841 ante
2429 3785 2676 3839 futurum
2729 3784 3000 3853 judicium
3035 3787 3290 3856 gentibus
3344 3787 3625 3857 legislator

2047 3864 2441 3940 constituatur,
2465 3883 2526 3929 ut
2563 3876 2780 3930 discant
2807 3891 2868 3930 se
2893 3877 3167 3941 homines,
3192 3893 3301 3933 non
3323 3878 3485 3934 bruta
3512 3882 3626 3935 ani-

2045 3967 2234 4032 malia,
2264 3979 2584 4022 esse:nam
2631 3966 2812 4021 brutis
2865 3966 3198 4034 animalibus
3257 3968 3344 4023 lex
3398 3969 3627 4025 minime

2046 4058 2228 4112 datur.
2254 4056 2523 4112 Caeterum
2549 4071 2659 4110 non
2689 4055 2780 4110 hic
2804 4055 2872 4111 de
2885 4055 3071 4127 Moyse
3086 4058 3218 4126 agit,
3240 4058 3334 4127 qui
3354 4059 3466 4126 jam
3492 4061 3623 4115 olim

2047 4150 2117 4204 de
2142 4149 2325 4204 medio
2347 4148 2630 4203 hominum
2666 4148 2922 4204 sublatus
2949 4144 3159 4213 fuerat;
3204 4163 3383 4218 neque
3407 4149 3476 4204 de
3507 4151 3626 4220 lege

2047 4256 2169 4311 qua:
2196 4241 2331 4297 solis
2362 4238 2570 4295 Iudaeis
2594 4240 2722 4295 data
2752 4239 2954 4301 fuerat,
2981 4253 3158 4307 neque
3188 4240 3306 4293 vult
3337 4240 3499 4295 aliam
3526 4256 3625 4296 ex-

2048 4335 2289 4403 Spectari
2330 4333 2527 4402 legem,
2576 4342 2635 4386 ut
2672 4330 2810 4387 Novi
2838 4331 3177 4389 Testamenti
3212 4334 3298 4387 lex
3334 4340 3504 4386 totum
3532 4349 3626 4388 or-

2047 4427 2170 4482 bem
2210 4426 2490 4497 pervadat.
2523 4426 2775 4481 Christus
2804 4426 2951 4481 enim
2983 4426 3284 4496 legislator,
3315 4425 3626 4497 Evangelii-

367 4517 629 4588 κήρυγμα
674 4514 983 4585 κεκράτηκε
1044 4511 1151 4566 τῶν
1196 4510 1384 4565 ἐθνῶν.
1443 4510 1580 4581 Περὶ
1624 4502 1684 4563 οῦ
1717 4507 1805 4561 διὰ
1845 4507 1939 4560 τοῦ

2047 4533 2153 4587 que
2201 4517 2519 4587 praedicatio
2563 4517 2618 4571 in
2667 4517 2921 4588 gentibus
2967 4518 3227 4574 obtinuit.
3273 4517 3350 4575 De
3390 4535 3501 4589 quo
3527 4535 3625 4590 per

368 4609 650 4679 προφήτου
707 4606 872 4677 φησὶν
922 4607 950 4658 6
998 4604 1225 4675 Πατήρ·
1270 4601 1414 4656 Ἰδοὺ
1459 4604 1492 4654 ό
1525 4600 1667 4665 παῖς
1706 4617 1826 4669 μου
1869 4598 1942 4652 ὃν

367 4700 634 4769 ᾑρέτισα,
688 4701 721 4751 d
760 4698 1043 4762 ἐκλεκτός
1086 4711 1206 4764 μου
1253 4695 1339 4759 είς
1390 4691 1462 4744 ὃν
1514 4689 1847 4757 εὐδόκησεν
1902 4691 1941 4757 ἡ

364 4792 535 4863 ψυχή
584 4809 721 4862 μου.
772 4790 989 4858 Κρισιν
1044 4787 1169 4853 τοῖς
1216 4787 1460 4841 ἔθνεσιν
1506 4783 1751 4847 ἐξοίσει.
1819 4784 1942 4836 Οὐκ

366 4887 573 4956 ἐρίσει,
629 4883 771 4939 οὐδὲ
816 4880 1162 4951 κραυγάσει,
1215 4876 1358 4931 οὐδὲ
1412 4873 1858 4941 ἀκουσθήσεται
1903 4875 1944 4941 ἡ

367 4976 537 5047 φωνὴ
565 4973 770 5030 αὐτοῦ.
812 4973 1095 5043 Κάλαμον
1125 4965 1656 5037 συντεθλασμένον
1692 4966 1764 5019 οὐ
1794 4980 1946 5018 συν-

366 5072 583 5140 τρίψει,
630 5068 728 5122 καὶ
768 5068 945 5122 λίνον
993 5066 1334 5135 τυφόμενον
1389 5061 1462 5114 οὐ
1505 5056 1751 5113 σϐέσει·
1806 5055 1944 5111 ἀλλ’

368 5167 457 5230 εὶς
497 5161 786 5230 ἀλήθειαν
808 5158 1030 5224 ἐξοίσει
1066 5156 1288 5225 κρίσιν.
1335 5151 1720 5221 Ἀναλάμψει,
1743 5150 1840 5204 καὶ
1876 5151 1946 5204 οὐ

368 5252 830 5323 θραυσθήσεται,
853 5250 963 5316 ἕως
983 5248 1061 5304 ἂν
1087 5246 1282 5317 egeat
1323 5244 1434 5313 τῆς
1455 5243 1568 5312 γῆς
1598 5243 1821 5311 κρίσιν,
1846 5242 1947 5296 καὶ

368 5346 451 5413 τῷ
506 5346 748 5416 ὀνόματι
803 5342 990 5397 αὑτοῦ
1042 5340 1187 5409 ἔθνη
1238 5337 1558 5393 ἐλπιοῦσιν
1618 5336 1719 5408 (ι).
1766 5336 1838 5389 Τδ
1886 5336 1945 5390 δὲ

381 5437 669 5510 Ἐϐραῑκδν
699 5436 795 5490 καὶ
816 5450 869 5488 οι
893 5433 1068 5488 λοιποὶ
1095 5431 1296 5495 πάντες
1333 5428 1686 5503 ἑρμηνευταὶ,
1716 5427 1827 5483 Kal
1860 5426 1942 5493 τῷ
2002 5437 2010 5443 ·

368 5532 530 5597 νόμῳ
567 5528 752 5584 αὐτοῦ
789 5527 934 5594 ἔθνη
958 5525 1300 5590 ἐλπιοῦσιν,
1333 5522 1625 5590 ἐξέδωκαν.

352 5641 360 5661 ²
440 5649 486 5682 ’⁸
526 5649 630 5705 lsa.
666 5664 816 5715 XLII,
857 5647 973 5704 1-4.

2049 4609 2374 4680 prophetam
2409 4609 2487 4662 ait
2530 4607 2693 4664 Pater
2726 4628 2738 4663 :
2775 4610 2910 4664 Ecce
2937 4626 3066 4679 puer
3092 4628 3259 4676 meus,
3280 4626 3431 4680 quem
3465 4613 3620 4684 elegi,

2049 4703 2243 4755 electus
2264 4717 2446 4765 meus;
2482 4701 2802 4772 complacuit
2823 4702 2925 4756 sibi
2943 4704 3001 4755 in
3020 4702 3115 4756 illo
3147 4704 3328 4756 anima
3349 4720 3486 4757 mea.
3521 4702 3626 4758 Ju-

2050 4794 2251 4847 dicium
2281 4792 2523 4865 gentibus
2555 4795 2807 4863 proferet.
2834 4793 2958 4850 Non
2980 4794 3273 4860 contendet,
3312 4812 3473 4867 neque
3504 4798 3622 4852 cla-

2048 4883 2237 4949 mabit,
2261 4900 2423 4953 neque
2445 4885 2692 4939 audietur
2714 4902 2814 4941 uox
2840 4887 2973 4956 ejus.
3008 4886 3290 4942 Calamam
3312 4900 3622 4959 quassatum

2051 4993 2156 5031 non
2188 4986 2441 5041 conteret,
2466 4986 2517 5031 et
2557 4979 2724 5032 linum
2757 4980 3023 5049 fumigans
3048 4996 3151 5034 non
3179 4985 3502 5051 exstinguet;
3529 4982 3621 5036 sed

2049 5070 2106 5122 in
2135 5069 2355 5123 veritate
2377 5068 2559 5123 educet
2586 5069 2871 5138 judicium.
2898 5069 3260 5140 Resplendebit
3288 5080 3338 5126 et
3374 5088 3478 5125 non
3509 5073 3622 5127 col-

2051 5158 2266 5224 lidetur,
2294 5157 2460 5214 donec
2488 5170 2653 5229 ponat
2684 5161 2741 5214 in
2783 5170 2927 5215 terra
2950 5160 3236 5230 judicium,
3267 5168 3317 5215 et
3349 5162 3406 5215 in
3434 5177 3622 5218 nomen

2049 5251 2163 5319 ejus
2192 5261 2368 5321 gentes
2398 5251 2681 5321 sperabunt
2711 5252 2780 5305 ⁸⁸.
2816 5250 3145 5307 Hebraicum
3188 5260 3369 5306 autem
3399 5260 3454 5306 et
3494 5253 3624 5307 reli-

2049 5344 2141 5414 qui
2168 5358 2361 5399 omnes
2382 5346 2709 5415 interpretes
2739 5343 3071 5400 ediderunt:
3105 5343 3177 5398 Et
3218 5345 3275 5399 in
3309 5346 3471 5417 legem
3502 5345 3623 5416 ejus

2048 5444 2223 5506 gentes
2248 5437 2551 5506 sperabunt.

443 5769 517 5840 (l)
546 5770 600 5822 In
627 5762 890 5826 llehraico
922 5766 1122 5838 legitur
1153 5745 1290 5827 ἦν
1314 5771 1445 5825 Βτνκ
1470 5739 1715 5831 111111151,
1747 5758 1800 5815 id
1824 5766 1908 5817 est
1936 5767 1995 5814 ut
2015 5754 2248 5827 Vulgata
2277 5754 2692 5823 interpretatur,
2742 5746 2811 5803 Et
2855 5749 2909 5806 in
2947 5749 3107 5820 legem
3155 5747 3269 5816 ejus
3300 5742 3489 5798 insula
3519 5754 3618 5796 ex-

372 5840 697 5909 spectabunt.
