4096 6398
433 360 535 413 £35

1142 360 1413 415 EUSEBII
1452 358 1932 416 CIESABlENSIS
1969 359 2120 415 OPP.
2163 358 2343 414 PARS
2382 359 2469 416 111.
2509 392 2577 403 -
2627 358 3041 417 EXEGETKCA.

3576 371 3677 427 136

1389 456 1730 513 PSALMUS
1770 457 1821 512 X
1881 455 2290 513 SECUNDUM
2336 455 2722 511 "SBH/EOS.

501 546 667 604 Vsus.
717 548 769 613 l,
814 548 871 604 2.
916 548 986 603 Ut
1036 550 1183 621 quid,
1239 550 1483 617 Domine,
1528 552 1791 606 recessisti
1834 551 2002 621 longe,
2036 557 2081 612 Α

428 643 654 698 despicis
694 644 751 697 in
788 645 1294 711 opportunitatibus,
1340 646 1398 698 in
1440 644 1824 701 tribulatione?
1862 644 2002 698 Dum

434 736 669 803 superbit
697 738 914 800 impius,
952 737 1251 790 incenditur
1292 754 1489 806 pauper
1510 753 1529 792 :
1557 738 2004 807 comprehendun-

433 837 519 881 tur
547 833 603 883 in
631 829 867 882 consiliis
899 827 1087 900 quibus
1121 830 1375 899 cogitant.
1418 832 1503 884 An
1544 830 1673 900 quia
1724 828 1869 884 Deus
1897 840 2001 898 est,

432 919 734 975 secundum
764 919 1111 990 Apostolum,
1144 923 1239 989 qui
1279 920 1699 990 comprehendit
1726 920 2002 989 sapientes

432 1011 487 1064 in
539 1010 741 1065 astutia
775 1025 898 1074 sua,
945 1009 1184 1080 idipsum
1215 1010 1327 1080 jam
1371 1010 1488 1064 ﬁeri
1539 1010 1821 1081 postulat?
1850 1008 2003 1063 Multi

430 1106 576 1159 enim
608 1120 733 1158 cum
768 1105 989 1160 videant
1009 1119 1090 1169 se,
1121 1105 1226 1159 etsi
1256 1104 1310 1157 in
1336 1103 1710 1173 impietatibus
1751 1102 2004 1172 plurimis

431 1205 739 1261 versantes,
776 1213 1040 1270 prospere
1093 1213 1274 1269 agere,
1306 1213 1372 1251 ac
1404 1197 1461 1251 in
1490 1198 1831 1252 calamitates
1868 1197 2008 1251 inci-

434 1288 564 1342 dere
591 1290 798 1352 nullas,
831 1305 953 1345 sese
993 1290 1187 1345 beatos
1227 1299 1282 1345 et
1311 1290 1472 1344 laude
1500 1291 1699 1361 dignos
1728 1290 2004 1344 arbitran-

432 1388 547 1434 tur.
572 1381 640 1434 At
678 1390 792 1436 tum
839 1382 967 1453 ipsi,
1012 1390 1126 1437 tum
1172 1383 1540 1453 improbitatis
1567 1384 1769 1449 aemuli,
1797 1384 2003 1455 ingenti

433 1473 747 1528 afﬁciuntur
775 1473 1127 1530 detrimento.

501 1563 670 1619 Vsus.
725 1563 842 1620 3—5.
886 1564 1152 1630 Quoniam
1209 1566 1465 1620 laudatur
1516 1575 1756 1634 peccator
1791 1567 1852 1619 in
1917 1566 2004 1621 de-

428 1654 647 1709 sideriis
689 1656 883 1711 anima:
911 1672 1050 1720 suae,
1080 1666 1131 1711 et
1153 1657 1364 1726 iniquus
1394 1656 1735 1711 benedicitur.
1768 1657 2005 1712 Exacer-

432 1728 569 1800 bavit
614 1745 895 1801 Dominum
938 1759 1183 1817 peccator
1226 1765 1246 1801 :
1295 1750 1581 1803 secundum
1611 1750 2005 1805 multitudinem

430 1838 530 1890 ira:
562 1855 673 1892 suae
698 1855 802 1892 non
822 1848 1039 1908 qureret.
1065 1838 1193 1894 Non
1221 1848 1299 1895 est
1322 1840 1464 1895 Deus
1483 1843 1539 1896 in
1567 1851 1844 1911 conspectu
1865 1842 2003 1912 ejus,

2190 550 2384 615 Ἱνατί,
2412 550 2608 618 Κύριε,
2644 549 2996 618 ἀφέστηκας
3029 551 3350 620 μακρόθεν,
3383 551 3680 621 ὑπερορᾷς

2100 641 2172 695 ἐν
2191 642 2615 717 εὐκαιρίαιςβν
2636 643 2876 710 autem;
2909 644 3004 697 Ἐν
3023 643 3104 708 τῷ
3127 643 3683 712 ὐπερηφανεύεσθαι

2101 733 2211 786 τὸν
2236 731 2428 800 ἀσεϐῆ
2461 731 2831 802 ἐμπυρίζεται
2868 737 2901 786 ό
2925 733 3160 802 πτωχός
3183 749 3197 764 ·
3230 733 3683 803 συλλαμϐάνω·-

2099 844 2203 884 ται
2236 827 2306 879 ἐν
2331 823 2694 891 διαϐουλίοις
2720 820 2811 891 οἷς
2852 822 3301 895 διαλογίζονται.
3329 821 3408 879 Ἦ
3440 827 3627 899 ἐπειδὴ
3652 830 3682 883 ὀ

2102 918 2237 984 Θεὸς
2267 920 2296 971 ὁ
2326 920 2692 991 δρασσόμενός
2722 920 2837 972 ἐστι
2868 918 2994 982 τοὺς
3037 918 3234 989 σοφοὺς
3262 919 3322 972 ὲν
3358 921 3425 990 τῇ
3452 936 3683 991 πανουρ-

2102 1010 2200 1082 γία
2225 1010 2425 1075 αὐτῶν,
2452 1010 2591 1064 κατά
2611 1010 2701 1062 τὸν
2726 1009 3065 1074 Ἀπόστολον,
3090 1010 3249 1064 τοῦτο
3265 1010 3399 1064 αὐτὸ
3417 1011 3516 1082 ήδη
3540 1011 3684 1080 γενέ-

2106 1097 2230 1151 σθαι
2261 1098 2602 1169 παρακαλεῖς
2647 1098 2772 1152 Ἐπὶ
2803 1099 3027 1163 πολλαῖς
3056 1099 3166 1171 γὰρ
3207 1099 3486 1164 ἀσεϐείαις
3513 1101 3683 1171 ὁρῶν-

2101 1207 2195 1254 τες
2228 1192 2426 1255 αὐτοὺς
2463 1193 2513 1244 οί
2559 1191 2747 1245 πολλοὶ
2784 1192 3213 1264 εὺουνουμένους
3257 1210 3317 1247 τε
3359 1195 3455 1247 καὶ
3495 1194 3686 1265 μηδενὶ

2103 1283 2331 1354 λυπηρῷ
2388 1284 2835 1355 περιπίπτοντας,
2892 1286 3195 1356 μακαρίους
3245 1287 3443 1349 αὐτοὺς
3491 1284 3685 1356 ἡγοῦνο

2103 1392 2192 1429 ται
2217 1376 2311 1429 καὶ
2339 1376 2574 1430 ἐπαίνων
2597 1375 2800 1441 ἀξίους.
2824 1378 3081 1432 Κάκεῖνοὶ
3102 1395 3163 1431 τε
3196 1378 3407 1449 μεγάλα
3430 1377 3687 1448 βλάπτον-

2102 1483 2192 1520 ται
2219 1467 2313 1521 καὶ
2333 1469 2383 1520 oi
2413 1467 2651 1539 ζηλωταί
2679 1468 2780 1539 τῆς
2804 1470 3001 1533 κακίας
3027 1471 3329 1541 γενόμενοι.

2180 1560 2303 1612 Ὅτι
2351 1560 2678 1614 ἐπαινεῖται
2722 1563 2756 1614 ό
2804 1561 3153 1629 ἁμαρτωλὸς
3196 1562 3266 1615 ἐν
3311 1561 3441 1628 ταῖς
3484 1562 3689 1618 ἐπιθυ-

2098 1652 2266 1721 μίαις
2302 1651 2415 1720 τῆς
2442 1652 2651 1722 ψυχῆς
2681 1654 2901 1717 αὐτοῦ,
2923 1654 3019 1708 καὶ
3042 1657 3075 1707 ό
3098 1654 3321 1709 ἀδικῶν
3356 1656 3690 1726 accudere?-

2105 1761 2219 1801 ται.
2263 1744 2586 1813 Παρώξυνε
2631 1746 2739 1799 τόν
2779 1747 3000 1813 Κύριον
3039 1749 3071 1799 ό
3115 1746 3499 1815 ἁμαρτωλόςθ
3538 1750 3689 1805 κατὰ

2104 1837 2172 1891 τὸ
2205 1837 2441 1907 πλῆθος
2470 1837 2581 1906 τῆς
2623 1838 2805 1908 ὀργῆς
2832 1840 3018 1894 αὐτοῦ
3052 1843 3163 1895 οὐκ
3190 1840 3522 1907 ὲκζητήσει.
3562 1844 3686 1896 Οὐκ

429 1929 719 1998 inquinata:
761 1939 883 1984 sunt
919 1932 1016 1986 via:
1064 1931 1215 1987 illius
1262 1933 1319 1987 in
1355 1934 1499 1988 omni
1559 1948 1808 2003 tempore.
1843 1934 2007 2003 Aufe-

2107 1926 2278 1981 ἕστιν
2324 1930 2357 1981 ό
2411 1927 2555 1993 Θεὸς
2607 1927 2865 1982 ἐνώπιον
2909 1930 3117 1996 αὐτοῦ,
3164 1932 3569 1999 βεϐηλοῦνται
3625 1935 3686 1987 al

428 2031 619 2070 runtur
641 2017 854 2087 judicia
887 2028 985 2074 tua
1012 2038 1045 2074 a
1068 2020 1206 2090 {acie
1225 2022 1363 2092 ejus,
1392 2025 1628 2077 omnium
1664 2025 2005 2079 inimicorum

427 2126 643 2164 suorum
681 2110 1068 2168 dominabitur.
1100 2112 1434 2170 Praesentem
1479 2117 1770 2187 impiorum
1813 2119 2006 2175 condio

429 2202 636 2257 tionem
670 2202 997 2269 insectatur,
1042 2212 1103 2258 ut
1158 2204 1328 2261 futuri
1376 2207 1571 2277 judicii
1618 2211 2005 2267 necessitatem

427 2282 768 2365 comprobet.
824 2296 967 2351 Illud
1016 2312 1202 2368 porro,
1252 2301 1607 2366 exacerbavit,
1638 2304 1857 2373 Aquila,
1892 2314 2006 2358 tra-

428 2387 604 2450 duxit,
634 2387 1026 2458 interpretatus
1055 2398 1159 2447 est.
1187 2388 1482 2449 Sermones
1503 2393 1703 2464 quippe
1728 2395 1797 2451 de
1819 2394 2005 2451 futuro

430 2478 524 2534 Dei
551 2478 764 2548 judicio
814 2480 919 2551 ipsi
972 2496 1160 2536 revera
1191 2482 1509 2541 traducunt.
1544 2483 1683 2540 Dum
1719 2500 1851 2541 vero
1879 2489 2006 2557 quis

428 2567 485 2622 in
512 2571 758 2639 peccatis
779 2579 1111 2641 perseverat,
1136 2573 1183 2629 is
1217 2573 1515 2642 impeditur
1545 2577 1842 2647 quominus
1862 2594 2005 2649 quae-

426 2667 514 2712 rat
530 2657 722 2727 Deum,
743 2676 807 2716 ac
828 2662 936 2716 vim
964 2665 1062 2719 ira:
1086 2678 1336 2736 magnam
1358 2666 1462 2721 sibi
1480 2677 1779 2739 comparat.
1799 2669 2005 2738 Quam-

427 2752 617 2808 obrem
669 2768 739 2809 ne
782 2754 956 2810 nimio
1009 2756 1199 2813 labore
1246 2766 1302 2814 et
1331 2761 1607 2817 anxietate
1638 2763 1866 2820 notitias
1902 2765 2003 2821 Dei

429 2845 710 2901 naturales
738 2848 1053 2918 expetieris,
1105 2848 1237 2904 dum
1276 2852 1404 2906 vita:
1443 2859 1553 2908 ture
1577 2854 1679 2908 viae
1707 2855 2004 2925 inquinata!

427 2944 558 2991 sunt
589 2956 603 2992 :
638 2937 802 3008 idque
834 2954 894 2994 ea
925 2942 1162 2996 maxime
1186 2942 1255 2996 de
1284 2958 1474 3007 causa,
1499 2944 1645 3014 quod
1673 2945 1879 3015 judicia
1906 2945 2005 3004 Dei

426 3045 540 3085 non
598 3031 783 3085 animo
834 3043 1081 3101 reputes.
1129 3047 1256 3087 cum
1305 3036 1542 3090 maxime
1576 3050 1878 3095 concessus
1902 3040 2003 3097 tibi

427 3121 746 3178 dominatus
777 3124 942 3177 tuerit
964 3125 1022 3179 in
1040 3139 1234 3180 omnes
1254 3123 1506 3183 inimicos
1529 3133 1680 3183 tuos.

2111 2017 2237 2071 όδοὶ
2284 2017 2472 2071 αὑτοῦ
2517 2019 2590 2071 ἐν
2639 2021 2819 2073 παντί
2871 2021 3070 2089 καιρῷ.
3124 2023 3572 2091 Ἀνταναιρεῒται
3615 2024 3688 2077 τὰ

2110 2109 2364 2179 χρίματὰ
2398 2125 2516 2164 σου
2556 2111 2675 2165 ἀπὸ
2714 2114 3038 2180 προσώπου
3065 2115 3271 2179 αὐτοῦ,
3293 2116 3534 2169 πάντων
3569 2116 3689 2170 τῶν

2110 2204 2337 2274 ἐχθρῶν
2388 2207 2573 2262 αὐτοῦ
2620 2207 3094 2274 κατακυριεύσει.
3144 2208 3223 2278 Τῇ
3279 2208 3527 2280 παρούσῃ
3578 2208 3688 2261 τῶν

2109 2296 2324 2350 ἀσεϐῶν
2349 2297 2705 2369 ἐπεξέρχεται
2734 2298 3088 2361 καταστάσει,
3113 2297 3210 2370 τὴν
3246 2299 3541 2369 μέλλουσαν
3570 2300 3691 2370 κρί-

2112 2406 2196 2442 σιν
2226 2389 2529 2458 ἀναγκαίαν
2553 2390 2721 2455 δείξαι
2758 2390 3098 2462 βουλόμενος.
3154 2391 3228 2444 Τὸ
3252 2390 3310 2444 δὲ
3350 2388 3686 2458 παρώξυνε,

2109 2478 2390 2548 διέσυρεν
2437 2480 2666 2543 Ἀκύλας
2699 2481 3033 2552 ἡρμήνευσε.
3065 2480 3203 2543 Τοὺς
3252 2480 3379 2549 περὶ
3411 2478 3546 2531 Θεοῦ
3578 2478 3688 2549 γὰρ

2111 2572 2346 2643 κρίσεως
2391 2572 2583 2641 λόγους
2621 2572 2836 2645 ἀληθῶς
2874 2572 3242 2645 διασύρουσιν.
3280 2572 3584 2643 Ἐπιμένων
3630 2570 3690 2625 δέ

2110 2683 2195 2730 τις
2249 2667 2566 2739 ἁμαρτίαις,
2602 2666 2740 2739 πρὸς
2787 2665 2848 2719 τὸ
2899 2665 3032 2719 Θεὸν
3084 2665 3266 2734 ζητεῖν
3316 2664 3688 2735 ὲμποδίζεται,

2111 2759 2360 2829 συνάγων
2392 2758 2568 2831 ἑαυτῷ
2599 2758 2803 2830 πλῆθος
2821 2758 3011 2831 ὀργῆς.
3046 2757 3139 2811 Διὸ
3172 2758 3246 2828 μὴ
3286 2755 3435 2828 ζήτει
3465 2757 3558 2810 καὶ
3590 2754 3689 2820 τὰς

2109 2852 2238 2925 περὶ
2270 2850 2405 2906 Θεοῦ
2445 2851 2680 2922 φυσικὰς
2710 2834 2917 2914 ἐννοίας
2953 2849 3438 2919 περικοπτόμενος,
3474 2848 3567 2901 καὶ⁵
3594 2846 3690 2902 τοῦ

2108 2941 2226 3016 βίου
2269 2943 2368 3009 τὰς
2400 2944 2553 3008 ὁδοὺς
2601 2943 2947 3013 ἀκαθάρτους
2986 2942 3155 3013 ἔχωνο
3198 2940 3390 2995 τούτου
3423 2958 3489 3009 γε
3531 2941 3691 3011 χάριν

2107 3034 2196 3092 διὰ
2226 3037 2427 3101 παντὸς
2459 3035 2677 3090 καὶτοῦ
2714 3035 2849 3089 Θεοῦ
2894 3034 2966 3088 τά
3009 3038 3253 3108 κρίματα
3287 3034 3363 3104 μὴ
3400 3034 3693 3103 λαμϐάνων

2110 3131 2191 3195 είς
2217 3126 2363 3195 νοῦν,
2400 3129 2459 3183 ὲν
2489 3129 2568 3199 τῷ
2612 3127 3010 3199 συγχωρεῖσθαι
3058 3128 3291 3199 μάλιστα
3333 3127 3694 3199 κατακυριεῦ-

2114 3233 2202 3269 σαι
2229 3217 2337 3272 τῶν
2366 3216 2459 3288 ὲχθ
2468 3218 2598 3288 ρῶν.

501 3296 668 3353 Vsus.
706 3298 755 3355 7.
782 3297 948 3369 Cujus
971 3302 1340 3359 maledictione
1365 3320 1422 3358 os
1450 3305 1661 3374 plenum
1685 3316 1764 3361 est
1785 3317 1836 3362 et
1854 3324 2009 3363 ama-

2183 3305 2267 3365 Οὗ
2295 3308 2448 3378 ἀρᾶς
2472 3309 2539 3364 τὸ
2567 3310 2763 3380 στόμα
2788 3309 2979 3365 αὐτοῦ
3010 3307 3174 3381 γέμει
3198 3310 3301 3365 καὶ
3331 3309 3574 3378 πικρίας
3594 3310 3695 3362 καί

430 3390 662 3446 ritudine
691 3402 741 3446 et
770 3392 931 3458 dolo;
955 3394 1052 3449 sub
1086 3394 1271 3466 lingua
1299 3395 1415 3465 ejus
1443 3396 1598 3451 labor
1624 3407 1675 3452 et
1712 3399 1887 3454 dolor.
1922 3398 2011 3454 Si-

429 3485 649 3557 quidem
694 3485 1157 3541 heterodoxorum
1205 3503 1270 3543 os
1320 3488 1709 3545 maledictione
1743 3493 2009 3561 repletur,

430 3582 619 3645 utpote
644 3577 736 3645 qui
766 3576 1085 3632 Creatorem
1118 3578 1387 3634 conviciis
1416 3577 1717 3647 iucessant,
1754 3584 1899 3652 quod
1922 3584 2015 3638 iti-

432 3670 555 3724 dem
591 3669 843 3724 maledici
873 3669 1085 3724 faciunt
1119 3689 1132 3725 :
1167 3685 1232 3725 os
1267 3671 1396 3726 item
1442 3672 1835 3729 iracundorum
1861 3690 2015 3731 ama-

433 3761 698 3824 ritudine,
723 3760 1041 3816 dolosorum
1066 3760 1214 3829 dolo,
1245 3763 1467 3833 plenum
1494 3772 1600 3819 est.

506 3849 673 3906 Vsus.
705 3850 759 3906 8.
806 3851 965 3907 Sedet
996 3852 1053 3907 in
1088 3853 1299 3908 insidiis
1330 3870 1449 3908 cum
1477 3855 1728 3911 divitibus
1756 3858 1810 3912 in
1830 3859 2013 3913 occul-

431 3942 526 4007 tis,
560 3952 618 3996 ut
653 3944 941 4013 interﬁciat
983 3945 1332 4015 innocentem.
1382 3945 1520 4001 Dum
1552 3956 1735 4004 autem
1780 3950 1835 4005 id
1870 3952 2006 4023 agit,

432 4037 675 4108 seipsum
698 4038 922 4110 decipit,
955 4040 1115 4109 quasi
1138 4040 1349 4095 scilicet
1371 4040 1509 4095 nihil
1534 4041 1714 4096 videat
1734 4040 1903 4098 Deus.

504 4128 673 4186 Vens.
709 4132 798 4185 11.
840 4132 994 4185 Dixit
1036 4133 1176 4186 enim
1218 4133 1275 4186 in
1315 4132 1471 4187 corde
1512 4149 1608 4187 suo
1639 4149 1658 4187 :
1692 4132 1902 4189 Oblitus
1930 4145 2010 4191 est

430 4220 594 4289 Deus,
624 4223 811 4277 avertit
838 4223 1030 4293 faciem
1062 4238 1219 4278 suam
1247 4240 1312 4278 ne
1350 4223 1523 4279 uideat
1568 4226 1628 4279 in
1671 4226 1849 4294 ﬁnem.
1884 4225 2011 4283 Haec

433 4317 618 4369 omnia
653 4316 765 4387 agit
796 4316 999 4385 impius
1028 4317 1300 4373 adversus
1328 4317 1425 4373 Dei
1458 4333 1750 4388 pauperes.
1799 4319 2015 4390 sibique

435 4405 555 4476 ipse
595 4405 931 4470 ludiﬁcatur,
959 4407 1091 4461 dum
1124 4409 1242 4463 suis
1289 4407 1396 4463 sibi
1426 4409 1855 4479 cogitationibus
1881 4426 2016 4465 con-

438 4498 599 4570 ﬁngit
632 4513 746 4553 non
774 4514 899 4554 esse
924 4498 1099 4554 Deum
1131 4501 1521 4570 inspectorem.

2110 3401 2318 3466 δόλου,
2344 3402 2465 3457 ὑπὸ
2487 3401 2604 3471 τὴν
2629 3402 2899 3474 γλῶτταν
2923 3404 3111 3459 αὑτοῦ
3137 3406 3325 3470 κόπος
3352 3404 3452 3457 καὶ
3485 3404 3591 3455 πόφ
3605 3420 3692 3467 ος.

2112 3493 2234 3546 Τῶν
2261 3494 2372 3565 γὰρ
2418 3494 2740 3567 ἑτεροδόξων
2768 3496 2831 3549 τὸ
2860 3497 3035 3567 στόμα
3071 3498 3211 3569 ἀράς
3260 3497 3439 3568 γέμει,
3471 3495 3695 3550 κακολο-

2112 3586 2353 3656 γούντων
2381 3587 2472 3641 τὸν
2500 3589 2862 3661 Δημιουργὸν,
2893 3588 3117 3642 καὶτῶν
3146 3590 3398 3661 λοιδόρων
3417 3606 3432 3621 ο
3470 3590 3692 3662 πικρίας

2110 3678 2168 3731 δὲ
2188 3678 2296 3733 τῶν
2318 3679 2587 3750 θυμικῶν,
2620 3679 2772 3733 δόλου
2801 3680 2910 3735 τῶν
2934 3680 3140 3735 δολίων.

2195 3854 2538 3924 Ἐγκάθηται
2576 3856 2789 3925 ἐνέδρᾳ
2813 3857 2966 3927 μετὰ
2989 3860 3305 3913 πλουσίων
3327 3860 3398 3913 ἐν
3426 3859 3692 3928 ἀποκρύ-

2109 3965 2267 4018 φοις,
2315 3947 2422 4002 τοῦ
2462 3949 2810 4008 ἀποκτεῖναι
2843 3950 3062 4008 ἀθῶον.
3102 3951 3214 4004 Καὶ
3247 3951 3422 4007 ταῦτα
3462 3953 3693 4022 πράττει

2110 4042 2611 4113 παραλογιζόμενος
2637 4043 2851 4108 ἑαυτὸν,
2884 4043 2960 4107 ὡς
2983 4044 3083 4113 οὑχ
3108 4043 3342 4114 ὁρῶντος
3374 4044 3529 4097 Θεοῦ.

2180 4128 2330 4185 Eine
2379 4134 2492 4201 γὰρ
2536 4132 2606 4185 ὲν
2658 4131 2873 4200 καρδίᾳ
2923 4131 3139 4184 αὐτοῦ·
3193 4120 3611 4199 Ἑπιλέιίησται
3657 4135 3693 4185 ό

2113 4222 2277 4289 Θεὸς,
2320 4224 2666 4292 ἀπέστρεψε
2690 4224 2756 4276 τὸ
2791 4224 3119 4291 πρόσωπον
3145 4221 3335 4276 αὑτοῦ
3368 4224 3475 4276 τοῦ
3509 4222 3596 4293 μὴ
3616 4226 3692 4278 εί-

2111 4314 2240 4368 δεῖν
2260 4316 2346 4380 είς
2371 4313 2566 4380 τέλος.
2603 4312 2788 4366 Ταῦτα
2821 4313 2878 4367 δὲ
2912 4314 3087 4368 πάντα
3114 4315 3143 4366 ὁ
3174 4314 3378 4386 ἀσεϐὴς
3407 4314 3549 4367 κατά
3584 4314 3694 4369 τῶν

2114 4406 2361 4476 πενήτων
2383 4404 2476 4458 τοῦ
2508 4404 2645 4458 Θεοῦ
2674 4405 3085 4480 διαπράττεται,
3118 4406 3311 4460 ἑαυτὸν
3343 4406 3568 4461 ἀπατῶν
3601 4408 3694 4461 καὶ

2114 4502 2224 4562 τοῖς
2261 4497 2456 4551 ἑαυτοῦ
2488 4497 2772 4567 λογισμοῖς
2806 4497 2882 4570 μὴ
2915 4495 3054 4553 εἶναι
3085 4498 3217 4553 Θεὸν
3240 4499 3435 4571 ἔφορον
3458 4498 3696 4553 διανοού-

2120 4606 2297 4660 μενος.

504 4680 673 4737 Vens.
710 4680 899 4737 42-15.
942 4678 1204 4750 Exsurge,
1242 4678 1465 4735 Domine
1503 4678 1644 4735 Deus
1676 4698 1839 4748 meus,
1863 4684 2012 4738 exal-

2199 4679 2530 4747 Ἀνάστηθι,
2563 4680 2740 4747 Κύριε
2765 4680 2798 4730 δ
2831 4664 2974 4745 Θεός
3000 4697 3139 4749 μου,
3173 4680 3470 4749 essent...»
3499 4681 3536 4749 ἡ
3568 4679 3695 4749 χείρ

440 4782 577 4827 tctur
633 4790 823 4829 manus
892 4784 1007 4836 tua,
1054 4788 1121 4826 ne
1165 4771 1495 4827 obliviscaris
1553 4789 1838 4844 pauperum
1891 4785 1997 4832 tuo.

440 4882 560 4920 rum
596 4868 650 4921 in
698 4868 875 4935 ﬁnem.
925 4864 1083 4922 Vides
1112 4867 1361 4937 quoniam
1418 4877 1475 4919 tu
1508 4866 1740 4923 laborem
1768 4878 1819 4923 et
1859 4869 2011 4924 dolo-

2115 4792 2253 4836 σου,
2300 4772 2387 4843 μὴ
2427 4772 2683 4842 ἐπιλάϐῃ
2727 4772 2846 4828 τῶν
2886 4774 3161 4842 πενήτων
3200 4789 3315 4828 σου
3361 4776 3448 4840 εὶς
3498 4773 3694 4839 τέλος.

2116 4865 2393 4931 Βλέπεις,
2426 4864 2515 4918 ὄτι
2546 4864 2627 4918 σὺ
2652 4868 2843 4918 πόνον
2881 4866 2980 4919 καὶ
3014 4866 3204 4935 θυμὸν
3231 4865 3560 4931 κατανοεῖς,
3592 4861 3694 4919 τοῦ

440 4975 551 5012 rem
590 4957 918 5022 consideras,
956 4967 1031 5023 ut.
1059 4959 1245 5012 tradas
1277 4974 1366 5012 eos
1403 4959 1458 5013 in
1486 4976 1673 5014 manus
1714 4970 1854 5016 tuas.
1892 4961 2012 5015 Tibi

2120 4956 2489 5027 παραδοῦναι
2526 4959 2749 5025 αὐτοὺς
2783 4962 2871 5026 είς
2906 4958 3110 5028 χεῖράς
3143 4972 3281 5012 σου.
3313 4959 3417 5013 Σοί
3448 4959 3693 5029 ἐγκατα-

440 5048 724 5105 derelictus
752 5059 830 5105 est
853 5064 1069 5119 pauper,
1101 5050 1336 5119 orphano
1373 5059 1429 5104 tu
1457 5067 1575 5107 eras
1605 5051 1840 5122 adjutor.
1873 5051 2013 5108 Con-

2120 5049 2428 5104 λέλδιπται
2459 5052 2491 5103 ό
2536 5050 2792 5119 πτωχὸς,
2843 5049 3083 5119 ὀρφανῷ
3122 5048 3202 5103 σὺ
3248 5046 3410 5119 ἦσθα
3447 5049 3694 5116 βοηθός.

444 5153 550 5198 tere
578 5143 851 5198 brachium
880 5144 1169 5212 peccatoris
1190 5152 1241 5198 et
1263 5145 1521 5216 maligni:
1544 5157 1812 5216 quwretur
1826 5162 2013 5215 pecca-

2122 5142 2462 5211 Σὺντριψον
2494 5141 2601 5195 τὸν
2633 5144 2935 5212 βραχίονα
2962 5141 3067 5195 τοῦ
3095 5141 3443 5210 ἁμαρτωλοῦ
3472 5141 3568 5194 καί
3593 5156 3683 5193 ’κο

447 5244 558 5288 tum
585 5234 721 5303 ejus,
759 5244 809 5289 et
830 5252 937 5290 non
966 5235 1272 5289 invenietur.
1306 5233 1401 5291 Dei
1429 5237 1779 5292 tolerantiam
1811 5236 2013 5290 excitat

2122 5234 2339 5301 νηροῦ·
2397 5234 2787 5303 ζητηθήσεται
2832 5237 2871 5304 ἡ
2917 5234 3171 5303 ἁμαρτία
3220 5234 3421 5299 αὐτοῦ,
3473 5234 3571 5288 καί
3625 5235 3694 5287 οὐ

447 5326 516 5380 ad
546 5326 816 5396 judicium
841 5326 912 5382 de
942 5327 1124 5397 impiis
1154 5326 1457 5384 ferendum.
1507 5327 1611 5384 Per
1641 5344 1864 5384 manum
1917 5342 2013 5383 au-

2118 5325 2205 5396 μὴ
2231 5325 2465 5395 εὑρεθῇ.
2519 5326 2706 5390 Οὕτως
2736 5328 2829 5381 ἐπὶ
2866 5326 2966 5397 τὴν
2997 5326 3107 5381 τῶν
3143 5326 3353 5381 ἀσεϐῶν
3391 5326 3572 5398 κρίσιν
3624 5326 3693 5379 δι-

447 5424 556 5472 tem
582 5418 898 5485 exaltatam,
919 5418 1026 5473 vim
1051 5419 1365 5488 iudicialem
1390 5421 1685 5493 signiﬁcat.
1704 5421 1842 5475 Dum
1865 5421 2013 5476 enim

2122 5420 2326 5491 εγείρει
2349 5420 2536 5473 λοιπὸν
2555 5420 2655 5491 τὴν
2679 5421 2877 5491 ἀνοχὴν
2908 5419 3001 5473 τοῦ
3032 5419 3189 5475 Θεοῦ.
3225 5422 3289 5474 Ἡ
3308 5421 3367 5473 δὲ
3392 5420 3511 5491 χεὶρ
3546 5419 3700 5487 buleu-

448 5509 568 5578 ipsa
599 5509 795 5579 impios
824 5525 936 5565 non
964 5511 1270 5578 ulciscitur,
1303 5528 1405 5567 ceu
1424 5513 1570 5567 victa
1604 5512 1778 5567 videri
1807 5518 2011 5582 potest.

2128 5516 2263 5587 μένη
2299 5515 2528 5586 δύναμιν
2571 5514 2806 5586 ἐδήλωσε
2840 5518 3109 5588 κριτικήν.
3154 5517 3240 5569 Ἐν
3271 5517 3380 5585 ὅσῳ
3421 5514 3528 5588 γάρ
3561 5514 3699 5586 αὑτὴ

447 5601 680 5668 Quando
718 5616 846 5657 vero
893 5603 1186 5674 unicuique
1233 5605 1413 5659 reddit
1460 5605 1607 5675 quod
1650 5618 1868 5674 aequum
1901 5611 2012 5667 est,

2128 5606 2203 5676 μὴ
2229 5606 2689 5677 τιμωρεῖταιτοὺς
2714 5606 2951 5672 ἀσεϐεῖς,
2978 5606 3398 5678 τετιμιυρείσθαι
3418 5606 3496 5676 (Ιι)
3516 5605 3697 5658 δοκεῖ’

447 5696 676 5757 exaltari
724 5694 944 5762 dicitur,
996 5711 1264 5767 nemoque
1316 5698 1491 5767 ipsam
1553 5695 1793 5767 effugere
1843 5696 2012 5751 valet.

2123 5694 2447 5749 ἀποδιδοῦσα
2470 5695 2528 5749 δὲ
2552 5694 2768 5768 ἑκάστῳ
2806 5696 2946 5752 κατά
2977 5697 3040 5750 τὸ
3066 5695 3290 5760 δίκαιον,
3320 5693 3583 5765 ὑψοῦσθαι
3614 5692 3702 5746 λιν

521 5813 595 5887 (t)
631 5813 1097 5887 Τετιμωρεῑσθαι.
1126 5814 1233 5873 Pro
1254 5816 1682 5887 τετιμωρῆσθαι,
1709 5824 1765 5874 ﬁt
1782 5827 1837 5875 et
1862 5816 2012 5873 alibi.
2044 5811 2203 5870 Enn.
