4096 6396
361 356 463 417 I37

1485 355 1998 421 COMMENTARIA
2039 361 2107 418 IN
2135 358 2478 419 PSALMOS.

3522 368 3625 424 138

349 471 532 525 τεται,
558 455 652 510 καὶ
681 449 883 528 ταύτην
906 444 1082 522 οὐδεὶς
1105 455 1489 530 ἀποδράσεται.
1521 462 1612 514 Διό
1640 479 1773 532 φησι
1792 479 1806 494 ο
1831 462 1916 516 Τοὶ

2045 459 2412 527 Quamobrem
2445 461 2522 514 ait
2557 457 2884 516 tradendum
2918 473 3042 518 esse
3073 459 3299 534 impium
3335 463 3391 519 in
3426 479 3625 520 manus

353 545 691 620 παραδοῦναι
739 548 897 602 αὑτὸν
946 552 1028 614 εὶς
1073 550 1232 621 χεῖρά
1273 565 1386 606 σου.
1429 551 1732 624 Τοιγαροῦν
1772 554 1801 606 ὁ
1847 553 1916 606 σὰ

2043 568 2196 609 suas.
2248 550 2545 608 Enimvero
2591 568 2799 624 pauper
2832 553 2925 610 ille
2950 561 3080 611 tuus
3112 555 3227 610 haec
3247 556 3413 612 verba
3445 558 3546 615 abs
3572 568 3627 614 te

352 641 570 712 πτωχὸς
613 641 856 706 ἀκούσας
905 642 1012 694 τῶν
1053 641 1163 696 σῶν
1207 644 1380 713 λόγων
1436 645 1751 714 φασκόντων
1775 663 1788 676 ·
1842 647 1936 716 Μὴ

351 728 606 799 ἑαυτοὺς
641 733 1042 800 ἐκδικοῦντες,
1085 737 1383 804 ἀγαπητοί
1403 753 1416 767 ·
1459 738 1622 792 ἀλλὰ
1651 738 1786 794 δότε·
1837 741 1936 793 τό·

350 834 470 874 πον
496 821 572 890 τῇ
596 823 762 893 ὀργῇ.
811 825 967 894 Ἐμοὶ
1006 825 1339 894 ἐκδίκησις,
1371 827 1487 898 ἐγὼ
1508 829 1934 898 ἀνταποδώσω,

347 903 510 983 λέγει
533 916 740 983 Κύριος
755 957 768 970 .

494 1007 604 1060 ΕΙΣ
643 1009 729 1062 ΤΟ
768 1009 991 1062 ΤΕΛΟΣ
1026 1010 1321 1066 ΨᾹΛΜΟΣ
1357 1012 1446 1066 ΤΩ
1482 1014 1683 1068 ΔΑΥΙΔ
1724 1017 1781 1068 I'.

432 1097 651 1170 Ἐπειδὴ
689 1101 782 1153 καὶ
827 1103 909 1168 τῷ
950 1101 1135 1156 Δαυῒδ
1166 1105 1254 1168 εὶς
1278 1103 1342 1157 τὸ
1367 1103 1546 1170 τέλος
1589 1107 1930 1178 γέγραπταιο

343 1190 442 1244 καὶ
485 1191 626 1244 κατὰ
667 1191 758 1246 τὸν
807 1192 1057 1259 Ἀκύλαν,
1106 1193 1187 1260 τῷ
1222 1197 1529 1264 νικοποιῷ,
1563 1199 1704 1253 κατὰ
1741 1200 1799 1253 δὲ
1841 1201 1934 1255 τὸν

343 1280 663 1352 Σύμμαχον,
689 1283 981 1350 ἐπινίκιος
1009 1285 1117 1338 τοῦ
1146 1285 1350 1352 Δαυῒδ,
1392 1290 1606 1360 φήσεις,
1652 1291 1734 1344 ὅτι
1778 1293 1873 1346 καὶ
1903 1293 1932 1346 ό

341 1371 507 1424 Δαυῒδ
533 1372 670 1442 μετὰ
701 1375 801 1446 τὴν
834 1375 1118 1446 συμϐᾶσαν
1143 1379 1292 1452 αὐτῷ
1316 1381 1601 1453 συμφορὰν
1635 1381 1840 1452 ἔφασκε
1863 1385 1932 1438 τὰ

341 1463 704 1534 προκείμενα.

311 1606 328 1632 η
426 1555 551 1608 Ἐπὶ
590 1556 672 1622 τῷ
714 1560 910 1627 Κυρίῳ
943 1562 1202 1638 πέποιθά
1223 1581 1236 1593 ·
1274 1565 1404 1632 πῶς
1434 1567 1622 1637 ἐρεῖτε
1652 1568 1727 1639 τῇ
1755 1557 1931 1641 ψυχῇ

332 1659 453 1711 μου
474 1659 486 1673 ο
531 1647 994 1704 Μεταναστεύου
1031 1654 1133 1706 ἐπὶ
1180 1653 1254 1708 τὰ
1289 1654 1395 1724 ὅρη
1441 1658 1523 1724 ὡς
1573 1661 1929 1728 στρουθιυν;

339 1727 555 1816 Τελείου
590 1739 762 1810 φωνὴ,
795 1743 890 1796 καὶ
920 1744 1063 1798 κατὰ
1087 1746 1177 1800 τὸν
1213 1741 1531 1805 Ἀπόστολον
1565 1727 1737 1807 εἰπεῖν
1768 1753 1927 1809 δυνα-

340 1827 525 1897 μένου,
581 1831 676 1897 Τίς
725 1832 885 1902 ἡμᾶς
929 1839 1173 1915 χῳρίσει
1214 1841 1333 1896 ἀπὸ
1382 1843 1491 1913 τῆς
1535 1846 1773 1917 ἀγάπης
1818 1849 1926 1904 τοῦ

338 1920 488 1974 Θεοῦ
512 1937 531 1984 ;
560 1923 635 1975 Οὐ
667 1925 809 1978 κατά
837 1928 928 1981 τὸν
961 1929 1126 2001 ἀτελῆ
1156 1931 1248 1986 τὸν
1279 1937 1422 2008 φυγῇ
1461 1939 1926 2008 μεταναστεύοντα

333 2009 501 2063 τόπον
535 2013 601 2065 ἐκ
643 2013 833 2080 τόπου,
876 2019 970 2072 καὶ
1016 2021 1417 2092 περιφεύγοντα
1445 2028 1572 2092 τοὺς
1611 2027 1921 2094 διώκοντας.

336 2093 498 2154 Καθὰ
528 2102 592 2175 δὴ
625 2106 903 2176 στρουθίον
939 2112 1067 2174 τοὺς
1107 2113 1454 2190 Θῃρεύοντας,
1484 2118 1564 2182 ὃς,
1605 2119 1707 2172 κᾶν
1736 2121 1926 2190 διαφύ-

335 2207 445 2260 γοι,
475 2193 620 2264 λέγοι
647 2197 712 2250 ἄν
735 2215 748 2227 ·
806 2199 868 2255 Ἠ
895 2203 1067 2271 ψυχὴ
1092 2185 1261 2273 ἡμῶν
1292 2207 1372 2274 ὡς
1411 2211 1732 2276 στρουθίον
1755 2185 1924 2281 ἐρρύ-

333 2289 452 2352 σθη
496 2287 565 2340 ἐκ
595 2289 705 2358 τῆς
728 2292 978 2362 παγίδος
1008 2294 1126 2350 τῶν
1163 2300 1559 2367 θηρευόντων.

409 2377 530 2470 ’Ότι
573 2378 613 2434 ἁ
653 2387 991 2452 κατηρτίσω
1031 2391 1342 2446 καθεῖλον·
1397 2399 1432 2449 ό
1477 2396 1547 2450 δὲ
1591 2397 1822 2470 δίκαιος
1866 2404 1924 2457 τί

328 2465 582 2561 ἐποίησε
593 2487 614 2537 ;
647 2475 862 2543 Κύριος
903 2480 975 2534 ἐν
1012 2481 1139 2548 ναῷ
1167 2484 1314 2555 ἁγίῳ
1355 2489 1565 2556 αὑτοῦ,
1600 2465 1819 2561 Κύριος
1852 2497 1924 2549 ἐν

330 2559 566 2655 ουρανῷ
596 2567 630 2617 ὁ
669 2570 882 2635 θρόνος
920 2573 1130 2628 αὐτοῦ.
1175 2579 1241 2630 Οἱ
1271 2579 1568 2650 ὀφθαλμοὶ
1611 2559 1805 2640 αὐτοῦ⁷
1833 2590 1922 2655 εἰς

329 2653 438 2744 τόν
495 2655 729 2726 πένητα
775 2661 1215 2732 ἀποϐλέπουσι,
1236 2675 1239 2678 ’
1264 2670 1336 2725 τὰ
1389 2674 1676 2744 ,ϐλέφαρα
1731 2653 1921 2734 aurci}

329 2743 589 2836 ἐξετάζει
635 2749 779 2817 τοὺς
822 2755 995 2820 υἱοὺς
1035 2756 1156 2810 τῶν
1188 2743 1533 2829 ἀνθρώτων,
1573 2743 1788 2836 Κύριος
1817 2770 1919 2836 ἐξε-

328 2834 518 2895 etdst
547 2837 656 2892 τόν
679 2840 913 2897 δίκαιον
940 2847 1168 2900 καὶτὸν
1197 2847 1401 2919 ἀσεϐῆ.
1431 2855 1506 2927 ΪΟ
1537 2834 1696 2925 μόνος
1714 2834 1920 2927 δίκαιος

330 2927 660 3025 καυκριτὴς
694 2931 846 3000 Θεὸς,
894 2937 1022 3001 τοὺς
1046 2939 1242 2994 ἑαυτοῦ
1273 2941 1710 3017 πολεμουμένους
1753 2953 1918 3025 ὁρῶν,

2039 647 2254 716 prolata
2285 646 2495 702 audivit
2539 666 2554 703 :
2583 646 2709 703 Non
2739 649 3082 716 vosmetipsos
3108 650 3466 719 defendentes,
3497 655 3626 709 cluas

2040 740 2242 794 rissimi
2258 756 2277 804 ;
2305 739 2394 795 sed
2414 740 2536 795 date
2565 741 2739 796 locant
2767 745 2862 797 ira:
2893 762 2909 798 :
2952 740 3090 798 Mihi
3127 744 3383 812 vindicta,
3417 764 3508 819 ego
3539 764 3626 803 re-

2039 833 2294 898 tribuam,
2326 832 2458 886 dicit
2486 833 2744 890 Dominus
2773 836 2839 889 ⁸⁵.

2267 1011 2320 1068 1.
2365 1008 2432 1067 ΙΝ
2475 1011 2690 1068 FINEM
2726 1014 3052 1072 PSALMUS
3090 1011 3300 1072 DAVID
3336 1018 3404 1076 Χ.

2106 1103 2560 1175 Quandoquidem
2589 1104 2784 1160 Davidi
2819 1108 2876 1162 in
2917 1110 3094 1177 ﬁnem,
3147 1111 3450 1181 inscriptus
3497 1119 3619 1180 est;

2033 1192 2090 1250 et
2137 1195 2295 1266 juxta
2353 1196 2642 1268 Aquilam,
2703 1200 2926 1263 victori;
2977 1201 3134 1270 juma
3196 1200 3618 1273 Symmachum.

2037 1289 2372 1357 triumphalis
2400 1290 2622 1345 Davidis
2645 1308 2664 1345 :
2688 1293 2858 1363 probe
2892 1293 3120 1358 inferas,
3149 1295 3409 1353 Davidem
3433 1299 3622 1356 isthaac

2033 1391 2160 1454 post
2188 1385 2400 1440 illatam
2431 1385 2538 1441 sibi
2571 1386 2936 1444 calamitatem
2969 1391 3380 1459 pronuntiasse.

2106 1561 2278 1620 Vens.
2328 1564 2384 1622 2.
2428 1561 2496 1618 In
2543 1565 2773 1619 Domino
2826 1566 3088 1636 con/ida:
3132 1568 3394 1638 quomodo
3441 1567 3620 1626 dicitis

2034 1657 2227 1712 animle
2267 1672 2396 1712 mete
2430 1673 2449 1711 :
2481 1657 2829 1729 Transmigra
2868 1660 2926 1713 in
2975 1671 3175 1716 montes
3225 1664 3362 1717 sicut
3398 1657 3622 1732 passer?

2033 1747 2159 1804 Haec
2188 1750 2293 1804 viri
2334 1749 2565 1820 perfecti
2611 1765 2718 1804 vox
2758 1757 2864 1813 est,
2905 1753 2999 1822 qui
3029 1755 3332 1809 secundum
3381 1757 3620 1827 Aposto-

2030 1841 2144 1895 lum
2183 1840 2368 1897 dicere
2404 1841 2584 1896 valeat
2617 1859 2632 1895 :
2669 1840 2802 1907 Quis
2835 1857 2929 1896 nos
2983 1845 3255 1912 separabit
3289 1863 3322 1900 a
3354 1846 3620 1902 charitate

2035 1931 2133 1987 Dei
2196 1928 2213 1958 ¹
2247 1930 2270 1982 ?
2342 1930 2464 1986 Non
2494 1946 2649 1986 more
2673 1932 2982 2002 imperfecti
3009 1934 3272 2001 hominis,
3307 1938 3398 2006 qui
3429 1953 3620 2007 perse-

2027 2023 2324 2096 quentibus
2349 2032 2408 2077 ut
2437 2039 2498 2078 se
2536 2023 2828 2093 proripiat,
2863 2024 2932 2079 de
2965 2025 3086 2080 loco
3129 2026 3184 2080 in
3216 2027 3398 2082 locum
3433 2037 3618 2086 trans-

2026 2115 2246 2186 migrat.
2279 2113 2384 2180 Qui
2419 2115 2488 2178 si,
2542 2122 2603 2167 ut
2653 2129 2848 2183 passer
2883 2123 3199 2180 venatores,
3245 2117 3486 2189 ell‘ugere
3518 2135 3617 2174 va-

2026 2208 2154 2272 leat,
2187 2208 2311 2277 jure
2336 2206 2538 2262 dixerit
2569 2227 2582 2260 :
2617 2208 2817 2260 Anima
2855 2218 3042 2262 nostra
3066 2211 3201 2264 sicut
3232 2210 3416 2280 passer
3437 2225 3617 2282 erepta

2024 2308 2102 2355 est
2130 2298 2194 2353 de
2223 2299 2412 2370 laqueo
2440 2299 2744 2353 venantium
2761 2299 2804 2354 ².

2097 2390 2264 2447 Vens.
2321 2389 2443 2447 4-6.
2513 2389 2779 2457 Quoniam
2837 2401 2955 2461 gare
3014 2391 3280 2461 perfecisti
3337 2396 3617 2451 destruxe-

2023 2493 2170 2548 runt,
2181 2484 2361 2553 justus
2376 2493 2552 2538 autem
2567 2484 2693 2555 quid
2707 2485 2826 2553 fecit
2843 2487 2866 2540 ?
2882 2483 3142 2539 Dominus
3155 2487 3209 2540 in
3228 2487 3419 2557 templo
3431 2499 3618 2545 sancto

2024 2593 2144 2641 suo,
2176 2575 2438 2629 Dominus
2476 2576 2532 2628 in
2555 2576 2683 2630 ccelo
2710 2576 2856 2630 sedes
2889 2575 3026 2645 ejus.
3065 2575 3223 2632 Oculi
3255 2576 3369 2646 ejus
3401 2580 3454 2633 in
3473 2595 3611 2648 pau-

2021 2684 2198 2738 perem
2243 2667 2563 2736 respiciunt,
2614 2667 2880 2737 palpe‘brcc
2922 2669 3040 2736 ejus
3090 2669 3416 2740 interrogant
3466 2672 3611 2740 ﬁlios

2023 2761 2316 2814 hominum.
2342 2760 2597 2813 Dominus
2621 2760 2915 2830 interrogat
2926 2761 3138 2830 justum
3160 2770 3208 2816 et
3235 2763 3478 2832 impium,
3499 2774 3608 2820 etc.

2024 2851 2171 2908 Deus
2203 2853 2295 2925 qui
2345 2853 2497 2909 solus
2518 2853 2707 2923 justus
2744 2866 2798 2909 et
2822 2853 2992 2923 judex
3040 2861 3145 2919 est,
3179 2868 3303 2909 cum
3351 2871 3485 2911 suos
3515 2872 3614 2927 op-

2021 2945 2256 3016 pugnari
2294 2951 2565 3010 cerneret,
2613 2945 2743 3015 quid
2782 2944 2946 2999 fecit?
2974 2944 3025 3000 Is
3056 2959 3192 3001 sane
3217 2946 3319 3001 etsi
3358 2947 3414 3000 in
3465 2949 3610 3003 cado

329 3015 384 3069 τί
434 3018 721 3090 ὲποίησενς
777 3025 866 3078 Ἐν
911 3027 1125 3100 οὐρανῷ
1173 3035 1443 3089 κατοικῶν
1496 3038 1591 3092 καὶ
1645 3040 1916 3111 βασιλείαν

886 3115 1346 3125 .-.---.

2024 3015 2259 3102 habitet,
2293 3051 2358 3092 ac
2387 3036 2604 3092 ﬁrmum
2639 3036 3034 3107 immobileque
3075 3053 3306 3109 regnum
3338 3039 3607 3125 obtineat,

330 3103 468 3176 ἔχων
498 3109 812 3178 ἀσάλευτον,
846 3115 998 3170 οὐδὲν
1029 3118 1140 3172 τῶν
1169 3121 1264 3176 ἐπὶ
1295 3123 1400 3195 γῆς
1432 3103 1668 3203 παρορᾷ..
1694 3135 1916 3207 Χαρίξε-

2023 3133 2232 3186 nullam
2265 3138 2610 3186 terrenarum
2643 3145 2828 3184 rerum
2866 3129 3114 3202 negligit.
3145 3129 3383 3203 Pauperi
3419 3121 3607 3188 autem

327 3213 418 3250 ται
447 3198 506 3252 δὲ
546 3201 625 3272 τῷ
664 3204 858 3277 πένητι
890 3209 1000 3263 τῶν
1035 3212 1401 3286 εὐεργετικῶν
1438 3221 1603 3276 αὑτοῦ
1636 3225 1916 3300 δυνάμεων

2025 3225 2081 3281 id
2109 3225 2300 3297 gratias
2332 3222 2568 3288 confert,
2595 3229 2654 3276 ut
2682 3198 3051 3278 beneﬁcarum
3083 3198 3347 3280 virtutum
3380 3240 3606 3282 suarum

479 3292 807 3368 ἐπισκοπὴν,
863 3299 931 3364 ἇς
983 3320 1148 3374 φησιν
1197 3307 1542 3382 ὀφθαλμούςδ
1581 3288 1784 3392 ὥσπερ.
1825 3319 1916 3379 οὖν

2020 3288 2365 3386 inspectione
2400 3319 2653 3371 servetur
2685 3331 2698 3367 :
2732 3327 2872 3384 quas
2920 3314 3178 3380 virtutes,
3225 3315 3417 3370 oculos
3461 3332 3602 3372 num

328 3379 577 3485 βλέφαρα
618 3387 718 3460 τὴν
765 3393 1018 3466 κριτικὴν
1055 3398 1220 3453 αὐτοῦ
1255 3403 1350 3456 καὶ
1377 3379 1568 3461 πάντα
1614 3379 1916 3485 διακρίνου-

2020 3379 2222 3478 cupat;
2259 3422 2369 3477 qua
2405 3406 2536 3462 item
2567 3379 2784 3460 ratione
2819 3406 3098 3476 palpebrae
3129 3406 3251 3477 ejus
3288 3407 3603 3478 signiﬁcant

327 3489 429 3568 σαγ
453 3477 732 3568 πρόνοιαν.
760 3481 861 3536 Διά
887 3485 1236 3563 δικαιοσύνην
1267 3491 1324 3547 δὲ
1351 3500 1531 3567 κρινεῖ
1560 3501 1655 3556 καὶ
1686 3477 1813 3568 τοὺς
1838 3507 1918 3561 δι-

325 3560 536 3630 καίους,
581 3567 656 3639 μή
683 3585 738 3621 τι
764 3572 858 3625 καὶ
885 3573 1049 3641 αὐτὸς
1076 3560 1558 3655 πεπλημμέληταιι

411 3742 733 3840 ῘΕπιϐρέξει
772 3750 873 3804 ἐπὶ
913 3754 1302 3826 ἁμαρτωλοὺς
1340 3765 1617 3835 παγίδας,
1650 3771 1772 3840 πῦρ
1811 3775 1911 3829 καὶ

323 3833 508 3902 θεῖον,
547 3839 649 3892 καὶ
675 3842 911 3911 πνεῦμα
941 3850 1280 3918 καταιγίδος
1309 3855 1349 3922 ἡ
1385 3833 1696 3925 μερὶςίτοῦ
1728 3833 1912 3935 ποτ-η.

314 3926 458 4026 ρίου
490 3929 707 3986 αὐτῶν.
739 3932 850 4012 Τὰς
881 3938 1176 4004 ἐπιπόνους
1207 3944 1459 4012 κολάσεις
1489 3949 1730 4026 πολλαχῆ
1762 3926 1912 4026 δηλοῖ

414 4023 692 4094 ποτήριον,
726 4031 802 4089 ὡς
829 4030 886 4080 ὲν
931 4031 1159 4104 Ἡσαῖᾳ’
1201 4033 1551 4108 Ἐξεγείρου,
1584 4019 1908 4117 έεὲῆ-ὲιρὸυ,

333 4109 784 4214 Ἰερουσαλὴμ,ἠ
800 4121 1026 4176 πιοῦσα
1037 4125 1103 4179 τὸ
1117 4129 1404 4198 ποτήριον
1412 4109 1789 4208 εὶσπτώσεωξ
1807 4146 1824 4214 (
1835 4144 1853 4196 Ι
1865 4109 1907 4214 ),

322 4204 391 4310 id
409 4207 610 4310 aedi-61';
657 4211 766 4265 τοῦ
817 4217 1030 4284 θυμοῦ.
1087 4221 1249 4290 Λέγει
1295 4225 1353 4278 δὲ
1399 4228 1492 4282 καὶ
1537 4230 1616 4303 τῷ
1670 4204 1909 4310 Ἱερεμίά

320 4292 482 4360 Θεόςο
509 4297 664 4353 Λάϐε
691 4301 798 4356 τοῦ
827 4304 996 4359 οἴνου
1021 4307 1128 4361 τοῦ
1154 4309 1416 4379 ἀκράτου
1441 4315 1510 4368 ἐκ
1543 4292 1904 4391 χειρός-’μουξ

321 4387 421 4478 zeal
453 4390 722 4458 ποτίσεις
751 4395 897 4448 αὐτὸ
941 4397 1139 4453 πάντα
1167 4403 1240 4456 τὰ
1269 4403 1436 4474 ἔθνη,
1476 4408 1627 4477 πρὸς
1656 4387 1906 4478 οὒς-ἐγῶ

2015 3499 2330 3569 iudicialem
2358 3499 2505 3553 illius
2527 3499 2928 3570 providentiam
2949 3513 3058 3568 qua
3097 3499 3281 3554 omnia
3311 3499 3603 3570 dijudicat.

2017 3589 2250 3662 Propter
2281 3590 2559 3660 justitiam
2615 3596 2797 3646 autem
2843 3605 2998 3644 suam
3041 3590 3126 3646 vel
3177 3591 3358 3662 ipsum
3390 3592 3604 3662 justum

2013 3682 2305 3754 iudicabit,
2339 3698 2409 3738 ne
2437 3689 2495 3738 et
2519 3682 2638 3752 ipse
2675 3697 2896 3753 quoque
2923 3682 2978 3737 in
3006 3692 3293 3753 peccatum
3324 3685 3601 3743 inciderit.

2087 3773 2256 3830 Vens.
2294 3775 2344 3828 7.
2387 3773 2546 3829 Pluet
2579 3784 2739 3844 super
2762 3786 3064 3843 peccatores
3102 3776 3341 3848 laqueos,
3375 3777 3512 3849 ignis
3552 3788 3604 3834 et

2014 3865 2236 3934 sulphur
2267 3874 2318 3919 et
2351 3865 2572 3933 spiritus
2602 3867 2982 3935 procellarum,
3021 3884 3146 3936 pars
3178 3870 3361 3925 colicis
3395 3883 3600 3927 eorum.

2013 3958 2170 4014 Calix
2195 3957 2450 4030 graviora
2480 3958 2806 4029 plerumque
2837 3961 3106 4030 supplicia
3129 3962 3425 4032 signiﬁcat,
3459 3972 3518 4019 ut
3543 3964 3602 4021 in

2012 4044 2154 4106 Isaia
2190 4070 2205 4106 :
2255 4048 2521 4121 Exsurge,
2542 4062 2787 4120 exsurge,
2811 4049 3133 4116 Jerusalem,
3157 4069 3276 4123 quas
3303 4051 3484 4109 bibisti
3511 4073 3602 4112 ca-

2011 4143 2165 4198 licem
2195 4143 2385 4209 ruince,
2431 4141 2682 4208 poculum
2711 4143 2807 4198 ira:
2829 4145 2871 4197 ³.
2905 4140 3158 4199 Ieremia:
3200 4161 3422 4216 quoque
3461 4149 3599 4204 dicit

2013 4235 2156 4290 Deus
2187 4253 2200 4290 :
2228 4233 2388 4288 Sume
2417 4233 2597 4288 uinum
2638 4246 2743 4288 non
2781 4232 3009 4287 dilutum
3052 4233 3117 4288 de
3165 4251 3328 4289 manu
3369 4255 3505 4303 mea,
3545 4249 3599 4294 et

2009 4327 2217 4397 potabis
2240 4341 2306 4381 ea:
2331 4343 2391 4380 eo
2421 4339 2600 4381 omnes
2618 4335 2816 4397 gentes,
2852 4327 2921 4380 ad
2960 4342 3093 4397 quas
3118 4343 3210 4400 ego
3240 4330 3449 4384 mittam
3480 4341 3530 4387 te
3550 4333 3592 4388 ⁸.

2010 4420 2201 4488 Qualis
2224 4426 2310 4475 est
2341 4419 2486 4474 calix
2513 4417 2580 4474 de
2603 4434 2714 4490 quo
2737 4420 2852 4489 jam
2884 4421 3086 4492 agitur,
3125 4422 3293 4494 cujus
3313 4424 3596 4495 plenitudo

319 4477 639 4536 ἀποστελῶ
668 4499 761 4538 σε.
801 4486 1014 4543 ὐποϊον
1041 4491 1101 4545 τὸ
1129 4495 1490 4567 προκείμενον
1530 4503 1812 4575 ποτήριον,
1845 4499 1906 4560 οὗ

320 4570 371 4588 _.
426 4569 474 4588 ,.
498 4573 510 4588 .
596 4586 598 4588 .
774 4576 801 4588 υ
945 4581 956 4588 -
997 4582 1014 4588 -
1055 4586 1074 4588 μ

2018 4477 2153 4587 ᾆηίε
2206 4521 2262 4568 et
2311 4512 2544 4583 sulphUr
2600 4477 2656 4567 et
2704 4477 2946 4582 spiritui:
2984 4477 3384 4584 procellarum;
3431 4519 3594 4588 cujus

317 4570 380 4666 eo
412 4569 687 4666 πλήρωμα
727 4576 839 4649 πῦρ
873 4581 966 4634 καὶ
993 4582 1154 4650 θεῖον,
1188 4590 1282 4642 καὶ
1311 4589 1531 4663 πνεῦμα
1560 4569 1904 4666 καταιγίδοςο

317 4655 471 4762 aii-8:},
512 4666 754 4762 613pth
775 4670 844 4762 τὰ
875 4674 1018 4728 κατὰ
1054 4669 1302 4749 Σοδόμων
1341 4655 1911 4762 ἐπενεχθέντα.’Δηλοϊ

258 4775 264 4784 ·
316 4752 373 4850 se
398 4745 614 4850 16-1159
645 4758 744 4832 τὴν
784 4760 1126 4829 διακαΰσεως
1153 4745 1406 4842 ἀπειλὴν,
1435 4745 1594 4827 τίδὲ
1635 4774 1778 4830 θεῖον

315 4842 688 4918 διεγείρουσαν
736 4851 816 4905 ἔτι
871 4852 1071 4922 μᾶλλον
1128 4856 1188 4910 τὸ
1243 4859 1356 4932 πῦρ
1405 4862 1683 4937 ἀφορμὴν,
1736 4867 1798 4922 τὸ
1848 4842 1908 4923 δὲ

315 4937 535 5009 πνεῦμα
556 4939 655 5010 τῆς
679 4945 1006 5014 καταιγίδος,
1033 4951 1340 5022 πειρασμοῦ
1375 4959 1701 5029 συστροφήν.
1729 4960 1900 5033 Εἴρη-

315 5040 404 5083 ται
443 5030 554 5102 γὰρ
581 5034 638 5087 ἐν
680 5036 874 5109 Ἡσαΐᾳ
893 5054 906 5070 ·
956 5039 1048 5106 Ὡς
1081 5044 1353 5113 καταιγὶς
1384 5044 1460 5098 δι’
1494 5047 1719 5118 ἐρήμου
1751 5030 1901 5108 διέλ-

315 5125 406 5216 θοι
428 5122 722 5216 ἐρχομένη
746 5128 958 5199 ἐτγύς’
988 5133 1243 5203 φοϐερὸν
1270 5136 1336 5190 τὸ
1369 5138 1560 5209 ὅραμα
1583 5142 1684 5196 καὶ
1715 5151 1904 5216 σκλη-

308 5213 425 5281 ρὸν
450 5215 755 5288 ἀνηγγέλη
783 5239 902 5289 μοι.
938 5224 1093 5278 Ἔστι
1114 5225 1170 5279 δὲ
1194 5228 1289 5281 καὶ
1319 5232 1434 5294 τοῖς
1459 5233 1711 5290 εὐσεϐέσι
1733 5213 1902 5311 ποτήί-

318 5321 432 5377 ριον
467 5307 530 5360 τὸ
575 5309 845 5380 μεθύσκον
887 5313 962 5379 ὡς
1007 5317 1317 5387 κράτιστον,
1349 5325 1479 5394 περὶ
1521 5319 1582 5379 οὗ
1619 5327 1761 5398 τάχα
1805 5307 1901 5384 κᾶ-

313 5400 462 5454 κεῖνο
499 5400 778 5458 λέλεκται·
827 5406 1038 5475 Κύριος
1064 5411 1102 5478 ἡ
1132 5411 1304 5480 μερὶς
1339 5412 1450 5482 τῆς
1494 5421 1897 5490 κληρονομίας

307 5507 428 5558 μου
462 5493 561 5547 καὶ
605 5496 712 5550 τοῦ
751 5500 1058 5566 ποτηρίου.
1093 5503 1202 5556 Καὶ
1242 5504 1311 5557 δι’
1358 5506 1535 5579 ἔργων
1581 5512 1800 5580 ἀγαθῶν
1834 5515 1897 5568 τὸ

315 5582 417 5656 μὲν
444 5590 654 5655 φυγεῖν,
687 5589 747 5642 τὸ
777 5590 832 5644 δὲ
867 5593 1217 5664 αἱρήσασθαι.

384 5679 429 5712 ’³
473 5679 631 5735 Rom.
669 5700 783 5750 xu,
819 5685 907 5740 19.

313 5746 381 5808 I.
416 5750 470 5802 2.
548 5746 889 5822 “.Psalﬁxv,
926 5757 979 5813 5.

2010 4621 2144 4662 sane
2174 4604 2422 4676 symbols
2451 4619 2515 4658 ea
2547 4602 2666 4674 ipsa
2699 4610 2828 4659 sunt
2856 4619 2979 4675 quae
3008 4613 3202 4661 contra
3233 4607 3470 4664 Sodoma
3489 4610 3594 4664 im-

2009 4697 2181 4753 missa
2210 4695 2382 4751 fuere.
2429 4693 2640 4750 lndicat
2672 4711 2840 4766 porro
2876 4696 3021 4767 ignis
3061 4699 3299 4754 incendii
3347 4715 3412 4757 ac
3455 4703 3592 4758 adu-

2009 4789 2207 4844 stionis
2244 4787 2463 4842 minas:
2491 4785 2744 4856 sulphur,
2787 4785 2930 4855 ignis
2965 4787 3289 4854 fomentum,
3326 4805 3437 4861 quo
3463 4793 3590 4863 plus

2013 4880 2352 4947 exardescit;
2383 4878 2613 4950 spiritus
2652 4879 3040 4949 procellarum,
3082 4881 3407 4937 tentationis
3454 4899 3590 4940 con-

2006 4974 2339 5029 versionem.
2373 4972 2435 5025 In
2466 4971 2605 5026 Isaia
2642 4986 2881 5043 namque
2900 4971 3104 5026 dicitur
3131 4991 3144 5027 :
3175 4971 3324 5028 Sicut
3353 4977 3587 5044 procella

2003 5081 2096 5137 per
2120 5065 2385 5120 desertum
2414 5065 2802 5134 pertransierit,
2835 5079 2994 5134 prope
3016 5063 3265 5121 accedens
3290 5080 3308 5119 :
3335 5067 3586 5123 terribilis

2003 5160 2136 5214 uisio
2164 5168 2214 5213 et
2244 5158 2380 5212 dura
2406 5159 2655 5212 nuntiata
2684 5156 2813 5211 mihi
2840 5167 2918 5211 est
2937 5158 2980 5212 ⁵.
3015 5157 3126 5212 Piis
3146 5175 3363 5229 quoque
3391 5160 3589 5215 homi~

2003 5253 2169 5307 nibus
2200 5252 2343 5306 calix
2393 5251 2675 5306 inebrians
2710 5266 2873 5321 quam
2905 5252 3346 5320 potentissimus,
3378 5253 3447 5310 de
3473 5272 3584 5326 quo

2003 5343 2241 5399 fortasse
2284 5343 2488 5398 dicitur
2515 5362 2528 5397 :
2556 5343 2818 5396 Dominus
2849 5355 2975 5411 pars
3016 5343 3343 5399 Itazreditatis
3375 5363 3504 5401 mea!
3533 5357 3582 5402 et

2003 5437 2185 5491 calicis
2217 5437 2317 5491 mei
2339 5438 2381 5492 ⁸.
2416 5437 2494 5490 Ac
2527 5452 2626 5508 per
2668 5443 2816 5492 recte
2861 5435 3007 5490 facta
3042 5436 3299 5493 vitandus
3339 5438 3450 5505 ille,
3487 5439 3579 5496 hic

2001 5527 2411 5598 amplectendus
2438 5536 2543 5583 est.

988 5696 1002 5718 ι
1044 5687 1204 5744 Rom.
1243 5707 1364 5760 vm,
1412 5697 1503 5752 55.
1579 5701 1600 5732 ³
1638 5696 1784 5756 Psal.
1821 5715 1916 5759 CX]

2052 5702 2106 5766 ’1.
2182 5704 2202 5737 ³
2228 5705 2359 5763 -lsa.
2392 5723 2480 5775 LI,
2520 5709 2705 5796 I71}
2740 5701 2854 5766 Jer.
2895 5723 3038 5776 xxv,
3080 5709 3160 5765 ιδ.
3239 5712 3260 5744 ⁵
3302 5711 3405 5768 lsa.
3448 5725 3575 5778 nt,

389 5845 465 5916 μ)
513 5843 925 5915 Εἰσπτώσεως.
956 5851 1120 5908 Forte
1155 5855 1502 5922 ἐκπτώσεως.
1532 5857 1696 5929 LXX,
1731 5858 2007 5927 πτώσεως.
2037 5863 2195 5921 Εοιτ.

626 5942 826 6004 Pun.
861 5940 978 6004 Gn.
1024 5943 1274 6012 XXIII.

3255 5962 3295 6023 5
