4096 6388
496 342 619 403 ⁸159

584 457 751 513 νέης.
794 457 847 512 8.
888 457 1153 525 Quoniam
1188 461 1368 528 justus
1423 458 1716 524 Dominus,
1759 469 1808 512 et
1850 459 2085 527 iustitias
2114 464 2165 517 Α

512 542 719 613 dilexit,
750 550 1051 620 (equitatem
1078 549 1206 603 vidit
1239 550 1414 604 vultus
1436 551 1570 619 ejus.
1617 550 1750 603 Nam
1784 557 1969 620 utpote
1997 550 2088 618 ju-

513 643 632 696 Stus
655 644 951 710 pauperem
986 641 1225 709 respicit,
1258 649 1574 709 peccatores
1602 642 1849 711 corripit.
1880 639 2088 693 Natura

492 737 695 784 "autem
743 744 866 791 sua,
924 744 1031 783 non
1076 731 1497 800 participatione
1542 731 1727 798 justus
1762 739 1868 786 est.
1915 732 2088 785 (ἐπιε-

511 834 633 872 rum
674 832 801 873 cum
849 818 924 871 ita
971 834 1031 874 se
1081 819 1300 881 habeat,
1329 819 1596 887 justitias,
1648 837 1769 890 qua:
1801 822 1855 875 in
1898 822 2086 877 multis

512 910 700 978 probis
732 909 868 967 viris
905 911 1273 981 reperiuntur,
1301 911 1499 981 diligit,
1543 928 1607 966 ac
1652 919 1925 984 cujusque
1959 929 2087 983 pro-

513 999 755 1068 positum
792 1003 1077 1072 approbat.
1124 1001 1367 1074 Singulis
1411 1020 1545 1060 sane
1574 1004 1802 1075 judiciis
1838 1007 2085 1076 quaedam

508 1090 725 1159 justitia
774 1092 1154 1149 inestunulta
1197 1103 1380 1150 autem
1429 1105 1559 1153 sunt
1600 1098 1807 1167 judicia
1854 1097 1972 1162 Dei,
2018 1099 2086 1154 de

511 1183 714 1253 quibus
745 1185 1009 1256 scriptum
1045 1197 1168 1242 est:
1207 1186 1422 1243 Iudicia
1466 1188 1680 1243 Domini
1709 1204 1853 1251 uera,
1879 1190 2086 1260 justifi-

509 1283 635 1327 aata
684 1276 740 1329 in
781 1278 1134 1346 ‘semetipsa'.
1202 1279 1384 1334 Multae
1442 1282 1608 1350 igitur
1654 1284 1883 1351 iustitiae
1933 1290 2079 1337 sunt.

512 1366 849 1438 JEquitatem
883 1387 1103 1442 quoque
1160 1374 1336 1436 videt,
1389 1374 1643 1429 videlicet
1693 1390 1881 1431 sanam
1928 1374 2083 1430 verbi

512 1463 841 1516 sententiam
887 1471 942 1517 et
986 1463 1294 1519 doctrinam
1322 1486 1334 1520 :
1361 1468 1559 1536 gaudet
1600 1469 1801 1538 quippe
1850 1467 1917 1521 de
1961 1469 2084 1536 ejus

509 1558 837 1629 cultoribus,
878 1559 1093 1615 etiamsi
1119 1560 1298 1616 videat
1338 1577 1433 1617 eos
1474 1561 1740 1617 conviciis
1774 1567 1829 1615 et
1859 1560 2085 1615 maledi-

508 1650 618 1705 ctis
658 1650 958 1721 impetitos.
994 1650 1282 1721 Nunquam
1322 1663 1502 1707 autem
1539 1653 1724 1723 plures
1774 1652 2080 1723 aequitatcs,

507 1738 738 1807 perinde
761 1747 926 1810 atque
946 1738 1177 1810 justitia:
1208 1742 1261 1795 in
1291 1741 1515 1811 judiciis
1547 1741 1755 1805 multae,
1789 1740 2081 1795 habentur.

1181 346 1448 401 EUSEBII
1483 345 1966 402 CESARIENSIS
2001 342 2155 400 OPP.
2195 339 2376 394 PARS
2434 341 2519 394 lli.
2561 373 2631 383 —
2668 338 3080 394 EXEGETICA.

3662 294 3815 389 tto‘

2263 453 2382 507 Ὀτι
2433 454 2662 520 δίκαιος
2701 456 2914 522 Κύριος
2957 454 3054 507 καὶ
3097 453 3482 518 δικαιοσύνας
3529 451 3763 520 ἠγάπη-

2188 562 2323 614 σεν,
2348 549 2642 613 εὐθύτητα
2680 543 2801 600 εἶδε
2828 547 2893 599 τὸ
2925 548 3249 612 πρόσωπον
3280 546 3485 599 αὐτοῦ.
3529 546 3616 608 Ὠς
3655 546 3764 615 γὰρ

2187 640 2394 701 δίκαιος
2425 639 2701 691 meum
2737 639 2834 708 μὲν
2872 639 2962 690 τὸν
2997 638 3224 707 πένητα,
3269 637 3511 690 παιδεύει
3551 637 3606 689 δὲ
3636 639 3764 701 τοὺς

2190 727 2573 800 ἀμαρτωλούς’
2631 729 2788 800 ούσίᾳ
2838 728 2895 781 δὲ
2941 728 3147 790 δίκαιός
3197 729 3365 785 ἐστιν.
3416 728 3477 780 οὐ
3536 732 3760 799 μετοχῇ.

2190 822 2335 893 Πλὴν
2364 823 2459 875 καὶ
2484 822 2654 885 οὕτως
2686 821 2826 890 ἔχων
2868 820 3058 889 ἀγαπᾷ
3084 818 3182 882 τὰς
3207 820 3264 871 ἐν
3293 821 3404 881 τοῖς
3437 818 3650 881 πολλοῖς
3682 820 3763 872 δι-

2190 914 2363 977 καίοις
2395 913 2758 976 δικαιοσύνας,
2791 912 2887 982 τὴν
2918 910 3148 964 ἑκάστου
3199 910 3454 982 πρόθεσιν
3504 911 3765 982 ἀποδεχὸ-

2191 1022 2368 1077 μενος.
2407 998 2565 1057 Ἀλλὰ
2607 997 2699 1057 καὶ
2740 1002 2969 1057 ἑκάστου
2996 1001 3263 1079 κρίματος
3291 1003 3407 1055 ἐστί
3439 1020 3523 1066 τις
3567 1003 3766 1056 δικαιο-

2190 1098 2320 1169 σύνη
2342 1115 2355 1128 ⁸
2391 1098 2561 1152 πολλὰ
2600 1097 2657 1150 δὲ
2685 1098 2753 1151 τὰ
2784 1096 3028 1165 κρίματα
3059 1095 3154 1148 τοῦ
3200 1094 3354 1159 Θεοῦ,
3399 1096 3527 1167 περ)⁸
3557 1089 3633 1148 ὧν
3679 1093 3765 1164 γέ-

2186 1208 2462 1262 γραπται*
2506 1191 2582 1244 Τὰ
2612 1190 2863 1258 κρίματα
2910 1189 3128 1255 Kvplov
3169 1188 3423 1253 ἀληθινὰ
3467 1187 3764 1242 δεδικαιω-

2182 1285 2335 1353 μένα
2368 1284 2466 1336 ἐπὶ
2511 1282 2577 1335 τὸ
2612 1283 2778 1336 αὑτό.
2818 1274 3017 1333 Πολλαὶ
3046 1282 3153 1350 ἄρα
3184 1281 3276 1333 καὶ
3308 1282 3362 1332 αἱ
3405 1280 3756 1335 δικαιοσύναι.

2187 1376 2381 1429 Βλέπει
2408 1376 2466 1429 δὲ
2499 1376 2596 1429 καὶ
2645 1374 2935 1445 εὐθύτητα,
2978 1374 3079 1445 τὴν
3123 1375 3256 1444 πρὸς
3300 1374 3389 1427 τὸν
3416 1374 3572 1445 ὀρθὸν
3606 1376 3764 1445 λόγον

2186 1467 2409 1539 γνώμην
2428 1486 2441 1497 ⁸
2472 1469 2653 1538 χαίρει
2687 1467 2793 1538 γὰρ
2818 1467 2911 1520 ἐπὶ
2942 1469 3053 1529 τοῖς
3082 1467 3283 1536 ἔχουσι,
3320 1467 3422 1521 κᾶν
3447 1467 3765 1540 ὀνειδιζομέο

2186 1577 2309 1623 νους
2333 1562 2454 1631 δρᾷ.
2493 1562 2717 1630 Μήποτε
2747 1560 2803 1613 δὲ
2829 1559 2905 1622 ὡς
2935 1559 3123 1612 πολλαὶ
3153 1558 3487 1614 δικαιοσύναι
3526 1558 3616 1614 ἐπὶ
3653 1565 3764 1627 τοῖς

2186 1652 2465 1723 κρίμασιν,
2500 1651 2671 1715 οὕτως
2715 1650 3024 1721 εὐθύτητες.
3073 1651 3168 1704 Διὰ
3215 1650 3271 1703 δὲ
3311 1652 3370 1704 τὸ
3407 1651 3761 1723 ἀποδέχεσθαι

2185 1745 2284 1816 τὴν
2312 1739 2601 1814 εὐθύτητα,
2637 1744 2698 1797 τὺ
2728 1744 3016 1816 πρόσωπον
3045 1746 3208 1799 αὐτοῦ
3230 1746 3350 1817 ὁρᾷ.
3390 1747 3761 1815 Ἐπιφαίνεται

509 1826 709 1886 Vultus
740 1846 869 1885 vero
887 1833 1008 1899 ejus
1041 1832 1163 1888 ideo
1191 1835 1502 1905 aequitatem
1535 1834 1704 1901 videt,
1739 1833 1867 1902 quia
1908 1833 2083 1901 ipsam

2187 1813 2293 1909 γάρ
2317 1837 2506 1909 παρὼν
2532 1840 2561 1892 ὁ
2599 1836 2729 1901 Θεὸς
2756 1813 2868 1901 τοῖς
2894 1839 3075 1909 ἔργοις
3104 1838 3204 1910 τῆς
3239 1813 3493 1911 προνοίας
3524 1813 3617 1894 παὶ
3648 1843 3763 1897 τοῖς

508 1922 795 1992 approbat.
828 1923 962 1978 Nam
1012 1923 1156 1980 Deus
1185 1938 1430 1996 praesens
1474 1940 1599 1983 esse
1633 1927 2083 1997 deprehenditur,

506 2025 633 2066 eum
663 2012 1018 2083 providentiae
1037 2017 1320 2086 operibus,
1355 2027 1474 2072 tum
1503 2016 1703 2075 eﬂectu
1727 2018 2082 2090 iudiciorum.

944 2125 1271 2185 PSALMUS
1312 2126 1520 2185 DAVID
1554 2117 1652 2187 'XI.

932 2238 985 2295 1.
1041 2240 1107 2296 1η
1131 2243 1309 2312 ﬁnem,
1330 2259 1426 2313 pro
1455 2253 1659 2299 octava.

582 2347 659 2404 Ea
694 2350 812 2422 ipsa
844 2360 931 2410 est
951 2371 1075 2425 qua:
1106 2358 1301 2427 psalmi
1331 2360 1470 2414 sexti
1498 2359 1785 2429 inscriptio
1809 2358 1907 2433 (1).
1937 2360 2086 2418 Dixi-

508 2458 635 2501 mus
667 2452 848 2501 autem
880 2447 1018 2502 solvi
1050 2449 1221 2520 legem
1246 2446 1472 2522 Moysis,
1511 2452 1560 2508 si
1594 2468 1729 2523 puer
1760 2451 1997 2509 ducatur
2029 2456 2086 2510 in

510 2535 751 2592 babbato
801 2536 1348 2615 [circumcidendus,]
1384 2543 1605 2614 quando
1660 2544 1805 2601 diem
1842 2546 2084 2602 circum-

507 2630 736 2688 eisionis
781 2638 1033 2688 octavam
1083 2633 1141 2688 in
1177 2635 1296 2705 ipso
1347 2633 1545 2691 cadere
1591 2637 1863 2708 contingit
1898 2656 1911 2692 :
1941 2653 2086 2693 eam-

507 2722 740 2795 demque
774 2725 882 2780 vim
917 2735 974 2780 et
1002 2728 1373 2797 praestantiam
1416 2728 1620 2784 habere
1650 2729 1795 2784 diem
1831 2727 2082 2795 Domini-

505 2830 649 2880 cnm,
678 2832 802 2887 qua:
834 2817 1051 2873 Domini
1085 2819 1491 2876 resurrectione
1519 2820 1863 2888 nobilitatur,
1888 2831 2083 2894 estque

507 2918 536 2957 ι
576 2905 754 2975 primo
787 2906 899 2973 die,
945 2915 1158 2965 octava.
1207 2908 1275 2963 Et
1305 2909 1425 2979 ipsa
1474 2924 1694 2980 quoque
1735 2920 1935 2967 natura
1982 2929 2083 2970 sua

503 2996 682 3066 prima
710 2997 961 3067 habetur,
986 2999 1115 3071 quia
1144 3000 1202 3055 in
1233 2999 1426 3057 eadem
1453 3016 1647 3058 omnes
1674 3003 1871 3060 animae
1888 3021 2082 3061 emun-

508 3088 730 3141 dantur.

2187 1930 2585 2001 ἀποτελέσμασι
2614 1929 2721 1983 τῶν
2751 1930 3054 2002 χριμάτων.

2572 2126 2862 2182 ΨΑΛΜΟΣ
2895 2127 2983 2181 ΤΩ
3024 2128 3223 2182 ΔΑΥΙΔ
3269 2131 3370 2183 ῐΑο.

2466 2241 2571 2307 Εἰς
2602 2240 2667 2293 τὸ
2704 2243 2877 2308 τέλος
2924 2241 3055 2310 περὶ
3087 2241 3198 2310 τῆς
3242 2244 3476 2314 ὀγδόης.

2270 2355 2335 2409 Ἡ
2375 2355 2510 2428 αὐτή
2544 2358 2659 2409 ἐστι
2696 2360 2761 2428 τῇ
2794 2357 2887 2411 τοῦ
2925 2364 2976 2423 ς’
3024 2359 3324 2430 ἐπιγραφή.
3366 2357 3650 2428 Ἐλέγομεν
3682 2356 3759 2421 δὲ,

2186 2445 2261 2511 ὡς
2305 2447 2399 2502 καὶ
2429 2447 2520 2501 τὸν
2553 2449 2715 2519 νόμον
2748 2448 2864 2501 λύει
2906 2449 3201 2513 Μωῢσέως,
3237 2451 3284 2501 εἰ
3322 2450 3443 2516 ἄγοι
3474 2448 3670 2519 βρέφος
3703 2450 3763 2500 ὲν

2186 2538 2473 2610 Σαδῶάτῳ,
2502 2540 2714 2612 ἡμέραν
2738 2541 2931 2610 ὀγδόην
2962 2541 3059 2610 τῆς
3102 2541 3399 2611 περιτομῆς
3425 2542 3482 2593 ὲν
3508 2541 3643 2611 αὐτῇ
3675 2557 3763 2608 για

2186 2631 2433 2703 νομὲνης.
2465 2631 2576 2703 Τὴν
2608 2632 2796 2703 ὁμοίαν
2821 2632 2963 2703 ἔχειν
2992 2632 3247 2702 ἐλέγομεν
3286 2632 3512 2702 δύναμιν
3539 2633 3631 2685 καὶ
3660 2631 3765 2699 τὴν

2186 2724 2491 2794 Κυριακὴν,
2524 2726 2622 2795 τὴν
2653 2726 3018 2794 ἀναστάσιμον
3058 2721 3222 2778 οὖσαν
3263 2724 3358 2777 τοῦ
3394 2725 3621 2797 Κυρίου,
3668 2726 3764 2778 καὶ

2182 2817 2559 2903 τυγχάνουσαν,
2597 2817 2704 2871 ἀπὸ
2754 2818 2853 2890 τῆς
2910 2816 3135 2890 πρώτης
3179 2818 3390 2889 ὀγδόην,
3437 2816 3657 2887 πρώτην
3706 2817 3765 2872 δὲ

2183 2909 2325 2965 κατὰ
2354 2909 2513 2981 φύσιν
2543 2909 2892 2981 ὑπάρχουσαν
2914 2927 2928 2942 ·
2959 2908 3264 2981 καθαρτικὴ
3301 2909 3412 2981 γάρ
3439 2912 3553 2963 ἐστι
3580 2908 3764 2978 πάσης

2181 3002 2379 3073 ψυχῆς.

580 3178 747 3235 Vens.
771 3181 826 3246 2,
852 3183 906 3237 ὅ.
945 3181 1164 3239 Salvum
1184 3198 1265 3239 me
1283 3184 1391 3253 fac,
1410 3183 1654 3250 Domine,
1678 3186 1929 3257 quoniam
1949 3189 2086 3259 defe-

2258 3176 2467 3234 Σῶσόν
2508 3195 2606 3247 με,
2652 3174 2848 3245 Κύριε,
2904 3173 2993 3227 ὅτι
3042 3172 3399 3227 ἐκλέλοιπεν
3438 3169 3628 3235 ὅσιος,
3677 3168 3768 3223 ὅτι

507 3275 579 3328 cit
606 3283 842 3340 sanctus,
879 3276 1126 3346 quoniam
1155 3276 1434 3332 diminutte
1462 3288 1587 3332 sunt
1614 3280 1860 3335 veritates
1892 3297 1927 3333 a
1954 3281 2086 3351 ﬁliis

507 3366 798 3424 hominum.
853 3367 1006 3423 Vana
1035 3368 1195 3442 locuti
1240 3379 1365 3423 sunt
1409 3371 1765 3440 unusquisque
1807 3370 1875 3425 ad
1904 3372 2087 3441 proxi-

507 3472 652 3512 mum
698 3475 877 3521 suum,
924 3457 1069 3514 labia
1107 3461 1297 3515 dolosa
1334 3461 1389 3515 in
1428 3461 1605 3530 corde,
1647 3472 1697 3517 et
1737 3464 1892 3518 corde
1924 3464 2089 3518 locuti

506 3554 653 3600 sunt.
689 3545 884 3602 Totam
915 3548 1063 3604 illam
1103 3550 1192 3605 sui
1236 3552 1503 3620 temporis
1530 3554 1938 3622 generationem
1974 3555 2086 3609 cri-

510 3637 754 3694 minatur
790 3659 802 3695 :
833 3655 960 3695 nam
999 3642 1055 3696 in
1093 3643 1450 3713 sequentibus
1481 3646 1669 3702 dicet:
1699 3646 1801 3713 Tu,
1840 3647 2084 3714 Domine,

508 3730 742 3786 servabis
778 3748 872 3787 nos
905 3743 956 3787 et
1002 3735 1266 3791 custodies
1315 3753 1411 3792 nos
1458 3755 1492 3792 a
1536 3742 1871 3809 generatione
1898 3744 1998 3796 hac
2032 3744 2088 3797 in

511 3831 791 3878 internum.
841 3824 988 3882 Talis
1037 3828 1183 3882 enim
1237 3838 1323 3886 est
1366 3831 1517 3901 prior
1543 3832 1634 3885 illa
1678 3835 1981 3902 generatio.
2018 3836 2088 3891 de

509 3920 619 3981 dua
660 3913 906 3972 Salvator
937 3918 1052 3974 haec
1084 3919 1278 3974 eﬂ'atur
1307 3940 1322 3977 :
1366 3921 1478 3977 Viri
1509 3922 1765 3980 Ninivita:
1787 3936 2001 3997 surgent
2030 3928 2086 3981 in

507 4007 709 4076 iudicio
738 4026 856 4063 cum
881 4013 1215 4081 generatione
1248 4014 1367 4081 hac,
1391 4023 1441 4069 et
1470 4015 1893 4072 condemnabam
1918 4036 2035 4073 eam
2063 4031 2086 4074 :

507 4112 558 4156 et
603 4103 782 4172 regina
818 4104 1072 4170 Austri",
1114 4113 1168 4162 et
1200 4112 1421 4174 caetera,
1464 4115 1519 4163 et
1558 4124 1778 4164 rursum
1810 4129 1824 4165 :
1854 4109 1944 4165 Sic
1984 4112 2087 4166 erit

511 4197 838 4268 generationi
866 4214 1090 4267 nequam
1120 4199 1243 4253 huic
1264 4199 1308 4255 ’.
1340 4198 1529 4270 Neque
1556 4200 1760 4271 iniuria
1795 4202 1969 4272 ipsam
1993 4218 2085 4257 ac-

507 4302 667 4353 cuso,
709 4291 788 4344 ait
817 4289 1123 4362 Propheta;
1159 4293 1255 4348 sed
1286 4293 1414 4364 quia
1445 4308 1607 4349 nemo
1634 4305 1861 4350 sanctus
1887 4296 1938 4350 in
1971 4296 2084 4360 illa,

507 4390 674 4433 nemo
724 4394 908 4434 verax.
968 4379 1425 4453 Quandoquidem
1479 4385 1645 4455 igitur
1691 4386 1900 4440 nullum
1955 4388 2086 4442 mihi

2185 3267 2575 3337 ὠλιτὼθησαν
2604 3268 2663 3318 al
2704 3264 2973 3330 ἀλήθειαι
3015 3261 3131 3315 ἀπὸ
3166 3260 3284 3313 τῶν
3319 3258 3465 3314 υἱῶν
3504 3257 3620 3311 τῶν
3660 3259 3767 3312 ἁν-

2188 3359 2452 3428 θρώπων.
2511 3356 2744 3412 Μάταια
2790 3356 3109 3422 ἐλάλησαν
3155 3353 3411 3416 ἕκαστος
3467 3349 3615 3417 πρὸς
3663 3349 3770 3402 τὸν

2189 3450 2456 3520 πλησίον
2501 3447 2711 3514 αὐτοῦ,
2760 3449 2933 3518 χείλη
2983 3446 3156 3500 δόλια
3195 3446 3263 3497 ἐν
3301 3443 3513 3513 καρδίᾳ
3553 3440 3651 3495 καί
3698 3442 3769 3493 ἐν

2188 3543 2405 3613 καρδίᾳ
2430 3541 2761 3611 ἐλάλησαν.
2810 3539 3093 3594 suam“
3127 3541 3306 3592 πᾶσαν
3348 3538 3448 3608 τὴν
3492 3535 3610 3588 καθ’
3640 3534 3767 3587 ἑαύ-

2187 3637 2281 3692 τδν
2304 3636 2527 3707 γενεάν·
2564 3634 2705 3700 λέξει
2732 3633 2840 3706 γὰρ
2883 3633 2976 3687 καὶ
3020 3631 3251 3704 προϊών·
3290 3629 3394 3692 Σὺ,
3432 3629 3630 3696 Κύριε,
3658 3645 3770 3695 φυ-

2187 3726 2394 3793 λάξεις
2428 3724 2585 3795 ἡμᾶς
2623 3724 2722 3779 καὶ
2769 3722 3147 3791 διατηρήσας
3176 3718 3333 3789 ημᾶς
3370 3720 3488 3774 ἀπὸ
3533 3718 3641 3785 τῆς
3672 3730 3765 3788 τε-

2187 3817 2328 3885 νεᾶς
2370 3820 2590 3884 ταύτης
2636 3817 2732 3871 καί
2777 3818 2867 3881 εὶς
2915 3816 3020 3868 τὸν
3059 3811 3260 3867 αἰῶνα.
3314 3811 3547 3882 Τοιαύτη
3586 3810 3695 3882 γὰρ
3730 3812 3765 3879 ὴ

2186 3910 2427 3984 προτέρα
2453 3909 2635 3979 γενεὰ,
2681 3908 2809 3979 περὶ
2835 3901 2903 3980 ἦς
2928 3906 3030 3977 ἔφη
3061 3907 3155 3959 καὶ
3190 3908 3219 3959 ὁ
3258 3906 3452 3975 Σωτήρ
3476 3920 3490 3934 ·
3528 3902 3770 3970 Ἄνδρες

2185 4002 2486 4057 Νινευῗται
2522 4001 2975 4066 ἀναστήσονται
3018 3999 3088 4049 ἐν
3126 3996 3199 4065 τῇ
3244 3998 3437 4064 κρίσει
3475 3995 3624 4064 μετὰ
3659 3992 3770 4061 τῆς

2186 4091 2395 4165 τενεᾶς
2443 4093 2683 4159 ταύτης,
2727 4089 2829 4145 καὶ
2878 4088 3345 4155 κατακρινοῦσιν
3393 4088 3620 4153 aberit“
3670 4084 3773 4140 καὶ

2182 4186 2525 4250 βασίλισσα
2544 4184 2755 4247 Νότου,
2788 4181 2883 4234 καὶ
2913 4179 2984 4233 τὰ
3016 4179 3143 4249 ἑξῆς
3162 4196 3175 4209 ·
3219 4178 3313 4232 καὶ
3358 4180 3519 4232 πάλιν
3558 4177 3729 4241 οὕτως
3749 4193 3766 4207 ⁸

2192 4280 2398 4331 Ἔσται
2435 4274 2509 4344 τῇ
2542 4274 2718 4344 γενεᾷ
2753 4272 2826 4341 τῇ
2858 4270 3091 4339 πονηρᾷ
3116 4273 3321 4341 ταύτῃ.
3351 4273 3465 4325 Οὐκ
3487 4271 3686 4332 ἀδίκως
3711 4270 3770 4323 δὲ

2188 4369 2391 4439 ταύτης
2424 4366 2737 4439 κατηγορῶ,
2769 4366 2934 4435 φησιν
2974 4366 3003 4417 ὁ
3032 4366 3352 4436 Προφήτηςο
3390 4363 3503 4417 ἀλλ’
3546 4365 3627 4415 ὅτι
3666 4380 3770 4432 μη-

508 4472 707 4526 salutis
757 4479 1037 4527 auctorem
1084 4474 1336 4542 invenio;
1390 4486 1445 4530 tu
1477 4476 1633 4537 mihi,
1670 4476 1918 4541 Domine,
1962 4481 2086 4535 talis

2189 4461 2301 4525 δεὶς
2324 4462 2468 4523 ὅσιος
2501 4461 2558 4511 ἐν
2589 4459 2745 4529 αὐτῇ,
2778 4457 2965 4529 μηδεὶς
2994 4456 3218 4527 ἀληθής.
3259 4457 3413 4509 Ἐπεὶ
3444 4452 3535 4509 οὖν
3566 4455 3773 4525 μηδένα

507 4569 647 4618 esto.
694 4561 890 4632 Arguit
934 4578 1099 4632 porro
1136 4562 1449 4620 Judzeorum
1505 4565 1964 4632 incredulitatem,
2019 4572 2087 4627 de

509 4654 712 4723 quibus
736 4655 839 4708 .ait
886 4653 1101 4725 Moyses
1127 4674 1143 4711 :
1174 4654 1331 4719 Filii,
1367 4656 1423 4710 in
1451 4657 1639 4725 quibus
1688 4658 1837 4712 nulla
1865 4658 1995 4726 ﬁdes
2019 4662 2080 4714 ¹⁰.

511 4744 669 4811 Quod
717 4753 898 4803 autem
946 4761 1089 4801 vana
1139 4747 1308 4802 locuti
1358 4747 1488 4811 sint,
1540 4747 1770 4804 insidias
1816 4748 2083 4808 Salvatori

508 4845 809 4902 struentes,
842 4847 1005 4909 atque
1034 4839 1225 4897 dolose
1263 4840 1643 4910 aggredientes
1683 4842 1867 4908 illum,
1883 4843 2087 4899 diserte

508 4928 839 4984 testiﬁcatur
864 4929 1283 5004 Euangeliorum
1317 4933 1611 5004 scriptura.

580 5108 752 5165 Vsus.
780 5109 835 5174 4,
866 5110 917 5164 5.
960 5110 1248 5180 Disperdat
1273 5108 1530 5165 Dominus
1553 5112 1797 5166 universa
1827 5110 1970 5168 labia
1989 5110 2086 5165 do-

510 5202 645 5267 losa,
690 5214 741 5257 et
765 5202 1002 5273 linguam
1038 5204 1450 5275 magnitoquam.
1482 5204 1585 5270 Qui
1622 5203 1871 5259 dixerunt
1909 5220 1927 5257 :
1959 5203 2086 5257 Lin-

506 5310 664 5364 guam
692 5303 928 5348 nostram
971 5295 1450 5365 magniﬁcabimus,
1482 5295 1628 5349 labia
1652 5305 1834 5349 nostra
1873 5312 1905 5348 a
1937 5293 2085 5348 nobis

507 5397 631 5441 sun:
655 5404 674 5441 :
698 5387 816 5457 quis
863 5396 1042 5441 noster
1066 5386 1322 5441 Dominus
1362 5389 1483 5442 est?
1526 5386 1620 5442 Dei
1650 5388 1819 5450 enim,
1853 5401 1963 5440 non
1989 5401 2088 5440 au-

507 5487 619 5532 tem
660 5478 923 5545 hominis,
960 5487 1081 5535 erat
1123 5494 1316 5536 eorum
1364 5480 1760 5551 malignitatem
1823 5491 2086 5547 superare

2193 4572 2283 4625 μοι
2302 4552 2572 4624 σωτηρίας
2592 4550 2762 4605 αἴτιον
2790 4550 3047 4621 εὑρίσκω,
3075 4549 3235 4612 αὑτός
3261 4566 3370 4619 μοι,
3396 4547 3588 4619 Κύριε.
3616 4546 3774 4600 τοῦτο

2185 4645 2367 4714 γενού.
2429 4643 2703 4714 Διελέγχει
2749 4642 2807 4695 δὲ
2863 4640 2970 4693 τῶν
3026 4640 3298 4693 Ἰουδαίων
3348 4640 3445 4710 τὴν
3491 4639 3770 4698 ἀπιστίαν,

2188 4739 2317 4809 περὶ
2343 4730 2418 4793 ὧν
2452 4750 2586 4807 φησι
2627 4736 2720 4789 καὶ
2752 4734 3022 4805 Μωῦσῆς·
3082 4733 3223 4797 Υἱοὶ,
3247 4729 3337 4798 οἷς
3378 4734 3488 4786 οὐκ
3516 4731 3647 4785 ἐστι
3678 4731 3772 4782 πί-

2186 4844 2321 4894 στις
2359 4828 2429 4880 ἐν
2452 4825 2677 4891 αὐτοῖς.
2718 4824 2837 4877 Ὀτι
2868 4824 2925 4877 δὲ
2961 4825 3165 4895 μάταια
3197 4823 3422 4877 ἐλάλουν
3455 4820 3773 4875 ἐπιϐουλεύ-

2186 4936 2340 4984 οντες
2376 4919 2455 4990 τῷ
2503 4920 2716 4990 Σωτῆρι
2755 4921 2848 4973 καὶ
2895 4917 3084 4981 δολίως
3127 4917 3276 4987 αὐτῷ
3323 4917 3771 4987 προσερχόμενοι,

2197 5010 2383 5082 σαφῶς
2414 5014 2448 5082 ἡ
2492 5010 2597 5064 τῶν
2630 5010 2976 5079 Εὐαγγελίων
3000 5008 3239 5063 διδάσκει
3258 5009 3463 5081 γραφή.

2274 5105 2733 5170 Ἐξολοθρεύσαι
2766 5103 2983 5170 Κύριος
3029 5101 3223 5154 πάντα
3256 5101 3327 5153 τὰ
3359 5100 3533 5169 χείλη
3569 5098 3640 5150 τὰ
3677 5095 3776 5150 δό-

2188 5200 2310 5259 λια,
2361 5194 2651 5266 γλῶσσαν
2688 5193 3200 5265 μετειιλορῥήμονα.
3262 5192 3408 5258 Τοὺς
3451 5190 3770 5254 εἰπόντας·

2194 5289 2314 5357 Τὴν
2361 5288 2651 5355 γλῶσσαν
2711 5288 2882 5358 ἡμῶν
2934 5286 3410 5356 μεμιυνοῦμεν,
3468 5283 3542 5336 τὰ
3596 5282 3772 5350 χείλη

2191 5380 2358 5451 ἡμῶν
2404 5382 2542 5449 παρ’
2587 5379 2757 5451 ἡμῶν
2796 5382 2964 5434 ἐστι⁸
3020 5379 3111 5444 τίς
3160 5376 3329 5447 ἡμῶν
3353 5376 3566 5443 Κύριός
3601 5375 3777 5436 eam:

2190 5473 2322 5528 Θεοῦ
2350 5473 2458 5545 γὰρ
2489 5468 2580 5544 ἦν,
2609 5474 2710 5526 οὐκ
2742 5471 3053 5545 ἀνθρώπου,
3091 5470 3193 5541 τῆς
3221 5468 3447 5523 ἐκείνων
3489 5463 3776 5539 περιγενό-

579 5636 601 5668 ⁷
638 5636 787 5693 Psal.
820 5652 989 5702 xvm,
1028 5637 1112 5692 10.
1188 5636 1211 5670 ⁸
1250 5636 1440 5694 Matth.
1477 5652 1576 5703 xu,
1608 5634 1699 5702 ιι,
1726 5630 1815 5687 42.
1891 5635 1912 5666 ⁹
1953 5631 2085 5687 ibid.

2187 5629 2216 5685 ἱ.
2298 5629 2342 5661 ¹⁶
2385 5629 2541 5685 Deut.
2576 5642 2748 5690 xxxu,
2782 5620 2874 5685 20.

577 5793 653 5867 (ι)
690 5792 824 5852 Vide
853 5809 1019 5867 supra
1045 5794 1184 5866 psal.
1218 5810 1295 5850 v1.
