4096 6388
387 353 485 409 ιιι

1514 342 2014 411 ΕΟΜΜΕΝΤΑΒΙΑ
2057 347 2126 408 ΙΝ
2162 350 2287 410 PSA
2297 346 2502 412 LMOS.

3528 340 3634 397 “2

388 474 511 526 σθαι
542 460 756 540 κακίας,
788 474 880 528 καὶ
914 474 1101 528 σϐέσαι
1155 454 1344 544 λόγους
1385 474 1839 548 βλασφημοῦντας
1874 477 1958 529 τὸν

2067 484 2122 530 et
2149 474 2465 545 blasphema
2497 472 2552 527 in
2584 470 2769 527 Iesum
2791 462 2957 523 verba
2987 442 3380 537 comprimere.
3401 452 3633 517 Perinde

400 565 623 637 Ἰησοῦν.
666 568 896 638 Ὁμοίως
921 567 977 620 δὲ
1006 567 1085 637 τῷ
1122 566 1321 637 Φαραὼ
1366 568 1627 639 φήσαντι·
1665 569 1786 621 Οὐκ
1826 563 1961 621 οἶδα

385 654 495 710 τὸν
550 659 784 726 Κύριον,
830 659 923 713 καὶ
974 660 1127 713 αὐτοί
1180 676 1343 730 φασι·
1402 661 1497 726 Τίς
1537 660 1707 730 ἡμῶν
1744 661 1960 727 Κύριός

384 745 552 811 ἐστι;
592 749 909 819 νομίσαντες
947 746 1084 803 εἶναι
1117 750 1295 821 κύριοι
1338 750 1426 803 διὰ
1468 750 1576 804 τῶν
1610 750 1755 804 ἰδίων
1788 751 1960 819 λόγων

385 835 484 909 τὴν
527 837 620 891 τοῦ
661 841 913 912 Σωτῆρος
960 841 1146 894 σϐέσαι
1192 841 1555 907 διδασκάλίαν,
1583 842 1658 906 ὼς
1700 842 1765 896 ἂν
1811 843 1961 907 ὄντες

385 928 738 997 αὐτεξούσιοι.
769 931 953 985 Ταῦτα
984 932 1043 986 δὲ
1085 928 1153 1004 ἦν
1176 932 1244 987 τά
1271 933 1577 1006 Φαρισαίων
1605 934 1696 988 καὶ
1738 934 1961 987 Σαδδου-

384 1020 553 1075 καίων
586 1022 758 1095 χείλη,
809 1023 926 1094 μεθ’
962 1024 1301 1096 ὑποκρίσεως
1347 1024 1678 1096 προσιόντων
1719 1023 1797 1094 τῷ
1843 1027 1959 1078 Σω-

381 1110 527 1183 τῆρι,
553 1114 645 1167 καὶ
676 1109 848 1167 Ρα66ὶ
872 1115 1174 1169 καλούντων
1206 1114 1385 1180 αὐτὸν,
1412 1115 1586 1186 λάθρα
1628 1114 1682 1167 δὲ
1716 1115 1835 1168 κατ’
1869 1116 1962 1168 αὐ-

380 1201 474 1254 τοῦ
500 1204 853 1274 τυρευόντων.
883 1206 1378 1277 Μεγαλοῤῥήμονες
1401 1206 1457 1259 δὲ
1480 1201 1620 1277 ἦσαν
1649 1206 1697 1258 oi
1732 1204 1962 1275 πρεσϐύ-

379 1310 528 1364 τεροι
567 1296 661 1348 καὶ
685 1297 732 1347 οἱ
775 1297 1051 1370 ἀρχιερεῖς
1078 1298 1172 1350 τοῦ
1212 1298 1365 1360 λαοῦ,
1401 1297 1710 1369 τολμῶντες
1738 1297 1962 1369 ἀνακρί-

380 1401 492 1438 νειν
519 1386 609 1440 τὸν
642 1389 870 1460 Σωτῆρα
907 1390 1000 1443 καὶ
1038 1389 1216 1458 λέγειν
1254 1390 1404 1462 αὐτῷ
1424 1408 1437 1420 ·
1487 1392 1589 1444 Ἔν
1618 1392 1760 1457 ποίᾳ
1791 1390 1962 1455 ἐξου-

379 1477 488 1543 σίᾳ
528 1478 713 1533 ταῦτα
764 1481 970 1547 ποιεῖς,
1020 1482 1119 1535 καὶ
1162 1482 1255 1548 τίς
1294 1497 1391 1535 σοι
1429 1481 1613 1535 ἔδωκε
1641 1481 1757 1549 τὴν
1790 1480 1962 1545 ἐξου-

379 1568 526 1621 σίαν
551 1570 778 1637 ταύτην
795 1586 814 1633 ;

452 1662 666 1717 Ἕνεκε
691 1662 805 1736 τῆς
843 1665 1243 1733 ταλαιπωρίας
1298 1662 1415 1717 τῶν
1446 1664 1696 1732 πτωχῶν
1726 1663 1825 1717 καὶ
1855 1660 1963 1717 τοῦ

378 1749 715 1825 στεναγμοῦ
745 1755 864 1810 τῶν
887 1756 1161 1823 πενήτων
1182 1756 1301 1810 νῦν
1330 1752 1773 1833 ἀναστήσομαι,
1794 1754 1959 1825 λέγει

377 1848 612 1916 Κύριος.
644 1847 913 1918 Θήσομαι
943 1850 1014 1902 ἐν
1053 1849 1342 1916 σωτηρίῳ,
1374 1847 1858 1917 παρρησιάσομαι
1890 1849 1960 1902 ἐν

377 1935 557 2002 αὐτῷ.
592 1938 664 1990 ’Ἡ
692 1937 786 1990 καὶ
811 1936 984 2000 οὕτως
1003 1956 1016 1969 ·
1054 1938 1118 1991 Οἱ
1149 1938 1354 2015 πτωχοὶ¹
1381 1938 1447 1991 δι’
1475 1938 1573 2008 ἐμὲ
1609 1938 1701 1990 καὶ
1728 1938 1960 2009 πένητες

379 2024 663 2101 γεγονότες
694 2029 772 2101 τῷ
819 2030 1086 2100 πνεύματι
1120 2031 1396 2085 στένουσιν
1425 2031 1510 2084 ἀεὶ
1548 2031 1961 2101 ταπεινούμενοι

378 2120 737 2191 προσέχοντες
764 2140 867 2192 μου
898 2122 975 2194 τῷ
1005 2123 1168 2193 λόγῳ,
1205 2124 1297 2176 καὶ
1328 2123 1507 2175 πίστιν
1540 2122 1730 2193 ἀκλινῆ
1763 2122 1960 2175 διασώ-

377 2208 564 2276 ζοντες
582 2231 597 2244 ο
627 2206 701 2265 ὧν
734 2214 917 2267 ἕνεκεν
942 2215 1337 2287 ἁναστήσομαι,
1370 2217 1463 2269 καὶ
1495 2214 1636 2268 κατὰ
1661 2216 1722 2267 τὸ
1750 2215 1958 2287 πρέπον

374 2304 441 2372 τῇ
503 2304 608 2374 ἐμῇ
662 2304 955 2358 ἀναστάσει
1006 2308 1272 2377 σωτήριον
1325 2308 1591 2377 στήσομαι
1647 2308 1812 2360 πᾶσιν
1866 2307 1963 2360 ἀνι

372 2392 646 2465 θρώποιςο
681 2397 765 2465 ἐφ’
803 2390 956 2468 ᾧπερ
983 2397 1058 2461 ὡς
1093 2398 1314 2469 μεγάλῳ
1350 2399 1798 2470 παρρησιάσομαι
1820 2415 1956 2452 κατ-

370 2481 672 2554 ορθώματι.

448 2576 527 2631 Τὰ
553 2578 727 2647 λόγια
775 2579 990 2646 Κυρίου
1017 2581 1193 2650 λόγια
1221 2578 1395 2650 ἁγνὰ,
1440 2582 1722 2650 ἀργύριον
1764 2594 1957 2635 πεπυ-

368 2667 658 2738 ρωμένον,
691 2668 965 2737 δοκίμιον
996 2668 1070 2737 τῇ
1117 2669 1215 2739 γῇ,
1252 2671 1765 2741 κεκαθαρισμένον
1790 2673 1960 2726 ἐπτα-

373 2760 664 2839 πλασίως.
709 2759 767 2813 '0
795 2761 853 2813 δὲ
882 2762 1122 2832 ἄργυρος
1167 2761 1423 2826 πολλάκις
1460 2764 1797 2835 πυρούμενος
1829 2765 1961 2834 ἀμι-

374 2848 477 2920 γὴς
505 2851 698 2922 ἑτέρας
727 2849 860 2921 ὕλης
911 2850 1096 2905 ἐστίν·
1144 2849 1287 2904 οὕτω
1327 2851 1543 2924 καθαρὰ
1588 2851 1818 2923 ψεύδους
1863 2850 1958 2907 τοῦ

383 2938 592 3013 Κυρίου
617 2942 687 2995 τὰ
733 2941 908 3012 λόγια.
1940 2960 1941 2963 ‘

448 3031 556 3092 Σὺ,
612 3032 810 3099 Κύριε,
867 3032 1162 3101 φυλάξεις
1218 3033 1375 3104 ’ἡμᾶς
1420 3035 1522 3090 καὶ
1573 3034 1959 3106 διατηρήσεις

2062 573 2224 636 atque
2261 565 2476 621 Pharao
2505 566 2640 620 dixit
2670 583 2686 618 :
2716 560 2841 616 Non
2874 559 2992 615 noui
3013 557 3303 613 Dominum
3331 556 3409 623 “;
3438 555 3550 624 jam
3591 551 3632 606 ii

2061 656 2270 724 dicunt,
2322 658 2453 725 Quis
2509 664 2685 711 noster
2728 638 2986 709 Dominus
3029 653 3148 706 est?
3194 649 3301 703 rati
3339 646 3633 702 verborum

2062 764 2285 803 suorum
2319 747 2576 809 eﬂicacia,
2617 760 2785 816 penes
2823 759 2883 798 se
2919 745 3248 812 potestatem
3278 752 3402 792 esse
3424 734 3636 790 exstin—

2064 838 2290 909 guendac
2321 836 2624 893 Salvatoris
2653 834 2938 901 doctrinae,
2971 830 3130 903 quasi
3160 826 3371 884 scilicet
3400 824 3505 895 ipsi
3549 823 3635 878 sui

2057 931 2202 1002 juris
2245 938 2300 986 et
2332 931 2544 985 arbitrii
2577 936 2783 986 essent.
2827 926 2955 981 Haec
2987 925 3105 995 ipsa
3139 929 3296 977 erant
3329 917 3634 972 Pharisaeo-

2062 1040 2184 1080 rum
2226 1034 2278 1098 et
2327 1024 2748 1080 Sadducazorum
2792 1020 2971 1085 labia;
3020 1016 3113 1087 qui
3158 1029 3281 1069 cum
3327 1007 3638 1066 dissimula-

2062 1118 2212 1173 tione
2243 1117 2581 1172 Salvatorem
2616 1116 2861 1178 adibant,
2897 1111 3072 1166 Rabbi
3119 1106 3535 1178 compellantes,
3580 1107 3635 1153 et

2062 1209 2202 1264 clam
2248 1210 2466 1264 interim
2498 1207 2963 1278 conspirationem
3014 1205 3070 1258 in
3119 1202 3271 1257 illum
3301 1197 3633 1254 conﬂabant.

2063 1301 2394 1373 Magniloqui
2439 1311 2619 1357 autem
2651 1308 2808 1355 erant
2838 1297 3083 1354 seniores
3126 1303 3181 1350 et
3213 1291 3489 1364 principes
3537 1303 3634 1343 sa-

2063 1395 2346 1450 cerdotum
2369 1392 2577 1465 p0puli,
2615 1392 2733 1446 ausi
2764 1388 3075 1461 percontari
3110 1373 3471 1445 Salvatorem,
3504 1379 3640 1450 ipsi-

2063 1503 2170 1556 que
2206 1486 2387 1563 dicere
2417 1505 2429 1540 :
2466 1484 2532 1539 In
2559 1501 2663 1555 qua
2696 1480 2952 1552 potestate
2993 1479 3102 1533 hazc
3131 1478 3288 1547 facis,
3323 1483 3373 1529 et
3406 1473 3524 1546 quis
3545 1471 3638 1524 de-

2063 1578 2143 1631 dit
2173 1578 2271 1630 tibi
2296 1576 2429 1631 hanc
2456 1573 2865 1647 potestatem“?

2135 1668 2301 1726 Vens.
2351 1669 2406 1724 6.
2459 1668 2685 1738 Propter
2724 1666 2993 1721 miseriam
3032 1658 3247 1731 inopum
3285 1667 3335 1714 et
3388 1657 3641 1730 gemitum

2063 1779 2355 1834 pauperum
2388 1777 2527 1815 nunc
2557 1775 2859 1829 exsurgam,
2913 1757 3043 1809 dicit
3096 1754 3378 1831 Dominus.
3431 1750 3640 1804 Ponam

1987 1827 2030 1882 Β
2059 1827 2118 1909 in
2146 1827 2398 1918 salutari,
2430 1827 2757 1922 ﬁducialiteir
2787 1864 2940 1919 agam
2974 1847 3029 1900 in
3053 1861 3132 1900 eo.
3168 1827 3283 1898 Hoc
3315 1843 3444 1897 item
3480 1841 3641 1923 modo

2062 1944 2413 2015 interpretari
2440 1944 2600 1998 licet:
2627 1942 2733 2009 Qui
2760 1940 2867 1998 mei
2895 1953 3063 1994 causa
3094 1924 3331 1991 mendici
3362 1942 3417 1989 et
3443 1948 3642 2004 paupe-

2061 2053 2150 2093 res
2185 2035 2384 2106 spiritu
2413 2033 2545 2089 facti
2578 2040 2729 2099 sunt,
2770 2032 2964 2086 humili
2996 2045 3211 2099 semper
3246 2025 3443 2082 affectu
3471 2025 3642 2078 verbo

2061 2142 2182 2182 meo
2237 2126 2506 2180 haerentes
2566 2124 2953 2195 ingemiscunt,
3001 2120 3270 2189 ﬁdemque
3324 2116 3639 2171 inviolatam

2061 2222 2425 2273 conservant:
2456 2217 2652 2271 horum
2683 2229 2784 2285 ego
2832 2228 3000 2268 causa
3019 2225 3342 2282 exsurgam;
3370 2215 3534 2278 atque
3582 2215 3643 2261 ut

2062 2308 2457 2365 resurrectioni
2507 2322 2640 2362 meae
2678 2314 3109 2361 consentaneum
3154 2309 3259 2366 est,
3294 2301 3525 2357 salutem
3554 2312 3642 2368 pa-

2060 2402 2198 2456 riam
2227 2401 2485 2456 omnibus
2532 2398 2853 2453 hominibus
2883 2417 2895 2451 :
2928 2411 3039 2468 qua
3077 2395 3134 2449 in
3162 2408 3243 2458 re,
3274 2399 3334 2447 ut
3379 2393 3641 2462 praeclare

2060 2501 2233 2564 gesta,
2265 2490 2591 2546 tiducialiter
2616 2505 2798 2561 agam.

2134 2586 2297 2641 Vens.
2328 2587 2382 2639 '7.
2417 2583 2649 2654 Eloquia
2687 2582 2904 2638 Domini
2927 2581 3135 2651 eloquia
3163 2588 3332 2643 casta,
3367 2586 3641 2650 argentum

2060 2671 2176 2749 igne
2201 2678 2588 2743 exanzinatum,
2622 2675 2905 2746 probatum
2936 2671 3110 2738 terrm,
3151 2674 3435 2743 purgatum
3473 2680 3645 2740 septu-

2058 2772 2223 2842 plum.
2283 2772 2583 2841 Argentum
2637 2783 2769 2824 vero
2814 2768 2924 2838 igni
2992 2781 3135 2837 saepe
3192 2764 3479 2827 traditum,
3515 2779 3642 2819 cum

2058 2854 2212 2919 nulla
2247 2864 2354 2919 alia
2381 2862 2612 2918 materia
2635 2860 3056 2928 commiscetur;
3081 2858 3382 2927 eodemque
3416 2866 3643 2926 prorsus

2059 2954 2223 3010 modo
2251 2953 2470 3024 eloquia
2494 2951 2712 3005 Domini
2742 2950 2891 3005 omni
2926 2942 3211 3003 mendacio
3237 2960 3410 3001 vacua
3454 2953 3602 3000 sunt.

2130 3048 2300 3104 Vens.
2334 3048 2388 3104 8.
2422 3047 2521 3111 Tu,
2547 3046 2789 3108 Domine,
2810 3042 3042 3098 servabis
3072 3059 3165 3096 nos
3193 3050 3240 3096 et
3263 3038 3521 3095 custodies
3545 3054 3642 3093 nos

374 3120 533 3226 qua;
572 3122 693 3177 ἀπὸ
728 3121 838 3191 τῆς
864 3123 1075 3193 γενεᾶς
1114 3127 1335 3195 ταύτης
1363 3126 1462 3180 καὶ
1496 3129 1583 3193 εὶς
1613 3127 1721 3180 τὸν
1750 3127 1955 3181 αἰῶνα.

2064 3159 2096 3196 a
2123 3139 2455 3212 generatione
2489 3138 2588 3191 hac
2622 3137 2675 3191 in
2705 3136 2979 3191 aeternum.
3023 3133 3161 3189 Cum
3195 3134 3479 3189 mendicos
3513 3139 3642 3186 tuos

388 3210 637 3264 Ἐπειδὰν
666 3211 907 3286 φυλάξῃς
954 3215 1081 3278 τοὺς
1130 3218 1256 3279 σοὺς
1298 3219 1565 3287 πτωχοὺς,
1610 3217 1955 3273 καὶοὲπειδὰν

375 3302 525 3372 ἡμᾶς
551 3304 924 3375 περιτειχίσῃς
958 3304 1074 3375 ἅμα
1101 3309 1167 3377 τῇ
1209 3304 1477 3380 ἐρχομένῃ
1511 3310 1692 3381 γενεᾷ,
1741 3313 1807 3381 τῇ
1855 3328 1956 3364 κα-

372 3383 610 3463 λουμένῃ
640 3392 854 3464 αίωνίᾳ,
879 3395 929 3447 οί
974 3394 1279 3465 παράνομοι
1323 3397 1464 3462 τότε,
1494 3399 1650 3461 ὲκτὸς
1675 3400 1954 3470 γενόμενοι

372 3482 474 3553 τῆς
524 3485 865 3593 εί.ς“πάντας
893 3485 1213 3593 ἀνθρώπους
1255 3487 1632 3560 χυθησομένης
1663 3506 1756 3543 σου
1800 3491 1955 3564 χάριυ

375 3580 485 3640 τος,
516 3574 700 3647 κύκλῳ
742 3574 1209 3651 περιπατήσουσιῖ
1231 3580 1428 3652 θεωροὶ
1466 3582 1819 3652 γενησόμενοι
1845 3583 1956 3638 τῶν

379 3665 735 3737 σωζομένων·’
766 3668 863 3722 καὶ
889 3668 1050 3723 τοῦτο
1076 3668 1228 3724 ἔσται
1254 3672 1379 3724 ὅταν
1411 3670 1698 3741 scaeam
1723 3674 1772 3725 οἱ
1812 3674 1957 3726 εὐτε-

374 3754 488 3821 λεῖς
515 3757 623 3810 τῶν
651 3758 749 3811 ἀνθ
756 3757 974 3830 ρώπων.

448 3845 664 3915 Κύκλῳ
706 3853 761 3904 ot
797 3850 1037 3918 ἀσεϐεῖς
1067 3853 1479 3919 περιπατοῦσι,
1509 3856 1661 3909 κατὰ
1698 3856 1765 3910 τὸ
1797 3856 1955 3924 ὕψος

375 3949 494 3999 σού
539 3942 977 4012 ἐπολυώρησας
1030 3944 1171 4011 τοὺς
1210 3946 1384 4012 υἱοὺς
1437 3945 1557 4000 τῶν
1605 3947 1988 4016 ἀνθρώπων

390 4036 607 4108 Ἐπειδὴ
660 4038 690 4091 ὁ
735 4036 934 4101 κύκλος
984 4040 1052 4110 τῇ
1100 4038 1284 4111 εὐθείᾳ
1338 4039 1577 4103 ἐναντίος
1632 4042 1747 4094 ἐστὶ
1811 4041 1955 4096 κοιτά

375 4128 476 4199 τὴν
517 4129 836 4202 σκολιότητα
885 4131 980 4184 καὶ
1008 4130 1298 4202 εὐθύτητα,
1340 4134 1389 4186 οἱ
1435 4133 1492 4186 δὲ
1524 4133 1741 4198 ἀσεϐεῖς
1772 4134 1956 4206 κύκλῳ

377 4223 794 4295 περιπατοῦσιν,
830 4227 881 4278 οἱ
923 4226 1169 4290 εὐσεϐεῖς
1215 4228 1324 4297 ἄρα
1366 4225 1579 4280 εὐθεῖαν
1627 4229 1956 4300 περιπατοῦέ

382 4328 487 4369 σιν.
1102 4332 1105 4335 ’

508 4405 618 4459 Et:
656 4403 747 4461 T0
787 4407 1009 4462 ΤΕΑοΣ
1039 4408 1331 4463 mmo:
1368 4392 1456 4462 Tn
1472 4410 1674 4464 ΔΑΥιΑ
1716 4407 1831 4466 nr;

2064 3227 2412 3296 custodieris,
2448 3243 2684 3299 cumque
2703 3243 2805 3284 nos
2832 3225 3304 3282 circummunieris
3334 3224 3388 3279 in
3414 3237 3643 3296 genera-

2064 3326 2212 3379 tione
2253 3322 2456 3388 futura,
2489 3336 2611 3393 quae
2648 3323 2848 3376 aeterna
2875 3320 3295 3387 vocatur;tunc
3322 3317 3497 3388 iniqui
3537 3315 3640 3379 illi,

2062 3415 2273 3473 exclusi
2310 3422 2404 3470 tua
2435 3414 2608 3486 gratia
2653 3429 2752 3484 per
2792 3427 2984 3468 omnes
3037 3411 3287 3466 homines
3338 3404 3555 3475 diffusa,
3584 3409 3643 3463 in

2063 3508 2299 3563 ‘circuitu
2338 3506 2717 3572 ambulabunt,
2742 3510 2918 3561 utens
2940 3504 3032 3576 qui
3055 3503 3285 3559 salutem
3315 3499 3643 3556 obtinebunt

2063 3597 2515 3670 Circumspiciant
2547 3618 2562 3656 :
2598 3598 2766 3669 idque
2820 3597 2955 3652 tunc
3013 3594 3228 3651 eveniet
3248 3633 3263 3658 ,
3291 3608 3417 3648 cum
3444 3592 3529 3648 vel
3560 3597 3643 3647 te-

2064 3688 2286 3744 nuiores
2314 3704 2383 3744 ex
2408 3688 2726 3745 hominibus
2755 3686 2977 3744 exaltati
3009 3684 3230 3741 fuerint.

2135 3865 2302 3921 Vens.
2333 3867 2388 3921 9‘.
2411 3863 2479 3920 In
2517 3867 2742 3921 circuitu
2783 3866 2934 3935 impii
2982 3862 3257 3919 ambulant
3288 3869 3308 3916 .‘
3355 3858 3641 3916 secundum

2063 3957 2400 4013 attitudinem
2428 3967 2577 4012 tuam
2608 3955 2981 4027 multiplicasti
3012 3957 3152 4025 ﬁlios
3182 3955 3472 4008 hominum.
3497 3949 3641 4018 Quia

2061 4049 2303 4105 circulus
2355 4054 2521 4105 rectae
2569 4047 2729 4102 lineae
2782 4047 3084 4103 secundum
3145 4045 3523 4114 obliquitatem
3584 4050 3641 4097 et

2061 4140 2447 4196 rectitudinem
2478 4140 2764 4210 oppositus
2791 4145 2907 4205 est;
2963 4152 3088 4192 cum
3123 4136 3276 4206 impii
3322 4136 3379 4190 in
3402 4135 3640 4190 circuitu

2063 4233 2359 4298 ambulent,
2392 4230 2469 4304 pii
2499 4245 2633 4288 sane
2666 4230 2766 4285 viri
2804 4231 2861 4285 in
2892 4236 3046 4285 recto
3075 4229 3420 4301 gradiuntur.

2267 4406 2318 4467 1.
2350 4404 2421 4466 IN
2458 4405 2673 4465 FINEM
2710 4407 3040 4465 PSALMUS
3078 4402 3295 4464 DAVID
3334 4404 3448 4464 ΧΠ.

451 4491 551 4548 Διά
585 4492 649 4545 τδ
689 4493 841 4558 τέλος
870 4495 931 4548 τὸ
960 4496 1109 4568 παρὰ
1139 4498 1217 4568 τῷ
1249 4497 1367 4570 Θεῷ
1394 4499 1572 4553 πάντα
1615 4498 1722 4573 πρὸ
1748 4502 1841 4556 τοῦ
1873 4490 1955 4557 τέ-

2128 4502 2361 4574 Propter
2409 4503 2592 4568 linem,
2620 4518 2780 4573 quem
2817 4501 2961 4572 apud
3017 4500 3188 4556 Deum
3238 4499 3638 4557 consecuturus

379 4580 506 4651 λους
535 4588 805 4659 ἀνδρικῶς
831 4590 1129 4661 ἠγωνίζετο
1152 4609 1165 4623 ·
1197 4593 1260 4648 τὸ
1294 4593 1351 4648 δὲ
1382 4595 1534 4660 τέλος
1563 4599 1592 4650 ό
1635 4598 1743 4652 τῶν
1782 4602 1959 4654 πόνων

380 4679 497 4731 ἐστὶ
542 4681 772 4752 καρπὸς,
805 4682 949 4756 ζωὴν
991 4685 1206 4740 αἰώνιον
1251 4676 1343 4741 καὶ
1396 4688 1673 4758 βασιλείαν
1712 4693 1957 4765 οὐρανῶν

381 4770 676 4842 προξενῶν.
716 4774 811 4838 Εἰς
844 4776 942 4845 μὲν
966 4771 1059 4829 οὖν
1089 4777 1151 4830 τὸ
1189 4778 1340 4843 τέλος
1377 4780 1659 4853 ἀνέπεμψε
1690 4784 1788 4856 τὴν
1816 4785 1959 4857 ᾠδὴν

376 4865 458 4937 τῷ
488 4866 637 4938 Θεῷ·
681 4869 822 4923 κατὰ
861 4870 918 4924 δὲ
947 4870 1045 4942 τὴν
1073 4871 1268 4944 ἀρχὴν,
1302 4874 1379 4937 ὡς
1420 4875 1819 4948 ἀγωνιζόμενος
1853 4879 1954 4946 ἔτι,

376 4956 479 5020 τὰς
524 4955 745 5026 πρώτας
791 4959 1053 5031 προφέρει
1099 4962 1283 5030 φωνάς
1306 4980 1318 4992 '

450 5128 605 5201 Ἕως
632 5136 795 5199 πότε,
827 5139 1024 5207 Κύριε,
1065 5141 1331 5212 ἐπιλήσῃ
1348 5161 1467 5214 μου
1492 5146 1578 5212 εις
1599 5145 1808 5215 telam
1847 5148 1959 5216 ἓως

378 5227 523 5280 πότε
536 5227 940 5297 ἀποστρέψεις
955 5231 1022 5285 τὸ
1045 5234 1370 5300 πρόσωπόν
1388 5249 1507 5291 σου
1525 5238 1627 5293 ἀπ’
1641 5239 1790 5309 ἐμοῦ
1806 5258 1825 5306 ;
1847 5241 1958 5313 Λή-

378 5321 478 5390 θην
518 5321 577 5375 δὲ
619 5320 753 5385 Θεὸς
789 5324 1022 5377 ποιεῖται
1064 5326 1171 5381 τῶν
1243 5323 1744 5402 ἐπιλανθανομένων
1784 5322 1949 5389 αὑτοῦ

381 5409 474 5466 διὰ
502 5410 604 5482 τῆς
622 5412 893 5486 ἁμαρτίας
910 5430 923 5445 ·
946 5415 1275 5489 ἀποστρέφει
1308 5420 1403 5473 καὶ
1421 5420 1484 5473 τὸ
1534 5422 1822 5494 πρόσωπον
1843 5426 1951 5481 ἀπὸ

374 5503 488 5558 τῶν
540 5506 762 5577 αἰσχρόν
802 5523 855 5560 τι
903 5508 1269 5577 πραττόντων,
1296 5511 1546 5578 ἀναξίους
1581 5510 1718 5569 εἶναι
1760 5517 1950 5588 κρίνας

375 5593 477 5670 τῆς
498 5599 787 5664 ἐποπτείας
808 5598 971 5653 αὑτοῦ
993 5617 1006 5630 ’
1036 5600 1222 5674 διόπερ
1251 5603 1355 5657 ὑπὸ
1370 5605 1464 5658 τοῦ
1500 5608 1796 5673 συνειδότος
1830 5628 1951 5665 νυτ-

372 5685 601 5758 τόμενος
637 5691 730 5743 καὶ
767 5690 865 5762 τὴν
890 5689 982 5744 τοῦ
1015 5689 1151 5744 Θεοῦ
1178 5690 1362 5755 δεδιὼς
1404 5693 1583 5766 κρίσιν
1608 5696 1823 5768 ὲπάτεν

453 5796 498 5829 ’⁸
535 5795 704 5855 Exod.
733 5816 791 5867 ν,
821 5800 876 5859 2.
960 5800 1003 5834 ¹¹
1043 5800 1239 5859 Matth.
1271 5818 1400 5867 nt.
1429 5804 1518 5864 95.

2060 4600 2197 4657 erat,
2230 4602 2357 4649 ante
2391 4593 2553 4648 tinem
2584 4593 2818 4648 viriliter
2843 4591 3068 4648 omnino
3095 4592 3466 4647 concertabat.
3501 4586 3639 4643 Nam

2060 4685 2307 4741 laborum
2340 4685 2576 4750 fructus,
2607 4691 2693 4740 est
2720 4684 2865 4752 ﬁnis,
2889 4684 2983 4756 qui
3015 4689 3069 4739 et
3096 4685 3263 4738 vitam
3296 4690 3556 4737 aeternam
3581 4690 3638 4737 et

2058 4786 2286 4848 regnum
2335 4777 2599 4833 calorum
2650 4785 2931 4847 procurat.-
2975 4777 3032 4831 ln
3065 4775 3224 4831 linem
3259 4775 3428 4846 igitur
3454 4776 3639 4831 canti~

2058 4882 2183 4924 cum
2212 4868 2326 4924 Deo
2350 4871 2550 4924 emittit
2582 4887 2597 4923 :
2634 4876 2797 4940 atque
2824 4885 2855 4923 a
2888 4868 3181 4940 principio,
3229 4874 3418 4938 utpote
3455 4868 3637 4923 adhuc

2060 4960 2116 5014 in
2145 4959 2448 5015 certamine
2472 4959 2830 5024 constitutus,
2865 4959 3031 5014 haSce
3068 4958 3275 5028 primas
3308 4954 3518 5027 profert
3548 4969 3638 5009 vo-

2058 5066 2152 5109 COS
2176 5070 2190 5107 2
2576 5088 2579 5091 ν

2083 5187 2087 5190 .
2128 5142 2297 5199 Vens.
2349 5143 2407 5200 2.
2447 5141 2744 5215 Usquequo,
2780 5141 3020 5205 Domine,
3073 5141 3396 5196 oblivisceris
3447 5153 3530 5193 me
3578 5139 3638 5191 in

2061 5238 2258 5307 ﬁnem?
2293 5236 2568 5309 Usquequo
2599 5238 2792 5292 avertis
2824 5237 3015 5306 faciem
3038 5244 3186 5289 tuam
3219 5250 3253 5288 ο
3282 5233 3402 5288 me?
3427 5230 3635 5287 Oblivi-

2058 5333 2230 5389 scitur
2257 5338 2439 5386 autem
2483 5331 2628 5388 Deus
2659 5342 2846 5386 eorum
2876 5329 2968 5399 qui
3015 5343 3115 5399 per
3144 5333 3427 5397 peccatum
3459 5321 3635 5394 ipsius

2060 5424 2407 5480 immemores
2456 5432 2628 5481 sunt:
2673 5423 2980 5492 avertitque
3032 5419 3227 5475 faciem
3278 5432 3432 5473 suam
3468 5415 3538 5470 ab
3566 5415 3638 5470 iis

2058 5516 2153 5586 qui
2180 5517 2358 5586 turpia
2396 5516 2602 5587 quaevis
2635 5521 2967 5585 perpetrant,
2993 5518 3131 5581 quos
3154 5506 3497 5583 providentia
3531 5520 3637 5562 sua
3726 5500 3729 5511 ’
3770 5491 3787 5517 ⁵

2057 5609 2313 5680 indignos
2333 5615 2569 5680 reputat.
2604 5606 2973 5673 Quamobrem
2997 5606 3313 5662 stimulante
3345 5602 3636 5660 conscien-

2060 5702 2157 5769 tia,
2177 5700 2443 5772 judicium
2476 5699 2571 5755 Dei
2597 5698 3016 5770 pertimescens,
3049 5695 3333 5767 subjungit
3367 5711 3382 5749 :
