4096 6392
474 358 510 414 Ἰ
520 354 590 417 43

484 583 623 631 mea,
658 567 866 623 dolores
913 569 967 622 in
997 568 1154 623 corde
1190 586 1302 624 meo
1331 569 1418 624 die
1457 587 1519 624 ac
1557 571 1754 625 nocte!
1787 567 2062 639 Usquequo

483 660 811 716 excitabitur
834 661 1077 716 inimicus
1105 677 1250 717 meus
1271 680 1428 733 super
1444 666 1565 719 me?
1587 662 1805 731 Respice
1821 671 1871 716 et
1893 677 2030 715 επακ
2045 689 2062 702 -

481 753 540 806 di
572 769 670 819 me,
706 751 931 808 Domine
957 752 1096 809 Deus
1123 771 1288 810 meus.
1321 754 1580 809 “lumina
1608 755 1788 811 oculos
1813 771 1975 823 meas,
1999 769 2064 808 ne

482 858 718 915 unquam
750 844 1081 900 obdormiam
1110 847 1165 900 in
1206 855 1375 901 morte
1396 860 1415 899 :
1451 861 1514 900 ne
1543 845 1754 917 quando
1789 845 1932 899 dicat
1962 843 2063 898 ini-

479 938 652 992 micus
686 954 830 993 meus
859 954 878 992 :
908 936 1177 993 Prwvalui
1212 939 1464 994 adversus
1490 955 1629 993 eum.
1655 937 1939 992 Exaltatur
1958 936 2063 991 ini-

482 1029 662 1083 micus
687 1027 739 1080 in
772 1035 1092 1098 peccantem
1120 1037 1345 1100 peccato
1374 1028 1910 1100 depressum;secus
1930 1041 2062 1083 vero

485 1119 668 1189 agitur
698 1132 823 1174 cum
854 1118 903 1175 is
933 1119 1105 1190 probe
1144 1134 1205 1176 se
1234 1120 1367 1191 agit.
1421 1120 1559 1175 Cum
1613 1127 1794 1176 autem
1833 1119 1971 1175 nolit
2002 1133 2061 1175 se

481 1221 680 1285 praeter
735 1214 988 1267 meritum
1041 1212 1313 1281 exaudiri,
1342 1213 1622 1283 prmmittit
1653 1212 1809 1273 illud.
1840 1212 2058 1281 respice,

482 1319 687 1375 rogans
714 1304 924 1360 scilicet
959 1311 1018 1357 ut
1068 1314 1216 1360 recte
1248 1306 1389 1359 facta
1442 1319 1542 1359 sua
1592 1304 1913 1376 perpendat.
1955 1301 2062 1356 Aut

484 1394 627 1451 forte
653 1396 777 1450 ideo
808 1395 890 1451 sic
918 1395 1185 1465 loquitur,
1207 1396 1354 1465 quod
1398 1394 1545 1452 Deus
1571 1395 1792 1451 nonnisi
1821 1410 1944 1451 eum
1966 1393 2061 1465 qui

479 1483 669 1554 justus
699 1496 785 1541 est
809 1485 1069 1540 exaudire
1100 1486 1293 1542 soleat.
1325 1483 1524 1541 Vultus
1556 1501 1721 1557 porro
1750 1485 1868 1549 Dei,
1900 1485 2064 1539 lumi-

484 1587 555 1627 ne
586 1573 803 1643 plenus,
838 1580 923 1628 est
954 1573 1132 1629 virtus
1161 1571 1410 1644 quaedam
1462 1573 1529 1628 ad
1564 1574 1826 1630 beneﬁcia
1874 1574 2063 1631 confe-

482 1663 654 1717 renda
696 1662 1059 1732 prospiciens,
1092 1663 1253 1732 cujus
1303 1663 1554 1735 quisquis
1587 1666 1864 1736 particeps
1896 1664 2063 1720 fuerit

466 1754 908 1825 lilluminabitur,
929 1771 993 1810 ac
1020 1756 1067 1812 si
1095 1756 1365 1812 solaribus
1387 1757 1555 1814 radiis
1585 1757 1876 1813 frueretur.
1904 1757 2059 1825 Quod

461 1848 530 1917 (εἰ
565 1856 866 1910 avertatur,
896 1854 1012 1902 tum
1040 1848 1225 1904 anima
1268 1864 1379 1905 non
1410 1850 1686 1905 illustrata
1730 1852 1788 1906 in
1820 1853 2061 1908 tenebris
2093 1832 2133 1887 Β

482 1938 628 2010 agit;
658 1940 784 2009 quia
814 1938 1109 1996 interiores
1138 1942 1308 2009 oculi,
1333 1942 1593 1998 videlicet
1620 1942 1825 1999 mentis
1853 1944 2062 2014 cogita-

481 2030 681 2095 tiones,
717 2031 853 2087 nihil
889 2043 1209 2103 operantur.
1232 2033 1370 2089 Cum
1392 2042 1575 2090 autem
1599 2034 1655 2089 in
1682 2041 1910 2105 peccato
1935 2051 2062 2106 per-

480 2113 718 2187 severat,
760 2125 1006 2180 tenebris
1054 2126 1232 2197 magis
1303 2127 1589 2198 magisque
1663 2128 2060 2195 obtinentibus,

478 2216 606 2286 quia
638 2218 931 2274 vultusl)ei
964 2220 1187 2290 penitus
1210 2235 1436 2277 aversus
1461 2228 1672 2291 manet;
1705 2231 1840 2290 tum,
1858 2224 2064 2279 malitia

479 2304 535 2358 ial
568 2314 854 2376 operante,
881 2322 981 2362 ceu
1015 2308 1337 2365 incurabilis
1363 2310 1546 2366 evadit
1575 2328 1588 2367 :
1615 2329 1717 2368 nec
1746 2314 1885 2368 ultra
1919 2315 2066 2369 salu-

479 2396 523 2450 ti
576 2413 691 2452 sua:
749 2398 1078 2471 advigilans,
1128 2401 1197 2457 ad
1242 2410 1473 2461 mortem
1520 2420 1783 2478 peccasse
1826 2406 1951 2478 jure
1989 2407 2067 2464 di-

482 2498 661 2546 catur.
718 2510 727 2529 '

665 2602 717 2657 Ι.
754 2601 821 2657 ΙΝ
861 2601 1071 2658 FINEM
1109 2604 1432 2665 PSALMUS
1468 2606 1678 2664 DAVID
1716 2609 1856 2670 XIII.
1950 2654 1959 2663 .

548 2691 684 2761 Quia
714 2695 829 2751 haec
858 2699 1177 2768 praphctice
1208 2700 1352 2756 dicta
1376 2703 1429 2756 in
1466 2706 1937 2762 consummatione
1961 2720 2065 2763 sae-

477 2786 725 2842 culorum
762 2787 944 2844 futura
968 2800 1144 2858 erant,
1188 2795 1538 2864 praemittitur
1570 2796 1725 2863 illud,
1752 2800 1806 2853 in
1850 2800 2010 2870 ﬁnem
2042 2815 2063 2854 :

477 2879 723 2951 psalmus
772 2890 957 2937 autem
1015 2899 1128 2939 non
1176 2884 1402 2953 dicitur,
1434 2887 1566 2959 quia
1621 2890 1841 2947 incusat
1872 2908 2063 2951 omnes

476 2971 748 3030 homines.

547 3062 721 3123 Vens.
753 3067 808 3122 2.
840 3068 999 3123 Dixit
1038 3070 1290 3141 insipiens
1324 3076 1379 3127 in
1429 3073 1586 3128 corde
1632 3093 1729 3132 suo
1758 3092 1777 3131 :
1821 3076 1945 3132 Non
1986 3087 2064 3133 est

1150 356 1423 414 EUSEBII
1458 353 1940 414 CESARIENSIS
1976 351 2128 410 OPP.
2171 351 2356 409 PARS
2415 350 2502 408 Ill.
2544 382 2615 393 -—
2650 338 3064 409 EXEGETICA;

557 475 722 530 Vens.
774 470 894 531 5-5.
956 475 1209 544 Quandiu
1243 493 1437 546 ponam
1499 477 1725 532 consilia
1781 477 1837 530 in
1880 476 2062 529 anima
2091 479 2139 536 Α

3647 349 3749 405 ιιι

2239 473 2393 541 Ἕως
2441 474 2608 540 τίνος
2659 471 2920 543 θήσομαι
2974 471 3215 537 ,βουλὰς
3270 469 3340 525 ἐν
3382 466 3561 540 ψυχῇ
3602 485 3744 539 μου,

2164 564 2387 631 ὀδύνας
2412 566 2483 619 ἐν
2513 565 2727 635 καρδίᾳ
2755 584 2876 636 μου
2914 562 3139 635 ἡμέρας
3171 561 3270 617 καὶ
3304 563 3525 628 νυκτός
3537 576 3558 626 ;
3594 561 3747 627 Ἕως

2163 659 2310 711 πότε
2337 656 2721 725 ὑψωθήσεται
2747 659 2781 711 ό
2808 657 3020 725 ἐχθρός
3041 673 3163 725 μου
3189 654 3281 708 ἐπ’
3305 652 3448 725 ape,-
3492 653 3749 706 Ἐπίόλε-

2162 752 2307 819 sror,
2347 748 2717 805 εὶσάκουσόν
2748 766 2889 819 μου,
2941 749 3120 817 Κύριε
3148 750 3181 802 ὀ
3221 746 3365 812 Θεός
3401 762 3539 815 μου.
3570 744 3749 799 Mrt-

2163 857 2282 899 σον
2305 842 2448 909 τοὺς
2473 842 2818 912 ὀφθαλμούς
2840 858 2980 911 μου,
2996 838 3230 911 μήποτε
3254 838 3515 895 ὑπνώσω
3538 838 3626 904 εις
3654 839 3751 891 θα.

2161 951 2378 990 ναῖον·
2433 934 2668 1006 μήποτε
2721 934 2877 988 εἴποι
2922 936 2956 988 ό
3004 931 3221 1003 ἐχθρός
3269 949 3389 1001 μου
3422 949 3435 960 '
3491 932 3749 999 Ἰσχυσα

2163 1025 2312 1096 πρὸς
2350 1027 2557 1082 αὐτόν.
2600 1024 2858 1096 Ὑψοῦται
2888 1025 2945 1080 δὲ
2980 1024 3123 1089 κατά
3149 1021 3247 1077 τοῦ
3280 1021 3685 1094 ἁμαρτάνοντος
3716 1021 3749 1074 ό

2164 1118 2358 1191 ἐχθρὸς
2399 1119 2827 1190 ταπεινουμένου
2872 1120 2939 1189 τῇ
2982 1116 3261 1189 ἁμαρτίᾳ·
3298 1114 3392 1169 καὶ
3433 1111 3748 1169 τούναντίον

2161 1211 2697 1283 δικαιοπραγοῦντος.
2740 1212 2829 1276 Ὠς
2860 1211 2995 1283 μηδὲ
3028 1209 3351 1282 βουλόμενος
3382 1205 3607 1279 ἀμισθεὶ¹
3636 1206 3749 1259 εἱσ-

2163 1304 2514 1377 ακουσθῆναι,
2562 1305 2850 1379 προτάττει
2890 1303 2971 1370 τὸ,
3005 1304 3358 1372 ὲπίϐλεψον,
3411 1299 3748 1372 παρακαλῶν

2166 1397 2293 1452 ἰδεῖν
2322 1396 2488 1452 αὐτοῦ
2515 1397 2585 1451 τὰ
2607 1396 3025 1470 κατορθώματα.
3061 1396 3131 1450 Ἥ
3161 1397 3255 1450 καὶ
3282 1395 3358 1459 ώς
3382 1393 3478 1449 τοῦ
3501 1394 3640 1449 Θεοῦ
3669 1394 3745 1467 μὴ

2163 1489 2557 1554 εἰσακούοντος,
2585 1492 2633 1543 εί
2661 1490 2734 1561 μή
2761 1502 2846 1553 τις
2881 1486 3167 1561 δίκαιος
3197 1484 3495 1561 Πρόσωπον
3522 1486 3581 1542 δὲ
3607 1484 3747 1540 Θεοῦ

2164 1582 2343 1652 φωτὸς
2372 1581 2552 1653 γέμει,
2600 1579 2828 1653 δύναμις
2860 1576 2995 1635 οὖσα
3032 1580 3170 1651 πρὸς
3203 1578 3522 1650 εὐεργεσίαν
3552 1592 3747 1651 προνο-

2163 1676 2366 1747 ουμένη
2392 1693 2407 1706 ·
2462 1670 2522 1731 οὗ
2570 1693 2655 1740 τις
2709 1674 2950 1746 μετέχων
2996 1673 3437 1744 φωτισθήσεται,
3494 1670 3748 1743 καθάπερ

2164 1768 2402 1841 ἡλιακῶν
2417 1768 2706 1823 ἀπολαύων
2734 1766 2938 1835 αὐγῶν.
2983 1764 3454 1837 Ἀποστραφὲντος
3477 1763 3557 1828 δὲ,
3604 1779 3747 1834 μηκο

2162 1862 2243 1916 ἐτι
2285 1861 2626 1933 φωτιζομὲνη
2689 1857 2975 1914 σκοτοῦται
3036 1858 3206 1929 ψυχὴ,
3256 1856 3420 1929 μηδὲν
3463 1854 3751 1927 ἐνεργούν-

2161 1973 2269 2010 των
2293 1954 2402 2009 τῶν
2432 1954 2579 2009 ἔνδον
2605 1953 2919 2026 ὀφθαλμῶν,
2946 1948 3143 2015 οἵτινες
3174 1951 3415 2014 διανοίας
3456 1948 3564 2002 εἰσὶ
3602 1948 3748 2017 λογι-

2164 2049 2311 2120 σμοί.
2352 2045 2745 2119 Ἐπιμενούοης
2770 2038 2825 2100 δὲ
2854 2048 2921 2117 τῇ
2962 2043 3232 2117 ἁμαρτία,
3262 2044 3355 2097 καὶ⁵
3391 2040 3488 2096 τοῦ
3523 2041 3749 2105 σκότους

2164 2140 2256 2194 ἐπὶ
2301 2140 2460 2194 πλέον
2491 2136 2934 2210 ἐπικρατοῦντος,
2961 2136 3039 2207 τῷ
3079 2136 3177 2190 καὶ
3212 2134 3394 2206 μένειν
3425 2135 3750 2205 ἀπεστραμ-

2169 2231 2329 2304 μένον
2355 2232 2417 2286 ea
2459 2232 2749 2304 πρόσωπον
2789 2229 2886 2285 τοῦ
2928 2228 3088 2295 Θεοῦ,
3127 2229 3257 2299 ἑξῆς
3296 2227 3458 2283 οίονεί
3500 2244 3618 2291 πως
3657 2225 3749 2297 γί-

2164 2341 2315 2377 νεται
2358 2324 2559 2387 κακίας
2600 2322 2951 2394 ἀθεράπευτα
2995 2319 3443 2393 πλημμελούσης,
3480 2318 3576 2373 καὶ
3617 2317 3750 2391 μήτι

2165 2418 2516 2493 γρηγοροῦσα
2540 2418 2734 2488 λέγοιτ’
2760 2417 2828 2472 ἂν
2852 2418 2932 2482 είς
2961 2415 3189 2471 θάνατον
3216 2414 3612 2487 ἡμαρτηκέναι.

2305 2630 2413 2685 ΕΙΣ
2450 2631 2537 2685 ΤΟ
2575 2630 2795 2684 ΤΕΔΟΣ
2832 2626 3107 2684 ΦΔΛΜΟΣ
3153 2628 3244 2683 ΤΩ
3276 2626 3477 2681 ΔᾹΥΙΔ
3514 2620 3613 2680 II".

2247 2721 2401 2775 Ἐπεὶ
2432 2718 2604 2775 ταῦτα
2645 2718 3000 2793 προφητικῶς
3028 2717 3298 2792 εἰρημένα
3336 2715 3428 2769 ἐπὶ
3469 2712 3751 2785 συντελείᾳ

2161 2814 2272 2868 τῶν
2301 2813 2510 2869 αἰώνων
2539 2813 2740 2887 ἤμελλε
2779 2806 3047 2883 γίνεσθαι,
3092 2809 3509 2883 προγέγραπται
3549 2807 3631 2871 τὸ,
3660 2805 3751 2871 εις

2162 2900 2232 2955 τὸ
2254 2899 2457 2969 τέλος⁸
2485 2901 2699 2974 ψαλμὺς
2726 2902 2801 2974 (i)
2829 2901 2887 2956 δὲ
2910 2902 3010 2956 οὐκ
3049 2899 3264 2973 είρηται
3299 2897 3388 2953 διὰ
3411 2898 3472 2952 τὸ
3513 2912 3751 2969 κατηγο-

2166 2995 2281 3066 ρεῖν
2310 2992 2529 3048 πάντων
2579 2992 2673 3047 ἀνθ
2680 2991 2899 3066 ρώπων.

2236 3080 2423 3139 Εἶπεν
2449 3085 2653 3154 ἄφρων
2683 3085 2754 3138 ἐν
2777 3082 2990 3152 καρδίᾳ
3017 3081 3203 3135 αὑτοῦ
3223 3098 3236 3111 ·
3272 3082 3393 3133 Οὐκ
3421 3079 3550 3133 ἐστι
3582 3080 3746 3143 Θεός.

457 3150 641 3211 Ἥρω.
674 3157 927 3229 Corrupti
970 3171 1093 3217 sunt
1145 3173 1195 3217 et
1255 3160 1635 3221 abominabiles
1672 3169 1804 3238 facti
1858 3180 1981 3224 sunt
2013 3171 2066 3223 in

2169 3150 2585 3246 Δωφθάρηόαν
2624 3173 2722 3229 καὶ
2755 3150 3211 3242 ἐόδελύχθησαν
3248 3170 3318 3223 ὲν
3357 3168 3750 3237 ἐπιτηδεύμα-

475 3249 723 3306 sludiis:
763 3269 865 3307 non
896 3263 973 3308 est
1020 3257 1112 3326 qui
1158 3255 1326 3325 faciat
1368 3256 1582 3314 bonum.
1613 3259 1691 3315 Ex
1748 3262 1926 3318 atheis
1970 3262 2063 3317 alii

477 3340 698 3412 quidem
734 3345 1197 3401 existimaverunt
1226 3344 1396 3404 Deum
1435 3350 1749 3408 nullatenus
1770 3354 2062 3420 exsistere,

477 3432 576 3489 sed
610 3450 813 3490 vanum
853 3452 978 3496 esse
1000 3452 1235 3507 nomen;
1260 3440 1375 3507 alii,
1410 3457 1542 3498 vero
1565 3443 1677 3500 Deo
1702 3445 1900 3516 ejecto,
1927 3447 2067 3505 alios

476 3526 573 3598 qui
623 3529 940 3587 nullatenus
991 3537 1123 3587 sunt
1171 3533 1601 3604 conﬁnxerunt;
1631 3537 1724 3592 alii
1764 3553 1898 3595 vero
1944 3554 2069 3596 esse

478 3618 700 3688 quidem
725 3618 898 3675 Deum
932 3620 1215 3688 dixerunt,
1235 3624 1331 3679 sed
1348 3630 1567 3682 terrena
1594 3643 1703 3685 non
1727 3631 2062 3701 prospicere.

477 3711 684 3767 Omnes
726 3727 892 3784 porro
942 3713 1036 3784 qui
1094 3716 1363 3773 utramvis
1427 3717 1622 3774 harum
1670 3723 2066 3777 sententiarum

480 3811 726 3871 tuentur,
760 3808 817 3861 iu
863 3806 1125 3873 atheiam,
1160 3808 1279 3866 sive
1326 3811 1506 3869 omnis
1534 3813 1815 3884 religionis
1864 3815 2065 3886 despe-

478 3904 651 3960 etum,
674 3896 919 3968 prolapsi
947 3906 1096 3956 sunt.
1127 3898 1242 3957 Etsi
1280 3916 1426 3967 vero,
1457 3903 1584 3973 quia
1618 3907 1870 3964 omnibus
1904 3918 1935 3961 a
1964 3918 2065 3962 na-

478 3997 605 4045 tura
642 3989 809 4051 iusita
837 3997 923 4047 est
949 3989 1043 4046 Dei
1081 3991 1296 4058 notitia,
1333 3992 1386 4050 id
1413 3996 1590 4066 palam
1626 3996 1780 4054 eﬁari
1821 4015 1931 4055 non
1966 4015 2065 4055 au-

475 4079 697 4146 debant,
725 4097 834 4138 non
866 4098 984 4149 ore,
1016 4084 1112 4140 sed
1131 4083 1298 4142 corde
1324 4088 1452 4143 talia
1484 4088 1853 4160 loquebantur
1890 4112 1903 4148 :
1935 4106 2064 4148 nam

475 4186 572 4228 ore
600 4179 764 4230 tenus
792 4175 997 4234 multos
1022 4176 1156 4234 deos
1174 4177 1597 4249 proﬁtebantur.
1633 4179 1739 4238 Sed
1776 4197 1841 4238 ex
1870 4198 2062 4240 eorum

476 4265 649 4337 gestis
696 4269 1032 4338 arguebatur
1071 4270 1205 4342 quid
1259 4280 1441 4327 mente
1488 4280 1784 4330 tenerent:
1820 4291 1945 4329 nam
1997 4286 2065 4331 ex

477 4356 664 4411 fructu
697 4359 863 4415 arbor
887 4360 1253 4433 dignoscitur.
1300 4360 1439 4417 Cum
1483 4364 1629 4418 enim
1662 4379 1693 4418 a
1726 4366 1881 4420 nullo
1914 4364 2069 4438 ﬂagi-

2166 3283 2304 3322 σινο
2348 3270 2461 3322 οὐκ
2504 3268 2637 3322 ἐστι
2668 3266 2856 3321 ποιῶν
2881 3266 3284 3336 χρηστότητα.
3321 3257 3441 3316 Τῶν
3472 3260 3529 3314 δὲ
3572 3259 3759 3314 ἀθέων

2164 3362 2217 3414 οί
2253 3361 2349 3432 μὲν
2388 3360 2463 3432 μὴ
2492 3357 2629 3415 εἶναι
2655 3358 2791 3414 Θεὸν
2821 3355 3098 3422 παντελῶς
3125 3356 3330 3421 ἔδοξαν,
3361 3353 3475 3410 ἀλλ’
3504 3348 3639 3407 εἶναι
3662 3351 3757 3407 διὰ

2160 3453 2321 3509 κενὸν
2356 3452 2560 3524 ὄνομα·
2608 3454 2655 3507 oi
2702 3452 2759 3505 δὲ
2800 3452 2875 3523 μὴ
2917 3450 3077 3515 ὄντας
3126 3448 3456 3513 ἀνέπλασαν,
3487 3446 3577 3500 τὸν
3621 3445 3756 3500 ὄντα

2165 3546 2584 3619 παρωσάμενοι·
2633 3546 2684 3599 οἱ
2716 3545 2775 3600 δὲ
2800 3540 2940 3599 εἶναι
2968 3544 3066 3617 μὲν
3111 3542 3343 3613 ἔφασαν.
3390 3541 3465 3613 μὴ
3503 3540 3756 3613 προνοεῖν

2164 3636 2226 3691 δὲ
2251 3637 2357 3691 τῶν
2389 3637 2483 3690 ἐπὶ
2503 3636 2628 3707 γῆς.
2654 3634 2722 3691 O‘i
2746 3635 2811 3708 δὴ
2836 3635 3037 3699 πάντες
3065 3635 3145 3699 εἰς
3167 3634 3359 3688 ἀθεῖαν
3381 3630 3754 3705 περιετράπη-

2168 3745 2267 3783 σαν
2301 3729 2625 3802 φρονοῦντες
2655 3726 2828 3793 οὕτως
2849 3746 2863 3759 ο
2903 3730 2951 3782 εί
2978 3728 3071 3782 καὶ
3110 3727 3186 3798 μὴ
3216 3726 3457 3798 ἐτόλμων
3490 3726 3663 3779 εἰπεῖν
3685 3724 3753 3778 δι’

2157 3820 2233 3884 ἃς
2278 3819 2459 3892 έχουσι
2500 3819 2700 3884 πάντες
2755 3817 2991 3889 φυσικὰς
3038 3816 3246 3881 ἑννοίας
3290 3817 3420 3887 περ)⁵
3452 3814 3621 3870 Θεοῦ’
3670 3813 3757 3868 διὸ

2164 3913 2361 3985 καρδίᾳ
2404 3912 2611 3981 ἔλεγον,
2645 3911 2759 3966 ἀλλ’
2800 3897 2862 3965 οὗ
2909 3910 3171 3981 στόματι⁵
3204 3911 3263 3963 ὲν
3300 3907 3476 3979 τούτῳ
3508 3906 3618 3980 γὰρ
3658 3907 3758 3961 καὶ

2164 4006 2393 4070 πολλοὺς
2437 4005 2615 4073 λέγειν
2652 4002 2868 4058 ἐδόκουν
2900 4000 3076 4066 θεούς.
3114 3999 3439 4073 Ἦλέγχοντο
3462 4000 3521 4055 δὲ
3554 4001 3649 4070 ἀφ’
3676 3992 3755 4054 ὧν

2162 4101 2335 4174 ἔδρων
2354 4117 2368 4132 ’
2404 4098 2513 4154 ἀπὸ
2553 4097 2663 4171 γὰρ
2688 4098 2783 4153 τοῦ
2818 4095 3039 4170 καρποῦ
3071 4094 3135 4149 τδ
3158 4094 3374 4167 δένδρον
3402 4093 3750 4163 γινώσκεται.

2161 4185 2450 4264 Μηδεμιᾶς
2478 4189 2586 4264 γὰρ
2612 4190 2900 4260 ἀσελγείας
2922 4184 3248 4260 φειδόμενοι,
3283 4184 3449 4241 παντὶ
3479 4186 3537 4240 δὲ
3564 4185 3761 4258 τρόπῳ

2162 4285 2255 4338 τὸν
2303 4285 2417 4356 βίον
2464 4283 2945 4355 διαφθειρόμενοι,
2999 4274 3049 4335 εί
3102 4281 3197 4336 καὶ⁹
3258 4282 3485 4354 μυρίους
3544 4280 3759 4351 ὡμολό-

2163 4392 2293 4445 γουν
2329 4377 2507 4441 θεοὺς,
2544 4376 2694 4447 δῆλοι
2728 4370 2869 4447 ἦσαν
2901 4375 3056 4431 οὐδὲν
3086 4376 3237 4445 ὑγιὲς
3270 4374 3593 4447 φρονοῦντες
3628 4374 3756 4446 περὶ

474 4452 681 4506 tiorum
719 4469 918 4524 genere
964 4463 1355 4527 temperarent,
1391 4457 1653 4529 omnique
1682 4462 1847 4514 modo
1895 4461 2064 4515 vitam

2165 4470 2321 4525 Θεοῦ.
2368 4473 2594 4542 Ἄφρων
2628 4465 2722 4523 οὖν
2774 4462 2946 4532 ὅντως
2999 4469 3029 4522 ὁ
3069 4468 3176 4541 πρὸ
3223 4468 3323 4540 τῆς
3369 4467 3465 4522 τοῦ
3502 4466 3758 4538 Σωτῆρος

475 4543 858 4616 inquinarent,
890 4547 1108 4603 etiamsi
1140 4548 1386 4603 inﬁnitos
1413 4563 1539 4605 esse
1570 4550 1704 4607 deos
1733 4553 2062 4608 conﬁteren-

2167 4562 2461 4634 ἐπιδημίας
2498 4560 2613 4631 βίος
2649 4560 2746 4632 (2).
2788 4562 2959 4633 Εἴπερ
2990 4559 3147 4631 ἀρχὴ
3179 4561 3402 4631 σοφίας
3429 4561 3612 4629 φόϐος
3634 4563 3755 4615 Κυι-

476 4645 604 4706 tur;
632 4639 808 4709 palam
831 4647 1017 4695 tamen
1039 4648 1160 4696 erat
1188 4656 1286 4697 eos
1314 4657 1510 4698 sanum
1537 4642 1674 4698 nihil
1703 4644 1770 4702 de
1802 4643 1915 4700 Deo
1934 4662 2061 4703 sen-

2163 4655 2323 4725 ρίου,
2355 4653 2554 4708 οὐκοῦν
2594 4652 2675 4725 τῷ
2715 4652 2789 4725 μὴ
2824 4652 3106 4724 φοϐεῖσθαι
3147 4655 3243 4708 καὶ
3271 4653 3484 4707 ἀθετεῖν
3514 4652 3754 4707 ἀντίκει-

474 4728 604 4783 tire.
636 4729 824 4800 Itaque
853 4738 980 4786 ante
1012 4729 1316 4789 Salvatoris
1345 4733 1638 4788 adventum
1677 4742 1790 4790 tota
1833 4736 1941 4792 vita
1970 4754 2061 4810 ge-
2164 4762 2255 4799 ται
2291 4747 2326 4817 ἡ
2364 4744 2546 4814 σοφία.

476 4837 695 4893 nusque
716 4823 1001 4883 hominum
1025 4827 1297 4900 insipiens
1325 4837 1464 4886 erat.
1500 4829 1637 4885 Nam
1665 4831 1712 4887 si
1772 4832 1987 4890 initium
2007 4838 2285 4907 sapientia:
2344 4841 2505 4895 timor
2542 4839 2762 4896 Domini
2815 4840 2895 4908 ¹³;
2956 4854 3091 4897 sane
3127 4838 3299 4897 Deum
3332 4853 3441 4894 non
3467 4838 3660 4894 timere
3689 4845 3755 4889 ac

477 4914 784 4986 despicere,
815 4920 1127 4990 oppositum
1152 4921 1438 4991 sapientia:
1465 4921 1650 4982 fuerit.
2154 4908 2157 4911 ﬁ

548 5008 716 5067 Vnus.
757 5010 811 5068 5.
856 5010 1049 5068 Omnes
1102 5014 1533 5085 declinaverunt,
1602 5023 1763 5078 simul
1843 5024 2060 5080 inutiles

2242 5016 2474 5091 Πάντες
2501 5023 2822 5091 ἐξέκλιναν
2852 5023 2973 5093 ἅμα
3000 5021 3443 5092 ἠχρειὼθησαν·
3479 5025 3591 5077 οὐκ
3621 5023 3753 5078 ἐστι

476 5103 609 5175 facti
640 5115 763 5161 sunt
787 5117 808 5159 :
835 5123 942 5161 non
985 5116 1062 5162 est
1090 5111 1182 5179 qui
1212 5110 1384 5180 faciat
1415 5112 1631 5181 bonum,
1666 5133 1770 5171 non
1799 5126 1875 5173 est
1900 5134 2064 5188 usque

2168 5115 2358 5170 ποιῶν
2394 5119 2803 5187 χρηστότητα,
2833 5118 2945 5171 οὐκ
2973 5116 3148 5170 ἐστιν
3175 5114 3286 5181 ἕως
3318 5115 3476 5180 ἑνός.
3510 5116 3668 5169 Δοκεῖ
3695 5113 3753 5168 δέ

476 5197 547 5249 ad
586 5214 771 5255 unum.
814 5198 942 5255 Haec
992 5201 1125 5255 mihi
1177 5202 1432 5260 videntur
1482 5206 1707 5261 tacitam
1766 5207 2061 5278 quamdam

2174 5227 2262 5282 μοι
2306 5210 2372 5265 τὰ
2413 5192 2752 5284 προκείμενα
2785 5209 2878 5264 καὶ
2912 5207 3077 5262 αὑτοῦ
3118 5207 3211 5262 τοῦ
3246 5204 3515 5262 Ἰουδαίων
3567 5206 3756 5273 ἔθνους

473 5287 689 5346 Iudaici
719 5295 903 5363 populi
964 5294 1402 5354 criminationem
1458 5301 1771 5370 complecti.
1831 5298 1967 5357 Nam
2015 5301 2063 5356 si

2170 5300 2454 5375 λεληθυῖαν
2499 5302 2833 5374 κατηγορίαν
2884 5300 3178 5371 περιέχειν.
3226 5296 3291 5355 Εί
3323 5299 3453 5371 γὰρ,
3487 5298 3756 5370 διακύψας

552 5446 601 5476 ³³
635 5443 784 5503 Psal.
819 5462 925 5510 cx,
961 5449 1048 5505 10.

552 5604 629 5683 (Ι)
656 5606 715 5662 In
742 5607 963 5665 Eusebii
1008 5612 1305 5683 exemplari
1331 5613 1448 5671 haec
1483 5626 1589 5666 vox
1610 5609 1824 5683 ψαλμός
1853 5626 1962 5670 non
1984 5612 2058 5668 le-
2166 5611 2367 5683 psalmi
2400 5627 2434 5666 v
2468 5612 2759 5683 accipitur,
2788 5620 2843 5668 et
2879 5612 2935 5683 in
2965 5609 3071 5665 ﬁne
3103 5609 3243 5683 serti
3274 5609 3401 5683 libri
3439 5607 3514 5683 ρο
3546 5625 3758 5683 μητερα-

477 5679 864 5762 3ebatu£,nee
889 5679 1311 5762 estinliebraeo
1626 5679 1635 5681 “
1726 5679 1737 5683 ⁷
1824 5754 1836 5762 _
1914 5753 1964 5762 Δ·

2164 5679 2369 5762 ratione
2410 5679 2734 5762 evangelica.
2780 5684 2811 5735 ὁ
2859 5680 3233 5762 adu-naisth
3272 5679 3585 5762 ἀνθρώπων
3619 5681 3757 5762 βίος,

551 5748 626 5825 (ξ.)
666 5748 904 5825 Eusebio
953 5752 1242 5825 familiaris
1284 5765 1370 5809 est
1414 5755 1503 5808 hic
1539 5768 1673 5809 usus
1718 5754 1871 5825 vocis
1912 5753 2049 5825 βίος,
2162 5756 2464 5809 universum
2496 5748 2763 5808 hominum
2791 5748 2994 5825 genus,
3015 5751 3249 5823 aliisque
3287 5751 3341 5806 in
3369 5748 3506 5808 lucis
3532 5748 3754 5808 nonin.-

477 5818 691 5877 scilicet
718 5835 820 5892 pro
843 5822 1112 5879 hominum
1134 5840 1341 5895 genere;
1373 5825 1453 5882 sic
1485 5825 1736 5894 superius
1759 5824 1824 5880 ad
1848 5818 2050 5881 vei-5.2
2158 5825 2473 5896 frequenter
2509 5825 2612 5883 hoc
2651 5839 2754 5879 usu
2780 5818 3045 5879 occurrit.
