4096 6392
358 416 466 474 N5

1481 411 1985 468 COMMENTARIA
2020 411 2089 467 1N
2124 409 2460 470 PSALMOS.

3506 406 3608 466 Mf

289 534 293 538 ’
358 532 425 585 ἐκ
471 529 566 585 τοῦ
608 528 835 602 οὐρανοῦ
865 527 1069 602 Κύριος
1115 527 1207 581 καὶ
1247 526 1623 595 ἐπισκοπήσας
1670 526 1798 589 τοὺς
1837 525 1931 580 ἐπὶ

2033 525 2334 597 respiciens
2356 523 2423 578 de
2445 523 2586 579 ctelo
2609 521 2872 581 Dominus
2913 530 3076 597 alque
3103 524 3483 591 considerans,
3513 524 3613 579 de-

358 622 464 694 γῆς
518 619 726 685 πάντας
765 612 920 692 εὗρεν
970 619 1322 682 ἐκκλίναντας
1369 619 1465 672 καὶ
1514 618 1930 689 ἁχρειωθέντας,

356 711 436 776 ὡς
457 710 659 783 μηδένα
691 710 957 782 μηδαμῶς
985 710 1334 782 εὑρίσκεσθαι
1361 712 1420 763 ἐν
1441 707 1767 781 ἀνθρώποις,
1800 708 1934 780 μηδὲ

362 801 552 874 μέχρις
597 802 749 866 ἐνὸς,
790 802 885 855 τὸν
934 801 1069 874 μηδὲ
1120 801 1510 875 ὴχρειωμένον,
1563 801 1697 873 μηδέ
1747 801 1932 856 ὲκκλίι

358 907 555 949 ναντα·
608 890 899 945 ἀκόλουθόν
939 892 1057 945 ἐστι
1086 893 1201 955 τοῖς
1233 892 1367 944 πᾶσι
1416 889 1936 962 συμπεριλαμϐάνε-

360 984 502 1050 σθαι,
517 985 693 1039 καὶτὸ
717 985 986 1039 Ἰουδαίων
1010 984 1182 1049 ἔθνος,
1198 984 1294 1040 καὶ
1314 983 1474 1037 αὑτὸν
1492 984 1583 1038 τὸν
1601 983 1933 1055 καλούμενον

370 1076 604 1149 Ἰσραήλ.
654 1076 735 1131 Τὰ
777 1076 958 1147 μέντοι
1003 1077 1340 1150 προκείμενα
1370 1075 1528 1146 λόγια
1577 1076 1765 1147 σαφῶς
1827 1077 1935 1131 ἀπ-

357 1168 617 1240 εφήνατο,
636 1168 931 1233 ὃτιπάντες
954 1168 1252 1237 ἐξέκλιναν,
1277 1168 1394 1240 ἅμα
1422 1168 1826 1241 ὴχρειώθησαν,
1857 1169 1965 1235 ὡς.

360 1259 495 1331 μηδὲ
529 1256 681 1315 ἐἶναι
729 1260 988 1316 ποιοῦντα
1036 1262 1416 1336 χρηστότητα,
1466 1263 1599 1335 μηδὲ
1635 1263 1740 1327 ἓως
1790 1264 1929 1327 ἑνός.

359 1352 507 1406 Ἔδει
542 1352 651 1425 γὰρ
689 1351 751 1408 τὸ
802 1354 1029 1425 μέγεθος
1076 1355 1430 1427 παραστῆναι
1462 1356 1564 1427 τῆς
1593 1357 1654 1410 ἐν
1693 1358 1807 1421 τοῖς
1837 1357 1935 1412 ἀνι-

356 1443 596 1517 θρώποις
642 1446 1005 1520 ἐγγενομένης
1048 1448 1204 1502 νόσου
1257 1449 1365 1521 πρὸ
1407 1449 1508 1520 τῆς
1552 1449 1647 1503 τοῦ
1682 1450 1935 1522 Σωτῆρος

356 1537 689 1610 παρουσίαςο
717 1539 794 1602 ὡς
823 1537 892 1593 ἂν
915 1541 950 1612 ἡ
974 1538 1158 1609 ἄφιξις
1185 1540 1351 1595 αὐτοῦ
1386 1542 1578 1613 φανείη
1606 1544 1721 1606 τοῖς
1766 1541 1934 1596 πᾶσιν

355 1629 648 1700 ἀναγκαία.
683 1630 893 1697 Πάντες
920 1632 1029 1704 γὰρ
1058 1633 1306 1705 ἥμαρτον
1329 1635 1424 1688 καὶ
1454 1632 1806 1707 ὑστεροῦνται
1832 1633 1947 1704 τῆς·

350 1724 511 1799 δόξης
550 1724 646 1781 τοῦ
678 1727 835 1794 Θεοῦ,
869 1729 1242 1800 δικαιούμενοι
1284 1730 1492 1802 δωρεὰν
1528 1733 1597 1803 τῇ
1637 1730 1803 1785 αὐτοῦ
1840 1729 1938 1801 Xa.

260 1860 277 1870 .
353 1833 486 1886 ριτι.
518 1816 735 1889 Ταύτην
759 1817 817 1872 δέ
848 1819 940 1873 καὶ
987 1820 1016 1871 ὁ
1052 1820 1292 1884 Ἡσαΐας.
1311 1820 1618 1892 συμφώνως
1645 1821 1951 1887 ἀποδίδωσι,

2031 615 2379 687 prehenderit
2399 630 2591 671 omnes
2615 616 2708 686 qui
2733 615 2790 670 in
2820 623 2970 671 terra
3000 616 3362 673 versabantur
3381 655 3397 681 ,
3441 616 3623 711 declirq

2031 724 2194 766 nasse
2218 716 2273 766 et
2302 707 2523 766 inutiles
2561 708 2735 765 factos
2784 723 2907 765 esse
2927 748 2942 774 ,
2980 715 3040 764 ut
3069 722 3229 763 nemo
3262 722 3491 779 prorsus
3520 707 3623 782 rea:

2031 801 2301 871 periretur
2337 800 2393 855 in
2426 800 2743 857 hominibus
2765 839 2781 865 ,
2824 815 2891 859 ac
2933 815 3005 857 ne
3041 800 3126 856 vel
3158 816 3331 864 unus,
3376 800 3470 870 qui
3502 814 3622 856 non

2032 892 2243 956 inutilis
2274 891 2641 959 factusesset,
2670 900 2729 949 et
2764 893 2865 964 qui
2890 908 2999 949 non
3025 892 3380 956 declinasset,
3411 907 3625 977 conseﬂ

2031 1000 2207 1057 quens
2228 987 2453 1046 omnino
2477 992 2563 1041 est
2583 1001 2709 1041 cum
2739 985 3010 1042 omnibus.
3030 983 3422 1056 comprehendi
3446 985 3614 1041 etiam

2031 1079 2210 1149 ipsum
2239 1076 2525 1135 Judaicum
2546 1093 2743 1150 genus,
2774 1078 2933 1149 quod.
2961 1078 3087 1133 item
3121 1075 3290 1137 istael
3323 1091 3615 1147 nuncupa-

2032 1174 2149 1226 tum
2174 1177 2277 1225 est.
2311 1166 2436 1226 lstis
2469 1170 2654 1240 itaque
2704 1168 2939 1239 eloquiis
2993 1168 3140 1225 clare
3185 1154 3626 1238 pronuntiatur,‘

2033 1260 2181 1330 quod
2211 1258 2423 1316 scilicet
2460 1276 2654 1317 omnes
2679 1260 3094 1327 declinaverint,
3117 1267 3179 1318 et;
3202 1260 3375 1319 simul.
3394 1260 3616 1317 inutiles

2033 1352 2164 1408 facti
2192 1352 2325 1420 sint,
2356 1353 2433 1408 ita
2455 1354 2726 1410 ut-nullus
2749 1353 2915 1410 fuerit
2939 1354 3034 1425 qui
3059 1353 3266 1411 faceret
3291 1354 3517 1421 bonum,
3546 1368 3619 1410 ne

2031 1446 2120 1501 vel
2154 1461 2326 1517 usque
2355 1446 2423 1502 ad
2453 1463 2648 1505 unum.
2699 1446 2808 1503 Par
2837 1446 2942 1503 fuit
2987 1447 3134 1505 enim
3180 1446 3618 1519 magnitudinem

2033 1536 2231 1600 morbi,
2264 1536 2357 1607 qui
2398 1545 2526 1594 ante
2569 1537 2882 1595 Salvatoris.
2916 1539 3210 1596 adventum
3264 1538 3320 1594 in
3362 1524 3629 1595 omnibus:

2033 1630 2349 1686 hominibus
2401 1631 2794 1702 grassabatur,
2840 1631 3020 1702 palam
3068 1631 3297 1689 facere:
3338 1637 3399 1687 ut
3448 1611 3628 1705 mani-1

2036 1720 2233 1777 festum
2257 1723 2513 1780 omnibus
2535 1723 2841 1792 esset-ejus.
2860 1722 2918 1779 in
2946 1732 3094 1780 terra
3121 1710 3627 1796 peregrinationem

2035 1810 2209 1868 fuisse
2241 1827 2473 1883 prorsus
2501 1812 2892 1869 necessariam.
2942 1811 3145 1871 Omnes
3187 1813 3457 1885 siquidem
3489 1800 3626 1897 peoo;
3674 1871 3677 1874 .

354 1906 455 1978 τὴν
487 1906 724 1964 διάνοιαν
766 1910 826 1964 ἐν
860 1905 943 1975 οἷς
980 1926 1115 1981 φησι
1172 1911 1309 1982 πρὸς
1345 1911 1446 1984 τὴν
1492 1912 1766 1967 Ἰουδαίων
1810 1929 1935 1968 συν-

2034 1911 2333 1967 caverunt,
2363 1919 2555 1961 omnes
2607 1904 2783 1976 gloria
2814 1904 2911 1961 Dei
2944 1906 3305 1976 privabantur
3328 1946 3343 1971 ,
3396 1915 3461 1962 et-
3498 1895 3627 1995 jam;

351 1999 576 2072 αγωγὴν
609 2001 1026 2073 ἀποτεινόμενος
1044 2019 1059 2033 ⁸
1087 2002 1243 2058 Ἰδοὺ
1269 2002 1400 2071 ταῖς
1426 2005 1738 2075 ἁμαρτίαις
1767 2005 1952 2076 ὑμῶν

349 2092 647 2165 ἐπράθητε
661 2133 677 2158 ,
723 2095 824 2150 καί
869 2095 999 2162 ταῖς
1029 2096 1302 2167 ἁνομίαις
1333 2098 1502 2167 ὑμῶν
1536 2098 1937 2164 ἐξαπέστειλα

350 2185 467 2255 τὴν
491 2183 719 2255 μητέρα
743 2183 931 2253 ὑμῶν,
958 2184 1110 2241 διότι
1156 2186 1367 2257 ἦλθον,
1410 2186 1510 2242 καί
1528 2189 1641 2243 οὐκ
1658 2184 1739 2259 ἦν
1766 2190 1801 2244 ό
1828 2188 1945 2242 ἄν.

349 2281 610 2346 θρωποςο
663 2275 952 2342 ἐκάλεσα,
996 2277 1096 2331 καὶ
1141 2280 1254 2332 οὐκ
1294 2274 1374 2349 ἦν
1409 2281 1445 2333 ό
1466 2280 1811 2334 ὑπακούων.
1860 2279 1935 2334 Th

345 2367 476 2439 γὰρ,
510 2367 661 2422 διότι
683 2363 896 2439 ἦλθον,
929 2367 1115 2440 ὅμοιον
1149 2368 1217 2424 ἂν
1248 2370 1333 2443 εἴη
1363 2369 1463 2442 τῷ,
1488 2372 1703 2441 Κύριος
1726 2372 1797 2437 ἐξ
1826 2374 1931 2427 οὺ-

339 2459 533 2528 ρανοῦ
564 2456 857 2527 διέκυψεν
888 2458 986 2512 ἐπὶ
1025 2458 1170 2526 τοὺς
1207 2459 1381 2528 υἱοὺς
1410 2460 1530 2516 τῶν
1570 2461 1897 2543 ἀνθρώπων
1912 2479 1936 2506 ολ

344 2550 406 2605 τὸ
437 2550 497 2605 δέ
518 2566 534 2582 ο
560 2548 674 2605 Kal
700 2551 814 2606 οὐκ
848 2547 929 2622 ἦν
954 2549 1285 2620 ἄνθρωπος,
1327 2552 1425 2607 καί
1464 2554 1577 2608 οὐκ
1629 2550 1711 2625 ἦν
1743 2557 1776 2608 ό
1819 2538 1934 2609 15x-

344 2642 605 2711 ακούων,
636 2642 916 2714 ὅμοιοντῷ
934 2661 948 2675 ·
978 2642 1545 2716 Πάντεςιέξέκλιναν
1572 2645 1671 2700 καί
1684 2645 1939 2715 ὴχρειὼε,

349 2737 568 2801 θησαν.

263 2982 271 2989 1
434 2905 585 2978 Οὐχί
631 2906 963 2979 γνώσονται
1017 2907 1241 2975 πάντες
1292 2912 1346 2964 οὶ
1395 2907 1769 2981 ἐργαζόμενοι
1816 2910 1934 2980 τὴν

346 2999 607 3071 ἀνομίαν
629 3040 646 3065 ,
699 3003 755 3056 ol
802 3001 1115 3068 ἐσθίοντες
1171 2999 1281 3056 τὸν
1332 3002 1488 3056 λαόν
1536 3020 1655 3072 μου
1715 3002 1935 3071 βρώσει

347 3093 568 3164 ἇρτου;
606 3091 717 3148 Καί
761 3110 851 3164 μοι
887 3093 1036 3147 δοκεῖ
1073 3092 1440 3166 προφητεύειν
1485 3094 1784 3167 μεταϐολὴν
1809 3095 1941 3148 ἐσεο,

348 3186 470 3241 σθαι
494 3183 603 3239 τῶν
631 3183 800 3239 ἐθνῶν
832 3185 903 3238 ἐκ
934 3182 1232 3257 θηριώδους
1272 3184 1408 3256 βίου,
1435 3187 1533 3241 καὶ
1563 3186 1623 3252 ἐξ
1654 3187 1933 3257 ἀγνωσίας

344 3275 503 3341 Θεοῦ,
532 3274 628 3329 ἐπὶ
654 3276 863 3348 ἥμερον
896 3276 994 3330 καὶ
1033 3274 1257 3348 θεοσεϐῆ
1307 3276 1506 3349 τρόπον
1525 3294 1542 3309 ο
1580 3278 1611 3332 δ
1639 3279 1734 3333 καὶ
1781 3277 1930 3332 ἐστιν
1958 3272 2000 3329 C

344 3366 639 3439 ὀφθαλμοῖς
699 3366 1088 3440 παραλαϐόντα
1152 3370 1498 3441 μαρτυρῆσαι
1553 3369 1813 3442 ἀλήθειαν
1863 3373 1931 3443 τῇ

345 3458 673 3532 προφητείᾳ.
702 3458 1025 3532 Ἀναγνώσῃ
1046 3458 1226 3514 τοίνυν
1256 3459 1326 3515 τὰ
1350 3462 1687 3533 προκείμενα
1724 3463 1943 3536 ἐρωτηφη

348 3549 594 3622 ματικῶς
612 3590 628 3616 ,
678 3550 1081 3623 πυνθανομένου
1125 3551 1222 3607 τοῦ
1264 3553 1426 3623 λόγου
1467 3553 1564 3608 καὶ
1599 3552 1902 3623 φάσκοντος
1914 3572 1941 3595 °--

343 3642 409 3695 El
435 3641 531 3696 καὶ
555 3642 755 3707 πάντες
783 3640 1065 3710 ἐξέκλιναν
1091 3643 1200 3716 πρὸ
1242 3644 1342 3717 τῆς
1381 3643 1476 3698 τοῦ
1510 3642 1750 3716 Χριστοῦ
1789 3663 1935 3718 παρ-

344 3734 534 3800 ουσίας
565 3735 661 3789 καὶ
704 3734 1118 3806 ἠχρειώθησανο
1170 3736 1244 3808 μὴ
1294 3736 1476 3790 τοίνυν
1525 3736 1648 3807 οὐχὶ
1695 3734 1934 3804 γνώσονφ

342 3841 436 3879 ται
460 3826 523 3879 ἐν
547 3823 627 3896 τῷ
657 3824 794 3896 μετὰ
829 3824 1003 3879 ταῦτα
1041 3826 1219 3897 χρόνῳ
1251 3825 1452 3889 πάντες
1491 3829 1540 3880 οἱ
1575 3825 1942 3898 ἐργαζόμενοι

344 3915 442 3990 τὴν
469 3917 736 3989 ἀνομίανς
769 3917 1295 3989 προσυπακουόντων
1335 3916 1411 3989 (1)
1440 3918 1614 3988 ἡμῶν·

421 4010 536 4065 Τὸν
591 4009 830 4078 Κύριον,
874 4008 969 4064 καὶ
1028 4007 1172 4063 κατὰ
1203 4007 1383 4063 κοινοῦ
1422 4008 1584 4063 πάλιν
1627 4008 1935 4080 λαμϐανόν-

344 4118 453 4158 των
483 4100 553 4156 τὰ
594 4100 743 4171 ἑξῆς.
785 4099 898 4154 Καὶ
929 4100 1086 4154 αὐτοὶ
1124 4098 1235 4171 γὰρ
1267 4100 1315 4153 oi
1361 4099 1530 4155 πάλαι
1560 4100 1651 4153 τὸν
1682 4099 1810 4154 λαὸν
1837 4098 1934 4154 τοῦ

342 4193 480 4251 Θεοῦ
522 4192 656 4247 ὡσεὶ
691 4192 856 4265 ἄρτον
884 4191 1177 4256 ἐσθίοντες,
1231 4190 1325 4246 καὶ
1396 4192 1488 4246 τὸν
1518 4191 1723 4264 Κύριον
1771 4192 1959 4263 μηδεί

343 4283 565 4339 πώποτε
622 4283 1098 4355 ἐπικαλεσάμενοι,
1155 4283 1231 4356 μὴ
1294 4283 1416 4355 οὐχὶ
1487 4281 1789 4352 γνώσονται
1836 4283 1935 4337 αύ-

283 4372 288 4378 ’
342 4375 473 4439 τόνς
506 4374 617 4428 Καὶ
651 4373 878 4438 Ἡσαΐας
908 4372 967 4427 δέ
994 4373 1209 4452 συνᾴδει
1239 4374 1370 4445 περὶ
1402 4373 1511 4428 τῶν
1530 4372 1710 4428 αὐτῶν
1740 4372 1932 4428 θεσπί-

347 4466 457 4533 ζων
486 4466 582 4520 καὶ
636 4465 812 4536 λέγων
834 4481 850 4497 ο
903 4448 1006 4533 οῖςὲ
1057 4448 1171 4521 οὖκ
1211 4465 1518 4536 ἀνηγγέλη
1561 4465 1719 4535 περὶ·
1742 4466 1931 4521 αὐτοῦ

348 4559 636 4628 (hiemat:
699 4557 800 4612 καί
852 4557 912 4614 οἳ
982 4560 1095 4613 οὐκ
1159 4560 1456 4628 ἀκηκόασι
1518 4558 1927 4627 συνήσουσιν.

2035 1992 2158 2064 ejus
2203 1996 2379 2066 gratia
2404 1996 2576 2068 gratis
2618 1996 2903 2067 justiﬁcati
2943 2005 3095 2053 sunt.
3131 1996 3273 2054 Huic
3317 1992 3625 2055 consonam
3682 1992 3685 1997 “

2032 2083 2201 2144 Isaias
2245 2087 2569 2144 sententiam
2628 2089 2829 2155 tradit,
2884 2089 2980 2145 ubi
3020 2088 3335 2146 Iudaeorum
3381 2104 3619 2162 synago-

2033 2193 2157 2250 gam
2200 2180 2539 2250 compellans
2557 2182 2634 2237 ait
2661 2182 2750 2237 ηις
2789 2181 2924 2239 Ecce
2944 2183 3001 2237 in
3024 2181 3392 2252 iniquitatibus
3430 2183 3617 2241 uestris

2036 2272 2233 2329 uenditi
2257 2274 2404 2339 estis,
2435 2283 2486 2329 et
2530 2274 2591 2329 in
2634 2275 2915 2330 sceleribus
2944 2275 3132 2330 uestris
3173 2274 3359 2329 dimisi
3394 2284 3620 2330 matrem

2033 2375 2261 2422 uestram
2284 2384 2305 2422 :
2334 2369 2460 2439 quia
2485 2369 2620 2430 veni,
2653 2377 2703 2424 et
2742 2384 2845 2423 non
2891 2379 3007 2423 erat
3035 2369 3148 2432 uir;
3200 2368 3401 2429 uocaui,
3433 2378 3483 2423 et
3513 2384 3621 2423 non

2034 2469 2151 2515 erat
2176 2460 2266 2529 qui
2287 2462 2644 2530 responderet.
2679 2458 2818 2514 Illud
2852 2463 3019 2527 enim,
3048 2461 3174 2532 quia
3221 2462 3356 2525 veni,
3382 2461 3467 2517 his
3496 2477 3620 2516 ver-

2033 2552 2119 2608 bis
2146 2551 2310 2607 afﬁne
2354 2551 2519 2607 Fuerit
2539 2592 2555 2616 ,
2608 2551 2872 2613 Dominus
2900 2552 2966 2607 de
2993 2553 3123 2608 caelo
3150 2555 3420 2624 prospexit
3463 2568 3620 2623 super

2035 2646 2178 2716 filios
2206 2646 2512 2710 hominum;
2540 2645 2676 2701 illud
2697 2652 2902 2712 autem,
2932 2646 3001 2701 Et
3028 2664 3133 2703 non
3152 2631 3396 2709 erattuir,
3432 2658 3483 2703 et
3514 2665 3620 2702 non

2033 2746 2150 2793 erat
2185 2738 2275 2807 qui
2296 2736 2652 2808 responderet,
2676 2736 2854 2794 simile
2881 2736 2983 2804 illi,
3009 2736 3202 2793 Omnes
3223 2736 3617 2792 declinaverunt

2033 2837 2083 2884 et
2114 2829 2330 2884 inutiles
2357 2829 2490 2899 facti
2518 2838 2661 2884 sunt.

2105 2921 2272 2979 Vens.
2303 2923 2363 2978 4.
2406 2921 2600 2978 Nonne
2640 2931 2953 2995 cognoscent
2989 2939 3170 2978 omnes
3203 2924 3294 2994 qui
3332 2931 3621 2992 operantur

2034 3014 2389 3085 iniquitatem,
2416 3015 2508 3086 qui
2548 3014 2804 3071 deuorant
2846 3015 3046 3086 plebem
3081 3032 3251 3071 meam
3302 3015 3621 3070 comestione

2031 3105 2186 3172 panis
2205 3108 2231 3160 ?
2260 3103 2491 3161 Videtur
2509 3105 2642 3160 mihi
2678 3104 2970 3160 vaticinari
2997 3105 3236 3161 futuram
3259 3105 3526 3176 gentium,
3549 3118 3620 3160 ex

2032 3195 2144 3251 vita
2172 3196 2346 3252 ferina
2374 3204 2430 3253 et
2452 3196 2762 3269 ignorantia
2791 3196 2909 3260 Dei,
2938 3197 2996 3253 in
3034 3205 3353 3253 mansuetos
3392 3208 3457 3250 ac
3489 3194 3633 3250 reli-t

2032 3288 2221 3360 giosos
2244 3304 2425 3345 mores
2451 3290 2808 3346 mutationem
2837 3310 2851 3345 :
2884 3288 3032 3361 quod
3057 3295 3161 3353 est,
3195 3305 3256 3344 re
3276 3289 3463 3344 oculis.
3489 3302 3632 3357 perm

2036 3389 2213 3452 cepta,
2243 3382 2524 3437 veritatem
2556 3381 2857 3453 prophetiae
2904 3379 3207 3438 testiﬁcari.
3262 3377 3389 3434 Haec
3434 3379 3622 3450 itaque

2034 3474 2411 3548 interrogandi
2437 3490 2590 3532 more
2624 3476 2849 3547 legenda
2881 3482 3046 3545 sunt;
3091 3481 3444 3545 percontatur
3471 3473 3618 3528 enim

2035 3563 2329 3623 Psalmista
2352 3580 2418 3621 ac
2448 3567 2494 3622 si
2522 3566 2730 3623 diceret
2754 3585 2784 3622 ι-
2805 3566 3032 3622 Etiamsi
3061 3579 3252 3621 omnes
3275 3571 3400 3620 ante
3412 3563 3620 3620 Christi

2037 3656 2330 3712 adventum
2353 3655 2767 3712 declinaverunt
2789 3663 2845 3711 et
2871 3654 3090 3710 inutiles
3120 3653 3247 3708 facti
3284 3660 3448 3718 sunt,
3483 3667 3622 3705 non-

2037 3767 2107 3806 ne
2127 3751 2183 3806 in
2215 3749 2464 3820 sequenti
2504 3755 2751 3820 tempore
2784 3755 3119 3819 cognoscent
3145 3761 3338 3803 omnes
3368 3745 3461 3817 qui
3490 3749 3632 3821 opeﬁ

2035 3849 2231 3896 rantur
2254 3841 2599 3911 iniquitatem
2613 3841 2641 3895 ?~
2669 3840 2773 3896 Cui
2805 3856 2913 3902 nos
2938 3838 3370 3911 respondemus:

2090 4015 2275 4073 Ὕδης.
2339 4016 2394 4074 5.
2452 4016 2744 4074 Dominum
2795 4033 2901 4072 non
2946 4017 3353 4077 invocaverunt,
3404 4022 3621 4086 etque

2036 4116 2342 4181 sequuntur
2368 4111 2426 4164 in
2455 4109 2733 4164 communi
2762 4108 3085 4179 accipimus.
3112 4106 3305 4161 Nonne
3332 4106 3492 4161 iidem
3514 4107 3635 4201 ipsiE

2035 4206 2128 4274 qui
2157 4203 2287 4258 olim
2320 4203 2580 4274 populum
2611 4201 2708 4258 Dei
2738 4201 2896 4272 quasi
2922 4215 3117 4272 panem
3154 4198 3534 4263 comedehant,
3567 4198 3635 4277 et:
3683 4268 3689 4283 l

2035 4307 2315 4362 nunquam
2375 4291 2668 4348 Dominum
2713 4293 3148 4357 invocaverunt,
3196 4290 3415 4346 tandem
3468 4290 3636 4377 illum;

2036 4385 2310 4455 cognituri
2336 4385 2499 4441 sunt?
2553 4384 2693 4441 Huic
2732 4384 2935 4441 accinit
2976 4383 3170 4448 Isaias,
3198 4384 3291 4455 qui
3332 4382 3400 4438 de
3426 4368 3634 4451 iisdem;

2034 4474 2365 4530 vaticinatur
2384 4475 2473 4532 his
2491 4476 2702 4533 verbis:
2729 4474 2931 4542 Quibus
2947 4491 3053 4530 non
3078 4473 3540 4529 annuntiatnmesl
3556 4471 3635 4549 de:
3678 4465 3694 4531 3

2033 4567 2373 4632 eo,uidebunt
2389 4583 2408 4621 :
2429 4578 2475 4623 et
2491 4570 2580 4638 qui
2600 4585 2703 4624 non
2719 4568 3020 4633 audierunt,
3045 4567 3333 4637 intelligent
3354 4568 3475 4624 ιδ.-
3495 4563 3622 4619 Illic

360 4651 516 4707 Ἐκεῖ
540 4651 889 4707 ἐδειλίασαν
930 4653 1111 4722 φόϐῳ,
1164 4647 1238 4709 οὗ
1296 4656 1409 4709 οὐκ
1440 4649 1520 4725 ἦν
1571 4655 1775 4724 φόϐος.
1802 4654 1932 4709 Ὅτι

2037 4658 2426 4728 trepidauerunt
2476 4660 2661 4713 timore
2699 4657 2793 4712 ubi
2846 4675 2955 4713 non
2992 4667 3110 4712 erat
3141 4661 3320 4711 timor.
3354 4644 3621 4722 Quoniam

344 4746 382 4799 ό
411 4743 555 4811 Θεὸς
589 4744 661 4799 ἐν
698 4743 876 4816 γενεᾷ
919 4743 1140 4812 δικαίᾳ.
1179 4744 1338 4810 Τίνες
1376 4745 1434 4800 δὲ
1465 4745 1580 4801 ἀλλ’
1611 4746 1646 4819 ἢ
1678 4748 1729 4801 οί
1763 4747 1930 4819 ἐργα-

346 4835 565 4905 ζόμενοι
601 4835 702 4909 τὴν
734 4837 993 4909 ἀνομίαν,
1020 4837 1116 4892 καὶ
1146 4839 1195 4891 οἱ
1229 4837 1491 4910 πρότερον
1523 4837 1599 4910 μὴ
1638 4837 1931 4893 ἐπικαλού-

350 4944 501 4997 μενοι
530 4925 621 4981 τὸν
646 4927 889 5000 Κύριον;
926 4928 1079 4982 ἔσται
1112 4927 1221 4999 γάρ
1263 4946 1394 4983 ποτε
1440 4930 1651 5003 καιρὸς,
1685 4931 1775 4984 ὅτε
1804 4932 1929 4985 ἐπι-

343 5018 645 5087 γνώσονται
670 5020 853 5083 αὐτὸν,
887 5019 1010 5075 καθ’
1036 5020 1097 5074 ὃν
1122 5020 1215 5075 καὶ
1242 5020 1407 5089 φόϐον
1435 5021 1801 5094 ἀναλήψονται
1831 5022 1927 5077 τοῦ

345 5110 482 5165 Θεοῦ
505 5111 600 5166 καὶ
616 5111 819 5166 δειλίαν
846 5112 1212 5184 ἀγαθήν.”οτι
1246 5111 1304 5167 δὲ
1329 5112 1429 5167 τὸν
1448 5113 1611 5182 φόϐον
1637 5114 1931 5171 ἀναλαϐεῖν

348 5202 556 5277 Κυρίου
589 5202 793 5273 ἀγαθόν
812 5204 950 5269 ἐστι,
987 5203 1147 5275 δῆλον
1172 5204 1280 5259 ἀπὸ
1304 5203 1400 5260 τοῦ
1425 5204 1679 5273 λέγεσθαι
1695 5221 1710 5236 ·
1753 5206 1926 5276 Ἀρχὴ

345 5295 568 5364 σοφίας
620 5295 807 5365 φόϐος
828 5298 1069 5364 Κυρίου.
1102 5299 1166 5351 Οἱ
1195 5295 1514 5369 δηλούμενοι
1550 5297 1728 5353 τοίνυν
1758 5298 1925 5369 φοϐη-

346 5385 602 5458 θήσονται
625 5390 752 5446 ὲκετ
775 5387 923 5459 φόϐῳ
940 5405 954 5419 ·
983 5389 1229 5443 τουτέστι
1257 5392 1409 5447 τότε.
1431 5389 1565 5445 Τίνα
1598 5390 1655 5444 δὲ
1684 5390 1925 5471 φοϐηθηη

423 5583 469 5617 ⁸⁸
506 5583 614 5643 Isa.
646 5600 702 5651 L,
741 5584 873 5652 1,2.
950 5586 993 5619 “
1034 5583 1138 5643 lsa.
1174 5601 1282 5650 ιιι,
1316 5586 1402 5642 15.
1484 5588 1527 5620 ⁸⁸
1566 5588 1713 5646 Psal.
1749 5589 1960 5657 (11,10.

2037 4749 2297 4807 Dominus
2331 4752 2387 4806 in
2413 4752 2746 4822 generatione
2762 4751 2917 4820 justa
2945 4759 3043 4806 est.
3078 4749 3309 4816 Quinam
3340 4764 3471 4819 ergo
3512 4748 3620 4804 nisi

2036 4841 2074 4897 ii
2097 4841 2190 4913 qui
2218 4852 2516 4911 Operantur
2537 4842 2906 4913 iniquitatem,
2939 4850 2992 4896 et
3025 4840 3117 4911 qui
3141 4840 3296 4911 prius
3328 4838 3635 4917 Dominum;

2036 4949 2148 4988 non
2178 4933 2545 4989 invocabant?
2574 4933 2691 4989 Erit
2720 4935 2866 4990 enim
2904 4942 3125 5004 tempus
3152 4949 3263 5004 quo
3285 4940 3620 5003 cognoscent

2036 5023 2213 5085 illum,
2236 5039 2300 5079 ac
2329 5031 2463 5078 tunc
2509 5024 2706 5079 timore
2749 5020 2845 5079 Dei
2895 5021 3293 5093 formidineque
3324 5023 3467 5076 bona
3498 5021 3633 5093 alii-3

2036 5116 2272 5171 cientur.
2306 5116 2463 5184 Quod
2487 5124 2669 5173 autem
2708 5117 2878 5187 proba
2919 5131 3007 5173 res
3056 5116 3128 5171 sit
3177 5115 3374 5170 timore
3401 5104 3633 5187 Domini;

2037 5207 2206 5273 afﬁci,
2239 5209 2420 5280 palam
2453 5218 2536 5265 est
2564 5225 2632 5264 ex
2662 5208 2817 5264 hisce
2834 5197 3058 5264 verbis:
3093 5206 3319 5262 Initium
3345 5190 3632 5280 sapientiai:

2037 5301 2196 5355 timor
2223 5299 2434 5355 Domini
2463 5301 2524 5353 ".
2562 5300 2641 5354 Illi
2678 5300 2862 5371 itaque
2888 5299 2955 5354 de
2994 5299 3195 5370 quibus
3231 5298 3344 5368 jam
3391 5311 3574 5353 sermo
3600 5298 3629 5361 ,ε

2034 5395 2168 5461 illic,
2198 5393 2261 5455 id
2294 5402 2397 5462 est,
2422 5405 2547 5450 tunc
2590 5394 2940 5471 trepidabunt
2986 5394 3205 5453 timore.
3237 5390 3412 5459 Quem
3453 5404 3627 5461 porro.

418 5764 498 5852 ιι)
536 5764 1051 5852 Προσυπακρύειν,
1076 5764 1129 5820 id
1161 5774 1245 5821 est
1284 5765 1613 5852 qespondqre.
1650 5765 1787 5825 Vi‘ie
1821 5768 1876 5824 in
1905 5766 1937 5824 Ο

2033 5766 2256 5824 mastico
2281 5765 2348 5822 ad
2388 5765 2593 5821 calcem
2628 5779 2857 5835 operum
2892 5758 3175 5818 Athanasii
3206 5756 3260 5814 in
3296 5768 3430 5812 voce
3463 5751 3625 5814 ὐπαε

348 5831 551 5901 κούειν,
584 5831 640 5890 et
671 5831 981 5903 ὑπακούων,
1017 5852 1216 5907 supra,
1250 5837 1316 5892 ad
1349 5831 1492 5894 vers.
1522 5838 1574 5893 3.
