4096 6392
467 371 573 427 H7

1273 374 1546 433 EUSEBII
1585 377 2066 436 CAEISARIIZNSIS
2100 380 2250 438 OPP.
2288 382 2471 439 PARS
2507 384 2598 442 Ill.
2642 416 2711 429 --
2744 386 3155 450 EXEGETICA.

3632 397 3736 453 “8

462 488 734 542 timebunt
792 489 900 545 nisi
930 488 1262 545 Dominum?
1290 490 1405 546 lllic
1438 500 1643 555 autem,
1672 492 1921 554 ubinam.
1946 494 2027 549 nis

2127 548 2130 558 ι
2160 511 2342 549 σονται
2381 494 2413 567 ῆ
2448 496 2540 551 τὸν
2571 498 2805 571 Κύριον;
2842 502 2961 556 ἐκεῖ
2989 503 3065 570 δὲ,
3095 503 3197 557 ποῦ
3232 505 3263 578 ἤ
3291 505 3348 558 ἐν
3472 504 3733 578 μελλούσῃ

462 581 518 634 in
565 597 628 636 ea
684 596 806 651 quae
855 591 1087 638 ventura
1129 593 1213 639 est
1259 584 1639 654 generatione?
1691 586 2044 655 quamobrem

462 673 745 745 subjung'tt
763 692 779 729 :

532 764 702 821 Vens.
739 766 795 822 6.
838 767 1103 834 Quoniam
1149 766 1406 822 Dominus
1441 768 1499 822 in
1531 773 1864 840 generatione
1893 773 2047 842 justa

458 870 559 915 est.
595 859 892 915 Consilium
929 863 1098 931 inopis
1140 862 1458 932 confudistis
1482 904 1498 929 ,
1555 863 1816 920 Dominus
1870 879 2047 923 autem

460 968 579 1020 spes
605 954 720 1023 ejus
747 962 846 1009 est.
882 953 1354 1020 Quemadmodum
1387 957 1440 1011 in
1476 956 1603 1012 aliis
1637 975 1857 1030 quoque
1899 961 2047 1030 judi-

459 1046 585 1109 ciis,
651 1060 773 1117 quae
815 1045 883 1101 de
933 1046 1314 1103 contractibus
1369 1055 1425 1102 et
1476 1047 1545 1103 de
1582 1053 1913 1106 commercio
1967 1051 2047 1108 fe-

455 1144 677 1200 runtur,
712 1137 861 1190 nulla
891 1137 1141 1194 habenda
1194 1146 1278 1195 est
1319 1155 1683 1210 personarum
1735 1143 1910 1210 ratio;
1963 1144 2044 1199 sic

455 1227 511 1279 in
549 1227 1072 1291 consultationibus,
1092 1243 1206 1284 non
1233 1229 1550 1299 imperium,
1583 1247 1694 1287 non
1728 1232 2040 1298 facultates,

453 1317 551 1375 sed
584 1334 739 1376 mens
766 1329 916 1375 recte
949 1320 1200 1377 instituta
1226 1322 1511 1393 probaque
1544 1326 1885 1380 conscientia
1920 1342 2045 1396 spe-

451 1410 652 1467 ctanda
689 1420 796 1468 est.
832 1412 961 1468 Haec
988 1429 1155 1483 porro
1191 1430 1314 1484 quae
1362 1415 1478 1485 jam
1532 1416 1817 1487 proposita
1868 1426 2039 1485 sunt,

451 1513 688 1575 possunt
711 1520 834 1561 mea
862 1506 1081 1576 quidem
1106 1508 1379 1562 sententia
1409 1506 1477 1562 de
1500 1506 1707 1564 ludatis
1739 1507 2041 1566 Salvatoris

450 1598 743 1653 consilium
775 1596 1115 1655 confundere
1138 1601 1468 1655 conantibus
1501 1600 1698 1669 accipi,
1727 1600 1855 1670 quia
1880 1613 2043 1671 puta-

449 1697 574 1743 rent
596 1689 777 1760 ipsum
813 1706 937 1747 esse
969 1691 1188 1762 inopem
1217 1692 1421 1756 virum,
1456 1707 1559 1747 nec
1593 1691 1917 1747 thesaurum
1950 1693 2040 1747 di-

2153 588 2512 657 συστήσεσθαι
2562 593 2756 663 γενεᾷ;
2818 593 2900 647 διὸ
2942 596 3212 666 ἐπιλέγειν

2223 768 2343 825 Ὅτι
2389 776 2419 827 ό
2487 776 2628 841 Θεὸς
2686 773 2759 829 ἐν
2814 771 2993 847 γενεᾷ
3036 778 3253 846 δικαίᾳ.
3292 781 3537 849 Βουλὴν
3581 797 3736 836 πτω-

2163 864 2277 933 χοῦ
2324 868 2776 935 κατῃσχύνατε,
2827 872 2860 922 ό
2917 869 2986 922 δὲ
3055 872 3270 938 Κύριος
3317 872 3492 939 ἐλπίς
3547 875 3735 928 αὐτοῦ

2150 954 2340 1010 ἐστιν.
2371 957 2583 1030 ’Ὠσπερ
2615 960 2673 1011 ἐν
2725 962 2839 1023 τοῖς
2900 961 3082 1026 ἄλλοις
3124 965 3357 1035 κρίμασι
3420 968 3532 1027 τοῖς
3587 983 3735 1035 γινο-

2150 1050 2334 1119 μένοις
2383 1052 2514 1122 περὶ¹
2562 1051 2984 1123 συναλλάγματα
3034 1054 3131 1107 καὶ
3176 1055 3461 1121 κοινωνίας
3488 1056 3588 1109 οὐκ
3653 1058 3733 1121 είς

2147 1138 2417 1208 πρόσωπα
2482 1138 2702 1209 βλέπειν
2765 1141 2875 1194 δεῖ·
2963 1140 3136 1206 οὓτως
3194 1144 3252 1195 ἐν
3312 1147 3426 1207 τοῖς
3486 1143 3735 1214 βουλευο-

2149 1229 2333 1300 μένοις
2387 1232 2486 1284 obit
2542 1233 2623 1296 εἰς
2681 1234 2855 1306 ἀρχὴν
2905 1235 3001 1290 καὶ
3063 1236 3379 1307 περιουσίαν
3411 1237 3727 1309 σκοπητέονσ

2145 1320 2261 1374 ἀλλ’
2308 1323 2389 1386 είς
2444 1321 2570 1379 νοῦν
2629 1324 3037 1397 διηρθρωμένον
3103 1328 3201 1381 καὶ
3254 1327 3316 1380 τὸ
3360 1328 3732 1399 εὐσυνείδητον

2145 1412 2356 1484 ἔχοντα.
2400 1416 2757 1472 Ἐπιστατέον
2804 1410 3073 1484 ἐκλαϐεῖν,
3106 1421 3155 1473 εί
3184 1420 3429 1485 δυνατὸν,
3463 1421 3591 1492 περὶ
3621 1419 3732 1474 τῶν

2157 1505 2424 1567 Ἰουδαίων
2456 1510 2527 1563 τὰ
2573 1511 2930 1583 προκείμενα,
2981 1511 3080 1584 τὴν
3118 1512 3215 1565 τοῦ
3246 1513 3496 1583 Σωτῆρος
3538 1512 3731 1588 βουλὴν

2144 1598 2505 1669 καταισχῦναι
2539 1603 2897 1667 σπευδόντων,
2928 1602 3007 1673 τῷ
3041 1603 3291 1674 ἡγεῖσθαι
3324 1603 3489 1657 αὑτὸν
3515 1605 3731 1674 πτωχόν

2142 1707 2263 1744 τινα
2306 1687 2444 1749 εἷναι
2464 1733 2478 1756 ,
2531 1694 2626 1753 καὶ
2687 1694 2762 1766 μὴ
2816 1694 3045 1748 πλοῦτον
3097 1694 3372 1765 θεότητος.
3430 1696 3542 1748 Ἀεὶ
3598 1695 3731 1765 γοῦν

449 1779 697 1835 vinitatis
724 1790 1039 1852 pensarent.
1065 1780 1109 1835 li
1138 1782 1325 1852 itaque
1357 1782 1623 1838 doctrinae
1650 1782 1801 1837 illius
1825 1797 2027 1853 semper

2141 1784 2234 1836 καί
2272 1784 2615 1853 ἀντιλέγουσι
2664 1790 2730 1859 τῇ
2774 1787 3096 1859 διδασκαλίᾳ
3147 1789 3335 1854 αὑτοῦ,
3375 1791 3469 1844 καὶ
3506 1791 3605 1854 τὰς
3636 1808 3732 1853 ire:

447 1871 871 1939 contradicunt;
906 1889 971 1929 ac
1001 1874 1396 1930 miraculorum
1441 1875 1709 1941 virtutes,
1740 1877 1898 1945 quasi
1928 1890 2027 1931 non

2143 1876 2398 1947 ραστίους
2434 1878 2693 1949 δυνάμεις
2722 1880 3133 1950 κακολογοῦσιν,
3169 1882 3247 1945 ὡς
3276 1882 3351 1955 μὴ
3381 1883 3536 1955 Θεῖκῇ
3568 1884 3729 1939 δυνά-

446 1962 635 2017 divina
663 1963 740 2029 vi,
772 1964 871 2021 sed
914 1965 1023 2020 alia
1055 1967 1315 2037 quapiam
1345 1967 1559 2021 ratione
1586 1966 1895 2035 exhibitas,
1945 1982 2040 2031 ca-e

444 2054 809 2114 lumniantur.

517 2147 684 2205 Vens.
728 2151 781 2205 7.
822 2150 958 2217 Quis
984 2152 1134 2207 dabit
1161 2169 1227 2207 ea:
1256 2151 1384 2208 Sion
1408 2154 1647 2209 salutare
1681 2153 1898 2209 Israel?
1917 2171 2036 2208 cum

442 2242 698 2295 auerterit
722 2240 980 2296 Dominus
1033 2244 1393 2313 captivitatem
1434 2245 1602 2314 plebis
1634 2262 1766 2312 sum,
1799 2247 2035 2301 exsulta-

443 2333 518 2387 bit
558 2332 727 2389 Iacob
760 2344 811 2389 et
851 2335 1125 2389 iterabitur
1154 2336 1350 2392 Israel.
1397 2337 1535 2393 Cum
1571 2354 1766 2396 omnes
1814 2357 1920 2395 una
1944 2339 2035 2396 de-

440 2425 744 2481 clinassent
771 2434 825 2481 et
869 2427 1091 2483 inutiles
1125 2428 1255 2482 facti
1282 2434 1489 2498 essent,
1516 2429 1633 2500 jam
1667 2441 1881 2501 tempus
1935 2431 2033 2486 ad-

440 2528 582 2582 erat,
613 2527 672 2572 ut
705 2519 773 2574 ad
808 2520 1146 2589 precandum
1189 2537 1497 2577 sermonem
1548 2530 1820 2591 verteret;
1857 2524 1931 2578 ita
1970 2531 2032 2578 ut

440 2626 545 2665 ceu
594 2610 864 2682 legatione
924 2623 1179 2684 suscepta
1222 2614 1545 2670 diceretur:
1604 2616 1736 2682 Quis
1781 2616 1929 2671 dabit
1963 2633 2029 2672 ea:

439 2703 572 2759 Sion
600 2704 838 2760 salutare
886 2704 1100 2761 Israel?
1128 2705 1252 2776 Ipso
1285 2708 1430 2762 enim
1467 2708 1693 2763 salutari
1723 2716 1855 2765 tunc
1887 2726 2028 2781 opus

436 2799 746 2871 erat,quod
789 2810 1143 2871 peccatorum
1179 2801 1568 2855 remissionem
1619 2802 1920 2867 tribueret,
1973 2812 2029 2858 et

434 2901 629 2953 auctor
658 2894 853 2947 salutis
881 2902 1045 2947 esset.
1098 2892 1337 2963 ldipsum
1383 2895 1624 2953 salutare
1663 2896 1808 2965 quod
1831 2912 2028 2951 secun-

436 2981 567 3037 dum
598 2998 821 3039 carnem
856 3000 923 3038 ex
957 2985 1166 3039 semine
1197 2984 1419 3041 Davidis
1473 2986 1717 3053 prodiit,
1775 3003 1844 3042 ex
1893 2988 2025 3043 Sion

433 3073 624 3127 datum
658 3081 743 3128 est
774 3092 790 3127 :
822 3071 968 3127 Nam
1002 3076 1167 3128 veniet
1199 3091 1264 3129 ea:
1294 3076 1425 3130 Sion
1455 3079 1770 3146 redemptor,
1803 3086 1852 3130 et
1875 3093 2024 3131 avar-

432 3171 507 3219 tet
529 3165 836 3235 iniquitates
868 3182 901 3217 a
922 3162 1091 3218 Iacob
1118 3166 1182 3221 ιτ.
1217 3164 1419 3220 Eodem
1453 3180 1670 3236 quoque
1694 3180 1861 3221 sensu
1888 3163 2025 3218 illud

432 3256 675 3327 accipias
704 3257 833 3312 licet
861 3276 873 3311 :
926 3256 1011 3310 Ea:
1040 3257 1170 3312 Sion
1223 3259 1416 3327 species
1459 3258 1662 3312 decoris
1689 3257 1803 3325 ejus
1833 3257 1877 3287 ’⁸
1896 3297 1912 3319 ,
1961 3263 2022 3310 ut

431 3344 681 3418 apposite
749 3350 1086 3420 intelligatur
1161 3350 1403 3406 salutare
1489 3351 1619 3405 illud
1677 3365 1743 3405 ex
1808 3349 2022 3405 caelesti

431 3439 565 3497 Sion
596 3442 912 3506 advenisse,
948 3443 1221 3513 siquidem
1272 3444 1328 3498 in
1362 3444 1481 3514 ipsa
1510 3442 1764 3498 Christus
1790 3456 2019 3512 regnum

428 3534 677 3591 obtinere
702 3534 885 3595 dictus
908 3546 1011 3591 est.
1056 3535 1428 3604 Quamobrem
1464 3550 1667 3605 scopus
1696 3540 1917 3598 noster,
1955 3547 2021 3587 ac

428 3641 555 3697 spes
580 3642 833 3697 supernae
860 3628 1167 3684 vocationis
1199 3638 1286 3684 cst
1318 3643 1545 3698 regnum
1575 3625 1860 3680 ccelorum.
1904 3624 2023 3683 Sub

425 3717 568 3792 haec,
595 3718 831 3774 futuram
852 3719 1108 3775 omnibus
1138 3719 1455 3773 hominibus
1493 3718 1562 3771 ab
1600 3718 1831 3787 ipsomet
1869 3718 2020 3774 salu-

343 3880 351 3895 .
424 3811 533 3866 tari
555 3812 956 3867 conciliandam
988 3814 1297 3867 libertatem
1324 3811 1590 3867 declarat.
1622 3810 1702 3866 Ac
1740 3813 2017 3883 perpende

425 3905 583 3970 mihi,
609 3921 815 3977 quaeso,
847 3924 958 3978 quo
989 3913 1149 3976 pacto
1175 3945 1191 3970 ,
1244 3919 1369 3960 cum
1400 3905 1489 3959 alii
1544 3906 1810 3977 redempti
1862 3906 2012 3971 sint,

423 3999 565 4053 alios
596 3992 776 4055 tamen
800 4000 950 4054 dicat
981 3999 1261 4055 exsultare
1290 4016 1303 4052 :
1340 4012 1465 4053 nam
1496 4014 1620 4055 cum
1649 3999 1885 4069 populus
1916 3997 2016 4054 Do-

421 4089 558 4143 mini
596 4104 628 4144 a
666 4091 986 4161 captivitate
1020 4088 1344 4145 liberabitur
1366 4128 1381 4154 ,
1412 4087 1721 4144 Exsultabit
1745 4129 1761 4155 ,
1810 4089 2008 4160 inquit,

418 4179 610 4247 Iacob,
642 4192 691 4237 et
721 4173 992 4238 ltetabitur
1040 4179 1239 4239 Israel.
1267 4180 1405 4236 Cum
1444 4181 1612 4251 igitur
1642 4180 1890 4236 futurum
1922 4197 2013 4237 es—

420 4284 539 4341 set,
578 4284 636 4332 ut
663 4278 860 4332 annuae
898 4277 1029 4332 olim
1057 4289 1087 4329 a
1120 4275 1425 4330 daemonica
1454 4290 1644 4330 errore
1686 4276 1743 4329 in
1775 4276 2011 4345 captivi-

418 4372 589 4419 tatem
629 4352 912 4431 obductat,
964 4379 1062 4436 per
1091 4365 1330 4421 salutare
1363 4363 1457 4419 Dei
1494 4365 1805 4420 libertatem
1857 4379 2012 4421 asse-

418 4462 742 4527 querentur,
775 4463 827 4511 et
855 4472 922 4512 ex
972 4455 1231 4511 omnibus
1276 4456 1539 4526 gentibus
1593 4454 1662 4509 ad
1718 4453 2011 4509 Dominum

2145 1985 2255 2040 μει,
2284 1970 2399 2025 ἀλλ’
2430 1971 2652 2027 ἄλλοθέν
2679 1972 2842 2029 ποθεν
2871 1976 3267 2048 γεγενημένας.

2212 2139 2310 2205 Τίς
2348 2138 2528 2194 δώσει
2571 2139 2643 2195 ἐκ
2670 2139 2825 2196 Σιὼν
2862 2141 2928 2196 τὸ
2969 2143 3266 2213 σωτήριον
3308 2145 3416 2199 τοῦ
3457 2143 3731 2214 Ἰσραήλξ.

2134 2230 2206 2285 ἐν
2240 2230 2320 2297 τῷ
2348 2232 2707 2301 ἐπιστρέψαι
2751 2235 2974 2302 Κύριον
3013 2234 3130 2304 τὴν
3169 2238 3588 2306 αἰχμαλωσίαν
3616 2238 3725 2293 τοῦ

2134 2324 2287 2381 λαοῦ
2333 2324 2523 2379 αὑτοῦ
2564 2326 2999 2395 ἁγαλλιάσεται
3050 2328 3269 2392 Ἰακὼϐ,
3320 2328 3418 2385 καὶ
3466 2331 3725 2398 εὐφραν-

2134 2416 2384 2482 θήσεται
2436 2416 2699 2485 ’1σραήλ.
2767 2418 2991 2473 Πάντων
3040 2419 3407 2474 ἐκκλινάντων
3465 2420 3559 2474 καὶ¹
3604 2421 3725 2491 ἆμα

2132 2506 2541 2578 ἀχρειωθέντων
2568 2508 2761 2580 καιρὸς
2790 2504 2859 2581 ἦν
2885 2511 2964 2573 είς
2990 2510 3153 2582 εὐχὴν
3186 2511 3386 2583 τρέψαι
3415 2510 3507 2563 τὸν
3540 2510 3721 2580 λόγον,

2132 2596 2207 2661 ὡς
2242 2598 2539 2670 πρεσϐείας
2572 2601 2760 2671 τρόπῳ
2795 2600 2994 2669 φάναι·
3034 2605 3129 2668 Tir:
3159 2602 3337 2657 δώσει
3374 2605 3441 2657 ἐκ
3471 2605 3626 2658 Σιὼν
3652 2602 3720 2659 τὸ

2131 2691 2430 2759 σωτήριον
2471 2694 2577 2747 τοῦ
2624 2694 2897 2763 Ἰσραήλ;
2936 2694 3114 2748 Αὐτοῦ
3166 2695 3273 2766 γὰρ
3309 2697 3467 2768 χρεία
3512 2697 3721 2762 λοιπὸν,

2128 2782 2223 2835 τοῦ
2272 2783 2469 2853 ἄφεσιν
2518 2786 2934 2858 ἁμαρτημάτων
2985 2786 3345 2859 παρέχοντος,
3400 2787 3494 2841 τοῦ
3545 2788 3720 2844 αἰτίου

2127 2879 2226 2950 τῆς
2266 2880 2487 2933 αἰωνίου
2535 2881 2826 2952 σωτηρίας.
2890 2880 3065 2935 Τοῦτο
3100 2882 3162 2935 τὸ
3196 2883 3460 2954 σωτήριον
3488 2883 3549 2935 τὸ
3580 2883 3723 2939 κατὰ

2130 2969 2310 3039 σάρκα
2362 2973 2427 3024 ἐκ
2483 2972 2798 3043 σπέρματος
2850 2972 3015 3026 Δαυῒδ
3062 2973 3305 3041 γεγονὸς,
3339 2976 3404 3027 ἐκ
3454 2975 3553 3045 τῆς
3580 2973 3729 3031 Σιὼν.
3826 2968 3835 2974 ’

2127 3064 2367 3117 δὲδοται“
2429 3065 2590 3128 Ἥξει
2652 3066 2763 3134 γὰρ
2820 3067 2890 3118 ἐκ
2942 3064 3096 3119 Σιὼν
3157 3069 3189 3119 ό
3240 3066 3566 3133 ῥυόμενος,
3619 3074 3717 3122 κα)

2128 3158 2498 3225 ἀποστρέψει
2531 3157 2812 3222 ἀσεϐείας
2843 3157 2961 3210 ἀπὸ
3001 3154 3218 3218 Ἰακώϐ,
3264 3157 3359 3219 Εἰς
3390 3155 3550 3209 τοῦτο
3573 3156 3721 3227 λήψῃ

2053 3220 2098 3282 C
2130 3248 2192 3302 τό
2211 3266 2224 3279 ·
2262 3220 2355 3301 Ἐκ
2378 3220 2531 3304 έιὼν
2563 3251 2603 3317 ἡ
2635 3220 2957 3317 εὐπρέπεια
2988 3248 3099 3316 τῆς
3128 3250 3485 3317 ὠραιότητος
3510 3220 3719 3314 αὐτοί,

2130 3340 2354 3394 δυνατὸν
2397 3341 2679 3394 ἐκλαδεῖν-
2720 3343 2797 3405 ὡς
2828 3342 2922 3395 καὶ
2965 3345 3030 3395 ἐκ
3075 3342 3175 3413 τῆς
3220 3342 3547 3412 ἐπουρανίου
3579 3341 3722 3398 Σιὼν

2130 3432 2357 3505 ἐλήλυθε
2390 3434 2452 3487 τὸ
2488 3435 2784 3506 σωτήριον·
2834 3435 3068 3506 ἐπείπερ
3101 3436 3160 3489 ἐν
3185 3435 3322 3506 αὐτῇ
3368 3436 3579 3506 εἴρηται
3618 3435 3721 3506 τὴν

2132 3523 2409 3595 βασιλείαν
2463 3525 2608 3596 ἔχειν
2656 3528 2686 3579 ὁ
2726 3527 2980 3598 Χριστός.
3035 3527 3127 3581 Διὸ
3155 3528 3252 3581 καὶ
3282 3530 3310 3580 ὁ
3332 3527 3535 3592 σκοπὸς
3560 3526 3718 3601 ἡμῶν

2130 3617 2225 3669 καὶ
2284 3617 2317 3687 ὴ
2365 3616 2521 3681 ἐλπὶς
2575 3617 2674 3689 τῆς
2733 3617 2846 3671 ἄνω
2912 3617 3158 3689 κλήσεως
3216 3621 3248 3691 η
3311 3618 3556 3689 βασιλεία
3606 3619 3727 3677 τῶν,

2127 3706 2372 3777 οὐρανῶν
2404 3706 2682 3777 τυγχάνει.
2735 3702 2852 3761 Εἶθ’
2886 3708 3013 3777 ἑξῆς
3047 3707 3147 3780 τὴν
3175 3708 3475 3779 μέλλουσαν
3511 3708 3726 3765 ἅπασιν,

2125 3798 2435 3872 ἀνθρώποις
2470 3800 2849 3873 προξενεῖσθαι
2882 3802 2991 3855 ἀπὸ
3037 3802 3222 3856 κακῶν
3262 3801 3577 3874 ἐλευθερίαν
3625 3802 3725 3857 διὰ

2123 3892 2218 3945 τοῦ
2278 3894 2549 3965 σωτηρίου
2609 3895 2927 3966 παρίστησι.
2994 3894 3105 3947 Καὶ
3156 3894 3253 3948 θέα
3308 3894 3432 3947 τίνα
3489 3894 3713 3966 τρόπον,

2124 3986 2325 4059 ἐτέρων
2363 3987 2766 4061 λυτρουμένων,
2825 3987 3049 4058 ἐτέρους
3102 3987 3267 4058 φησὶν
3317 3986 3708 4055 ἀγαλλιᾶσθαι·

2121 4081 2181 4133 ἐν
2227 4079 2307 4151 τῷ
2353 4079 2485 4152 γὰρ
2529 4079 2944 4153 ἠλευθερῶσθαι
3018 4081 3119 4151 τὴν
3180 4080 3558 4151 αἰχμαλωσίαν
3618 4081 3721 4136 τοῦ

2120 4170 2265 4249 λαοῦ.
2290 4174 2532 4245 Κυρίου,
2583 4171 3074 4242 Ἆγαλλιάσεται,
3124 4172 3311 4241 φησιν,
3357 4171 3572 4238 Ἰακὼϐ,
3611 4174 3721 4227 καὶ·

2118 4265 2596 4335 εὐφρανθήσεται
2639 4264 2901 4333 Ἰσραήλ.
2946 4265 3068 4318 Τῶν
3107 4261 3200 4319 οὖν
3244 4265 3413 4319 πάλαι
3459 4265 3713 4337 ᾐχμαλω-

2118 4358 2390 4429 τισμένων
2421 4357 2526 4410 ὑπὸ
2551 4356 2650 4427 τῆς
2677 4356 2997 4427 δαιμονικῆς
3019 4356 3225 4427 πλάνης
3254 4356 3463 4427 ψυχῶν,
3488 4356 3712 4428 μελλου-

2122 4452 2229 4505 σῶν
2251 4450 2341 4504 διὰ
2364 4451 2458 4504 τοῦ
2492 4450 2759 4522 σωτηρίου
2784 4449 2884 4503 τοῦ
2904 4449 3038 4503 Θεοῦ
3069 4449 3383 4521 ἐλευθερίας
3402 4449 3718 4525 τυγχάνειν,

417 4547 671 4626 homines
699 4555 1192 4617 converterentur;
1228 4548 1325 4618 qui
1378 4548 1509 4603 olim
1541 4547 1597 4601 in
1630 4545 1741 4602 Deo
1767 4545 2012 4602 defuncti

2127 4545 2214 4597 καὶ
2254 4543 2314 4611 ἐξ
2359 4542 2616 4597 ἁπάντων
2652 4541 2760 4595 τῶν
2799 4542 2970 4595 ἐθνῶν
3004 4542 3308 4613 μελλόντων
3358 4542 3723 4613 ἐπιστρέφειν.

419 4652 549 4696 sunt
572 4642 709 4711 justi
739 4650 905 4712 atque
933 4640 1237 4712 prophetaa,
1261 4640 1355 4710 qui
1391 4655 1520 4696 vere
1544 4639 1735 4704 Israel,
1770 4653 1898 4693 vere
1919 4637 2014 4692 Ja-

419 4733 526 4803 coh
553 4735 858 4810 nuncupari
891 4741 1154 4805 possunt,
1180 4732 1537 4787 exsultabunt
1568 4747 1633 4786 ac
1663 4731 2011 4797 lattabuntur,

418 4828 567 4897 quod
598 4828 857 4900 vaticinia
891 4828 960 4883 ab
991 4843 1051 4882 se
1089 4826 1155 4881 de
1185 4826 1347 4881 nobis
1379 4828 1524 4882 edita
1549 4825 1821 4893 completa
1866 4825 2009 4890 sint,

418 4921 677 4993 quodque
706 4919 807 4988 ipsi
852 4920 1010 4991 nobis
1059 4919 1128 4974 de
1155 4919 1349 4989 adepta
1400 4920 1577 4975 salute
1625 4917 2011 4988 congratulen-

417 5018 530 5087 tur.
561 5010 910 5081 Quapropter
946 5010 1204 5072 Simeon,
1243 5024 1370 5065 cum
1402 5011 1470 5066 de
1500 5010 1785 5065 Salvatore
1838 5010 2014 5065 dixis-

419 5112 504 5162 set
533 5125 547 5163 :
583 5104 786 5182 Lumen
821 5106 928 5181 erit
967 5107 1036 5180 ad
1072 5103 1446 5177 reuelationem
1470 5107 1741 5191 gentium;
1777 5105 2007 5171 addidit,

416 5207 468 5256 et
486 5197 717 5285 gloriam
743 5198 912 5272 plebis
946 5209 1074 5263 tuae,
1103 5197 1280 5252 Israel
1308 5200 1374 5255 ἀ.

649 5402 719 5458 ΙΝ
756 5401 970 5459 FINEM
1007 5400 1340 5460 PSALMUS
1379 5402 1590 5459 DAVID
1626 5402 1769 5460 XIV.

506 5529 663 5574 VERS.
708 5519 761 5574 l.
808 5517 1060 5584 Domine,
1110 5518 1228 5588 quis
1260 5518 1520 5573 habitabit
1575 5519 1631 5572 in
1671 5517 2009 5573 tabernaculo

426 5623 516 5666 tuo
535 5617 562 5667 ἲ
589 5620 683 5665 aut
716 5613 832 5682 quis
872 5613 1153 5683 requiescet
1184 5613 1239 5664 in
1269 5621 1443 5666 monte
1471 5620 1656 5666 sancto
1687 5614 1820 5667 tuo?
1858 5610 1903 5664 Α
1933 5612 2012 5665 vi-

420 5701 728 5769 cinioribus
754 5702 1061 5775 procedens
1082 5742 1098 5769 ,
1160 5699 1462 5774 perfectum
1493 5701 1670 5756 virum
1722 5698 2005 5766 describit.

500 5860 542 5891 "
584 5859 684 5918 lsa.
725 5876 850 5927 tu,
882 5857 969 5915 20.
1050 5859 1093 5893 ’⁸
1129 5855 1278 5914 Psal.
1313 5871 1458 5925 λιιι,
1505 5853 1561 5912 2.
1642 5856 1683 5888 ι’
1723 5851 1857 5909 Luc.
1898 5870 1971 5919 ιι,
2004 5850 2096 5906 '52.

2084 4632 2089 4637 ’
2117 4635 2212 4687 ἐπὶ
2247 4634 2339 4687 τὸν
2369 4635 2597 4707 Κύριον,
2646 4635 2695 4687 οἱ
2725 4634 2894 4688 πάλαι
2937 4633 3090 4705 παρὰ
3119 4634 3196 4706 τῷ
3223 4634 3344 4705 Θεῷ
3387 4635 3710 4688 ἀναπεπαυ-

2121 4726 2272 4798 μένοι
2317 4726 2514 4781 δίκαιοι
2562 4729 2656 4782 καὶ
2700 4728 2997 4799 προφῆται,
3047 4728 3204 4781 αὐτοὶ
3223 4728 3376 4791 ὄντες
3421 4730 3450 4781 ὀ
3490 4726 3711 4799 ἀληθῶς

2116 4820 2336 4893 Ἰσραὴλ
2387 4821 2484 4875 καὶ
2534 4824 2563 4876 ὀ
2605 4821 2823 4892 ἀληθῶς
2873 4820 3089 4886 Ἰακὼϐ,
3144 4820 3566 4889 ἁγαλλιάσονται
3614 4819 3710 4873 καὶ

2117 4913 2603 4985 εὐφρανθήσονται,
2635 4914 2725 4968 διὰ
2766 4914 2827 4968 τὸ
2858 4914 3197 4986 πληροῦσθαι
3235 4911 3417 4966 αὐτῶν
3445 4911 3544 4976 τὰς
3577 4912 3709 4983 περὶ

2119 5006 2277 5077 ἡμῶν
2312 5009 2665 5079 προφητείας,
2712 5008 2809 5061 καὶ
2858 5007 2946 5060 διὰ
2992 5007 3054 5060 τὸ
3106 5005 3424 5077 συγχαίρειν
3461 5008 3527 5076 τῇ
3566 5007 3706 5076 ἠμε-

2115 5098 2252 5170 τέρᾳ
2285 5098 2547 5171 σωτηρίᾳ.
2594 5099 2685 5152 Διὸ
2717 5099 2813 5153 καὶ⁸
2856 5099 2885 5150 ὁ
2919 5097 3201 5169 Συμεὼν,·
3222 5097 3394 5151 εἰπὼν
3439 5098 3567 5170 περὶ
3611 5095 3704 5150 τοῦ

2114 5192 2389 5263 Σωτῆρος,
2441 5192 2525 5244 ὅτι
2571 5190 2701 5257 Φῶς
2747 5189 2902 5244 ἔσται
2944 5192 3033 5255 είς
3066 5189 3463 5257 ἀποκάλυψιν
3489 5186 3701 5251 ἐθνῶν,

2117 5282 2389 5353 ἐπήγαγε,
2424 5281 2525 5335 καὶ
2552 5279 2741 5345 δόξαν
2766 5277 2923 5333 λαοῦ
2954 5295 3072 5335 σου
3098 5277 3361 5347 Ἰσραήλ.

2240 5396 2351 5450 ΕΙΣ
2388 5396 2477 5450 ΤΟ
2515 5394 2740 5448 ΤΕΛΟΣ
2776 5390 3069 5445 ΨΑΛΜΟΣ
3107 5392 3193 5444 ΤΩ
3227 5389 3424 5443 ΔᾹΥΙΔ
3463 5390 3561 5442 ΙΔ’.

2185 5510 2399 5583 Κύριε,
2443 5509 2537 5574 τίς
2580 5504 2934 5579 παροικήσει
2962 5506 3033 5559 ἐν
3067 5503 3149 5570 τῷ
3183 5501 3534 5571 σκηνώματί
3558 5515 3703 5564 σου;

2116 5602 2217 5656 καὶ
2254 5603 2347 5667 τίς
2374 5596 2827 5665 κατασκηνώσει
2865 5597 2936 5651 ἐν
2972 5595 3057 5661 τῷ
3096 5594 3216 5663 ὄρει
3259 5588 3339 5655 τῷ
3372 5593 3517 5663 ἁγίῳ
3547 5606 3703 5653 σου;

2115 5696 2251 5750 Ἀπὸ
2282 5694 2390 5750 τῶν
2439 5691 2886 5779 προσεχεστέρων
2930 5688 3240 5763 προϐαίνων
3280 5685 3569 5758 διαγράφει
3609 5683 3704 5781 τοι
