4096 6422
430 403 532 459 M9

1550 405 2063 465 COMMENT‘ARIA
2100 413 2166 468 ΙΝ
2196 414 2539 471 PSALMOS.

3564 392 3668 472 tSo

426 517 646 573 τέλειον.
700 515 964 588 Παροικία
993 515 1049 568 δέ
1078 515 1196 568 ἐστι
1253 515 1497 587 διαγωγὴ
1543 517 1877 588 πρόσκαιρος
1908 519 1994 571 ἐπ’

2101 520 2374 578 Habitatio
2406 530 2589 578 autem
2615 531 2699 578 est
2728 528 3078 593 temporanea
3116 527 3503 591 commoratio,
3543 543 3667 582 cum

427 608 601 663 ἑλπίδι
632 608 730 676 τῆς
766 606 1090 678 κρείττονος.
1139 608 1229 660 Διό
1260 625 1392 678 φησι
1425 608 1520 661 καὶ⁸
1548 607 1709 659 Δαυῖδ
1732 625 1745 637 ·
1784 607 1995 676 Πάροι-

427 699 535 764 κός
588 702 703 768 ειμι
751 697 848 750 καὶ
902 699 1334 766 παρεπίδημος,
1414 699 1608 764 καθὼς
1663 699 1885 764 πάντες
1942 702 1998 752 οι

428 790 674 860 πατέρες
714 807 852 859 μου.
895 790 1164 861 Πάροικος
1204 789 1315 863 γὰρ
1342 789 1617 862 Ἀϐραὰμ,
1669 791 1804 861 μηδὲ
1846 791 1997 862 βῆμα

428 882 760 954 κεκτημένος
797 882 975 945 ποδὸς,
1014 882 1166 953 μόλις
1193 883 1251 935 δὲ
1279 884 1448 952 τάφον
1479 884 1798 954 πριάμενος.
1836 884 1899 937 ’Ὁ
1931 883 1996 954 δὴ

430 975 696 1046 σύμϐολον
730 973 823 1027 τοῦ
862 973 1039 1039 ζῶντα
1089 975 1187 1046 μὲν
1228 976 1305 1028 ἐν.
1328 976 1491 1048 σαρκὶ
1543 976 1803 1046 πάροικον
1860 973 1997 1030 εἶναι

429 1068 745 1140 προσήκειν,
794 1065 1182 1137 μεταϐαίνοντα
1235 1065 1291 1119 δὲ
1344 1067 1569 1136 ταύτης,
1617 1069 1729 1129 τοῖς
1778 1066 1998 1129 οἰκείοις

424 1161 610 1224 τόποις
647 1158 1033 1213 ἀναπαύεσθαι.
1078 1159 1186 1212 Καὶ
1224 1158 1491 1231 μακάριόν
1532 1175 1695 1229 φησιν
1743 1160 1801 1211 ὲν
1844 1158 1999 1212 ἀλλο-

427 1250 613 1319 φύλοις
648 1247 1044 1319 παροικοῦντα,
1079 1247 1152 1318 μὴ
1189 1247 1264 1310 ὡς
1303 1248 1526 1311 οἰκείοις
1572 1246 1997 1319 προστετηκέναι

425 1343 537 1405 τοῖς
587 1342 645 1393 ὲν
696 1342 759 1412 τῇ
804 1342 910 1411 γῇ.
962 1340 1233 1409 Σκήνωμα
1280 1339 1335 1391 δὲ
1378 1336 1513 1392 Θεοῦ
1565 1341 1597 1409 ἡ
1655 1338 1785 1409 παρ’
1835 1336 1995 1391 αὑτοῦ

425 1432 680 1504 δεδομένη
722 1430 857 1501 σὰρξ
902 1434 967 1502 τῇ
997 1429 1090 1483 τοῦ
1118 1429 1403 1502 ἀνθρώπου
1435 1429 1580 1500 ψυχῇ
1624 1429 1759 1501 πρὸς
1792 1427 2000 1497 ἐνοίκη-

428 1541 532 1578 σιν.
584 1524 680 1587 Τίς
722 1518 835 1586 οῦν,
882 1522 957 1586 ὼς
1001 1521 1258 1593 ἀλλοτρίᾳ
1307 1521 1670 1593 κεχρημένος,
1725 1520 2001 1590 ἔγκαρπον

427 1616 595 1687 αὐτὴν
646 1614 956 1688 παραδώσει
999 1615 1076 1687 τῷ
1115 1615 1399 1679 δεδωκότι,
1447 1616 1523 1678 ὡς
1554 1614 1619 1667 ἂν
1647 1613 1868 1684 γένηται
1910 1612 2002 1663 καὶ⁹

427 1711 692 1782 σκήνωμα
741 1707 834 1762 τοῦ
880 1707 1016 1761 Θεοῦ
1059 1711 1173 1771 τοῖς
1224 1708 1401 1776 ἁγίοις
1448 1706 1816 1770 ὲνοικοῦντος·;
1867 1699 2003 1757 Εἶτα

425 1801 560 1872 πρὸς
596 1800 659 1854 τὸ
688 1801 870 1873 μεῖζον
903 1799 1236 1873 προσκόπτει
1255 1816 1266 1828 ·
1302 1798 1409 1852 Καὶ
1439 1799 1529 1865 τίς
1554 1794 2005 1865 κατασκηνώσει

2099 630 2194 683 spe
2251 615 2491 671 melioris
2542 616 2856 686 conjuncta.
2910 615 3270 682 Quamobrem
3326 618 3402 672 ait
3458 618 3666 678 David:

2098 706 2312 760 Aduena
2328 723 2445 761 sum
2470 717 2518 760 et
2541 708 2867 777 peregrinus,
2904 708 3035 761 sicut
3063 724 3240 762 omnes
3275 718 3450 777 patres
3476 711 3576 764 mei
3595 710 3668 763 ὀ.

2098 798 2318 854 Advena
2343 814 2560 868 quoque
2597 806 2714 854 erat
2739 799 3037 862 Abraham,
3069 807 3254 870 utpote
3279 802 3371 869 qui
3406 817 3474 856 ne
3502 800 3668 857 vesti-

2099 890 2244 961 gium
2284 891 2438 960 pedis
2490 891 2827 961 possideret,
2883 890 3080 959 vixque
3137 892 3431 961 sepultura:
3487 892 3666 947 locum

2099 982 2378 1037 coemerit.
2409 982 2564 1047 Quod
2597 998 2730 1038 sane
2761 983 3057 1054 symbolice
3089 982 3359 1054 signiﬁcat
3391 982 3665 1043 hominem

2101 1074 2156 1128 in
2180 1089 2353 1129 carne
2374 1074 2663 1140 viventem,
2697 1090 2795 1129 ceu
2826 1075 3086 1129 advenam
3134 1075 3375 1145 reputari
3425 1074 3679 1153 debere;

2099 1180 2331 1235 cumque
2371 1166 2440 1220 ab
2487 1166 2602 1234 ipsa
2640 1182 2806 1220 carne
2843 1168 3344 1237 transmigraverit.
3387 1175 3516 1225 tunc
3545 1183 3673 1237 pro-

2098 1250 2235 1320 priis
2267 1251 2319 1304 in
2366 1251 2588 1307 sedibus
2628 1254 2927 1322 quiescere.
2996 1256 3072 1308 Ac
3112 1255 3327 1310 beatum
3375 1271 3499 1312 esse
3535 1256 3697 1328 dicit.

2097 1356 2244 1402 eum,
2283 1340 2375 1410 qui
2409 1356 2532 1394 cum
2559 1343 2700 1409 apud
2733 1341 3066 1410 alienigenas
3101 1342 3463 1407 habitaverit,
3495 1352 3669 1402 terre—

2099 1432 2186 1486 nis
2210 1433 2365 1501 quasi
2404 1433 2634 1503 propriis
2682 1434 2785 1487 sibi
2830 1435 2996 1490 rebus
3036 1435 3450 1491 non-addictus
3481 1436 3665 1493 fuerit.

2103 1522 2536 1582 Tabernaculum
2574 1535 2753 1578 autem
2779 1522 2870 1579 Dei
2909 1534 2992 1580 est
3020 1541 3171 1589 caro,
3204 1524 3397 1581 anima:
3441 1526 3509 1581 ab
3552 1527 3682 1595 ipso.

2104 1621 2171 1669 ad
2210 1614 2563 1669 habitandum
2594 1630 2874 1673 concessa.
2908 1616 3041 1683 Quis
3081 1618 3262 1687 itaque
3288 1624 3447 1672 eaut
3495 1617 3691 1672 aliena.

2104 1724 2259 1774 usus,
2288 1705 2603 1778 frugiferam
2635 1707 2879 1763 eamdem
2916 1710 3158 1779 largitori
3195 1710 3465 1773 restituet,
3491 1708 3675 1763 utilat

2105 1799 2516 1853 tabernaculum
2550 1797 2797 1869 Dei,qni
2846 1798 3138 1862 insanctis
3173 1800 3436 1856 habitatiz
3467 1798 3681 1856 Deinde

422 1891 492 1942 ἐν
528 1889 650 1957 ὄρει
691 1888 838 1973 ἁγίῳ
883 1904 1036 1950 σου;
1086 1888 1200 1941 Οὐκ
1248 1889 1305 1940 ὲν
1351 1890 1421 1959 τῇ
1454 1889 1618 1962 γηῒνῃ
1648 1886 1809 1952 Σιὼν,
1860 1887 1997 1957 ὅπερ

2101 1905 2226 1945 vero
2247 1890 2325 1945 ad
2341 1890 2719 1960 praestantiora
2751 1890 3034 1959 procedit:
3083 1892 3195 1945 Aut
3226 1892 3343 1961 quis
3391 1894 3674 1961 requiescet

424 1980 702 2043 Ἰουδαίοις
733 1980 899 2043 δοκεῖ,
926 1980 1059 2035 ἀλλὰ
1091 1981 1218 2050 περὶ
1245 1975 1312 2050 ἧς
1335 1982 1363 2033 ὁ
1382 1979 1592 2044 Παῦλός
1622 1996 1772 2051 φησι·
1803 1980 1997 2047 Προσ-

422 2072 758 2140 ςληλύθατε
803 2070 924 2138 ὄρει
958 2072 1104 2124 Θεοῦ
1136 2070 1375 2138 ζῶντος..
1414 2071 1799 2141 Ἰερουσαλὴμ
1823 2071 2000 2123 ἐπου-

417 2166 628 2233 ρανίῳ.
677 2164 969 2235 Παρελθὼν
1015 2161 1107 2217 οὖν
1146 2182 1231 2228 τις
1274 2165 1371 2236 τὴν
1423 2164 1601 2235 σάρκα
1647 2164 1854 2235 ταύτην
1904 2162 1998 2215 καὶ

422 2253 701 2326 νεκρώσας
732 2255 896 2310 αὑτοῦ
934 2254 1014 2327 τᾲς
1038 2254 1174 2324 μέλη
1205 2253 1275 2309 τά
1298 2254 1391 2306 ἐπὶ
1422 2254 1522 2323 τῆς
1552 2255 1674 2324 γῆς,
1719 2253 1810 2305 τὸν
1843 2252 1999 2320 ἁγια-

422 2347 557 2418 σμὺν
584 2345 955 2419 κατορθώσας,
978 2348 1035 2400 ὲν
1052 2349 1116 2417 τῇ
1140 2346 1269 2418 ἁγίᾳ
1292 2346 1702 2418 κατασκηνώσει
1732 2348 1899 2399 πόλει*
1930 2341 1999 2417 ἧς

419 2439 700 2511 ἐπιθυμῶν
765 2441 794 2492 6
835 2439 998 2492 Δαυῖδ
1044 2437 1231 2507 ἔλεγες
1288 2440 1679 2508 Διελεύσομαι
1719 2439 1790 2493 ἐν
1839 2442 1999 2503 τόπῳ

417 2530 653 2600 σκηνῆς
706 2528 1061 2600 θαυμαστῆς
1116 2528 1227 2595 ἕως
1253 2530 1360 2583 τοῦ
1422 2530 1591 2584 οἴκου
1648 2530 1754 2584 τοῦ
1796 2514 1993 2584 ’Θεοῦο

418 2623 540 2690 καὶ,
605 2623 701 2689 Ὡς
749 2622 1028 2692 ἀγαπητὰ
1078 2620 1148 2683 τὰ
1202 2619 1561 2691 σκηνώματὰ
1611 2636 1768 2686 σου,
1821 2622 1997 2688 Κύριε

417 2715 534 2775 τῶν
604 2712 958 2783 δυνάμεων]
1011 2713 1071 2781 τὸ
1119 2714 1176 2766 δὲ
1224 2713 1413 2767 τούτου
1466 2713 1690 2766 σπάνιον
1744 2713 1998 2782 ἐμφαίνει

416 2806 499 2868 τὸ,
530 2806 643 2871 τίς,
667 2804 743 2867 ὡς
766 2804 845 2866 τὸ,
886 2804 982 2870 Τίς
1008 2803 1161 2873 ἔγνω
1194 2804 1300 2859 τὸν
1325 2804 1476 2858 νοῦν
1501 2805 1757 2871 Kvplov;
1788 2805 1882 2857 καὶ
1912 2805 1995 2869 τὸ,

425 2896 519 2962 Ἠς
545 2897 868 2967 ἀναγγελεῖ
894 2896 1046 2966 ,ὑμῖν
1083 2895 1189 2951 τὸν
1226 2897 1414 2950 τόπον
1454 2896 1561 2949 τὸν
1598 2896 1875 2959 αὶώνιον;
1906 2896 2000 2950 καὶ

419 2990 517 3052 τὸ,
574 2990 667 3055 Τίς
715 2989 830 3057 ἄρα
884 2991 1172 3058 φρόνιμος
1221 2989 1347 3057 καὶ⁸
1379 2987 1596 3054 πιστὸς
1651 2988 1996 3057 οἱκονόμος;

418 3078 645 3148 Μήποτε
688 3078 743 3147 δὲ
781 3078 905 3147 καὶ,
934 3078 1026 3131 τὸν
1055 3077 1186 3133 Θεὸν
1225 3081 1531 3151 ἐρωτήσας,
1564 3078 1723 3148 ἔτυχε
1765 3078 1999 3150 ἀποκρί-

421 3185 556 3233 αξως
582 3185 596 3235 ἶ

491 3446 686 3515 Κάριε,
722 3448 810 3512 τίς
843 3445 1198 3515 παροικήσει
1239 3446 1310 3499 ἐν
1348 3445 1428 3513 τῷ
1465 3445 1812 3516 σκηνώματι
1843 3463 1996 3509 σονς

417 3538 456 3606 ἣ
488 3539 581 3605 τίς
622 3536 1079 3607 κατασκηνώσει
1120 3538 1191 3591 ὲν
1219 3537 1341 3605 ὄρει
1383 3538 1529 3608 ἁγίῳ
1566 3553 1720 3603 σου;
1750 3538 1901 3608 Τάχα
1940 3538 1997 3591 δὲ

418 3632 514 3686 καὶ
575 3631 604 3683 6
663 3629 1054 3702 μεθιστάμενος
1108 3630 1188 3692 είς
1235 3628 1487 3699 οὐρανὸν,
1545 3627 1621 3693 ὡς
1681 3628 1789 3683 άπὸ
1842 3627 1997 3698 ξένης

414 3720 567 3791 ἥκων
594 3720 876 3792 διατριϐῆς
893 3760 908 3785 ,
943 3722 1198 3791 παροικεῖ
1223 3735 1236 3748 ⁸
1268 3717 1404 3771 Θεοῦ
1426 3718 1534 3790 γὰρ
1574 3720 1838 3791 σκήνωμα
1860 3720 1889 3771 6
1909 3719 1999 3771 οὑ-

418 3810 598 3881 ρανός.
634 3811 774 3882 Ὅρα
809 3810 1092 3881 δὲομήπως
1142 3811 1170 3862 6
1210 3807 1489 3879 ἐπιμένων
1529 3811 1598 3879 τῇ
1629 3808 1875 3880 πολιτείᾳ
1905 3807 1998 3862 τοῦ

416 3901 603 3972 νόμου,
639 3903 716 3965 είς
744 3900 980 3972 Χριστὸν
1012 3898 1166 3961 ὄντος
1202 3898 1559 3968 παιδαγωγοῦ
1583 3938 1596 3963 ,
1646 3902 1902 3971 παροικεῖ
1942 3902 2000 3954 ἐν

415 3996 494 4067 τῷ
541 3993 862 4066 σκηνώματι
902 3991 997 4046 τοῦ
1032 3993 1261 4063 Κυρίου,
1320 3992 1450 4062 περὶ
1504 3990 1600 4062 τὴν
1653 3993 1856 4063 σκηνὴν
1905 3992 2000 4046 τοῦ

421 4088 718 4162 μαρτυρίου
763 4084 1069 4149 τευτάςων·
1114 4085 1142 4135 ὀ
1184 4083 1241 4138 δὲ
1268 4081 1480 4156 φθάσας
1523 4082 1614 4135 ἐπὶ
1652 4083 1886 4153 Χριστὸν
1911 4086 2003 4137 καὶ

416 4164 515 4251 τὴν
563 4175 924 4249 εὐαγγελικὴν
986 4174 1335 4230 διδασκαλίαν
1396 4176 1734 4244 κατασκηνοῖ
1777 4174 1834 4226 ὲν
1885 4172 2002 4245 ὄρει

418 4272 558 4342 ἁγίῳ
608 4269 701 4324 τοῦ
732 4268 866 4322 Θεοῦ
895 4307 911 4331 ,
958 4266 1083 4339 περὶ
1126 4262 1187 4327 οὗ
1243 4265 1670 4338 προφητεύεται·
1717 4264 2003 4335 Ὲμφανές

415 4360 548 4421 ιὲουιί
588 4356 654 4410 τὸ
705 4355 840 4425 ὄρος
895 4355 995 4409 τοῦ
1017 4354 1259 4422 Κυρίου.
1314 4354 1425 4407 Καὶ¹
1471 4354 1663 4407 σκόπει
1709 4353 1891 4419 πάλιν,
1929 4353 2004 4425 μὴ

416 4449 553 4504 Θεοῦ
601 4450 699 4518 μὲν
747 4449 872 4522 ὅρος
916 4448 1071 4517 ἅγιον
1113 4448 1142 4500 6
1180 4445 1275 4500 τοῦ
1313 4445 1446 4499 Θεοῦ
1477 4447 1677 4514 Λόγος⁸
1738 4447 2005 4517 σκήνωμα

415 4542 473 4594 δὲ
502 4540 688 4607 αὐτοῦ,
714 4540 773 4594 ὃν
800 4539 1057 4602 άνέλαρεν
1108 4538 1392 4610 ἄνθρωπον
1413 4555 1427 4568 ο
1481 4539 1573 4591 καὶ
1621 4537 1701 4590 δεῖ
1736 4537 1998 4610 πρότερον

417 4635 716 4705 ἐπιγνῶναι
765 4632 905 4687 κατά
948 4632 1127 4703 σάρκα
1152 4631 1415 4702 Χριστόνο
1461 4626 1580 4683 εἶτα
1619 4629 2011 4699 κατασκηνοῦνν

417 4727 476 4780 ὲν
522 4727 638 4799 ὄρει
685 4725 826 4795 ἁγίῳ
867 4722 1034 4788 Θεοῦ,
1080 4721 1412 4791 θεασάμενον
1458 4721 1556 4792 τὴν
1604 4718 1762 4784 δόξαν
1807 4720 1994 4783 αὑτοῦ,

416 4817 570 4883 δόξαν
601 4817 675 4881 ὡς
699 4814 1036 4885 Μονογενοῦς
1066 4814 1212 4886 παρὰ
1238 4813 1452 4883 Πατρός
1475 4831 1488 4844 ο
1525 4815 1622 4866 καὶ
1660 4812 1838 4883 λέγειν
1862 4831 1877 4843 ·
1926 4817 1998 4883 El

417 4912 527 4980 γὰρ
562 4909 902 4980 ἐγνώκαμεν
938 4907 1088 4961 κατὰ
1136 4904 1335 4973 σάρκα
1366 4904 1643 4974 Χριστὸν,
1687 4905 1855 4975 ἀλλὰ
1880 4906 1997 4961 νῦν

417 5000 619 5056 οὐκέτι
656 5000 1046 5071 γινώσκομεν.
1098 4998 1242 5070 Πρὸς
1289 4998 1379 5052 τὸν
1420 4997 1658 5052 τοιοῦτον
1698 5000 1806 5079 γὰρ
1849 4999 1997 5072 εἴρη-

418 5110 540 5147 ται·
609 5092 727 5144 Ἐπ’
777 5092 912 5161 ὄρος
954 5090 1201 5160 ὑψηλὸν
1256 5089 1509 5158 ἀνάϐηθι
1559 5095 1593 5145 δ
1632 5075 2000 5169 εὐαγγελιζό-

413 5202 595 5255 μενος
635 5182 751 5253 τὴν
799 5181 970 5237 Σιών.
1029 5182 1238 5246 ’Λλλως
1293 5182 1419 5255 ὅρος
1469 5181 1564 5235 τοῦ
1597 5182 1743 5245 Θεοῦ,
1777 5183 1838 5243 τὸ
1893 5182 1999 5235 ὑπὸ

2104 1983 2159 2035 in
2184 1989 2358 2036 monte
2383 1994 2566 2036 sancto
2596 1990 2686 2036 tuo
2703 1983 2867 2038 ῩσΝυιι
2899 1984 2951 2037 in
2977 1984 3219 2039 terrestri
3251 1982 3382 2038 Sion
3407 2022 3423 2047 ,
3470 1991 3530 2037 ut
3571 1983 3672 2038 Ju-

2104 2070 2203 2125 daei
2233 2071 2603 2137 arbitrantur,
2636 2073 2732 2128 sed
2765 2073 2821 2127 in
2865 2089 2928 2129 ea
2955 2073 3024 2128 de
3055 2089 3163 2144 qua
3191 2072 3393 2130 Paulus
3424 2076 3538 2130 ait:
3569 2075 3676 2130 Ac-

2103 2161 2336 2217 cessistis
2379 2160 2449 2215 ad
2492 2170 2718 2223 montem
2767 2161 2865 2218 Dei
2922 2165 3173 2228 viventis,
3224 2162 3520 2220 Jerusalem
3571 2182 3715 2222 τωο·

2107 2254 2284 2311 lestem
2322 2252 2387 2308 ²¹.
2439 2253 2698 2322 Quisquis
2749 2254 2916 2324 igitur
2963 2254 3150 2310 eadem
3202 2270 3366 2310 carne
3419 2256 3577 2325 quasi
3617 2254 3671 2311 in

2103 2354 2429 2401 transcursu
2455 2361 2612 2409 usus,
2643 2344 2762 2415 ejus
2792 2344 3034 2399 membra
3057 2358 3221 2415 super
3253 2352 3454 2400 terram
3484 2346 3676 2403 morti.

2104 2437 2366 2504 ﬁcaverit,
2396 2444 2683 2509 postquam
2727 2435 3205 2491 sanctiﬁcationem
3239 2436 3385 2491 illam
3417 2451 3676 2493 consum—

2102 2530 2354 2593 maverit,
2384 2528 2653 2597 habitabit
2680 2529 2733 2583 in
2765 2538 2954 2584 sancta
2986 2529 3079 2583 illa
3096 2529 3354 2584 civitate:
3382 2529 3541 2597 cujus
3579 2526 3675 2584 de-

2104 2620 2309 2676 siderio
2336 2628 2518 2675 motus
2549 2619 2718 2673 David
2749 2620 2927 2675 aiebat
2952 2638 2965 2674 :
3004 2617 3264 2681 Transibo
3296 2620 3352 2672 in
3389 2620 3563 2675 locum
3592 2628 3676 2674 ta-

2106 2712 2374 2766 bernaculi
2405 2710 2739 2766 admirabilis
2764 2728 2929 2782 usque
2977 2714 3045 2766 ad
3093 2714 3307 2766 domum
3344 2712 3445 2768 Dei
3467 2715 3549 2766 "z
3582 2723 3635 2768 et
3657 2753 3673 2777 ,

2106 2802 2280 2870 Quam
2308 2802 2500 2857 dilecta
2527 2802 2868 2857 tabernacula
2899 2813 3014 2865 tua,
3040 2803 3262 2858 Domine
3288 2804 3540 2859 virtutum
3586 2806 3631 2837 ⁸³
3655 2807 3707 2866 ιη

2056 2925 2060 2930 -
2104 2892 2242 2949 Illud
2275 2904 2475 2959 autem,
2506 2896 2643 2965 quis,
2667 2894 2857 2949 talium
2906 2895 3187 2950 hominum
3236 2894 3513 2950 raritatem
3545 2896 3679 2951 sub-

2104 2985 2339 3049 indicat;
2399 2986 2708 3056 cujusmodi
2755 2994 2840 3040 est
2892 2985 3063 3041 illud:
3111 2986 3242 3052 Quis
3274 2987 3415 3040 novit
3466 3002 3713 3047 sensum,

2104 3078 2321 3134 Domini
2355 3079 2435 3150 “g
2464 3089 2516 3134 et
2544 3078 2716 3134 illud:
2770 3078 2902 3145 Quis
2945 3078 3282 3132 annuntiabit
3313 3076 3457 3140 vobis
3504 3077 3678 3137 locum

2105 3175 2401 3239 internum:
2436 3177 2599 3241 atque
2644 3168 2776 3225 illud
2806 3190 2817 3224 :
2861 3168 2993 3235 Quis
3022 3178 3102 3224 est
3135 3168 3375 3237 prudens,
3397 3185 3459 3231 ac
3503 3165 3676 3236 ﬁdelis

2100 3281 2395 3331 temnamus
2424 3264 2506 3317 ’5?
2530 3260 2784 3333 Nunquid
2824 3270 3115 3332 postquam
3151 3258 3321 3323 Deum
3373 3259 3712 3330 interroga-e

2098 3357 2197 3419 vit,
2229 3353 2643 3426 responsionem
2675 3351 2947 3407 obtinuit?

2169 3445 2570 3518 Domine,quis
2598 3442 2857 3498 habitabit
2914 3442 2967 3496 in
3015 3440 3353 3506 tabernaculo
3406 3448 3495 3503 tuo
3514 3442 3679 3494 λικε

2099 3540 2214 3611 quis
2244 3540 2525 3610 requiescet
2554 3538 2610 3592 in
2636 3544 2811 3590 monte
2835 3542 3019 3589 sancto
3044 3535 3171 3594 tuo?
3182 3529 3477 3591 Fortassis
3509 3529 3676 3584 etiam
3704 3576 3713 3591 ,

2101 3633 2191 3701 qui
2230 3632 2285 3685 in
2309 3631 2507 3687 ccelum
2541 3628 2893 3693 transfertur,
2931 3636 3115 3697 utpote
3167 3624 3261 3693 qui
3309 3638 3339 3677 a
3378 3621 3680 3692 peregrinis

2101 3722 2324 3778 sedibus
2353 3722 2574 3785 veniat,
2623 3720 2871 3776 habitare
2905 3719 3129 3779 dicitur.
3178 3714 3314 3770 Nam
3352 3714 3682 3769 tabernacu-

2101 3813 2214 3868 lum
2243 3812 2339 3869 Dei
2373 3812 2570 3867 coelum
2593 3818 2698 3867 est.
2731 3812 2908 3882 Atque
2939 3809 3258 3871 consideres
3297 3808 3456 3863 velim
3480 3847 3498 3872 ,
3545 3821 3681 3860 num

2102 3903 2196 3974 qui
2235 3903 2338 3957 sub
2372 3904 2488 3972 lege
2530 3911 2800 3967 versatur,
2831 3915 2955 3980 qua:
2984 3901 3197 3957 scilicet
3224 3900 3392 3955 veluti
3423 3899 3679 3972 padago-

2102 4009 2202 4065 gus
2231 3993 2300 4047 ad
2324 3993 2527 4047 Christi
2555 3992 2898 4062 disciplinam
2929 3993 3118 4048 haberi
3144 4001 3343 4063 potest,
3379 3989 3586 4047 habitet
3624 3991 3715 4060 in,

2102 4085 2455 4140 tabernaculo
2484 4082 2719 4154 Domini,
2747 4086 2894 4154 circa
2918 4083 3350 4153 tabernaculum
3383 4082 3709 4139 testimonii»

2105 4174 2525 4232 sollicitudinem
2585 4175 2831 4242 habens;
2880 4181 3043 4243 atque
3087 4172 3134 4228 is
3164 4173 3257 4244 qui
3301 4171 3369 4225 ad
3400 4171 3711 4233 Christum.

2107 4285 2278 4340 usque
2308 4267 2553 4341 pervenit
2585 4275 2639 4323 et
2671 4266 2738 4322 ad
2767 4266 3136 4337 evangelicam
3165 4265 3466 4321 doctrinam
3485 4306 3504 4332 ,
3547 4280 3681 4319 num
3755 4278 3760 4284 ‘

2104 4340 2513 4424 tabernaculum
2544 4357 2788 4430 posuerit
2817 4356 2871 4410 in
2896 4362 3080 4411 monte
3109 4362 3300 4411 sancto
3323 4353 3442 4418 Dei,
3472 4354 3541 4409 de
3571 4368 3713 4424 quo,

2106 4450 2538 4523 prophetadicit
2568 4469 2582 4505 :
2624 4449 2946 4519 Perspicua:
2984 4457 3061 4502 est
3088 4463 3239 4501 mons
3263 4445 3483 4510 Domini
3510 4434 3578 4498 ‘9'.
3602 4444 3710 4511 Ac.
3753 4459 3775 4492 ·.

2106 4548 2303 4607 iterum
2359 4544 2492 4611 mihi
2552 4542 2860 4615 perpendas
2912 4540 3112 4605 velim,
3163 4553 3348 4594 annon
3382 4553 3546 4593 mons
3590 4538 3751 4606 ille,

2104 4646 2329 4695 sanctus
2387 4635 2603 4692 Domini
2667 4634 2740 4691 sit
2767 4632 3008 4690 Verbum
3060 4631 3180 4701 ejus
3203 4650 3227 4703 ;,
3271 4628 3682 4693 tabernaculum

2104 4736 2286 4786 autem
2318 4727 2459 4797 ejus,
2490 4726 2656 4781 homo
2682 4739 2843 4795 quem
2872 4720 3211 4791 assumpsit:
3236 4733 3416 4776 annon
3440 4733 3578 4788 opus
3610 4716 3685 4780 sit

2103 4820 2280 4889 primo
2338 4815 2619 4872 Christum
2671 4813 2974 4869 secundum
3034 4824 3256 4873 carnem
3316 4822 3681 4879 cognoscere;

2103 4908 2407 4977 deindeque
2439 4904 2848 4960 tabernaculum
2897 4916 3100 4972 ponere
3146 4899 3203 4971 in
3254 4907 3441 4955 monte
3493 4905 3684 4955 sancto

2102 4999 2222 5064 Dei,
2245 5016 2368 5055 cum
2395 4998 2607 5055 scilicet
2632 4997 2725 5067 qui
2758 4995 2955 5049 viderit
2981 4990 3211 5064 gloriam
3250 4992 3371 5062 ejus
3398 5031 3413 5057 ,
3450 4992 3681 5071 gloriam

2100 5091 2259 5161 quasi
2303 5088 2665 5161 Unigeniti‘a
2720 5084 2911 5152 Patre;
2965 5090 3129 5153 atque
3185 5080 3402 5153 dicere:
3450 5080 3679 5135 Sienim

2101 5183 2434 5255 cognovimus
2464 5177 2752 5236 secundum
2782 5191 2995 5249 carnem
3031 5174 3305 5244 Christum
3334 5189 3353 5226 :
3394 5170 3485 5225 sed
3536 5187 3677 5225 nunc

422 5260 598 5347 μόνων
639 5275 807 5344 ἁγίων
833 5274 1018 5346 ψυχῶν
1047 5275 1140 5329 καὶ
1170 5274 1391 5328 τελείων
1425 5276 1481 5327 ὲν
1507 5273 1823 5348 δικαιοσρνῃ
1868 5292 1998 5328 κατ-

2101 5275 2212 5343 iam
2262 5290 2366 5327 non
2411 5272 2652 5341 novimus
2678 5271 2746 5323 ⁸⁷.
2798 5266 3122 5338 Hujusmodi
3177 5278 3412 5329 namque
3466 5261 3678 5318 homini

420 5368 876 5439 οικηθησόμενον’
949 5368 976 5418 6
1023 5367 1245 5439 οὐρανὸς
1301 5366 1496 5430 αὐτὸς,
1547 5367 1640 5436 καὶ
1691 5369 1724 5439 ἡ
1775 5367 1879 5419 ὑπὸ
1902 5365 1996 5419 τοῦ

418 5455 669 5529 Σωτῆρος
733 5454 1179 5525 εὐαγγελισθεῖσα
1251 5455 1498 5526 βασιλεία
1560 5456 1668 5509 τῶν
1729 5456 1992 5528 οὐρανῶν.

421 5546 568 5621 Αὕτη
607 5549 753 5601 ἐστὶν
787 5546 1136 5620 Ἰερουσαλὴμ
1166 5550 1198 5618 ὴ
1230 5549 1575 5619 ἐπουράνιος*
1614 5549 1754 5620 αῦτη
1782 5551 1899 5603 ἐστὶ
1932 5550 1995 5602 τὸ

420 5641 557 5709 Σιὼν
588 5641 741 5714 ὅρος,
787 5643 874 5695 καὶ
912 5642 946 5711 ἡ
974 5641 1126 5705 πόλις
1159 5641 1250 5695 τοῦ
1282 5640 1418 5697 Θεοῦ
1464 5640 1557 5696 τοῦ
1593 5641 1820 5711 ζῶντος,
1852 5641 1994 5711 κατᾶ

490 5795 536 5826 ’⁸
574 5794 720 5851 Psal.
759 5812 996 5859 uxvm,
1038 5796 1123 5850 15.
1224 5797 1265 5826 ²¹
1313 5794 1477 5850 Hebr.
1514 5812 1622 5858 xu,
1656 5797 1746 5850 τε.

1844 5798 1889 5829 ¹²
1934 5795 2077 5852 Psal.
2142 5813 2266 5853 xu.
2301 5796 2354 5849 5.

2103 5367 2305 5421 dictum
2334 5372 2462 5420 est:
2515 5363 2683 5435 Super
2706 5369 2931 5429 montem
2983 5357 3245 5412 exccisum
3287 5353 3541 5418 ascende,
3590 5354 3683 5423 qui

2101 5458 2430 5529 euangelizas
2465 5455 2594 5527 Sion
2625 5457 2707 5523 ’⁸η
2739 5454 2857 5507 Alia
2913 5460 3097 5507 autem
3153 5450 3367 5505 ratione
3419 5448 3639 5503 dicatur
3660 5485 3683 5517 ι

2101 5560 2339 5608 montem
2369 5549 2465 5606 Dei
2490 5565 2633 5610 esse,
2662 5549 2718 5603 in
2752 5564 2863 5619 quo
2888 5547 3153 5602 duntaxat
3175 5547 3367 5599 animm
3397 5548 3597 5599 sancta:
3624 5546 3685 5596 et

2100 5644 2155 5698 in
2198 5642 2413 5712 justitia
2473 5639 2725 5711 perfecta:
2785 5638 3144 5702 habitabunt,
3200 5633 3450 5689 videlicet
3499 5631 3684 5703 ipsum

2458 5796 2503 5827 ’³
2540 5795 2682 5852 Psal.
2727 5811 2928 5851 Lxxxm
2954 5833 2969 5863 ,
3002 5794 3057 5848 2.
3149 5794 3215 5871 ""_
3241 5791 3261 5845 l
3292 5790 3418 5848 Cor.
3457 5804 3536 5856 ιι,
3576 5785 3671 5856 ις,

422 5868 471 5902 ’³
508 5864 643 5927 Luc.
686 5881 761 5922 ιιιι
787 5906 801 5936 ,
832 5867 919 5922 43.
997 5866 1043 5899 ⁸⁸
1083 5864 1187 5922 lsa.
1232 5883 1303 5932 ιι,
1335 5866 1389 5919 2.
1469 5870 1526 5909 ηΔ
1557 5869 1596 5923 ιι
1629 5868 1756 5924 Cor.
1793 5885 1859 5933 ιι,
1893 5868 1979 5923 ib‘.

2140 5867 2245 5923 ιω.
2283 5882 2380 5935 ιι,
2415 5866 2485 5932 9.,
