4096 6394
369 377 473 435 153
1491 375 1904 432 COMMENTAF

2006 371 2100 436 ’ἷΞἾ
2141 379 2481 438 PSALMOS.
2946 412 2949 415 -
3506 389 3610 444 154

365 513 495 562 των,
525 495 704 550 δίδωσι
738 493 854 566 μὲν,
887 494 1000 550 ἀλλ’
1028 493 1129 546 οὐκ
1162 493 1256 547 ἐπὶ
1290 491 1368 563 τῷ
1393 494 1491 564 τὴν
1523 494 1754 565 ἀμοιϐὴν
1789 513 1901 568 παρ

2006 497 2278 560 ,amicitia
2328 504 2383 553 et
2433 496 2836 560 benevolentia,
2895 497 2974 552 sic
3024 498 3194 567 probe
3243 515 3303 556 se
3355 503 3504 572 agit,
3559 505 3608 562 is

369 584 667 656 ἀνθρώπων
704 584 916 637 λαϐεῖν·
961 583 1138 657 έαυτῷ
1166 583 1224 638 δὲ
1247 585 1638 655 ταμιευόμενος
1666 585 1853 658 ὥσπερ
1877 590 1902 640 ὲ

2035 589 2296 658 elargitur
2323 587 2579 658 quidem,
2611 587 2705 649 sed
2745 602 2854 641 non
2884 602 2948 642 ea
2975 596 3154 644 mente
3207 597 3264 644 ut
3304 593 3608 649 mercedem

367 675 641 749 θησαυρῷ,
673 678 766 730 καὶ
795 676 942 747 αὑτῷ
972 675 1249 748 φυλάττων
1283 679 1362 739 είς
1389 676 1485 748 τὴν
1525 677 1821 747 μέλλουσαν
1857 680 1904 731 τι

2034 680 2103 734 ab
2139 679 2453 734 hominibus
2504 680 2770 750 accipiat;
2816 679 2863 734 is
2901 679 3046 734 enim
3089 680 3193 735 sibi
3245 697 3342 737 ceu
3388 685 3443 740 in
3495 686 3608 743 the-

367 769 486 842 Θεῷ
511 771 884 825 ἀνταπόδοσιν·
917 749 1028 837 πάι
1063 767 1222 837 δῶρα
1249 769 1340 822 ἐπ’
1371 768 1580 835 ἀθώοις
1603 772 1713 823 οὐκ
1736 771 1904 824 ἔλαϐε

2034 786 2201 826 sauro
2249 771 2521 835 recondit,
2575 749 2790 841 sibique
2845 779 3089 827 reservat
3133 789 3233 842 pro
3282 775 3464 830 futura
3512 776 3608 833 Dei

367 862 542 935 Τιμὴν
565 863 664 934 μὲν
685 863 792 934 γάρ
815 863 954 933 τάχα
981 865 1232 934 προσοῖτο
1263 861 1647 935 [προσοίσοιτο]
1673 862 1772 934 τὴν
1801 864 1900 917 άλυ

2031 866 2492 918 remuneratione.
2555 862 2623 915 Et
2677 876 2894 918 munera
2945 878 3099 932 super
3152 865 3449 922 innocentes
3503 886 3607 924 non

366 971 466 1009 πον
492 957 586 1009 καὶ
610 954 822 1024 ἁδλαὸἦ
850 957 962 1033 τοῖς
988 954 1242 1026 τιμῶσιν·
1281 955 1644 1029 ὑποκειμένης
1668 955 1724 1008 δὲ
1756 955 1902 1010 αἰτία

2032 955 2250 1025 accepit.
2293 953 2359 1020 εἰς
2415 954 2650 1010 fortasse
2703 970 2905 1008 munus
2963 955 3236 1017 admittat,
3285 957 3414 1012 dum
3469 960 3607 1015 nihil

363 1046 447 1116 ἐφ’
481 1045 669 1119 ἐτέρου
703 1045 894 1118 βλάϐῃ,
929 1044 1134 1098 εἴποτε
1153 1043 1361 1110 δέξαιτο
1390 1046 1559 1119 δῶρα,
1590 1047 1904 1106 παντάπασι

2030 1045 2314 1109 molestiae,
2368 1045 2681 1100 detrimenti
2733 1045 2890 1106 nihil,
2927 1041 3284 1101 offerentibus
3317 1047 3604 1118 importet;

358 1137 621 1210 ἀνέτρεψε
639 1137 712 1202 τὰ
740 1137 1121 1208 προλεχθέντα.

2030 1136 2114 1199 sin
2145 1151 2279 1192 casu
2303 1137 2524 1193 eveniat
2557 1146 2612 1191 ut
2647 1138 2701 1191 in
2729 1137 2954 1192 alterius
2983 1137 3365 1193 detrimentum
3396 1149 3603 1210 vergat;

2027 1239 2159 1285 tunc
2175 1233 2218 1286 si
2239 1247 2464 1288 munera
2487 1233 2739 1304 accipiat,
2762 1235 2948 1288 omnia
2970 1250 3089 1305 quae
3113 1250 3280 1305 supra
3299 1237 3442 1292 dicta
3474 1246 3604 1293 sunt

2027 1338 2260 1393 prorsus
2291 1325 2510 1379 evertit.

2154 1438 2205 1492 1.
2246 1431 2476 1493 TITULI
2515 1436 2906 1494 INSCRIPTIO
2945 1438 3076 1496 IPSI
3113 1439 3324 1495 DAVID
3363 1440 3479 1497 XV.

423 1533 514 1604 Τῷ
550 1534 650 1605 μὲν
693 1536 874 1590 Δαυῒδ
919 1538 1318 1611 ἐπιγέγραπται
1363 1543 1391 1594 ὁ
1433 1541 1665 1614 ψαλμός·
1710 1544 1765 1614 ἢ,
1818 1546 1904 1599 τοι

2094 1549 2307 1616 Davidi,
2337 1552 2577 1622 psalmus
2618 1553 2938 1622 inscriptus.
2982 1561 3077 1606 aut
3107 1554 3410 1609 secundum
3461 1554 3599 1611 alios

350 1623 551 1715 άαυῒδ,
605 1626 745 1680 κατὰ
789 1629 916 1692 τοὺς
959 1628 1178 1694 λοιποὺς
1217 1633 1578 1704 έρμηνευτάς.
1611 1637 1838 1708 Ψαλμὸν
1869 1638 1904 1690 δὲ

2025 1643 2369 1715 interpretes,
2395 1643 2634 1698 Davidis.
2661 1643 2938 1700 Psalmum
2968 1645 3270 1715 improprio
3298 1655 3596 1702 consuetu-

350 1712 502 1770 εἷπον
549 1720 1036 1791 καταχρησάμενος
1082 1726 1147 1794 τῇ
1197 1725 1472 1798 συνηθείᾳ·
1525 1727 1666 1782 κατὰ
1710 1731 1819 1800 γὰρ
1863 1730 1904 1782 τί

2022 1735 2168 1790 dinis
2203 1752 2306 1791 usu
2335 1736 2563 1802 vocavi;
2597 1749 2724 1788 nam
2766 1750 2833 1790 ex
2882 1745 3138 1789 accurata
3182 1739 3398 1794 ratione
3435 1752 3597 1794 nemo

349 1807 574 1879 ἀκριϐὲς
597 1811 697 1863 οὐκ
717 1810 782 1864 ἄν
807 1829 890 1874 τις
921 1813 1082 1868 αὑτὸν
1120 1815 1260 1868 εἴποι
1291 1817 1525 1888 ψαλμὸν,
1554 1821 1635 1873 ὅτι
1667 1823 1740 1894 μὴ
1769 1822 1904 1875 τοῦτι

2024 1827 2292 1896 psalmum
2326 1827 2521 1882 dixerit
2553 1843 2566 1878 :
2599 1842 2778 1896 reque
2813 1827 2959 1882 enim
2991 1842 3054 1882 ea
3086 1835 3170 1882 est
3215 1828 3591 1899 inscriptionis

348 1897 537 1968 δηλοῦν
562 1899 807 1990 βούλεται
838 1904 870 1972 ἡ
903 1907 1225 1976 προγραφή·
1257 1906 1371 1959 ἀλλ’
1401 1908 1513 1962 ἔστι
1552 1911 1904 1982 στηλογραφίο

2022 1916 2380 1985 significatio;
2424 1917 2516 1971 sed
2545 1923 2630 1972 est
2662 1916 2829 1972 veluti
2865 1917 3060 1973 titulus
3097 1897 3422 1988 inscriptus.
3460 1935 3585 1990 pro.

348 1988 680 2058 προφητείαν
710 1993 1041 2062 περιέχουσα
1063 1993 1398 2070 θαυμαστὴν,
1425 2001 1518 2052 καὶ
1540 2002 1758 2073 γραφῆς
1789 2005 1904 2058 αίω-

2021 2008 2260 2080 phetiam
2301 2008 2614 2078 exprimens
2657 2008 3058 2075 admirandam,
3092 2018 3407 2081 aeternaque
3449 2013 3592 2067 scri-

346 2077 481 2142 νίου,
503 2078 691 2152 ὥσπερ
720 2083 776 2134 ὲν
805 2084 972 2157 στήλῃ
1005 2088 1414 2158 τετυπωμένης,
1446 2091 1623 2158 ἀξίαν.
1877 2163 1879 2166 γ

2019 2077 2203 2170 ptura,
2233 2112 2333 2152 ceu
2369 2077 2424 2153 in
2453 2100 2614 2169 cippo
2647 2099 2940 2170 insculpta,
2973 2101 3212 2171 dignam.

647 1396 1125 1472 ΣΤΗΛΟΓΡΑΦΙΑ
1161 1397 1249 1453 ΤΩ
1285 1403 1486 1458 ΔΑΥΙΔ
1523 1405 1626 1460 lE‘-.

414 2169 695 2234 Φύλαξόν
724 2189 821 2240 με,
860 2175 1058 2242 Κύριε,
1097 2175 1187 2229 ὅτι
1223 2178 1322 2231 ἐπὶ
1348 2179 1447 2233 σοὶ
1478 2175 1728 2243 ἤλπισα.
1763 2163 1920 2240 Eleiet

347 2259 424 2325 τῷ
461 2261 677 2329 Κυρίῳ·
709 2265 854 2330 Θεός
878 2283 999 2333 μου
1024 2263 1084 2320 εἷ
1112 2269 1214 2322 σύ·
1263 2269 1352 2323 ὅτι
1378 2270 1497 2324 τῶν
1529 2273 1766 2342 ἀγαθῶν
1796 2291 1918 2348 μου

341 2355 412 2406 οὐ
439 2355 650 2423 χρείαν
677 2355 854 2423 ἔχεις.
894 2359 1014 2425 ’Ότι
1061 2359 1159 2429 μὲν
1200 2357 1293 2415 οὖν
1328 2362 1417 2415 διὰ
1455 2363 1548 2417 τοῦ
1594 2365 1757 2420 Δαυτδ
1789 2369 1919 2421 ἀνα·

339 2443 656 2516 πεφώενηται
691 2447 758 2500 τά
793 2449 850 2501 ὲν
881 2451 948 2520 τῇ
985 2452 1289 2523 προφητείᾳ
1323 2455 1718 2526 περιεχόμενα,
1755 2460 1916 2513 παντὶ

335 2534 402 2589 ἂν
439 2537 522 2608 εἴη
565 2539 752 2608 σαφές.
799 2541 1136 2612 Ζητουμένου
1166 2543 1223 2596 δὲ
1254 2547 1333 2608 είς
1359 2545 1482 2599 τίνα
1513 2546 1621 2618 ἄρα
1648 2549 1752 2620 χρὴ
1787 2550 1917 2604 άνα-

337 2626 523 2697 φέρειν
562 2628 630 2682 τὰ
673 2630 960 2709 λεγόμενα,
991 2633 1286 2704 ἀξιόχρεως
1318 2638 1446 2707 ἡμῖν
1486 2638 1802 2704 διδάσκαλος
1825 2641 1916 2709 γέ-

333 2721 464 2772 νοιτ’
493 2719 559 2773 ἂν
589 2721 796 2794 Πέτρος
838 2726 867 2776 ό
899 2725 1214 2790 ἀπόστολος,
1246 2729 1302 2780 ἐν
1351 2733 1471 2793 ταῖς
1518 2731 1758 2802 Πράξεσι
1808 2734 1916 2789 τῶν

338 2810 651 2864 ἐποστόλων
701 2815 1078 2883 μνημονεύσας
1121 2816 1232 2870 τῶν
1284 2819 1341 2869 ἐν
1387 2819 1524 2891 αὐτῇ
1575 2822 1912 2893 φερομένων.

336 2900 571 2954 Διελθὼν
605 2901 713 2973 γὰρ
739 2904 876 2975 πρὸς
902 2905 994 2959 τὸν
1015 2905 1146 2960 λαὸν
1173 2909 1242 2961 τά
1265 2908 1361 2962 τοῦ
1388 2910 1626 2982 ψαλμοῦ,
1661 2915 1833 2968 ταῦτά
1853 2932 1915 2969 τε

337 2992 430 3043 ἐπὶ
462 2990 553 3044 τὸν
595 2994 821 3067 Σωτῆρα
851 2994 920 3048 τὰ
951 2999 1216 3072 εἰρημένα
1243 3000 1583 3067 ἀναδιδὰξας,
1623 3003 1753 3074 ἑξῆς
1789 3006 1908 3058 ὲπι-Δ

337 3081 491 3152 φέρει
522 3082 611 3136 καί
635 3100 821 3154 φησιν·
850 3086 1086 3153 Ἄνδρες
1103 3087 1371 3158 ἀδελφοὶ,
1395 3089 1540 3153 ἐξὸν
1556 3091 1746 3144 εἰπεῖν
1763 3092 1914 3161 μετὰ

2088 2185 2256 2242 Vens.
2287 2187 2342 2242 2.
2375 2187 2639 2243 Conserva
2670 2206 2770 2254 me,
2805 2189 3048 2254 Domine,
3091 2191 3342 2260 quoniam
3385 2193 3592 2260 speravi

2016 2281 2193 2344 inte;
2237 2280 2351 2334 dixi
2401 2279 2831 2340 Domino:Deus
2888 2299 3033 2336 meus
3083 2299 3136 2336 es
3195 2292 3288 2347 tu,
3343 2285 3593 2353 quoniam

2017 2368 2270 2423 bonorum
2301 2386 2537 2424 meorum
2579 2388 2680 2425 non
2724 2388 2859 2441 eges.
2893 2370 3050 2438 Quod
3087 2388 3182 2442 per
3212 2371 3467 2427 Davidem
3503 2388 3590 2437 ea,

2015 2476 2138 2531 qua:
2190 2460 2244 2514 in
2300 2461 2585 2531 prophetia
2637 2463 3021 2531 continentur,
3073 2463 3302 2519 recitata
3354 2464 3589 2528 fuerint,

2016 2553 2154 2607 nulli
2191 2568 2299 2606 non
2340 2553 2690 2608 manifestum
2734 2561 2837 2610 est.
2888 2554 2945 2609 Si
2998 2563 3273 2625 quaeratur
3317 2572 3483 2626 porro
3523 2557 3591 2612 ad

2020 2661 2183 2715 quem
2235 2645 2527 2701 referenda
2579 2647 2726 2713 sint,
2773 2647 2972 2718 dignus
3025 2662 3089 2701 ac
3149 2649 3379 2704 idoneus
3431 2649 3590 2704 nobis

2016 2737 2211 2792 doctor
2265 2736 2433 2793 fuerit
2476 2737 2672 2795 Petrus
2733 2742 3047 2809 apostolus,
3101 2741 3195 2810 qui
3252 2741 3309 2795 in
3355 2740 3588 2797 Actibus

2016 2830 2390 2900 apostolorum
2436 2829 2625 2886 eadem
2669 2830 2790 2901 ipsa
2837 2832 2892 2885 in
2935 2832 3220 2902 prophetia
3271 2832 3433 2885 allata
3473 2847 3588 2887 me-

2015 2924 2214 2973 morat.
2269 2916 2401 2972 Nam
2436 2933 2560 2973 cum
2593 2921 2792 2989 popqu
2818 2921 3010 2990 psalmi
3043 2919 3368 2976 sententiam
3410 2922 3586 2990 expli-

2015 3017 2198 3074 caret,
2240 3018 2293 3065 et
2332 3010 2400 3064 de
2431 3009 2711 3067 Salvatore
2768 3012 3120 3084 intelligenda
3171 3013 3425 3078 doceret,
3469 3014 3586 3069 haec

2014 3101 2211 3157 deinde
2259 3101 2542 3172 subjungit
2603 3122 2617 3157 :
2691 3102 2800 3157 Viri
2847 3103 3063 3173 fratres,
3119 3104 3273 3158 liceat
3332 3104 3586 3158 audenter

336 3175 676 3242 παρρησίας
695 3175 846 3251 πρὸς
864 3174 1022 3245 ὑμᾶς
1041 3179 1174 3247 περὶ
1194 3179 1300 3232 τοῦ
1320 3180 1687 3251 πατριάρχου
1706 3185 1904 3252 Δαυῒδ,

2013 3191 2185 3246 dicere
2211 3191 2285 3245 ad
2308 3209 2394 3245 vos
2420 3191 2483 3245 de
2503 3193 2808 3261 patriarcha
2823 3193 3012 3258 David,
3034 3195 3279 3264 quoniam
3305 3193 3584 3264 defunctus

334 3264 425 3318 ὅτι
457 3267 554 3319 καὶ
585 3267 942 3335 ἐτελεύτησε
973 3271 1070 3324 καὶ
1102 3270 1312 3340 ἐτάφη·
1343 3273 1442 3326 καὶ
1470 3275 1536 3326 τὸ
1561 3274 1772 3345 μνῆμα
1805 3279 1913 3332 αὺ-

335 3354 439 3408 τοῦ
465 3355 637 3410 ὲστιν
658 3357 728 3413 ἐν
749 3360 893 3428 ἡμῖν
926 3358 1063 3430 ἄχρι
1091 3361 1203 3430 τῆς
1233 3361 1461 3432 ἡμέρας
1488 3366 1730 3434 ταύτης.
1765 3368 1913 3436 Προ-

333 3445 528 3517 φήτης
557 3446 672 3504 οὖν
697 3451 997 3525 ὑπάρχων,
1027 3455 1126 3508 καὶ
1151 3455 1342 3522 εἰδὼς,
1374 3457 1463 3512 ὅτι
1495 3458 1649 3528 ὅρκιε)
1674 3459 1912 3531 ὤμοσεν

330 3535 491 3603 αὺτῷ
522 3541 555 3593 ό
596 3539 740 3607 Θεὸς
783 3542 852 3595 ἐκ
898 3544 1130 3611 καρποῦ
1174 3545 1287 3614 τῆς
1333 3548 1566 3618 ὀσφύος
1610 3552 1796 3606 αὐτοῦ
1840 3553 1910 3608 τὸ

329 3630 481 3684 κατὰ
521 3629 718 3700 σάρκα
761 3633 1135 3702 ἀναστήσειν
1186 3639 1294 3692 τὸν
1335 3642 1611 3709 Χριστὸν,
1663 3646 1909 3700 καθίσαι

326 3722 427 3776 ἐπὶ
453 3722 560 3776 τὸν
588 3725 807 3790 θρόνον
835 3725 1044 3787 αὐτοῦ,
1075 3727 1338 3795 προϊδὼν
1352 3730 1624 3797 ἐλάλησε
1640 3734 1774 3802 περὶ
1796 3734 1908 3803 τῆς

330 3815 720 3883 ἀναστάσεως
741 3817 847 3872 τοῦ
873 3821 1151 3887 Χριστοῦ,
1179 3821 1268 3874 ὅτι
1305 3822 1443 3876 οὔτε
1478 3824 1905 3895 ἐγκατελείφθη

325 3911 413 3974 είς
434 3908 604 3977 ᾅδην,
623 3911 761 3964 οὔτε
778 3913 812 3980 ἠ
829 3911 985 3980 σὰρξ
996 3913 1182 3967 αὐτοῦ
1193 3912 1312 3967 εἶδε
1323 3913 1668 3984 διαφθοράν.
1689 3918 1907 3971 Τοῦτον

327 4003 434 4056 τὸν
480 4000 722 4070 Ἰησοῦν
760 4003 1104 4072 ἀνέστησεν
1132 4009 1165 4059 ό
1191 4006 1356 4072 Θεὸς,
1388 4002 1462 4072 οὗ
1489 4006 1710 4075 πάντες
1734 4009 1906 4078 ἡμεῖς

324 4094 512 4163 ἐσμεν
539 4094 856 4165 μάρτυρες.
911 4090 1011 4148 Ὧν
1049 4095 1223 4161 οὕτως
1272 4098 1598 4170 εἰρημένων,
1649 4101 1904 4170 περιττὸν

327 4185 394 4239 ἂν
431 4185 516 4258 εἴη
556 4187 652 4240 τοῦ
697 4186 885 4240 λοιποῦ
928 4187 1129 4258 ζητεῖν,
1168 4190 1261 4243 ἐπὶ
1295 4190 1415 4244 τίνα
1451 4189 1555 4262 χρὴ
1594 4191 1778 4263 φέρειν
1805 4191 1903 4263 τὴν

327 4280 685 4350 προφητείαν,
731 4279 878 4345 ἅπαξ
924 4282 1028 4335 ὑπὸ
1079 4282 1396 4358 τηλικούτου
1447 4284 1718 4354 μάρτυρος
1765 4284 1902 4337 δεδι-

324 4371 602 4443 δαγμένοι.
639 4373 796 4428 Κατὰ
830 4375 926 4445 μὲν
957 4371 1050 4428 οὖν
1085 4377 1210 4440 τοὺς
1249 4376 1648 4448 Ἑϐδομήκοντα
1679 4382 1900 4445 στηλο-

1987 3278 2123 3349 νεει,
2163 3293 2213 3337 et
2252 3284 2487 3354 sepultus
2511 3292 2602 3342 :et
2641 3285 2937 3354 sepulcrum
3011 3284 3124 3355 ejus
3178 3295 3256 3340 est
3304 3286 3446 3356 apud
3489 3304 3584 3341 nos

2011 3392 2174 3446 usque
2228 3377 2284 3430 in
2332 3375 2641 3440 hodiernum
2695 3377 2856 3434 diem:
2931 3379 3198 3450 Propheta
3247 3380 3410 3450 igitur
3460 3395 3582 3433 cum

2011 3475 2166 3531 esset,
2207 3476 2258 3522 et
2300 3469 2456 3523 sciret
2486 3471 2613 3540 quia
2640 3469 3003 3540 jurejurando
3030 3472 3267 3540 jurasset
3308 3471 3392 3524 illi
3411 3471 3575 3536 Deus,

2009 3558 2073 3613 de
2094 3559 2270 3629 fructu
2293 3559 2455 3614 lumbi
2473 3561 2586 3630 ejus
2608 3562 2894 3616 secundum
2927 3579 3138 3617 carnem
3161 3571 3581 3616 resurrecturum

2010 3646 2280 3701 Christum
2329 3647 2398 3702 ad
2445 3649 2727 3703 sedendum
2777 3650 2832 3704 in
2875 3651 3062 3705 throno
3109 3652 3266 3720 ejus:
3304 3651 3580 3720 providens

2010 3739 2217 3794 locutus
2278 3750 2358 3796 est
2410 3741 2474 3795 de
2523 3743 2905 3798 resurrectione
2953 3741 3172 3808 Christi,
3236 3745 3362 3814 quia
3419 3760 3582 3814 neque

2006 3829 2288 3883 derelictus
2345 3841 2422 3884 est
2482 3832 2537 3885 in
2587 3832 2838 3901 inferno,
2887 3849 3048 3902 neque
3098 3850 3222 3888 caro
3278 3833 3391 3902 ejus
3445 3833 3580 3887 vidit

2006 3921 2418 3989 corruptionem.
2463 3921 2618 3976 Hunc
2645 3924 2828 3978 Jesum
2874 3927 3204 3979 resuscitavit
3229 3923 3392 3989 Deus,
3425 3927 3578 3996 cujus

2004 4029 2181 4067 omnes
2221 4029 2315 4068 nos
2357 4023 2512 4068 testes
2546 4032 2727 4069 sumus
2752 4017 2814 4068 ³³.
2881 4015 3091 4081 Quibus
3119 4017 3201 4071 sic
3251 4018 3575 4083 enuntiatis,

2006 4104 2344 4174 superfluum
2386 4116 2532 4161 esset
2575 4106 3083 4177 ulteriusindagare
3133 4106 3200 4160 ad
3228 4121 3390 4177 quem
3430 4107 3576 4163 refe-

2003 4197 2175 4251 renda
2212 4197 2526 4267 prophetia;
2584 4206 2872 4269 postquam
2932 4198 3065 4252 tanti
3110 4198 3210 4253 viri
3260 4199 3575 4254 testimonio

2004 4287 2185 4342 edocti
2226 4287 2453 4344 fuimus.
2482 4287 2646 4343 Juxta
2680 4289 3180 4360 interpretationem
3217 4289 3573 4361 Septuaginta
3644 4359 3653 4376 Ι

2005 4380 2277 4448 virorum,
2336 4381 2451 4437 haec
2500 4382 2785 4453 prophetia
2837 4382 2980 4437 tituli
3024 4384 3296 4452 inscriptio
3346 4372 3570 4454 dicitur,
3645 4372 3652 4393 ²

323 4467 543 4536 τραφία
560 4466 808 4520 λέλεκται
828 4468 861 4536 ὴ
885 4468 1208 4536 προφητεία,
1239 4468 1300 4521 τὸ
1331 4468 1602 4539 περιέχειν
1633 4468 1732 4540 τὴν
1756 4469 1901 4547 κατόι

2006 4472 2148 4542 quod
2184 4473 2468 4528 victoriam
2513 4489 2544 4527 a
2577 4473 2798 4530 Christo
2836 4475 2904 4531 de
2943 4483 3140 4542 morte,
3181 4491 3279 4547 per
3321 4491 3573 4534 resurre-

325 4558 419 4612 τοῦ
457 4557 685 4613 Θανάτου
727 4559 883 4628 νίκην
914 4559 1008 4612 τοῦ
1050 4559 1299 4632 Σωτῆρος
1338 4559 1427 4613 διὰ
1457 4559 1556 4631 τῆς
1585 4562 1650 4613 ὲκ
1687 4559 1900 4632 νεκρῶν

2006 4567 2235 4620 ctionem
2283 4581 2351 4620 ex
2388 4565 2618 4620 mortuis
2667 4577 2897 4637 partam,
2947 4567 3362 4637 complectatur.
3416 4566 3570 4622 Sicut

325 4650 668 4714 ἀναστάσεως
697 4650 860 4704 αὐτοῦ
895 4651 1348 4722 κατωρθωμένην.
1396 4653 1604 4723 ’Ὠσπερ
1648 4652 1757 4724 γὰρ
1789 4653 1899 4706 τῶν

326 4740 743 4813 ἀγωνιζομένων
776 4745 834 4796 ὲν
869 4743 1100 4806 σταδίοις
1128 4743 1178 4794 οἱ
1211 4743 1450 4813 μέγιστοι
1478 4745 1572 4797 καὶ
1605 4744 1896 4815 παράδοξοι

324 4833 476 4891 ἆθλοι
514 4837 713 4908 στήλης
747 4837 1044 4904 ἀξιοῦνται,
1081 4838 1176 4892 καὶ
1215 4837 1322 4890 τῶν
1363 4839 1421 4892 ὲν
1459 4838 1713 4910 πολέμοις
1754 4838 1896 4892 κατὰ

321 4929 429 4982 τῶν
449 4929 657 4998 ἐχθρῶν
679 4931 914 5000 τρόπαια
933 4931 1010 4992 εἰς
1029 4929 1244 5001 μακρὰν
1264 4933 1482 5001 μνήμην
1504 4931 1888 5002 στηλιτεύεται·

320 5021 461 5080 οὕτω
483 5022 657 5076 καὶτὸ
679 5023 820 5092 μέγα
851 5023 1106 5093 τρόπαιον
1127 5021 1222 5076 τοῦ
1249 5023 1399 5094 Σωτῆ
1408 5041 1519 5094 ρος,
1541 5025 1676 5095 ὅπερ
1703 5026 1890 5095 ἤγειρε

321 5112 564 5166 καθελὼν
595 5113 685 5166 τὸν
717 5112 778 5166 τὸ
814 5115 1014 5189 κράτος
1048 5113 1240 5184 ἔχοντα
1265 5112 1360 5166 τοῦ
1399 5113 1651 5179 θανάτου,
1685 5115 1888 5169 ἄνωθεν

322 5203 431 5258 ἀπὸ
462 5205 569 5258 τῶν
601 5203 952 5276 προφητικῶν
985 5205 1190 5276 χρόνων
1219 5205 1590 5276 ὲστηλιτεύετο
1619 5209 1738 5269 ταῖς
1764 5209 1890 5264 ἐαυ-

320 5295 428 5352 τῶν
446 5301 700 5368 γραφαῖς·
725 5297 807 5350 διὸ
842 5297 1210 5370 στηλογραφία
1236 5296 1502 5351 λέλεκται.

391 5474 513 5528 Ὅτι
542 5473 661 5528 τῶν
696 5475 931 5546 ἀγαθῶν
967 5493 1085 5545 μου
1116 5477 1189 5531 οὐ
1217 5475 1424 5544 χρείαν
1445 5474 1624 5545 ἔχεις.
1662 5475 1772 5545 Οὐχ
1800 5475 1886 5538 ἵνα

317 5569 387 5644 τὰ
436 5569 631 5633 ἐπάξια
664 5569 954 5640 χαρίσηται
998 5568 1112 5621 ἀνθ’
1143 5562 1218 5621 ὧν
1260 5567 1409 5638 αὐτῷ
1437 5567 1883 5639 προσηγάγομεν.

323 5659 503 5714 Ἄλλοι
550 5660 608 5713 δέ
663 5677 874 5732 φασιντ,
909 5661 982 5722 ὡς
1041 5661 1104 5714 ὲκ
1155 5657 1445 5730 προσώπου
1499 5658 1592 5712 τοῦ
1635 5659 1882 5729 Σωτῆρος

390 5820 434 5867 ’ἔ
475 5819 597 5892 Act.
637 5833 676 5874 lt
701 5859 714 5886 ,
750 5818 940 5876 90~5t?..

1999 4656 2145 4712 enim
2177 4656 2505 4711 athletarum
2542 4657 2598 4711 in
2628 4657 2805 4713 stadio
2846 4658 3242 4713 decertantium
3282 4657 3566 4729 splendida

1998 4758 2160 4817 atque
2190 4747 2526 4802 mirabiliora
2564 4762 2688 4802 cum
2725 4748 3060 4803 adversariis
3097 4747 3228 4802 inita
3261 4749 3564 4802 certamina

1997 4838 2158 4906 cippo
2182 4837 2476 4901 donantur,
2502 4845 2666 4907 atque
2704 4839 2758 4907 in
2787 4839 2946 4893 bellis
2983 4847 3186 4906 tropaea
3218 4836 3286 4892 de
3313 4837 3563 4895 hostibus

1998 4929 2067 4983 ad
2109 4928 2425 4983 diuturnam
2469 4930 2786 4984 memoriam
2841 4930 3145 5000 eriguntur,
3192 4928 3267 4983 ita
3307 4943 3564 4998 magnum

1995 5020 2130 5076 illud
2163 5019 2470 5077 Servatoris
2512 5027 2798 5091 tropaeum,
2835 5027 3114 5091 prostrato
3153 5035 3219 5074 eo
3260 5022 3354 5091 qui
3393 5021 3565 5090 impe-

1993 5112 2137 5166 rium
2179 5114 2374 5168 mortis
2417 5112 2652 5169 habebat
2698 5120 2973 5172 erectum,
3019 5112 3225 5181 jamdiu
3265 5127 3294 5165 a
3324 5111 3560 5179 praphe-

1995 5204 2121 5260 ticis
2169 5204 2504 5274 temporibus
2545 5204 2601 5258 in
2640 5218 2828 5258 eorum
2888 5202 3109 5270 scriptis
3137 5201 3282 5255 velut
3313 5201 3366 5254 in
3397 5199 3560 5268 cippo

1992 5293 2328 5363 insculptum
2356 5293 2534 5349 fuerat
2562 5319 2573 5353 ε
2601 5309 2768 5363 quare
2792 5291 2934 5346 tituli
2960 5291 3074 5345 sive
3102 5290 3243 5360 cippi
3273 5289 3560 5360 inscriptio

1995 5384 2220 5440 dicitur.

2065 5476 2330 5542 Quoniam
2369 5476 2625 5531 bonorum
2667 5489 2898 5528 meorum
2933 5489 3037 5527 non
3055 5488 3192 5544 eges.
3244 5472 3364 5528 Non
3389 5482 3449 5527 ut
3477 5471 3560 5527 di-

1989 5551 2151 5636 gnam
2188 5582 2288 5635 pro
2333 5566 2402 5620 iis
2438 5580 2560 5635 quae
2589 5565 2694 5635 ipsi
2728 5563 3026 5619 obtulimus
3061 5563 3365 5619 mercedem
3397 5563 3557 5618 retri-

1989 5661 2122 5728 buat
2164 5657 2261 5730 [ita
2301 5656 2588 5728 loquitur].
2626 5657 2730 5712 Alii
2761 5656 2951 5712 dicunt
2995 5672 3060 5714 ex
3104 5653 3404 5714 Salvatoris
3439 5673 3551 5727 per
