4100 6390
501 382 610 443 155

1167 377 1436 436 EUSEBlI
1474 371 1952 433 CIESARIENSIS
1991 370 2141 427 OPP.
2181 366 2360 424 PARS
2399 366 2486 424 Ill.
2527 397 2596 408 —
2633 365 3046 422 EXEGETICA.

3633 358 3736 416 £56

498 515 633 557 sona
660 495 1070 568 pronuntiatum
1101 494 1367 564 psalmum
1392 532 1406 556 ,
1440 490 1603 560 idque
1640 486 1938 543 secundum
1964 485 2067 537 hu»

2180 483 2385 553 εἴρηται
2418 484 2447 535 ὁ
2476 480 2687 551 ψαλμός
2710 495 2722 509 ·
2768 478 2980 550 εἴρηται
3012 478 3069 530 δὲ
3117 475 3256 530 κατά
3292 475 3353 529 τὸ
3380 475 3741 547 ἀνθρώπειον,

498 604 715 644 manam
756 595 1045 649 naturam,
1080 581 1389 653 cujusmodi
1423 581 1563 635 bene
1600 579 1772 633 multa
1809 578 1864 631 in
1898 576 2068 631 sacris

496 680 811 751 Evsngeliis
839 677 1330 749 deprehendimus;
1378 673 1539 744 quale
1566 680 1651 727 est
1675 670 1810 725 illud
1837 687 1852 723 :
1882 667 2067 732 Pater,

494 774 544 827 si
572 773 689 842 ﬁeri
713 771 901 841 possit,
926 777 1161 823 transeat
1193 784 1224 819 a
1256 783 1333 820 me
1366 766 1510 818 calix
1537 766 1656 820 iste.
1700 762 2070 816 Verumtamen

497 881 602 920 non
644 862 783 935 quod
827 879 918 933 ego
957 861 1092 924 volo,
1143 859 1233 912 sed
1285 858 1423 928 quod
1475 868 1531 910 tu
1560 857 1636 922 ³⁸;
1690 862 1785 911 et:
1820 852 1965 907 Vade
2000 852 2069 906 ad

496 956 716 1011 Patrem
760 970 931 1008 meum
975 962 1024 1007 et
1049 952 1268 1006 Patrem
1308 958 1557 1005 vestrum.
1603 946 1767 1000 Deum
1810 960 1983 999 meum
2020 952 2071 997 et

495 1046 668 1100 Deum
697 1055 922 1099 vestrum
949 1044 1012 1097 ³⁸.
1036 1043 1127 1098 Sic
1144 1042 1460 1110 frequenter
1496 1046 1766 1103 orantem,
1801 1050 1865 1090 ac
1894 1049 2069 1106 genua

496 1138 804 1192 ﬂectentem
853 1134 1189 1190 invenimus.
1248 1130 1450 1186 Eadem
1502 1144 1730 1201 prorsus
1770 1127 1982 1182 ratione
2015 1127 2069 1180 in

496 1226 603 1280 hoc
638 1239 856 1296 quoque
890 1224 1108 1295 psalmo
1162 1220 1484 1277 conservari
1530 1236 1589 1274 se
1630 1227 1903 1289 precatur,
1940 1217 2070 1271 dum

491 1325 677 1370 tamen
731 1331 764 1369 a
797 1331 858 1370 se
899 1315 1022 1385 ipso
1068 1320 1447 1369 conservatur.
1496 1311 1565 1366 At
1614 1312 1759 1367 enim
1813 1319 1872 1365 ut
1908 1311 2072 1367 homo

492 1417 674 1478 rogat,
712 1422 782 1462 ac
816 1414 1010 1478 utpote
1039 1405 1182 1461 Deus
1223 1405 1499 1476 postulata
1544 1405 1825 1470 concedit;
1881 1419 2073 1459 assen-

491 1500 665 1554 tiente
710 1499 923 1555 scilicet
968 1506 1024 1554 et
1063 1507 1395 1567 cooperante
1431 1496 1615 1552 Patre.
1673 1496 1938 1563 Quoniam
1979 1495 2072 1557 bo-

490 1607 681 1645 narum
712 1607 949 1645 meorum
982 1607 1084 1645 non
1115 1606 1253 1661 eges.
1299 1588 1425 1643 Haec
1451 1588 1811 1661 Symmachus
1841 1591 1947 1645 alia
1980 1604 2072 1644 ra-

490 1682 644 1737 tione
675 1682 1077 1753 interpretatus
1118 1689 1204 1737 est
1233 1696 1248 1734 :
1282 1678 1407 1737 Non
1436 1690 1515 1734 est
1550 1679 1680 1733 milii
1724 1679 1916 1734 bonum
1945 1681 2071 1749 fsine

491 1783 565 1827 te.
609 1771 800 1828 Omnis
841 1773 997 1843 copia
1044 1773 1335 1835 bonorum,
1384 1771 1585 1842 inquit,
1616 1786 1714 1845 per
1745 1778 1896 1825 tuam
1935 1771 2071 1824 mihi

489 1866 727 1935 gratiam
767 1865 1070 1921 confertur.
1114 1863 1361 1935 Utraque
1398 1879 1565 1934 porro
1614 1863 1775 1917 lectio
1811 1878 1965 1934 aeque
2005 1863 2075 1919 ad

490 1958 747 2027 pietatem
781 1964 1107 2029 opportuna.
1140 1955 1352 2010 Etenim
1406 1969 1436 2017 a
1466 1954 1577 2010 Deo
1606 1956 1888 2013 concessis
1913 1955 2073 2012 bonis

489 2064 595 2104 nos
625 2048 981 2119 perfruimur,
1018 2063 1197 2118 neque
1238 2047 1286 2102 is
1330 2053 1481 2101 recte
1527 2044 1691 2102 factis
1730 2046 1935 2118 indiget
1974 2061 2074 2102 no-

488 2139 627 2203 stris
678 2155 903 2194 :verum
959 2137 1030 2194 ad
1075 2139 1373 2195 utilitatem
1425 2136 1544 2207 ipse
1585 2145 1831 2194 nostram
1859 2138 1975 2199 haec
2014 2139 2075 2193 ut

488 2244 725 2299 agamus
762 2230 881 2301 lege
919 2228 1120 2285 sancit.

571 2317 738 2375 Vsus.
765 2321 826 2380 '5,
850 2320 901 2375 4.
954 2318 1168 2375 Sanctis
1203 2323 1293 2392 qui
1332 2332 1452 2376 sunt
1489 2322 1545 2381 in
1601 2329 1745 2374 terra
1777 2320 1890 2390 ejus
1925 2320 2076 2374 miri-

492 2412 676 2482 ﬁcavit
721 2428 897 2466 omnes
932 2412 1227 2468 voluntates
1277 2432 1403 2468 suas
1442 2415 1495 2467 in
1528 2414 1625 2468 eis.
1659 2445 1728 2454 —
1760 2413 1862 2467 Vos
1900 2423 2075 2466 autem

491 2504 623 2558 estis
652 2519 837 2573 corpus
861 2504 1081 2567 Christi,
1105 2515 1154 2560 et
1186 2508 1417 2561 membra
1444 2507 1508 2561 de
1538 2506 1770 2561 membro
1794 2507 1858 2560 ³⁸.
1886 2506 2075 2561 Εεειεα

498 2600 594 2651 size
637 2611 749 2652 suae
790 2612 1083 2663 aerumnas,
1133 2598 1239 2654 sibi
1278 2600 1437 2668 quasi
1478 2599 1730 2669 proprias
1769 2598 2073 2662 ascribens,

494 2704 561 2744 ex.
591 2705 825 2759 persona
858 2690 978 2759 ejus
1008 2691 1121 2745 hasc
1148 2692 1323 2762 potuit
1355 2692 1509 2747 eiiari
1536 2708 1548 2744 :
1584 2689 1797 2746 Sanctis
1828 2691 1919 2761 qui
1946 2700 2072 2745 sunt

493 2781 550 2834 in
578 2790 718 2835 terra
738 2781 851 2850 ejus
883 2783 1184 2852 miriﬁcavit
1208 2801 1384 2838 omnes
1415 2784 1707 2838 voluntates
1740 2800 1866 2838 suas
1896 2785 1949 2837 in
1979 2784 2074 2837 eis.

493 2870 867 2941 Muttiplicatm
883 2883 1006 2927 sunt
1025 2875 1365 2943 inﬁrmitates
1382 2875 1695 2929 eorum.Alii
1717 2884 1917 2929 terram
1934 2874 2076 2942 ejus,

492 2960 797 3018 Ecclesiam
853 2965 1331 3034 interpretantur;
1383 2954 1716 3036 quapropter
1746 2966 1841 3021 Dei
1882 2967 2080 3020 volun-

492 3060 636 3107 tates
665 3054 948 3111 mirabiles
969 3056 1227 3111 evadunt.
1262 3057 1583 3114 Voluntates
1610 3072 1775 3128 porro
1803 3057 1920 3124 Dei,
1950 3064 2081 3112 sunt

2171 577 2357 646 ὥσπερ
2387 575 2539 628 αὐτοὶ
2567 572 2703 626 αὐτά
2728 570 2897 624 πολλά
2931 570 3025 624 καὶ
3061 571 3119 622 ἐν
3157 571 3266 629 τοῖς
3295 569 3456 640 ίεροίς
3494 569 3738 636 Εὕαγγε·

2170 667 2304 731 λίοις
2342 666 2683 737 εὑρίσκομεν
2718 662 2954 717 τοιοῦτόν
3006 665 3119 715 ἔστι
3170 660 3257 713 τό·
3312 658 3521 727 Πάτερ,
3553 662 3605 713 εί
3637 658 3743 713 δυ-

2170 758 2375 825 νατὸν,
2416 755 2752 825 παρελθέτω
2797 754 2864 808 τὸ
2901 753 3185 820 ποτήριον
3227 752 3401 806 τοῦτο
3431 752 3533 805 ἀπ’
3569 751 3738 821 ἐμοῦ.

2170 852 2345 920 Πλὴν
2371 854 2482 919 οὐχ
2506 852 2587 915 ὡς
2612 847 2726 918 ἐγὼ
2757 846 2928 909 θέλω,
2959 847 3093 900 ἀλλ’
3118 847 3198 912 ὡς
3211 847 3311 898 σύ’
3347 844 3462 907 καὶ,
3485 844 3739 911 Πορεύο-

2164 958 2272 1011 μαι
2315 941 2462 1009 πρὸς
2497 940 2604 993 τὸν
2626 937 2857 1006 Πατέρα
2879 955 2998 1006 μου
3043 937 3141 990 καὶ
3169 935 3400 1003 Πατέρα
3428 934 3614 1004 ὑμῶν,
3640 934 3742 987 και

2174 1035 2323 1087 Θεόν
2340 1050 2458 1102 μου
2486 1032 2583 1107 agat
2618 1030 2767 1085 Θεὸν
2790 1029 2976 1099 ὑμῶν.
3016 1028 3199 1091 Οὕτως
3227 1028 3553 1099 εὑρίσκομεν
3577 1027 3743 1083 αὑτὸν

2171 1127 2461 1198 εὐχόμενον
2491 1123 2748 1194 συνεχῶς,
2777 1122 2873 1176 καὶ
2904 1122 2969 1175 τὰ
2998 1123 3198 1190 γόνατα
3217 1122 3556 1192 κάμπτοντα.
3586 1120 3743 1175 Οὕτω

2171 1222 2349 1274 τοίνυν
2382 1221 2475 1271 καὶ
2504 1219 2560 1271 ὲν
2585 1216 2756 1286 τούτῳ
2777 1213 2855 1282 τῷ
2875 1212 3075 1284 ψαλμῷ
3100 1215 3239 1266 αἰτεῖ
3265 1213 3623 1284 φυλαχθῆναι,
3648 1214 3743 1268 καὶ

2175 1313 2264 1380 ὑφ’
2290 1308 2481 1363 ἑαυτοῦ
2517 1306 2867 1377 φυλάττεται.
2902 1305 3051 1355 Alesi
3087 1303 3184 1373 μὲν
3211 1302 3317 1373 γὰρ
3342 1302 3416 1367 ὡς
3438 1302 3741 1374 ἅνθρωπος,

2172 1402 2355 1456 δίδωσι
2386 1400 2443 1453 δὲ
2476 1399 2573 1470 τὴν
2607 1398 2821 1468 αἴτησιν
2849 1396 2924 1458 ὡς
2950 1395 3100 1458 Θεός·
3138 1394 3480 1457 εὐδοκοῦντος
3506 1393 3744 1465 δηλονότι

2173 1495 2268 1549 καί
2292 1492 2677 1564 συνεργοῦντος
2705 1489 2799 1542 τοῦ
2824 1487 3024 1540 οἰκείου
3052 1485 3284 1557 Πατρός.
3317 1487 3433 1541 Ὅτι
3460 1484 3578 1539 τῶν
3603 1487 3747 1556 ἁγα-

2172 1585 2294 1640 θῶν
2310 1602 2429 1655 μου
2452 1585 2523 1638 οὐ
2548 1584 2759 1652 χρείαν
2782 1583 2959 1652 ἔχεις.
2979 1582 3147 1637 Τοῦτο
3173 1585 3202 1636 ὁ
3232 1581 3523 1654 Σύμμαχος
3546 1583 3745 1655 ἑτέρως

2172 1676 2533 1754 ήρμήνευσεν·
2564 1675 2802 1743 Ἀγαθόν
2814 1689 2913 1742 μοι
2935 1675 3045 1726 οὐκ
3068 1673 3237 1726 ἔστιν
3256 1672 3401 1726 ἄνευ
3415 1672 3550 1731 σοῦ.
3570 1672 3744 1738 Πᾶσα,

2174 1771 2327 1841 φησὶ,
2356 1768 2462 1825 τῶν
2489 1766 2704 1836 ἀγαθῶν
2733 1768 2766 1837 ἡ
2809 1765 2950 1838 φορά
2988 1764 3078 1818 διά
3119 1765 3218 1836 τῆς
3258 1765 3356 1834 σῆς
3389 1764 3624 1835 ὑπάρχει
3656 1780 3747 1836 μοι

2174 1866 2411 1939 χάριτος.
2460 1863 2772 1933 ’Δμφότερα
2815 1861 2873 1913 δὲ
2915 1860 3017 1930 τῆς
3060 1860 3342 1923 εὐσεϐείας
3389 1858 3591 1929 ἔχεται,
3638 1861 3749 1914 Καὶ

2172 1963 2334 2032 ἡμεῖς
2364 1958 2472 2029 γὰρ
2512 1955 2663 2027 παρά
2688 1954 2782 2008 τοῦ
2819 1953 2954 2007 Θεοῦ
2989 1952 3098 2006 τῶν
3132 1952 3353 2021 ἀγαθῶν
3385 1951 3748 2023 ἀπολαύομεν,

2173 2051 2269 2105 καὶ
2307 2050 2469 2111 αὐτὸς
2511 2048 2612 2116 τῆς
2651 2045 2926 2117 ἡμετέρας
2971 2045 3396 2115 δικαιοπραγίας
3432 2044 3492 2097 οὕ
3535 2042 3746 2115 χρῄζει·

2173 2141 2334 2213 χάριν
2372 2139 2554 2209 μέντοι
2598 2136 2698 2206 τῆς
2741 2136 3019 2208 η’μετέρας
3051 2136 3318 2205 ὠφελείας
3351 2134 3552 2206 ταύτην
3591 2150 3752 2205 νομο-

2175 2233 2339 2286 θετεί.

2253 2322 2384 2391 Τοῖς
2419 2324 2610 2393 ἁγίοις
2649 2321 2775 2388 τοῖς
2804 2320 2875 2373 ἐν
2903 2318 2978 2387 τῇ
3003 2318 3081 2388 τῇ
3115 2318 3301 2373 αὐτοῦ
3325 2317 3752 2387 ἐθαυμάστωσε

2175 2414 2371 2469 πάντα
2401 2414 2474 2468 τὰ
2509 2414 2811 2483 θελήματα
2830 2413 3015 2467 αὑτοῦ
3038 2412 3109 2465 ὲν
3134 2411 3356 2475 αὐτοῖς.
3383 2440 3453 2452 -
3480 2410 3660 2480 'I’ysiq
3685 2409 3753 2464 se

2175 2509 2315 2562 ἐστε
2343 2507 2514 2577 σῶμα
2532 2506 2810 2575 Χριστοῦ,
2837 2505 2935 2559 καὶ
2951 2504 3108 2573 μέλη
3135 2504 3201 2555 ἐκ
3218 2503 3463 2572 μέλους.
3494 2504 3751 2568 Δύναται,

2179 2600 2598 2669 ίδιοποιούμενος
2651 2600 2721 2652 τὰ
2768 2597 2915 2666 πάθη
2966 2596 3064 2666 τῆς
3104 2595 3428 2666 Ἐκκλησίας
3458 2595 3645 2661 αὑτοῦ,
3682 2596 3754 2650 τά

2177 2692 2513 2765 προκείμενα
2545 2690 2604 2755 ἐξ
2636 2691 2803 2759 αὐτῆς
2836 2689 3033 2757 λέγειν·
3066 2689 3193 2755 Τοῖς
3219 2689 3410 2758 ἁγίοις
3440 2688 3560 2754 τοῖς
3584 2690 3653 2747 ἐν
3678 2693 3753 2760 τῇ

2175 2784 2255 2856 γῇ
2293 2785 2478 2838 αὐτοῦ
2516 2782 2944 2852 ἐθαυμάστωσε
2976 2780 3175 2837 πάντα
3205 2783 3278 2836 τὰ
3312 2781 3615 2852 θέλήματα
3649 2783 3757 2838 αὑ,

2176 2879 2282 2933 τοῦ
2318 2880 2389 2933 ἐν
2428 2878 2647 2943 αὐτοῖς.
2706 2878 3207 2943 Ἐπληθύνθησαν
3224 2879 3284 2929 αὶ
3310 2876 3612 2930 ἀσθένειαι
3649 2880 3759 2929 αι’)-

2178 2968 2318 3023 τῶν.
2359 2970 2572 3039 Ἔτεροι
2616 2967 2674 3029 δὲ
2719 2966 2822 3035 γῆν
2864 2965 3028 3019 αὑτοῦ
3070 2966 3169 3035 τὴν
3217 2965 3540 3035 Ἐκκλησίαν
3571 2964 3753 3033 φασίν·

2179 3062 2301 3116 ὅθεν
2342 3062 2434 3114 καὶ
2473 3059 2753 3129 θαυμάσια
2783 3057 3021 3126 γίνονται
3057 3056 3127 3109 τὰ
3160 3055 3255 3108 τοῦ
3286 3056 3422 3108 Θεοῦ
3455 3056 3754 3127 θελήματα.

495 3143 727 3198 virtutes
777 3144 1006 3215 singulae
1056 3162 1177 3215 quae
1227 3147 1347 3216 ipso
1390 3153 1606 3202 astante
1662 3146 2076 3214 epitulanteque

2181 3153 2471 3223 Θελήματα
2523 3151 2580 3203 δὲ
2624 3147 2761 3202 Θεοῦ
2808 3149 2864 3200 αί
2917 3147 3037 3201 κατ’
3080 3145 3217 3209 εἶδος
3263 3147 3455 3217 ἀρεταὶ
3504 3163 3763 3217 παριστα-

495 3235 776 3301 coluntur,
818 3235 975 3305 juxta
1015 3237 1147 3292 illud
1185 3257 1196 3292 :
1230 3238 1415 3295 Inveni
1462 3235 1634 3290 David
1691 3237 1862 3306 ﬁlium
1904 3235 2075 3300 Iesse,

494 3329 669 3382 virum
711 3329 995 3384 secundum
1034 3347 1124 3384 cor
1159 3347 1356 3395 meum,
1385 3333 1474 3402 qui
1502 3330 1662 3401 faciet
1688 3346 1866 3384 omnes
1895 3328 2081 3383 volun-

497 3430 635 3476 tates
667 3438 811 3476 meas
836 3422 901 3487 "',
942 3423 1156 3479 scilicet
1185 3422 1497 3479 voluntates
1546 3422 1689 3491 ejus,
1727 3438 1835 3491 qua
1867 3420 2081 3479 ratione

497 3515 753 3584 superius
801 3516 1088 3586 explicatae
1139 3524 1291 3570 sunt.
1344 3514 1410 3569 Et
1458 3531 1592 3570 sane
1620 3514 1765 3569 Deus
1808 3512 2084 3568 mirabilia

497 3606 632 3661 facit
660 3608 715 3661 in
747 3608 956 3663 sanctis
991 3607 1130 3673 suis,
1155 3607 1283 3676 quia
1316 3606 1372 3660 in
1401 3607 1521 3675 ipso
1546 3606 1767 3661 virtutis
1797 3603 2079 3668 exercitio,

499 3700 595 3769 qui
622 3699 929 3758 secundum
961 3698 1130 3760 Deum
1172 3699 1450 3768 sapientes
1481 3707 1630 3761 sunt,
1663 3698 1788 3751 aliis
1822 3703 2083 3767 prastant

498 3787 840 3845 hominibus.
867 3785 988 3847 Non
1024 3787 1214 3843 eadem
1244 3787 1445 3858 quippe
1490 3787 1546 3841 in
1581 3787 1917 3858 martyribus
1940 3786 2085 3840 veri-

499 3881 655 3945 tatis,
690 3881 746 3935 in
778 3879 1041 3951 apostolis
1074 3891 1128 3935 et
1153 3880 1434 3962 prophetis
1481 3878 1746 3938 fortitudo
1769 3887 1874 3942 est,
1916 3886 2083 3948 atque

502 3972 558 4039 in
588 3974 804 4030 caeteris
834 3973 926 4043 qui
954 3987 1079 4027 sese
1123 3979 1348 4027 strenue
1385 3981 1675 4042 gesserunt
1702 3982 1916 4040 ineque
1949 3986 2080 4025 vero

496 4060 724 4134 Iosephi
771 4078 837 4119 ac
883 4061 1150 4117 Susannae
1205 4066 1568 4133 temperantia
1634 4064 2083 4133 continentiaque

499 4157 731 4212 aliorum
776 4155 1127 4210 continentiae
1178 4156 1375 4211 similis
1421 4164 1523 4212 est.
1585 4154 1787 4211 Eadem
1854 4172 2082 4226 prorsus

499 4248 715 4303 ratione
749 4247 991 4317 reliquas
1021 4255 1340 4309 sanctorum
1369 4247 1598 4302 virtutes
1628 4246 1773 4302 Deus
1804 4247 2082 4302 mirabiles

502 4340 687 4402 eﬂicit,
719 4341 796 4394 ita
825 4347 887 4393 ut
918 4340 1331 4409 incomparabili
1377 4341 1746 4410 praecellentia
1782 4340 1837 4393 in
1866 4356 2085 4410 quaque

503 4449 564 4489 re
605 4433 747 4486 inter
786 4438 1015 4486 caeteros
1059 4431 1278 4507 virtutis
1327 4433 1605 4489 studiosos
1646 4432 1899 4486 homines
1948 4432 2084 4485 emi-

2185 3243 2347 3315 μένου
2371 3239 2587 3293 τούτου⁸
2642 3242 2705 3299 ὲκ
2746 3237 2861 3290 τοῦ·
2905 3233 3104 3304 Εὗρον
3135 3236 3316 3289 Δαυῒδ
3334 3234 3441 3288 τὸν
3468 3235 3574 3288 τοῦ
3624 3237 3761 3288 Ἰεσ-

2182 3334 2307 3396 σαί,
2355 3330 2542 3398 ἄνδρα
2586 3329 2737 3384 κατὰ
2784 3328 2900 3397 τὴν
2945 3327 3199 3396 καρδίαν
3235 3345 3373 3397 μου,
3419 3327 3487 3393 ὃς
3520 3327 3762 3394 ποιήσει

2183 3423 2376 3477 πάντα
2416 3423 2489 3477 τὰ
2530 3420 2833 3491 θελήματά
2858 3438 2999 3490 μου,
3053 3421 3122 3474 τὰ
3168 3420 3339 3482 οὕτως
3369 3421 3759 3491 ἡρμηνευμένα

2185 3517 2466 3587 θελήματα
2509 3516 2663 3569 Θεοῦ.
2715 3516 3027 3585 Θαυμαστοῖ
3069 3514 3126 3567 δὲ
3172 3514 3303 3577 Θεὸς
3334 3516 3392 3566 ὲν
3428 3518 3539 3576 τοῖς
3582 3516 3759 3581 ἁγίοις

2184 3609 2371 3672 αὑτοῦ,
2413 3608 2573 3661 πλέον
2621 3626 2673 3660 τι
2711 3608 2939 3678 ἑχόντων
2970 3607 3079 3660 τῶν
3117 3607 3257 3660 κατά
3280 3608 3412 3661 Θεὸν
3446 3608 3624 3675 σοφῶν
3650 3608 3765 3661 τῶν

2186 3699 2358 3752 ἄλλων
2409 3697 2707 3770 ἀνθρώπων
2746 3701 2805 3750 ἐν
2835 3697 2911 3767 τῷ
2963 3698 3103 3751 κατὰ
3149 3700 3348 3769 ἀρετὴν
3385 3701 3647 3769 ἐνεργεῖν.
3685 3699 3771 3755 Οὐ.

2185 3790 2294 3861 γὰρ
2344 3790 2563 3861 ἀνδρεία
2612 3792 2644 3860 ἡ
2686 3789 2823 3860 αὐτὴ
2855 3789 2962 3841 τῶν
2998 3789 3291 3861 μαρτύρων
3343 3791 3440 3860 τῆς
3482 3790 3761 3862 ἀληθείας,

2186 3883 2479 3953 προφητῶν
2510 3899 2570 3935 τε
2603 3884 2693 3935 καὶ
2722 3882 3053 3945 ἀποστόλων,
3085 3886 3151 3953 τῇ
3176 3884 3287 3936 τῶν
3314 3883 3488 3947 ἄλλως
3513 3883 3761 3955 ἀνδριζοο

2188 3975 2400 4047 μένων;
2431 3975 2546 4029 ἀλλ’
2580 3974 2724 4051 οῦδὲ,
2769 3977 2803 4045 ἡ
2848 3975 3170 4046 σωφροσύνη
3207 3974 3316 4028 τῶν
3348 3974 3657 4045 τηρούντων
3698 3976 3765 4045 ἢν

2183 4070 2340 4139 ἔσχεν
2391 4067 2588 4138 Ἰωσὴφ
2634 4068 2730 4121 καὶ
2774 4066 3067 4128 Σουσάννα,
3111 4068 3176 4136 τῇ
3208 4066 3314 4118 τῶν
3348 4068 3521 4120 ἄλλων
3552 4084 3766 4137 σωφρο-

2187 4159 2341 4230 σύνῃ,
2372 4156 2528 4220 Οὕτω
2554 4156 2612 4217 δὲ
2642 4157 2736 4210 καὶ
2768 4156 2860 4207 ἐπὶ
2892 4154 3000 4206 τῶν
3038 4154 3239 4207 λοιπῶν
3282 4156 3511 4226 ἀρετῶν,
3550 4156 3764 4226 θαυμα-

2187 4249 2437 4312 στοῦντος
2463 4248 2597 4302 Θεοῦ
2626 4247 2724 4310 τὰς
2756 4246 2864 4298 τῶν
2892 4247 3061 4313 ἁγίων
3096 4246 3293 4317 ἀρετὰς
3319 4247 3393 4310 ὡς
3421 4247 3766 4318 ἁσυγκρίτως

2188 4339 2475 4411 ὑπερέχειν
2515 4339 2711 4402 αὐτοὺς
2756 4338 2864 4391 τῶν
2910 4338 3050 4391 κατά
3095 4338 3414 4410 ἀνθρώπους
3460 4339 3766 4409 γενομένων

2189 4431 2517 4487 σπουδαίων.
2575 4431 2733 4484 Οὕτω
2785 4431 3103 4502 θαυμασίων
3148 4433 3255 4485 τῶν
3306 4432 3624 4503 θελημάτων
3670 4432 3763 4486 τοῦ

505 4531 690 4581 neant.
721 4525 863 4580 Cum
895 4523 1063 4594 igitur
1095 4522 1235 4576 adeo
1262 4523 1543 4578 mirabiles
1586 4525 1697 4581 sint
1730 4524 1825 4580 Dei
1871 4525 1928 4579 in
1957 4540 2077 4580 san-

2186 4523 2324 4577 Θεοῦ
2354 4524 2412 4575 ὲν
2443 4525 2556 4585 τοῖς
2586 4523 2762 4591 ἁγίοις
2800 4523 2990 4587 ὄντων,
3031 4524 3390 4594 πληθύνονται
3426 4526 3633 4591 αὐτῶν,
3659 4528 3767 4581 τῶν

505 4617 610 4672 etis
636 4616 756 4673 suis
780 4616 1113 4679 voluntates,
1158 4616 1592 4685 multiplicantur
1635 4624 1951 4676 sanctorum
1992 4619 2080 4673 in-.

509 4706 822 4770 ﬁrmitates,
852 4720 976 4760 cum
1023 4705 1246 4762 videant
1289 4720 1350 4764 se
1375 4707 1573 4765 divina:
1609 4708 1799 4768 virtuti
1848 4724 1913 4764 ac
1961 4725 2081 4763 ma-

507 4797 783 4871 gnitudini
823 4799 1055 4852 multum
1099 4798 1338 4869 impares
1389 4814 1531 4853 esse.
1580 4799 1837 4853 Attamen
1865 4798 2085 4854 etiamsi

508 4903 824 4947 memorata:
850 4906 1038 4948 eorum
1082 4890 1432 4946 infirmitates
1475 4892 1930 4961 multiplicemur,
1972 4906 2089 4949 non

510 4985 719 5042 haerent
762 4985 887 5049 diu,
917 5001 1094 5056 neque
1125 4994 1348 5041 manent
1383 4986 1439 5041 in
1474 4985 1634 5056 ipsis,
1667 4985 1763 5041 sed
1798 4985 2094 5043 confestim

510 5077 832 5134 abscedunt.
896 5073 1033 5129 Nam
1092 5075 1310 5131 vixdum
1371 5090 1466 5133 eas
1535 5074 1902 5136 adverterint,
1962 5088 2091 5128 cum

512 5168 774 5223 continuo
829 5175 1163 5222 evanescant
1207 5183 1219 5217 :
1265 5166 1395 5234 quia
1454 5165 1685 5218 multum
1747 5162 1827 5215 illi
1880 5164 2086 5230 va’lcnt,

513 5256 735 5312 Christo
761 5257 897 5327 ipsis
929 5257 1075 5310 vires
1109 5262 1427 5325 pnestante,
1465 5252 1768 5309 secundum
1800 5252 1936 5307 illud
1971 5273 1982 5308 :
2019 5254 2091 5312 In

519 5348 626 5402 Deo
656 5349 910 5418 faciemus
936 5349 1179 5402 virtutem
1205 5348 1273 5399 ³⁸.

586 5441 841 5497 Arbitror
876 5441 1007 5494 item
1040 5441 1127 5495 his
1156 5436 1451 5511 significari
1480 5438 1721 5509 priorem
1758 5438 1905 5499 illam
1940 5445 2086 5491 vete-

516 5546 635 5589 rem
690 5533 1099 5588 idololatrarum
1156 5532 1550 5596 conditionem,
1612 5546 1720 5601 qua
1771 5545 1896 5586 cum
1939 5529 2088 5591 athei

588 5642 635 5676 ³⁸
672 5639 1029 5707 Manium,
1063 5641 1154 5697 59.
1231 5642 1274 5673 ³³
1313 5640 1470 5699 Joan.
1505 5658 1611 5708 xx,
1654 5641 1739 5698 Π.
1819 5642 1863 5674 ³⁵
1902 5640 1923 5701 l
1958 5640 2084 5698 Cor.
2122 5658 2229 5713 xu,
2262 5644 2353 5705 27.

520 5728 608 5770 ιιι
628 5754 642 5774 .
683 5714 766 5766 Η.

593 5785 666 5850 (t)
708 5782 891 5847 Lectio
919 5782 1131 5839 vitiata.

2187 4614 2357 4682 ἁγίων
2382 4612 2544 4681 λέγω,
2578 4614 2633 4666 αἱ
2664 4612 2960 4678 ἀσθένειαι,
2982 4615 3231 4685 ὁρώντων
3272 4617 3348 4679 ὡς
3397 4616 3527 4670 πολὺ
3550 4617 3768 4681 ἀπολεί-

2192 4721 2383 4759 πονται
2427 4705 2527 4774 τῆς
2568 4703 2703 4758 Θεοῦ
2742 4705 2923 4776 ἰσχύος
2976 4708 3071 4760 καὶ
3115 4707 3209 4760 τοῦ
3265 4709 3528 4779 μεγέθους
3579 4712 3762 4773 αὐτοῦ.

2194 4799 2407 4871 Ὅμως,
2451 4802 2499 4852 εἰ
2539 4800 2631 4853 καὶ
2678 4799 3035 4870 πληθύνονται
3082 4802 3137 4854 αί
3172 4800 3549 4872 προλεχθεῖσαι
3587 4803 3766 4861 αὐτῶν

2192 4892 2487 4957 ἀσθένειαι,
2516 4894 2616 4947 οὐκ
2650 4894 3096 4966 ὲμδραδύνουσιν,
3139 4895 3197 4947 οὐ
3229 4896 3636 4967 παραμένουσιν
3669 4896 3769 4950 αὕ-

2192 4988 2324 5048 τοῖς,
2355 4985 2693 5059 παραχρῆμα
2713 4986 3104 5057 ἀπερχόμεναι.
3136 4987 3313 5058 Μέχρι
3339 4986 3445 5060 γὰρ
3471 4987 3564 5040 τοῦ
3591 4986 3770 5059 ἐννοῆ-

2196 5094 2286 5130 σαι
2315 5078 2501 5142 αὑτὰς,
2529 5078 2684 5149 ἔσχον
2716 5079 2885 5143 αὑτὰς
2912 5079 3244 5149 ταχυνούσας
3275 5082 3332 5132 ὲν
3364 5079 3440 5143 τῷ
3471 5078 3660 5151 μηκέτ’
3686 5073 3766 5131 εἴη

2193 5192 2300 5229 ναι·
2329 5173 2415 5226 διὰ
2446 5170 2505 5225 τὸ
2540 5174 2744 5244 ἰσχύειν
2777 5175 2835 5233 ἐν
2865 5171 2944 5243 τῷ
2976 5172 3399 5242 ἐνδυναμοῦσθαι
3426 5172 3623 5235 αὐτοὺς
3660 5171 3769 5233 ὑπῂ

2193 5263 2429 5337 Χριστοῦ
2448 5263 2522 5336 (Ι)
2543 5263 2793 5336 πρώτων,
2817 5263 2887 5315 ἐν
2902 5260 2979 5326 τῷ
2999 5260 3120 5325 Θεῷ
3144 5261 3764 5332 ποιήσομενδύναμιν.

2263 5436 2429 5510 Οἶμαι
2462 5439 2518 5492 δὲ
2550 5439 2638 5493 διὰ
2666 5437 2870 5495 τούτων
2909 5437 3195 5507 δηλοῦσθαι
3237 5438 3345 5491 τῶν
3375 5439 3627 5494 ἁπάντων
3658 5436 3774 5494 τῶν

2192 5532 2357 5586 πάλαι
2384 5529 2785 5601 εἰδωλολατρῶν
2816 5529 2913 5601 τὴν
2943 5530 3212 5601 προτέραν
3235 5532 3585 5592 κατάστασιν·
3621 5531 3677 5583 ἐν

2433 5641 2678 5716 "lReg.
2716 5658 2836 5709 xm,
2876 5643 2985 5711 ii;
3026 5643 3149 5699 Aet.
3214 5660 3334 5708 xui,
3364 5644 3454 5698 τε.
3535 5645 3577 5676 ³⁸
3619 5644 3767 5701 Psai.
