4100 6394
512 367 614 422 159

1208 368 1478 432 EUSEBll
1512 371 1987 428 CA'SARIENSIS
2008 373 2157 431 OPP.
2199 372 2379 438 PARS
2409 373 2495 430 ΠΙ.
2536 407 2605 415 -
2642 376 3052 433 EXEGLTICA.

3656 378 3758 434 £60

512 500 708 558 passus
737 495 823 540 est
851 495 1104 544 mortem.
1141 487 1231 544 Sic
1271 491 1418 544 enim
1471 491 1526 546 in
1571 493 1747 548 sacris
1772 493 2078 565 Evangeliis

2187 495 2400 566 ψαλμῷ.
2433 495 2787 568 ἀνθρωπίνως
2818 497 2984 565 λέγει·
3026 497 3240 566 Κύριος
3271 497 3438 567 μερὶς
3470 495 3580 565 τῆς
3609 499 3760 566 πλη-

511 575 746 632 eﬂ‘atur:
787 576 973 643 Pater,
1007 580 1052 633 si
1079 581 1329 648 possibile
1353 591 1452 646 est,
1484 593 1719 639 transeat
1747 603 1780 639 a
1818 603 1898 642 me
1938 589 2080 654 cali:

509 667 610 722 iste
628 665 711 722 “z
743 682 809 723 ac
832 671 878 724 si
914 673 1158 742 apertius
1195 672 1399 728 diceret
1425 691 1437 725 :
1469 673 1728 732 Ecclesiae
1769 694 1928 745 meas,
1960 696 2080 749 quae

509 770 632 813 mea
678 757 986 825 haereditas,
1054 777 1181 831 pars
1238 762 1499 820 Dominus
1561 773 1670 833 est;
1743 776 1904 839 atque
1965 771 2083 842 ipse

510 847 704 903 calicis
737 850 863 912 mei,
895 849 947 903 id
969 859 1052 904 est
1083 853 1296 915 mortis,
1333 869 1458 922 pars
1485 854 1708 912 eﬂcctus
1729 865 1833 912 est.

2184 590 2468 657 ρονομίας
2491 606 2611 658 μου
2628 591 2724 644 καὶ
2749 590 2855 644 τοῦ
2872 592 3177 659 ποτηρίου·
3202 591 3563 662 κληρονομίαν
3579 589 3759 643 καλῶν

2185 680 2284 751 τὴν
2311 680 2419 732 τῶν
2452 681 2622 734 ἐθνῶν
2650 681 2925 751 βασιλείαν
2944 701 2957 712 ·
2987 684 3242 755 ποτήριον
3268 683 3324 736 δὲ
3352 683 3410 736 δν
3438 682 3577 753 ὑπὲρ
3609 681 3760 753 ἡμῶν

2189 774 2445 842 ὑπέμεινε
2481 773 2726 828 θάνατον.
2761 775 2916 829 Οὕτω
2950 777 3059 848 γάρ
3103 778 3196 830 καὶ
3233 780 3289 831 ὲν
3308 779 3421 841 τοῖς
3451 778 3615 846 ἱεροῖς
3646 775 3761 830 ἑλε-

2190 881 2286 932 γεν
2313 865 2678 934 Εὐαγγελίοις·
2713 867 2924 937 Πάτερ,
2947 873 3000 922 εὶ
3019 869 3297 935 δυνατὸν,
3327 869 3664 938 παρελθέτω
3690 867 3760 922 τὸ

509 940 793 1007 ,ποτήριον
831 942 1004 996 τοῦτο
1040 944 1141 996 ἀπ’
1204 946 1372 1013 ἐμοῦ
1407 947 1540 1001 ὡσεὶ
1573 949 1899 1022 σαφέστερον
1938 952 2110 1021 ἔλεγε·
2150 957 2258 1010 Καὶ
2290 961 2390 1028 τῆς
2428 962 2567 1030 ἐμῆς
2612 961 2956 1032 Ἐκκλησίας,
2986 963 3106 1034 ἥτις
3141 964 3288 1017 ἐστὶν
3329 966 3362 1035 ἡ
3428 963 3761 1036 κληρονομία

513 1052 639 1130 μου,
674 1035 831 1108 μερίς
856 1039 1003 1090 ἐστιν
1031 1040 1060 1090 6
1093 1038 1314 1109 Κύριος·
1348 1042 1376 1094 6
1421 1042 1583 1107 αὐτὸς
1611 1044 1668 1097 δὲ
1695 1045 1788 1100 καὶ
1818 1045 1912 1099 τοῦ
1963 1049 2224 1122 ποτηρίου
2258 1069 2382 1124 μου,
2438 1054 2682 1107 τουτέστι
2718 1054 2813 1107 τοῦ
2844 1055 3096 1120 Θανάτου,
3127 1059 3283 1130 μερὶς
3338 1055 3700 1128 γεγενημένος
3729 1057 3761 1110 6

509 1128 694 1192 αὐτός.

583 1219 663 1274 Tu
695 1237 749 1274 es
777 1222 868 1291 qui
897 1223 1132 1276 restituis
1159 1222 1520 1280 [nereditatem
1547 1242 1717 1280 meam
1744 1228 1892 1282 mihi.
1924 1228 2043 1285 Alia
2061 1269 2079 1295 ,

509 1312 730 1380 inquit,
775 1313 907 1367 mihi
959 1315 1089 1368 olim
1135 1313 1236 1368 fuit
1274 1315 1602 1388 hptereditas,
1662 1318 1864 1388 aliique
1901 1318 2080 1376 funes.

509 1399 642 1454 Nam
673 1402 884 1471 quando
913 1403 1180 1458 dividebat
1212 1406 1522 1461 Altissimus
1552 1418 1725 1478 gentes
1745 1449 1759 1471 ,
1800 1425 1924 1477 pars
1975 1409 2086 1464 Do-

509 1496 643 1549 mini
672 1494 722 1548 fa
736 1503 814 1548 :ta
839 1505 922 1550 est
947 1498 1174 1565 populus
1213 1499 1330 1568 ejus
1369 1498 1535 1552 Jacob
1557 1540 1570 1563 ,
1615 1501 1881 1569 funiculus
1916 1503 2084 1556 ha're-

509 1587 699 1642 ditatis
726 1588 840 1657 ejus
869 1587 917 1620 “
964 1588 1156 1643 Israel.
1200 1589 1269 1656 At
1310 1598 1442 1644 tunc
1484 1606 1650 1661 pars.
1698 1591 1990 1647 hereditas
2029 1599 2085 1648 et

514 1679 794 1736 funiculus
815 1721 829 1745 ,
858 1689 977 1736 erat
1017 1682 1168 1750 prior
1194 1681 1282 1736 ille
1309 1684 1562 1752 populus.
1601 1681 1721 1747 Quo
1753 1685 1954 1752 populo
1982 1684 2084 1742 im-

513 1771 733 1840 pietatis
763 1786 927 1826 causa
957 1771 1167 1842 deiecto
1195 1787 1257 1837 ac
1287 1772 1534 1842 depulso,
1566 1774 1670 1826 alia
1689 1774 1823 1828 mihi
1853 1775 2084 1829 haeredi-

513 1869 635 1925 tas,
681 1862 773 1916 alii
817 1861 1013 1926 funes,
1061 1863 1183 1917 alia:
1223 1873 1402 1919 sortes
1435 1864 1682 1934 priorum
1722 1865 1844 1919 loco
1873 1864 2085 1920 traditae

513 1960 644 2010 sunt
682 1954 736 2007 in
764 1953 1061 2022 pra'claris.
1105 1953 1317 2008 Etenim
1349 1955 1463 2009 haec
1496 1955 1738 2010 secunda
1769 1955 2086 2024 hereditas,

510 2043 722 2114 inquit,
753 2045 1010 2114 praeclara
1041 2044 1374 2115 probataque
1400 2046 1532 2100 mihi
1559 2055 1662 2102 est.

583 2134 754 2191 Vens.
787 2137 842 2191 8.
889 2135 1238 2193 Providebam
1270 2138 1553 2200 Dominum
1583 2139 1639 2193 in
1669 2149 1946 2209 conspectu
1975 2156 2088 2194 meo

511 2243 736 2296 semper,
765 2229 1016 2296 quoniam
1047 2245 1080 2282 a
1108 2227 1310 2283 dextris
1342 2239 1420 2286 est
1449 2230 1610 2294 mihi,
1644 2247 1708 2284 ne
1736 2247 2085 2286 commoveor.

2262 1233 2346 1286 Σὺ
2386 1229 2447 1285 εἴ
2483 1235 2516 1286 ὀ
2561 1232 2982 1287 ἀποκαθιστὼν
3029 1233 3143 1301 τὴν
3192 1236 3598 1303 κληρονομίαν
3638 1253 3761 1306 μου

2189 1323 2337 1392 ἐμοί.
2369 1324 2542 1378 Πάλαι
2579 1325 2676 1394 μὲν
2708 1325 2837 1396 γὰρ,
2871 1328 3052 1396 φησιν,
3083 1327 3216 1396 άλλη
3239 1344 3321 1389 τις
3338 1322 3404 1397 ἦν
3427 1328 3761 1399 κληρονομία

2197 1434 2318 1487 μου,
2349 1418 2442 1471 καὶ
2465 1417 2598 1470 ἄλλα
2625 1418 2979 1488 σχοινίσματά
3003 1435 3122 1488 μου.
3155 1421 3283 1472 Ὅτε
3308 1419 3417 1491 γὰρ
3444 1419 3763 1490 διεμέριζεν

2191 1513 2225 1563 ὀ
2245 1511 2266 1526 "
2278 1511 2536 1578 Υψιστος
2554 1510 2721 1577 ἔθνη,
2739 1510 2970 1582 ἐγενήθη
2989 1512 3159 1580 μερὶς
3174 1513 3392 1578 Kvplov
3408 1513 3552 1578 λαός
3572 1511 3762 1567 αὐτοῦ

2203 1597 2427 1660 Ἰακὼϐ,
2460 1601 2790 1669 σχοίνισμα
2832 1602 3235 1670 κληρονομίας
3275 1603 3463 1656 αὑτοῦ
3521 1603 3758 1675 Ἰσραήλ.

2201 1690 2358 1744 Ἀλλὰ
2385 1691 2506 1743 τότε
2534 1689 2631 1761 μὲν
2661 1692 2816 1762 μερὶς
2838 1691 2930 1746 καὶ
2953 1691 3306 1762 κληρονομία,
3324 1693 3417 1746 καὶ
3435 1693 3766 1765 σχοινισμαό

2188 1780 2450 1852 πρότερος
2472 1774 2539 1850 ἦν
2565 1779 2711 1842 λαός9
2739 1775 2798 1833 οὗ
2819 1779 3165 1842 διαπεσόντος
3180 1781 3273 1832 καὶ
3295 1779 3594 1850 άποϐλήτου
3611 1797 3763 1848 γενοτι

2190 1875 2350 1946 μένου
2375 1874 2463 1928 διὰ
2488 1872 2588 1937 τὰς
2613 1872 2864 1936 ἀσεϐείας
2885 1872 3084 1940 αὐτῶν,
3116 1874 3280 1943 ἑτέρα
3316 1873 3472 1944 μερὶς
3505 1873 3596 1926 καὶ
3629 1873 3765 1930 ἄλλα

2191 1966 2419 2036 σχοινία,
2437 1967 2530 2019 καὶ
2549 1966 2725 2037 ἕτεροι
2751 1966 2940 2036 κλῆροι
2964 1966 3084 2018 ἀντὶ
3104 1965 3210 2019 τῶν
3238 1965 3520 2036 προτέρων
3542 1966 3766 2022 ἐκείνων

2189 2057 2450 2127 ὲδόθησάν
2483 2075 2572 2128 μοι
2595 2057 2808 2124 ἐντοῖς
2833 2059 3191 2126 κρατίστοις.
3229 2060 3377 2130 Αὕτη
3413 2060 3542 2129 γὰρ,
3577 2060 3764 2131 φησὶν,

2190 2151 2224 2221 ἡ
2249 2149 2474 2220 δευτέρα
2499 2152 2766 2222 κρατίστη
2798 2152 2892 2205 καὶ
2918 2152 3228 2221 ἀρέσκουσά
3260 2153 3349 2222 μοί
3378 2153 3544 2204 ἐστιν.

2258 2243 2626 2312 Προωρώμην
2656 2244 2766 2296 τὸν
2793 2245 3013 2312 Κύριον
3043 2243 3297 2297 ἐνώπιόν
3320 2261 3439 2313 μου
3477 2243 3576 2298 διὰ
3610 2257 3765 2295 παν-

517 2315 616 2370 Vir
653 2327 877 2375 sanctus
922 2335 1046 2374 cum
1088 2318 1379 2375 Dominum
1423 2322 1476 2384 in
1519 2323 1693 2378 oculis
1727 2324 1842 2377 suis
1873 2339 2082 2393 semper

2189 2336 2310 2398 τός’
2351 2335 2440 2387 ὅτι
2473 2336 2542 2388 ἐκ
2579 2334 2792 2400 δεξιῶν
2817 2353 2937 2404 μου
2969 2338 3160 2404 ἐστίν,
3201 2339 3302 2392 ἵνα
3331 2337 3418 2406 μὴ
3463 2335 3762 2392 σαλευθῶ.

515 2422 639 2462 esse
662 2423 848 2462 secum
877 2416 1123 2478 reputet,
1153 2425 1498 2480 nequaquam
1524 2412 1748 2466 ﬂuctuat
1774 2430 1787 2478 ;
1820 2413 1928 2467 imo
1959 2426 2086 2466 vero

514 2499 781 2556 Dominus
824 2517 854 2556 a
899 2501 1110 2557 dextris
1151 2503 1286 2573 justi
1333 2505 1437 2558 viri
1488 2505 1676 2560 ﬁrmus
1718 2505 1996 2561 consistit.
2042 2503 2086 2564 E

512 2606 783 2649 converso
813 2603 996 2649 autem
1023 2595 1092 2652 de
1117 2593 1258 2652 Juda
1301 2597 1541 2654 dicitur:
1587 2596 1656 2651 Et
1699 2597 1946 2653 diabolus
1984 2606 2086 2652 stet

508 2704 546 2741 ι
571 2686 773 2742 dextris
803 2688 917 2758 ejus
950 2689 1018 2744 “.

955 2800 1215 2858 ORATIO
1249 2801 1460 2858 DAVlD
1496 2801 1638 2858 XVI.

581 2932 755 2994 Vnus.
798 2938 850 2992 Ι.
895 2937 1116 2992 Exaudi
1129 2979 1144 3003 ,
1179 2937 1436 2998 Domine.
1461 2939 1735 3008 justitiam
1764 2955 1964 3003 meam,
2000 2941 2085 2995 iat-

508 3029 660 3085 tende
689 3029 1113 3098 deprecationem
1145 3047 1340 3088 meum.
1377 3030 1612 3084 Auribus
1644 3032 1847 3102 percipe
1880 3033 2084 3087 oratio-

511 3138 629 3176 nem
656 3138 827 3176 meam
848 3164 862 3188 ,
891 3139 993 3177 non
1019 3123 1074 3178 in
1105 3122 1261 3186 labiis
1289 3123 1512 3180 dolosis.
1543 3120 1800 3178 Oratione
1826 3139 1925 3179 sua
1951 3140 2083 3194 sup-

2199 2425 2258 2479 'O
2297 2426 2471 2494 ἅγιος,
2512 2426 2598 2479 ἀεὶ
2641 2425 2984 2496 λογιζόμενος
3015 2428 3074 2480 ὲν
3099 2428 3394 2498 ὀφθαλμοῖς
3416 2429 3582 2482 αὐτοῦ
3624 2425 3765 2481 εἶναι

2185 2516 2278 2570 τὸν
2321 2518 2545 2590 Κύριον,
2590 2520 2651 2572 οὺ
2705 2520 3008 2573 σαλεύεται·
3055 2520 3188 2574 ἀλλὰ
3226 2521 3437 2590 βέϐαιος
3470 2521 3697 2591 ἕστηκεν
3733 2519 3766 2572 ό

2186 2611 2392 2682 Κύριος
2423 2613 2486 2664 ὲκ
2505 2611 2694 2678 δεξιῶν
2719 2612 2815 2666 τοῦ
2852 2613 3082 2666 δικαίου.
3111 2614 3242 2686 Περὶ
3268 2613 3324 2666 δὲ
3353 2614 3445 2666 τοῦ
3484 2612 3673 2678 Ἰούδα,
3709 2612 3764 2666 Ὁ

2184 2701 2464 2771 διάϐολος
2491 2705 2711 2769 στήτω,
2741 2706 2925 2776 φησὶν,
2951 2706 3019 2759 ἐκ
3044 2705 3257 2771 δεξιῶν
3280 2706 3487 2760 αὐτοῦ.

2528 2817 2902 2871 ΠΡΟΣΕΥΧΗ
2941 2818 3027 2870 ΤΩ
3066 2818 3264 2870 ΔΑΥῙΔ
3303 2819 3419 2886 ΙΕΓ.

2250 2931 2654 2996 Εἰσάκουσον,
2683 2935 2878 3002 Κύριε,
2910 2933 3302 3000 δικαιοσύνης
3324 2951 3462 3001 μου,
3498 2932 3762 3003 πρόσχες

2183 3019 2260 3088 τῇ
2301 3021 2506 3088 δεήσει
2543 3039 2682 3090 μου.
2744 3022 3047 3076 Ένώτισαι
3094 3022 3208 3089 τὴν
3252 3025 3600 3092 προσευχήν
3641 3044 3762 3095 μου

2185 3111 2299 3162 οὐκ
2331 3109 2400 3162 ἐν
2431 3110 2664 3176 χείλεσι
2707 3110 2951 3177 δολίοις.
3005 3111 3261 3164 Ἱκετεύει
3289 3111 3376 3168 διὰ
3405 3115 3505 3182 τῆς
3535 3131 3765 3184 προσευ-

510 3214 711 3283 plicat,
742 3224 799 3268 ut
827 3213 966 3271 Deus
994 3215 1251 3272 exaudiat
1270 3256 1285 3278 ,
1318 3230 1428 3270 non
1457 3214 1674 3285 quidem
1717 3229 1939 3278 vocem,
1969 3230 2082 3270 non

2187 3201 2287 3271 χῆς
2320 3200 2409 3253 τὸν
2443 3200 2575 3253 Θεὸν
2604 3201 2876 3272 ἀκροατὴν
2898 3201 3169 3269 γενέσθαι,
3201 3204 3260 3255 οὐ
3285 3206 3383 3273 τῆς
3412 3207 3613 3274 φωνῆς,
3644 3206 3766 3259 οὐδὲ

509 3306 676 3361 verba
699 3321 799 3362 sua
826 3347 839 3368 ,
868 3306 964 3362 sed
993 3307 1248 3362 virtutem
1276 3327 1289 3362 :
1319 3322 1384 3362 ac
1411 3308 1456 3362 si
1480 3307 1732 3362 videlicet
1746 3306 1957 3376 justitia
1982 3321 2082 3363 sua

2187 3289 2296 3343 τῶν
2330 3292 2590 3362 ῥημάτων
2618 3291 2802 3356 αὑτοῦ,
2829 3292 2941 3345 ἀλλ’
2972 3293 3140 3363 αὐτῆς
3166 3297 3264 3364 τῆς
3287 3297 3344 3347 ἐν
3369 3295 3515 3366 αὐτῷ
3541 3299 3763 3367 ἀρετῆς,

508 3413 578 3453 ex
626 3396 796 3467 gestis
839 3398 1103 3467 Operibus
1142 3397 1420 3460 clamitet,
1449 3397 1772 3467 divinasque
1800 3412 1961 3454 aures
1989 3398 2085 3454 de-

511 3489 770 3545 mulceat.
817 3486 1006 3558 Neque
1048 3490 1196 3544 enim
1239 3487 1549 3559 quispiam,
1579 3489 1954 3559 improborum
1981 3489 2086 3546 sibi

508 3580 765 3636 conscius
815 3579 1121 3638 facinorum
1144 3620 1159 3644 ,
1188 3580 1368 3633 'talem
1395 3579 1555 3635 facile
1580 3578 1848 3650 proferret
1873 3595 2082 3636 vocem.

509 3669 649 3726 Illud
697 3689 860 3742 porro
886 3692 899 3726 :
939 3671 1158 3729 Intende
1179 3670 1593 3739 deprecationem
1621 3686 1790 3724 meam
1809 3711 1824 3736 ,
1852 3671 1976 3740 jure
2000 3670 2087 3725 di-

509 3763 654 3817 xerit
679 3764 763 3816 vir
790 3764 878 3817 ille
904 3762 1167 3830 probatus
1195 3775 1258 3814 ac
1288 3760 1648 3825 exercitatus,
1674 3761 1765 3830 qui
1793 3761 1849 3815 in
1876 3761 2084 3816 orando

510 3854 706 3924 dignas
734 3853 846 3909 Deo
875 3854 1074 3913 emittit
1105 3852 1534 3924 supplicationes
1554 3890 1569 3916 ,
1614 3856 1706 3923 qui
1754 3868 1864 3908 non
1914 3869 2084 3923 parva

509 3945 756 4016 quaedam
800 3945 1037 4014 viliaque
1077 3943 1353 4015 postulat,
1397 3960 1573 4014 neque
1616 3958 1717 4015 pro
1757 3944 2081 4000 mortalibus

508 4037 875 4107 humanisque
911 4037 1074 4091 rebus
1109 4035 1277 4092 Deum
1307 4044 1581 4107 precatur.
1620 4036 1855 4106 ldipsum
1892 4035 2083 4091 Salva-

507 4135 594 4180 tor
620 4125 808 4182 docuit
833 4125 962 4180 talia
990 4125 1132 4182 latus
1162 4146 1175 4181 :
1222 4119 1417 4191 Magna
1440 4122 1619 4189 petite,
1652 4132 1701 4176 et
1727 4139 1896 4192 paroa
1935 4123 2082 4194 adji-

504 4219 710 4271 cientur
731 4214 874 4285 vobis
898 4215 964 4272 ιθ.
991 4214 1178 4270 Tertio
1205 4223 1387 4269 autem
1419 4222 1694 4284 precatur,
1721 4223 1781 4267 ut
1809 4215 1924 4283 ipsa
1951 4227 2080 4268 ora-

505 4310 675 4364 tionis
718 4308 887 4363 verha
933 4309 1160 4363 auribus
1202 4307 1507 4378 percipiat,
1541 4315 1593 4362 et
1614 4347 1629 4372 ,
1662 4314 1723 4360 ut
1751 4306 1826 4359 ita
1857 4306 2037 4360 dicam
2061 4345 2078 4370 ,

508 4398 579 4454 de
622 4402 742 4470 ipsa
784 4415 921 4455 voce
959 4399 1208 4469 iudicet,
1250 4399 1397 4469 quod
1441 4414 1550 4453 non
1582 4399 1637 4452 in
1670 4399 1830 4453 labiis
1871 4397 2082 4452 dolosis

508 4490 722 4562 prolata
752 4491 846 4544 sit.
875 4489 1204 4560 Plerumque
1230 4491 1377 4544 enim
1405 4491 1666 4558 praeclara
1693 4489 1992 4560 loquimur,
2020 4503 2084 4542 ac

2186 3380 2377 3454 ὥσπερ
2408 3381 2618 3453 βοώσης
2645 3382 2732 3436 διὰ
2762 3383 2870 3436 τῶν
2909 3385 3158 3456 πράξεων
3179 3391 3275 3457 τῆς
3305 3387 3646 3460 δικαιοσύνης
3672 3390 3768 3443 καὶ

2185 3475 2542 3546 δυσωπούσης
2574 3476 2671 3547 τὴν
2705 3475 2854 3530 Θείαν
2885 3477 3074 3549 ἀκοήν.
3101 3479 3214 3531 Οὐκ
3235 3478 3300 3531 ἂν
3324 3479 3429 3551 γάρ
3451 3498 3552 3546 τις,
3587 3481 3766 3552 ἐαυτῷ

2186 3565 2369 3634 φαῦλα
2411 3563 2682 3631 συνειδὼς,
2719 3567 2916 3638 ῥᾳδίως
2947 3568 3012 3622 ἂν
3043 3568 3298 3639 τοιαύτην
3341 3573 3521 3642 ἀφῆκε
3557 3574 3763 3644 φωνήν.

2185 3659 2259 3711 Τὸ
2287 3658 2365 3722 δὲ,
2412 3661 2686 3728 Πρόσχες
2723 3658 2798 3728 τῇ
2840 3659 3044 3726 δεήσει
3066 3680 3206 3730 ⁴μου,
3241 3664 3382 3716 είποι
3413 3664 3477 3716 ἂν
3506 3665 3710 3728 ἐκεῖνος
3735 3667 3765 3718 6

2185 3749 2644 3822 βεϐασανισμένος
2683 3752 2775 3804 καὶ
2806 3753 3117 3823 πρεπούσας
3151 3754 3268 3824 Θεῴ
3301 3758 3356 3806 ὲν
3391 3758 3453 3825 τῇ
3488 3760 3764 3830 προσευχῇ

2182 3843 2522 3913 ἀναπέμπων
2561 3844 2792 3914 δεήσεις,
2837 3847 2864 3897 ό
2911 3846 2985 3917 μὴ
3025 3845 3116 3898 ἐπὶ
3153 3849 3372 3917 μικροῖς
3405 3848 3498 3900 καὶ
3526 3851 3637 3912 τοῖς
3668 3865 3762 3902 τυ.

2182 3934 2368 4005 χοῦσιν
2412 3937 2696 4007 αἰτήμασι,
2745 3937 2866 4008 μηδ’
2907 3939 2999 3991 ἐπὶ
3032 3937 3244 4008 θνητοῖς
3278 3941 3370 3992 καὶ
3403 3940 3763 4011 ἀνθρωπίνοις

2184 4025 2516 4096 παρακαλῶν
2543 4029 2634 4081 τὸν
2661 4029 2812 4083 Θεόν.
2842 4029 3014 4082 Τοῦτο
3041 4029 3169 4097 γοῦν
3193 4031 3287 4083 καὶ
3311 4033 3338 4083 δ
3371 4031 3559 4101 Σωτὴρ
3591 4032 3762 4086 ἐδίδα-

2186 4135 2282 4172 σκε
2306 4117 2498 4186 λέγων’
2534 4117 2756 4172 Αἰτεῖτε
2779 4117 2853 4170 τὰ
2879 4115 3134 4186 μεγάλα,
3156 4115 3254 4169 καί
3281 4116 3354 4168 τὰ
3377 4119 3555 4186 μικρὰ
3577 4134 3762 4188 προσ-

2183 4208 2495 4277 τεθήσεται
2520 4208 2681 4278 ῠμῒν.
2707 4208 2817 4260 Καὶ
2843 4209 3024 4277 τρίτον
3045 4207 3100 4259 δὲ
3128 4208 3379 4271 ἱκετεύει,
3404 4211 3499 4276 καὶ
3525 4210 3664 4264 αὐτὰ
3692 4213 3764 4268 τά

2183 4302 2405 4372 ῥήματα
2443 4304 2542 4369 τῆς
2581 4301 2889 4370 προσευχῆς
2935 4297 3312 4359 ὲνωτίσασθαι,
3352 4297 3532 4367 κρῖναί
3573 4312 3653 4359 τε,
3684 4295 3763 4358 ὡς

2181 4394 2376 4454 εἰπεῖν,
2411 4393 2505 4444 καὶ
2539 4390 2706 4460 αὐτὴν
2733 4389 2832 4461 τὴν
2868 4388 3073 4459 φωνὴν,
3114 4387 3195 4441 ὅτι
3229 4387 3303 4458 μὴ
3345 4388 3401 4439 ἐν
3439 4386 3641 4458 χείλεσι
3676 4385 3765 4440 δο-

2182 4482 2316 4545 λίοις
2356 4481 2708 4552 προφέρεται.
2749 4479 3015 4541 Πολλάκις
3045 4478 3154 4550 γὰρ
3185 4478 3357 4548 σεμνὰ
3391 4473 3761 4548 φθεγγόμεθα,

507 4579 692 4635 verbis
728 4581 932 4641 utimur
960 4595 1023 4634 ex
1059 4579 1342 4649 Scriptura
1370 4579 1552 4633 divina
1579 4578 1915 4649 depromptis
1939 4595 1955 4644 ;
1985 4577 2080 4632 sed

2187 4573 2279 4625 καὶ
2305 4573 2485 4639 λόγοις
2514 4570 2774 4642 χρώμεθα
2807 4572 2917 4632 τοῖς
2946 4569 3052 4621 άπὸ
3080 4568 3187 4621 τῶν
3223 4569 3380 4622 θείων
3409 4567 3662 4639 Γραφῶν,
3700 4570 3763 4620 ού

507 4688 618 4726 non
650 4673 898 4743 purgatis
928 4673 1113 4728 labiis.
1145 4647 1211 4724 Et
1240 4687 1369 4728 vero
1397 4647 1699 4725 occurrunt
1728 4647 1872 4740 saepe
1900 4667 2082 4724 homi-

2187 4663 2614 4735 κεκαθαρμένοις
2629 4665 2740 4726 τοῖς
2755 4661 3004 4733 χείλεσιν.
3033 4659 3171 4730 Ἤδη
3192 4659 3248 4714 δέ
3268 4678 3432 4724 τινες,
3456 4661 3765 4731 ἀδιαφόρως

512 4775 650 4825 nes,
699 4761 794 4831 qui
843 4760 1330 4816 indiscriminatim
1378 4759 1685 4823 conviciis,
1741 4757 2078 4822 calumniis,

511 4851 813 4906 mendaciis
832 4889 851 4916 ,
879 4851 1246 4910 fraudulentis
1273 4851 1456 4907 verbis
1479 4889 1494 4916 ,
1526 4849 1791 4921 perjuriis
1817 4892 1832 4917 ,
1860 4850 2082 4905 obscoe-

511 4944 598 4998 nis
639 4943 838 5008 dictis,
880 4943 1112 5014 aliisque
1154 4944 1408 4999 absurdis
1447 4943 1680 5000 vocibus
1726 4943 1847 5003 usi,
1889 4940 2080 4996 conle-

510 5035 637 5090 stim
667 5041 880 5088 mutato
905 5049 1189 5097 sermone,
1233 5035 1488 5106 precibus
1533 5033 1705 5105 Deum
1729 5033 2078 5102 compellant.

510 5126 582 5179 At
623 5126 776 5181 solus
819 5125 906 5180 vir
943 5135 1203 5191 sanctus,
1231 5115 1285 5182 et.
1323 5127 1564 5195 linguam
1605 5133 1660 5180 et
1701 5125 1844 5178 labia
1875 5137 2086 5177 vocem-

509 5232 616 5287 que
643 5218 818 5288 ipsam
848 5234 912 5272 ac
938 5219 1105 5274 verba
1134 5219 1221 5276 vel
1253 5235 1354 5273 usu
1381 5218 1599 5280 tritiora
1626 5225 1890 5287 expurgat
1915 5234 1929 5281 ;
1959 5228 2085 5284 gna-

512 5328 608 5366 rus
639 5314 788 5369 illius
814 5315 944 5369 dicti
975 5334 988 5368 :
1024 5315 1099 5368 De
1129 5316 1272 5370 omni
1298 5314 1451 5368 verba
1480 5313 1648 5368 otiosa
1680 5313 1938 5370 rationem
1970 5307 2088 5369 red-1

511 5404 646 5459 detis
682 5407 740 5459 in
778 5405 864 5460 die
891 5405 1086 5475 judicii
1129 5408 1192 5439 δ’·
1240 5405 1384 5461 Deus
1429 5404 1702 5474 siquidem
1742 5401 2080 5463 orationem,

517 5510 628 5551 non
654 5496 815 5552 labiis
839 5497 1047 5552 dolosis
1068 5539 1082 5560 ,
1117 5497 1214 5553 sed
1246 5505 1478 5568 purgata
1511 5497 1694 5565 lingua
1720 5534 1735 5558 ,
1769 5493 2082 5561 divinisque

519 5587 862 5644 sermonibus
904 5589 1232 5645 meditandis
1274 5598 1492 5644 assueta
1526 5588 1793 5657 prolatam
1814 5624 1829 5650 ,
1859 5586 2081 5641 auribus

520 5677 771 5746 percipit.
823 5678 1190 5744 Quamobrem
1231 5695 1370 5767 'cum
1420 5680 1488 5734 de
1540 5678 1754 5748 justitia
1813 5678 2076 5748 loquitur,

591 5831 847 5889 "Matth.
895 5851 1043 5899 χχι-ι,
1090 5835 1176 5890 59.
1259 5836 1296 5867 ""
1327 5833 1485 5890 Deut.
1529 5850 1700 5898 xxx”,
1748 5835 1800 5898 8,
1855 5835 1904 5887 9.

1983 5835 2026 5865 ⁸⁸
2060 5832 2201 5890 Psal.
2249 5847 2366 5896 CIII,
2419 5830 2470 5884 6.
2539 5829 2594 5894 ,⁸⁵
2615 5825 2802 5881 Matth.
2827 5825 3013 5889 v1.53.

2183 4755 2471 4827 λοιδορίαις
2515 4754 2658 4808 κατά
2696 4771 2856 4807 τινων
2908 4753 3263 4825 χρησάμενοι,
3313 4751 3345 4822 ἢ
3393 4751 3681 4815 διαϐολαῖς,
3725 4752 3762 4823 ἢ

2185 4843 2578 4916 ψευδολογίαις,
2612 4844 2644 4913 ἢ
2685 4844 2941 4906 ἀπάταις,
2983 4842 3015 4912 ἦ
3050 4842 3378 4912 ἐπιορκίαις,
3424 4841 3456 4911 ἢ
3499 4843 3763 4914 αἰσχρορ-

2185 4935 2538 5010 ῥημοσύναις,
2575 4934 2608 5006 ἢ
2641 4935 2820 4998 ἄλλοις
2846 4935 2985 4987 τισὶν
3019 4933 3240 4996 ἀτόποις
3281 4936 3506 5000 φωναῖς,
3552 4933 3764 5005 ἀθρόως

2191 5027 2615 5099 μεταϐάλλοντες
2653 5027 2710 5078 ὲν
2742 5029 2810 5097 τῇ
2853 5029 3130 5097 προσευχῇ
3161 5025 3252 5076 τὸν
3281 5024 3412 5076 Θεὸν
3444 5023 3764 5077 ἐπικαλοῦν-

2189 5136 2299 5174 ται.
2337 5118 2510 5181 Μόνος
2537 5117 2594 5170 δὲ
2621 5119 2649 5170 ὁ
2679 5117 2832 5185 ἅγιος
2864 5119 2958 5169 καὶ
2989 5115 3088 5185 τὴν
3111 5115 3355 5183 γλῶτταν
3379 5116 3544 5170 αὑτοῦ
3572 5116 3666 5168 καὶ
3692 5114 3764 5167 τά

2189 5211 2364 5284 χείλη,
2385 5211 2478 5263 καὶ
2499 5210 2594 5280 τὴν
2616 5209 2796 5280 φωνὴν
2823 5209 3012 5278 αὐτὴν,
3041 5210 3135 5260 καὶ
3156 5207 3222 5260 τὰ
3244 5206 3398 5260 κοινά
3423 5208 3640 5278 ῥήματα
3664 5223 3762 5260 κα-

2188 5305 2392 5376 θαίρει·
2433 5302 2586 5366 εἰδὼς
2613 5302 2920 5373 εἰρημένον·
2941 5299 3078 5367 Περὶ
3111 5300 3334 5364 παντὸς
3364 5299 3549 5367 ἀργοῦ
3576 5298 3764 5367 ῥήμα-

2186 5413 2288 5462 τος
2325 5394 2545 5450 δώσετε
2587 5394 2774 5464 λόφον
2802 5393 2872 5445 ἐν
2910 5391 3099 5460 ἡμέρᾳ
3138 5392 3406 5457 κρίσεως.
3443 5388 3761 5460 Προσευχῆς

2186 5488 2294 5559 γὰρ
2336 5489 2396 5540 οὑ
2439 5487 2524 5540 διὰ
2564 5487 2787 5557 χειλέων
2831 5485 3018 5539 δολίων
3066 5481 3534 5555 προσφερομένης,
3578 5481 3667 5536 διὰ
3702 5479 3762 5533 δὲ

2188 5581 2432 5652 γλώττης
2474 5578 2912 5650 κεκαθαρμένης,
2954 5577 3050 5630 καὶ
3085 5576 3153 5628 τὰ
3195 5576 3314 5628 θεῖα
3345 5574 3498 5641 λόγια
3531 5573 3760 5644 μελετᾷν

2186 5674 2518 5743 εἰθισμένης,
2569 5671 2877 5734 ὲνωτίζεται
2918 5673 2948 5723 ό
2980 5669 3130 5732 Θεός.
3181 5667 3270 5719 Διὸ
3298 5668 3389 5718 ἐπὶ
3426 5666 3523 5736 μὲν
3561 5664 3656 5736 τῆς
3683 5663 3759 5718 δι-

3090 5824 3131 5857 δτ
3158 5821 3345 5880 Matth.
3394 5837 3489 5886 xu,
3525 5819 3622 5874 56.
