4100 6418
392 400 489 456 161

1510 381 2014 449 coMuEN'rAmA
2051 386 2120 442 1N
2158 363 2498 441 PSALMOS.

3524 386 3632 442 {62

391 512 702 581 καιοσύνης,
727 508 1107 571 εἰσάκουσον,
1134 506 1368 576 ἐλέγετο,
1394 507 1485 560 ἐπὶ
1502 507 1558 561 δὲ
1574 511 1673 579 τῆς
1695 509 1952 579 δεήσεως,

2060 499 2276 566 exaudi,
2300 498 2498 567 inquit;
2527 495 2652 550 cum
2680 493 2747 548 de
2773 491 3160 563 deprecatione
3178 533 3193 558 ,
3221 495 3428 551 intende
3452 492 3469 561 ,‘
3506 513 3634 553 cum

390 607 672 675 πρόσχες·
704 603 796 655 ἐπὶ
823 601 881 654 δὲ
907 603 1004 671 τῆς
1029 598 1117 652 διὰ
1143 599 1364 670 χειλέων
1404 598 1821 672 προφερομένης
1851 616 1961 668 φω-

390 698 507 767 νῆς,
545 691 837 748 ἐνώτισαι.
875 691 1013 763 Τρία
1043 689 1172 759 γοῦν
1203 691 1440 762 ᾐτήσατο
1469 690 1557 744 διὰ
1587 691 1696 744 τῶν
1734 707 1960 762 προκει-

392 786 588 856 μένων,
618 782 890 856 προτάξας
914 781 1019 835 τῶν
1053 780 1146 834 δύο
1170 781 1232 834 τὸ
1260 785 1524 853 κρεῖττον.

471 875 861 944 Ἐὸοκίμασας
897 874 1010 943 τὴν
1053 873 1305 943 καρδίαν
1332 891 1472 942 μου,
1510 872 1830 942 ἐπεσκέψω
1855 890 1961 927 νυ-

387 968 548 1034 κτός·
576 966 891 1036 ἐπύρωσάς
921 983 1017 1034 με,
1063 966 1161 1019 καὶ
1200 967 1311 1033 οὐχ
1339 964 1550 1033 εὑρέθη
1582 965 1652 1017 ἐν
1679 964 1807 1033 ἐμοὶ
1837 963 1961 1018 ἀδι-

387 1059 508 1114 κία.
543 1059 632 1122 Ὠς
665 1059 760 1130 τὴν
785 1058 1128 1130 ἀνθρωπίνην
1150 1056 1432 1110 ἀσθένειαν
1457 1056 1770 1126 ὑπερϐαίνει
1796 1059 1829 1128 ’ή
1851 1056 1960 1109 τῶν

389 1149 762 1221 προκειμένων
787 1150 992 1204 διάνοια
1013 1151 1024 1202 !
1051 1149 1145 1213 Τίς
1157 1148 1265 1220 γὰρ
1279 1150 1609 1221 καυχήσεται
1634 1149 1803 1221 ἁγνὴν
1819 1148 1961 1219 ἔχειν

387 1241 644 1313 καρδίανς
674 1242 768 1296 καὶ
795 1242 878 1305 τίς
906 1241 1340 1315 παρρησιάζεται
1361 1242 1535 1310 λέγων
1564 1241 1802 1312 καθαρὸς
1823 1237 1959 1293 εἶναι

387 1331 494 1384 ἀπὸ
508 1331 791 1402 ἁμαρτιῶν
810 1348 823 1397 ;
841 1331 1002 1404 Μόνῳ
1016 1333 1301 1406 τοιγαροῦν
1319 1333 1544 1405 ἁρμόζοι
1572 1332 1720 1403 αὑτῷ
1743 1331 1961 1403 Χριστῷ

385 1419 566 1490 λέγειν
601 1423 670 1476 τὰ
716 1423 1067 1494 προκείμενα.
1102 1426 1410 1497 Μήποτέδὲ
1441 1426 1539 1497 τὴν
1590 1427 1669 1489 εἰς
1713 1424 1803 1478 τὸν
1827 1424 1960 1495 ᾅδην

385 1513 626 1577 κάθοδον,
654 1515 748 1570 καὶ
769 1518 858 1568 τὸν
878 1517 935 1568 ὲν
963 1515 1040 1587 τῷ
1058 1515 1270 1588 θανάτῳ
1292 1519 1487 1590 χῶρον,
1509 1517 1680 1571 νύκτα
1696 1515 1962 1587 κέκληκεν

384 1604 478 1657 ἐπὶ
507 1605 601 1659 τοῦ
634 1607 931 1678 πάροντος;
964 1609 1027 1660 Εἰ
1059 1608 1167 1680 γὰρ
1193 1609 1286 1662 καὶ
1308 1611 1366 1663 ὲν
1387 1609 1540 1663 νυκτὶ
1562 1608 1786 1677 γέγονεν
1805 1609 1862 1660 ὲν
1884 1605 1961 1676 τῷ

382 1696 559 1767 καιρῷ
571 1697 679 1750 τῶν
697 1699 1064 1770 πειρατηρίων
1077 1701 1168 1754 καὶ
1181 1701 1236 1753 ὲν
1251 1699 1330 1770 τῷ
1348 1700 1604 1771 σκοτεινῷ
1619 1698 1713 1754 καὶ
1729 1699 1963 1769 ἀφεγγεῖ

381 1785 532 1856 τόπῳ
558 1787 651 1840 τοῦ
681 1787 931 1842 Θανάτουο
962 1789 1097 1843 ἀλλὰ
1125 1790 1496 1860 δοκιμασθεὶς,
1527 1791 1831 1862 ἐπισκοπῆς
1863 1791 1960 1860 τῆς

2063 593 2132 648 de
2159 606 2293 648 voce
2322 589 2482 645 labiis
2511 589 2752 660 prolata,
2789 587 3010 642 auribus
3035 587 3258 656 percipe.
3291 586 3420 644 Tria
3450 590 3634 662 itaque

2062 685 2228 740 dictis
2253 682 2569 753 hujusmodi
2601 681 2864 751 postulat,
2890 686 2943 734 et
2971 678 3117 750 quod
3143 684 3493 750 praastantius
3519 694 3638 739 erat

2063 775 2281 830 duobus
2310 773 2432 828 aliis
2463 773 2749 842 praemisit.

2135 864 2302 921 Vens.
2340 866 2394 920 5.
2435 864 2690 918 Probasti
2728 880 2819 917 cor
2861 879 3031 916 meum
3073 871 3121 917 et
3167 863 3403 917 visitasti
3445 873 3596 919 nocte
3621 903 3638 931 ,

2063 961 2180 1030 igne
2220 977 2302 1014 me
2346 959 2705 1026 examinasti,
2747 969 2797 1012 et
2840 975 2944 1012 non
2985 967 3062 1012 est
3103 958 3312 1012 inuenta
3339 958 3394 1011 in
3423 974 3505 1012 me
3533 959 3640 1012 ini-

2061 1053 2259 1122 quitas.
2297 1052 2572 1119 Quantum
2615 1051 2907 1105 humanam
2935 1049 3304 1104 inﬁrmitatem
3345 1061 3640 1120 exsuperat

2065 1143 2377 1214 hujusmodi
2422 1144 2716 1200 verborum
2745 1142 3020 1198 sententia
3049 1143 3061 1194 l
3096 1140 3231 1206 Quis
3260 1140 3408 1195 enim
3437 1140 3505 1196 de
3547 1155 3642 1196 ca-

2063 1239 2250 1293 stitate
2289 1237 2473 1294 cordis
2507 1236 2879 1308 gloriabitur?
2909 1235 3045 1302 Quis
3073 1232 3415 1288 conﬁdenter
3444 1233 3594 1288 dicat
3621 1251 3636 1288 :

2061 1327 2242 1385 Purus
2284 1341 2408 1384 sum
2451 1343 2481 1382 a
2529 1327 2812 1398 peccatis?
2857 1325 2983 1381 Herc
3025 1340 3158 1381 sane
3199 1340 3342 1379 unus
3389 1323 3641 1402 Christus
3679 1389 3690 1406 ι

2061 1435 2191 1476 vere
2220 1435 2284 1476 ac
2316 1428 2682 1491 congruenter
2709 1419 2892 1475 dicere
2916 1422 3116 1475 valeat.
3144 1419 3341 1472 Annon
3372 1431 3533 1472 suum
3564 1413 3636 1470 ad

2063 1512 2270 1568 inferos
2297 1512 2659 1577 descensum,
2691 1520 2855 1583 atque
2899 1509 3081 1566 loeum
3125 1511 3280 1566 illum
3321 1511 3377 1564 in
3418 1509 3640 1581 regione

2063 1603 2278 1671 mortis,
2305 1610 2524 1658 noctem
2556 1605 2610 1658 in
2639 1605 2894 1674 praesenti
2925 1605 3139 1659 vocavit
3161 1604 3184 1656 ?
3204 1603 3467 1669 Quamvis
3493 1601 3640 1657 enim

2064 1697 2120 1752 in
2151 1706 2314 1752 nocte
2342 1696 2509 1752 fuerit
2539 1711 2604 1751 ac
2643 1696 2699 1751 in
2743 1705 2988 1768 tempore
3032 1697 3395 1752 tentationum
3417 1734 3432 1759 ,
3475 1695 3643 1765 inque

2064 1789 2376 1844 tenebrosis
2436 1788 2862 1859 caliginosisque
2913 1789 3109 1844 mortis
3151 1787 3509 1858 regionibus,
3560 1794 3642 1840 at-

382 1877 533 1948 παρὰ
559 1879 654 1933 τοῦ
685 1881 900 1952 Πατρδς
943 1881 1169 1951 ἠξίωται
1207 1882 1297 1935 διὰ
1331 1885 1433 1955 τῇς
1465 1883 1832 1947 ἀναστάσεως,
1868 1881 1957 1934 καὶ

2066 1888 2247 1935 tamen
2279 1880 2573 1950 probatus,
2605 1887 2832 1950 paterna
2863 1879 3180 1935 visitatione
3204 1879 3401 1950 dignus
3423 1878 3642 1932 habitus

381 1969 582 2043 ταύτης
625 1971 941 2044 τετύχηκεν.
999 1974 1343 2048 Ἐπειδήπερ,
1386 1970 1474 2029 οἵα
1504 1975 1706 2047 χρυσὸς
1741 1977 1800 2029 ἐν
1827 1978 1958 2049 πυρὶ

384 2062 620 2134 βληθεὶς,
649 2063 900 2136 λαμπρὸς
927 2066 1020 2118 καὶ
1049 2065 1289 2138 καθαρὸς
1308 2066 1730 2138 διαμεμένηκεν.
1781 2067 1960 2120 Ἐπεις-

380 2155 446 2227 δὴ
477 2155 636 2226 μόνος
678 2156 788 2210 τῶν
821 2155 880 2221 ἐξ
910 2157 1108 2222 αίῶνος
1153 2159 1448 2227 ἁμαρτίαν
1491 2161 1602 2213 οὐκ
1645 2158 1956 2227 ἐποίησεν,

381 2246 526 2301 οὐδὲ
543 2249 754 2317 εὑρέθη
788 2249 988 2316 δόλος,
1026 2250 1168 2304 κατὰ
1195 2251 1286 2304 τὸν
1332 2251 1579 2314 Ἡσαΐαν,
1613 2252 1683 2305 ἐν
1708 2251 1789 2319 τῷ
1821 2254 1960 2307 στόά

377 2355 521 2408 part
548 2341 756 2394 αὐτοῦ.

455 2432 644 2499 Ὅπως
676 2433 753 2486 ἂν
788 2433 874 2503 μὴ
922 2433 1173 2504 λαλήσῃ
1218 2433 1283 2488 τὸ
1315 2436 1511 2505 στόμα
1549 2451 1671 2506 μου
1715 2436 1789 2490 τὰ
1814 2436 1960 2507 ἔργα

383 2521 498 2578 τῶν
524 2524 868 2593 ἀνθρώπων,
896 2525 995 2580 διὰ
1016 2526 1158 2593 τοὺς
1184 2529 1406 2598 λόγους
1431 2526 1550 2581 τῶν
1573 2528 1825 2598 χειλέων
1841 2545 1958 2584 σου

380 2614 492 2684 ἐγὼ
523 2616 798 2686 ἐφύλαξα
832 2617 1013 2684 ὁδοὺς
1045 2618 1341 2687 σκληράς.
1385 2619 1442 2672 Ὀ
1469 2620 1526 2673 δὲ
1553 2620 1848 2692 Σύμμαχος
1877 2622 1957 2674 εί-

381 2706 516 2763 πών·
566 2709 706 2778 Ἐγὼ
733 2709 1130 2780 ἐφυλαξάμην
1156 2710 1334 2777 ὁδοὺς
1361 2711 1728 2780 παραϐάτου,
1765 2713 1959 2785 ἑτέραν

383 2799 688 2870 παρέστησε
717 2800 972 2855 διάνοιαν·
1001 2801 1077 2864 ὼς
1103 2801 1197 2854 τοῦ
1233 2802 1329 2874 τὴν
1359 2803 1523 2875 εὐχὴν
1559 2805 1959 2876 διαπέμποντος

383 2891 560 2945 πάντα.
590 2892 874 2963 ἄνθρωπον
920 2895 1243 2965 παραϐάτην
1291 2895 1604 2966 φεύγοντος,
1643 2899 1739 2951 καὶ
1780 2899 1961 2964 πάσας

339 3034 342 3036 ν
385 2981 480 3046 τὰς
515 2982 624 3037 τῶν
656 2983 913 3039 τοιούτων
956 2986 1128 3051 ὀδοὺς,
1174 2985 1262 3040 διὰ
1302 2983 1364 3041 τὸ
1410 2988 1651 3058 χαλεπὰς
1691 2985 1830 3043 εἶναι
1868 2989 1960 3042 καὶ

384 3075 759 3147 ἁποσκλήρους
789 3077 966 3141 πάσας
993 3077 1091 3142 τὰς
1124 3079 1264 3133 κατὰ
1297 3080 1494 3134 κακίαν
1518 3079 1763 3152 πράξεις.

447 3168 810 3238 Κατάρτισαι
859 3169 932 3223 τὰ
983 3171 1314 3242 διαδήματὰ
1334 3190 1454 3242 μου
1479 3174 1549 3226 ἐν
1575 3173 1702 3239 ταῖς
1741 3173 1959 3241 τρίϐοις

381 3276 517 3327 σου,
545 3261 748 3330 ἵναμὴ
786 3263 1129 3318 σαλευθῶσι
1160 3264 1230 3318 τὰ
1255 3264 1588 3334 διαδήματα
1611 3283 1752 3335 μου.
1797 3266 1959 3318 Ὑπο-

387 3349 637 3422 γραμμὸν
676 3352 805 3422 ἡμῖν
835 3353 926 3406 καὶ
971 3354 1058 3407 διὰ
1099 3353 1302 3408 τούτων
1363 3355 1636 3427 παρέσχεν
1685 3357 1714 3408 ό
1743 3357 1955 3428 Σωτὴρ,

381 3441 651 3496 παιδεύων
713 3445 921 3515 μήποτε
959 3447 1358 3518 ὲπιτρίὸεσθαι,
1387 3448 1521 3520 μηδὲ
1556 3447 1696 3518 μέγα
1725 3450 1809 3519 ἐφ’
1833 3450 1960 3503 ἐαυ-

379 3533 495 3595 τοίς
519 3535 754 3604 φρονεῖν.
794 3529 868 3589 Εὖ
898 3535 954 3587 δὲ
993 3525 1087 3591 καὶ
1118 3538 1362 3610 ἀκριϐῶς
1387 3539 1698 3606 πεπεῖσθαι,
1736 3540 1812 3605 ὡς
1831 3541 1960 3595 πάν-

380 3639 501 3677 τοτε
524 3628 620 3697 τῆς
649 3626 800 3696 παρὰ
824 3626 914 3680 τοῦ
938 3627 1072 3681 Θεοῦ
1102 3629 1328 3701 δεόμεθα
1356 3630 1625 3701 βοηθείας,
1643 3632 1732 3686 ἵνα
1758 3631 1833 3704 μὴ
1864 3649 1960 3686 σα-

381 3713 542 3787 λευθῇ
596 3717 749 3788 ἡμῶν
793 3718 864 3773 τὰ
899 3719 1229 3792 διαδήματα,
1261 3721 1355 3774 καὶ
1417 3723 1498 3784 είς
1553 3722 1614 3774 τὸ
1648 3723 1958 3793 ἐφαρμόσαι

381 3809 498 3871 ταῖς
525 3807 717 3861 ἑαυτοῦ
743 3809 946 3881 τρίὸοις
976 3812 1102 3874 τοὺς
1125 3811 1422 3882 ἡμετέρους
1451 3813 1638 3876 πόδας.

453 3902 898 3970 Θαυμάστωσον
926 3902 999 3956 τὰ
1029 3902 1170 3971 ἐλέη
1200 3918 1316 3957 σου
1351 3905 1382 3956 d
1403 3902 1603 3963 σώζων
1623 3903 1764 3970 τοὺς
1785 3904 1957 3959 ἐλπί-

380 3990 586 4060 ζοντας
633 3994 731 4047 ἐπὶ
766 3989 860 4044 σέ.
886 3993 1080 4059 Σώζων
1108 3996 1164 4050 δὲ
1199 3996 1411 4067 εἴρηται
1456 3996 1583 4060 τοὺς
1643 3995 1959 4062 ἐλπίζοντας

379 4085 461 4147 είς
494 4085 673 4150 αὑτὸν,
699 4085 758 4138 ού
799 4086 924 4150 τοὺς
969 4089 1033 4140 ἐκ
1063 4087 1376 4158 σπέρματος
1421 4085 1655 4158 Ἰσραὴλ,
1686 4087 1806 4141 οὐδὲ
1833 4089 1958 4153 τοὺς

382 4177 524 4230 κατὰ
554 4175 640 4231 τὸν
669 4177 829 4248 νόμον
859 4178 1133 4242 Μωῡσέως
1188 4177 1456 4249 βιοῦντας·
1489 4179 1601 4233 ἀλλ’
1624 4178 1810 4249 ὥσπερ
1833 4197 1958 4235 και-

381 4266 479 4339 νὴν
507 4267 622 4322 ὁδὸν
651 4269 972 4341 εὑράμενος,
1007 4270 1193 4335 σώζων
1219 4270 1462 4340 ἀνεφάνη
1509 4272 1635 4335 τοὺς
1667 4273 1748 4336 είς
1795 4272 1957 4326 αὑτὸν

380 4359 700 4428 ήλπι-κότας.
723 4361 900 4416 Μένει
928 4362 1058 4434 γὰρ,
1089 4364 1251 4436 φησιν
1288 4363 1317 4414 ό
1355 4361 1692 4429 Ἀπόστολος,
1730 4369 1953 4429 πίστις,

379 4450 575 4519 ἐλπὶς,
607 4453 826 4524 ἀγάπηο
861 4455 931 4508 τὰ
965 4457 1089 4528 τρία
1121 4457 1290 4511 ταῦτα
1317 4461 1750 4530 συμπέπλεκται,
1769 4457 1958 4529 ὥσπερ

1986 3225 2028 3282 C

2061 1980 2145 2028 est
2188 1988 2287 2043 per
2330 1973 2794 2029 resurrectionem
2841 1987 3008 2042 quam
3055 1971 3315 2026 obtinuit.
3368 1970 3641 2037 Quoniam

2061 2079 2162 2119 ceu
2187 2079 2380 2118 aurum
2410 2065 2518 2136 igni
2544 2065 2803 2119 traditum
2827 2105 2841 2132 ,
2871 2063 3191 2135 Splendidus
3214 2078 3494 2134 purusque
3517 2078 3642 2132 per-

2059 2157 2283 2211 mansit.
2314 2155 2475 2213 Solus
2501 2158 2648 2212 enim
2677 2173 2743 2212 ex
2771 2158 2841 2212 iis
2868 2161 2961 2227 qui
2988 2172 3018 2211 a
3041 2157 3243 2212 saeculo
3270 2155 3489 2212 fuerunt
3521 2172 3642 2225 pec-

2059 2258 2237 2303 catum
2271 2267 2376 2304 non
2425 2250 2586 2320 fecit,
2636 2266 2833 2320 neque,
2866 2249 3169 2306 secundum
3200 2249 3429 2316 Isaiam,
3462 2250 3642 2304 invend

2060 2349 2145 2395 tus
2169 2350 2249 2396 est
2271 2340 2425 2396 dolus
2457 2343 2510 2396 in
2545 2358 2633 2396 ore
2663 2343 2778 2411 ejus
2795 2341 2861 2397 ⁸⁸.

2131 2432 2300 2489 Vens.
2341 2434 2393 2489 4.
2442 2433 2511 2489 Ut
2544 2451 2649 2489 non
2689 2434 2939 2505 loquatur
2974 2452 3032 2490 os
3064 2451 3237 2489 meum
3273 2451 3432 2504 opera
3467 2434 3640 2490 homi-

2061 2541 2222 2590 num,
2257 2535 2472 2593 propter
2504 2524 2663 2578 verba
2694 2523 2962 2577 (abiaram
2997 2533 3207 2579 tuorum
3246 2540 3340 2594 ego
3381 2524 3643 2580 custodiri

2060 2619 2173 2672 vias
2225 2618 2412 2672 duras.
2468 2615 2831 2688 Symmachus
2877 2631 3004 2670 cum
3055 2617 3166 2672 ait:
3216 2615 3329 2688 Ego
3372 2617 3641 2674 observavi

2060 2711 2175 2764 vias
2233 2710 2710 2779 prwvaricatoris,
2775 2708 2940 2762 aliam
2996 2708 3216 2778 prafert
3276 2711 3642 2774 sententiam,

2061 2804 2221 2872 quasi
2257 2803 2469 2859 scilicet
2504 2803 2551 2857 is
2585 2802 2679 2872 qui
2728 2801 3034 2857 orationem
3082 2802 3318 2866 emittit,
3370 2803 3439 2857 ab
3490 2803 3639 2856 omni

2061 2891 2283 2948 homine
2318 2895 2741 2963 praevaricatore
2778 2890 3058 2958 declinet;
3096 2898 3260 2962 atque
3311 2906 3502 2951 omnes
3557 2901 3640 2945 ta-

2063 2983 2196 3037 lium
2247 2984 2494 3038 virorum
2546 2982 2807 3045 semitas,
2861 2997 3141 3053 pravaque
3193 2998 3394 3054 opera,
3449 2990 3640 3054 utpote

2063 3077 2201 3132 dura
2239 3085 2294 3132 et
2333 3092 2526 3147 aspera
2568 3085 2874 3132 aversetur.

2133 3167 2300 3222 Vsus.
2333 3169 2385 3223 5.
2429 3166 2633 3237 Perﬁce
2672 3183 2881 3238 gressus
2913 3183 3054 3220 meos
3084 3167 3138 3220 in
3177 3168 3380 3222 semitis
3425 3168 3551 3231 tuis,
3576 3175 3636 3222 ut

2062 3278 2163 3316 non
2196 3274 2504 3316 moveantur
2539 3261 2759 3331 uestigia
2792 3279 2925 3316 mea.
2964 3261 3253 3332 Exemplar
3284 3264 3444 3320 nobis
3486 3265 3640 3322 hisee

2061 3352 2245 3409 verbis
2289 3352 2541 3408 admovet
2578 3351 2865 3419 Salvator;
2908 3344 3293 3424 admonetque,
3324 3369 3448 3409 cum
3482 3365 3542 3410 ut
3570 3371 3644 3412 ne

2061 3450 2245 3506 animo
2280 3448 2617 3521 frangamur,
2662 3457 2778 3504 tum
2824 3465 2893 3504 ne
2920 3463 3179 3519 magnum
3210 3449 3278 3504 de
3307 3449 3466 3505 nobis
3501 3450 3638 3521 ipsis

2061 3540 2369 3611 sapiamus,
2398 3541 2671 3612 planeque
2713 3549 3051 3612 compertum
3085 3556 3151 3596 ac
3178 3556 3503 3612 persuasum
3538 3542 3644 3596 ha-

2061 3631 2312 3698 beamus,
2361 3647 2463 3688 nos
2492 3633 2682 3688 divino
2727 3647 2944 3703 semper
2973 3647 3134 3703 egere
3165 3633 3392 3699 auxilio,
3433 3634 3493 3687 ut
3525 3647 3639 3690 non

2060 3731 2387 3780 moveantur
2419 3724 2650 3796 vestigia
2679 3733 2892 3789 nostra,
2932 3731 3105 3795 utque
3133 3725 3301 3796 pedes
3330 3731 3551 3782 nostros
3578 3725 3637 3781 in

2059 3815 2270 3869 semitis
2303 3814 2423 3884 ejus
2454 3824 2605 3870 recte
2631 3817 3044 3886 componamus.

2130 3905 2297 3962 Vsus.
2331 3907 2382 3961 7.
2425 3905 2663 3975 Miriﬁca
2709 3909 3100 3962 misericordias
3149 3916 3290 3973 tuas,
3336 3911 3425 3980 qui
3463 3910 3638 3964 salvos

2061 3995 2196 4067 facis
2239 4004 2508 4064 sperantes
2545 3996 2601 4048 in
2630 4003 2698 4048 te.
2731 3993 2834 4060 Qui
2868 3996 3048 4050 salvos
3075 3995 3230 4061 facit,
3270 3997 3466 4066 inquit,
3512 4013 3638 4068 spe-

2060 4094 2246 4142 rantes
2274 4087 2328 4140 in
2373 4101 2455 4150 se,
2486 4098 2598 4140 non
2628 4100 2725 4140 eos
2754 4085 2848 4156 qui
2878 4101 2943 4140 ex
2983 4087 3193 4142 semine
3225 4085 3442 4143 lsraelis
3484 4099 3635 4159 sunt,

2058 4196 2239 4252 neque
2268 4194 2364 4236 eos
2389 4180 2481 4251 qui
2505 4177 2808 4234 secundum
2833 4177 3035 4249 Moysis
3061 4177 3231 4246 legem
3255 4179 3419 4233 vitam
3445 4187 3636 4250 agunt,

2059 4273 2177 4337 sed,
2217 4271 2373 4344 quasi
2415 4287 2557 4327 nova
2602 4276 2817 4341 reperta
2861 4269 2971 4336 via,
3023 4270 3254 4325 salutem
3288 4270 3640 4340 sperantibus

2060 4366 2116 4420 in
2141 4381 2200 4420 se
2230 4364 2483 4420 conferre
2507 4368 2820 4432 compertus
2860 4367 2963 4416 est.
3005 4359 3223 4416 Manent
3261 4362 3430 4428 enim,
3462 4362 3643 4431 inquit

2057 4458 2374 4528 Apostolus,
2399 4456 2551 4527 ﬁdes,
2587 4471 2724 4525 spes,
2758 4454 2992 4509 charitas
3024 4454 3068 4488 “
3101 4473 3112 4509 :
3139 4455 3243 4510 tria
3269 4455 3382 4510 hmc
3395 4470 3495 4510 ceu
3519 4457 3644 4519 vin-

381 4541 473 4611 ὑφ’
512 4543 592 4596 ἑνὶ
609 4543 791 4615 δεσμῷ
821 4548 1243 4618 κατεσφιγμένα.
1275 4547 1366 4602 Διὸ
1403 4550 1500 4621 τὴν
1534 4549 1713 4602 πίστιν
1767 4551 1832 4619 τῇ
1867 4548 1954 4601 ὲλ-

2060 4552 2185 4607 culo
2223 4552 2412 4606 eodem
2452 4549 2680 4606 astricta
2723 4554 3146 4603 connectuntur.
3189 4546 3535 4618 Quapropter
3576 4551 3640 4604 li-

383 4634 498 4687 πίδι
524 4635 782 4690 συνάπτει
804 4636 994 4705 λέγων·
1031 4639 1202 4692 Ἐστι
1233 4637 1301 4690 δὲ
1326 4639 1528 4705 πίστις
1561 4635 1956 4707 ἐλπιζομένων

379 4726 717 4792 ὑπόστασις
743 4727 1113 4798 πραγμάτων,
1153 4729 1400 4798 ἔλεγχος
1449 4732 1521 4783 οὐ
1540 4727 1952 4798 ,βλεπομένων⁹

378 4817 554 4872 ταῦτα
585 4819 629 4872 δ’
663 4820 720 4886 ἐξ
743 4820 961 4892 ἀγάπης
989 4822 1088 4892 τῆς
1122 4821 1258 4892 πρὸς
1309 4823 1400 4875 τὸν
1437 4821 1566 4875 Θεὸν
1611 4823 1823 4890 φύεται·
1861 4822 1955 4876 καὶ

378 4908 445 4961 δι’
468 4909 644 4962 αὐτῶν
675 4909 836 4963 πάλιν
865 4913 897 4982 ἡ
925 4914 1002 4975 εἰς
1033 4910 1164 4964 Θεὸν
1195 4911 1382 4982 ἀγάπη
1429 4910 1774 4978 κρατύνεται.

463 5086 564 5144 Ἐκ
594 5087 711 5142 τῶν
745 5089 1199 5156 ἀνθεστηκότων
1223 5087 1299 5157 τῇ
1319 5087 1488 5156 δεξιᾷ
1521 5104 1636 5143 σου
1673 5089 1943 5158 φύλαξόν

374 5199 471 5253 με,
504 5182 699 5249 Κύριε,
729 5181 809 5246 ὡς
831 5182 1016 5248 κόρην
1059 5179 1386 5249 ὀφθαλμοῦ.
1429 5181 1534 5233 Ἐν
1587 5179 1783 5249 σκέπῃ
1835 5178 1953 5233 τῶν

381 5275 688 5345 πτερύγων
741 5291 856 5328 σου
931 5272 1261 5339 σκεπάσεις
1313 5291 1391 5344 με
1451 5273 1568 5327 ἀπὸ
1627 5272 1949 5340 προσώπου

380 5367 615 5422 ἀσεϐῶν
646 5366 765 5421 τῶν
807 5365 1390 5434 ταλαιπωρησάντων
1414 5381 1512 5435 με.
1573 5365 1683 5417 Καὶ
1714 5366 1818 5428 πᾶς
1857 5365 1954 5435 μὲν

380 5459 587 5521 δίκαιος
612 5457 1044 5530 προσευχόμενος
1097 5457 1292 5510 δείσθω
1341 5457 1434 5512 τοῦ
1495 5456 1653 5519 Θεοῦ,
1693 5457 1790 5528 τῆς
1826 5456 1952 5527 παρ’

379 5548 543 5604 αὐτοῦ
567 5549 954 5616 καταξιοῦσθαι
1004 5550 1269 5620 φυλακῆςο
1308 5549 1586 5620 ὁμολογῶν
1643 5549 1716 5620 μὴ
1774 5549 1956 5613 ίκανδς

380 5638 519 5698 εἶναι
551 5642 720 5712 φύλαξ
747 5643 907 5704 αὐτὸς
929 5639 1120 5696 ἑαυτοῦ
1143 5642 1386 5709 γίνεσθαι
1406 5642 1497 5696 διὰ
1524 5641 1586 5694 τὸ
1618 5639 1817 5711 πλῆθος
1848 5640 1954 5692 τῶν

2060 4640 2182 4696 dem
2202 4640 2317 4710 spei
2347 4640 2564 4710 copulat
2583 4674 2598 4705 ,
2626 4639 2755 4693 dum
2785 4639 2860 4693 ait
2891 4656 2904 4692 :
2930 4637 3027 4692 Est
3057 4649 3231 4692 autem
3259 4639 3389 4707 ﬁdes
3418 4656 3640 4711 speran-

2061 4733 2254 4787 darum
2288 4731 2584 4787 substantia
2607 4748 2804 4796 rerum,
2839 4743 3202 4803 argumentum
3232 4747 3333 4785 non
3373 4747 3638 4801 apparen~

2062 4825 2192 4878 tium
2227 4823 2294 4877 ⁸ο.
2327 4821 2454 4877 Haec
2493 4837 2659 4892 porro
2699 4837 2767 4878 ex
2814 4837 2924 4876 una
2971 4837 3098 4892 erga
3143 4819 3314 4875 Deum
3368 4822 3638 4880 charitate

2064 4914 2354 4982 oriuntur;
2392 4915 2570 4984 iisque
2600 4913 2844 4969 vicissim
2881 4914 3122 4968 Charitas
3162 4927 3292 4982 erga
3327 4908 3497 4969 Deum
3544 4930 3636 4968 ro-

2060 5007 2307 5062 boratur.

2131 5096 2298 5153 Vens.
2340 5097 2394 5161 8,
2431 5097 2485 5153 9.
2525 5099 2566 5152 Α
2603 5096 2962 5152 resistentibus
3010 5095 3238 5149 dextera:
3277 5106 3382 5150 tuae
3427 5099 3634 5150 custodi

2061 5205 2160 5252 me,
2189 5186 2431 5251 Domine,
2469 5197 2526 5240 ut
2564 5187 2818 5257 pupillam
2850 5186 3010 5239 oculi.
3047 5182 3154 5237 Sub
3190 5185 3377 5238 umbra
3424 5185 3634 5238 alarum

2059 5287 2267 5330 tuarum
2312 5285 2546 5347 protegas
2595 5294 2695 5341 me,
2742 5293 2774 5329 a
2811 5275 2947 5345 facie
2984 5275 3264 5343 impiorum
3303 5275 3391 5344 qui
3426 5290 3506 5328 me
3550 5275 3636 5344 af-

2056 5367 2330 5437 ﬂixerunt.
2361 5367 2552 5422 Justus
2583 5367 2835 5436 quilibet,
2871 5381 2994 5419 cum
3030 5370 3305 5435 precatur,
3337 5378 3368 5416 a
3397 5361 3508 5418 Deo
3537 5366 3633 5420 ob-
3659 5367 3666 5371 ’

2057 5459 2186 5515 nise
2217 5460 2457 5530 postulet
2491 5460 2570 5516 uti
2600 5477 2659 5515 se
2705 5459 2956 5514 custodia
2995 5473 3094 5512 sua
3128 5456 3422 5526 dignetur;
3455 5454 3631 5512 fatea-

2057 5561 2258 5622 turque
2291 5567 2370 5614 se,
2404 5569 2516 5623 prae
2544 5551 2988 5608 adversariorum
3015 5549 3387 5613 multitudine,
3426 5547 3493 5603 ad
3530 5565 3630 5603 eu—

2059 5640 2293 5694 stodiam
2344 5639 2430 5693 sui
2464 5639 2686 5696 minime
2721 5636 2976 5694 idoneum
3002 5653 3167 5696 esse:
3205 5644 3358 5708 roget
3390 5637 3520 5695 item
3553 5636 3629 5692 uti

454 5821 497 5868 θ’
532 5819 637 5882 lsa.
662 5835 776 5892 Lnt,
807 5821 905 5892 l9;
949 5820 966 5874 l
999 5821 1144 5879 Petr.
1188 5837 1247 5890 ιι,
1272 5821 1360 5878 29.
1435 5824 1479 5858 δ’
1513 5823 1534 5876 l
1566 5821 1692 5880 Cor.
1715 5835 1836 5888 snt,
1871 5822 1954 5876 15.

2060 5821 2077 5852 ³
2110 5818 2274 5880 Hebr.
2305 5833 2382 5886 ιι,
2423 5819 2469 5876 ι.
