4100 6378
557 348 666 407 ιεε

1254 346 1521 403 ausam!
1561 334 2043 403 cessaremus
2079 342 2232 402 ore.
2274 338 2454 396 mas
2492 340 2599 397 ιιι.
2640 364 2709 381 -υ-
2748 320 3156 400 Execmcii.

3723 345 3825 401 164

558 461 703 520 Deus
730 476 792 518 se
825 455 1099 518 custodiat
1128 462 1288 534 quasi
1319 465 1581 536 pupillam
1613 466 1796 532 oculi;
1829 469 1955 520 cum
1990 464 2120 518 scili-

2245 460 2655 529 ἀνθεστηκότων
2688 462 2855 533 αὐτῷ·
2898 442 3236 533 φυλαχθῆναί
3284 479 3345 515 τε
3397 462 3610 525 ἑαυτὸν,
3639 462 3827 537 ὥσπερ

555 564 643 610 cet
678 554 863 609 videat
908 555 1435 612 inimicos-dexterae
1465 555 1561 611 Dei
1590 557 1943 620 obsistentes,
1976 558 2132 612 item-

552 663 660 718 que
689 642 1035 704 adversarios
1066 650 1265 704 anima:
1304 665 1419 706 suae
1449 650 1612 705 oculo
1656 650 1889 707 insidias
1923 653 2132 707 struen-

549 746 659 804 tes,
703 740 919 810 sibique
969 739 1271 795 caecitatem
1326 741 1531 796 inferre
1580 742 1886 811 cupientes.
1929 739 2130 796 Verum

552 830 683 900 ‘quia
734 830 1030 900 impiorum
1079 830 1221 885 bene
1273 832 1431 886 mulli
1481 832 1848 886 calamitatem
1892 832 1995 901 ipsi
2042 832 2129 885 in-

552 923 699 980 férre
728 929 792 978 ac
830 924 883 977 in
916 932 1189 977 m‘rumnas
1212 924 1390 992 ipsum
1414 923 1689 992 conjicere
1720 924 1960 985 student,
2001 925 2134 977 tela-

554 1035 662 1088 que
707 1019 763 1073 in
804 1019 982 1088 ipsum
1030 1020 1324 1084 emittunt;
1380 1020 1484 1074 sub
1537 1021 1653 1074 alas
1698 1018 1790 1074 Dei
1825 1019 2127 1089 confugiat,

550 1111 898 1181 postuletque
928 1110 1047 1181 ejus
1092 1128 1150 1167 se
1180 1111 1523 1181 preteetioue
1558 1112 1781 1166 muniri.
1818 1110 1923 1166 Sed
1962 1114 2129 1167 etiam

549 1202 667 1271 ipse
696 1198 948 1256 Salvator
980 1218 1081 1272 pro
1122 1201 1367 1257 Ecclesia
1412 1217 1532 1267 sua,
1567 1217 1688 1271 qua:
1737 1217 1899 1257 suum
1927 1210 2129 1272 corpus

547 1300 652 1357 est,
684 1292 900 1348 easdem
936 1294 1003 1348 ad
1033 1293 1254 1350 Patrem
1301 1298 1462 1349 suum
1493 1295 1781 1349 emittebat
1809 1309 1992 1347 voces.
2025 1293 2127 1349 Per

548 1385 666 1440 alas
695 1390 882 1451 autem,
904 1386 1134 1441 virtutes
1158 1386 1514 1457 previdentize
1543 1385 1690 1441 illius
1724 1386 2017 1456 intelligas.

621 1658 789 1716 Vleas.
860 1660 1052 1716 10-12.
1122 1651 1334 1715 Inimici
1387 1662 1488 1716 mei
1545 1663 1779 1717 animam
1819 1680 1989 1717 meam
2030 1665 2129 1717 cir-

549 1754 950 1831 cumdederunt,
996 1755 1201 1821 adipem
1230 1771 1384 1808 suum
1414 1755 1804 1819 concluserunt,
1846 1772 1904 1809 os
1949 1773 2130 1811 eorum

2238 551 2361 605 τινὰ
2384 552 2555 623 κόρην
2582 551 2861 622 ὀφθαλμοῦ
2922 551 3327 623 παρακαλείτωο
3363 551 3506 623 ὀρῶν
3538 553 3664 617 τοὺς
3696 554 3825 606 ἀνθ-

2244 642 2548 714 εστηκότας
2578 647 2644 715 τῇ
2678 643 2829 715 δεξιᾷ
2854 643 2949 697 τοῦ
2995 642 3130 696 Θεοῦ
3163 642 3388 714 ἐχθρούς
3405 661 3578 709 τινας,
3607 644 3701 698 καὶ
3731 662 3828 699 πο-

2238 732 2457 805 λεμίους
2486 734 2566 806 τῷ
2591 736 2692 807 τῆς
2717 734 2897 806 ψυχῆς
2920 736 3083 789 αὑτοῦ
3133 734 3392 811 ὀφθαλμῷ
3445 735 3824 792 ἐπιϐουλεύον-

2236 838 2357 887 τας,
2389 824 2483 877 καὶ
2510 824 2788 894 τυφλῶσαι
2840 826 3003 878 αὐτὸν
3056 825 3325 889 θέλοντας.
3371 826 3530 879 Ἀλλά
3561 827 3657 881 καὶ
3691 826 3822 880 πολ-

2238 914 2345 967 λῶν
2366 914 2535 968 ὅντων
2556 915 2767 969 ἀσεϐῶν
2809 916 2917 970 τῶν
2973 917 3485 988 ταλαιπωριζόντων
3518 920 3679 974 αὑτὸν
3720 920 3819 992 (1),

2236 1007 2482 1061 τουτέστι
2510 1007 2853 1079 ταλαίπωρον
2902 1010 3065 1063 αὐτὸν
3119 1011 3549 1080 ἀποφαινόντων,
3604 1012 3736 1084 βέλη
3762 1030 3822 1068 τε

2236 1102 2357 1155 κατ’
2388 1100 2550 1153 αὐτοῦ
2583 1103 2928 1172 πεμπόντων,
2956 1103 3059 1157 ὑπὸ
3098 1104 3195 1167 τὰς
3243 1105 3517 1176 πτέρυγας
3551 1106 3823 1176 καταφεύ-

2236 1210 2347 1261 γων
2383 1192 2476 1245 τοῦ
2510 1193 2666 1258 Θεοῦ,
2705 1197 2911 1267 σκέπης
2934 1196 3033 1265 τῆς
3062 1197 3152 1249 ὑπ’
3183 1196 3331 1267 αὐτῷ
3354 1201 3536 1267 τυχεῖν
3567 1198 3815 1264 ἀξιούτω.

2249 1284 2407 1339 Ἀλλὰ
2440 1287 2534 1339 καὶ
2563 1288 2591 1339 ὁ
2633 1288 2825 1358 Σωτὴρ
2882 1288 3022 1359 ὑπὲρ
3084 1290 3182 1359 τῆς
3236 1289 3399 1343 αὑτοῦ
3472 1290 3816 1363 Ἐκκλησίας,

2234 1376 2356 1444 ἥτις
2389 1377 2536 1430 ἐστὶν
2567 1377 2732 1431 αὐτοῦ
2763 1377 2943 1449 σῶμα,
2971 1381 3174 1443 ταύτας
3206 1380 3494 1451 ἀνέπεμπε
3527 1382 3664 1452 πρὸς
3726 1383 3818 1436 τὸν

2236 1467 2455 1538 Πατέρα
2483 1467 2580 1532 τὰς
2602 1469 2807 1538 φωνάς.
2862 1471 3145 1541 Πτέρυγας
3190 1472 3249 1525 δὲ
3310 1474 3524 1543 νοήσεις
3562 1473 3663 1538 τάς
3718 1474 3819 1545 τῆς

2236 1560 2494 1633 προνοίας
2525 1560 2689 1614 αὐτοῦ
2735 1560 3011 1633 δυνάμεις.

2311 1678 2375 1727 Ol
2399 1675 2603 1743 ἐχθροί
2622 1694 2744 1745 μου
2778 1676 2894 1745 τὴν
2918 1706 2919 1709 η
2947 1678 3166 1748 ψυχήν
3208 1689 3330 1749 μου
3377 1680 3722 1753 περιέσχον,
3746 1685 3818 1739 τὸ

2235 1766 2419 1835 στέαρ
2466 1766 2666 1821 αὐτῶν
2730 1769 3165 1839 συνέκλεισαν,
3228 1773 3295 1826 τὸ
3355 1775 3550 1843 στόμα
3616 1776 3820 1833 αὐτῶν

548 1846 777 1900 locutum
803 1855 880 1900 est
912 1848 1228 1914 superbiam.
1259 1845 1608 1915 Projici'entes
1634 1858 1716 1900 me
1745 1864 1882 1901 nunc
1905 1848 2120 1901 circum-

2226 1858 2536 1927 ἐλάλησεν
2561 1862 2998 1931 ὑπερηφανίαν.
3069 1864 3504 1932 Ἐκόάλλοντές
3561 1874 3640 1937 με
3675 1869 3816 1923 νυνὶ

543 1933 799 1989 dederunt
824 1951 940 1989 me:
962 1936 1141 1989 oculos
1168 1952 1293 1990 suos
1320 1945 1621 1989 statuerunt
1649 1937 1916 1991 declinare
1940 1939 1994 1992 in
2022 1949 2126 1992 ter-

544 2044 682 2084 ram.
717 2026 1068 2088 Susceperunt
1104 2044 1183 2081 me
1214 2028 1349 2081 sicut
1383 2028 1461 2080 leo
1496 2038 1717 2097 paratus
1764 2028 1833 2081 ad
1864 2030 2121 2096 praedam,

542 2126 592 2171 et
625 2120 759 2171 sicut
791 2119 1001 2171 catulus
1031 2118 1195 2171 leonis
1218 2116 1467 2171 habitans
1497 2120 1553 2171 in
1585 2119 1800 2177 abditis.
1833 2118 2008 2190 Hujus
2036 2137 2128 2175 au-

543 2213 653 2267 tem
698 2212 839 2272 loco,
884 2209 1237 2278 Projicientes
1287 2227 1366 2263 me
1418 2210 1872 2265 circumdederant
1920 2230 2018 2278 me,
2051 2215 2125 2267 ita

547 2303 911 2376 Symmachus
938 2303 1327 2371 interpretatur
1352 2322 1364 2355 :
1392 2302 1613 2356 Beatum
1642 2305 1989 2373 praedicantes
2022 2321 2121 2371 me,

547 2393 731 2448 statim
770 2390 1225 2445 circumdederunt
1274 2408 1375 2456 me,
1412 2399 1467 2446 et
1495 2393 1707 2458 oculos,
1758 2394 1954 2465 inquit,
1993 2411 2123 2450 suos

548 2482 851 2554 posuerunt
900 2489 1097 2536 contra
1146 2498 1251 2547 me,
1304 2490 1363 2536 ut
1415 2485 1693 2539 declinare
1744 2501 1829 2540 me
1862 2486 2119 2543 facerent.

545 2577 683 2632 Nam
716 2578 769 2633 id
793 2579 1130 2649 satagebant,
1163 2587 1223 2630 ut
1250 2589 1338 2632 me
1372 2593 1401 2631 a
1422 2586 1569 2633 statu
1600 2579 1691 2633 illo
1740 2588 1794 2634 et
1819 2594 1848 2633 a
1875 2582 2123 2650 profectu

553 2670 855 2727 secundum
886 2669 1056 2723 Deum
1095 2669 1389 2723 avellerent
1416 2681 1468 2723 et
1500 2676 1834 2736 amoverent,
1866 2672 2123 2730 adversa-

544 2765 688 2819 rium
730 2773 977 2820 nostrum
1014 2762 1290 2817 diabolum
1331 2763 1594 2828 aemulati,
1626 2764 1717 2833 qui
1748 2773 2001 2835 tanquam
2042 2767 2121 2821 leo

543 2848 752 2915 rugiens
777 2851 961 2903 circuit
986 2867 1221 2920 quazrens
1250 2871 1401 2925 quem
1429 2855 1632 2910 devoret
1659 2858 1725 2911 ¹¹.
1748 2859 1813 2913 Et
1844 2877 1923 2914 me
1946 2863 2118 2930 ipsum

544 2949 884 3007 Susceperunt
926 2943 1065 2996 sicut
1110 2943 1191 2997 leo
1222 2956 1445 3015 paratus
1498 2954 1567 3001 ad
1611 2950 1867 3017 predum,
1898 2963 1947 3006 et
1979 2955 2117 3008 sicut

543 3030 751 3084 catulus
782 3032 948 3087 leonis
984 3035 1230 3089 habitans
1276 3037 1331 3089 in
1360 3037 1576 3092 abditis.
1602 3037 1789 3109 Neque
1824 3045 1966 3098 enim
2000 3045 2117 3102 limc

541 3120 981 3178 machinamenta
1006 3126 1182 3195 palam
1208 3127 1496 3184 adversum
1524 3145 1611 3185 me
1637 3132 1946 3190 conﬂabant
1978 3154 1991 3190 :
2020 3138 2114 3192 sed

539 3218 784 3271 occultas
815 3218 1040 3275 insidias
1070 3223 1353 3290 parabant.

612 3322 779 3379 Vsus.
824 3314 911 3388 l3,
972 3325 1055 3381 14.
1100 3326 1358 3398 Exsurge,
1386 3324 1633 3395 Domine,
1671 3336 1900 3401 praavéni
1936 3350 2021 3391 eos
2071 3346 2123 3391 et

539 3416 824 3486 supplanta
858 3434 945 3472 eos
971 3434 989 3470 :
1036 3419 1177 3488 eripe
1209 3421 1446 3474 animam
1476 3439 1647 3476 meam
1679 3423 1746 3478 ab
1779 3425 1966 3496 impio,
2002 3429 2121 3497 fra-

539 3510 710 3562 meam
733 3516 880 3560 tuam
923 3507 987 3561 ab
1017 3508 1246 3562 inimicis
1275 3525 1465 3565 manus
1503 3518 1629 3568 tute.
1656 3512 1900 3580 Domine,
1926 3532 1959 3568 a
1987 3532 2124 3582 pau-

540 3598 616 3652 cis
641 3599 704 3651 de
737 3607 876 3651 terra
903 3596 1075 3651 divide
1099 3613 1186 3651 eos
1214 3598 1270 3651 in
1303 3599 1411 3653 vita
1450 3604 1666 3666 eorum;
1700 3601 1765 3655 de
1795 3602 2121 3659 absconditis

542 3688 647 3740 luis
673 3688 989 3756 adimpletus
1015 3698 1092 3743 est
1116 3698 1291 3743 venter
1321 3706 1522 3744 eorum.
1550 3690 1796 3748 Saturati
1820 3706 1942 3749 sunt
1966 3697 2117 3765 ﬁliis,

538 3787 589 3833 et
626 3779 942 3834 dimiserunt
997 3781 1248 3851 reliquias
1303 3799 1428 3836 suas
1479 3784 1713 3851 parvulis
1764 3787 1893 3842 suis.
1959 3786 2013 3842 In
2055 3804 2119 3844 ea

541 3879 764 3942 queque
813 3885 872 3926 re
904 3871 1110 3942 aliquid
1144 3873 1358 3943 capiam
1405 3874 1679 3933 utilitatis.
1715 3879 1819 3933 Sed
1854 3877 2117 3935 fr'am’eam

539 3964 719 4027 tuam,
756 3964 955 4032 inquit,
1011 3963 1214 4032 eriplas
1257 3963 1324 4019 de
1356 3972 1522 4020 manu
1571 3966 1918 4023 inimicorum
1944 3987 1958 4037 ;
1989 3986 2118 4026 nam

538 4054 893 4111 metuendum
940 4056 1076 4109 alias
1109 4059 1275 4123 esset,
1328 4068 1398 4112 ne
1432 4056 1692 4114 frameam
1749 4060 1895 4115 illam
1943 4069 2114 4130 tuam,

537 4142 627 4202 cui
660 4161 761 4219 ego
794 4147 1036 4203 co‘nlis‘us
1075 4146 1420 4204 adrersarios
1451 4158 1727 4221 oppu‘gno,
1760 4156 1790 4207 ε
1813 4166 1977 4208 manu
2007 4158 2117 4210 er‘i-

536 4238 690 4308 piant
721 4244 863 4301 mea,
914 4251 1111 4306 meque
1156 4236 1238 4293 sic
1267 4248 1610 4294 exarmatum
1643 4241 1982 4313 eadem-ipsa
2015 4244 2118 4300 l‘ra-

538 4343 662 4384 mea
698 4328 1039 4383 adoriantur.
1083 4324 1272 4385 Fuerit
1305 4338 1486 4386 autem
1538 4333 1631 4387 illa
1674 4339 1843 4390 sermo
1870 4336 1970 4392 Dei
2008 4340 2118 4410 elﬁ-

537 4432 641 4472 caa:
671 4426 722 4472 et
763 4418 1142 4486 penetrabilior
1180 4421 1323 4473 omni
1347 4421 1528 4490 gladio
1549 4425 1764 4493 ancipiti
1785 4428 1852 4487 ".
1875 4430 1967 4499 qui
1994 4431 2114 4484 ani-

534 4524 658 4574 mae,
696 4507 1077 4573 lrameaaloco,
1114 4509 1180 4564 ad
1216 4512 1612 4580 propulsandos
1657 4515 1908 4573 inimicos
1943 4521 2114 4575 tradi-

533 4607 625 4654 tus
668 4607 774 4655 est.
815 4599 971 4665 Quod
1018 4614 1161 4670 saepe
1190 4602 1477 4672 contingit,
1512 4605 1731 4673 quando
1775 4608 1980 4664 inimici
2012 4609 2107 4666 Dei

2223 4599 2241 4679 ί
2364 4628 2507 4699 ψυχῇ
2537 4599 2787 4703 ὲεδομὲνο

532 4697 843 4754 divinarum
894 4697 1309 4769 Scripturarum
1362 4701 1529 4763 dicta,
1586 4704 1797 4760 detorta
1842 4715 2004 4778 atque
2050 4711 2104 4765 in

537 4801 759 4856 pravam
787 4789 1114 4842 sententiam
1142 4800 1428 4853 conversa,
1457 4793 1883 4864 simplicioribus
1909 4801 2107 4857 animis

534 4878 837 4946 objiciunt,
894 4896 1098 4951 eosque
1146 4880 1219 4934 ita
1269 4882 1561 4941 debellant.
1625 4886 1750 4945 Haec
1802 4907 1969 4948 causa
2024 4902 2109 4951 est

536 4967 683 5036 quod
724 4968 841 5039 ipse
877 4978 1150 5040 precetur,
1203 4980 1263 5026 ut
1315 4972 1520 5031 framea
1573 4977 1665 5034 Dei
1720 4983 1988 5053 eripiatur
2038 4987 2108 5040 ab

534 5060 770 5115 .uimicis
800 5058 916 5124 Dei,
939 5070 992 5115 et
1022 5079 1053 5115 a
1078 5064 1261 5131 paucis
1285 5064 1347 5119 de
1376 5075 1538 5133 terra,
1574 5070 1734 5140 cujus
1769 5074 1889 5129 loco
1911 5076 2107 5147 Aquila

534 5150 721 5217 edidit,
750 5167 783 5205 a
812 5153 1035 5206 mortuis
1065 5169 1129 5207 ea:
1160 5156 1518 5221 immersione,
1562 5160 1929 5232 Symmachus
1950 5184 2102 5234 vero,

536 5255 566 5293 ι
611 5241 833 5295 mortuis
880 5240 945 5294 ab
992 5243 1057 5297 iis
1110 5245 1200 5314 qui
1233 5246 1553 5304 occiderunt.
1604 5248 1741 5306 Nam
1773 5254 1993 5311 liberari
2046 5271 2106 5315 se

603 5442 863 5501 IHlPetr.
903 5461 959 5511 ν,
1002 5444 1056 5501 8.
1134 5448 1178 5480 ⁸³
1217 5448 1384 5504 Hebr.
1442 5466 1517 5515 ιν,
1578 5449 1665 5507 ιε,

601 5649 676 5775 (12
716 5648 840 5707 Haec
870 5652 1062 5710 Latine
1086 5654 1318 5725 exprimi
1342 5665 1652 5729 nequeunt;
1681 5644 1736 5715 in
1761 5668 1909 5723 textu
1940 5666 2148 5743 Graeco,

534 5734 638 5791 ρησ
676 5738 831 5791 ντων,
859 5740 968 5781 non
986 5724 1513 5791 ταλαιπωριζὸντων.

606 5736 704 5777 σαν

705 5738 831 5791 των,
859 5740 968 5781 non
986 5724 1513 5797 ταλαιπωριζὸντων.

2229 1956 2723 2023 περιεκύκλωσὰν
2743 1976 2840 2027 με·
2858 1958 3001 2025 τοὺς
3023 1960 3368 2030 ὀφθαλμοὺς
3387 1963 3585 2018 αὐτῶν
3609 1965 3818 2021 ἔθεντο

2227 2047 2497 2103 ἐκκλῖναι
2528 2049 2598 2101 ἐν
2625 2048 2701 2117 τῇ
2732 2049 2828 2117 γῇ.
2870 2050 3206 2106 ’Υπέλαϐόν
3228 2071 3305 2122 με
3338 2055 3479 2108 ὡσεὶ
3498 2056 3655 2110 λέων
3672 2058 3819 2112 ἑτοι-

2221 2157 2337 2209 μος
2364 2142 2452 2206 εὶς
2485 2140 2696 2207 θήραν,
2734 2142 2832 2195 καὶ
2858 2142 3001 2195 ὡσεί
3054 2147 3328 2214 σκύμνος
3356 2146 3536 2200 οἰκῶν
3562 2149 3632 2202 ἐν
3666 2151 3819 2205 ἀπο-

2227 2234 2494 2299 κρύφοις.
2533 2232 2677 2285 Ἀντὶ
2697 2232 2754 2284 δὲ
2810 2233 2925 2297 τοῦ,
2972 2235 3404 2303 Ἐκϐἀλλοντές
3430 2256 3508 2306 με
3534 2244 3818 2308 περιεκύ-

2226 2321 2474 2376 κλωσάν
2495 2340 2593 2392 με,
2628 2324 2656 2376 ὁ
2687 2324 2980 2396 Σύμμαχος
3015 2328 3189 2391 οὕτως
3232 2332 3568 2402 ἡρμήνευσε·
3609 2337 3819 2390 Μακαι

2221 2414 2485 2483 ρι’ζοντές
2539 2432 2617 2483 με
2673 2418 3035 2487 παραχρῆμα
3093 2423 3528 2488 περιεκύκλουν
3575 2442 3671 2495 με,
3716 2428 3819 2480 καὶ

2224 2509 2351 2570 τοὺς
2373 2507 2687 2578 ὀφθαλμοὺς
2713 2509 2769 2562 δὲ
2803 2509 3007 2575 αὐτῶν,
3067 2513 3253 2582 φησὶν,
3312 2514 3495 2569 ἔθεντο
3519 2520 3638 2571 κατ’
3674 2519 3814 2589 ἐμοῦ

2224 2599 2318 2652 τοῦ
2349 2599 2679 2671 παρακλίναί
2705 2618 2791 2672 με.
2820 2604 3237 2675 Παρασαλεῦσαι
3267 2606 3375 2679 γάρ
3407 2625 3473 2678 με
3504 2610 3598 2664 καὶ
3621 2611 3816 2666 ἀποκι-

2224 2690 2384 2760 νῆσαι
2410 2692 2510 2761 τῆς
2573 2695 2815 2758 στάσεως
2868 2696 2963 2749 κα)⁸
3012 2698 3112 2766 τῆς
3160 2699 3302 2752 κατὰ
3344 2701 3476 2754 Θεὸν
3530 2705 3816 2776 προκοπῆς

2224 2782 2572 2849 ἐσπούδαζον
2607 2787 2932 2859 μιμούμενοι
2981 2788 3075 2842 τὸν
3107 2791 3375 2845 ἀντίδικον
3423 2795 3578 2865 ἡμῶν
3632 2794 3818 2851 διάϐο-

2222 2872 2332 2940 λον,
2370 2874 2441 2941 ὃς
2477 2876 2557 2942 ὡς
2583 2880 2741 2931 λέων
2765 2879 3114 2948 ὠρυόμενος
3135 2886 3447 2950 περιπατεῖ
3462 2885 3649 2955 ζητῶν
3676 2889 3817 2943 τινα

2221 2966 2507 3034 καταπίῃ.
2550 2967 2873 3022 Ὑπέλαϐόν
2898 2985 2975 3037 με
3008 2973 3103 3025 καὶ
3150 2974 3313 3027 αὑτὸν
3371 2977 3452 3041 ὡς
3477 2977 3634 3031 λέων
3661 2978 3820 3033 ἕτοι-

2218 3072 2331 3123 μος
2353 3058 2442 3121 εἰς
2480 3056 2690 3124 θήραν,
2715 3060 2815 3112 καὶ
2843 3061 2926 3126 ὡς
2953 3063 3224 3130 σκύμνος
3265 3062 3444 3117 οίκῶν
3461 3067 3530 3118 ἐν
3559 3068 3816 3137 ἀποκρύ-

2225 3163 2381 3214 ςροις.
2410 3147 2543 3199 Οὐδὲ
2565 3149 2673 3220 γὰρ
2711 3151 2776 3203 ὲκ
2798 3150 2893 3203 τοῦ
2923 3153 3232 3222 προφανοῦς
3258 3154 3536 3209 ἐποιοῦντο
3566 3158 3669 3229 τὴν
3689 3163 3819 3215 κατ’

2144 3238 2187 3294 C
2220 3234 2356 3305 ἐμοῦ
2392 3238 2683 3309 συσκευὴν,
2708 3239 2845 3294 ἀλλὰ
2869 3240 3143 3313 λαθραίως
3163 3243 3556 3318 ἐνεδρεύοντες.

2310 3347 2649 3418 Ἀνάστηθι,
2670 3352 2873 3420 Κύριε,
2900 3350 3253 3424 ἐτρόφθασον
3280 3360 3502 3427 αὐτοὺς
3528 3362 3633 3417 καί
3659 3362 3815 3419 ὑπο-

2224 3439 2521 3495 σκέλισον
2540 3444 2780 3511 αὐτούς·
2797 3445 2985 3513 ῥῦσαι
3011 3448 3125 3517 τὴν
3149 3450 3357 3521 ψυχήν
3387 3471 3502 3521 μου
3526 3455 3642 3509 ἀπὸ
3668 3458 3818 3512 ἀσε-

2226 3527 2387 3594 θοῦς,
2412 3531 2720 3600 ῥομφαίαν
2762 3550 2877 3589 σου
2905 3538 3025 3591 ἀπὸ
3057 3539 3285 3609 ἐχθρῶν
3307 3542 3416 3611 τῆς
3451 3546 3646 3613 χειρός
3665 3566 3810 3606 σου.

2224 3620 2423 3686 Κύριε,
2464 3620 2585 3703 ἀπό
2624 3624 2845 3694 ὀλίγων
2881 3628 3000 3683 ἀπὸ
3046 3630 3159 3701 γῆς
3195 3632 3543 3703 διαμέρισον
3583 3634 3814 3708 αὐτοὺς

2221 3710 2291 3763 ἐν
2336 3711 2414 3780 τῇ
2469 3713 2587 3785 ζωῇ
2632 3718 2850 3784 αὐτῶν,
2906 3724 3003 3776 καί
3054 3723 3174 3778 τῶν
3225 3730 3648 3798 κεκρυμμένων
3689 3750 3814 3789 σου

2220 3801 2497 3889 ἐπλήσθη
2526 3809 2563 3875 ἡ
2589 3810 2820 3878 γαστὴρ
2852 3813 3070 3869 αὐτῶν.
3119 3817 3613 3890 Ἐχορτάσθησαν
3636 3824 3812 3891 υἱῶν,

2219 3895 2317 3948 καὶ
2361 3892 2607 3966 ἀφῆκαν
2634 3901 2707 3965 τὰ
2740 3904 3076 3961 κατάλοιπα
3122 3910 3248 3976 τοῖς
3301 3913 3545 3981 νηπίοις
3584 3916 3810 3973 αὐτῶν.

2218 3984 2328 4039 Καὶ
2360 3986 2502 4043 κατά
2534 3989 2692 4047 τοῦτο
2717 3994 3077 4070 ὠφεληθείην
3108 4000 3246 4055 ἀλλά
3281 3992 3377 4056 καὶ
3406 4003 3505 4076 τήν
3529 4008 3804 4078 ρομφαίαι

2221 4086 2337 4170 σου,
2364 4081 2516 4152 φησὶ,
2549 4082 2709 4154 ῥῦσαι
2737 4087 2845 4141 ἀπὸ
2872 4089 2971 4160 τῆς
3029 4090 3212 4162 χειρὸς
3268 4094 3375 4147 τῶν
3430 4097 3658 4170 ἐχθρῶν·
3684 4099 3811 4166 δέος

2218 4167 2328 4241 γὰρ
2359 4172 2565 4242 μήποτε
2621 4176 2718 4246 τὴν
2752 4178 2850 4249 σὴν
2883 4183 3178 4253 ῥομφαίαν,
3282 4167 3557 4253 πεποιθὼς
3581 4189 3691 4260 ἐγὼ
3713 4193 3814 4246 κέ-

2217 4262 2430 4334 κρημαι
2468 4268 2587 4318 κατ’
2615 4268 2816 4332 αὑτῶν,
2843 4271 2945 4342 τῆς
2973 4275 3112 4346 ἒμῆξ
3145 4270 3329 4349 χειρὸς
3380 4281 3725 4351 ἁρπάσαντες
3755 4286 3810 4340 οι

2217 4353 2486 4424 πολέμιοι,
2529 4358 2624 4410 καὶ
2684 4360 3009 4433 ἀφελόμενοί
3073 4376 3173 4437 μου
3231 4370 3431 4443 αὐτὴν,
3489 4373 3810 4445 χρήσωνται

2218 4446 2355 4539 αυτῇ
2392 4451 2511 4500 κατ’
2545 4449 2701 4520 ἐμοῦ.
2735 4453 2835 4533 Εἴη
2864 4454 2909 4539 δέ
2940 4456 3007 4510 ἂν
3031 4457 3059 4510 ὁ
3091 4459 3184 4512 τοῦ
3216 4459 3350 4515 Θεοῦ
3384 4462 3542 4533 λόγος
3592 4465 3810 4539 όὲνερ-

2217 4537 2319 4629 γὴς
2354 4539 2449 4629 καὶ
2478 4540 2783 4614 τομώτερος
2815 4537 2953 4619 ὑπὲρ
2980 4551 3157 4603 πᾶσαν
3209 4553 3481 4625 μάχαιραν
3525 4537 3830 4629 “ﬂag”:

2790 4654 2818 4700 ς
2843 4639 2961 4692 ἀντὶ
2983 4642 3258 4712 ῥομφαίας
3279 4645 3415 4716 πρὸς
3449 4647 3659 4715 ἄμυναν
3690 4649 3807 4704 τῶν

2216 4715 2467 4813 ﬁdem;
2481 4723 2619 4813 ὅπερ
2645 4727 2927 4795 συμϐαίνει
2985 4732 3263 4797 πολλάκις,
3301 4715 3519 4791 ἐπειδὰν
3540 4741 3587 4792 οἱ
3611 4740 3806 4813 ἐχθροὶ

2215 4804 2310 4857 τοῦ
2335 4804 2491 4873 Θεοῦ,
2528 4812 2626 4876 τὰς
2654 4816 2762 4869 ἀπὺ
2795 4819 2901 4872 τῶν
2924 4820 3082 4876 Θείων
3122 4825 3355 4897 Γραφῶν
3405 4828 3578 4894 λέξεις
3612 4804 3807 4889 κῖίίτά

2217 4898 2617 4972 ἀναγνώσματα
2646 4907 3009 4976 ἀποϐαλόντες
3038 4917 3131 4968 καὶ
3159 4916 3579 4989 ἀνατρέψαντες,
3615 4919 3674 4985 ἐξ
3700 4926 3800 4977 σὺ·

2215 4989 2323 5084 τῷν
2351 4998 2446 5084 καιἶ
2472 4992 2540 5084 ὄις
2568 4997 2748 5052 αὐτῶν
2778 5001 2877 5065 τάς
2929 5004 3223 5077 ἀκεραίους
3254 5012 3667 5066 καταπαλαίωσι
3692 5014 3804 5084 ψυ-

2212 5079 2333 5149 χάς.
2368 5080 2460 5135 Διὸ
2484 5076 2700 5156 εῦχεται
2728 5090 2835 5145 ἀπὸ
2858 5094 2968 5147 τῶν
2998 5076 3207 5169 ἐχθρῶν
3236 5100 3329 5154 τοῦ
3364 5096 3498 5155 Θεοῦ
3527 5076 3802 5173 ρυσθῆναι

2211 5173 2310 5265 τὴν
2341 5176 2610 5265 ῥομφαίαν
2644 5183 2831 5249 αὐτοῦ,
2886 5188 2981 5241 καὶ
3030 5189 3145 5244 ἀπὸ
3204 5193 3425 5263 ὀλίγων
3486 5194 3603 5248 ἀπὸ
3656 5193 3798 5265 Τῆς·

2213 5262 2327 5315 ἀνθ’
2350 5258 2410 5317 οὗ
2436 5270 2463 5321 ό
2497 5271 2595 5339 μὲν
2642 5274 2873 5342 Ἀκύλας
2919 5278 3197 5344 ἐξέδωκεν·
3249 5258 3367 5339 ἀπὸ
3420 5258 3802 5356 τεθνηκότων

2168 5690 2380 5734 necnon
2408 5674 2463 5736 in
2488 5676 2747 5742 omnibus
2774 5701 2906 5744 mss.
2924 5680 3251 5755 Bibliorum,
3285 5687 3482 5759 legitur
3511 5688 3795 5747 ταλαιπω-
