4100 6432
400 383 508 446 165

1538 330 2044 442 COMMEN'I‘ARIA
2083 380 2151 437 IN
2180 379 2529 439 PSALMOS.

3570 397 3673 452 166

400 504 471 557 ἐκ
498 500 899 568 καταδύσεως
940 503 968 556 ὀ
994 502 1050 555 δὲ
1077 501 1389 573 Σύμμαχος·
1415 502 1491 573 (1)
1551 504 1695 557 Ἀπὸ
1752 502 1969 571 νεκρῶν

2091 508 2348 570 precatur
2383 502 2548 556 etiam
2576 502 2643 558 ab
2682 504 2751 561 iis
2783 504 3026 576 quijam
3058 491 3202 563 inter
3236 516 3485 568 mortuos
3514 527 3669 569 com-

401 593 521 649 ἀπὸ
554 593 978 648 ἐνδεδυκότων.
1028 592 1316 664 Ῥυσθῆναι
1354 594 1464 666 γὰρ
1493 594 1710 665 εὖχεται
1743 595 1839 649 καὶ
1873 594 1985 649 ἀπὸ

401 685 512 739 τῶν
536 687 594 740 ἐν
623 688 835 758 νεκροῖς
892 685 993 756 ήδη
1050 684 1449 757 λελογισμένων
1498 686 1586 739 διὰ
1636 687 1700 740 τὸ
1747 686 1982 757 πάμπαν

402 775 726 848 ἐστερῆσθαι
754 778 852 847 τῆς
873 776 1014 829 κατὰ
1042 775 1173 829 θεὸν
1207 776 1372 846 ζωῆς.
1417 777 1563 831 Ἀντί⁸
1613 779 1668 831 δὲ
1718 779 1835 843 τοῦ,
1861 778 1985 833 δια-

396 866 648 939 μέρισον
674 868 915 934 αὐτοὺς,
956 869 984 921 ὁ
1025 869 1122 939 μὲν
1154 869 1385 933 Ἀκύλας
1413 871 1776 942 ήρμήνευσεν,
1801 873 1984 941 μέρος

400 960 688 1015 αὐτῶνὲν
717 960 849 1030 ζωῇ*
880 963 908 1014 ὁ
929 962 985 1015 δὲ
1018 961 1332 1033 Σύμμαχος,
1380 963 1419 1030 ἡ
1464 963 1636 1030 μερὶς
1683 962 1883 1018 αὐτῶν
1914 965 1984 1017 ἐν

399 1052 594 1112 ζῶσιν.
620 1053 869 1107 Διδάσκει
902 1054 958 1106 δὲ
987 1054 1076 1108 διὰ
1105 1053 1329 1119 τούτων,
1365 1054 1441 1118 ὡς
1476 1056 1586 1108 τῶν
1641 1056 1738 1127 μὲν
1769 1055 1982 1109 ἀσεϐῶν

398 1144 493 1197 καὶ
537 1144 647 1197 τῶν
679 1145 941 1208 πολλάκις
970 1145 1376 1217 ὠνομασμένων
1408 1145 1618 1217 ἐχθρῶν
1666 1146 1760 1200 τοῦ
1786 1146 1979 1218 Θεοῦὴ

403 1237 582 1309 μερὶς,
620 1238 715 1290 καὶ
737 1239 766 1291 ὁ
796 1236 1019 1310 κλῆρος,
1036 1239 1131 1293 καὶ
1161 1240 1311 1292 πᾶσα
1334 1240 1368 1310 ή
1394 1237 1683 1311 περιουσία
1706 1240 1764 1291 ἐν
1787 1240 1851 1308 τῇ
1878 1256 1983 1291 πα-

402 1327 571 1399 ρούσῃ
619 1328 730 1400 ζωῇ
759 1331 1015 1400 τυγχάνει
1049 1331 1143 1384 καὶ
1165 1330 1222 1383 ἐν
1246 1330 1324 1402 τῷ
1357 1330 1538 1402 θνητῷ
1573 1331 1691 1401 βίῳ·
1726 1332 1783 1383 ὲν
1885 1331 1980 1385 καὶ

395 1420 643 1492 ἐπλήσθη
667 1422 700 1493 ἡ
733 1425 947 1496 γαστὴρ
976 1424 1154 1478 αὐτῶν
1183 1422 1365 1496 πάσης
1420 1425 1648 1497 τροφῆς,
1673 1424 1767 1477 καὶ
1801 1425 1981 1495 πάσης

392 1514 768 1583 ἀπολαύσεως,
800 1517 895 1570 καὶ
944 1517 1174 1588 τρυφῆς.
1238 1516 1396 1570 Ἀλλὰ
1446 1517 1690 1572 καὶτῶν
1728 1534 1983 1588 κεκρυμ-

385 1605 587 1676 μένων
610 1624 726 1664 σου
755 1609 940 1681 φησίν·
976 1610 1091 1663 ἀνθ’
1124 1603 1185 1663 οὗ
1219 1612 1248 1663 ὁ
1296 1609 1591 1682 Σύμμαχος
1612 1612 1978 1683 ήρμήνευσεν,

390 1700 634 1754 καὶτῶν
695 1702 1020 1758 ἀποθέτων.
1052 1702 1193 1755 Ὅσα
1225 1701 1333 1772 γάρ
1389 1704 1537 1755 ἐστιν
1591 1703 1650 1756 ὲν
1679 1703 1758 1775 τῷ
1803 1702 1982 1775 θνητῷ

391 1790 492 1864 βίῳ
524 1795 619 1848 καὶ
645 1797 714 1866 τῇ
743 1794 909 1866 θνητῇ
936 1794 1049 1867 ζωῇ
1080 1796 1259 1867 τίμια,
1309 1795 1421 1849 τῶν
1439 1794 1814 1869 νομιζομένων
1846 1798 1980 1851 ἀπο-

389 1880 559 1936 θέτων
593 1885 686 1936 καὶ
717 1884 1071 1957 ἀποκρύφων,
1091 1886 1408 1955 ἐσχήκασιν.

456 1975 622 2028 Αὐτοὶ
657 1976 786 2044 γοῦν
812 1978 908 2031 καὶ
960 1976 1162 2048 χρυσὸν
1199 1976 1296 2030 καὶ
1343 1975 1586 2049 ἄργυρον
1644 1979 1740 2033 καὶ
1793 1981 1973 2034 πάντα

386 2069 491 2140 γῆς
528 2068 780 2141 μέταλλα·
816 2070 1290 2142 περιειργάσαντο,
1339 2070 1521 2136 λίθους
1564 2088 1626 2125 τε
1686 2073 1973 2137 παντοίους

387 2162 600 2233 τιμίους
651 2164 743 2217 καὶ
802 2163 1108 2227 πολυτελεῖς
1173 2163 1564 2236 ὲξηρεύνησαν,
1622 2166 1715 2219 καὶ
1768 2166 1971 2219 τούτω)

384 2252 639 2309 ἁπάντων
669 2249 1036 2326 ἐπλήσθησαν·
1065 2255 1268 2309 τέκνων
1298 2257 1355 2308 δέ
1380 2258 1472 2310 καὶ
1506 2256 1657 2321 υἱῶν,
1677 2258 1770 2311 καὶ
1804 2257 1971 2326 θυγα-

382 2345 557 2418 τέρων
586 2348 1013 2420 ἐνεφορήθησαν.
1038 2348 1128 2401 Διὸ
1158 2342 1418 2418 ὲπθιλέγει·
1475 2349 1971 2421 Ἐχορτάσθησαν

380 2437 546 2492 υἱῶν.
577 2438 686 2494 Καὶ
712 2442 772 2494 οὐ
798 2440 955 2511 μόνον
984 2458 1048 2509 γε
1075 2440 1226 2495 αὐτοὶ
1277 2442 1481 2496 τούτων
1538 2442 1965 2516 ἐχορτάσθησαν,

382 2529 494 2583 ἀλλ’
523 2530 925 2601 ἐμπλησθέντες
978 2531 1128 2584 αὐτοί
1175 2549 1235 2585 τε
1282 2533 1555 2604 πρότεροι,
1611 2533 1847 2605 κλήρους
1872 2536 1967 2589 καὶ

380 2620 630 2692 διαδοχὰς
653 2625 764 2686 τοῖς
790 2623 905 2694 μετ’
940 2624 1136 2688 αὐτοὺς
1185 2624 1428 2693 ἐγγόνοις
1490 2628 1963 2685 καταλελοίπασιν.

386 2712 579 2777 ’Ἄλλος
602 2712 783 2784 φησίν·
817 2715 878 2766 El
918 2714 1011 2766 καὶ
1039 2713 1117 2784 τῷ
1148 2713 1362 2783 θανάτῳ
1410 2716 1632 2780 τούτους
1664 2716 1965 2788 παραπέμ-

380 2800 480 2871 ψαι
516 2804 598 2855 σοὶ
620 2803 820 2874 ῥᾴδιον,
852 2797 1177 2856 ὣΔέσποτα·
1216 2804 1328 2857 ἀλλ’
1364 2801 1457 2859 οὖν
1509 2806 1733 2860 ἱκετεύω
1758 2806 1967 2870 ζῶντας

384 2890 581 2958 αὐτοὺς
606 2894 988 2964 σκεδασθῆναι,
1024 2891 1117 2948 καὶ
1149 2897 1246 2967 τὴν
1280 2899 1455 2968 κακὴν
1501 2898 1679 2951 αὐτῶν
1737 2915 1966 2969 συμφω-

381 2980 503 3038 νίαν
541 2983 875 3054 διαλυθῆναι,
906 2985 1001 3039 καὶ
1031 2984 1139 3037 τῶν
1167 2987 1544 3057 ἀποκειμένων
1569 3004 1649 3041 σοι
1683 2989 1964 3061 τιμωριῶν

385 3078 695 3146 μετασχεῖν.
737 3075 892 3129 Οὕτω
919 3076 1027 3148 γὰρ
1054 3079 1110 3129 ἐν
1141 3079 1206 3148 τῇ
1240 3078 1450 3152 μεγάλη
1505 3080 1614 3151 ᾠδῇ
1673 3081 1767 3134 τοῦ
1797 3082 1965 3135 Μωῡ-

386 3168 523 3232 σὲως
546 3164 706 3231 αὐτὸς
727 3170 754 3221 ὁ
782 3168 915 3231 Θεὸς
948 3182 1113 3241 φησιν
1143 3187 1155 3200 ·
1192 3174 1312 3224 Οὐκ
1353 3171 1481 3224 ίὸοὺ
1532 3173 1717 3227 ταῦτα
1766 3174 1965 3227 πάντα

2088 599 2372 661 putantur,
2406 594 2534 663 quia
2567 596 2681 650 vita
2722 597 2835 663 illa,
2863 614 2986 669 qua:
3028 601 3326 657 secundum
3352 602 3520 661 Deum
3554 613 3666 674 est,

2086 684 2306 752 penitus
2336 686 2642 754 privantur.
2690 688 2828 743 Illud
2860 697 3064 757 autem,
3110 692 3282 748 divide
3324 703 3665 773 eos,Aquila,

2090 789 2215 843 pars
2243 791 2426 830 eorum
2459 778 2513 830 in
2556 781 2687 842 vita,
2718 781 3143 852 interpretatur;
3177 783 3538 857 Symmachus
3571 805 3669 847 au-

2088 871 2219 929 tem,
2251 882 2378 931 pars
2402 885 2581 922 eorum
2607 870 2664 923 in
2697 872 2999 928 viventibus.
3027 872 3125 929 His
3153 868 3527 944 porro'docet,
3565 881 3668 933 im-

2086 954 2303 1023 piorum
2337 964 2393 1011 et
2433 957 2783 1014 inimicorum
2819 959 2935 1027 Dei,
2980 963 3073 1030 qui
3107 963 3162 1015 in
3211 962 3297 1017 his
3343 964 3667 1035 plerumque

2087 1055 2485 1114 memorantur,
2516 1050 2844 1118 portionem,
2875 1061 3076 1107 sortem
3106 1068 3406 1125 omnesque
3437 1055 3668 1112 faculta-

2085 1151 2168 1198 tes
2199 1144 2257 1198 in
2300 1144 2404 1199 hac
2435 1147 2693 1216 prtesenti
2727 1154 2781 1201 et
2818 1149 3037 1202 mortali
3070 1149 3184 1206 vita
3230 1151 3366 1205 sitas
3396 1166 3538 1216 esse,
3574 1154 3667 1208 ubi

2086 1245 2274 1292 venter
2301 1251 2491 1293 eorum
2515 1239 2666 1293 omni
2704 1239 2950 1294 ciborum
2983 1256 3202 1311 genere,
3228 1244 3372 1296 omni
3407 1243 3668 1300 felicitate

2085 1343 2149 1382 ac
2184 1331 2464 1399 voluptate
2511 1332 2775 1400 repletur.
2839 1332 2953 1389 Imo
3007 1334 3173 1388 etiam
3216 1334 3280 1388 de
3337 1335 3665 1392 absconditis

2086 1421 2229 1485 tuis;
2262 1422 2424 1492 cujus
2455 1423 2579 1477 loco
2627 1422 2992 1494 Symmachus
3033 1425 3446 1496 interpretatur,
3500 1438 3552 1483 et
3590 1446 3667 1487 τε·
3707 1416 3715 1431 ’

2083 1516 2271 1583 positis
2317 1518 2442 1572 tuis.
2480 1516 2760 1588 Siquidem
2801 1536 2993 1575 eorum
3038 1523 3282 1577 omnium
3312 1541 3435 1594 quae
3475 1526 3530 1581 in
3560 1527 3666 1584 hac

2083 1607 2305 1660 mortali
2332 1608 2444 1661 vita
2490 1616 2792 1666 occurrunt
2820 1613 3210 1682 pretiosorum,
3240 1631 3361 1685 quae
3395 1618 3540 1675 inter
3577 1634 3670 1675 re-

2085 1698 2305 1754 condita
2341 1707 2396 1755 et
2425 1701 2613 1756 abdita
2643 1712 3050 1773 computantur,
3082 1708 3241 1777 potiti
3269 1718 3419 1769 sunt.

2152 1960 2235 2016 Illi
2285 1962 2471 2033 itaque
2522 1980 2739 2031 aurum,
2796 1975 3109 2037 argentum,
3157 1973 3455 2044 omniaque
3501 1983 3666 2033 teme

2080 2053 2298 2107 metalla
2345 2068 2559 2108 summa
2608 2071 2740 2109 cura
2780 2059 3247 2127 perquisiverunt,
3281 2063 3491 2134 lapides
3535 2083 3662 2138 pre-

2080 2144 2253 2200 tiosos
2290 2146 2375 2201 vel
2418 2146 2739 2203 rarissimos
2781 2150 3027 2217 cujusvis
3074 2154 3292 2222 generis
3328 2160 3662 2230 pervestiga,

2076 2242 2229 2299 runt.
2264 2236 2441 2306 iisque
2464 2239 2724 2294 omnibus
2757 2240 3039 2310 adimpleti
3073 2252 3203 2297 sunt
3238 2263 3250 2299 :
3286 2245 3410 2302 filiis
3446 2264 3663 2306 mascu-

2077 2327 2148 2382 lis
2182 2325 2470 2384 feminisve
2504 2331 2739 2384 saturati
2768 2340 2916 2386 sunt.
2947 2333 3314 2399 Quamobrem
3352 2339 3659 2411 subjungit,

2076 2419 2312 2472 saturati
2352 2428 2474 2473 sunt
2505 2421 2654 2488 ﬁliis.
2700 2420 2889 2492 Neque
2942 2425 3018 2481 illi
3068 2435 3279 2483 tantum
3325 2430 3393 2485 iis
3426 2435 3659 2489 saturati

2077 2520 2248 2575 sunt;
2281 2511 2375 2565 sed
2404 2520 2693 2582 postquam
2737 2515 2841 2584 ipsi
2876 2517 3090 2586 priores
3125 2521 3190 2575 ad
3225 2521 3534 2579 satietatem
3568 2541 3658 2582 uso-

2075 2619 2183 2673 que
2214 2605 2280 2659 iis
2316 2614 2445 2658 sunt
2471 2606 2579 2668 usi,
2607 2607 2977 2664 haereditatem
3011 2616 3529 2687 successionemque
3559 2635 3657 2676 nee

2075 2695 2295 2764 polibus
2322 2698 2677 2752 transmisere
2719 2700 2857 2755 suis.
2898 2703 3054 2759 Alius
3100 2705 3182 2760 sic
3219 2708 3653 2778 interpretatur:

2075 2788 2324 2850 Etiamsi,
2359 2791 2560 2860 inquit,
2610 2791 2871 2861 perfacile
2922 2795 3019 2850 tibi
3076 2799 3170 2861 sit,
3206 2799 3455 2866 Domine,
3504 2804 3660 2873 ipsos

2075 2884 2252 2932 morte
2278 2876 2488 2935 aﬂicere
2514 2899 2526 2934 :
2565 2888 2641 2944 at,
2680 2898 2866 2952 quaeso
2887 2892 2959 2949 te,
2986 2886 3237 2945 homines
3258 2888 3388 2945 dum
3411 2892 3515 2947 hac
3543 2886 3659 2950 vita

2076 2969 2334 3026 fruuntur
2352 2972 2658 3044 disjungas,
2685 2973 3099 3048 improbamque
3126 2980 3272 3036 illam
3304 2987 3653 3041 concordiam

2073 3064 2333 3136 dissipes,
2382 3075 2443 3121 ut
2484 3082 2514 3122 a
2558 3076 2611 3124 te
2650 3071 2922 3139 repositas
2961 3074 3266 3130 sceleribus
3313 3080 3429 3133 suis
3464 3095 3660 3149 poenas

2073 3155 2248 3212 luant.
2273 3156 2352 3212 Ita
2382 3160 2525 3214 enim
2550 3159 2605 3213 in
2637 3175 2836 3230 magno
2868 3162 3071 3234 Moysis
3110 3167 3329 3222 cantico
3352 3167 3497 3224 Deus
3535 3171 3657 3242 ipse

379 3257 683 3328 συνῆκται
713 3260 849 3330 παρ’
881 3260 1030 3329 ἐμοὶ,
1060 3263 1157 3315 καὶ
1182 3261 1579 3332 ἐσφράγισται
1602 3265 1672 3318 ἐν
1713 3266 1839 3331 τοῖς
1869 3270 1969 3335 θη-

2074 3249 2318 3319 loquitur
2356 3268 2367 3305 :
2398 3250 2590 3305 Annon
2628 3267 2743 3305 ecce
2787 3251 2899 3307 Itwc
2947 3256 3127 3310 omnia
3165 3270 3483 3329 congregata
3529 3272 3654 3316 sunt

379 3350 629 3421 (ταυροῗς
647 3369 787 3422 μουο
818 3351 888 3406 ἐν
909 3352 1096 3423 ἡμέρᾳ
1122 3353 1486 3421 ἐκδικήσεως
1537 3356 1962 3423 ἀνταποδώσω,

379 3442 449 3497 ἐν
478 3445 660 3512 καιρῷ
698 3443 846 3498 ὅταν
872 3444 1083 3514 σφαλῇ
1110 3448 1145 3500 δ
1171 3445 1325 3513 ποῦς
1374 3447 1590 3501 αὐτῶν.
1639 3449 1749 3502 Καὶ
1809 3449 1965 3504 τοῦτο

379 3527 437 3590 δὲ
468 3538 497 3589 ὁ
530 3524 827 3609 Σύμμαχος
849 3536 1021 3600 οὕτως
1070 3536 1400 3609 ἡρμήνευσε·
1440 3538 1964 3606 Χορτασθήσονται

377 3627 516 3692 υἱοὶ,
547 3628 644 3682 καί
670 3625 981 3695 ἀφήσουσι
1007 3627 1081 3681 τὰ
1122 3628 1389 3696 λείψανα
1444 3625 1642 3681 αὐτῶν
1693 3628 1820 3694 τοῖς
1851 3646 1961 3697 νη-

378 3717 536 3784 πίοις
565 3718 785 3772 αὐτῶν.
822 3713 973 3781 Οἶδα,
1009 3717 1193 3789 φησὶν,
1219 3718 1300 3771 ὅτι
1344 3716 1441 3789 τὴν
1493 3714 1706 3772 δικαίαν
1736 3735 1830 3772 σου
1881 3736 1963 3772 τι-

379 3802 592 3880 μωρίαν
625 3809 687 3861 ού
726 3807 885 3878 μόνον
914 3806 1099 3869 αὐτοῖς
1131 3805 1374 3869 ἐπάξεις,
1398 3806 1534 3859 ἀλλὰ
1566 3808 1659 3859 καὶ
1686 3810 1800 3869 τοῖς
1822 3808 1960 3862 υἱέσι

374 3900 471 3956 καὶ
501 3903 613 3964 τοῖς
648 3898 893 3968 ἐγγόνοις
941 3897 1047 3951 τῶν
1096 3898 1375 3968 προγόνων
1435 3897 1692 3969 πονηρίαν
1721 3915 1963 3969 μιμησα-

379 3997 579 4067 μένοις.
613 3994 686 4046 Τὸ
708 3993 785 4056 δὲ,
816 3988 1355 4062 χορτασθήσονται,
1405 3991 1525 4044 ἀντὶ
1552 3989 1667 4055 τοῦ,
1697 3993 1776 4054 εἰς
1799 3990 1959 4063 κόρον

380 4079 661 4159 μεθέξουσι
688 4084 796 4138 τῶν
817 4081 1022 4137 κακῶν.

459 4178 606 4249 Ἐγὼ
661 4174 729 4230 δὲ
782 4176 853 4229 ἐν
883 4174 1236 4242 δικαιοσύνῃ
1292 4164 1628 4243 ὀφθήσομαι
1686 4173 1766 4240 τῷ
1814 4190 1960 4242 προ-

380 4268 561 4333 σώπῳ
593 4282 730 4322 σου’
778 4263 1271 4336 χορτασθήσομαι
1317 4263 1388 4317 ἐν
1442 4261 1522 4327 τῷ
1566 4261 1825 4332 ὀφθῆναι
1856 4281 1961 4334 μοι

374 4363 492 4433 τὴν
516 4356 704 4426 δόξαν
731 4372 867 4415 σου.
912 4359 1137 4412 Ἐκεῖνοι
1184 4357 1281 4426 μὲν
1314 4354 1567 4420 τοιαύτας
1604 4354 1835 4409 δώσουσι
1877 4356 1958 4410 δί-

526 4453 637 4525 ἐγὼ
657 4446 713 4509 δὲ
745 4456 858 4516 τοῖς
890 4451 1041 4524 παρὰ
1061 4450 1159 4521 τῆς
1194 4449 1412 4512 δικαίας
1444 4449 1701 4519 προνοίας
1735 4448 1959 4517 ἀγαθοῖς

378 4540 719 4619 ἐντρυφήσω,
751 4547 944 4617 πεῖραν
982 4541 1245 4614 μεγίστην
1270 4542 1370 4612 τῆς
1401 4541 1502 4612 σῆς
1535 4542 1854 4612 εὐεργεσίας
1871 4542 1958 4596 δε-

2070 3341 2209 3410 apud
2240 3358 2341 3407 me,
2371 3351 2421 3396 et
2452 3343 2665 3413 signata
2699 3344 2754 3396 in
2793 3343 3053 3400 thesauris
3085 3349 3214 3403 meis
3237 3365 3255 3401 :
3279 3351 3333 3403 in
3367 3350 3453 3405 die
3491 3352 3658 3406 ultio-

2067 3435 2150 3490 nis
2204 3427 2516 3500 retribuam,
2575 3454 2678 3507 quo
2704 3446 2931 3507 tempore
2984 3439 3194 3494 labetur
3238 3459 3326 3512 pes
3382 3460 3565 3498 eorum
3583 3445 3651 3500 ⁸³.

2067 3525 2197 3580 Haec
2229 3526 2303 3581 ita
2333 3525 2697 3598 Symmachus
2734 3530 3144 3601 interpretatur,
3188 3534 3572 3588 saturabuntur
3590 3537 3655 3606 β-

2068 3616 2175 3681 liis,
2200 3626 2251 3671 et
2285 3616 2549 3674 dimiitent
2586 3620 2839 3692 reliquias
2883 3637 3009 3676 suas
3054 3623 3288 3691 paruulis
3332 3626 3464 3680 suis.
3490 3624 3651 3693 N0vi,

2067 3708 2268 3779 inquit,
2306 3716 2360 3765 te
2389 3726 2499 3766 non
2529 3712 2691 3768 modo
2720 3712 2964 3769 debitum
2999 3714 3072 3769 iis
3111 3715 3436 3786 supplicium
3467 3713 3654 3773 illatu-

2066 3817 2214 3866 rum,
2249 3802 2347 3858 sed
2383 3804 2549 3859 etiam
2582 3804 2709 3859 filiis
2748 3820 2814 3861 ac
2845 3806 3141 3876 nepotibus
3184 3823 3398 3875 eorum,
3436 3811 3483 3867 si
3518 3813 3649 3883 qui-

2066 3893 2192 3948 dem
2226 3906 2455 3948 avorum
2490 3896 2792 3965 nequitiam
2822 3897 3127 3953 imitentur.
3150 3889 3288 3954 Illud
3322 3904 3529 3971 autem,
3553 3921 3650 3960 sav-

2068 3984 2414 4048 turabuntnr,
2447 3985 2503 4039 id
2522 3995 2627 4051 est,
2658 3986 2727 4040 ad
2751 3988 3061 4043 satietatem
3091 3996 3145 4045 et
3166 3989 3447 4047 fastidium
3476 4009 3647 4067 usque

2063 4077 2226 4130 malis
2256 4090 2380 4131 sese
2407 4076 2628 4131 dedent.

2135 4166 2305 4222 Vens.
2343 4167 2430 4222 15.
2470 4167 2581 4238 Ego
2612 4178 2791 4223 autem
2820 4171 2874 4225 in
2891 4171 3110 4239 justitia
3139 4174 3400 4242 apparebo
3431 4193 3647 4248 conspe-

2062 4262 2170 4314 ctui
2207 4270 2319 4325 tuo,
2360 4263 2601 4316 satiabor
2644 4279 2764 4317 cum
2811 4265 3118 4333 apparuerit
3159 4266 3289 4320 mihi
3316 4266 3491 4338 gloria
3525 4278 3640 4325 tua.

2060 4351 2143 4407 Illi
2173 4352 2393 4424 quidem
2422 4354 2738 4425 hujusmodi
2785 4372 2983 4426 ptenas
3021 4357 3252 4414 dabunt.
3298 4359 3412 4431 Ego
3459 4373 3643 4418 autem

2060 4447 2269 4516 paratis
2302 4462 2333 4500 a
2359 4447 2510 4517 justa
2541 4448 2881 4519 providentia
2932 4457 3024 4503 tua
3054 4448 3209 4505 fruar
3242 4452 3426 4518 bonis,
3464 4453 3643 4508 maxi-

2061 4552 2322 4608 mumque
2364 4539 2736 4596 beneﬁcentiae
2777 4548 2885 4596 tua:
2928 4558 3142 4598 sumam
3187 4544 3639 4614 experimentum.

376 4607 628 4711 ξάμενος..
685 4607 826 4706 Ἐγὼ
846 4607 908 4690 δὲ
939 4607 1005 4707 τῇ
1041 4607 1362 4706 πορισθείση
1409 4607 1498 4705 μοι
1552 4607 1869 4706 δικαιοσύνῃ
1894 4651 1955 4689 τε

2074 4627 2175 4699 Ego
2209 4607 2343 4685 sane
2367 4630 2596 4698 iustitia:
2632 4640 2796 4702 atque
2828 4633 3043 4698 virtuti,
3082 4607 3473 4704 cujus-auctor
3506 4636 3643 4691 mihi

374 4724 470 4780 καὶ
516 4727 683 4799 ἀρετῇ
725 4716 942 4797 θαρρῶν
1006 4719 1575 4794 πεπαρρησιασμένως
1617 4725 1955 4796 ὀφθήσομαι

2074 4720 2238 4783 fuisti.
2266 4725 2529 4787 confisus,
2562 4730 2681 4777 tuta
2702 4725 3038 4781 conscientia
3064 4725 3322 4796 apparebo
3345 4728 3643 4795 conspectui

372 4817 456 4885 τῷ
484 4817 780 4888 προσώπῳ
809 4831 945 4871 σου.
993 4816 1106 4868 Καὶ
1139 4814 1277 4886 αὕτη
1315 4814 1404 4886 μοί
1436 4818 1583 4869 ἐστιν
1637 4816 1811 4884 ἐλπὶς,
1857 4818 1953 4872 καὶ

2074 4824 2175 4867 tuo.
2207 4813 2319 4870 Hac
2350 4814 2406 4868 in
2449 4830 2548 4885 spe
2595 4831 2824 4871 versor:
2856 4817 2971 4873 haec
3014 4817 3149 4871 mihi
3187 4832 3385 4889 magna
3417 4817 3642 4874 haeredi-

374 4907 529 4978 οὗτος
566 4912 736 4983 μέγας
786 4911 1001 4983 κλῆρος·
1060 4902 1120 4963 οὗ
1177 4925 1306 4961 ποτε
1361 4908 1807 4981 πληρωθήσομαι,
1863 4912 1955 4967 καὶ

373 5000 808 5074 χορτασθήσομαι
854 5002 1035 5075 πάσης
1094 5003 1339 5078 τρυφῆς,
1373 5005 1433 5057 ὲν
1460 5001 1541 5074 τῷ
1583 5002 1814 5076 ὀφθῆναι
1855 5003 1954 5075 τὴν

371 5087 529 5161 δόξαν
553 5110 645 5146 σου
673 5095 732 5147 ἐν
759 5097 824 5166 τῇ
849 5095 955 5148 τῶν
979 5096 1221 5168 οὐρανῶν
1251 5097 1515 5168 βασιλείᾳ.

933 5204 1248 5296 ΔΨΑΛΜΟΣ
1293 5206 1389 5267 ῐΖ¹ἶ

440 5302 544 5368 El;-
575 5300 642 5355 τὸ
670 5300 844 5368 τέλος
876 5299 956 5367 τῷ
1002 5301 1166 5357 παιδί
1193 5303 1407 5372 Κυρίου
1431 5296 1513 5370 τῷ
1540 5300 1740 5365 Δαυῗδ,
1757 5299 1794 5354 ἁ
1812 5300 1951 5355 ἐλά-

374 5395 533 5462 λησε
560 5389 641 5463 τῷ
686 5394 881 5462 Κυρίῳ
930 5384 1072 5460 τοὺς
1107 5394 1330 5465 λόγους
1380 5390 1492 5460 τῆς
1516 5391 1675 5461 ᾠδῆς
1704 5393 1947 5458 ταύτης,

445 5551 492 5584 ⁸³
532 5551 689 5608 Deut.
734 5560 908 5615 xxx",
969 5550 1058 5605 δή.

2058 4913 2169 4965 tas.
2219 4921 2327 4976 qua
2382 4906 2654 4977 replebor,
2707 4914 2763 4962 et
2814 4905 2881 4961 ad
2929 4907 3233 4962 satietatem
3285 4921 3461 4977 usque
3490 4906 3640 4961 omni

2061 4999 2341 5069 voluptate
2379 4997 2553 5065 fruar,
2586 5014 2714 5055 cum
2755 4999 2812 5054 in
2839 5014 3006 5070 regno
3028 4999 3293 5056 caelorum
3323 4999 3639 5070 apparuerit

2064 5091 2240 5163 gloria
2269 5099 2382 5146 tua.
2446 5094 2451 5095 ⁷

2584 5202 2910 5259 PSALMUS
2947 5202 3111 5257 XVII.

2133 5293 2300 5349 Vens.
2338 5295 2388 5349 1.
2416 5293 2483 5349 In
2504 5295 2662 5365 ﬁnem
2679 5311 2840 5364 puero
2859 5294 3061 5348 domini
3081 5293 3270 5358 David,
3291 5308 3408 5363 quae
3430 5293 3638 5349 locutus

2059 5399 2137 5444 est
2190 5390 2418 5447 Domino
2457 5390 2614 5446 verba
2655 5390 2853 5445 cantici
2885 5387 3066 5458 hujus,
3099 5388 3157 5442 in
3194 5387 3280 5442 die
3306 5403 3411 5456 qua
3439 5386 3634 5455 eripuit

446 5698 521 5769 (l)
560 5695 687 5751 llaec
730 5701 861 5749 sunt
920 5688 1185 5745 Hebraica‘
1236 5685 1422 5749 verba,
1468 5687 1641 5743 nam
1672 5663 1830 5768 np‘n
1866 5655 2023 5742 simu
2060 5680 2293 5743 binm.
2322 5681 2532 5775 Aquilae
2571 5687 2952 5755 interpretatio
2990 5685 3119 5743 huic
3180 5700 3410 5757 prorsus
3439 5682 3635 5740 similis

376 5791 551 5862 fertur
580 5785 1014 5862 apud_Drusium
1044 5789 1103 5862 et
1122 5779 1260 5834 alios
1291 5795 1308 5862 ι
1335 5776 1429 5832 sed
1444 5774 1772 5860 Symmachi
1805 5775 1969 5862 versit

2084 5779 2215 5862 tiata
2250 5774 2950 5862 occurritibidemLKtipts
2989 5780 3096 5835 ἀπὸ
3139 5779 3246 5836 τῶν
3279 5776 3637 5833 ἐνδεδοκότων

372 5865 405 5933 ἡ
440 5860 596 5934 μερὶς
616 5849 689 5915 ’ὲν
722 5857 857 5929 ζωῇ.
891 5855 959 5910 At
982 5853 1145 5910 lectio
1183 5860 1369 5904 nostra
1413 5849 1702 5912 sincerior,
1727 5861 1850 5917 quae
1883 5849 1935 5901 in
1957 5850 2213 5904 omnibus
2240 5865 2372 5905 mss.
2404 5850 2655 5906 similiter
2684 5849 2929 5907 effertur.
