4100 6390
518 333 629 391 167

1227 329 1497 386 EUSEBII
1533 306 2016 388 cis’sa'nmnsns
2044 308 2198 388 oua
2221 316 2404 387 rans
2435 331 2525 389 ιιι.
2550 365 2617 374 -
2645 317 3060 388 EXEGETICA.

3664 328 3772 387 468

507 468 625 506 eum
645 449 901 503 Dominus
923 448 986 502 de
1004 465 1162 502 manu
1183 453 1416 503 omnium
1434 452 1769 503 inimicorum
1793 448 1928 517 ejus,
1947 458 1996 502 et
2023 447 2080 500 de

2186 447 2256 499 ἐν
2282 446 2470 515 ἡμέρᾴ
2526 441 2566 517 ᾖ
2619 448 2913 514 ἐρρύσατο
2959 445 3148 499 αὑτὸν
3194 445 3408 514 Κύριος
3471 445 3538 498 ἐκ
3578 447 3773 514 χειρὸς

507 561 669 598 manu
699 542 852 604 Saul,
895 552 944 595 et
984 543 1145 598 dixit.
1179 543 1544 614 Symmachus
1575 541 1895 597 :Canttcum
1922 547 2086 594 victo-

507 637 601 691 ria:
628 637 763 688 servi
805 634 1020 688 Domini
1044 633 1240 688 David.

577 807 688 865 Par
715 809 860 864 enim
899 808 1001 862 fuit
1033 823 1135 864 nos
1175 824 1243 863 ex
1282 810 1400 880 ipso
1443 809 1654 878 psalmo
1684 808 1950 872 ediscere,
1982 807 2089 862 Da-

506 900 710 964 videm,
755 900 1047 954 occasione
1085 899 1329 954 victoria:
1371 901 1440 954 de
1470 899 1710 954 inimicis
1755 910 1809 952 et
1836 900 2086 955 hostibus

506 1001 693 1062 partae,
742 991 922 1044 omnis
952 991 1192 1045 victoriae
1227 992 1460 1057 auctori,
1500 993 1595 1062 qui
1632 991 1756 1046 ideo
1788 993 2084 1055 νικοποιός,

506 1082 562 1138 id
594 1090 679 1138 est
713 1078 948 1132 viCtorim
970 1079 1206 1146 effector,
1233 1083 1459 1148 dicitur,
1507 1083 1654 1154 quod
1698 1085 1933 1139 victores
1976 1084 2087 1138 eili-

507 1173 639 1238 ciat,
667 1174 1053 1245 triumphalem
1081 1175 1230 1230 hunc
1257 1176 1518 1246 hymnum
1543 1190 1922 1232 consecrasse.
1945 1176 2087 1242 Quia

506 1266 634 1321 item
668 1267 756 1321 hic
787 1267 1022 1338 hymnus
1055 1267 1169 1322 sive
1211 1269 1489 1322 canticum
1527 1269 1878 1339 triumphale,
1925 1266 2088 1322 Davi-

505 1357 594 1414 dis
616 1359 821 1413 dicitur
853 1373 1000 1414 esse.
1051 1360 1229 1430 Atque
1269 1359 1325 1412 in
1359 1361 1517 1428 ﬁnem
1551 1360 1874 1415 inscribitur
1902 1378 1916 1413 :
1949 1376 2090 1429 quo-

506 1452 652 1506 niam
695 1453 905 1506 scilicet
938 1453 1228 1521 postremis
1299 1453 1419 1506 vita:
1458 1453 1581 1521 ejus
1621 1454 1802 1517 annis,
1851 1467 1915 1506 ac
1963 1460 2087 1522 post

505 1544 690 1599 omnia
713 1560 835 1614 quae
862 1545 918 1598 in
941 1544 1169 1598 historia
1203 1543 1454 1599 feruntur
1478 1544 1600 1612 ejus
1629 1560 1816 1615 opera,
1843 1559 2088 1614 pronun-

506 1637 679 1690 tiatus
708 1643 828 1702 est;
863 1645 958 1691 aut
991 1638 1118 1707 quia
1149 1637 1492 1706 prophetiam
1521 1653 1711 1691 eorum
1745 1652 1868 1706 qua:
1893 1637 1947 1690 in
1982 1636 2088 1691 ﬁne

506 1730 691 1784 saeculi
721 1730 1024 1784 obventura
1047 1737 1175 1784 sunt
1203 1731 1491 1796 enuntiat;
1524 1730 1638 1784 sive
1668 1731 1830 1785 tertio
1859 1731 1986 1799 quia
2017 1730 2086 1784 ad

503 1835 568 1875 ea
602 1836 722 1891 quae
766 1821 820 1874 in
871 1828 1146 1891 postrema
1188 1821 1355 1889 hujus
1386 1821 1575 1892 hymni
1622 1829 1780 1892 parte
1811 1822 2086 1886 feruntur,

502 1913 674 1968 lector
701 1915 1018 1969 remittitur.
1046 1913 1104 1967 ln
1123 1929 1235 1984 quo
1259 1913 1508 1986 [triplici]
1542 1916 1670 1977 tlne,
1702 1915 1920 1969 vocatio
1950 1930 2082 1985 gen-

501 2004 635 2060 tium
667 2014 720 2061 et
745 2006 1030 2076 prOphetia
1058 2006 1125 2060 de
1155 2005 1404 2060 Christo.
1434 2004 1548 2060 Hoc
1580 2014 1763 2060 autem
1800 2005 1961 2060 modo
1994 2020 2085 2058 va-

498 2099 785 2164 ticinatur,
810 2108 871 2152 ut
910 2096 1133 2154 Saulem
1169 2115 1294 2154 cum
1333 2097 1457 2152 aliis
1501 2098 1759 2152 omnibus
1798 2113 1904 2151 una
1934 2113 2083 2152 com-

499 2187 791 2257 plectatur.
853 2188 974 2241 Alia
1037 2203 1258 2258 quoque
1305 2190 1516 2243 ratione
1563 2189 1740 2258 ipsum
1799 2187 1867 2242 de
1915 2204 2081 2242 manu

503 2275 636 2331 Saul
669 2279 923 2332 liberavit
950 2297 964 2334 :
999 2277 1315 2350 frequenter
1344 2282 1488 2334 enim
1512 2293 1608 2348 per
1637 2295 1851 2331 manum
1889 2279 2084 2333 intelli-

500 2369 648 2441 gitur
687 2385 848 2439 opus.
877 2369 1048 2441 Igitur
1079 2372 1174 2442 qui
1217 2371 1470 2426 liberavit
1502 2369 1756 2424 Davidem
1788 2386 1854 2424 ex
1903 2358 2107 2424 0mni-'

502 2461 608 2517 bus
641 2461 878 2515 inimicis
907 2463 1045 2527 suis,
1073 2464 1198 2532 jure.
1221 2477 1285 2516 ac
1313 2471 1715 2531 consequenter
1745 2461 1924 2530 ipsum
1964 2475 2083 2514 ma—

495 2554 715 2626 joribus
759 2554 1037 2610 beneﬁciis
1065 2555 1403 2618 devinciens,
1438 2571 1506 2608 ex
1541 2554 1642 2607 hac
1677 2551 1858 2608 Saulis
1893 2570 2079 2616 manu,

501 2649 618 2704 sive
641 2660 828 2720 opere,
876 2650 1080 2720 pariter
1112 2649 1353 2719 eripuit,
1400 2654 1459 2702 ut
1495 2664 1602 2701 non
1638 2649 1792 2718 paria
1827 2663 1950 2702 cum
1987 2648 2082 2702 illo

499 2724 802 2810 pateretur.

570 2832 737 2890 Vens.
773 2833 830 2898 2,
864 2835 898 2888 5
960 2833 1194 2904 Diligam
1235 2842 1302 2894 te,
1346 2831 1588 2897 Domine,
1622 2832 1881 2901 fortitudo
1924 2849 2080 2888 mea:

497 2926 757 2982 Dominus
788 2929 1181 2998 ﬁrmamentum
1222 2943 1392 2980 meum
1423 2935 1473 2979 et
1498 2926 1763 2996 refugium
1803 2942 1999 2990 meum,
2027 2938 2079 2980 et

501 3021 754 3076 liberator
783 3037 946 3074 meus.
981 3019 1125 3074 Deus
1163 3035 1309 3073 meus
1341 3018 1556 3087 adjutor
1585 3035 1751 3084 meus,
1781 3027 1829 3070 et
1859 3017 2079 3086 sperabo

500 3113 559 3167 in
585 3128 703 3167 eum
730 3119 1034 3181 :protector
1059 3127 1202 3164 meus
1232 3118 1281 3163 et
1316 3125 1480 3162 cornu
1515 3110 1706 3163 salutis
1726 3125 1852 3162 mea:
1879 3119 1926 3162 et
1954 3126 2078 3163 sus-

2191 539 2431 592 πάντων
2456 535 2574 590 τῶν
2601 536 2832 606 ἐχθρῶν
2854 536 3062 601 αὑτοῦ,
3098 536 3197 589 καὶ
3231 535 3299 588 ἐκ
3323 535 3520 604 χειρὸς
3547 534 3769 602 Σαοὺλ,

2190 630 2289 681 καί
2317 627 2466 681 εἷπε.
2519 626 2832 697 Σύμμαχος⁸
2879 625 3198 679 Ἐπινίκιον
3242 625 3350 678 τοῦ
3399 623 3624 678 δούλου
3653 627 3771 678 Κυ-

2181 723 2320 789 ρίου
2353 720 2460 774 τοῦ
2494 719 2692 774 Δαυτδ.

2256 809 2398 862 Ἔδει
2423 809 2531 880 γὰρ
2557 812 2703 880 ἡμᾶς
2761 809 3075 878 ἀναγκαίως
3105 808 3213 861 ἀπὸ
3253 806 3347 861 τοῦ
3375 806 3588 878 ψαλμοῦ
3629 807 3772 876 γνῶ-

2188 915 2296 965 ναι,
2341 903 2423 953 ὃτι
2479 901 2572 952 ἐ.πὶ
2614 903 2734 964 ταῖς
2791 901 2965 964 νίκαις
3028 903 3147 962 ταῖς
3191 899 3334 953 κατά
3384 898 3493 952 τῶν
3561 898 3772 971 ἐχθρῶν

2189 995 2282 1046 καὶ
2323 992 2597 1063 πολεμίων
2635 993 2727 1044 τὸν
2780 992 3138 1062 προκείμενον
3189 991 3356 1062 ὕμνον
3396 991 3661 1045 ἐπινίκιον
3693 992 3773 1063 τῷ

2190 1087 2371 1158 πάσης
2433 1087 2590 1156 νίκης
2654 1086 2811 1155 αἰτίῳ
2840 1125 2855 1149 ,
2907 1085 2987 1155 τῶ
3045 1086 3138 1138 καὶ
3177 1085 3403 1155 νικητάς
3458 1085 3774 1156 ἀπεργαζο-

2191 1179 2357 1249 μένῳ,
2391 1180 2486 1233 καὶ
2526 1179 2614 1232 6ιά
2637 1177 2795 1230 τοῦτο
2816 1176 3074 1246 νικοποιῷ
3108 1176 3450 1248 κεκλημένῳ,
3507 1177 3772 1249 ἀνέθηκεν

2187 1273 2216 1324 ὁ
2244 1270 2426 1324 Δαυῖδ’
2463 1273 2556 1324 καὶ
2595 1271 2678 1323 ὅτι
2723 1270 2986 1332 ὲπινίκιος
3014 1262 3168 1333 οὗτος
3213 1271 3242 1321 ὁ
3291 1269 3460 1340 ὓμνος
3493 1270 3527 1341 ῆ
3580 1271 3614 1340 ἡ
3662 1269 3773 1341 ᾠδὴ

2188 1363 2403 1433 εἴρηται
2434 1362 2526 1416 τοῦ
2556 1363 2737 1416 Δαυῖδ.
2759 1364 2864 1426 Εἰς
2891 1361 2956 1413 τὸ
2988 1361 3162 1428 τέλος
3184 1361 3261 1425 δὲ,
3288 1362 3406 1432 ἦτοι
3438 1361 3527 1415 διὰ
3553 1361 3614 1414 τὸ
3630 1361 3774 1432 ἀμφὶ

2188 1458 2311 1518 τοὺς
2351 1455 2693 1518 τελευταίους
2715 1456 2816 1526 τῆς
2845 1456 2990 1526 ζωῆς
3024 1454 3190 1507 αὑτοῦ
3230 1455 3474 1525 χρόνους,
3510 1455 3604 1508 καὶ
3636 1453 3774 1524 μετά

2189 1547 2369 1610 πάσας
2397 1547 2561 1600 αὑτοῦ
2590 1547 2688 1611 τάς
2714 1548 2939 1619 πράξεις
2970 1546 3067 1609 τάς
3124 1547 3429 1616 φερομένας
3450 1548 3508 1599 ὲν
3531 1550 3598 1617 τῇ
3631 1548 3774 1600 ἱστο-

2189 1642 2284 1712 ρίᾳ
2333 1640 2598 1710 λελέχθαι·
2644 1641 2678 1710 ἢ
2733 1641 2822 1694 διὰ
2866 1640 2926 1693 τὸ
2978 1639 3313 1712 προφητείας
3360 1640 3635 1710 περιέχειν
3666 1639 3774 1692 τῶν

2191 1732 2491 1802 μελλόντων
2551 1733 2770 1786 ἔσεσθαι
2816 1734 2909 1786 ἐπὶ
2976 1732 3256 1803 συντελείᾳ.
3319 1731 3414 1784 τοῦ
3470 1732 3686 1795 αἰῶνοςο
3737 1731 3773 1803 ἦ

2189 1824 2390 1895 τρίτον,
2414 1824 2502 1876 διὰ
2537 1824 2599 1876 τὸ
2636 1825 2727 1877 ἐπὶ
2764 1824 2834 1876 τά
2858 1824 2984 1895 τέλη
3039 1824 3148 1877 τῶν
3178 1823 3571 1896 ἐμφερομένων
3599 1822 3775 1892 λόγων

2189 1915 2282 1966 τοῦ
2309 1915 2665 1984 προκειμένου
2719 1913 2891 1984 ὕμνου
2915 1914 3006 1967 τὸν
3047 1915 3447 1983 ἐντυγχάνοντα
3481 1911 3774 1983 παραπέμ-

2189 2023 2328 2058 πειν·
2367 2008 2424 2058 ὲν
2451 2001 2533 2068 οἷς
2585 2006 2792 2058 τέλεσιν
2814 2008 2847 2076 ἡ
2877 2006 3071 2075 κλῆσις
3110 2005 3218 2058 τῶν
3264 2004 3432 2058 ὲθνῶν
3457 2004 3551 2057 καὶ
3583 2006 3616 2073 ἡ
3651 2002 3774 2074 περὶ

2187 2098 2281 2150 τοῦ
2317 2098 2552 2167 Χριστοῦ
2591 2099 2918 2169 προφητεία.
2985 2097 3188 2151 Τοῦτον
3233 2096 3480 2161 θεσπίζει
3523 2095 3614 2147 τὸν
3651 2095 3764 2164 τρόι

2189 2205 2308 2252 πον,
2340 2189 3014 2260 συμπαραλαμῦανομένου
3043 2193 3157 2252 τοῖς
3185 2190 3320 2241 πᾶσι
3351 2188 3441 2240 καὶ
3471 2186 3563 2240 τοῦ
3582 2185 3771 2240 Σαούλ.

2195 2281 2305 2336 Καὶ
2329 2280 2500 2344 ἄλλως
2531 2279 2586 2332 δὲ
2616 2278 2776 2332 αὑτὸν
2810 2279 2872 2330 ὲκ
2917 2277 3100 2348 χειρὸς
3136 2278 3307 2330 Σαοὺλ
3350 2279 3640 2349 ὲρῤύσατο,
3673 2281 3772 2351 τῆς

2193 2369 2376 2442 χειρὸς
2418 2369 2677 2432 πολλάκις
2729 2369 2847 2422 ἀντὶ
2883 2368 3132 2437 πράξεως
3179 2368 3766 2441 παραλαμϐανομένης.

2193 2462 2433 2524 Εἰκότως
2483 2455 2574 2512 οὖν
2623 2461 2650 2512 ὁ
2696 2458 2996 2530 ῥυσάμενος
3047 2457 3208 2511 Δαυῒδ
3268 2459 3331 2511 ὲκ
3395 2461 3611 2513 πάντων
3660 2462 3771 2514 τῶν

2195 2552 2404 2624 ἐχθρῶν
2431 2551 2618 2611 αὑτοῦ,
2657 2551 2915 2621 μειζόνως
2948 2550 3108 2602 αὑτὸν
3151 2551 3485 2622 εὐεργετῶν,
3521 2553 3612 2605 καὶ
3639 2552 3759 2606 ταύ-

2195 2663 2293 2716 της
2343 2645 2441 2713 τῆς
2478 2643 2656 2713 χειρὸς
2698 2642 2791 2695 τοῦ
2841 2641 3030 2706 Σαοὺλ,
3082 2644 3325 2696 τουτέστι
3372 2644 3471 2713 τῆς
3518 2646 3768 2716 πράξεως

2195 2735 2384 2814 αὑτοῦ,
2420 2737 2708 2806 ἐρρύσατο,
2735 2734 2810 2797 ὼς
2848 2735 2924 2807 μὴ
2954 2735 3020 2788 τά
3044 2737 3204 2805 ὃμοια
3234 2735 3424 2790 παθεῖν
3454 2738 3669 2808 ἐκείνῳ.

2269 2825 2588 2895 ’Δγαπήσω
2615 2842 2709 2888 σε,
2759 2825 2957 2891 Κύριε,
2992 2824 3171 2892 ἰσχύς
3204 2839 3342 2892 μου·
3380 2823 3596 2889 Κύριος
3635 2835 3772 2872 στε-

2177 2915 2379 2985 ρέωμά
2398 2933 2518 2986 μου
2546 2915 2645 2969 καὶ
2674 2913 2986 2985 καταφυγή
3027 2932 3168 2984 μου,
3219 2914 3317 2967 καὶ
3343 2914 3580 2981 ῥύστης
3630 2930 3770 2982 μου.

2199 3009 2260 3062 '0
2297 3009 2439 3074 Θεός
2465 3027 2605 3077 μου,
2631 3009 2858 3075 ,βοηθός
2883 3025 3027 3076 μου,
3051 3006 3151 3058 καὶ
3193 3005 3379 3058 ἐλπιῶ
3421 3005 3515 3056 ἐπ’
3565 3004 3773 3058 αὐτόν·

2187 3099 2642 3167 ὑπερασπιστὴς
2707 3117 2848 3168 μου,
2917 3099 3016 3152 καὶ
3063 3096 3238 3164 κέρας
3286 3095 3397 3162 τῆς
3475 3095 3775 3163 σωτηρίας

499 3212 676 3273 ceptor
724 3177 869 3256 meus
913 3243 926 3257 .
972 3241 986 3255 .
1033 3243 1047 3258 .
1094 3243 1107 3257 .
1153 3241 1169 3257 .
1229 3243 1242 3256 .
1289 3239 1304 3255 .
1376 3200 1496 3253 Alia
1543 3215 1762 3270 quoque
1813 3200 2080 3254 sententia

2184 3211 2338 3262 μου,
2393 3191 2492 3246 καὶ
2551 3191 2930 3258 ἀντιλήπτωρ
2984 3206 3102 3258 μου
3147 3227 3160 3242 .
3207 3225 3221 3241 .
3266 3225 3282 3242 .
3326 3227 3341 3242 .
3389 3223 3402 3239 .
3445 3185 3556 3239 Καὶ
3600 3187 3777 3250 ἄλλως

500 3293 671 3349 Deum
702 3301 864 3348 vocat
890 3291 1286 3355 fortitudinem,
1317 3291 1610 3345 humanam
1635 3290 1904 3346 confitens
1932 3292 2085 3345 inlir-

500 3385 772 3448 mitatem,
821 3398 945 3453 quae
987 3383 1107 3438 sine
1140 3381 1252 3437 Deo
1282 3383 1418 3436 nihil
1467 3397 1631 3452 agere
1667 3382 1876 3449 valeat;
1913 3397 2085 3451 quare

499 3476 583 3532 sic
629 3477 707 3530 ait
744 3476 988 3531 Paulus:
1018 3473 1213 3529 Omnia
1252 3489 1464 3541 possum
1516 3474 1569 3526 in
1608 3470 1821 3528 Christo
1870 3473 1962 3542 qui
2002 3487 2084 3524 me

498 3568 856 3639 confortat”.
896 3567 1094 3638 Aquila
1128 3581 1293 3636 porro
1336 3576 1389 3620 et
1432 3563 1819 3636 Symmachus,
1865 3565 1985 3618 vice
2015 3562 2082 3616 il-

499 3661 631 3725 lius,
694 3660 986 3731 fortitudo,
1033 3670 1241 3729 petram
1291 3658 1631 3727 interpretati
1690 3666 1863 3712 sunt:
1898 3657 2082 3725 aitque

499 3769 734 3824 magnus
782 3753 1079 3824 Apostolus
1109 3770 1123 3806 :
1151 3749 1315 3804 Petra
1355 3759 1533 3802 autem
1578 3760 1696 3802 erat
1739 3747 1983 3802 Christus
2009 3745 2076 3800 ⁵⁸.

499 3843 636 3898 Cum
669 3857 833 3912 supra
877 3849 1086 3912 petram
1121 3840 1282 3904 hanc,
1313 3840 1534 3894 domum
1567 3854 1722 3894 suam
1762 3837 1930 3891 David
1956 3837 2080 3890 fun-

497 3933 708 4000 dasset,
735 3935 934 3990 similis
973 3941 1089 3987 erat
1128 3933 1236 3986 viro
1258 3933 1504 4000 sapienti,
1536 3932 1626 4000 qui
1655 3929 1938 3998 wdiﬁcavit
1978 3927 2078 3981 do-

499 4043 643 4082 mum
684 4041 837 4080 suam
878 4039 1041 4096 supra
1085 4032 1289 4093 petram
1308 4024 1376 4078 ³⁸.
1428 4021 1776 4091 Quapropter
1821 4017 2076 4071 omnibus

495 4119 738 4174 inimicis
775 4118 917 4182 suis,
972 4117 1066 4187 qui
1101 4116 1318 4186 pluviae,
1359 4121 1650 4168 ventorum
1704 4118 1760 4165 et
1788 4108 2075 4162 ﬂuminum

495 4211 670 4266 instar
701 4208 1100 4280 impingebant,
1154 4205 1408 4276 superior
1457 4204 1687 4259 eliectus
1726 4209 1832 4255 est.
1870 4195 2073 4251 Verum

494 4316 673 4371 neque
713 4301 1042 4355 satellitibus
1093 4312 1158 4352 ac
1205 4293 1473 4352 exercitui
1529 4292 1778 4348 conlisus
1827 4296 1933 4354 est,
1976 4286 2073 4343 sed

494 4394 608 4450 Deo
629 4409 790 4463 quem
822 4393 1013 4446 habuit
1040 4391 1448 4461 opitulatorem,
1475 4386 1624 4442 omni
1655 4398 1854 4454 genere
1888 4397 2071 4435 armo-

493 4501 614 4541 rum
665 4487 995 4540 instructum
1037 4494 1090 4538 et
1136 4498 1308 4537 cornu
1358 4482 1577 4542 salutis.
1616 4478 1687 4531 ita
1732 4482 1792 4529 ut
1819 4474 2068 4530 diceret:

493 4576 561 4635 In
591 4587 638 4633 te
662 4579 902 4632 inimicos
938 4586 1144 4632 nostros
1174 4574 1544 4631 ventilabimus
1568 4587 1732 4626 cornu
1752 4571 1819 4624 ⁸⁷.

562 4671 731 4727 Vens.
797 4672 917 4727 5-7.
965 4671 1434 4726 Circumdederunt
1516 4681 1597 4718 me
1659 4663 1866 4716 datores
1928 4676 2072 4713 mor-

495 4765 584 4828 tis,
609 4775 656 4820 et
689 4774 941 4820 torrentes
970 4765 1268 4836 iniquitatis
1297 4759 1743 4815 conturbarerunt
1768 4771 1870 4808 me.
1908 4751 2074 4806 Dolo-

492 4875 576 4912 res
608 4857 799 4926 inferni
836 4857 1300 4912 circumdederunt
1333 4869 1434 4915 me,
1467 4853 1961 4919 praeoccupaverunt
1994 4859 2074 4898 me

493 4947 667 5018 laquei
702 4951 906 5001 mortis.
945 4945 1008 5000 In
1061 4944 1404 5000 tribulatione
1438 4957 1552 4994 mea
1606 4937 1839 4992 invocavi
1895 4933 2074 4987 Domi-

489 5055 638 5104 num,
673 5049 724 5092 et
773 5038 840 5092 ad
879 5039 1048 5092 Deum
1107 5053 1278 5092 meum
1313 5033 1560 5087 clamavi.
1597 5029 1664 5084 Et
1701 5026 1968 5082 exaudivit
2012 5025 2075 5080 de

491 5132 680 5197 templo
719 5142 902 5186 sancto
941 5147 1034 5184 sua
1069 5146 1243 5184 vocem
1290 5143 1482 5193 meam,
1515 5134 1564 5180 et
1605 5123 1807 5176 clamor
1840 5135 1986 5173 meus
2020 5119 2074 5170 in

489 5233 764 5291 compecto
783 5223 898 5292 ejus
935 5221 1172 5276 introibit
1200 5222 1252 5273 in
1282 5233 1436 5272 aures
1464 5217 1599 5286 ejus.
1637 5211 1735 5266 His
1767 5211 1927 5266 docet
1963 5222 2072 5278 quo

491 5323 652 5383 pacto
684 5329 715 5368 a
739 5315 1082 5370 torrentibus
1123 5309 1437 5380 iniquitatis
1463 5308 1738 5368 turbatus,
1762 5311 1816 5359 et
1847 5301 2072 5371 reliquis

490 5423 612 5477 quae
639 5424 804 5478 supra
853 5413 1233 5462 memorantur
1274 5402 1434 5457 malis
1479 5401 1910 5460 circumventus,
1947 5410 2070 5449 cum

492 5515 553 5554 se
581 5501 636 5556 in
667 5502 913 5572 periculo
942 5501 1306 5555 constitutum
1339 5512 1461 5550 esse
1491 5493 1739 5552 sentiret,
1771 5487 1840 5542 ad
1873 5487 2070 5542 salutis

491 5607 605 5651 suae
637 5603 850 5663 portum
893 5591 1164 5661 confugit.
1204 5587 1573 5655 Quamobrem
1611 5583 1722 5639 ait:
1759 5577 2071 5634 Intribula-

563 5774 608 5806 "
645 5771 874 5846 Philipp.
932 5792 1004 5839 ιν,
1050 5773 1134 5826 13.
1213 5770 1301 5824 "l
1336 5767 1459 5823 Cor.
1511 5783 1563 5829 ι,
1607 5766 1652 5820 ι.

2186 3284 2242 3336 δὲ
2273 3285 2424 3353 ἰσχὺν
2455 3282 2610 3335 καλεί
2634 3282 2724 3334 τὸν
2751 3280 2904 3344 Θεὸν,
2955 3277 3231 3349 ὁμολογῶν
3275 3278 3371 3348 τὴν
3426 3277 3775 3348 ἀνθρωπίνην

2186 3375 2492 3438 ἀσθένειαν,
2527 3374 2619 3427 καὶ
2641 3373 2716 3437 ὼς
2749 3372 2902 3425 οὐδὲν
2954 3370 3018 3424 ἂν
3053 3370 3276 3439 ἴσχυσεν
3313 3371 3442 3424 ἀνευ
3490 3368 3647 3422 Θεοῦ·
3676 3369 3774 3422 καὶ

2185 3465 2400 3530 Παῦλος
2451 3466 2564 3537 γὰρ
2597 3465 2722 3535 ἔφη’
2759 3463 2962 3518 Πάντα
3030 3465 3220 3532 ισχύω
3267 3463 3337 3516 ἐν
3389 3460 3470 3528 τῷ
3515 3460 3773 3514 ἐνδυνα-

2179 3559 2397 3629 μοῦντί
2420 3576 2494 3628 με
2519 3556 2773 3626 Χριστῷ.
2814 3556 3043 3620 Ἀκύλας
3095 3557 3150 3609 δὲ
3187 3556 3280 3608 καὶ
3325 3554 3618 3625 Σύμμαχος
3650 3549 3775 3606 ἀντὶ

2183 3651 2300 3715 τοῦ,
2332 3651 2655 3719 στερέωμα,
2692 3649 2897 3716 πέτραν
2927 3649 3298 3720 ἡρμήνευσαν·
3325 3647 3430 3718 ἔφη
3479 3647 3538 3700 δὲ
3594 3648 3688 3700 καὶ
3743 3649 3774 3700 ὁ

2186 3745 2362 3816 μέγας
2379 3743 2714 3807 Ἀπόστολοςέ
2734 3743 2793 3795 Ἡ
2807 3743 2989 3809 πέτρα
3006 3741 3072 3794 δὲ
3086 3737 3162 3809 ἦν
3177 3745 3209 3794 ό
3221 3741 3491 3809 Χριστός.
3510 3739 3633 3792 Ἐπὶ
3648 3740 3772 3816 ταύο

2181 3856 2280 3909 την
2309 3837 2405 3908 τὴν
2437 3837 2641 3908 πέτραν
2660 3838 2759 3908 τὴν
2781 3837 2972 3890 ἑαυτοῦ
3003 3835 3179 3887 οἰκίαν
3213 3833 3511 3903 οἰκοδομῶν
3536 3834 3564 3885 ὁ
3583 3831 3767 3893 Δαυῖδ,

2181 3929 2504 4000 ἀφωμοίωτο
2544 3927 2624 3993 τῷ
2675 3929 2937 3996 φρονίμῳ
2988 3927 3068 3992 τῷ
3141 3924 3602 3992 οἰκοδομήσαντι
3653 3923 3770 3990 τὴν

2179 4020 2395 4075 ἑαυτοῦ
2443 4022 2640 4074 οἰκίαν
2685 4021 2785 4073 ἐπὶ
2820 4019 2935 4087 τὴν
2989 4021 3232 4086 πέτραν.
3285 4017 3377 4070 Διὸ
3427 4017 3520 4070 καὶ
3550 4017 3768 4070 πάντων

2178 4115 2439 4183 κρείττων
2461 4114 2699 4181 ἐγένετο,
2745 4111 2854 4164 τῶν
2891 4110 3049 4164 ὑετοῦ
3109 4110 3288 4179 δίκην,
3339 4109 3662 4180 πνευμάτων
3706 4124 3766 4160 τε

2178 4206 2272 4260 καὶ
2301 4203 2559 4275 ποταμῶν
2599 4201 3046 4274 προσϐαλλόντων
3093 4200 3241 4270 αὐτῷ
3288 4200 3416 4253 πολε
3426 4201 3585 4270 μίων.
3622 4198 3764 4251 Ἀλλ’

2175 4297 2294 4350 οὐδὲ
2323 4297 2415 4349 ἐπὶ
2444 4295 2781 4366 δορυφόρους
2835 4292 3060 4363 ἡλπιζεν
3108 4293 3140 4363 ἢ
3202 4292 3450 4364 στρατὸν,
3513 4290 3628 4345 ἀλλ’
3670 4291 3764 4343 ἐπὶ

2174 4379 2325 4450 Θεδν,
2373 4384 2562 4456 βοηθὸν
2597 4383 2758 4436 αὐτὸν
2785 4383 2946 4453 ἔχων,
2973 4383 3272 4436 πανοπλίαν
3297 4383 3390 4436 καὶ
3421 4382 3606 4453 κέρας·
3631 4376 3761 4434 ὥστ’

2176 4476 2244 4531 ἂν
2271 4477 2445 4528 εἰπεῖν
2475 4475 2571 4528 καὶ
2597 4473 2779 4526 αὐτόν’
2825 4473 2921 4527 Ἐν
2957 4473 3055 4526 σοί
3112 4474 3254 4540 τοὺς
3296 4473 3551 4542 ἐχθροὺς
3594 4470 3764 4542 ἡμῶν

2175 4565 2580 4635 κερατιοῦμεν.

2245 4656 2578 4726 Περιέσχον
2625 4673 2704 4726 με
2750 4655 2958 4722 ὠδῖνες
2994 4655 3255 4710 θανάτου
3306 4656 3404 4709 καί
3456 4655 3762 4726 χείμαρροι

2177 4750 2426 4818 ἀνομίας
2447 4746 2814 4817 ἐξετάραξάν
2827 4765 2924 4817 με.
2957 4747 3177 4813 Ὠδῖνες
3199 4747 3346 4815 ᾅδου
3371 4749 3764 4816 περιεκύκλω-

2178 4839 2299 4895 σάν
2321 4857 2416 4910 με,
2461 4839 2850 4908 προέρθασάν
2872 4855 2950 4908 με
2972 4839 3220 4908 παγίδες
3252 4837 3530 4892 θανάτου.
3561 4837 3668 4892 Καὶ
3691 4837 3763 4890 ἐν

2180 4933 2261 5000 τῷ
2290 4934 2598 4988 θλίϐεσθαι
2617 4949 2692 5003 με
2715 4931 3180 5000 ἑπεκαλεσὰμην
3212 4931 3319 4984 τὸν
3371 4932 3610 4999 Κύριον,
3664 4927 3764 4985 καὶ

2181 5027 2330 5095 πρὸς
2356 5026 2462 5080 τὸν
2509 5025 2654 5079 Θεόν
2695 5043 2815 5096 μου
2842 5022 3156 5092 ἐκέκραξα.
3195 5026 3499 5079 Ἤκουσεν
3518 5024 3585 5076 ἐκ
3611 5021 3761 5076 ναοῦ

2181 5119 2352 5188 ἁγίου
2385 5119 2569 5172 αὑτοῦ
2600 5119 2731 5187 τὴν,
2751 5117 2961 5188 φωνήν
2981 5135 3122 5186 μου,
3162 5117 3257 5169 καὶ
3302 5119 3338 5184 ἡ
3367 5113 3596 5183 κραυγή
3641 5130 3762 5184 μου

2180 5209 2436 5264 ἐνώπιον
2465 5209 2650 5263 αὑτοῦ
2683 5210 3095 5263 εἰσελεύσεται
3145 5211 3235 5274 εἰς
3265 5207 3337 5260 τὰ
3383 5203 3502 5260 ὦτα
3547 5202 3752 5259 αὐτοῦ.

2178 5304 2425 5356 Διδάσκει
2450 5302 2538 5355 διὰ
2568 5303 2772 5355 τούτων
2798 5302 2918 5356 τίνα
2951 5301 3168 5372 τρόπον,
3220 5300 3310 5352 καὶ
3343 5298 3448 5350 ὑπὸ
3488 5297 3597 5350 τῶν
3649 5313 3762 5369 χει-

2180 5397 2404 5467 μάρῤων
2436 5395 2534 5464 τῆς
2557 5395 2786 5464 ἀνομίας
2808 5394 3232 5464 ταρασσόμενος,
3263 5391 3358 5443 καὶ
3405 5389 3476 5442 τά
3499 5388 3659 5441 λοιπά
3690 5390 3760 5440 τὰ

2176 5486 2546 5559 προειρημένα
2590 5486 2846 5554 πάσχων,
2875 5485 3069 5556 ᾔσθετο
3115 5482 3280 5537 αὐτοῦ
3336 5479 3754 5540 κινδυνεύοντος.

2175 5580 2267 5632 ἐπὶ
2288 5579 2376 5631 τὸν
2404 5577 2602 5647 λιμένα
2629 5577 2729 5647 τῆς
2750 5578 2942 5632 ἑαυτοῦ
2987 5578 3259 5648 σωτηρίας
3291 5573 3613 5646 κατέφευγε.
3661 5571 3759 5629 Διό

1735 5764 1778 5795 ³⁸
1807 5759 1992 5816 Matth.
2020 5765 2129 5829 Evn,
2158 5754 2248 5810 ‘ii.
2329 5758 2371 5791 ⁸⁷
2397 5754 2539 5811 Psal.
2576 5770 2733 5821 mu,
2770 5757 2822 5808 6.
