  <div class='ocr_page' id='page_1' title='image "/cluster/home/n/w/nwhite01/storage/ocr_20150623/23:no.5/coo.31924054873033/100.png"; bbox 0 0 4100 6394; ppageno 0'>
   <div class='ocr_carea' id='block_1_1' title="bbox 375 352 479 407">
    <p class='ocr_par' dir='ltr' id='par_1_1' title="bbox 375 352 479 407">
     <span class='ocr_line' id='line_1_1' title="bbox 375 352 479 407; baseline 0.029 -3"><span class='ocrx_word' id='word_1_1' title='bbox 375 352 479 407; x_wconf 64' lang='grc'><strong>969</strong></span> 
     </span>
    </p>
   </div>
   <div class='ocr_carea' id='block_1_2' title="bbox 1515 352 2513 445">
    <p class='ocr_par' dir='ltr' id='par_1_2' title="bbox 1515 352 2513 445">
     <span class='ocr_line' id='line_1_2' title="bbox 1515 352 2513 445; baseline -0.006 -31"><span class='ocrx_word' id='word_1_2' title='bbox 1515 353 2024 445; x_wconf 61' lang='lat' dir='ltr'><strong>COMMENTARIA</strong></span> <span class='ocrx_word' id='word_1_3' title='bbox 2063 354 2127 409; x_wconf 80' lang='lat' dir='ltr'><strong>1N</strong></span> <span class='ocrx_word' id='word_1_4' title='bbox 2171 352 2513 409; x_wconf 72' lang='lat' dir='ltr'><strong>PSALMOS.</strong></span> 
     </span>
    </p>
   </div>
   <div class='ocr_carea' id='block_1_3' title="bbox 3444 337 3630 404">
    <p class='ocr_par' dir='ltr' id='par_1_3' title="bbox 3444 337 3630 404">
     <span class='ocr_line' id='line_1_3' title="bbox 3444 337 3630 404; baseline 0 0"><span class='ocrx_word' id='word_1_5' title='bbox 3444 337 3460 353; x_wconf 85' lang='lat'><strong>’</strong></span> <span class='ocrx_word' id='word_1_6' title='bbox 3525 346 3630 404; x_wconf 78' lang='lat' dir='ltr'><strong>no</strong></span> 
     </span>
    </p>
   </div>
   <div class='ocr_carea' id='block_1_4' title="bbox 376 464 1937 544">
    <p class='ocr_par' dir='ltr' id='par_1_4' title="bbox 376 470 1937 544">
     <span class='ocr_line' id='line_1_4' title="bbox 376 470 1937 544; baseline 0.001 -21"><span class='ocrx_word' id='word_1_7' title='bbox 376 486 560 539; x_wconf 77' lang='grc' dir='ltr'>φησιν·</span> <span class='ocrx_word' id='word_1_8' title='bbox 608 471 709 524; x_wconf 71' lang='grc' dir='ltr'><strong>Ἐν</strong></span> <span class='ocrx_word' id='word_1_9' title='bbox 744 470 821 538; x_wconf 76' lang='grc' dir='ltr'>τῷ</span> <span class='ocrx_word' id='word_1_10' title='bbox 852 474 1157 527; x_wconf 71' lang='grc' dir='ltr'><em>θλίϐεσθαι</em></span> <span class='ocrx_word' id='word_1_11' title='bbox 1207 473 1672 544; x_wconf 75' lang='grc' dir='ltr'><em>ἐπεκαλεσὰμην</em></span> <span class='ocrx_word' id='word_1_12' title='bbox 1701 474 1808 527; x_wconf 79' lang='grc' dir='ltr'><strong>τὸν</strong></span> <span class='ocrx_word' id='word_1_13' title='bbox 1838 473 1937 525; x_wconf 67' lang='lat' dir='ltr'><strong>Kri-</strong></span> 
     </span>
    </p>
   </div>
   <div class='ocr_carea' id='block_1_5' title="bbox 2039 464 3630 544">
    <p class='ocr_par' dir='ltr' id='par_1_5' title="bbox 2056 464 3630 531">
     <span class='ocr_line' id='line_1_5' title="bbox 2056 464 3630 531; baseline -0.004 -6"><span class='ocrx_word' id='word_1_14' title='bbox 2056 474 2194 526; x_wconf 89' lang='lat' dir='ltr'><strong>tione</strong></span> <span class='ocrx_word' id='word_1_15' title='bbox 2247 488 2363 525; x_wconf 89' lang='lat' dir='ltr'><strong>mea</strong></span> <span class='ocrx_word' id='word_1_16' title='bbox 2405 470 2640 525; x_wconf 75' lang='lat' dir='ltr'><strong>invocavi</strong></span> <span class='ocrx_word' id='word_1_17' title='bbox 2692 467 3000 531; x_wconf 88' lang='lat' dir='ltr'><strong>Dominum,</strong></span> <span class='ocrx_word' id='word_1_18' title='bbox 3050 475 3099 520; x_wconf 87' lang='lat' dir='ltr'><strong>et</strong></span> <span class='ocrx_word' id='word_1_19' title='bbox 3143 465 3212 518; x_wconf 82' lang='lat' dir='ltr'><strong>ad</strong></span> <span class='ocrx_word' id='word_1_20' title='bbox 3253 464 3422 519; x_wconf 84' lang='lat' dir='ltr'><strong>Deum</strong></span> <span class='ocrx_word' id='word_1_21' title='bbox 3456 481 3630 520; x_wconf 86' lang='lat' dir='ltr'><strong>meum</strong></span> 
     </span>
    </p>
   </div>
   <div class='ocr_carea' id='block_1_6' title="bbox 375 559 1949 634">
    <p class='ocr_par' dir='ltr' id='par_1_6' title="bbox 375 559 1949 634">
     <span class='ocr_line' id='line_1_6' title="bbox 375 559 1949 634; baseline 0.002 -22"><span class='ocrx_word' id='word_1_22' title='bbox 375 577 525 627; x_wconf 74' lang='grc' dir='ltr'><em>ριον,</em></span> <span class='ocrx_word' id='word_1_23' title='bbox 556 562 652 615; x_wconf 78' lang='grc' dir='ltr'><strong>καὶ</strong></span> <span class='ocrx_word' id='word_1_24' title='bbox 709 562 853 631; x_wconf 81' lang='grc' dir='ltr'>πρὸς</span> <span class='ocrx_word' id='word_1_25' title='bbox 923 564 1029 619; x_wconf 78' lang='grc' dir='ltr'><strong>τὸν</strong></span> <span class='ocrx_word' id='word_1_26' title='bbox 1081 566 1230 619; x_wconf 81' lang='grc' dir='ltr'><strong>Θεόν</strong></span> <span class='ocrx_word' id='word_1_27' title='bbox 1282 582 1403 634; x_wconf 78' lang='grc' dir='ltr'><strong>μου</strong></span> <span class='ocrx_word' id='word_1_28' title='bbox 1449 565 1766 633; x_wconf 75' lang='grc' dir='ltr'><strong>ἐκέκραξα.</strong></span> <span class='ocrx_word' id='word_1_29' title='bbox 1816 559 1949 617; x_wconf 75' lang='grc' dir='ltr'>Εἶτα</span> 
     </span>
    </p>
   </div>
   <div class='ocr_carea' id='block_1_7' title="bbox 375 649 1951 727">
    <p class='ocr_par' dir='ltr' id='par_1_7' title="bbox 375 649 1951 727">
     <span class='ocr_line' id='line_1_7' title="bbox 375 649 1951 727; baseline 0.004 -26"><span class='ocrx_word' id='word_1_30' title='bbox 375 649 631 714; x_wconf 78' lang='grc' dir='ltr'><strong>διδάσκει,</strong></span> <span class='ocrx_word' id='word_1_31' title='bbox 677 651 753 716; x_wconf 83' lang='grc' dir='ltr'>ὡς</span> <span class='ocrx_word' id='word_1_32' title='bbox 809 654 909 708; x_wconf 81' lang='grc' dir='ltr'><strong>οὐκ</strong></span> <span class='ocrx_word' id='word_1_33' title='bbox 951 657 1219 727; x_wconf 72' lang='grc' dir='ltr'>ἠστόχησε</span> <span class='ocrx_word' id='word_1_34' title='bbox 1291 653 1387 709; x_wconf 86' lang='grc' dir='ltr'><strong>τοῦ</strong></span> <span class='ocrx_word' id='word_1_35' title='bbox 1458 656 1660 709; x_wconf 83' lang='grc' dir='ltr'>σκοποῦ</span> <span class='ocrx_word' id='word_1_36' title='bbox 1726 655 1951 708; x_wconf 88' lang='grc' dir='ltr'>τοιαῦτα</span> 
     </span>
    </p>
   </div>
   <div class='ocr_carea' id='block_1_8' title="bbox 375 742 1953 819">
    <p class='ocr_par' dir='ltr' id='par_1_8' title="bbox 375 742 1953 819">
     <span class='ocr_line' id='line_1_8' title="bbox 375 742 1953 819; baseline 0.006 -27"><span class='ocrx_word' id='word_1_37' title='bbox 375 742 688 806; x_wconf 75' lang='grc' dir='ltr'>πιστεύσαςο</span> <span class='ocrx_word' id='word_1_38' title='bbox 718 745 757 812; x_wconf 74' lang='grc' dir='ltr'>ἡ</span> <span class='ocrx_word' id='word_1_39' title='bbox 782 748 893 818; x_wconf 81' lang='grc' dir='ltr'><strong>γὰρ</strong></span> <span class='ocrx_word' id='word_1_40' title='bbox 921 747 1098 814; x_wconf 79' lang='grc' dir='ltr'>ἐλπὶς</span> <span class='ocrx_word' id='word_1_41' title='bbox 1122 751 1195 803; x_wconf 84' lang='grc' dir='ltr'><strong>οὐ</strong></span> <span class='ocrx_word' id='word_1_42' title='bbox 1218 750 1626 819; x_wconf 81' lang='grc' dir='ltr'>καταισχύνει.</span> <span class='ocrx_word' id='word_1_43' title='bbox 1645 747 1736 801; x_wconf 83' lang='grc' dir='ltr'>Διὸ</span> <span class='ocrx_word' id='word_1_44' title='bbox 1762 749 1953 817; x_wconf 68' lang='grc' dir='ltr'>ἐπιφέ-</span> 
     </span>
    </p>
   </div>
   <div class='ocr_carea' id='block_1_9' title="bbox 377 835 1948 911">
    <p class='ocr_par' dir='ltr' id='par_1_9' title="bbox 377 835 1948 911">
     <span class='ocr_line' id='line_1_9' title="bbox 377 835 1948 911; baseline 0.014 -28"><span class='ocrx_word' id='word_1_45' title='bbox 377 849 481 903; x_wconf 88' lang='grc' dir='ltr'>ρει·</span> <span class='ocrx_word' id='word_1_46' title='bbox 518 835 814 890; x_wconf 78' lang='grc' dir='ltr'><strong>Ἤκουσεν</strong></span> <span class='ocrx_word' id='word_1_47' title='bbox 835 837 904 890; x_wconf 74' lang='grc' dir='ltr'>ἐκ</span> <span class='ocrx_word' id='word_1_48' title='bbox 931 840 1081 893; x_wconf 66' lang='grc' dir='ltr'><em>’ναοῦ</em></span> <span class='ocrx_word' id='word_1_49' title='bbox 1114 841 1285 910; x_wconf 79' lang='grc' dir='ltr'>ἁγίου</span> <span class='ocrx_word' id='word_1_50' title='bbox 1313 841 1498 896; x_wconf 82' lang='grc' dir='ltr'>αὐτοῦ</span> <span class='ocrx_word' id='word_1_51' title='bbox 1555 840 1763 911; x_wconf 60' lang='grc' dir='ltr'>φωνῆς</span> <span class='ocrx_word' id='word_1_52' title='bbox 1808 858 1948 910; x_wconf 78' lang='grc' dir='ltr'>μου,</span> 
     </span>
    </p>
   </div>
   <div class='ocr_carea' id='block_1_10' title="bbox 375 924 1953 998">
    <p class='ocr_par' dir='ltr' id='par_1_10' title="bbox 375 924 1953 998">
     <span class='ocr_line' id='line_1_10' title="bbox 375 924 1953 998; baseline 0.007 -21"><span class='ocrx_word' id='word_1_53' title='bbox 375 924 475 983; x_wconf 78' lang='grc' dir='ltr'><strong>καὶ</strong></span> <span class='ocrx_word' id='word_1_54' title='bbox 505 925 545 994; x_wconf 73' lang='grc' dir='ltr'>ἡ</span> <span class='ocrx_word' id='word_1_55' title='bbox 580 926 810 997; x_wconf 77' lang='grc' dir='ltr'>κραυγή</span> <span class='ocrx_word' id='word_1_56' title='bbox 841 948 960 998; x_wconf 80' lang='grc' dir='ltr'><strong>μου</strong></span> <span class='ocrx_word' id='word_1_57' title='bbox 1023 933 1280 986; x_wconf 77' lang='grc' dir='ltr'><strong>ἐνώπιον</strong></span> <span class='ocrx_word' id='word_1_58' title='bbox 1326 933 1512 987; x_wconf 82' lang='grc' dir='ltr'>αὑτοῦ</span> <span class='ocrx_word' id='word_1_59' title='bbox 1542 936 1953 988; x_wconf 75' lang='grc' dir='ltr'><strong>εἰσελεύσεται</strong></span> 
     </span>
    </p>
   </div>
   <div class='ocr_carea' id='block_1_11' title="bbox 372 1016 1953 1097">
    <p class='ocr_par' dir='ltr' id='par_1_11' title="bbox 372 1016 1953 1097">
     <span class='ocr_line' id='line_1_11' title="bbox 372 1016 1953 1097; baseline 0.008 -26"><span class='ocrx_word' id='word_1_60' title='bbox 372 1020 461 1084; x_wconf 81' lang='grc' dir='ltr'><strong>εις</strong></span> <span class='ocrx_word' id='word_1_61' title='bbox 489 1018 560 1073; x_wconf 80' lang='grc' dir='ltr'>τὰ</span> <span class='ocrx_word' id='word_1_62' title='bbox 609 1016 731 1075; x_wconf 85' lang='grc' dir='ltr'><strong>ὦτα</strong></span> <span class='ocrx_word' id='word_1_63' title='bbox 776 1025 981 1079; x_wconf 84' lang='grc' dir='ltr'>αὐτοῦ.</span> <span class='ocrx_word' id='word_1_64' title='bbox 1013 1026 1156 1079; x_wconf 79' lang='grc' dir='ltr'>Ναὸν</span> <span class='ocrx_word' id='word_1_65' title='bbox 1198 1027 1254 1080; x_wconf 85' lang='grc' dir='ltr'>δὲ</span> <span class='ocrx_word' id='word_1_66' title='bbox 1295 1026 1430 1097; x_wconf 81' lang='grc' dir='ltr'>Θεοῦ</span> <span class='ocrx_word' id='word_1_67' title='bbox 1463 1030 1520 1081; x_wconf 83' lang='grc' dir='ltr'><strong>ὲν</strong></span> <span class='ocrx_word' id='word_1_68' title='bbox 1555 1028 1767 1093; x_wconf 84' lang='grc' dir='ltr'>τούτοις</span> <span class='ocrx_word' id='word_1_69' title='bbox 1803 1033 1953 1083; x_wconf 82' lang='grc' dir='ltr'>ποῖον</span> 
     </span>
    </p>
   </div>
   <div class='ocr_carea' id='block_1_12' title="bbox 371 1111 1955 1191">
    <p class='ocr_par' dir='ltr' id='par_1_12' title="bbox 371 1111 1955 1191">
     <span class='ocr_line' id='line_1_12' title="bbox 371 1111 1955 1191; baseline -0.003 -23"><span class='ocrx_word' id='word_1_70' title='bbox 371 1111 479 1184; x_wconf 85' lang='grc' dir='ltr'><strong>χρὴ</strong></span> <span class='ocrx_word' id='word_1_71' title='bbox 522 1117 660 1167; x_wconf 86' lang='grc' dir='ltr'>νοεῖν</span> <span class='ocrx_word' id='word_1_72' title='bbox 692 1114 1079 1184; x_wconf 77' lang='grc' dir='ltr'>λέγεσθαι-ὑπὸ</span> <span class='ocrx_word' id='word_1_73' title='bbox 1099 1119 1193 1172; x_wconf 87' lang='grc' dir='ltr'><strong>τοῦ</strong></span> <span class='ocrx_word' id='word_1_74' title='bbox 1217 1119 1397 1185; x_wconf 82' lang='grc' dir='ltr'>Δαυῒδ,</span> <span class='ocrx_word' id='word_1_75' title='bbox 1450 1121 1614 1191; x_wconf 83' lang='grc' dir='ltr'><strong>μήπω</strong></span> <span class='ocrx_word' id='word_1_76' title='bbox 1639 1121 1733 1175; x_wconf 87' lang='grc' dir='ltr'><strong>τοῦ</strong></span> <span class='ocrx_word' id='word_1_77' title='bbox 1762 1124 1820 1175; x_wconf 82' lang='grc' dir='ltr'>ἐν</span> <span class='ocrx_word' id='word_1_78' title='bbox 1860 1123 1955 1176; x_wconf 83' lang='grc' dir='ltr'><strong>Ἱε.</strong></span> 
     </span>
    </p>
   </div>
   <div class='ocr_carea' id='block_1_13' title="bbox 371 1203 1950 1280">
    <p class='ocr_par' dir='ltr' id='par_1_13' title="bbox 371 1203 1950 1280">
     <span class='ocr_line' id='line_1_13' title="bbox 371 1203 1950 1280; baseline 0.004 -25"><span class='ocrx_word' id='word_1_79' title='bbox 371 1203 693 1275; x_wconf 85' lang='grc' dir='ltr'>ροσολύμοις</span> <span class='ocrx_word' id='word_1_80' title='bbox 724 1206 872 1259; x_wconf 74' lang='grc' dir='ltr'>οἴκου</span> <span class='ocrx_word' id='word_1_81' title='bbox 924 1209 1456 1279; x_wconf 79' lang='grc' dir='ltr'><strong>κατεσκευασμένου,</strong></span> <span class='ocrx_word' id='word_1_82' title='bbox 1505 1210 1539 1280; x_wconf 84' lang='grc' dir='ltr'>ἢ</span> <span class='ocrx_word' id='word_1_83' title='bbox 1586 1210 1804 1273; x_wconf 86' lang='grc' dir='ltr'>πάντως</span> <span class='ocrx_word' id='word_1_84' title='bbox 1847 1226 1950 1263; x_wconf 86' lang='grc' dir='ltr'><strong>που</strong></span> 
     </span>
    </p>
   </div>
   <div class='ocr_carea' id='block_1_14' title="bbox 367 1293 1950 1373">
    <p class='ocr_par' dir='ltr' id='par_1_14' title="bbox 367 1293 1950 1373">
     <span class='ocr_line' id='line_1_14' title="bbox 367 1293 1950 1373; baseline 0.005 -27"><span class='ocrx_word' id='word_1_85' title='bbox 367 1293 469 1365; x_wconf 87' lang='grc' dir='ltr'>τὴν</span> <span class='ocrx_word' id='word_1_86' title='bbox 515 1296 833 1368; x_wconf 75' lang='grc' dir='ltr'>ἐπουράνιον</span> <span class='ocrx_word' id='word_1_87' title='bbox 859 1299 1011 1352; x_wconf 82' lang='grc' dir='ltr'>πόλιν</span> <span class='ocrx_word' id='word_1_88' title='bbox 1054 1299 1149 1353; x_wconf 86' lang='grc' dir='ltr'><strong>τοῦ</strong></span> <span class='ocrx_word' id='word_1_89' title='bbox 1178 1301 1335 1365; x_wconf 85' lang='grc' dir='ltr'>Θεοῦ,</span> <span class='ocrx_word' id='word_1_90' title='bbox 1395 1302 1490 1354; x_wconf 82' lang='grc' dir='ltr'><strong>καὶ</strong></span> <span class='ocrx_word' id='word_1_91' title='bbox 1521 1303 1620 1373; x_wconf 88' lang='grc' dir='ltr'>τὴν</span> <span class='ocrx_word' id='word_1_92' title='bbox 1670 1302 1781 1355; x_wconf 83' lang='grc' dir='ltr'>ἄνω</span> <span class='ocrx_word' id='word_1_93' title='bbox 1853 1304 1950 1354; x_wconf 87' lang='grc' dir='ltr'><strong>Ἱε-</strong></span> 
     </span>
    </p>
   </div>
   <div class='ocr_carea' id='block_1_15' title="bbox 373 1386 1950 1466">
    <p class='ocr_par' dir='ltr' id='par_1_15' title="bbox 373 1386 1950 1466">
     <span class='ocr_line' id='line_1_15' title="bbox 373 1386 1950 1466; baseline 0.004 -27"><span class='ocrx_word' id='word_1_94' title='bbox 373 1389 668 1460; x_wconf 81' lang='grc' dir='ltr'>ρουσαλὴμ,</span> <span class='ocrx_word' id='word_1_95' title='bbox 699 1386 767 1463; x_wconf 81' lang='grc' dir='ltr'>ἦς</span> <span class='ocrx_word' id='word_1_96' title='bbox 789 1391 953 1447; x_wconf 75' lang='grc' dir='ltr'>εἰκὼν</span> <span class='ocrx_word' id='word_1_97' title='bbox 995 1392 1288 1464; x_wconf 78' lang='grc' dir='ltr'>ἐτύγχανεν</span> <span class='ocrx_word' id='word_1_98' title='bbox 1334 1397 1364 1448; x_wconf 84' lang='grc' dir='ltr'>ὁ</span> <span class='ocrx_word' id='word_1_99' title='bbox 1396 1397 1487 1449; x_wconf 77' lang='grc' dir='ltr'><strong>ἐπὶ</strong></span> <span class='ocrx_word' id='word_1_100' title='bbox 1530 1396 1628 1466; x_wconf 83' lang='grc' dir='ltr'>τῆς</span> <span class='ocrx_word' id='word_1_101' title='bbox 1656 1396 1762 1465; x_wconf 81' lang='grc' dir='ltr'>γῆς</span> <span class='ocrx_word' id='word_1_102' title='bbox 1817 1412 1950 1448; x_wconf 88' lang='grc' dir='ltr'>κατ-</span> 
     </span>
    </p>
   </div>
   <div class='ocr_carea' id='block_1_16' title="bbox 367 1482 953 1552">
    <p class='ocr_par' dir='ltr' id='par_1_16' title="bbox 367 1482 953 1552">
     <span class='ocr_line' id='line_1_16' title="bbox 367 1482 953 1552; baseline 0.014 -22"><span class='ocrx_word' id='word_1_103' title='bbox 367 1482 764 1552; x_wconf 76' lang='grc' dir='ltr'>εσκευασμένος</span> <span class='ocrx_word' id='word_1_104' title='bbox 783 1484 916 1549; x_wconf 83' lang='grc' dir='ltr'>νεώς</span> <span class='ocrx_word' id='word_1_105' title='bbox 938 1502 953 1551; x_wconf 90' lang='grc'>;</span> 
     </span>
    </p>
   </div>
   <div class='ocr_carea' id='block_1_17' title="bbox 436 1573 1950 1652">
    <p class='ocr_par' dir='ltr' id='par_1_17' title="bbox 436 1573 1950 1652">
     <span class='ocr_line' id='line_1_17' title="bbox 436 1573 1950 1652; baseline 0.005 -27"><span class='ocrx_word' id='word_1_106' title='bbox 436 1573 874 1645; x_wconf 80' lang='grc' dir='ltr'><em>Καὶ.ἐσαλεύθη</em></span> <span class='ocrx_word' id='word_1_107' title='bbox 909 1577 1005 1632; x_wconf 80' lang='grc' dir='ltr'><strong>καὶ</strong></span> <span class='ocrx_word' id='word_1_108' title='bbox 1046 1580 1329 1649; x_wconf 73' lang='grc' dir='ltr'><strong>ἔντρομος</strong></span> <span class='ocrx_word' id='word_1_109' title='bbox 1357 1578 1611 1648; x_wconf 73' lang='grc' dir='ltr'><em>ἐγενήθη</em></span> <span class='ocrx_word' id='word_1_110' title='bbox 1651 1584 1690 1650; x_wconf 77' lang='grc' dir='ltr'><strong><em>ἡ</em></strong></span> <span class='ocrx_word' id='word_1_111' title='bbox 1728 1580 1823 1652; x_wconf 64' lang='grc' dir='ltr'>γεῆ,</span> <span class='ocrx_word' id='word_1_112' title='bbox 1852 1582 1950 1635; x_wconf 82' lang='grc' dir='ltr'><strong>καὶ</strong></span> 
     </span>
    </p>
   </div>
   <div class='ocr_carea' id='block_1_18' title="bbox 367 1664 1948 1741">
    <p class='ocr_par' dir='ltr' id='par_1_18' title="bbox 367 1664 1948 1741">
     <span class='ocr_line' id='line_1_18' title="bbox 367 1664 1948 1741; baseline 0.006 -23"><span class='ocrx_word' id='word_1_113' title='bbox 367 1664 438 1719; x_wconf 83' lang='grc' dir='ltr'>τὰ</span> <span class='ocrx_word' id='word_1_114' title='bbox 467 1666 708 1734; x_wconf 82' lang='grc' dir='ltr'><em>θεμέλια</em></span> <span class='ocrx_word' id='word_1_115' title='bbox 738 1668 856 1723; x_wconf 83' lang='grc' dir='ltr'><strong>τῶν</strong></span> <span class='ocrx_word' id='word_1_116' title='bbox 887 1670 1071 1739; x_wconf 73' lang='grc' dir='ltr'>ὀρέων</span> <span class='ocrx_word' id='word_1_117' title='bbox 1102 1672 1523 1741; x_wconf 77' lang='grc' dir='ltr'><strong>ἐταράχθησαν</strong></span> <span class='ocrx_word' id='word_1_118' title='bbox 1559 1674 1658 1727; x_wconf 81' lang='grc' dir='ltr'><strong>καὶ</strong></span> <span class='ocrx_word' id='word_1_119' title='bbox 1693 1674 1948 1728; x_wconf 73' lang='grc' dir='ltr'><em>ἐσαλεύ-</em></span> 
     </span>
    </p>
   </div>
   <div class='ocr_carea' id='block_1_19' title="bbox 365 1760 1949 1831">
    <p class='ocr_par' dir='ltr' id='par_1_19' title="bbox 365 1760 1949 1831">
     <span class='ocr_line' id='line_1_19' title="bbox 365 1760 1949 1831; baseline 0.005 -20"><span class='ocrx_word' id='word_1_120' title='bbox 365 1761 585 1826; x_wconf 79' lang='grc' dir='ltr'><em>θησαν,</em></span> <span class='ocrx_word' id='word_1_121' title='bbox 634 1760 724 1814; x_wconf 83' lang='grc' dir='ltr'><strong>ὅτι</strong></span> <span class='ocrx_word' id='word_1_122' title='bbox 773 1763 1037 1831; x_wconf 79' lang='grc' dir='ltr'><strong>ὠργίσθη</strong></span> <span class='ocrx_word' id='word_1_123' title='bbox 1095 1764 1300 1829; x_wconf 82' lang='grc' dir='ltr'>αὐτοῖς</span> <span class='ocrx_word' id='word_1_124' title='bbox 1347 1766 1380 1817; x_wconf 82' lang='grc' dir='ltr'><strong>ό</strong></span> <span class='ocrx_word' id='word_1_125' title='bbox 1425 1767 1588 1830; x_wconf 82' lang='grc' dir='ltr'>Θεός.</span> <span class='ocrx_word' id='word_1_126' title='bbox 1635 1767 1949 1819; x_wconf 84' lang='grc' dir='ltr'>Λευκότατα</span> 
     </span>
    </p>
   </div>
   <div class='ocr_carea' id='block_1_20' title="bbox 367 1850 1945 1927">
    <p class='ocr_par' dir='ltr' id='par_1_20' title="bbox 367 1850 1945 1927">
     <span class='ocr_line' id='line_1_20' title="bbox 367 1850 1945 1927; baseline 0.004 -24"><span class='ocrx_word' id='word_1_127' title='bbox 367 1850 722 1921; x_wconf 66' lang='grc' dir='ltr'>προφητεύων</span> <span class='ocrx_word' id='word_1_128' title='bbox 753 1851 851 1923; x_wconf 81' lang='grc' dir='ltr'><strong>τὴν</strong></span> <span class='ocrx_word' id='word_1_129' title='bbox 896 1853 1197 1909; x_wconf 83' lang='grc' dir='ltr'>κατάϐασιν</span> <span class='ocrx_word' id='word_1_130' title='bbox 1228 1854 1320 1907; x_wconf 84' lang='grc' dir='ltr'><strong>τοῦ</strong></span> <span class='ocrx_word' id='word_1_131' title='bbox 1350 1856 1560 1927; x_wconf 81' lang='grc' dir='ltr'>Κυρίου</span> <span class='ocrx_word' id='word_1_132' title='bbox 1603 1856 1690 1909; x_wconf 88' lang='grc' dir='ltr'>διὰ</span> <span class='ocrx_word' id='word_1_133' title='bbox 1728 1856 1818 1912; x_wconf 80' lang='grc' dir='ltr'><strong>τὸν</strong></span> <span class='ocrx_word' id='word_1_134' title='bbox 1848 1856 1945 1911; x_wconf 84' lang='grc' dir='ltr'>θά-</span> 
     </span>
    </p>
   </div>
   <div class='ocr_carea' id='block_1_21' title="bbox 366 1938 1946 2014">
    <p class='ocr_par' dir='ltr' id='par_1_21' title="bbox 366 1938 1946 2014">
     <span class='ocr_line' id='line_1_21' title="bbox 366 1938 1946 2014; baseline 0.003 -24"><span class='ocrx_word' id='word_1_135' title='bbox 366 1938 525 1992; x_wconf 76' lang='grc' dir='ltr'>νατον</span> <span class='ocrx_word' id='word_1_136' title='bbox 556 1942 651 1993; x_wconf 75' lang='grc' dir='ltr'>καὶ</span> <span class='ocrx_word' id='word_1_137' title='bbox 691 1942 817 2004; x_wconf 76' lang='grc' dir='ltr'>τοὺς</span> <span class='ocrx_word' id='word_1_138' title='bbox 845 1942 1185 2014; x_wconf 70' lang='grc' dir='ltr'>χειμάρρους</span> <span class='ocrx_word' id='word_1_139' title='bbox 1221 1944 1320 2014; x_wconf 79' lang='grc' dir='ltr'>τῆς</span> <span class='ocrx_word' id='word_1_140' title='bbox 1356 1944 1605 2014; x_wconf 85' lang='grc' dir='ltr'>ἀνομίας,</span> <span class='ocrx_word' id='word_1_141' title='bbox 1643 1943 1733 1997; x_wconf 85' lang='grc' dir='ltr'><strong>διά</strong></span> <span class='ocrx_word' id='word_1_142' title='bbox 1761 1961 1819 1997; x_wconf 90' lang='grc' dir='ltr'><strong>τε</strong></span> <span class='ocrx_word' id='word_1_143' title='bbox 1848 1944 1946 2008; x_wconf 80' lang='grc' dir='ltr'><strong>τὰς</strong></span> 
     </span>
    </p>
   </div>
   <div class='ocr_carea' id='block_1_22' title="bbox 365 2029 1946 2105">
    <p class='ocr_par' dir='ltr' id='par_1_22' title="bbox 365 2029 1946 2105">
     <span class='ocr_line' id='line_1_22' title="bbox 365 2029 1946 2105; baseline 0.003 -22"><span class='ocrx_word' id='word_1_144' title='bbox 365 2029 561 2095; x_wconf 83' lang='grc' dir='ltr'>ὠδῖνας</span> <span class='ocrx_word' id='word_1_145' title='bbox 593 2032 686 2085; x_wconf 89' lang='grc' dir='ltr'><strong>τοῦ</strong></span> <span class='ocrx_word' id='word_1_146' title='bbox 716 2032 843 2103; x_wconf 76' lang='grc' dir='ltr'>ᾅδου</span> <span class='ocrx_word' id='word_1_147' title='bbox 881 2035 975 2087; x_wconf 59' lang='grc' dir='ltr'><strong>καλ⁴</strong></span> <span class='ocrx_word' id='word_1_148' title='bbox 1004 2034 1104 2098; x_wconf 85' lang='grc' dir='ltr'>τὰς</span> <span class='ocrx_word' id='word_1_149' title='bbox 1142 2035 1375 2104; x_wconf 83' lang='grc' dir='ltr'>παγίδας</span> <span class='ocrx_word' id='word_1_150' title='bbox 1409 2035 1505 2090; x_wconf 86' lang='grc' dir='ltr'><strong>τοῦ</strong></span> <span class='ocrx_word' id='word_1_151' title='bbox 1558 2035 1815 2099; x_wconf 85' lang='grc' dir='ltr'>θανάτου,</span> <span class='ocrx_word' id='word_1_152' title='bbox 1850 2034 1946 2105; x_wconf 83' lang='grc' dir='ltr'><strong>τὴν</strong></span> 
     </span>
    </p>
   </div>
   <div class='ocr_carea' id='block_1_23' title="bbox 367 2118 1944 2199">
    <p class='ocr_par' dir='ltr' id='par_1_23' title="bbox 367 2118 1944 2199">
     <span class='ocr_line' id='line_1_23' title="bbox 367 2118 1944 2199; baseline 0.003 -25"><span class='ocrx_word' id='word_1_153' title='bbox 367 2118 429 2187; x_wconf 73' lang='grc' dir='ltr'><strong>ἔξ</strong></span> <span class='ocrx_word' id='word_1_154' title='bbox 469 2122 710 2194; x_wconf 84' lang='grc' dir='ltr'>οὐρανῶν</span> <span class='ocrx_word' id='word_1_155' title='bbox 741 2125 1040 2181; x_wconf 85' lang='grc' dir='ltr'>κατάϐασιν</span> <span class='ocrx_word' id='word_1_156' title='bbox 1071 2127 1462 2197; x_wconf 81' lang='grc' dir='ltr'>πεποιημένου.</span> <span class='ocrx_word' id='word_1_157' title='bbox 1510 2127 1632 2180; x_wconf 86' lang='grc' dir='ltr'><strong>Ἐπὶ</strong></span> <span class='ocrx_word' id='word_1_158' title='bbox 1671 2130 1738 2199; x_wconf 82' lang='grc' dir='ltr'>τῇ</span> <span class='ocrx_word' id='word_1_159' title='bbox 1774 2144 1944 2181; x_wconf 89' lang='grc' dir='ltr'>κατα-</span> 
     </span>
    </p>
   </div>
   <div class='ocr_carea' id='block_1_24' title="bbox 365 2212 1941 2293">
    <p class='ocr_par' dir='ltr' id='par_1_24' title="bbox 365 2212 1941 2293">
     <span class='ocr_line' id='line_1_24' title="bbox 365 2212 1941 2293; baseline 0.004 -27"><span class='ocrx_word' id='word_1_160' title='bbox 365 2212 520 2268; x_wconf 84' lang='grc' dir='ltr'>ϐάσει</span> <span class='ocrx_word' id='word_1_161' title='bbox 561 2215 725 2270; x_wconf 81' lang='grc' dir='ltr'>αὑτοῦ</span> <span class='ocrx_word' id='word_1_162' title='bbox 779 2217 900 2271; x_wconf 89' lang='grc' dir='ltr'>τίνα</span> <span class='ocrx_word' id='word_1_163' title='bbox 948 2218 1264 2291; x_wconf 86' lang='grc' dir='ltr'>πέπρακται</span> <span class='ocrx_word' id='word_1_164' title='bbox 1311 2221 1687 2293; x_wconf 85' lang='grc' dir='ltr'>προδιηγεῖται</span> <span class='ocrx_word' id='word_1_165' title='bbox 1734 2219 1941 2287; x_wconf 81' lang='grc' dir='ltr'>λέγων·</span> 
     </span>
    </p>
   </div>
   <div class='ocr_carea' id='block_1_25' title="bbox 363 2307 1943 2383">
    <p class='ocr_par' dir='ltr' id='par_1_25' title="bbox 363 2307 1943 2383">
     <span class='ocr_line' id='line_1_25' title="bbox 363 2307 1943 2383; baseline 0.003 -24"><span class='ocrx_word' id='word_1_166' title='bbox 363 2307 473 2360; x_wconf 81' lang='grc' dir='ltr'><em>Καὶ</em></span> <span class='ocrx_word' id='word_1_167' title='bbox 501 2308 801 2377; x_wconf 77' lang='grc' dir='ltr'><strong>ἐσαλεύθη</strong></span> <span class='ocrx_word' id='word_1_168' title='bbox 831 2311 929 2364; x_wconf 78' lang='grc' dir='ltr'><strong>καὶ</strong></span> <span class='ocrx_word' id='word_1_169' title='bbox 978 2312 1265 2383; x_wconf 79' lang='grc' dir='ltr'><strong>ἔντρομος</strong></span> <span class='ocrx_word' id='word_1_170' title='bbox 1304 2311 1559 2383; x_wconf 76' lang='grc' dir='ltr'><em>ἐγενήθη</em></span> <span class='ocrx_word' id='word_1_171' title='bbox 1598 2314 1638 2381; x_wconf 82' lang='grc' dir='ltr'><em>ὴ</em></span> <span class='ocrx_word' id='word_1_172' title='bbox 1676 2312 1752 2382; x_wconf 77' lang='grc' dir='ltr'><strong>τῆ</strong></span> <span class='ocrx_word' id='word_1_173' title='bbox 1777 2329 1790 2341; x_wconf 74' lang='grc' dir='ltr'><strong><em>ο</em></strong></span> <span class='ocrx_word' id='word_1_174' title='bbox 1825 2310 1943 2365; x_wconf 84' lang='grc' dir='ltr'>ἀνθ’</span> 
     </span>
    </p>
   </div>
   <div class='ocr_carea' id='block_1_26' title="bbox 362 2390 1937 2473">
    <p class='ocr_par' dir='ltr' id='par_1_26' title="bbox 362 2390 1937 2473">
     <span class='ocr_line' id='line_1_26' title="bbox 362 2390 1937 2473; baseline 0.005 -25"><span class='ocrx_word' id='word_1_175' title='bbox 362 2390 422 2451; x_wconf 75' lang='grc' dir='ltr'>οὗ</span> <span class='ocrx_word' id='word_1_176' title='bbox 462 2397 692 2462; x_wconf 86' lang='grc' dir='ltr'><strong>Ἀκύλας</strong></span> <span class='ocrx_word' id='word_1_177' title='bbox 734 2400 898 2470; x_wconf 81' lang='grc' dir='ltr'>φησί·</span> <span class='ocrx_word' id='word_1_178' title='bbox 929 2404 1037 2456; x_wconf 82' lang='grc' dir='ltr'><strong>Καὶ</strong></span> <span class='ocrx_word' id='word_1_179' title='bbox 1070 2404 1315 2473; x_wconf 74' lang='grc' dir='ltr'><em>ἐκινήθη</em></span> <span class='ocrx_word' id='word_1_180' title='bbox 1364 2405 1466 2459; x_wconf 77' lang='grc' dir='ltr'><strong>καὶ</strong></span> <span class='ocrx_word' id='word_1_181' title='bbox 1495 2405 1742 2472; x_wconf 84' lang='grc' dir='ltr'><em>ἐσείσθη</em></span> <span class='ocrx_word' id='word_1_182' title='bbox 1771 2405 1811 2472; x_wconf 76' lang='grc' dir='ltr'><em>η</em></span> <span class='ocrx_word' id='word_1_183' title='bbox 1842 2403 1937 2473; x_wconf 71' lang='grc' dir='ltr'><strong>γῆ.</strong></span> 
     </span>
    </p>
   </div>
   <div class='ocr_carea' id='block_1_27' title="bbox 361 2489 1941 2567">
    <p class='ocr_par' dir='ltr' id='par_1_27' title="bbox 361 2489 1941 2567">
     <span class='ocr_line' id='line_1_27' title="bbox 361 2489 1941 2567; baseline 0.003 -25"><span class='ocrx_word' id='word_1_184' title='bbox 361 2489 648 2561; x_wconf 80' lang='grc' dir='ltr'>Μαρτυρεῖ</span> <span class='ocrx_word' id='word_1_185' title='bbox 681 2490 738 2543; x_wconf 83' lang='grc' dir='ltr'>δὲ</span> <span class='ocrx_word' id='word_1_186' title='bbox 763 2492 841 2562; x_wconf 81' lang='grc' dir='ltr'>τῷ</span> <span class='ocrx_word' id='word_1_187' title='bbox 866 2492 1009 2564; x_wconf 87' lang='grc' dir='ltr'>λόγῳ</span> <span class='ocrx_word' id='word_1_188' title='bbox 1034 2494 1098 2548; x_wconf 81' lang='grc' dir='ltr'>τὸ</span> <span class='ocrx_word' id='word_1_189' title='bbox 1122 2494 1304 2566; x_wconf 77' lang='grc' dir='ltr'>ἔργον.</span> <span class='ocrx_word' id='word_1_190' title='bbox 1354 2496 1442 2559; x_wconf 82' lang='grc' dir='ltr'>Ὠς</span> <span class='ocrx_word' id='word_1_191' title='bbox 1480 2495 1592 2567; x_wconf 83' lang='grc' dir='ltr'>γὰρ</span> <span class='ocrx_word' id='word_1_192' title='bbox 1620 2495 1880 2565; x_wconf 75' lang='grc' dir='ltr'>ἐπεδήμει</span> <span class='ocrx_word' id='word_1_193' title='bbox 1912 2495 1941 2547; x_wconf 82' lang='grc' dir='ltr'>ὁ</span> 
     </span>
    </p>
   </div>
   <div class='ocr_carea' id='block_1_28' title="bbox 373 2576 1942 2657">
    <p class='ocr_par' dir='ltr' id='par_1_28' title="bbox 373 2576 1942 2657">
     <span class='ocr_line' id='line_1_28' title="bbox 373 2576 1942 2657; baseline 0.004 -26"><span class='ocrx_word' id='word_1_194' title='bbox 373 2576 521 2642; x_wconf 81' lang='grc' dir='ltr'><strong>’Υἱὸς</strong></span> <span class='ocrx_word' id='word_1_195' title='bbox 561 2580 658 2634; x_wconf 85' lang='grc' dir='ltr'><strong>τοῦ</strong></span> <span class='ocrx_word' id='word_1_196' title='bbox 692 2580 826 2635; x_wconf 86' lang='grc' dir='ltr'>Θεοῦ</span> <span class='ocrx_word' id='word_1_197' title='bbox 853 2584 920 2654; x_wconf 79' lang='grc' dir='ltr'>τῇ</span> <span class='ocrx_word' id='word_1_198' title='bbox 952 2585 1024 2655; x_wconf 84' lang='grc' dir='ltr'>γῇ</span> <span class='ocrx_word' id='word_1_199' title='bbox 1046 2585 1189 2639; x_wconf 88' lang='grc' dir='ltr'><strong>κατά</strong></span> <span class='ocrx_word' id='word_1_200' title='bbox 1212 2586 1313 2657; x_wconf 84' lang='grc' dir='ltr'>τὴν</span> <span class='ocrx_word' id='word_1_201' title='bbox 1341 2585 1605 2657; x_wconf 79' lang='grc' dir='ltr'>ἐνσαρκον</span> <span class='ocrx_word' id='word_1_202' title='bbox 1637 2586 1802 2640; x_wconf 81' lang='grc' dir='ltr'>αὐτοῦ</span> <span class='ocrx_word' id='word_1_203' title='bbox 1836 2602 1942 2638; x_wconf 86' lang='grc' dir='ltr'>πα-</span> 
     </span>
    </p>
   </div>
   <div class='ocr_carea' id='block_1_29' title="bbox 363 2672 1940 2750">
    <p class='ocr_par' dir='ltr' id='par_1_29' title="bbox 363 2672 1940 2750">
     <span class='ocr_line' id='line_1_29' title="bbox 363 2672 1940 2750; baseline 0.002 -22"><span class='ocrx_word' id='word_1_204' title='bbox 363 2672 606 2745; x_wconf 87' lang='grc' dir='ltr'>ρουσίαν,</span> <span class='ocrx_word' id='word_1_205' title='bbox 652 2675 854 2741; x_wconf 85' lang='grc' dir='ltr'>πάντες</span> <span class='ocrx_word' id='word_1_206' title='bbox 883 2682 932 2730; x_wconf 83' lang='grc' dir='ltr'><strong>οί</strong></span> <span class='ocrx_word' id='word_1_207' title='bbox 966 2679 1027 2731; x_wconf 84' lang='grc' dir='ltr'><strong>τὸ</strong></span> <span class='ocrx_word' id='word_1_208' title='bbox 1072 2678 1174 2749; x_wconf 77' lang='grc' dir='ltr'>τῆς</span> <span class='ocrx_word' id='word_1_209' title='bbox 1220 2679 1320 2749; x_wconf 81' lang='grc' dir='ltr'>γῆς</span> <span class='ocrx_word' id='word_1_210' title='bbox 1357 2683 1617 2750; x_wconf 84' lang='grc' dir='ltr'>στοιχεῖον</span> <span class='ocrx_word' id='word_1_211' title='bbox 1664 2678 1940 2740; x_wconf 74' lang='grc' dir='ltr'>οἰκοῦντες</span> 
     </span>
    </p>
   </div>
   <div class='ocr_carea' id='block_1_30' title="bbox 361 2766 1938 2841">
    <p class='ocr_par' dir='ltr' id='par_1_30' title="bbox 361 2766 1938 2841">
     <span class='ocr_line' id='line_1_30' title="bbox 361 2766 1938 2841; baseline 0.001 -22"><span class='ocrx_word' id='word_1_212' title='bbox 361 2766 691 2838; x_wconf 72' lang='grc' dir='ltr'>ἐκινήθησαν</span> <span class='ocrx_word' id='word_1_213' title='bbox 720 2768 814 2821; x_wconf 76' lang='grc' dir='ltr'><strong>καὶ</strong></span> <span class='ocrx_word' id='word_1_214' title='bbox 850 2769 1199 2839; x_wconf 72' lang='grc' dir='ltr'>ἐσείσθησαν·</span> <span class='ocrx_word' id='word_1_215' title='bbox 1234 2771 1385 2825; x_wconf 82' lang='grc' dir='ltr'>πᾶσά</span> <span class='ocrx_word' id='word_1_216' title='bbox 1405 2788 1467 2823; x_wconf 88' lang='grc' dir='ltr'><strong>τε</strong></span> <span class='ocrx_word' id='word_1_217' title='bbox 1489 2770 1626 2841; x_wconf 85' lang='grc' dir='ltr'>ἀκοὴ</span> <span class='ocrx_word' id='word_1_218' title='bbox 1657 2768 1938 2839; x_wconf 81' lang='grc' dir='ltr'>Ἑλληνική</span> 
     </span>
    </p>
   </div>
   <div class='ocr_carea' id='block_1_31' title="bbox 363 2856 1936 2933">
    <p class='ocr_par' dir='ltr' id='par_1_31' title="bbox 363 2856 1936 2933">
     <span class='ocr_line' id='line_1_31' title="bbox 363 2856 1936 2933; baseline 0.001 -24"><span class='ocrx_word' id='word_1_219' title='bbox 363 2873 423 2910; x_wconf 83' lang='grc' dir='ltr'><strong>τε</strong></span> <span class='ocrx_word' id='word_1_220' title='bbox 455 2857 551 2910; x_wconf 75' lang='grc' dir='ltr'><strong>καὶ</strong></span> <span class='ocrx_word' id='word_1_221' title='bbox 584 2856 859 2930; x_wconf 85' lang='grc' dir='ltr'>βάρϐαρος</span> <span class='ocrx_word' id='word_1_222' title='bbox 883 2859 1182 2931; x_wconf 79' lang='grc' dir='ltr'>ἐπληροῦτο</span> <span class='ocrx_word' id='word_1_223' title='bbox 1220 2863 1321 2932; x_wconf 83' lang='grc' dir='ltr'>τῆς</span> <span class='ocrx_word' id='word_1_224' title='bbox 1365 2862 1494 2933; x_wconf 73' lang='grc' dir='ltr'>περὶ</span> <span class='ocrx_word' id='word_1_225' title='bbox 1522 2860 1687 2917; x_wconf 85' lang='grc' dir='ltr'>αὑτοῦ</span> <span class='ocrx_word' id='word_1_226' title='bbox 1730 2861 1936 2931; x_wconf 81' lang='grc' dir='ltr'><strong>φήμης.</strong></span> 
     </span>
    </p>
   </div>
   <div class='ocr_carea' id='block_1_32' title="bbox 363 2946 1943 3023">
    <p class='ocr_par' dir='ltr' id='par_1_32' title="bbox 363 2946 1943 3023">
     <span class='ocr_line' id='line_1_32' title="bbox 363 2946 1943 3023; baseline 0.003 -23"><span class='ocrx_word' id='word_1_227' title='bbox 363 2946 445 3000; x_wconf 89' lang='grc' dir='ltr'><strong>Τά</strong></span> <span class='ocrx_word' id='word_1_228' title='bbox 472 2947 530 3000; x_wconf 88' lang='grc' dir='ltr'>δὲ</span> <span class='ocrx_word' id='word_1_229' title='bbox 557 2948 824 3020; x_wconf 89' lang='grc' dir='ltr'>λεγόμενα</span> <span class='ocrx_word' id='word_1_230' title='bbox 853 2950 963 3005; x_wconf 85' lang='grc' dir='ltr'>τῶν</span> <span class='ocrx_word' id='word_1_231' title='bbox 987 2951 1156 3023; x_wconf 82' lang='grc' dir='ltr'>ὁρέων</span> <span class='ocrx_word' id='word_1_232' title='bbox 1186 2952 1409 3023; x_wconf 80' lang='grc' dir='ltr'>θεμέλια</span> <span class='ocrx_word' id='word_1_233' title='bbox 1438 2951 1813 3023; x_wconf 71' lang='grc' dir='ltr'>ἐταράχθησαν</span> <span class='ocrx_word' id='word_1_234' title='bbox 1847 2950 1943 3004; x_wconf 75' lang='grc' dir='ltr'><strong>καὶ</strong></span> 
     </span>
    </p>
   </div>
   <div class='ocr_carea' id='block_1_33' title="bbox 363 3038 1937 3115">
    <p class='ocr_par' dir='ltr' id='par_1_33' title="bbox 363 3038 1937 3115">
     <span class='ocr_line' id='line_1_33' title="bbox 363 3038 1937 3115; baseline 0.004 -25"><span class='ocrx_word' id='word_1_235' title='bbox 363 3038 765 3112; x_wconf 80' lang='grc' dir='ltr'>ὲσαλεύΘησαν’</span> <span class='ocrx_word' id='word_1_236' title='bbox 803 3041 835 3112; x_wconf 81' lang='grc' dir='ltr'>ἢ</span> <span class='ocrx_word' id='word_1_237' title='bbox 882 3043 1022 3096; x_wconf 85' lang='grc' dir='ltr'><strong>κατά</strong></span> <span class='ocrx_word' id='word_1_238' title='bbox 1052 3043 1145 3097; x_wconf 82' lang='grc' dir='ltr'><strong>τὸν</strong></span> <span class='ocrx_word' id='word_1_239' title='bbox 1185 3043 1502 3115; x_wconf 82' lang='grc' dir='ltr'>Σύμμαχον,</span> <span class='ocrx_word' id='word_1_240' title='bbox 1547 3042 1937 3113; x_wconf 80' lang='grc' dir='ltr'>περιετράπη-</span> 
     </span>
    </p>
   </div>
   <div class='ocr_carea' id='block_1_34' title="bbox 2055 556 3630 626">
    <p class='ocr_par' dir='ltr' id='par_1_34' title="bbox 2055 556 3630 626">
     <span class='ocr_line' id='line_1_34' title="bbox 2055 556 3630 626; baseline -0.005 -8"><span class='ocrx_word' id='word_1_241' title='bbox 2055 564 2300 618; x_wconf 78' lang='lat' dir='ltr'><strong>clamavi.</strong></span> <span class='ocrx_word' id='word_1_242' title='bbox 2340 561 2551 616; x_wconf 78' lang='lat' dir='ltr'><strong>Exinde</strong></span> <span class='ocrx_word' id='word_1_243' title='bbox 2592 561 2753 616; x_wconf 89' lang='lat' dir='ltr'><strong>docet</strong></span> <span class='ocrx_word' id='word_1_244' title='bbox 2804 575 2864 615; x_wconf 88' lang='lat' dir='ltr'><strong>se</strong></span> <span class='ocrx_word' id='word_1_245' title='bbox 2910 573 2940 612; x_wconf 88' lang='lat' dir='ltr'><strong>a</strong></span> <span class='ocrx_word' id='word_1_246' title='bbox 2983 570 3153 626; x_wconf 89' lang='lat' dir='ltr'><strong>scopo</strong></span> <span class='ocrx_word' id='word_1_247' title='bbox 3204 557 3428 611; x_wconf 88' lang='lat' dir='ltr'><strong>minime</strong></span> <span class='ocrx_word' id='word_1_248' title='bbox 3468 556 3630 611; x_wconf 88' lang='lat' dir='ltr'><strong>aber-</strong></span> 
     </span>
    </p>
   </div>
   <div class='ocr_carea' id='block_1_35' title="bbox 2052 653 3630 723">
    <p class='ocr_par' dir='ltr' id='par_1_35' title="bbox 2052 653 3630 723">
     <span class='ocr_line' id='line_1_35' title="bbox 2052 653 3630 723; baseline -0.004 -12"><span class='ocrx_word' id='word_1_249' title='bbox 2052 672 2228 720; x_wconf 86' lang='lat' dir='ltr'><strong>rasse,</strong></span> <span class='ocrx_word' id='word_1_250' title='bbox 2260 670 2384 709; x_wconf 91' lang='lat' dir='ltr'><strong>cum</strong></span> <span class='ocrx_word' id='word_1_251' title='bbox 2419 654 2512 708; x_wconf 90' lang='lat' dir='ltr'><strong>tali</strong></span> <span class='ocrx_word' id='word_1_252' title='bbox 2545 653 2740 709; x_wconf 84' lang='lat' dir='ltr'><strong>ﬁducia</strong></span> <span class='ocrx_word' id='word_1_253' title='bbox 2772 654 2967 723; x_wconf 91' lang='lat' dir='ltr'><strong>plenus</strong></span> <span class='ocrx_word' id='word_1_254' title='bbox 3003 660 3186 717; x_wconf 88' lang='lat' dir='ltr'><strong>esset;</strong></span> <span class='ocrx_word' id='word_1_255' title='bbox 3211 666 3339 705; x_wconf 87' lang='lat' dir='ltr'><strong>nam</strong></span> <span class='ocrx_word' id='word_1_256' title='bbox 3378 666 3491 719; x_wconf 84' lang='lat' dir='ltr'><strong>spes</strong></span> <span class='ocrx_word' id='word_1_257' title='bbox 3524 667 3630 704; x_wconf 84' lang='lat' dir='ltr'><strong>non</strong></span> 
     </span>
    </p>
   </div>
   <div class='ocr_carea' id='block_1_36' title="bbox 2052 743 3631 817">
    <p class='ocr_par' dir='ltr' id='par_1_36' title="bbox 2052 743 3631 817">
     <span class='ocr_line' id='line_1_36' title="bbox 2052 743 3631 817; baseline -0.004 -15"><span class='ocrx_word' id='word_1_258' title='bbox 2052 747 2328 817; x_wconf 76' lang='lat' dir='ltr'><strong>confundit</strong></span> <span class='ocrx_word' id='word_1_259' title='bbox 2350 749 2415 800; x_wconf 78' lang='grc'><strong>³⁸.</strong></span> <span class='ocrx_word' id='word_1_260' title='bbox 2450 745 2686 817; x_wconf 84' lang='lat' dir='ltr'><strong>Ideoque</strong></span> <span class='ocrx_word' id='word_1_261' title='bbox 2733 746 3018 816; x_wconf 80' lang='lat' dir='ltr'><strong>subjungit</strong></span> <span class='ocrx_word' id='word_1_262' title='bbox 3045 764 3058 798; x_wconf 92' lang='lat'>:</span> <span class='ocrx_word' id='word_1_263' title='bbox 3088 743 3375 797; x_wconf 68' lang='lat' dir='ltr'><strong>Exaudivit</strong></span> <span class='ocrx_word' id='word_1_264' title='bbox 3404 743 3468 797; x_wconf 86' lang='lat' dir='ltr'><strong>de</strong></span> <span class='ocrx_word' id='word_1_265' title='bbox 3506 752 3631 797; x_wconf 86' lang='lat' dir='ltr'><strong>tem-</strong></span> 
     </span>
    </p>
   </div>
   <div class='ocr_carea' id='block_1_37' title="bbox 2051 834 3633 908">
    <p class='ocr_par' dir='ltr' id='par_1_37' title="bbox 2051 834 3633 908">
     <span class='ocr_line' id='line_1_37' title="bbox 2051 834 3633 908; baseline -0.003 -17"><span class='ocrx_word' id='word_1_266' title='bbox 2051 839 2137 908; x_wconf 78' lang='lat' dir='ltr'><strong>plo</strong></span> <span class='ocrx_word' id='word_1_267' title='bbox 2161 849 2345 893; x_wconf 86' lang='lat' dir='ltr'><strong>sancto</strong></span> <span class='ocrx_word' id='word_1_268' title='bbox 2371 855 2467 892; x_wconf 86' lang='lat' dir='ltr'><strong>suo</strong></span> <span class='ocrx_word' id='word_1_269' title='bbox 2496 854 2671 892; x_wconf 82' lang='lat' dir='ltr'><strong>vocem</strong></span> <span class='ocrx_word' id='word_1_270' title='bbox 2702 854 2894 900; x_wconf 84' lang='lat' dir='ltr'><strong>meam,</strong></span> <span class='ocrx_word' id='word_1_271' title='bbox 2922 845 2972 889; x_wconf 89' lang='lat' dir='ltr'><strong>et</strong></span> <span class='ocrx_word' id='word_1_272' title='bbox 3004 834 3210 889; x_wconf 86' lang='lat' dir='ltr'><strong>clamor</strong></span> <span class='ocrx_word' id='word_1_273' title='bbox 3239 851 3382 888; x_wconf 86' lang='lat' dir='ltr'><strong>meus</strong></span> <span class='ocrx_word' id='word_1_274' title='bbox 3422 834 3476 887; x_wconf 89' lang='lat' dir='ltr'><strong>in</strong></span> <span class='ocrx_word' id='word_1_275' title='bbox 3508 849 3633 888; x_wconf 78' lang='lat' dir='ltr'><strong>con-</strong></span> 
     </span>
    </p>
   </div>
   <div class='ocr_carea' id='block_1_38' title="bbox 2053 922 3630 999">
    <p class='ocr_par' dir='ltr' id='par_1_38' title="bbox 2053 922 3630 999">
     <span class='ocr_line' id='line_1_38' title="bbox 2053 922 3630 999; baseline -0.001 -16"><span class='ocrx_word' id='word_1_276' title='bbox 2053 939 2234 999; x_wconf 85' lang='lat' dir='ltr'><strong>spectu</strong></span> <span class='ocrx_word' id='word_1_277' title='bbox 2289 930 2404 999; x_wconf 87' lang='lat' dir='ltr'><strong>ejus</strong></span> <span class='ocrx_word' id='word_1_278' title='bbox 2450 922 2693 983; x_wconf 74' lang='lat' dir='ltr'><strong>introibit</strong></span> <span class='ocrx_word' id='word_1_279' title='bbox 2744 930 2799 982; x_wconf 89' lang='lat' dir='ltr'><strong>in</strong></span> <span class='ocrx_word' id='word_1_280' title='bbox 2842 944 2997 981; x_wconf 87' lang='lat' dir='ltr'><strong>aures</strong></span> <span class='ocrx_word' id='word_1_281' title='bbox 3023 927 3159 995; x_wconf 90' lang='lat' dir='ltr'><strong>ejus.</strong></span> <span class='ocrx_word' id='word_1_282' title='bbox 3204 925 3489 995; x_wconf 85' lang='lat' dir='ltr'><strong>Templum</strong></span> <span class='ocrx_word' id='word_1_283' title='bbox 3532 924 3630 981; x_wconf 86' lang='lat' dir='ltr'><strong>Dei</strong></span> 
     </span>
    </p>
   </div>
   <div class='ocr_carea' id='block_1_39' title="bbox 2053 1017 3628 1090">
    <p class='ocr_par' dir='ltr' id='par_1_39' title="bbox 2053 1017 3628 1090">
     <span class='ocr_line' id='line_1_39' title="bbox 2053 1017 3628 1090; baseline -0.003 -17"><span class='ocrx_word' id='word_1_284' title='bbox 2053 1020 2331 1090; x_wconf 83' lang='lat' dir='ltr'><strong>quodnam</strong></span> <span class='ocrx_word' id='word_1_285' title='bbox 2384 1036 2415 1073; x_wconf 87' lang='lat' dir='ltr'><strong>a</strong></span> <span class='ocrx_word' id='word_1_286' title='bbox 2455 1019 2658 1076; x_wconf 82' lang='lat' dir='ltr'><strong>Davide</strong></span> <span class='ocrx_word' id='word_1_287' title='bbox 2715 1018 3009 1075; x_wconf 87' lang='lat' dir='ltr'><strong>memorari</strong></span> <span class='ocrx_word' id='word_1_288' title='bbox 3061 1019 3150 1073; x_wconf 88' lang='lat' dir='ltr'><strong>hic</strong></span> <span class='ocrx_word' id='word_1_289' title='bbox 3195 1017 3628 1088; x_wconf 81' lang='lat' dir='ltr'><strong>intelligendum,</strong></span> 
     </span>
    </p>
   </div>
   <div class='ocr_carea' id='block_1_40' title="bbox 2053 1110 3633 1184">
    <p class='ocr_par' dir='ltr' id='par_1_40' title="bbox 2053 1110 3633 1184">
     <span class='ocr_line' id='line_1_40' title="bbox 2053 1110 3633 1184; baseline -0.002 -18"><span class='ocrx_word' id='word_1_290' title='bbox 2053 1127 2178 1167; x_wconf 88' lang='lat' dir='ltr'><strong>cum</strong></span> <span class='ocrx_word' id='word_1_291' title='bbox 2209 1112 2702 1184; x_wconf 81' lang='lat' dir='ltr'><strong>Hierosolymitana</strong></span> <span class='ocrx_word' id='word_1_292' title='bbox 2730 1110 2927 1167; x_wconf 88' lang='lat' dir='ltr'><strong>domus</strong></span> <span class='ocrx_word' id='word_1_293' title='bbox 2975 1111 3217 1166; x_wconf 89' lang='lat' dir='ltr'><strong>nondum</strong></span> <span class='ocrx_word' id='word_1_294' title='bbox 3272 1110 3509 1165; x_wconf 85' lang='lat' dir='ltr'><strong>excitata</strong></span> <span class='ocrx_word' id='word_1_295' title='bbox 3549 1123 3633 1164; x_wconf 89' lang='lat' dir='ltr'><strong>es-</strong></span> 
     </span>
    </p>
   </div>
   <div class='ocr_carea' id='block_1_41' title="bbox 2054 1201 3629 1272">
    <p class='ocr_par' dir='ltr' id='par_1_41' title="bbox 2054 1201 3629 1272">
     <span class='ocr_line' id='line_1_41' title="bbox 2054 1201 3629 1272; baseline -0.004 -13"><span class='ocrx_word' id='word_1_296' title='bbox 2054 1215 2172 1271; x_wconf 86' lang='lat' dir='ltr'><strong>set;</strong></span> <span class='ocrx_word' id='word_1_297' title='bbox 2205 1205 2311 1260; x_wconf 86' lang='lat' dir='ltr'><strong>nisi</strong></span> <span class='ocrx_word' id='word_1_298' title='bbox 2353 1206 2631 1260; x_wconf 67' lang='lat' dir='ltr'><strong>cmlestem</strong></span> <span class='ocrx_word' id='word_1_299' title='bbox 2668 1202 2760 1259; x_wconf 90' lang='lat' dir='ltr'><strong>Dei</strong></span> <span class='ocrx_word' id='word_1_300' title='bbox 2800 1204 3100 1268; x_wconf 88' lang='lat' dir='ltr'><strong>civitatem,</strong></span> <span class='ocrx_word' id='word_1_301' title='bbox 3151 1216 3443 1272; x_wconf 86' lang='lat' dir='ltr'><strong>supernam</strong></span> <span class='ocrx_word' id='word_1_302' title='bbox 3478 1201 3629 1254; x_wconf 85' lang='lat' dir='ltr'><strong>illam</strong></span> 
     </span>
    </p>
   </div>
   <div class='ocr_carea' id='block_1_42' title="bbox 2051 1296 3632 1367">
    <p class='ocr_par' dir='ltr' id='par_1_42' title="bbox 2051 1296 3632 1367">
     <span class='ocr_line' id='line_1_42' title="bbox 2051 1296 3632 1367; baseline -0.002 -17"><span class='ocrx_word' id='word_1_303' title='bbox 2051 1296 2376 1362; x_wconf 78' lang='lat' dir='ltr'><strong>Jerusalem,</strong></span> <span class='ocrx_word' id='word_1_304' title='bbox 2409 1299 2568 1366; x_wconf 89' lang='lat' dir='ltr'><strong>cujus</strong></span> <span class='ocrx_word' id='word_1_305' title='bbox 2605 1297 2785 1367; x_wconf 85' lang='lat' dir='ltr'><strong>imago</strong></span> <span class='ocrx_word' id='word_1_306' title='bbox 2811 1297 2912 1349; x_wconf 79' lang='lat' dir='ltr'><strong>fuit</strong></span> <span class='ocrx_word' id='word_1_307' title='bbox 2940 1297 3200 1366; x_wconf 91' lang='lat' dir='ltr'><strong>templum</strong></span> <span class='ocrx_word' id='word_1_308' title='bbox 3240 1296 3293 1348; x_wconf 92' lang='lat' dir='ltr'><strong>in</strong></span> <span class='ocrx_word' id='word_1_309' title='bbox 3324 1302 3471 1349; x_wconf 88' lang='lat' dir='ltr'><strong>terra</strong></span> <span class='ocrx_word' id='word_1_310' title='bbox 3498 1309 3632 1349; x_wconf 91' lang='lat' dir='ltr'><strong>eon-</strong></span> 
     </span>
    </p>
   </div>
   <div class='ocr_carea' id='block_1_43' title="bbox 2054 1394 2361 1447">
    <p class='ocr_par' dir='ltr' id='par_1_43' title="bbox 2054 1394 2361 1447">
     <span class='ocr_line' id='line_1_43' title="bbox 2054 1394 2361 1447; baseline -0.007 -1"><span class='ocrx_word' id='word_1_311' title='bbox 2054 1402 2319 1447; x_wconf 79' lang='lat' dir='ltr'><strong>structum</strong></span> <span class='ocrx_word' id='word_1_312' title='bbox 2337 1394 2361 1444; x_wconf 87' lang='lat'>?</span> 
     </span>
    </p>
   </div>
   <div class='ocr_carea' id='block_1_44' title="bbox 2127 1564 3629 1634">
    <p class='ocr_par' dir='ltr' id='par_1_44' title="bbox 2127 1564 3629 1634">
     <span class='ocr_line' id='line_1_44' title="bbox 2127 1564 3629 1634; baseline -0.006 -9"><span class='ocrx_word' id='word_1_313' title='bbox 2127 1570 2291 1626; x_wconf 72' lang='lat' dir='ltr'><strong>Vens.</strong></span> <span class='ocrx_word' id='word_1_314' title='bbox 2335 1569 2388 1623; x_wconf 91' lang='lat'><strong>8.</strong></span> <span class='ocrx_word' id='word_1_315' title='bbox 2417 1567 2695 1624; x_wconf 79' lang='lat' dir='ltr'><strong>Commota</strong></span> <span class='ocrx_word' id='word_1_316' title='bbox 2717 1577 2796 1623; x_wconf 86' lang='lat' dir='ltr'><strong>est</strong></span> <span class='ocrx_word' id='word_1_317' title='bbox 2825 1577 2877 1621; x_wconf 88' lang='lat' dir='ltr'><strong>et</strong></span> <span class='ocrx_word' id='word_1_318' title='bbox 2902 1567 3215 1622; x_wconf 87' lang='lat' dir='ltr'><strong>contremuit</strong></span> <span class='ocrx_word' id='word_1_319' title='bbox 3241 1576 3405 1632; x_wconf 90' lang='lat' dir='ltr'><strong>terra,</strong></span> <span class='ocrx_word' id='word_1_320' title='bbox 3429 1564 3629 1634; x_wconf 84' lang='lat' dir='ltr'><strong>funda-</strong></span> 
     </span>
    </p>
   </div>
   <div class='ocr_carea' id='block_1_45' title="bbox 2053 1661 3629 1723">
    <p class='ocr_par' dir='ltr' id='par_1_45' title="bbox 2053 1661 3629 1723">
     <span class='ocr_line' id='line_1_45' title="bbox 2053 1661 3629 1723; baseline -0.004 -6"><span class='ocrx_word' id='word_1_321' title='bbox 2053 1673 2232 1718; x_wconf 88' lang='lat' dir='ltr'><strong>menta</strong></span> <span class='ocrx_word' id='word_1_322' title='bbox 2274 1663 2529 1716; x_wconf 75' lang='lat' dir='ltr'><strong>montium</strong></span> <span class='ocrx_word' id='word_1_323' title='bbox 2582 1661 2898 1716; x_wconf 75' lang='lat' dir='ltr'><strong>conturbata</strong></span> <span class='ocrx_word' id='word_1_324' title='bbox 2926 1672 3049 1714; x_wconf 89' lang='lat' dir='ltr'><strong>sunt</strong></span> <span class='ocrx_word' id='word_1_325' title='bbox 3092 1669 3141 1714; x_wconf 88' lang='lat' dir='ltr'><strong>et</strong></span> <span class='ocrx_word' id='word_1_326' title='bbox 3198 1666 3460 1713; x_wconf 89' lang='lat' dir='ltr'><strong>commota</strong></span> <span class='ocrx_word' id='word_1_327' title='bbox 3480 1666 3629 1723; x_wconf 86' lang='lat' dir='ltr'><strong>sunt,</strong></span> 
     </span>
    </p>
   </div>
   <div class='ocr_carea' id='block_1_46' title="bbox 2048 1748 3631 1827">
    <p class='ocr_par' dir='ltr' id='par_1_46' title="bbox 2048 1748 3631 1827">
     <span class='ocr_line' id='line_1_46' title="bbox 2048 1748 3631 1827; baseline -0.003 -18"><span class='ocrx_word' id='word_1_328' title='bbox 2048 1758 2303 1827; x_wconf 85' lang='lat' dir='ltr'><strong>quoniam</strong></span> <span class='ocrx_word' id='word_1_329' title='bbox 2350 1756 2521 1809; x_wconf 85' lang='lat' dir='ltr'><strong>iratus</strong></span> <span class='ocrx_word' id='word_1_330' title='bbox 2554 1763 2635 1809; x_wconf 89' lang='lat' dir='ltr'><strong>est</strong></span> <span class='ocrx_word' id='word_1_331' title='bbox 2679 1756 2755 1809; x_wconf 88' lang='lat' dir='ltr'><strong>eis</strong></span> <span class='ocrx_word' id='word_1_332' title='bbox 2797 1753 2962 1807; x_wconf 91' lang='lat' dir='ltr'><strong>Deus.</strong></span> <span class='ocrx_word' id='word_1_333' title='bbox 3008 1750 3135 1808; x_wconf 88' lang='lat' dir='ltr'><strong>Istis</strong></span> <span class='ocrx_word' id='word_1_334' title='bbox 3180 1748 3631 1805; x_wconf 72' lang='lat' dir='ltr'><strong>manifestissime</strong></span> 
     </span>
    </p>
   </div>
   <div class='ocr_carea' id='block_1_47' title="bbox 1968 1821 3632 1909">
    <p class='ocr_par' dir='ltr' id='par_1_47' title="bbox 1968 1821 3632 1909">
     <span class='ocr_line' id='line_1_47' title="bbox 1968 1821 3632 1909; baseline -0.005 -9"><span class='ocrx_word' id='word_1_335' title='bbox 1968 1821 2022 1875; x_wconf 71' lang='grc' dir='ltr'><strong>’Β</strong></span> <span class='ocrx_word' id='word_1_336' title='bbox 2052 1844 2385 1900; x_wconf 77' lang='lat' dir='ltr'><strong>vaticinatur</strong></span> <span class='ocrx_word' id='word_1_337' title='bbox 2439 1844 2686 1898; x_wconf 82' lang='lat' dir='ltr'><strong>futurum</strong></span> <span class='ocrx_word' id='word_1_338' title='bbox 2747 1841 2965 1897; x_wconf 84' lang='lat' dir='ltr'><strong>Domini</strong></span> <span class='ocrx_word' id='word_1_339' title='bbox 3020 1839 3349 1895; x_wconf 80' lang='lat' dir='ltr'><strong>descensum</strong></span> <span class='ocrx_word' id='word_1_340' title='bbox 3405 1844 3632 1909; x_wconf 90' lang='lat' dir='ltr'><strong>propter</strong></span> 
     </span>
    </p>
   </div>
   <div class='ocr_carea' id='block_1_48' title="bbox 2048 1929 3631 2006">
    <p class='ocr_par' dir='ltr' id='par_1_48' title="bbox 2048 1929 3631 2006">
     <span class='ocr_line' id='line_1_48' title="bbox 2048 1929 3631 2006; baseline -0.004 -14"><span class='ocrx_word' id='word_1_341' title='bbox 2048 1947 2303 2000; x_wconf 87' lang='lat' dir='ltr'><strong>mortem,</strong></span> <span class='ocrx_word' id='word_1_342' title='bbox 2327 1951 2543 1991; x_wconf 88' lang='lat' dir='ltr'><strong>necnon</strong></span> <span class='ocrx_word' id='word_1_343' title='bbox 2567 1942 2793 2006; x_wconf 88' lang='lat' dir='ltr'><strong>propter</strong></span> <span class='ocrx_word' id='word_1_344' title='bbox 2842 1942 3119 1989; x_wconf 87' lang='lat' dir='ltr'><strong>torrentes</strong></span> <span class='ocrx_word' id='word_1_345' title='bbox 3161 1931 3495 2002; x_wconf 82' lang='lat' dir='ltr'><strong>iniquitatis,</strong></span> <span class='ocrx_word' id='word_1_346' title='bbox 3530 1929 3631 1985; x_wconf 87' lang='lat' dir='ltr'><strong>do-</strong></span> 
     </span>
    </p>
   </div>
   <div class='ocr_carea' id='block_1_49' title="bbox 2047 2026 3631 2098">
    <p class='ocr_par' dir='ltr' id='par_1_49' title="bbox 2047 2026 3631 2098">
     <span class='ocr_line' id='line_1_49' title="bbox 2047 2026 3631 2098; baseline -0.003 -16"><span class='ocrx_word' id='word_1_347' title='bbox 2047 2029 2194 2085; x_wconf 89' lang='lat' dir='ltr'><strong>lores</strong></span> <span class='ocrx_word' id='word_1_348' title='bbox 2246 2027 2473 2093; x_wconf 81' lang='lat' dir='ltr'><strong>inferni,</strong></span> <span class='ocrx_word' id='word_1_349' title='bbox 2543 2036 2597 2083; x_wconf 91' lang='lat' dir='ltr'><strong>et</strong></span> <span class='ocrx_word' id='word_1_350' title='bbox 2634 2028 2863 2098; x_wconf 88' lang='lat' dir='ltr'><strong>laqueos</strong></span> <span class='ocrx_word' id='word_1_351' title='bbox 2894 2027 3132 2093; x_wconf 88' lang='lat' dir='ltr'><strong>mortis;</strong></span> <span class='ocrx_word' id='word_1_352' title='bbox 3183 2041 3305 2096; x_wconf 68' lang='lat' dir='ltr'><strong>qua:</strong></span> <span class='ocrx_word' id='word_1_353' title='bbox 3358 2026 3414 2080; x_wconf 91' lang='lat' dir='ltr'><strong>in</strong></span> <span class='ocrx_word' id='word_1_354' title='bbox 3461 2039 3631 2079; x_wconf 85' lang='lat' dir='ltr'><strong>causa</strong></span> 
     </span>
    </p>
   </div>
   <div class='ocr_carea' id='block_1_50' title="bbox 2047 2116 3628 2175">
    <p class='ocr_par' dir='ltr' id='par_1_50' title="bbox 2047 2116 3628 2175">
     <span class='ocr_line' id='line_1_50' title="bbox 2047 2116 3628 2175; baseline -0.004 0"><span class='ocrx_word' id='word_1_355' title='bbox 2047 2118 2202 2175; x_wconf 78' lang='lat' dir='ltr'><strong>fuere</strong></span> <span class='ocrx_word' id='word_1_356' title='bbox 2226 2135 2326 2174; x_wconf 89' lang='lat' dir='ltr'><strong>cur</strong></span> <span class='ocrx_word' id='word_1_357' title='bbox 2353 2134 2422 2175; x_wconf 81' lang='lat' dir='ltr'><strong>ex</strong></span> <span class='ocrx_word' id='word_1_358' title='bbox 2455 2118 2613 2173; x_wconf 71' lang='lat' dir='ltr'><strong>emlis</strong></span> <span class='ocrx_word' id='word_1_359' title='bbox 2646 2117 3024 2173; x_wconf 82' lang='lat' dir='ltr'><strong>descenderet.</strong></span> <span class='ocrx_word' id='word_1_360' title='bbox 3066 2116 3127 2171; x_wconf 81' lang='lat' dir='ltr'><strong>in</strong></span> <span class='ocrx_word' id='word_1_361' title='bbox 3150 2116 3420 2172; x_wconf 87' lang='lat' dir='ltr'><strong>descensu</strong></span> <span class='ocrx_word' id='word_1_362' title='bbox 3444 2127 3628 2170; x_wconf 90' lang='lat' dir='ltr'><strong>autem</strong></span> 
     </span>
    </p>
   </div>
   <div class='ocr_carea' id='block_1_51' title="bbox 2044 2208 3623 2284">
    <p class='ocr_par' dir='ltr' id='par_1_51' title="bbox 2044 2208 3623 2284">
     <span class='ocr_line' id='line_1_51' title="bbox 2044 2208 3623 2284; baseline -0.003 -16"><span class='ocrx_word' id='word_1_363' title='bbox 2044 2214 2167 2284; x_wconf 84' lang='lat' dir='ltr'><strong>ejus</strong></span> <span class='ocrx_word' id='word_1_364' title='bbox 2188 2227 2437 2283; x_wconf 65' lang='lat' dir='ltr'><strong>quaenam</strong></span> <span class='ocrx_word' id='word_1_365' title='bbox 2464 2220 2615 2282; x_wconf 88' lang='lat' dir='ltr'><strong>gesta</strong></span> <span class='ocrx_word' id='word_1_366' title='bbox 2640 2212 2771 2273; x_wconf 86' lang='lat' dir='ltr'><strong>sint,</strong></span> <span class='ocrx_word' id='word_1_367' title='bbox 2807 2211 2962 2279; x_wconf 87' lang='lat' dir='ltr'><strong>prius</strong></span> <span class='ocrx_word' id='word_1_368' title='bbox 2985 2210 3265 2264; x_wconf 82' lang='lat' dir='ltr'><strong>enarravit</strong></span> <span class='ocrx_word' id='word_1_369' title='bbox 3302 2209 3389 2264; x_wconf 87' lang='lat' dir='ltr'><strong>his</strong></span> <span class='ocrx_word' id='word_1_370' title='bbox 3423 2208 3623 2263; x_wconf 85' lang='lat' dir='ltr'><strong>verbis:</strong></span> 
     </span>
    </p>
   </div>
   <div class='ocr_carea' id='block_1_52' title="bbox 2046 2301 3622 2374">
    <p class='ocr_par' dir='ltr' id='par_1_52' title="bbox 2046 2301 3622 2374">
     <span class='ocr_line' id='line_1_52' title="bbox 2046 2301 3622 2374; baseline -0.006 -12"><span class='ocrx_word' id='word_1_371' title='bbox 2046 2307 2325 2363; x_wconf 84' lang='lat' dir='ltr'><strong>Commota</strong></span> <span class='ocrx_word' id='word_1_372' title='bbox 2352 2315 2431 2361; x_wconf 88' lang='lat' dir='ltr'><strong>est</strong></span> <span class='ocrx_word' id='word_1_373' title='bbox 2466 2315 2517 2360; x_wconf 89' lang='lat' dir='ltr'><strong>et</strong></span> <span class='ocrx_word' id='word_1_374' title='bbox 2552 2305 2868 2361; x_wconf 84' lang='lat' dir='ltr'><strong>contremuit</strong></span> <span class='ocrx_word' id='word_1_375' title='bbox 2899 2314 3042 2358; x_wconf 87' lang='lat' dir='ltr'><strong>terra</strong></span> <span class='ocrx_word' id='word_1_376' title='bbox 3071 2320 3090 2358; x_wconf 91' lang='lat'><strong><em>:</em></strong></span> <span class='ocrx_word' id='word_1_377' title='bbox 3114 2319 3214 2374; x_wconf 92' lang='lat' dir='ltr'><strong>pro</strong></span> <span class='ocrx_word' id='word_1_378' title='bbox 3254 2318 3363 2373; x_wconf 91' lang='lat' dir='ltr'><strong>quo</strong></span> <span class='ocrx_word' id='word_1_379' title='bbox 3401 2301 3622 2372; x_wconf 83' lang='lat' dir='ltr'><strong>Aquila,</strong></span> 
     </span>
    </p>
   </div>
   <div class='ocr_carea' id='block_1_53' title="bbox 2044 2393 3628 2467">
    <p class='ocr_par' dir='ltr' id='par_1_53' title="bbox 2044 2393 3628 2467">
     <span class='ocr_line' id='line_1_53' title="bbox 2044 2393 3628 2467; baseline -0.003 -13"><span class='ocrx_word' id='word_1_380' title='bbox 2044 2408 2191 2455; x_wconf 88' lang='lat' dir='ltr'><strong>mota</strong></span> <span class='ocrx_word' id='word_1_381' title='bbox 2207 2408 2284 2453; x_wconf 86' lang='lat' dir='ltr'><strong>est</strong></span> <span class='ocrx_word' id='word_1_382' title='bbox 2312 2406 2361 2453; x_wconf 88' lang='lat' dir='ltr'><strong>et</strong></span> <span class='ocrx_word' id='word_1_383' title='bbox 2378 2408 2636 2452; x_wconf 84' lang='lat' dir='ltr'><strong>concussa</strong></span> <span class='ocrx_word' id='word_1_384' title='bbox 2658 2406 2736 2451; x_wconf 87' lang='lat' dir='ltr'><strong>est</strong></span> <span class='ocrx_word' id='word_1_385' title='bbox 2769 2405 2933 2461; x_wconf 83' lang='lat' dir='ltr'><strong>terra,</strong></span> <span class='ocrx_word' id='word_1_386' title='bbox 2959 2396 3377 2467; x_wconf 84' lang='lat' dir='ltr'><strong>interpretatur.</strong></span> <span class='ocrx_word' id='word_1_387' title='bbox 3400 2393 3467 2448; x_wconf 86' lang='lat' dir='ltr'><strong>Et</strong></span> <span class='ocrx_word' id='word_1_388' title='bbox 3493 2408 3628 2449; x_wconf 84' lang='lat' dir='ltr'><strong>sane</strong></span> 
     </span>
    </p>
   </div>
   <div class='ocr_carea' id='block_1_54' title="bbox 2044 2486 3628 2559">
    <p class='ocr_par' dir='ltr' id='par_1_54' title="bbox 2044 2486 3628 2559">
     <span class='ocr_line' id='line_1_54' title="bbox 2044 2486 3628 2559; baseline -0.008 -10"><span class='ocrx_word' id='word_1_389' title='bbox 2044 2492 2176 2549; x_wconf 90' lang='lat' dir='ltr'><strong>dicti</strong></span> <span class='ocrx_word' id='word_1_390' title='bbox 2199 2492 2346 2546; x_wconf 89' lang='lat' dir='ltr'><strong>illius</strong></span> <span class='ocrx_word' id='word_1_391' title='bbox 2373 2491 2662 2545; x_wconf 82' lang='lat' dir='ltr'><strong>veritatem</strong></span> <span class='ocrx_word' id='word_1_392' title='bbox 2693 2505 2782 2544; x_wconf 90' lang='lat' dir='ltr'><strong>res</strong></span> <span class='ocrx_word' id='word_1_393' title='bbox 2810 2489 2926 2558; x_wconf 88' lang='lat' dir='ltr'><strong>ipsa</strong></span> <span class='ocrx_word' id='word_1_394' title='bbox 2944 2497 3097 2559; x_wconf 84' lang='lat' dir='ltr'><strong>gesta</strong></span> <span class='ocrx_word' id='word_1_395' title='bbox 3113 2486 3447 2544; x_wconf 82' lang='lat' dir='ltr'><strong>testiﬁcatur</strong></span> <span class='ocrx_word' id='word_1_396' title='bbox 3466 2502 3479 2538; x_wconf 86' lang='lat'><strong>:</strong></span> <span class='ocrx_word' id='word_1_397' title='bbox 3501 2500 3628 2539; x_wconf 87' lang='lat' dir='ltr'><strong>cum</strong></span> 
     </span>
    </p>
   </div>
   <div class='ocr_carea' id='block_1_55' title="bbox 2044 2574 3629 2648">
    <p class='ocr_par' dir='ltr' id='par_1_55' title="bbox 2044 2574 3629 2648">
     <span class='ocr_line' id='line_1_55' title="bbox 2044 2574 3629 2648; baseline -0.007 -10"><span class='ocrx_word' id='word_1_398' title='bbox 2044 2582 2192 2638; x_wconf 88' lang='lat' dir='ltr'><strong>enim</strong></span> <span class='ocrx_word' id='word_1_399' title='bbox 2218 2579 2393 2637; x_wconf 87' lang='lat' dir='ltr'><strong>Filius</strong></span> <span class='ocrx_word' id='word_1_400' title='bbox 2413 2578 2509 2635; x_wconf 87' lang='lat' dir='ltr'><strong>Dei</strong></span> <span class='ocrx_word' id='word_1_401' title='bbox 2533 2580 2590 2632; x_wconf 90' lang='lat' dir='ltr'><strong>in</strong></span> <span class='ocrx_word' id='word_1_402' title='bbox 2611 2585 2782 2643; x_wconf 85' lang='lat' dir='ltr'><strong>terra,</strong></span> <span class='ocrx_word' id='word_1_403' title='bbox 2814 2585 3058 2648; x_wconf 87' lang='lat' dir='ltr'><strong>tempore</strong></span> <span class='ocrx_word' id='word_1_404' title='bbox 3087 2575 3358 2631; x_wconf 88' lang='lat' dir='ltr'><strong>adventus</strong></span> <span class='ocrx_word' id='word_1_405' title='bbox 3386 2574 3472 2630; x_wconf 91' lang='lat' dir='ltr'><strong>sui</strong></span> <span class='ocrx_word' id='word_1_406' title='bbox 3502 2589 3629 2629; x_wconf 86' lang='lat' dir='ltr'><strong>car-</strong></span> 
     </span>
    </p>
   </div>
   <div class='ocr_carea' id='block_1_56' title="bbox 2043 2667 3628 2743">
    <p class='ocr_par' dir='ltr' id='par_1_56' title="bbox 2043 2667 3628 2743">
     <span class='ocr_line' id='line_1_56' title="bbox 2043 2667 3628 2743; baseline -0.006 -15"><span class='ocrx_word' id='word_1_407' title='bbox 2043 2673 2207 2739; x_wconf 85' lang='lat' dir='ltr'><strong>nalis,</strong></span> <span class='ocrx_word' id='word_1_408' title='bbox 2240 2670 2730 2743; x_wconf 78' lang='lat' dir='ltr'><strong>peregrinabatur;</strong></span> <span class='ocrx_word' id='word_1_409' title='bbox 2766 2676 3038 2739; x_wconf 86' lang='lat' dir='ltr'><strong>quotquot</strong></span> <span class='ocrx_word' id='word_1_410' title='bbox 3078 2674 3358 2722; x_wconf 89' lang='lat' dir='ltr'><strong>terrenum</strong></span> <span class='ocrx_word' id='word_1_411' title='bbox 3387 2667 3628 2721; x_wconf 86' lang='lat' dir='ltr'><strong>elemen-</strong></span> 
     </span>
    </p>
   </div>
   <div class='ocr_carea' id='block_1_57' title="bbox 2043 2759 3628 2828">
    <p class='ocr_par' dir='ltr' id='par_1_57' title="bbox 2043 2759 3628 2828">
     <span class='ocr_line' id='line_1_57' title="bbox 2043 2759 3628 2828; baseline -0.006 -8"><span class='ocrx_word' id='word_1_412' title='bbox 2043 2774 2160 2820; x_wconf 87' lang='lat' dir='ltr'><strong>tum</strong></span> <span class='ocrx_word' id='word_1_413' title='bbox 2206 2763 2477 2828; x_wconf 87' lang='lat' dir='ltr'><strong>incolunt,</strong></span> <span class='ocrx_word' id='word_1_414' title='bbox 2533 2760 2794 2817; x_wconf 87' lang='lat' dir='ltr'><strong>commoti</strong></span> <span class='ocrx_word' id='word_1_415' title='bbox 2837 2774 2902 2814; x_wconf 88' lang='lat' dir='ltr'><strong>ac</strong></span> <span class='ocrx_word' id='word_1_416' title='bbox 2952 2759 3209 2815; x_wconf 88' lang='lat' dir='ltr'><strong>concussi</strong></span> <span class='ocrx_word' id='word_1_417' title='bbox 3241 2766 3390 2823; x_wconf 90' lang='lat' dir='ltr'><strong>sunt,</strong></span> <span class='ocrx_word' id='word_1_418' title='bbox 3438 2772 3503 2812; x_wconf 88' lang='lat' dir='ltr'><strong>ac</strong></span> <span class='ocrx_word' id='word_1_419' title='bbox 3530 2773 3628 2828; x_wconf 89' lang='lat' dir='ltr'><strong>per</strong></span> 
     </span>
    </p>
   </div>
   <div class='ocr_carea' id='block_1_58' title="bbox 2043 2847 3624 2923">
    <p class='ocr_par' dir='ltr' id='par_1_58' title="bbox 2043 2847 3624 2923">
     <span class='ocr_line' id='line_1_58' title="bbox 2043 2847 3624 2923; baseline -0.005 -11"><span class='ocrx_word' id='word_1_420' title='bbox 2043 2856 2356 2912; x_wconf 62' lang='lat' dir='ltr'><strong>Graecorum</strong></span> <span class='ocrx_word' id='word_1_421' title='bbox 2384 2854 2864 2923; x_wconf 87' lang='lat' dir='ltr'><strong>barbarorumque</strong></span> <span class='ocrx_word' id='word_1_422' title='bbox 2909 2866 3074 2907; x_wconf 86' lang='lat' dir='ltr'><strong>aures</strong></span> <span class='ocrx_word' id='word_1_423' title='bbox 3103 2850 3306 2921; x_wconf 82' lang='lat' dir='ltr'><strong>ubique</strong></span> <span class='ocrx_word' id='word_1_424' title='bbox 3332 2847 3474 2903; x_wconf 79' lang='lat' dir='ltr'><strong>fama</strong></span> <span class='ocrx_word' id='word_1_425' title='bbox 3502 2849 3624 2918; x_wconf 88' lang='lat' dir='ltr'><strong>ejus</strong></span> 
     </span>
    </p>
   </div>
   <div class='ocr_carea' id='block_1_59' title="bbox 2041 2941 3625 3020">
    <p class='ocr_par' dir='ltr' id='par_1_59' title="bbox 2041 2941 3625 3020">
     <span class='ocr_line' id='line_1_59' title="bbox 2041 2941 3625 3020; baseline -0.004 -17"><span class='ocrx_word' id='word_1_426' title='bbox 2041 2947 2391 3020; x_wconf 87' lang='lat' dir='ltr'><strong>percrebuit:</strong></span> <span class='ocrx_word' id='word_1_427' title='bbox 2433 2960 2498 3001; x_wconf 88' lang='lat' dir='ltr'><strong>ea</strong></span> <span class='ocrx_word' id='word_1_428' title='bbox 2522 2960 2654 3000; x_wconf 89' lang='lat' dir='ltr'><strong>vero</strong></span> <span class='ocrx_word' id='word_1_429' title='bbox 2684 2958 2806 3014; x_wconf 71' lang='lat' dir='ltr'><strong>qua:</strong></span> <span class='ocrx_word' id='word_1_430' title='bbox 2836 2941 3192 2997; x_wconf 84' lang='lat' dir='ltr'><strong>fundamenta</strong></span> <span class='ocrx_word' id='word_1_431' title='bbox 3227 2941 3490 2996; x_wconf 87' lang='lat' dir='ltr'><strong>montium</strong></span> <span class='ocrx_word' id='word_1_432' title='bbox 3525 2958 3625 2996; x_wconf 90' lang='lat' dir='ltr'><strong>vo-</strong></span> 
     </span>
    </p>
   </div>
   <div class='ocr_carea' id='block_1_60' title="bbox 2041 3032 3627 3105">
    <p class='ocr_par' dir='ltr' id='par_1_60' title="bbox 2041 3032 3627 3105">
     <span class='ocr_line' id='line_1_60' title="bbox 2041 3032 3627 3105; baseline -0.006 -10"><span class='ocrx_word' id='word_1_433' title='bbox 2041 3049 2259 3105; x_wconf 89' lang='lat' dir='ltr'><strong>cantur,</strong></span> <span class='ocrx_word' id='word_1_434' title='bbox 2284 3038 2610 3095; x_wconf 88' lang='lat' dir='ltr'><strong>conturbata</strong></span> <span class='ocrx_word' id='word_1_435' title='bbox 2649 3047 2778 3092; x_wconf 90' lang='lat' dir='ltr'><strong>sunt</strong></span> <span class='ocrx_word' id='word_1_436' title='bbox 2804 3045 2857 3093; x_wconf 81' lang='lat' dir='ltr'><strong>e‘t</strong></span> <span class='ocrx_word' id='word_1_437' title='bbox 2880 3043 3154 3092; x_wconf 87' lang='lat' dir='ltr'><strong>commota</strong></span> <span class='ocrx_word' id='word_1_438' title='bbox 3187 3040 3337 3097; x_wconf 89' lang='lat' dir='ltr'><strong>sunt,</strong></span> <span class='ocrx_word' id='word_1_439' title='bbox 3366 3032 3450 3088; x_wconf 89' lang='lat' dir='ltr'><strong>vel</strong></span> <span class='ocrx_word' id='word_1_440' title='bbox 3470 3032 3627 3102; x_wconf 79' lang='lat' dir='ltr'><strong>juxta</strong></span> 
     </span>
    </p>
   </div>
   <div class='ocr_carea' id='block_1_61' title="bbox 361 3127 1937 3213">
    <p class='ocr_par' dir='ltr' id='par_1_61' title="bbox 361 3129 1937 3207">
     <span class='ocr_line' id='line_1_61' title="bbox 361 3129 1937 3207; baseline 0.003 -25"><span class='ocrx_word' id='word_1_441' title='bbox 361 3143 502 3193; x_wconf 77' lang='grc' dir='ltr'><em>σαν,</em></span> <span class='ocrx_word' id='word_1_442' title='bbox 537 3129 626 3183; x_wconf 80' lang='grc' dir='ltr'><strong>ὅτι</strong></span> <span class='ocrx_word' id='word_1_443' title='bbox 647 3130 904 3200; x_wconf 73' lang='grc' dir='ltr'><em>ὠργίσθη</em></span> <span class='ocrx_word' id='word_1_444' title='bbox 951 3133 1174 3207; x_wconf 59' lang='grc' dir='ltr'><strong>αῠζοῖς.</strong></span> <span class='ocrx_word' id='word_1_445' title='bbox 1214 3136 1352 3205; x_wconf 84' lang='grc' dir='ltr'>Ὀρη</span> <span class='ocrx_word' id='word_1_446' title='bbox 1377 3134 1435 3187; x_wconf 81' lang='grc' dir='ltr'>δὲ</span> <span class='ocrx_word' id='word_1_447' title='bbox 1465 3129 1534 3206; x_wconf 81' lang='grc' dir='ltr'>ἦν</span> <span class='ocrx_word' id='word_1_448' title='bbox 1565 3133 1635 3187; x_wconf 83' lang='grc' dir='ltr'>τὰ</span> <span class='ocrx_word' id='word_1_449' title='bbox 1666 3132 1937 3204; x_wconf 81' lang='grc' dir='ltr'>ὑψώματα</span> 
     </span>
    </p>
   </div>
   <div class='ocr_carea' id='block_1_62' title="bbox 2039 3127 3627 3213">
    <p class='ocr_par' dir='ltr' id='par_1_62' title="bbox 2044 3127 3627 3205">
     <span class='ocr_line' id='line_1_62' title="bbox 2044 3127 3627 3205; baseline -0.008 -16"><span class='ocrx_word' id='word_1_450' title='bbox 2044 3132 2456 3205; x_wconf 86' lang='lat' dir='ltr'><strong>Symmachum,</strong></span> <span class='ocrx_word' id='word_1_451' title='bbox 2489 3132 2840 3186; x_wconf 85' lang='lat' dir='ltr'><strong>circumversa</strong></span> <span class='ocrx_word' id='word_1_452' title='bbox 2877 3136 3020 3195; x_wconf 85' lang='lat' dir='ltr'><strong>sunt,</strong></span> <span class='ocrx_word' id='word_1_453' title='bbox 3047 3127 3490 3197; x_wconf 81' lang='lat' dir='ltr'><strong>quoniamiratus</strong></span> <span class='ocrx_word' id='word_1_454' title='bbox 3549 3135 3627 3178; x_wconf 85' lang='lat' dir='ltr'><strong>est</strong></span> 
     </span>
    </p>
   </div>
   <div class='ocr_carea' id='block_1_63' title="bbox 359 3215 1935 3295">
    <p class='ocr_par' dir='ltr' id='par_1_63' title="bbox 359 3215 1935 3295">
     <span class='ocr_line' id='line_1_63' title="bbox 359 3215 1935 3295; baseline 0.006 -26"><span class='ocrx_word' id='word_1_455' title='bbox 359 3215 430 3269; x_wconf 87' lang='grc' dir='ltr'>τὰ</span> <span class='ocrx_word' id='word_1_456' title='bbox 452 3218 787 3289; x_wconf 74' lang='grc' dir='ltr'>ἐπαιρόμενοι</span> <span class='ocrx_word' id='word_1_457' title='bbox 815 3219 956 3273; x_wconf 88' lang='grc' dir='ltr'><strong>κατά</strong></span> <span class='ocrx_word' id='word_1_458' title='bbox 981 3220 1083 3292; x_wconf 84' lang='grc' dir='ltr'><strong>τῆς</strong></span> <span class='ocrx_word' id='word_1_459' title='bbox 1109 3221 1362 3290; x_wconf 84' lang='grc' dir='ltr'>γνώσεως</span> <span class='ocrx_word' id='word_1_460' title='bbox 1382 3222 1477 3277; x_wconf 88' lang='grc' dir='ltr'><strong>τοῦ</strong></span> <span class='ocrx_word' id='word_1_461' title='bbox 1498 3222 1655 3288; x_wconf 85' lang='grc' dir='ltr'>Θεοῦ,</span> <span class='ocrx_word' id='word_1_462' title='bbox 1677 3224 1935 3295; x_wconf 84' lang='grc' dir='ltr'>δυνάμεις</span> 
     </span>
    </p>
   </div>
   <div class='ocr_carea' id='block_1_64' title="bbox 359 3308 1936 3391">
    <p class='ocr_par' dir='ltr' id='par_1_64' title="bbox 359 3308 1936 3391">
     <span class='ocr_line' id='line_1_64' title="bbox 359 3308 1936 3391; baseline 0.006 -31"><span class='ocrx_word' id='word_1_463' title='bbox 359 3308 503 3391; x_wconf 81' lang='grc' dir='ltr'>τινὲς</span> <span class='ocrx_word' id='word_1_464' title='bbox 545 3310 939 3381; x_wconf 78' lang='grc' dir='ltr'>ἀντικείμεναι,</span> <span class='ocrx_word' id='word_1_465' title='bbox 978 3313 1035 3365; x_wconf 82' lang='grc' dir='ltr'>αἱ</span> <span class='ocrx_word' id='word_1_466' title='bbox 1078 3312 1171 3367; x_wconf 87' lang='grc' dir='ltr'><strong>τὸν</strong></span> <span class='ocrx_word' id='word_1_467' title='bbox 1218 3315 1428 3388; x_wconf 79' lang='grc' dir='ltr'>μακρὸν</span> <span class='ocrx_word' id='word_1_468' title='bbox 1461 3315 1634 3371; x_wconf 82' lang='grc' dir='ltr'>αἰῶνα</span> <span class='ocrx_word' id='word_1_469' title='bbox 1682 3317 1809 3380; x_wconf 79' lang='grc' dir='ltr'>τοὺς</span> <span class='ocrx_word' id='word_1_470' title='bbox 1840 3317 1936 3370; x_wconf 73' lang='grc' dir='ltr'>ἐπὶ</span> 
     </span>
    </p>
   </div>
   <div class='ocr_carea' id='block_1_65' title="bbox 359 3400 1936 3476">
    <p class='ocr_par' dir='ltr' id='par_1_65' title="bbox 359 3400 1936 3476">
     <span class='ocr_line' id='line_1_65' title="bbox 359 3400 1936 3476; baseline 0.004 -22"><span class='ocrx_word' id='word_1_471' title='bbox 359 3400 464 3470; x_wconf 80' lang='grc' dir='ltr'>γῆς</span> <span class='ocrx_word' id='word_1_472' title='bbox 489 3400 735 3465; x_wconf 78' lang='grc' dir='ltr'>ἅπαντας</span> <span class='ocrx_word' id='word_1_473' title='bbox 759 3403 1212 3476; x_wconf 87' lang='grc' dir='ltr'>ἀποπλανήσασαι</span> <span class='ocrx_word' id='word_1_474' title='bbox 1236 3404 1326 3461; x_wconf 87' lang='grc' dir='ltr'>διὰ</span> <span class='ocrx_word' id='word_1_475' title='bbox 1354 3406 1457 3476; x_wconf 79' lang='grc' dir='ltr'>τῆς</span> <span class='ocrx_word' id='word_1_476' title='bbox 1490 3406 1751 3462; x_wconf 82' lang='grc' dir='ltr'>πολυθέου</span> <span class='ocrx_word' id='word_1_477' title='bbox 1778 3408 1936 3462; x_wconf 86' lang='grc' dir='ltr'>δεισι-</span> 
     </span>
    </p>
   </div>
   <div class='ocr_carea' id='block_1_66' title="bbox 357 3488 1936 3568">
    <p class='ocr_par' dir='ltr' id='par_1_66' title="bbox 357 3488 1936 3568">
     <span class='ocr_line' id='line_1_66' title="bbox 357 3488 1936 3568; baseline 0.008 -28"><span class='ocrx_word' id='word_1_478' title='bbox 357 3488 657 3558; x_wconf 84' lang='grc' dir='ltr'>δαιμονίας.</span> <span class='ocrx_word' id='word_1_479' title='bbox 691 3490 909 3545; x_wconf 87' lang='grc' dir='ltr'>Τούτων</span> <span class='ocrx_word' id='word_1_480' title='bbox 938 3488 1029 3547; x_wconf 66' lang='grc' dir='ltr'>οὗν</span> <span class='ocrx_word' id='word_1_481' title='bbox 1048 3491 1236 3562; x_wconf 80' lang='grc' dir='ltr'>ὀρέων</span> <span class='ocrx_word' id='word_1_482' title='bbox 1250 3496 1326 3552; x_wconf 83' lang='grc' dir='ltr'>τὰ</span> <span class='ocrx_word' id='word_1_483' title='bbox 1339 3494 1581 3568; x_wconf 78' lang='grc' dir='ltr'><em>θεμέλια</em></span> <span class='ocrx_word' id='word_1_484' title='bbox 1599 3498 1843 3552; x_wconf 80' lang='grc' dir='ltr'>τουτέστι</span> <span class='ocrx_word' id='word_1_485' title='bbox 1866 3499 1936 3553; x_wconf 79' lang='grc' dir='ltr'>τὰ</span> 
     </span>
    </p>
   </div>
   <div class='ocr_carea' id='block_1_67' title="bbox 362 3578 1935 3661">
    <p class='ocr_par' dir='ltr' id='par_1_67' title="bbox 362 3578 1935 3661">
     <span class='ocr_line' id='line_1_67' title="bbox 362 3578 1935 3661; baseline 0.008 -27"><span class='ocrx_word' id='word_1_486' title='bbox 362 3578 499 3652; x_wconf 83' lang='grc' dir='ltr'>βάθη</span> <span class='ocrx_word' id='word_1_487' title='bbox 542 3582 638 3634; x_wconf 74' lang='grc' dir='ltr'><strong>καὶ</strong></span> <span class='ocrx_word' id='word_1_488' title='bbox 666 3582 716 3636; x_wconf 89' lang='grc' dir='ltr'><strong>οἱ</strong></span> <span class='ocrx_word' id='word_1_489' title='bbox 749 3583 1021 3656; x_wconf 73' lang='grc' dir='ltr'>λογισμοὶ,</span> <span class='ocrx_word' id='word_1_490' title='bbox 1048 3585 1148 3657; x_wconf 78' lang='grc' dir='ltr'>τῆς</span> <span class='ocrx_word' id='word_1_491' title='bbox 1181 3585 1274 3642; x_wconf 86' lang='grc' dir='ltr'><strong>τοῦ</strong></span> <span class='ocrx_word' id='word_1_492' title='bbox 1309 3590 1515 3661; x_wconf 86' lang='grc' dir='ltr'>Κυρίου</span> <span class='ocrx_word' id='word_1_493' title='bbox 1547 3590 1828 3661; x_wconf 85' lang='grc' dir='ltr'>δυνάμεως</span> <span class='ocrx_word' id='word_1_494' title='bbox 1851 3592 1935 3646; x_wconf 78' lang='lat' dir='ltr'><strong>atl—</strong></span> 
     </span>
    </p>
   </div>
   <div class='ocr_carea' id='block_1_68' title="bbox 362 3669 1760 3748">
    <p class='ocr_par' dir='ltr' id='par_1_68' title="bbox 362 3669 1760 3748">
     <span class='ocr_line' id='line_1_68' title="bbox 362 3669 1760 3748; baseline 0.001 -24"><span class='ocrx_word' id='word_1_495' title='bbox 362 3670 619 3743; x_wconf 78' lang='grc' dir='ltr'>σθόμενα,</span> <span class='ocrx_word' id='word_1_496' title='bbox 651 3671 1096 3743; x_wconf 75' lang='grc' dir='ltr'><strong>ἐταράχθησαν,</strong></span> <span class='ocrx_word' id='word_1_497' title='bbox 1127 3672 1217 3728; x_wconf 83' lang='grc' dir='ltr'><strong>ὅτι</strong></span> <span class='ocrx_word' id='word_1_498' title='bbox 1237 3677 1505 3748; x_wconf 77' lang='grc' dir='ltr'><strong>ὠργίσθη</strong></span> <span class='ocrx_word' id='word_1_499' title='bbox 1536 3669 1760 3738; x_wconf 80' lang='grc' dir='ltr'><strong>αὐτοῖς.</strong></span> 
     </span>
    </p>
   </div>
   <div class='ocr_carea' id='block_1_69' title="bbox 429 3936 1930 4020">
    <p class='ocr_par' dir='ltr' id='par_1_69' title="bbox 429 3936 1930 4020">
     <span class='ocr_line' id='line_1_69' title="bbox 429 3936 1930 4020; baseline 0.008 -28"><span class='ocrx_word' id='word_1_500' title='bbox 429 3939 496 3993; x_wconf 88' lang='grc' dir='ltr'>Τί</span> <span class='ocrx_word' id='word_1_501' title='bbox 521 3936 614 3994; x_wconf 77' lang='grc' dir='ltr'><strong>οὖν</strong></span> <span class='ocrx_word' id='word_1_502' title='bbox 636 3941 851 4013; x_wconf 76' lang='grc' dir='ltr'><strong>ἐνεργεῖ</strong></span> <span class='ocrx_word' id='word_1_503' title='bbox 870 3945 902 4014; x_wconf 82' lang='grc' dir='ltr'><strong>ἡ</strong></span> <span class='ocrx_word' id='word_1_504' title='bbox 919 3944 1056 4016; x_wconf 83' lang='grc' dir='ltr'>ὀργὴ</span> <span class='ocrx_word' id='word_1_505' title='bbox 1073 3944 1214 3999; x_wconf 78' lang='grc' dir='ltr'>κατὰ</span> <span class='ocrx_word' id='word_1_506' title='bbox 1228 3945 1334 3999; x_wconf 84' lang='grc' dir='ltr'><strong>τῶν</strong></span> <span class='ocrx_word' id='word_1_507' title='bbox 1350 3948 1722 4003; x_wconf 82' lang='grc' dir='ltr'>ἀποδοθέντων</span> <span class='ocrx_word' id='word_1_508' title='bbox 1737 3948 1930 4020; x_wconf 82' lang='grc' dir='ltr'>ὀρέων,</span> 
     </span>
    </p>
   </div>
   <div class='ocr_carea' id='block_1_70' title="bbox 358 4029 1932 4110">
    <p class='ocr_par' dir='ltr' id='par_1_70' title="bbox 358 4029 1932 4110">
     <span class='ocr_line' id='line_1_70' title="bbox 358 4029 1932 4110; baseline 0.008 -28"><span class='ocrx_word' id='word_1_509' title='bbox 358 4029 486 4102; x_wconf 78' lang='grc' dir='ltr'><strong>ἑξῆς</strong></span> <span class='ocrx_word' id='word_1_510' title='bbox 506 4031 743 4086; x_wconf 80' lang='grc' dir='ltr'><strong>διδάσκει</strong></span> <span class='ocrx_word' id='word_1_511' title='bbox 764 4033 938 4102; x_wconf 82' lang='grc' dir='ltr'>λέγων</span> <span class='ocrx_word' id='word_1_512' title='bbox 953 4052 966 4065; x_wconf 93' lang='grc'><strong>·</strong></span> <span class='ocrx_word' id='word_1_513' title='bbox 1000 4034 1196 4104; x_wconf 70' lang='grc' dir='ltr'>Ἀνέϐη</span> <span class='ocrx_word' id='word_1_514' title='bbox 1222 4038 1451 4105; x_wconf 78' lang='grc' dir='ltr'>καπνὸς</span> <span class='ocrx_word' id='word_1_515' title='bbox 1468 4040 1538 4094; x_wconf 83' lang='grc' dir='ltr'><strong>ἐν</strong></span> <span class='ocrx_word' id='word_1_516' title='bbox 1557 4040 1705 4110; x_wconf 72' lang='grc' dir='ltr'>ὀργῇ</span> <span class='ocrx_word' id='word_1_517' title='bbox 1724 4042 1932 4097; x_wconf 87' lang='grc' dir='ltr'>αὐτοῦ.</span> 
     </span>
    </p>
   </div>
   <div class='ocr_carea' id='block_1_71' title="bbox 363 4124 1933 4203">
    <p class='ocr_par' dir='ltr' id='par_1_71' title="bbox 363 4124 1933 4203">
     <span class='ocr_line' id='line_1_71' title="bbox 363 4124 1933 4203; baseline 0.009 -27"><span class='ocrx_word' id='word_1_518' title='bbox 363 4124 569 4197; x_wconf 85' lang='grc' dir='ltr'>Ὥσπερ</span> <span class='ocrx_word' id='word_1_519' title='bbox 613 4126 724 4198; x_wconf 87' lang='grc' dir='ltr'>γὰρ</span> <span class='ocrx_word' id='word_1_520' title='bbox 762 4127 921 4181; x_wconf 88' lang='grc' dir='ltr'>δαλοῦ</span> <span class='ocrx_word' id='word_1_521' title='bbox 974 4130 1265 4200; x_wconf 81' lang='grc' dir='ltr'>καιομένου</span> <span class='ocrx_word' id='word_1_522' title='bbox 1313 4131 1420 4185; x_wconf 83' lang='grc' dir='ltr'>ὑπὸ</span> <span class='ocrx_word' id='word_1_523' title='bbox 1472 4133 1665 4203; x_wconf 83' lang='grc' dir='ltr'>πυρὸς,</span> <span class='ocrx_word' id='word_1_524' title='bbox 1694 4134 1933 4191; x_wconf 80' lang='grc' dir='ltr'>κᾶπειτα</span> 
     </span>
    </p>
   </div>
   <div class='ocr_carea' id='block_1_72' title="bbox 359 4215 1933 4298">
    <p class='ocr_par' dir='ltr' id='par_1_72' title="bbox 359 4215 1933 4298">
     <span class='ocr_line' id='line_1_72' title="bbox 359 4215 1933 4298; baseline 0.008 -29"><span class='ocrx_word' id='word_1_525' title='bbox 359 4215 736 4288; x_wconf 89' lang='grc' dir='ltr'>σϐεννυμένου,</span> <span class='ocrx_word' id='word_1_526' title='bbox 786 4219 993 4284; x_wconf 84' lang='grc' dir='ltr'>καπνὸς</span> <span class='ocrx_word' id='word_1_527' title='bbox 1039 4221 1368 4288; x_wconf 81' lang='grc' dir='ltr'>ἀποδίδοται,</span> <span class='ocrx_word' id='word_1_528' title='bbox 1397 4223 1489 4278; x_wconf 82' lang='grc' dir='ltr'>τὸν</span> <span class='ocrx_word' id='word_1_529' title='bbox 1538 4225 1700 4279; x_wconf 82' lang='grc' dir='ltr'>αὐτὸν</span> <span class='ocrx_word' id='word_1_530' title='bbox 1731 4226 1933 4298; x_wconf 87' lang='grc' dir='ltr'>τρόπον</span> 
     </span>
    </p>
   </div>
   <div class='ocr_carea' id='block_1_73' title="bbox 356 4308 1937 4395">
    <p class='ocr_par' dir='ltr' id='par_1_73' title="bbox 356 4308 1937 4395">
     <span class='ocr_line' id='line_1_73' title="bbox 356 4308 1937 4395; baseline 0.011 -36"><span class='ocrx_word' id='word_1_531' title='bbox 356 4308 415 4360; x_wconf 87' lang='grc' dir='ltr'>αἱ</span> <span class='ocrx_word' id='word_1_532' title='bbox 443 4308 810 4381; x_wconf 87' lang='grc' dir='ltr'>ἀντικείμεναι</span> <span class='ocrx_word' id='word_1_533' title='bbox 833 4311 1111 4383; x_wconf 84' lang='grc' dir='ltr'>δυνάμεις,</span> <span class='ocrx_word' id='word_1_534' title='bbox 1154 4315 1322 4370; x_wconf 78' lang='grc' dir='ltr'>πάλαι</span> <span class='ocrx_word' id='word_1_535' title='bbox 1364 4317 1463 4388; x_wconf 83' lang='grc' dir='ltr'><strong>μὲν</strong></span> <span class='ocrx_word' id='word_1_536' title='bbox 1496 4319 1760 4390; x_wconf 89' lang='grc' dir='ltr'>πρότερον</span> <span class='ocrx_word' id='word_1_537' title='bbox 1800 4324 1937 4395; x_wconf 66' lang='grc' dir='ltr'><strong>πυρὶ⁹</strong></span> 
     </span>
    </p>
   </div>
   <div class='ocr_carea' id='block_1_74' title="bbox 357 4400 1937 4484">
    <p class='ocr_par' dir='ltr' id='par_1_74' title="bbox 357 4400 1937 4484">
     <span class='ocr_line' id='line_1_74' title="bbox 357 4400 1937 4484; baseline 0.011 -33"><span class='ocrx_word' id='word_1_538' title='bbox 357 4400 855 4473; x_wconf 88' lang='grc' dir='ltr'>παραϐαλλόμεναι,</span> <span class='ocrx_word' id='word_1_539' title='bbox 871 4404 970 4469; x_wconf 82' lang='grc' dir='ltr'>τὰς</span> <span class='ocrx_word' id='word_1_540' title='bbox 990 4405 1098 4460; x_wconf 86' lang='grc' dir='ltr'><strong>τῶν</strong></span> <span class='ocrx_word' id='word_1_541' title='bbox 1140 4406 1444 4481; x_wconf 85' lang='grc' dir='ltr'>ἀνθρώπων</span> <span class='ocrx_word' id='word_1_542' title='bbox 1466 4411 1644 4482; x_wconf 76' lang='grc' dir='ltr'>ψυχὰς</span> <span class='ocrx_word' id='word_1_543' title='bbox 1673 4414 1937 4484; x_wconf 82' lang='grc' dir='ltr'>κατέφλε-</span> 
     </span>
    </p>
   </div>
   <div class='ocr_carea' id='block_1_75' title="bbox 2034 3216 3623 3287">
    <p class='ocr_par' dir='ltr' id='par_1_75' title="bbox 2034 3216 3623 3287">
     <span class='ocr_line' id='line_1_75' title="bbox 2034 3216 3623 3287; baseline -0.006 -9"><span class='ocrx_word' id='word_1_544' title='bbox 2034 3225 2131 3278; x_wconf 88' lang='lat' dir='ltr'><strong>eis.</strong></span> <span class='ocrx_word' id='word_1_545' title='bbox 2160 3221 2369 3278; x_wconf 85' lang='lat' dir='ltr'><strong>Montes</strong></span> <span class='ocrx_word' id='word_1_546' title='bbox 2398 3228 2578 3276; x_wconf 89' lang='lat' dir='ltr'><strong>autem</strong></span> <span class='ocrx_word' id='word_1_547' title='bbox 2601 3218 3136 3275; x_wconf 88' lang='lat' dir='ltr'><strong>erantsublimitates</strong></span> <span class='ocrx_word' id='word_1_548' title='bbox 3156 3233 3348 3274; x_wconf 89' lang='lat' dir='ltr'><strong>omnes</strong></span> <span class='ocrx_word' id='word_1_549' title='bbox 3376 3232 3498 3287; x_wconf 64' lang='lat' dir='ltr'><strong>quae</strong></span> <span class='ocrx_word' id='word_1_550' title='bbox 3525 3216 3623 3269; x_wconf 84' lang='lat' dir='ltr'><strong>ad-</strong></span> 
     </span>
    </p>
   </div>
   <div class='ocr_carea' id='block_1_76' title="bbox 2036 3308 3627 3383">
    <p class='ocr_par' dir='ltr' id='par_1_76' title="bbox 2036 3308 3627 3383">
     <span class='ocr_line' id='line_1_76' title="bbox 2036 3308 3627 3383; baseline -0.007 -12"><span class='ocrx_word' id='word_1_551' title='bbox 2036 3330 2233 3371; x_wconf 85' lang='lat' dir='ltr'><strong>versus</strong></span> <span class='ocrx_word' id='word_1_552' title='bbox 2254 3313 2643 3383; x_wconf 77' lang='lat' dir='ltr'><strong>cogitationem</strong></span> <span class='ocrx_word' id='word_1_553' title='bbox 2672 3311 2766 3367; x_wconf 89' lang='lat' dir='ltr'><strong>Dei</strong></span> <span class='ocrx_word' id='word_1_554' title='bbox 2792 3312 3165 3382; x_wconf 82' lang='lat' dir='ltr'><strong>erigebantur,</strong></span> <span class='ocrx_word' id='word_1_555' title='bbox 3197 3310 3409 3365; x_wconf 74' lang='lat' dir='ltr'><strong>sciliCct</strong></span> <span class='ocrx_word' id='word_1_556' title='bbox 3436 3308 3627 3364; x_wconf 75' lang='lat' dir='ltr'><strong>advor-</strong></span> 
     </span>
    </p>
   </div>
   <div class='ocr_carea' id='block_1_77' title="bbox 2038 3403 3624 3475">
    <p class='ocr_par' dir='ltr' id='par_1_77' title="bbox 2038 3403 3624 3475">
     <span class='ocr_line' id='line_1_77' title="bbox 2038 3403 3624 3475; baseline -0.003 -14"><span class='ocrx_word' id='word_1_557' title='bbox 2038 3406 2199 3462; x_wconf 66' lang='lat' dir='ltr'><strong>sariaa</strong></span> <span class='ocrx_word' id='word_1_558' title='bbox 2231 3403 2481 3475; x_wconf 82' lang='lat' dir='ltr'><strong>quaedam</strong></span> <span class='ocrx_word' id='word_1_559' title='bbox 2527 3410 2850 3474; x_wconf 89' lang='lat' dir='ltr'><strong>potestates,</strong></span> <span class='ocrx_word' id='word_1_560' title='bbox 2886 3417 3008 3473; x_wconf 61' lang='lat' dir='ltr'><strong>quas</strong></span> <span class='ocrx_word' id='word_1_561' title='bbox 3062 3418 3159 3473; x_wconf 85' lang='lat' dir='ltr'><strong>per</strong></span> <span class='ocrx_word' id='word_1_562' title='bbox 3194 3403 3353 3472; x_wconf 85' lang='lat' dir='ltr'><strong>longa</strong></span> <span class='ocrx_word' id='word_1_563' title='bbox 3393 3403 3624 3457; x_wconf 72' lang='lat' dir='ltr'><strong>saeculo-</strong></span> 
     </span>
    </p>
   </div>
   <div class='ocr_carea' id='block_1_78' title="bbox 2038 3494 3623 3569">
    <p class='ocr_par' dir='ltr' id='par_1_78' title="bbox 2038 3494 3623 3569">
     <span class='ocr_line' id='line_1_78' title="bbox 2038 3494 3623 3569; baseline -0.004 -15"><span class='ocrx_word' id='word_1_564' title='bbox 2038 3514 2162 3554; x_wconf 89' lang='lat' dir='ltr'><strong>rum</strong></span> <span class='ocrx_word' id='word_1_565' title='bbox 2186 3498 2362 3569; x_wconf 87' lang='lat' dir='ltr'><strong>spatia</strong></span> <span class='ocrx_word' id='word_1_566' title='bbox 2396 3497 2703 3566; x_wconf 82' lang='lat' dir='ltr'><strong>terrigenas</strong></span> <span class='ocrx_word' id='word_1_567' title='bbox 2732 3510 2924 3551; x_wconf 85' lang='lat' dir='ltr'><strong>omnes</strong></span> <span class='ocrx_word' id='word_1_568' title='bbox 2983 3495 3037 3548; x_wconf 92' lang='lat' dir='ltr'><strong>in</strong></span> <span class='ocrx_word' id='word_1_569' title='bbox 3085 3495 3468 3565; x_wconf 80' lang='lat' dir='ltr'><strong>multiplicium</strong></span> <span class='ocrx_word' id='word_1_570' title='bbox 3491 3494 3623 3548; x_wconf 84' lang='lat' dir='ltr'><strong>deo-</strong></span> 
     </span>
    </p>
   </div>
   <div class='ocr_carea' id='block_1_79' title="bbox 2036 3585 3619 3659">
    <p class='ocr_par' dir='ltr' id='par_1_79' title="bbox 2036 3585 3619 3659">
     <span class='ocr_line' id='line_1_79' title="bbox 2036 3585 3619 3659; baseline -0.002 -15"><span class='ocrx_word' id='word_1_571' title='bbox 2036 3605 2161 3644; x_wconf 85' lang='lat' dir='ltr'><strong>rum</strong></span> <span class='ocrx_word' id='word_1_572' title='bbox 2222 3588 2671 3659; x_wconf 86' lang='lat' dir='ltr'><strong>superstitionem</strong></span> <span class='ocrx_word' id='word_1_573' title='bbox 2738 3597 2903 3657; x_wconf 86' lang='lat' dir='ltr'><strong>atque</strong></span> <span class='ocrx_word' id='word_1_574' title='bbox 2954 3602 3199 3642; x_wconf 89' lang='lat' dir='ltr'><strong>errorem</strong></span> <span class='ocrx_word' id='word_1_575' title='bbox 3257 3585 3619 3641; x_wconf 75' lang='lat' dir='ltr'><strong>abduxeraut.</strong></span> 
     </span>
    </p>
   </div>
   <div class='ocr_carea' id='block_1_80' title="bbox 2037 3679 3620 3752">
    <p class='ocr_par' dir='ltr' id='par_1_80' title="bbox 2037 3679 3620 3752">
     <span class='ocr_line' id='line_1_80' title="bbox 2037 3679 3620 3752; baseline -0.001 -17"><span class='ocrx_word' id='word_1_576' title='bbox 2037 3680 2243 3736; x_wconf 85' lang='lat' dir='ltr'><strong>Horum</strong></span> <span class='ocrx_word' id='word_1_577' title='bbox 2276 3680 2441 3752; x_wconf 80' lang='lat' dir='ltr'><strong>igitur</strong></span> <span class='ocrx_word' id='word_1_578' title='bbox 2470 3681 2729 3734; x_wconf 81' lang='lat' dir='ltr'><strong>montium</strong></span> <span class='ocrx_word' id='word_1_579' title='bbox 2768 3679 3137 3749; x_wconf 82' lang='lat' dir='ltr'><strong>fundamenta,</strong></span> <span class='ocrx_word' id='word_1_580' title='bbox 3201 3679 3256 3734; x_wconf 89' lang='lat' dir='ltr'><strong>id</strong></span> <span class='ocrx_word' id='word_1_581' title='bbox 3295 3687 3381 3735; x_wconf 90' lang='lat' dir='ltr'><strong>est</strong></span> <span class='ocrx_word' id='word_1_582' title='bbox 3423 3679 3620 3734; x_wconf 82' lang='lat' dir='ltr'><strong>altiora</strong></span> 
     </span>
    </p>
   </div>
   <div class='ocr_carea' id='block_1_81' title="bbox 2039 3769 3618 3841">
    <p class='ocr_par' dir='ltr' id='par_1_81' title="bbox 2039 3769 3618 3841">
     <span class='ocr_line' id='line_1_81' title="bbox 2039 3769 3618 3841; baseline -0.001 -16"><span class='ocrx_word' id='word_1_583' title='bbox 2039 3771 2267 3827; x_wconf 89' lang='lat' dir='ltr'><strong>consilia</strong></span> <span class='ocrx_word' id='word_1_584' title='bbox 2295 3782 2351 3826; x_wconf 92' lang='lat' dir='ltr'><strong>et</strong></span> <span class='ocrx_word' id='word_1_585' title='bbox 2383 3771 2767 3841; x_wconf 83' lang='lat' dir='ltr'><strong>cogitationes,</strong></span> <span class='ocrx_word' id='word_1_586' title='bbox 2801 3769 3014 3825; x_wconf 90' lang='lat' dir='ltr'><strong>Domini</strong></span> <span class='ocrx_word' id='word_1_587' title='bbox 3046 3770 3305 3826; x_wconf 88' lang='lat' dir='ltr'><strong>virtutem</strong></span> <span class='ocrx_word' id='word_1_588' title='bbox 3336 3786 3461 3825; x_wconf 91' lang='lat' dir='ltr'><strong>cum</strong></span> <span class='ocrx_word' id='word_1_589' title='bbox 3488 3786 3618 3840; x_wconf 89' lang='lat' dir='ltr'><strong>per-</strong></span> 
     </span>
    </p>
   </div>
   <div class='ocr_carea' id='block_1_82' title="bbox 2039 3860 3619 3931">
    <p class='ocr_par' dir='ltr' id='par_1_82' title="bbox 2039 3860 3619 3931">
     <span class='ocr_line' id='line_1_82' title="bbox 2039 3860 3619 3931; baseline 0.001 -15"><span class='ocrx_word' id='word_1_590' title='bbox 2039 3860 2421 3923; x_wconf 86' lang='lat' dir='ltr'><strong>sentiscerent,</strong></span> <span class='ocrx_word' id='word_1_591' title='bbox 2455 3860 2769 3914; x_wconf 85' lang='lat' dir='ltr'><strong>conturbata</strong></span> <span class='ocrx_word' id='word_1_592' title='bbox 2784 3868 2927 3925; x_wconf 83' lang='lat' dir='ltr'><strong>sunt,</strong></span> <span class='ocrx_word' id='word_1_593' title='bbox 2951 3862 3200 3931; x_wconf 87' lang='lat' dir='ltr'><strong>quoniam</strong></span> <span class='ocrx_word' id='word_1_594' title='bbox 3235 3862 3407 3916; x_wconf 86' lang='lat' dir='ltr'><strong>iratus</strong></span> <span class='ocrx_word' id='word_1_595' title='bbox 3432 3861 3619 3918; x_wconf 85' lang='lat' dir='ltr'><strong>esteis.</strong></span> 
     </span>
    </p>
   </div>
   <div class='ocr_carea' id='block_1_83' title="bbox 2113 3950 3620 4021">
    <p class='ocr_par' dir='ltr' id='par_1_83' title="bbox 2113 3950 3620 4021">
     <span class='ocr_line' id='line_1_83' title="bbox 2113 3950 3620 4021; baseline 0.003 -16"><span class='ocrx_word' id='word_1_596' title='bbox 2113 3951 2275 4006; x_wconf 74' lang='lat' dir='ltr'><strong>Vens.</strong></span> <span class='ocrx_word' id='word_1_597' title='bbox 2312 3952 2367 4014; x_wconf 91' lang='lat'><strong>9,</strong></span> <span class='ocrx_word' id='word_1_598' title='bbox 2399 3953 2486 4006; x_wconf 80' lang='grc'><strong>10.</strong></span> <span class='ocrx_word' id='word_1_599' title='bbox 2515 3951 2657 4017; x_wconf 86' lang='lat' dir='ltr'><strong>Quid</strong></span> <span class='ocrx_word' id='word_1_600' title='bbox 2703 3950 2885 4021; x_wconf 83' lang='lat' dir='ltr'><strong>itaque</strong></span> <span class='ocrx_word' id='word_1_601' title='bbox 2915 3962 3171 4020; x_wconf 84' lang='lat' dir='ltr'><strong>operetur</strong></span> <span class='ocrx_word' id='word_1_602' title='bbox 3211 3955 3289 4007; x_wconf 89' lang='lat' dir='ltr'><strong>ira</strong></span> <span class='ocrx_word' id='word_1_603' title='bbox 3358 3952 3620 4010; x_wconf 78' lang='lat' dir='ltr'><strong>adversus</strong></span> 
     </span>
    </p>
   </div>
   <div class='ocr_carea' id='block_1_84' title="bbox 2038 4030 3619 4112">
    <p class='ocr_par' dir='ltr' id='par_1_84' title="bbox 2038 4030 3619 4112">
     <span class='ocr_line' id='line_1_84' title="bbox 2038 4030 3619 4112; baseline -0.001 -12"><span class='ocrx_word' id='word_1_604' title='bbox 2038 4053 2255 4100; x_wconf 89' lang='lat' dir='ltr'><strong>montes</strong></span> <span class='ocrx_word' id='word_1_605' title='bbox 2282 4044 2407 4098; x_wconf 87' lang='lat' dir='ltr'><strong>illos</strong></span> <span class='ocrx_word' id='word_1_606' title='bbox 2437 4044 2543 4099; x_wconf 87' lang='lat' dir='ltr'><strong>sibi</strong></span> <span class='ocrx_word' id='word_1_607' title='bbox 2575 4030 2831 4106; x_wconf 84' lang='lat' dir='ltr'><strong>traditos,</strong></span> <span class='ocrx_word' id='word_1_608' title='bbox 2855 4042 3053 4099; x_wconf 87' lang='lat' dir='ltr'><strong>deinde</strong></span> <span class='ocrx_word' id='word_1_609' title='bbox 3091 4044 3265 4112; x_wconf 84' lang='lat' dir='ltr'><strong>aperit</strong></span> <span class='ocrx_word' id='word_1_610' title='bbox 3297 4044 3450 4098; x_wconf 88' lang='lat' dir='ltr'><strong>hisce</strong></span> <span class='ocrx_word' id='word_1_611' title='bbox 3495 4060 3619 4099; x_wconf 75' lang='lat' dir='ltr'><strong>ver-</strong></span> 
     </span>
    </p>
   </div>
   <div class='ocr_carea' id='block_1_85' title="bbox 2038 4133 3618 4204">
    <p class='ocr_par' dir='ltr' id='par_1_85' title="bbox 2038 4133 3618 4204">
     <span class='ocr_line' id='line_1_85' title="bbox 2038 4133 3618 4204; baseline -0.003 -11"><span class='ocrx_word' id='word_1_612' title='bbox 2038 4138 2163 4193; x_wconf 85' lang='lat' dir='ltr'><strong>bis:</strong></span> <span class='ocrx_word' id='word_1_613' title='bbox 2200 4136 2448 4190; x_wconf 77' lang='lat' dir='ltr'><strong>Ascendit</strong></span> <span class='ocrx_word' id='word_1_614' title='bbox 2481 4136 2659 4204; x_wconf 82' lang='lat' dir='ltr'><strong>fumus</strong></span> <span class='ocrx_word' id='word_1_615' title='bbox 2696 4135 2852 4188; x_wconf 89' lang='lat' dir='ltr'><strong>inira</strong></span> <span class='ocrx_word' id='word_1_616' title='bbox 2871 4135 3006 4203; x_wconf 72' lang='lat' dir='ltr'><strong>ejus.</strong></span> <span class='ocrx_word' id='word_1_617' title='bbox 3041 4133 3193 4189; x_wconf 87' lang='lat' dir='ltr'><strong>Sicut</strong></span> <span class='ocrx_word' id='word_1_618' title='bbox 3243 4136 3387 4189; x_wconf 87' lang='lat' dir='ltr'><strong>enim</strong></span> <span class='ocrx_word' id='word_1_619' title='bbox 3453 4137 3618 4190; x_wconf 88' lang='lat' dir='ltr'><strong>torris</strong></span> 
     </span>
    </p>
   </div>
   <div class='ocr_carea' id='block_1_86' title="bbox 2039 4224 3616 4298">
    <p class='ocr_par' dir='ltr' id='par_1_86' title="bbox 2039 4224 3616 4298">
     <span class='ocr_line' id='line_1_86' title="bbox 2039 4224 3616 4298; baseline -0.002 -17"><span class='ocrx_word' id='word_1_620' title='bbox 2039 4227 2243 4298; x_wconf 82' lang='lat' dir='ltr'><strong>ignitus</strong></span> <span class='ocrx_word' id='word_1_621' title='bbox 2265 4226 2314 4281; x_wconf 88' lang='lat' dir='ltr'><strong>si</strong></span> <span class='ocrx_word' id='word_1_622' title='bbox 2333 4227 2735 4297; x_wconf 79' lang='lat' dir='ltr'><strong>exstinguatur,</strong></span> <span class='ocrx_word' id='word_1_623' title='bbox 2764 4234 2895 4280; x_wconf 91' lang='lat' dir='ltr'><strong>tunc</strong></span> <span class='ocrx_word' id='word_1_624' title='bbox 2947 4224 3132 4279; x_wconf 84' lang='lat' dir='ltr'><strong>fumus</strong></span> <span class='ocrx_word' id='word_1_625' title='bbox 3161 4225 3451 4291; x_wconf 86' lang='lat' dir='ltr'><strong>emittitur,</strong></span> <span class='ocrx_word' id='word_1_626' title='bbox 3497 4225 3616 4294; x_wconf 87' lang='lat' dir='ltr'><strong>pari</strong></span> 
     </span>
    </p>
   </div>
   <div class='ocr_carea' id='block_1_87' title="bbox 2037 4315 3659 4388">
    <p class='ocr_par' dir='ltr' id='par_1_87' title="bbox 2037 4315 3659 4388">
     <span class='ocr_line' id='line_1_87' title="bbox 2037 4315 3659 4388; baseline -0.001 -15"><span class='ocrx_word' id='word_1_627' title='bbox 2037 4318 2203 4374; x_wconf 87' lang='lat' dir='ltr'><strong>modo</strong></span> <span class='ocrx_word' id='word_1_628' title='bbox 2223 4317 2551 4374; x_wconf 63' lang='lat' dir='ltr'><strong>adversariae</strong></span> <span class='ocrx_word' id='word_1_629' title='bbox 2582 4325 2882 4388; x_wconf 87' lang='lat' dir='ltr'><strong>potestates</strong></span> <span class='ocrx_word' id='word_1_630' title='bbox 2911 4316 3024 4386; x_wconf 88' lang='lat' dir='ltr'><strong>jam</strong></span> <span class='ocrx_word' id='word_1_631' title='bbox 3049 4316 3258 4386; x_wconf 89' lang='lat' dir='ltr'><strong>pridem</strong></span> <span class='ocrx_word' id='word_1_632' title='bbox 3282 4315 3613 4385; x_wconf 70' lang='lat' dir='ltr'><strong>conjectmin</strong></span> <span class='ocrx_word' id='word_1_633' title='bbox 3650 4357 3659 4363; x_wconf 57' lang='grc' dir='ltr'>ς</span> 
     </span>
    </p>
   </div>
   <div class='ocr_carea' id='block_1_88' title="bbox 2039 4408 3617 4482">
    <p class='ocr_par' dir='ltr' id='par_1_88' title="bbox 2039 4408 3617 4482">
     <span class='ocr_line' id='line_1_88' title="bbox 2039 4408 3617 4482; baseline -0.003 -16"><span class='ocrx_word' id='word_1_634' title='bbox 2039 4412 2258 4482; x_wconf 82' lang='lat' dir='ltr'><strong>ignem,</strong></span> <span class='ocrx_word' id='word_1_635' title='bbox 2311 4410 2592 4466; x_wconf 88' lang='lat' dir='ltr'><strong>hominum</strong></span> <span class='ocrx_word' id='word_1_636' title='bbox 2641 4410 2854 4464; x_wconf 83' lang='lat' dir='ltr'><strong>animas</strong></span> <span class='ocrx_word' id='word_1_637' title='bbox 2916 4408 3281 4463; x_wconf 87' lang='lat' dir='ltr'><strong>incendebant</strong></span> <span class='ocrx_word' id='word_1_638' title='bbox 3329 4408 3617 4464; x_wconf 82' lang='lat' dir='ltr'><strong>combure-</strong></span> 
     </span>
    </p>
   </div>
   <div class='ocr_carea' id='block_1_89' title="bbox 355 4493 1937 4582">
    <p class='ocr_par' dir='ltr' id='par_1_89' title="bbox 355 4493 1928 4582">
     <span class='ocr_line' id='line_1_89' title="bbox 355 4493 1928 4582; baseline 0.011 -38"><span class='ocrx_word' id='word_1_639' title='bbox 355 4508 452 4558; x_wconf 84' lang='grc' dir='ltr'><strong>γον</strong></span> <span class='ocrx_word' id='word_1_640' title='bbox 477 4493 569 4545; x_wconf 67' lang='grc' dir='ltr'><strong>κα)⁸</strong></span> <span class='ocrx_word' id='word_1_641' title='bbox 602 4493 877 4561; x_wconf 72' lang='grc' dir='ltr'>ἐξέκαιονο</span> <span class='ocrx_word' id='word_1_642' title='bbox 916 4498 1039 4551; x_wconf 75' lang='grc' dir='ltr'>ἐπεὶ</span> <span class='ocrx_word' id='word_1_643' title='bbox 1069 4499 1113 4552; x_wconf 82' lang='grc' dir='ltr'>δ’</span> <span class='ocrx_word' id='word_1_644' title='bbox 1155 4501 1443 4557; x_wconf 78' lang='grc' dir='ltr'>ἐσϐέννυτο</span> <span class='ocrx_word' id='word_1_645' title='bbox 1485 4505 1667 4559; x_wconf 80' lang='grc' dir='ltr'>αὐτῶν</span> <span class='ocrx_word' id='word_1_646' title='bbox 1709 4508 1772 4561; x_wconf 84' lang='grc' dir='ltr'><strong>τὸ</strong></span> <span class='ocrx_word' id='word_1_647' title='bbox 1816 4508 1928 4582; x_wconf 84' lang='grc' dir='ltr'><strong>πῦρ</strong></span> 
     </span>
    </p>
   </div>
   <div class='ocr_carea' id='block_1_90' title="bbox 2039 4493 3616 4582">
    <p class='ocr_par' dir='ltr' id='par_1_90' title="bbox 2039 4498 3616 4572">
     <span class='ocr_line' id='line_1_90' title="bbox 2039 4498 3616 4572; baseline -0.003 -14"><span class='ocrx_word' id='word_1_648' title='bbox 2039 4503 2277 4572; x_wconf 81' lang='lat' dir='ltr'><strong>bantque</strong></span> <span class='ocrx_word' id='word_1_649' title='bbox 2301 4519 2316 4569; x_wconf 92' lang='lat'><strong>;</strong></span> <span class='ocrx_word' id='word_1_650' title='bbox 2347 4502 2474 4572; x_wconf 82' lang='lat' dir='ltr'><strong>igne</strong></span> <span class='ocrx_word' id='word_1_651' title='bbox 2503 4508 2685 4554; x_wconf 89' lang='lat' dir='ltr'><strong>autem</strong></span> <span class='ocrx_word' id='word_1_652' title='bbox 2703 4500 2772 4553; x_wconf 88' lang='lat' dir='ltr'><strong>ab</strong></span> <span class='ocrx_word' id='word_1_653' title='bbox 2797 4499 2877 4553; x_wconf 86' lang='lat' dir='ltr'><strong>ira</strong></span> <span class='ocrx_word' id='word_1_654' title='bbox 2899 4498 3113 4554; x_wconf 91' lang='lat' dir='ltr'><strong>Domini</strong></span> <span class='ocrx_word' id='word_1_655' title='bbox 3127 4501 3421 4565; x_wconf 82' lang='lat' dir='ltr'><strong>exstincto,</strong></span> <span class='ocrx_word' id='word_1_656' title='bbox 3451 4500 3616 4554; x_wconf 81' lang='lat' dir='ltr'><strong>cmis-</strong></span> 
     </span>
    </p>
   </div>
   <div class='ocr_carea' id='block_1_91' title="bbox 358 4585 1931 4668">
    <p class='ocr_par' dir='ltr' id='par_1_91' title="bbox 358 4585 1931 4668">
     <span class='ocr_line' id='line_1_91' title="bbox 358 4585 1931 4668; baseline 0.011 -32"><span class='ocrx_word' id='word_1_657' title='bbox 358 4585 464 4637; x_wconf 83' lang='grc' dir='ltr'><strong>ὑπὸ</strong></span> <span class='ocrx_word' id='word_1_658' title='bbox 498 4586 600 4656; x_wconf 82' lang='grc' dir='ltr'>τῆς</span> <span class='ocrx_word' id='word_1_659' title='bbox 635 4588 805 4658; x_wconf 84' lang='grc' dir='ltr'>ὀργῆς</span> <span class='ocrx_word' id='word_1_660' title='bbox 830 4588 925 4642; x_wconf 84' lang='grc' dir='ltr'><strong>τοῦ</strong></span> <span class='ocrx_word' id='word_1_661' title='bbox 956 4591 1183 4663; x_wconf 88' lang='grc' dir='ltr'>Κυρίου,</span> <span class='ocrx_word' id='word_1_662' title='bbox 1214 4592 1283 4647; x_wconf 83' lang='grc' dir='ltr'>τὰ</span> <span class='ocrx_word' id='word_1_663' title='bbox 1317 4598 1518 4666; x_wconf 88' lang='grc' dir='ltr'>σημεῖα</span> <span class='ocrx_word' id='word_1_664' title='bbox 1544 4600 1645 4668; x_wconf 84' lang='grc' dir='ltr'>τῇς</span> <span class='ocrx_word' id='word_1_665' title='bbox 1692 4599 1931 4664; x_wconf 88' lang='grc' dir='ltr'>σϐέσεως</span> 
     </span>
    </p>
   </div>
   <div class='ocr_carea' id='block_1_92' title="bbox 355 4675 1927 4758">
    <p class='ocr_par' dir='ltr' id='par_1_92' title="bbox 355 4675 1927 4758">
     <span class='ocr_line' id='line_1_92' title="bbox 355 4675 1927 4758; baseline 0.013 -30"><span class='ocrx_word' id='word_1_666' title='bbox 355 4675 536 4729; x_wconf 83' lang='grc' dir='ltr'>αὐτῶν</span> <span class='ocrx_word' id='word_1_667' title='bbox 581 4678 770 4750; x_wconf 80' lang='grc' dir='ltr'>ἐδήλου</span> <span class='ocrx_word' id='word_1_668' title='bbox 813 4681 842 4732; x_wconf 85' lang='grc' dir='ltr'>ὁ</span> <span class='ocrx_word' id='word_1_669' title='bbox 887 4679 948 4747; x_wconf 76' lang='grc' dir='ltr'>ἐξ</span> <span class='ocrx_word' id='word_1_670' title='bbox 991 4682 1169 4737; x_wconf 78' lang='grc' dir='ltr'>αὐτῶν</span> <span class='ocrx_word' id='word_1_671' title='bbox 1200 4686 1659 4758; x_wconf 86' lang='grc' dir='ltr'>ἀναπεμπόμενος</span> <span class='ocrx_word' id='word_1_672' title='bbox 1703 4693 1927 4758; x_wconf 87' lang='grc' dir='ltr'>καπνός.</span> 
     </span>
    </p>
   </div>
   <div class='ocr_carea' id='block_1_93' title="bbox 354 4764 1930 4848">
    <p class='ocr_par' dir='ltr' id='par_1_93' title="bbox 354 4764 1930 4848">
     <span class='ocr_line' id='line_1_93' title="bbox 354 4764 1930 4848; baseline 0.011 -25"><span class='ocrx_word' id='word_1_673' title='bbox 354 4764 470 4823; x_wconf 76' lang='grc' dir='ltr'>Εἴθ’</span> <span class='ocrx_word' id='word_1_674' title='bbox 500 4768 628 4839; x_wconf 78' lang='grc' dir='ltr'>ἑξῆς</span> <span class='ocrx_word' id='word_1_675' title='bbox 659 4771 870 4843; x_wconf 75' lang='grc' dir='ltr'>εἴρηται</span> <span class='ocrx_word' id='word_1_676' title='bbox 888 4786 904 4803; x_wconf 86' lang='grc'>⁶</span> <span class='ocrx_word' id='word_1_677' title='bbox 934 4772 1046 4827; x_wconf 77' lang='grc' dir='ltr'><strong>Καὶ</strong></span> <span class='ocrx_word' id='word_1_678' title='bbox 1080 4774 1200 4843; x_wconf 85' lang='grc' dir='ltr'><strong>πῦρ</strong></span> <span class='ocrx_word' id='word_1_679' title='bbox 1226 4778 1346 4832; x_wconf 84' lang='grc' dir='ltr'>ἀπὸ</span> <span class='ocrx_word' id='word_1_680' title='bbox 1382 4779 1708 4848; x_wconf 81' lang='grc' dir='ltr'>προσώπου</span> <span class='ocrx_word' id='word_1_681' title='bbox 1740 4786 1930 4840; x_wconf 84' lang='grc' dir='ltr'>αὑτοῦ</span> 
     </span>
    </p>
   </div>
   <div class='ocr_carea' id='block_1_94' title="bbox 353 4861 1926 4940">
    <p class='ocr_par' dir='ltr' id='par_1_94' title="bbox 353 4861 1926 4940">
     <span class='ocr_line' id='line_1_94' title="bbox 353 4861 1926 4940; baseline 0.013 -28"><span class='ocrx_word' id='word_1_682' title='bbox 353 4861 887 4931; x_wconf 70' lang='grc' dir='ltr'><em>καταφλεγήσεται·</em></span> <span class='ocrx_word' id='word_1_683' title='bbox 903 4863 1195 4933; x_wconf 78' lang='grc' dir='ltr'><em>ἄνθρακες</em></span> <span class='ocrx_word' id='word_1_684' title='bbox 1212 4869 1577 4940; x_wconf 63' lang='grc' dir='ltr'><em>ἀνηέρθησαν</em></span> <span class='ocrx_word' id='word_1_685' title='bbox 1595 4874 1696 4929; x_wconf 81' lang='grc' dir='ltr'><strong>ἀπ’</strong></span> <span class='ocrx_word' id='word_1_686' title='bbox 1718 4877 1926 4931; x_wconf 86' lang='grc' dir='ltr'>αὐτοῦ.</span> 
     </span>
    </p>
   </div>
   <div class='ocr_carea' id='block_1_95' title="bbox 354 4953 1926 5036">
    <p class='ocr_par' dir='ltr' id='par_1_95' title="bbox 354 4953 1926 5036">
     <span class='ocr_line' id='line_1_95' title="bbox 354 4953 1926 5036; baseline 0.014 -31"><span class='ocrx_word' id='word_1_687' title='bbox 354 4953 540 5007; x_wconf 88' lang='grc' dir='ltr'>Ταῦτα</span> <span class='ocrx_word' id='word_1_688' title='bbox 570 4953 680 5025; x_wconf 74' lang='grc' dir='ltr'><strong>γὰρ</strong></span> <span class='ocrx_word' id='word_1_689' title='bbox 707 4955 737 5005; x_wconf 85' lang='grc' dir='ltr'><strong>ὁ</strong></span> <span class='ocrx_word' id='word_1_690' title='bbox 763 4955 858 5009; x_wconf 86' lang='grc' dir='ltr'><strong>τοῦ</strong></span> <span class='ocrx_word' id='word_1_691' title='bbox 899 4957 1033 5011; x_wconf 81' lang='grc' dir='ltr'>Θεοῦ</span> <span class='ocrx_word' id='word_1_692' title='bbox 1084 4960 1212 5025; x_wconf 71' lang='lat' dir='ltr'><strong>Tib;</strong></span> <span class='ocrx_word' id='word_1_693' title='bbox 1252 4963 1475 5034; x_wconf 73' lang='grc' dir='ltr'>ἐνήργει</span> <span class='ocrx_word' id='word_1_694' title='bbox 1519 4967 1741 5036; x_wconf 82' lang='grc' dir='ltr'>ἀφανῶς</span> <span class='ocrx_word' id='word_1_695' title='bbox 1782 4972 1926 5027; x_wconf 81' lang='grc' dir='ltr'>κατὰ</span> 
     </span>
    </p>
   </div>
   <div class='ocr_carea' id='block_1_96' title="bbox 352 5046 1923 5128">
    <p class='ocr_par' dir='ltr' id='par_1_96' title="bbox 352 5046 1923 5128">
     <span class='ocr_line' id='line_1_96' title="bbox 352 5046 1923 5128; baseline 0.012 -31"><span class='ocrx_word' id='word_1_696' title='bbox 352 5046 460 5099; x_wconf 83' lang='grc' dir='ltr'><strong>τῶν</strong></span> <span class='ocrx_word' id='word_1_697' title='bbox 491 5047 882 5118; x_wconf 83' lang='grc' dir='ltr'>ἀντικειμένων</span> <span class='ocrx_word' id='word_1_698' title='bbox 910 5049 1213 5122; x_wconf 84' lang='grc' dir='ltr'>δυνάμεων,</span> <span class='ocrx_word' id='word_1_699' title='bbox 1247 5053 1308 5107; x_wconf 81' lang='grc' dir='ltr'><strong>τὸ</strong></span> <span class='ocrx_word' id='word_1_700' title='bbox 1345 5054 1456 5128; x_wconf 87' lang='grc' dir='ltr'><strong>πῦρ</strong></span> <span class='ocrx_word' id='word_1_701' title='bbox 1503 5057 1664 5113; x_wconf 80' lang='grc' dir='ltr'>αὐτὸν</span> <span class='ocrx_word' id='word_1_702' title='bbox 1699 5060 1923 5126; x_wconf 82' lang='grc' dir='ltr'>σϐεννὺς</span> 
     </span>
    </p>
   </div>
   <div class='ocr_carea' id='block_1_97' title="bbox 352 5138 1923 5220">
    <p class='ocr_par' dir='ltr' id='par_1_97' title="bbox 352 5138 1923 5220">
     <span class='ocr_line' id='line_1_97' title="bbox 352 5138 1923 5220; baseline 0.011 -30"><span class='ocrx_word' id='word_1_703' title='bbox 352 5138 526 5210; x_wconf 72' lang='grc' dir='ltr'>ἑτέρῳ</span> <span class='ocrx_word' id='word_1_704' title='bbox 551 5139 686 5210; x_wconf 78' lang='grc' dir='ltr'>πυρὶ</span> <span class='ocrx_word' id='word_1_705' title='bbox 714 5139 978 5210; x_wconf 86' lang='grc' dir='ltr'>κρείττονι</span> <span class='ocrx_word' id='word_1_706' title='bbox 1022 5145 1115 5197; x_wconf 61' lang='grc' dir='ltr'><strong>καὶ¹</strong></span> <span class='ocrx_word' id='word_1_707' title='bbox 1138 5144 1512 5220; x_wconf 86' lang='grc' dir='ltr'>δυνατωτέρῳ.</span> <span class='ocrx_word' id='word_1_708' title='bbox 1543 5151 1637 5203; x_wconf 87' lang='grc' dir='ltr'>Διὸ</span> <span class='ocrx_word' id='word_1_709' title='bbox 1675 5150 1923 5207; x_wconf 84' lang='grc' dir='ltr'>λέλεκται</span> 
     </span>
    </p>
   </div>
   <div class='ocr_carea' id='block_1_98' title="bbox 353 5228 1926 5305">
    <p class='ocr_par' dir='ltr' id='par_1_98' title="bbox 353 5228 1926 5305">
     <span class='ocr_line' id='line_1_98' title="bbox 353 5228 1926 5305; baseline 0.012 -26"><span class='ocrx_word' id='word_1_710' title='bbox 353 5228 506 5299; x_wconf 85' lang='grc' dir='ltr'>παρὰ</span> <span class='ocrx_word' id='word_1_711' title='bbox 537 5230 782 5281; x_wconf 77' lang='grc' dir='ltr'>Μωῦσεϊο</span> <span class='ocrx_word' id='word_1_712' title='bbox 834 5231 886 5282; x_wconf 87' lang='lat'><em>&#39;0</em></span> <span class='ocrx_word' id='word_1_713' title='bbox 923 5232 1066 5299; x_wconf 82' lang='grc' dir='ltr'><strong>Θεὸς</strong></span> <span class='ocrx_word' id='word_1_714' title='bbox 1100 5233 1271 5303; x_wconf 69' lang='grc' dir='ltr'><strong>ἡμῶν</strong></span> <span class='ocrx_word' id='word_1_715' title='bbox 1311 5237 1431 5305; x_wconf 88' lang='grc' dir='ltr'><strong>πῦρ</strong></span> <span class='ocrx_word' id='word_1_716' title='bbox 1473 5244 1926 5298; x_wconf 66' lang='grc' dir='ltr'><strong>καταναλίσκον</strong></span> 
     </span>
    </p>
   </div>
   <div class='ocr_carea' id='block_1_99' title="bbox 350 5320 1925 5405">
    <p class='ocr_par' dir='ltr' id='par_1_99' title="bbox 350 5320 1925 5405">
     <span class='ocr_line' id='line_1_99' title="bbox 350 5320 1925 5405; baseline 0.009 -30"><span class='ocrx_word' id='word_1_717' title='bbox 350 5320 511 5377; x_wconf 80' lang='grc' dir='ltr'><em>ἐστί·</em></span> <span class='ocrx_word' id='word_1_718' title='bbox 543 5322 637 5375; x_wconf 79' lang='grc' dir='ltr'><strong>καὶ</strong></span> <span class='ocrx_word' id='word_1_719' title='bbox 660 5324 719 5375; x_wconf 82' lang='grc' dir='ltr'>ὲν</span> <span class='ocrx_word' id='word_1_720' title='bbox 740 5322 1018 5396; x_wconf 82' lang='grc' dir='ltr'>Ψαλμοῖς·</span> <span class='ocrx_word' id='word_1_721' title='bbox 1037 5327 1164 5394; x_wconf 83' lang='grc' dir='ltr'><strong>Πῦρ</strong></span> <span class='ocrx_word' id='word_1_722' title='bbox 1190 5327 1473 5383; x_wconf 77' lang='grc' dir='ltr'><em>ἐναντίον</em></span> <span class='ocrx_word' id='word_1_723' title='bbox 1493 5334 1680 5388; x_wconf 80' lang='grc' dir='ltr'>αὑτοῦ</span> <span class='ocrx_word' id='word_1_724' title='bbox 1703 5348 1925 5405; x_wconf 85' lang='grc' dir='ltr'>προπο-</span> 
     </span>
    </p>
   </div>
   <div class='ocr_carea' id='block_1_100' title="bbox 341 5414 1918 5491">
    <p class='ocr_par' dir='ltr' id='par_1_100' title="bbox 341 5414 1918 5491">
     <span class='ocr_line' id='line_1_100' title="bbox 341 5414 1918 5491; baseline 0.013 -30"><span class='ocrx_word' id='word_1_725' title='bbox 341 5426 644 5478; x_wconf 76' lang='grc' dir='ltr'><em>ρευσεται,</em></span> <span class='ocrx_word' id='word_1_726' title='bbox 668 5414 765 5466; x_wconf 80' lang='grc' dir='ltr'><strong>καὶ</strong></span> <span class='ocrx_word' id='word_1_727' title='bbox 785 5415 1022 5485; x_wconf 74' lang='grc' dir='ltr'><em>φλογιεῖ</em></span> <span class='ocrx_word' id='word_1_728' title='bbox 1042 5419 1247 5483; x_wconf 76' lang='grc' dir='ltr'>κύκλῳ</span> <span class='ocrx_word' id='word_1_729' title='bbox 1271 5421 1415 5487; x_wconf 83' lang='grc' dir='ltr'>τοὺς</span> <span class='ocrx_word' id='word_1_730' title='bbox 1436 5421 1691 5491; x_wconf 83' lang='grc' dir='ltr'><strong>ἐχθροὺς</strong></span> <span class='ocrx_word' id='word_1_731' title='bbox 1714 5428 1918 5481; x_wconf 83' lang='grc' dir='ltr'>αὐτοῦ’</span> 
     </span>
    </p>
   </div>
   <div class='ocr_carea' id='block_1_101' title="bbox 350 5499 1919 5586">
    <p class='ocr_par' dir='ltr' id='par_1_101' title="bbox 350 5499 1919 5586">
     <span class='ocr_line' id='line_1_101' title="bbox 350 5499 1919 5586; baseline 0.012 -33"><span class='ocrx_word' id='word_1_732' title='bbox 350 5499 447 5553; x_wconf 73' lang='grc' dir='ltr'><strong>καὶ</strong></span> <span class='ocrx_word' id='word_1_733' title='bbox 478 5500 657 5555; x_wconf 81' lang='grc' dir='ltr'>πάλιν·</span> <span class='ocrx_word' id='word_1_734' title='bbox 709 5503 773 5556; x_wconf 87' lang='lat'><strong>&#39;0</strong></span> <span class='ocrx_word' id='word_1_735' title='bbox 815 5505 958 5571; x_wconf 88' lang='grc' dir='ltr'><strong>Θεὸς</strong></span> <span class='ocrx_word' id='word_1_736' title='bbox 987 5506 1263 5577; x_wconf 75' lang='grc' dir='ltr'><strong>ἐμφανῶς</strong></span> <span class='ocrx_word' id='word_1_737' title='bbox 1293 5511 1445 5579; x_wconf 75' lang='grc' dir='ltr'><em>ἥξει,</em></span> <span class='ocrx_word' id='word_1_738' title='bbox 1473 5516 1506 5567; x_wconf 84' lang='grc' dir='ltr'><strong>ό</strong></span> <span class='ocrx_word' id='word_1_739' title='bbox 1537 5514 1680 5581; x_wconf 80' lang='grc' dir='ltr'>Θεὸς</span> <span class='ocrx_word' id='word_1_740' title='bbox 1725 5517 1919 5586; x_wconf 75' lang='grc' dir='ltr'><strong>ἡμῶν,</strong></span> 
     </span>
    </p>
   </div>
   <div class='ocr_carea' id='block_1_102' title="bbox 348 5594 1921 5672">
    <p class='ocr_par' dir='ltr' id='par_1_102' title="bbox 348 5594 1921 5672">
     <span class='ocr_line' id='line_1_102' title="bbox 348 5594 1921 5672; baseline 0.011 -24"><span class='ocrx_word' id='word_1_741' title='bbox 348 5594 450 5648; x_wconf 77' lang='grc' dir='ltr'><strong>καὶ</strong></span> <span class='ocrx_word' id='word_1_742' title='bbox 480 5596 551 5648; x_wconf 84' lang='grc' dir='ltr'><strong>οὐ</strong></span> <span class='ocrx_word' id='word_1_743' title='bbox 590 5598 1224 5668; x_wconf 76' lang='grc' dir='ltr'><em>παρασιωπηθήσεται-</em></span> <span class='ocrx_word' id='word_1_744' title='bbox 1276 5604 1394 5672; x_wconf 85' lang='grc' dir='ltr'><strong>πῦρ</strong></span> <span class='ocrx_word' id='word_1_745' title='bbox 1439 5606 1694 5662; x_wconf 71' lang='grc' dir='ltr'><strong>ἐνώπιον·</strong></span> <span class='ocrx_word' id='word_1_746' title='bbox 1736 5612 1921 5665; x_wconf 81' lang='grc' dir='ltr'>αὑτοῦ</span> 
     </span>
    </p>
   </div>
   <div class='ocr_carea' id='block_1_103' title="bbox 332 5747 1927 5835">
    <p class='ocr_par' dir='ltr' id='par_1_103' title="bbox 332 5747 1927 5835">
     <span class='ocr_line' id='line_1_103' title="bbox 332 5747 1927 5835; baseline 0.008 -31"><span class='ocrx_word' id='word_1_747' title='bbox 332 5748 351 5787; x_wconf 69' lang='grc' dir='ltr'><strong>ι’</strong></span> <span class='ocrx_word' id='word_1_748' title='bbox 421 5747 466 5780; x_wconf 72' lang='grc'><strong>⁸⁸</strong></span> <span class='ocrx_word' id='word_1_749' title='bbox 492 5748 645 5805; x_wconf 77' lang='lat' dir='ltr'><strong>Rom.</strong></span> <span class='ocrx_word' id='word_1_750' title='bbox 681 5768 733 5815; x_wconf 75' lang='grc' dir='ltr'><strong>ν,</strong></span> <span class='ocrx_word' id='word_1_751' title='bbox 774 5751 825 5806; x_wconf 80' lang='lat'><strong>5.</strong></span> <span class='ocrx_word' id='word_1_752' title='bbox 904 5754 951 5786; x_wconf 81' lang='grc'><strong>⁸⁹</strong></span> <span class='ocrx_word' id='word_1_753' title='bbox 979 5754 1137 5811; x_wconf 74' lang='lat' dir='ltr'><strong>Deut.</strong></span> <span class='ocrx_word' id='word_1_754' title='bbox 1174 5773 1251 5822; x_wconf 80' lang='lat' dir='ltr'><strong>iv,</strong></span> <span class='ocrx_word' id='word_1_755' title='bbox 1279 5758 1370 5814; x_wconf 67' lang='grc'><strong>24.</strong></span> <span class='ocrx_word' id='word_1_756' title='bbox 1448 5763 1493 5795; x_wconf 67' lang='grc' dir='ltr'><strong>δυ</strong></span> <span class='ocrx_word' id='word_1_757' title='bbox 1516 5763 1658 5822; x_wconf 67' lang='grc' dir='ltr'>Ρετιι,</span> <span class='ocrx_word' id='word_1_758' title='bbox 1696 5782 1838 5835; x_wconf 69' lang='grc' dir='ltr'>Χργι,</span> 
     </span>
    </p>
   </div>
   <div class='ocr_carea' id='block_1_104' title="bbox 632 5844 1321 5929">
    <p class='ocr_par' dir='ltr' id='par_1_104' title="bbox 632 5844 1321 5929">
     <span class='ocr_line' id='line_1_104' title="bbox 632 5844 1321 5929; baseline 0.013 -24"><span class='ocrx_word' id='word_1_759' title='bbox 632 5844 903 5907; x_wconf 70' lang='grc' dir='ltr'>ΡΑτιιοι.</span> <span class='ocrx_word' id='word_1_760' title='bbox 936 5845 1052 5910; x_wconf 69' lang='lat' dir='ltr'><strong>Gn.</strong></span> <span class='ocrx_word' id='word_1_761' title='bbox 1084 5850 1321 5929; x_wconf 68' lang='lat' dir='ltr'><strong>XXIII.</strong></span> 
     </span>
    </p>
   </div>
   <div class='ocr_carea' id='block_1_105' title="bbox 2034 4590 3612 4664">
    <p class='ocr_par' dir='ltr' id='par_1_105' title="bbox 2034 4590 3612 4664">
     <span class='ocr_line' id='line_1_105' title="bbox 2034 4590 3612 4664; baseline -0.004 -11"><span class='ocrx_word' id='word_1_762' title='bbox 2034 4612 2131 4656; x_wconf 87' lang='lat' dir='ltr'><strong>sus</strong></span> <span class='ocrx_word' id='word_1_763' title='bbox 2174 4596 2301 4651; x_wconf 89' lang='lat' dir='ltr'><strong>inde</strong></span> <span class='ocrx_word' id='word_1_764' title='bbox 2345 4593 2528 4649; x_wconf 84' lang='lat' dir='ltr'><strong>fumus</strong></span> <span class='ocrx_word' id='word_1_765' title='bbox 2582 4593 2967 4649; x_wconf 84' lang='lat' dir='ltr'><strong>exstinctionis</strong></span> <span class='ocrx_word' id='word_1_766' title='bbox 2994 4594 3148 4664; x_wconf 90' lang='lat' dir='ltr'><strong>signa</strong></span> <span class='ocrx_word' id='word_1_767' title='bbox 3173 4592 3362 4647; x_wconf 89' lang='lat' dir='ltr'><strong>edidit.</strong></span> <span class='ocrx_word' id='word_1_768' title='bbox 3405 4590 3612 4646; x_wconf 80' lang='lat' dir='ltr'><strong>Deinde</strong></span> 
     </span>
    </p>
   </div>
   <div class='ocr_carea' id='block_1_106' title="bbox 2036 4685 3608 4762">
    <p class='ocr_par' dir='ltr' id='par_1_106' title="bbox 2036 4685 3608 4762">
     <span class='ocr_line' id='line_1_106' title="bbox 2036 4685 3608 4762; baseline -0.005 -19"><span class='ocrx_word' id='word_1_769' title='bbox 2036 4691 2212 4762; x_wconf 87' lang='lat' dir='ltr'><strong>pergit</strong></span> <span class='ocrx_word' id='word_1_770' title='bbox 2249 4690 2453 4754; x_wconf 81' lang='lat' dir='ltr'><strong>dicere,</strong></span> <span class='ocrx_word' id='word_1_771' title='bbox 2490 4697 2539 4742; x_wconf 85' lang='lat' dir='ltr'><strong>et</strong></span> <span class='ocrx_word' id='word_1_772' title='bbox 2586 4689 2721 4758; x_wconf 85' lang='lat' dir='ltr'><strong>ignis</strong></span> <span class='ocrx_word' id='word_1_773' title='bbox 2758 4706 2790 4741; x_wconf 91' lang='lat' dir='ltr'><strong>a</strong></span> <span class='ocrx_word' id='word_1_774' title='bbox 2825 4688 2961 4756; x_wconf 79' lang='lat' dir='ltr'><strong>facie</strong></span> <span class='ocrx_word' id='word_1_775' title='bbox 2989 4686 3102 4756; x_wconf 86' lang='lat' dir='ltr'><strong>ejus</strong></span> <span class='ocrx_word' id='word_1_776' title='bbox 3126 4685 3452 4748; x_wconf 76' lang='lat' dir='ltr'><strong>exardescet,</strong></span> <span class='ocrx_word' id='word_1_777' title='bbox 3484 4700 3608 4736; x_wconf 81' lang='lat' dir='ltr'><strong>car-</strong></span> 
     </span>
    </p>
   </div>
   <div class='ocr_carea' id='block_1_107' title="bbox 2036 4774 3608 4839">
    <p class='ocr_par' dir='ltr' id='par_1_107' title="bbox 2036 4774 3608 4839">
     <span class='ocr_line' id='line_1_107' title="bbox 2036 4774 3608 4839; baseline -0.004 -5"><span class='ocrx_word' id='word_1_778' title='bbox 2036 4782 2193 4836; x_wconf 77' lang='lat' dir='ltr'><strong>bones</strong></span> <span class='ocrx_word' id='word_1_779' title='bbox 2224 4781 2461 4836; x_wconf 76' lang='lat' dir='ltr'><strong>succensi</strong></span> <span class='ocrx_word' id='word_1_780' title='bbox 2486 4790 2608 4834; x_wconf 84' lang='lat' dir='ltr'><strong>sunt</strong></span> <span class='ocrx_word' id='word_1_781' title='bbox 2640 4779 2705 4833; x_wconf 82' lang='lat' dir='ltr'><strong>ab</strong></span> <span class='ocrx_word' id='word_1_782' title='bbox 2729 4795 2812 4835; x_wconf 93' lang='lat' dir='ltr'><strong>eo.</strong></span> <span class='ocrx_word' id='word_1_783' title='bbox 2849 4779 2976 4833; x_wconf 70' lang='lat' dir='ltr'><strong>Haec</strong></span> <span class='ocrx_word' id='word_1_784' title='bbox 3006 4778 3188 4832; x_wconf 88' lang='lat' dir='ltr'><strong>omnia</strong></span> <span class='ocrx_word' id='word_1_785' title='bbox 3210 4778 3356 4830; x_wconf 90' lang='lat' dir='ltr'><strong>enim</strong></span> <span class='ocrx_word' id='word_1_786' title='bbox 3389 4774 3485 4839; x_wconf 86' lang='lat' dir='ltr'><strong>Dei</strong></span> <span class='ocrx_word' id='word_1_787' title='bbox 3515 4774 3608 4827; x_wconf 82' lang='lat' dir='ltr'><strong>Fi—</strong></span> 
     </span>
    </p>
   </div>
   <div class='ocr_carea' id='block_1_108' title="bbox 2036 4868 3604 4941">
    <p class='ocr_par' dir='ltr' id='par_1_108' title="bbox 2036 4868 3604 4941">
     <span class='ocr_line' id='line_1_108' title="bbox 2036 4868 3604 4941; baseline -0.006 -14"><span class='ocrx_word' id='word_1_788' title='bbox 2036 4873 2145 4928; x_wconf 90' lang='lat' dir='ltr'><strong>lius</strong></span> <span class='ocrx_word' id='word_1_789' title='bbox 2172 4880 2367 4928; x_wconf 88' lang='lat' dir='ltr'><strong>contra</strong></span> <span class='ocrx_word' id='word_1_790' title='bbox 2393 4872 2735 4927; x_wconf 87' lang='lat' dir='ltr'><strong>adversarias</strong></span> <span class='ocrx_word' id='word_1_791' title='bbox 2754 4877 3057 4941; x_wconf 89' lang='lat' dir='ltr'><strong>potestates</strong></span> <span class='ocrx_word' id='word_1_792' title='bbox 3080 4870 3220 4923; x_wconf 90' lang='lat' dir='ltr'><strong>clam</strong></span> <span class='ocrx_word' id='word_1_793' title='bbox 3250 4868 3604 4937; x_wconf 88' lang='lat' dir='ltr'><strong>operabatur,</strong></span> 
     </span>
    </p>
   </div>
   <div class='ocr_carea' id='block_1_109' title="bbox 2033 4960 3610 5037">
    <p class='ocr_par' dir='ltr' id='par_1_109' title="bbox 2033 4960 3610 5037">
     <span class='ocr_line' id='line_1_109' title="bbox 2033 4960 3610 5037; baseline -0.004 -17"><span class='ocrx_word' id='word_1_794' title='bbox 2033 4968 2126 5037; x_wconf 91' lang='lat' dir='ltr'><strong>qui</strong></span> <span class='ocrx_word' id='word_1_795' title='bbox 2155 4980 2346 5021; x_wconf 91' lang='lat' dir='ltr'><strong>eorum</strong></span> <span class='ocrx_word' id='word_1_796' title='bbox 2390 4965 2569 5035; x_wconf 85' lang='lat' dir='ltr'><strong>ignem</strong></span> <span class='ocrx_word' id='word_1_797' title='bbox 2614 4965 2788 5019; x_wconf 88' lang='lat' dir='ltr'><strong>altero</strong></span> <span class='ocrx_word' id='word_1_798' title='bbox 2836 4963 2958 5032; x_wconf 90' lang='lat' dir='ltr'><strong>igne</strong></span> <span class='ocrx_word' id='word_1_799' title='bbox 2988 4961 3279 5033; x_wconf 87' lang='lat' dir='ltr'><strong>potentiori</strong></span> <span class='ocrx_word' id='word_1_800' title='bbox 3315 4976 3380 5015; x_wconf 89' lang='lat' dir='ltr'><strong>ac</strong></span> <span class='ocrx_word' id='word_1_801' title='bbox 3418 4960 3610 5015; x_wconf 78' lang='lat' dir='ltr'><strong>arden-</strong></span> 
     </span>
    </p>
   </div>
   <div class='ocr_carea' id='block_1_110' title="bbox 2037 5049 3603 5120">
    <p class='ocr_par' dir='ltr' id='par_1_110' title="bbox 2037 5049 3603 5120">
     <span class='ocr_line' id='line_1_110' title="bbox 2037 5049 3603 5120; baseline -0.007 -8"><span class='ocrx_word' id='word_1_802' title='bbox 2037 5056 2162 5112; x_wconf 89' lang='lat' dir='ltr'><strong>tiori</strong></span> <span class='ocrx_word' id='word_1_803' title='bbox 2212 5055 2573 5111; x_wconf 77' lang='lat' dir='ltr'><strong>exstinxerat.</strong></span> <span class='ocrx_word' id='word_1_804' title='bbox 2623 5052 2804 5119; x_wconf 86' lang='lat' dir='ltr'><strong>Quare</strong></span> <span class='ocrx_word' id='word_1_805' title='bbox 2869 5051 3008 5120; x_wconf 85' lang='lat' dir='ltr'><strong>apud</strong></span> <span class='ocrx_word' id='word_1_806' title='bbox 3060 5049 3301 5120; x_wconf 84' lang='lat' dir='ltr'><strong>Moysem</strong></span> <span class='ocrx_word' id='word_1_807' title='bbox 3355 5049 3603 5103; x_wconf 83' lang='lat' dir='ltr'><strong>dicitur:</strong></span> 
     </span>
    </p>
   </div>
   <div class='ocr_carea' id='block_1_111' title="bbox 2032 5140 3602 5216">
    <p class='ocr_par' dir='ltr' id='par_1_111' title="bbox 2032 5140 3602 5216">
     <span class='ocr_line' id='line_1_111' title="bbox 2032 5140 3602 5216; baseline -0.007 -14"><span class='ocrx_word' id='word_1_808' title='bbox 2032 5148 2174 5203; x_wconf 85' lang='lat' dir='ltr'><strong>Deus</strong></span> <span class='ocrx_word' id='word_1_809' title='bbox 2201 5157 2380 5201; x_wconf 88' lang='lat' dir='ltr'><strong>noster</strong></span> <span class='ocrx_word' id='word_1_810' title='bbox 2408 5146 2542 5216; x_wconf 86' lang='lat' dir='ltr'><strong>ignis</strong></span> <span class='ocrx_word' id='word_1_811' title='bbox 2594 5160 2905 5198; x_wconf 81' lang='lat' dir='ltr'><strong>consumens</strong></span> <span class='ocrx_word' id='word_1_812' title='bbox 2948 5150 3025 5195; x_wconf 84' lang='lat' dir='ltr'><strong>est</strong></span> <span class='ocrx_word' id='word_1_813' title='bbox 3056 5141 3123 5204; x_wconf 73' lang='grc'><strong>³⁵³,</strong></span> <span class='ocrx_word' id='word_1_814' title='bbox 3157 5148 3211 5195; x_wconf 86' lang='lat' dir='ltr'><strong>et</strong></span> <span class='ocrx_word' id='word_1_815' title='bbox 3252 5142 3309 5194; x_wconf 89' lang='lat' dir='ltr'><strong>in</strong></span> <span class='ocrx_word' id='word_1_816' title='bbox 3338 5140 3564 5208; x_wconf 84' lang='lat' dir='ltr'><strong>psalmis</strong></span> <span class='ocrx_word' id='word_1_817' title='bbox 3590 5157 3602 5191; x_wconf 90' lang='lat'><strong>:</strong></span> 
     </span>
    </p>
   </div>
   <div class='ocr_carea' id='block_1_112' title="bbox 2036 5233 3605 5309">
    <p class='ocr_par' dir='ltr' id='par_1_112' title="bbox 2036 5233 3605 5309">
     <span class='ocr_line' id='line_1_112' title="bbox 2036 5233 3605 5309; baseline -0.006 -16"><span class='ocrx_word' id='word_1_818' title='bbox 2036 5238 2181 5309; x_wconf 85' lang='lat' dir='ltr'><strong>Ignis</strong></span> <span class='ocrx_word' id='word_1_819' title='bbox 2201 5250 2321 5294; x_wconf 88' lang='lat' dir='ltr'><strong>ante</strong></span> <span class='ocrx_word' id='word_1_820' title='bbox 2346 5241 2516 5309; x_wconf 82' lang='lat' dir='ltr'><strong>ipsum</strong></span> <span class='ocrx_word' id='word_1_821' title='bbox 2546 5240 2821 5309; x_wconf 70' lang='lat' dir='ltr'><strong>pra&#39;cedet,</strong></span> <span class='ocrx_word' id='word_1_822' title='bbox 2851 5234 3270 5306; x_wconf 82' lang='lat' dir='ltr'><strong>etinﬂammabit</strong></span> <span class='ocrx_word' id='word_1_823' title='bbox 3303 5234 3359 5286; x_wconf 84' lang='lat' dir='ltr'><strong>in</strong></span> <span class='ocrx_word' id='word_1_824' title='bbox 3381 5233 3605 5286; x_wconf 78' lang='lat' dir='ltr'><strong>circuitu</strong></span> 
     </span>
    </p>
   </div>
   <div class='ocr_carea' id='block_1_113' title="bbox 2006 5324 3601 5404">
    <p class='ocr_par' dir='ltr' id='par_1_113' title="bbox 2006 5324 3601 5404">
     <span class='ocr_line' id='line_1_113' title="bbox 2006 5324 3601 5404; baseline -0.006 -17"><span class='ocrx_word' id='word_1_825' title='bbox 2006 5335 2275 5387; x_wconf 79' lang='lat' dir='ltr'><strong>&#39;inimicos</strong></span> <span class='ocrx_word' id='word_1_826' title='bbox 2302 5335 2416 5404; x_wconf 84' lang='lat' dir='ltr'><strong>ejus</strong></span> <span class='ocrx_word' id='word_1_827' title='bbox 2437 5333 2480 5364; x_wconf 80' lang='grc'><strong>⁶⁰</strong></span> <span class='ocrx_word' id='word_1_828' title='bbox 2503 5352 2518 5399; x_wconf 87' lang='grc'>;</span> <span class='ocrx_word' id='word_1_829' title='bbox 2542 5348 2609 5388; x_wconf 89' lang='lat' dir='ltr'><strong>ac</strong></span> <span class='ocrx_word' id='word_1_830' title='bbox 2626 5348 2845 5387; x_wconf 91' lang='lat' dir='ltr'><strong>rursum</strong></span> <span class='ocrx_word' id='word_1_831' title='bbox 2885 5347 2898 5382; x_wconf 89' lang='lat'><strong>:</strong></span> <span class='ocrx_word' id='word_1_832' title='bbox 2934 5328 3075 5383; x_wconf 90' lang='lat' dir='ltr'><strong>Deus</strong></span> <span class='ocrx_word' id='word_1_833' title='bbox 3111 5326 3391 5395; x_wconf 80' lang='lat' dir='ltr'><strong>manifeste</strong></span> <span class='ocrx_word' id='word_1_834' title='bbox 3415 5324 3601 5389; x_wconf 73' lang='lat' dir='ltr'><strong>veniet,</strong></span> 
     </span>
    </p>
   </div>
   <div class='ocr_carea' id='block_1_114' title="bbox 2033 5414 3604 5492">
    <p class='ocr_par' dir='ltr' id='par_1_114' title="bbox 2033 5414 3604 5492">
     <span class='ocr_line' id='line_1_114' title="bbox 2033 5414 3604 5492; baseline -0.007 -14"><span class='ocrx_word' id='word_1_835' title='bbox 2033 5424 2174 5480; x_wconf 87' lang='lat' dir='ltr'><strong>Deus</strong></span> <span class='ocrx_word' id='word_1_836' title='bbox 2198 5414 2391 5492; x_wconf 84' lang='lat' dir='ltr'><strong>noster,</strong></span> <span class='ocrx_word' id='word_1_837' title='bbox 2418 5433 2469 5478; x_wconf 90' lang='lat' dir='ltr'><strong>et</strong></span> <span class='ocrx_word' id='word_1_838' title='bbox 2522 5440 2626 5476; x_wconf 89' lang='lat' dir='ltr'><strong>non</strong></span> <span class='ocrx_word' id='word_1_839' title='bbox 2673 5422 2886 5475; x_wconf 85' lang='lat' dir='ltr'><strong>silebit:</strong></span> <span class='ocrx_word' id='word_1_840' title='bbox 2919 5420 3051 5489; x_wconf 82' lang='lat' dir='ltr'><strong>ignis</strong></span> <span class='ocrx_word' id='word_1_841' title='bbox 3096 5419 3150 5472; x_wconf 87' lang='lat' dir='ltr'><strong>in</strong></span> <span class='ocrx_word' id='word_1_842' title='bbox 3192 5425 3467 5485; x_wconf 86' lang='lat' dir='ltr'><strong>conspectu</strong></span> <span class='ocrx_word' id='word_1_843' title='bbox 3490 5414 3604 5483; x_wconf 70' lang='lat' dir='ltr'><strong>ejus</strong></span> 
     </span>
    </p>
   </div>
   <div class='ocr_carea' id='block_1_115' title="bbox 2032 5508 3603 5584">
    <p class='ocr_par' dir='ltr' id='par_1_115' title="bbox 2032 5508 3603 5584">
     <span class='ocr_line' id='line_1_115' title="bbox 2032 5508 3603 5584; baseline -0.01 -10"><span class='ocrx_word' id='word_1_844' title='bbox 2032 5520 2356 5584; x_wconf 70' lang='lat' dir='ltr'><strong>cxardescet,</strong></span> <span class='ocrx_word' id='word_1_845' title='bbox 2399 5518 2536 5571; x_wconf 86' lang='lat' dir='ltr'><strong>etin</strong></span> <span class='ocrx_word' id='word_1_846' title='bbox 2586 5518 2811 5570; x_wconf 84' lang='lat' dir='ltr'><strong>circuitu</strong></span> <span class='ocrx_word' id='word_1_847' title='bbox 2856 5514 2970 5583; x_wconf 83' lang='lat' dir='ltr'><strong>ejus</strong></span> <span class='ocrx_word' id='word_1_848' title='bbox 3006 5521 3286 5582; x_wconf 81' lang='lat' dir='ltr'><strong>tempestas</strong></span> <span class='ocrx_word' id='word_1_849' title='bbox 3332 5508 3510 5564; x_wconf 78' lang='lat' dir='ltr'><strong>valida</strong></span> <span class='ocrx_word' id='word_1_850' title='bbox 3534 5508 3603 5560; x_wconf 69' lang='grc' dir='ltr'><strong>θ’,</strong></span> 
     </span>
    </p>
   </div>
   <div class='ocr_carea' id='block_1_116' title="bbox 2030 5599 3604 5679">
    <p class='ocr_par' dir='ltr' id='par_1_116' title="bbox 2030 5599 3604 5679">
     <span class='ocr_line' id='line_1_116' title="bbox 2030 5599 3604 5679; baseline -0.01 -14"><span class='ocrx_word' id='word_1_851' title='bbox 2030 5611 2189 5667; x_wconf 72' lang='lat' dir='ltr'><strong>nunc</strong></span> <span class='ocrx_word' id='word_1_852' title='bbox 2206 5611 2369 5665; x_wconf 84' lang='lat' dir='ltr'><strong>etiam</strong></span> <span class='ocrx_word' id='word_1_853' title='bbox 2414 5608 2592 5679; x_wconf 84' lang='lat' dir='ltr'><strong>ignem</strong></span> <span class='ocrx_word' id='word_1_854' title='bbox 2643 5609 2892 5663; x_wconf 84' lang='lat' dir='ltr'><strong>Salvator</strong></span> <span class='ocrx_word' id='word_1_855' title='bbox 2925 5606 3229 5662; x_wconf 79' lang='lat' dir='ltr'><strong>indicavit:</strong></span> <span class='ocrx_word' id='word_1_856' title='bbox 3268 5602 3445 5674; x_wconf 76' lang='lat' dir='ltr'><strong>Ignem</strong></span> <span class='ocrx_word' id='word_1_857' title='bbox 3490 5599 3604 5653; x_wconf 60' lang='lat' dir='ltr'><strong>veni</strong></span> 
     </span>
    </p>
   </div>
   <div class='ocr_carea' id='block_1_117' title="bbox 2009 5766 2539 5830">
    <p class='ocr_par' dir='ltr' id='par_1_117' title="bbox 2009 5766 2539 5830">
     <span class='ocr_line' id='line_1_117' title="bbox 2009 5766 2539 5830; baseline -0.002 -9"><span class='ocrx_word' id='word_1_858' title='bbox 2009 5770 2047 5800; x_wconf 72' lang='grc'><strong>⁶¹</strong></span> <span class='ocrx_word' id='word_1_859' title='bbox 2095 5769 2238 5823; x_wconf 76' lang='lat' dir='ltr'><strong>Psal.</strong></span> <span class='ocrx_word' id='word_1_860' title='bbox 2291 5782 2437 5830; x_wconf 59' lang='grc' dir='ltr'>κως,</span> <span class='ocrx_word' id='word_1_861' title='bbox 2486 5766 2539 5820; x_wconf 82' lang='grc'><strong>5.</strong></span> 
     </span>
    </p>
   </div>
   <div class='ocr_carea' id='block_1_118' title="bbox 3323 5863 3360 5919">
    <p class='ocr_par' dir='ltr' id='par_1_118' title="bbox 3323 5863 3360 5919">
     <span class='ocr_line' id='line_1_118' title="bbox 3323 5863 3360 5919; baseline 0 0"><span class='ocrx_word' id='word_1_862' title='bbox 3323 5863 3360 5919; x_wconf 84' lang='lat'><strong>6</strong></span> 
     </span>
    </p>
   </div>
  </div>
