4100 6394
500 345 598 403 HI

1202 339 1471 397 EUSEBII
1512 335 1994 395 CESARIENSIS
2030 333 2183 393 OPP.
2224 327 2407 386 PARS
2440 325 2528 384 lll.
2558 357 2613 368 —
2670 322 3084 380 EXEGETICA.

3646 316 3754 373 1Ἰῖ

494 463 702 518 mittere
726 462 779 515 in
799 470 1015 522 terram,
1043 468 1090 513 et
1120 459 1246 528 quid
1278 460 1392 513 volo
1423 459 1470 512 si
1481 458 1597 527 jam
1617 472 1866 511 accensus
1889 455 1959 509 sit
1984 454 2069 508 “1’

2191 446 2563 514 ιαυθήσεται,
2591 441 2691 496 καὶ
2740 441 2949 507 κύκλῳ
2977 436 3163 493 αὐτοῦ
3207 432 3476 503 natam-lc
3503 428 3758 499 σφόδρα.

496 552 621 608 Haec
652 566 818 622 porro
866 552 1051 605 omnia
1105 548 1248 603 facta
1308 560 1458 613 sunt,
1499 548 1757 620 quoniam
1801 545 2073 599 inclinavit

493 641 651 696 celos
673 651 732 695 et
767 640 1053 695 descendit.
1086 638 1272 709 Neque
1297 654 1467 692 unum
1501 634 1851 693 solummodo
1874 634 2075 688 caelum

496 735 826 800 inclinavit;
859 734 953 788 sed
985 748 1177 787 omnes
1225 739 1495 802 quotquot
1548 738 1678 785 sunt
1721 729 1913 783 ccelos.
1939 724 2073 779 Nam

495 824 1179 881 humiliatiocelsitudinis
1211 826 1331 895 ejus
1358 834 1413 879 et
1434 823 1737 880 exinanitio
1769 818 2075 876 divinitatis

494 916 637 987 ejus,
677 917 1009 987 supradictis
1056 916 1240 972 verbis
1274 917 1613 970 indicantur.
1665 914 1803 968 Cum
1840 912 2076 966 maxima

497 1006 644 1063 enim
662 1007 911 1077 emphasi
937 1007 1264 1060 descensum
1292 1006 1413 1075 ejus
1435 1004 1709 1075 signiﬁcat
1733 1002 1820 1057 his
1844 1001 2027 1057 verbis
2060 1018 2072 1052 :

500 1099 787 1156 inclinavit
823 1101 1015 1163 σαίρω
1050 1098 1414 1169 eumdemque
1439 1098 1768 1153 descensum
1813 1109 2078 1164 corporeo

496 1208 726 1264 prorsus
758 1206 909 1246 more
937 1191 1213 1261 exprimit.

565 1368 732 1424 Vens.
792 1369 977 1424 11-15.
1052 1367 1120 1421 Et
1158 1368 1327 1438 caligo
1399 1368 1494 1421 sub
1553 1365 1770 1437 pedibus
1817 1365 1951 1434 ejus.
2010 1361 2079 1415 Et

498 1463 735 1517 ascendit
759 1479 915 1530 super
937 1461 1204 1515 cherubim
1226 1470 1276 1513 et
1299 1460 1514 1525 volavit,
1541 1459 1734 1513 volavit
1764 1472 1920 1526 super
1948 1472 2078 1525 pen-

500 1572 599 1609 nas
622 1564 914 1609 ventorum.
934 1552 1045 1609 Per
1085 1552 1371 1624 caliginem
1394 1562 1458 1608 et
1490 1552 1744 1607 tenebras
1770 1551 1910 1617 illas,
1938 1549 2080 1603 clam

2177 540 2347 594 Τοῦτο
2394 538 2451 591 δὲ
2477 538 2574 591 καὶ
2613 535 2774 598 αὐτὸς
2806 537 2834 588 ὁ
2866 530 3055 602 Σωτὴρ
3100 526 3353 599 ἐδηλοῦτο
3380 522 3511 596 πῦρ,
3544 523 3721 591 λέγων
3742 538 3756 552 ·

2175 635 2302 702 Πῦρ
2347 632 2539 701 ἦλθον
2564 629 2784 695 βαλεῖν
2824 629 2919 680 ἐπὶ
2958 626 3071 692 τὴν
3089 624 3225 693 γῆν,
3266 619 3364 674 καὶ
3395 620 3451 673 τί
3491 620 3665 680 θέλω,
3709 618 3765 670 ει

2178 728 2295 797 ἥδη
2355 724 2630 793 ἀνήφθη;
2684 721 2870 775 Ταῦτα
2933 722 3112 773 πάντα
3174 714 3402 785 ἐγίνετο,
3461 709 3763 780 ἐπειδήπερ

2175 819 2418 874 ἔκλινεν
2454 815 2749 884 οὐρανοὺς
2788 812 2886 865 καὶ
2930 810 3166 876 κατέϐη.
3194 808 3306 876 Οὐχ
3332 806 3427 858 ἕνα
3456 804 3512 856 δὲ
3533 799 3764 873 οὐρανὸν

2176 909 2405 975 ἔκλινεν,
2434 907 2571 962 ἀλλὰ
2602 906 2727 968 τοὺς
2771 903 2980 964 πάντας
3026 902 3139 953 ὅσοι
3186 897 3316 951 ποτέ
3354 898 3508 948 εἰσιν.
3550 893 3613 945 Ἡ
3654 891 3764 962 γὰρ

2178 1001 2505 1064 ταπείνωσις
2539 996 2633 1051 τοῦ
2669 996 2839 1066 ὕψους
2869 992 3034 1049 αὑτοῦ
3061 993 3156 1047 καὶ
3190 994 3225 1062 ἡ
3259 991 3492 1051 κένωσις
3518 986 3616 1056 τῆς
3644 983 3764 1038 θεό-

2175 1109 2337 1163 τητος
2374 1090 2629 1162 ἐδηλοῦτο
2665 1087 2755 1141 διὰ
2793 1086 2901 1140 τῶν
2931 1083 3260 1156 εἰρημένων.
3306 1076 3767 1151 Ἐμφατικώτατα

2178 1186 2285 1259 γὰρ
2339 1184 2438 1255 τὴν
2486 1181 2787 1236 κατάϐασιν
2842 1177 3039 1240 αὑτοῦ,
3102 1176 3381 1227 Ἔκλινεν
3437 1170 3764 1237 οὐρανούς·

2181 1272 2642 1347 σωματικώτερον
2676 1272 2776 1340 τὴν
2808 1268 3035 1323 κάθοδον
3065 1264 3231 1319 αὑτοῦ
3264 1263 3564 1334 σημαίνων.

2250 1368 2365 1424 Kal
2407 1369 2634 1438 γνόφος
2678 1364 2798 1419 ὑπὸ
2825 1362 2969 1427 τοὺς
3006 1359 3197 1424 πόδας
3225 1356 3413 1410 αὑτοῦ
3447 1355 3546 1407 καὶ
3587 1351 3771 1420 ἐπέϐη

2181 1464 2280 1517 ἐπὶ
2309 1461 2533 1531 χεροὺϐ
2555 1459 2653 1527 (l),
2681 1456 2775 1509 καὶ
2809 1451 3137 1518 ἐπετάσθη,
3168 1448 3470 1515 ἐπετάσθη
3497 1446 3595 1499 ἐπὶ
3630 1460 3770 1498 πτε-

2175 1558 2379 1625 ρύγων
2414 1550 2668 1622 ἀνέμων.
2706 1550 2785 1618 Τῇ
2836 1547 2934 1618 μὲν
2982 1542 3075 1599 οὖν
3119 1542 3317 1613 ὁμίχλῃ
3350 1540 3446 1593 καὶ
3474 1538 3552 1609 τῷ
3590 1538 3774 1607 γνόφῳ

497 1656 552 1701 et
577 1662 777 1702 arcana
800 1648 1011 1702 ratione
1035 1662 1191 1702 suam
1217 1646 1519 1701 secundum
1543 1644 1821 1698 hominem
1859 1655 2086 1695 (nconc-

2191 1649 2245 1703 τὸ
2274 1646 2496 1718 λεληθὸς
2528 1645 2622 1698 καὶ
2653 1644 2970 1714 ἀπόκρυφον
3017 1636 3316 1708 παρίστησι
3356 1633 3454 1702 τῆς
3494 1630 3635 1684 κατά
3677 1629 3770 1683 ἀν-

496 1739 666 1792 miam
692 1740 1001 1793 adumbrat.
1025 1741 1359 1809 Demumque
1404 1738 1595 1793 eodem
1621 1735 1916 1793 revertitur
1938 1731 2084 1788 unde

2191 1743 2406 1814 θρωπον
2442 1737 2606 1793 αὑτοῦ
2648 1734 2989 1805 οἰκονομίας·
3042 1730 3293 1783 ἐπάνεισι
3322 1727 3381 1780 δὲ
3424 1724 3612 1778 λοιπὸν
3650 1722 3774 1776 ὅθεν

495 1831 780 1901 profectus
823 1839 941 1886 erat
979 1852 991 1885 :
1025 1846 1089 1886 ac
1147 1831 1202 1885 in
1251 1831 1425 1885 ccelos
1456 1828 1708 1885 ascendit
1738 1841 1864 1881 cum
1889 1824 2086 1880 cheru-

2191 1835 2285 1889 καὶ
2315 1831 2499 1904 παρῆν
2524 1847 2538 1861 ·
2568 1830 2649 1893 εἰς
2682 1825 2947 1900 οὐρανούς
2976 1841 3036 1877 τε
3070 1821 3226 1892 ἀνῄει
3258 1821 3351 1874 καὶ
3393 1818 3531 1889 μετά
3557 1816 3652 1870 τοῦ
3688 1833 3777 1886 χε-

496 1922 630 1976 bino
673 1930 729 1978 et
754 1924 990 1988 volavit;
1043 1921 1263 1976 tametsi
1321 1935 1430 1974 non
1463 1933 1590 1973 cum
1624 1918 1746 1988 ipso
1780 1913 2083 1970 eberubino

2193 1925 2413 1999 pou6i.p.,
2439 1923 2534 1977 καὶ
2557 1919 2863 1989 ἐπετάσθη’
2890 1917 3066 1971 καίτοι
3094 1915 3169 1986 μὴ
3201 1915 3298 1967 σὺν
3323 1910 3472 1981 αὐτῷ
3501 1907 3772 1972 καταϐάς·

494 2011 850 2067 descenderat
883 2032 895 2067 :
929 2013 1051 2068 sine
1102 2008 1410 2065 cherubino
1427 2007 1629 2076 quippe
1661 2003 1947 2059 inclinavit
1968 2002 2082 2071 ipse

2191 2020 2314 2089 δίχα
2352 2017 2462 2088 γάρ
2508 2015 2605 2069 τοῦ
2649 2011 2917 2085 χερου6ἰμ
2960 2009 3169 2063 ἔκλινεν
3198 2005 3464 2077 οὐρανοὺς
3489 2002 3652 2064 αὐτὸς
3684 2000 3779 2054 καὶ

494 2105 666 2160 callos
720 2113 775 2158 et
818 2102 1122 2159 descendit.
1178 2100 1235 2155 ln
1283 2101 1460 2157 reditu
1515 2108 1694 2153 autem
1748 2093 2083 2150 dicitur:Et

495 2198 735 2253 ascendit
786 2213 946 2266 super
983 2193 1253 2249 cherubim
1308 2202 1358 2248 et
1416 2192 1633 2257 volavit,
1687 2205 1812 2245 cum
1854 2204 2086 2260 corpore

498 2291 711 2346 scilicet
737 2290 880 2360 quod
905 2294 1299 2358 assumpserat.
1338 2285 1447 2341 Illae
1472 2300 1638 2356 porro
1684 2284 1881 2339 divinae
1908 2284 2083 2335 virtu-

498 2392 586 2439 tes
613 2384 792 2454 ipsum
834 2383 915 2437 sic
976 2381 1363 2436 ascendentem
1419 2379 1780 2448 conspicatae,
1846 2376 2086 2430 circum-

501 2482 749 2530 astantes
778 2475 1073 2530 satellitum
1098 2488 1275 2537 more,
1310 2472 1601 2526 Dominqu
1637 2469 1937 2540 stipabant,
1965 2465 2085 2536 ejus

503 2582 793 2623 ascensum
841 2568 1183 2621 celebrantes
1232 2566 1420 2636 sicque
1455 2562 1866 2620 vociferantes:
1910 2558 2086 2614 Attol-

503 2660 593 2713 Iite
615 2668 820 2729 portas,
850 2660 1133 2730 principes,
1199 2668 1420 2721 vestras,
1466 2666 1521 2711 et
1573 2655 1874 2718 elevamini,
1917 2663 2085 2722 portc

501 2748 797 2811 ceternales,
828 2758 878 2803 et
907 2748 1144 2804 introibit
1175 2747 1283 2802 Rex
1329 2749 1513 2819 gloria:
1542 2746 1605 2800 ⁸³.
1648 2747 1871 2817 lmpleta
1900 2751 2083 2799 autem

499 2839 690 2897 istbasc
719 2849 847 2897 sunt
875 2858 942 2896 eo
971 2848 1235 2911 tempore,
1276 2856 1386 2911 quo
1443 2841 1498 2895 in
1530 2840 1904 2909 apostolorum
1933 2839 2085 2894 Acti-

500 2936 606 2992 bus
632 2942 932 2990 narratur:
966 2933 1176 2988 Etcum
1206 2932 1587 2995 htecdixisset,
1637 2930 1930 2986 videntibus
1973 2929 2083 2983 illis

500 3027 731 3082 elevatus
783 3036 883 3091 est,
920 3037 971 3081 et
1006 3027 1164 3082 nubes
1188 3027 1414 3094 suscepit
1446 3042 1564 3079 eum
1597 3041 1663 3079 ea:
1692 3024 1858 3079 oculis
1878 3039 2081 3079 eorum.

502 3116 740 3189 Cumque
764 3120 1093 3173 intuerentur
1113 3134 1231 3173 eum
1259 3128 1464 3173 euntem
1486 3118 1541 3171 in
1565 3116 1752 3171 caelum
1777 3115 1844 3169 “.

576 3291 862 3349 Latentem
896 3294 1042 3348 illam
1097 3302 1153 3350 et
1179 3293 1453 3350 occultam
1489 3291 1793 3347 Salvatoris
1824 3306 1949 3345 cum
1985 3290 2089 3343 ho-

508 3386 772 3452 mini-bus,
803 3388 873 3443 ab
919 3402 1152 3443 ascensu
1210 3401 1314 3443 suo
1361 3385 1427 3440 ad
1481 3386 1587 3442 hoc
1639 3399 1815 3455 usque
1849 3391 2087 3452 tempus,

501 3479 981 3534 conversationem
1013 3478 1099 3533 his
1129 3478 1315 3533 verbis
1355 3476 1561 3531 indicat
1592 3495 1605 3530 :
1642 3474 1711 3528 Et
1752 3474 1925 3543 posuit
1960 3483 2092 3527 tene-

505 3566 636 3623 bras
671 3568 955 3623 latibulum
978 3585 1156 3633 suum,
1184 3568 1238 3621 in
1265 3569 1491 3621 circuitu
1533 3567 1648 3636 ejus
1688 3565 2092 3619 tabernaculum

506 3659 643 3730 ejus,
670 3659 940 3715 tenebrosa
963 3678 1104 3731 aqua
1119 3662 1175 3714 in
1198 3659 1421 3715 nubibus
1448 3660 1609 3714 aeris.
1646 3657 1862 3713 Nemini
1892 3657 2092 3728 quippe

510 3749 645 3806 latet
669 3765 779 3821 quo
806 3758 969 3820 pacto
989 3751 1276 3806 nobiscum
1306 3757 1555 3806 versetur
1574 3789 1590 3816 ,
1623 3747 1926 3805 secundum
1956 3747 2089 3802 illud

512 3843 582 3898 ab
643 3858 711 3899 eo
754 3842 962 3899 dictum
998 3864 1010 3898 :
1045 3843 1181 3899 Ecce
1228 3860 1321 3915 ego
1376 3844 1641 3898 vobiscum
1666 3858 1785 3896 sum
1845 3839 2089 3894 omnibus

510 3936 693 3991 diebus
720 3952 882 4006 usque
913 3937 982 3990 ad
1012 3937 1515 3991 consummationem
1566 3935 1751 3991 swculi
1785 3935 1852 3989 ⁸⁵.
1884 3932 2092 3988 Taber-

510 4028 768 4084 Iaculum
804 4044 970 4099 porro
998 4028 1178 4100 ipsius
1235 4044 1345 4084 non
1378 4028 1528 4083 aliud
1573 4025 1867 4098 signiﬁcat.
1921 4037 2088 4096 quam

512 4127 756 4177 sanctam
779 4118 1080 4177 Ecclesiam
1124 4121 1267 4190 ejus,
1323 4120 1382 4175 in
1420 4135 1532 4191 qua
1562 4135 1623 4175 se
1674 4117 2088 4175 tabernaculum

508 4212 818 4282 positurum
856 4213 1132 4283 pollicitus
1152 4224 1245 4269 est
1267 4228 1392 4268 cum
1420 4212 1560 4268 dixit
1591 4228 1605 4263 :
1632 4211 1733 4267 Ubi
1752 4210 1857 4265 duo
1886 4211 1964 4266 vel
1984 4220 2089 4265 tres

509 4306 813 4375 congregati
836 4304 1031 4374 fuerint
1053 4305 1119 4359 in
1147 4304 1356 4359 nomine
1396 4320 1531 4370 meo,
1567 4305 1683 4358 illic
1704 4320 1823 4358 sum
1844 4303 1900 4357 in
1919 4301 2090 4356 medio

510 4410 696 4450 eorum
747 4394 814 4450 “.
858 4394 1313 4464 Quandoquidem
1363 4409 1495 4451 vero
1554 4394 1855 4466 prophetiae
1912 4393 2090 4462 ipsum

515 4492 832 4557 spectantes
856 4485 1157 4559 caliginoso
1173 4492 1227 4540 et
1241 4485 1480 4541 obscuro
1506 4500 1660 4540 more
1688 4484 1915 4555 prolata:
1936 4488 2089 4550 sunt,

506 4579 636 4649 jure
678 4578 987 4649 adjicitur:
1029 4578 1326 4633 Tenebrosa
1376 4593 1517 4648 aqua
1565 4578 1619 4630 in
1664 4575 1888 4631 nubibus
1932 4575 2092 4629 aeris.

513 4670 640 4725 Pro:
666 4671 873 4742 fulgore
916 4672 973 4725 in
1022 4680 1299 4741 conspectu
1349 4670 1463 4740 ejus
1529 4669 1689 4724 nubes
1745 4668 2092 4732 transierunt,

512 4762 719 4832 grando
752 4772 802 4817 et
832 4762 1087 4818 carbones
1115 4764 1273 4833 ignis.
1325 4761 1482 4828 Quod
1518 4769 1701 4818 autem
1741 4762 1939 4826 nubes,
1967 4776 2095 4831 pro-

515 4855 734 4925 phetas,
763 4870 827 4909 ac
851 4856 1088 4926 pluviam
1124 4871 1192 4911 ex
1229 4854 1467 4911 nubibus
1525 4853 1826 4924 delapsam,
1852 4852 2094 4925 prophe-

511 4949 656 5003 ticos
718 4963 999 5005 sermones
1058 4948 1295 5020 Spiritus
1324 4958 1548 5005 sanctus
1591 4948 1766 5004 soleat
1817 4945 2096 5018 appellare

511 5041 732 5108 docebit
759 5040 928 5098 Isaias
960 5043 1075 5113 qui,
1111 5042 1571 5114 quemadmodum
1603 5041 1808 5096 dictum
1840 5047 1947 5104 est,
1996 5053 2095 5109 po-

512 5139 703 5210 pulum
760 5139 977 5195 vineam
1030 5140 1341 5210 compellat,
1379 5143 1562 5211 aitque
1602 5141 1780 5196 nubes
1809 5154 1918 5194 non
1955 5138 2096 5191 ultra

512 5233 751 5302 pluviam
781 5234 884 5304 ipsi
912 5234 1333 5289 subministrare
1355 5234 1421 5289 ⁸⁷.
1456 5306 1461 5310 ἡ

581 5324 751 5382 Vitas.
775 5328 864 5382 14.
902 5326 971 5381 Et
1002 5328 1227 5381 intonuit
1256 5326 1319 5382 de
1340 5329 1468 5383 caelo
1489 5327 1771 5392 Dominus,
1811 5332 1860 5377 et
1882 5322 2095 5376 Altissi-

514 5435 631 5473 mus
645 5418 791 5475 dedit
812 5436 986 5474 vocem
1004 5437 1176 5475 suam.
1224 5421 1283 5474 In
1313 5419 1573 5491 praesenti
1603 5420 1869 5473 docemur
1894 5428 1957 5466 ea
1974 5427 2095 5482 qua:

2193 2107 2420 2179 κατέϐη.
2467 2108 2555 2161 Ἐν
2606 2105 2666 2157 δὲ
2710 2106 2775 2174 τῇ
2821 2100 3065 2170 ἐπανόδῳ
3114 2098 3394 2151 λέλεκται·
3442 2094 3553 2150 Kal
3595 2091 3777 2162 ἐπέϐη

2191 2200 2292 2253 ἐπὶ
2329 2199 2609 2268 χερουὸἰμ
2637 2195 2734 2249 καί
2763 2194 3088 2260 ἐπετάσθη,
3123 2190 3241 2262 μεθ’
3272 2184 3333 2244 οὗ
3361 2188 3649 2259 ἀνείληφεν
3675 2183 3779 2239 σώ-

2198 2311 2387 2366 ματος.
2406 2293 2523 2347 Καὶ·
2540 2291 2730 2361 ἐπειδὴ
2753 2287 3118 2342 ἀναϐαίνοντα
3138 2283 3313 2345 οὕτως
3334 2280 3601 2352 ἐθεώρουν
3618 2277 3780 2334 αὑτὸν

2194 2387 2253 2438 αἱ
2285 2383 2541 2454 δυνάμεις
2570 2381 2626 2434 αἰ
2662 2379 2825 2441 θεῖαι,
2854 2376 2986 2447 περὶ
3011 2374 3174 2429 αὑτὸν
3208 2370 3497 2441 γενόμεναι
3523 2367 3780 2440 ἐδορυφό-

2198 2494 2323 2550 ρουν
2375 2474 2536 2529 αὑτοῦ
2596 2472 2694 2544 τὴν
2751 2470 2936 2526 ἄνοδον
2985 2467 3283 2521 ἐπιδοῶσαι
3346 2465 3442 2518 καὶ
3486 2462 3776 2530 λέγουσαι·

2197 2549 2402 2635 Ἄρατε
2444 2564 2554 2629 τὰς
2583 2562 2876 2627 πύλας,οἱ
2909 2559 3219 2627 ἄρχοντες,
3258 2552 3446 2624 ὑμῶν,
3475 2550 3575 2606 καί
3599 2549 3782 2619 ἐπάρ-

2193 2665 2354 2728 θητε,
2381 2659 2566 2712 πύλαι
2592 2654 2833 2717 αἰώνιοι,
2863 2651 2959 2705 καί
2986 2649 3400 2704 εἰσελεύσεται
3428 2648 3460 2699 ό
3479 2643 3782 2709 ,ϐασιλεὺς

2191 2747 2301 2817 τῆς
2329 2748 2534 2814 δόξης.
2588 2740 2922 2815 Ἐπληροῦτο
2946 2740 3004 2794 δὲ
3031 2737 3206 2791 ταῦτα
3250 2734 3394 2788 κατά
3440 2732 3532 2786 τὸν
3569 2730 3781 2802 καιρὸν,

2190 2842 2312 2896 καθ’
2356 2843 2410 2895 ὃν
2460 2857 2625 2909 φησιν
2670 2839 2705 2909 ὴ
2740 2835 2935 2908 Γραφὴ
2966 2833 3075 2887 τῶν
3117 2830 3378 2902 Πράξεων
3406 2825 3513 2879 τῶν
3547 2821 3781 2877 ἀποστό-

2190 2930 2298 2987 λων
2319 2951 2330 2963 ·
2351 2933 2460 2987 Kal
2488 2930 2676 2985 ταῦτα
2697 2928 2902 2991 εἰπὼν,
2925 2925 3286 2991 βλεπόντων
3305 2917 3506 2974 αὐτῶν
3526 2913 3780 2983 ἐπήρθη,

2191 3027 2290 3080 καὶ
2324 3023 2552 3092 νεφέλη
2585 3020 2882 3075 ἀνέλαϐεν
2915 3016 3107 3070 αὐτὸν
3133 3013 3256 3068 ἀπὸ
3294 3010 3413 3064 τῶν
3458 3004 3777 3077 ὀφθαλμῶν

2192 3116 2412 3171 αὐτῶν.
2438 3114 2548 3169 Kal
2573 3113 2654 3178 ὡς
2686 3109 3056 3172 ἀτενίζοντες
3083 3101 3245 3174 ἦσαν
3270 3105 3357 3166 εἰς
3385 3102 3493 3154 τὸν
3523 3098 3784 3166 οὐρανὸν

2117 3184 2161 3242 c
2195 3204 2603 3276 πορευομένου
2630 3201 2837 3257 αὐτοῦ.

2268 3299 2379 3371 Τὴν
2410 3296 2594 3367 ἀφανῆ
2631 3295 2726 3349 καὶ
2767 3291 3139 3346 λανθάνουσαν
3171 3285 3266 3340 τοῦ
3295 3283 3553 3355 Σωτῆρος
3577 3281 3788 3371 διατριῖ-

2198 3368 2414 3464 δὴνξῆν
2449 3389 2547 3443 σὺν
2572 3384 2881 3458 ἀνθρώποις
2937 3380 3105 3434 εἰσέτι
3136 3377 3229 3432 καὶ
3261 3375 3356 3431 νῦν
3388 3376 3621 3428 ποιεῖται
3650 3368 3789 3443 μετά

2198 3481 2295 3553 τὴν
2319 3480 2607 3552 ἀνάληψιν,
2661 3477 2901 3531 διδάσκει
2933 3472 3135 3540 λέγων’
3192 3468 3303 3523 Kal
3347 3466 3515 3519 ἔθετο
3566 3463 3787 3553 σκότος

2199 3573 2563 3643 ἀποκρυφὴν
2581 3571 2791 3631 αὐτοῦ,
2824 3568 3035 3633 κύκλῳ
3060 3561 3250 3616 αὐτοῦ
3289 3562 3326 3629 ἠ
3348 3555 3552 3624 σκηνὴ
3575 3552 3784 3616 αὐτοῦ,

2200 3666 2518 3721 σκοτεινὸν
2546 3662 2702 3729 ὕδωρ
2727 3662 2798 3714 ὲν
2830 3657 3114 3727 νεφέλαις
3169 3653 3377 3720 ἀέρων.
3431 3648 3506 3700 Οὐ
3536 3644 3786 3699 λανθάνει

2200 3757 2309 3829 γὰρ
2337 3757 2464 3819 τοὺς
2493 3754 2700 3815 πάντας
2731 3752 2879 3813 ὅπως
2916 3746 3163 3800 σύνεστιν
3204 3744 3337 3813 ἡμῖν
3369 3737 3512 3793 κατὰ
3547 3735 3607 3788 τὸ
3631 3736 3784 3829 εἰρη-

2204 3824 2362 3921 μένον
2391 3843 2480 3897 ὐπ’
2511 3841 2695 3896 αὑτοῦ·
2740 3838 2896 3894 Ἰδοὺ
2939 3836 3055 3905 ἐγὼ
3073 3834 3202 3905 μεθ’
3231 3829 3399 3901 ὑμῶν
3441 3832 3557 3897 εἰμι
3582 3824 3787 3891 πάσας

2201 3919 2309 4006 τὰς
2332 3936 2558 4008 ἡμέρας
2574 3934 2688 4000 ἕως
2713 3931 2825 4001 τῆς
2843 3929 3203 3997 συντελείας
3225 3925 3333 3979 τοῦ
3358 3921 3591 3986 αἰῶνος.
3644 3919 3788 3988 Σκη-

2201 4032 2299 4105 νὴν
2326 4026 2566 4084 δὲαὺτοῦ
2610 4025 2866 4097 σημαίνει
2898 4023 2999 4093 οὐχ
3045 4017 3297 4090 ἑτέρανῆ
3331 4016 3430 4086 τὴν
3455 4012 3618 4081 ἁγίαν
3663 4008 3788 4105 Ἐκ-

2199 4101 2427 4197 κλησίαν
2448 4120 2632 4176 αὑτοῦ·
2665 4121 2722 4173 ὲν
2836 4111 3261 4184 κατασκηνῶσαι
3282 4106 3669 4180 ἐπηγγείλατο,
3702 4101 3786 4197 sl:

2370 4216 2554 4269 Ὅπου
2576 4211 2685 4267 δύο
2711 4208 2750 4277 ἢ
2773 4190 2930 4278 τρεῖς
2965 4201 3335 4273 συνηγμένοι
3366 4200 3526 4254 εἰσὶν
3577 4198 3665 4260 εἰς
3717 4190 3789 4246 τὸ

2200 4309 2347 4381 ἐμὸν
2379 4308 2588 4377 ὄνομα,
2622 4302 2750 4358 ἐκεῖ
2772 4304 2891 4371 εἰμι
2927 4299 2998 4353 ὲν
3018 4298 3189 4369 μέσῳ
3215 4292 3433 4349 αὐτῶν.
3484 4288 3702 4357 Ἐπειδὴ

2202 4377 2299 4457 καὶ
2324 4401 2382 4454 αἱ
2410 4398 2539 4470 περὶ
2568 4395 2735 4451 αὐτοῦ
2764 4393 3090 4465 προφητεῖαι
3122 4385 3409 4448 σκοτεινῶς
3434 4382 3678 4454 εἴρηνται
3696 4377 3791 4470 καὶ

2128 4534 2172 4589 D
2201 4468 2719 4563 ἐπικεκρυμμένως,
2753 4484 2980 4546 εἰκότως
3007 4481 3133 4551 ἑξῆς
3182 4479 3424 4589 λέγεται-
3454 4468 3790 4589 ²,Σῖλίοηεινὸν

2203 4585 2361 4653 ὕδωρ
2497 4579 2781 4651 νεφέλαις
2804 4574 3014 4644 ἀέρων.
3058 4570 3200 4627 Ἀπὸ
3222 4567 3333 4635 τῆς
3361 4561 3792 4653 τηλαυγιιὶσεως

2202 4651 2460 4729 Μαίων
2490 4668 2676 4726 αὐτοῦ
2703 4669 2763 4723 al
2790 4665 3037 4736 νεφέλαι
3089 4661 3360 4731 διῆλθον,
3411 4654 3637 4726 χάλαζα
3688 4651 3789 4706 καί

2203 4770 2496 4838 ἄνθρακες
2522 4766 2731 4834 πυρός.
2766 4764 2890 4817 Ὀτι
2915 4760 3024 4830 γὰρ
3055 4755 3286 4825 νεφέλας
3325 4754 3451 4814 τοὺς
3479 4751 3788 4822 προφήτας,

2204 4862 2298 4916 καὶ
2325 4860 2419 4914 τὸν
2440 4859 2498 4926 ἐξ
2523 4856 2703 4912 αὐτῶν
2736 4854 3031 4927 φερόμενον
3065 4849 3239 4910 ὑετὸν,
3271 4844 3469 4917 δηλαδὴ
3504 4842 3631 4905 τοὺς
3654 4856 3791 4911 προον

2202 4951 2463 5023 φητικοὺς
2482 4949 2695 5017 λόγους,
2730 4945 2791 4998 τὸ
2838 4941 3066 5011 Πνεῦμα
3094 4938 3156 4991 τὸ
3201 4936 3341 4989 θεῖον
3374 4932 3563 4988 εἴωθεν
3593 4927 3793 4999 ὀνομά-

2203 5022 2337 5108 ζειν,
2372 5040 2571 5106 διδάξει
2608 5038 2853 5099 Ἦσατας,
2914 5027 3288 5101 ἀλληγορικῶς
3332 5026 3425 5079 τὸν
3452 5023 3579 5077 λαὸν
3610 5022 3793 5092 ἀμπε-

2203 5136 2345 5189 λῶνα
2367 5130 2703 5205 προσειπὼν,
2735 5126 2881 5183 καθὰ
2933 5124 3169 5195 εἴρηται,
3203 5119 3298 5173 καὶ
3325 5116 3556 5187 νεφέλας
3591 5109 3791 5185 μηκέτι

2204 5228 2284 5291 εἰς
2310 5226 2473 5279 αὑτὸν
2501 5223 2653 5277 ὑετὸν
2686 5217 2976 5291 φερούσας.

2275 5317 2384 5372 Kal
2434 5317 2803 5385 ἐϐρόντησεν
2858 5310 2927 5374 ἐξ
2995 5305 3251 5376 οὐρανοῦ
3297 5305 3545 5370 Κύριος,
3595 5297 3695 5354 καὶ
3751 5298 3791 5353 ό

2205 5413 2503 5478 ’Υψιστος
2528 5406 2715 5462 ἔδωκε
2733 5401 2943 5473 φωνὴν
2972 5399 3177 5456 αὐτοῦ.
3215 5396 3463 5451 Διδάσκει
3493 5395 3552 5447 ὲν
3576 5391 3655 5463 τῷ
3684 5404 3794 5446 πα-

589 5574 633 5644 Ῡι
655 5574 784 5629 Luc.
834 5592 911 5630 xu
935 5615 949 5637 ,
1005 5575 1093 5630 49.
1174 5576 1220 5609 ⁸³
1245 5574 1389 5631 Psal.
1419 5591 1579 5643 χχιιι,
1602 5573 1657 5640 7,
1677 5571 1732 5626 9.
1813 5571 1857 5603 ⁸³⁵
1879 5570 1999 5627 Act.
2038 5584 2080 5636 ι,

2191 5609 2197 5633 ,
2263 5565 2350 5621 lo.
2427 5564 2470 5598 °'
2500 5560 2707 5644 Mattha
2740 5573 2936 5626 xxvut,
2976 5557 3066 5613 20.
3145 5555 3192 5587 “
3241 5550 3431 5608 Matth.
3481 5562 3654 5616 smn,
3688 5542 3786 5604 20.

514 5644 556 5675 "
588 5642 690 5699 lsa.
737 5661 789 5709 v,
825 5646 874 5711 1,
903 5645 955 5700 6.

583 5803 660 5870 ll)
702 5801 831 5861 Mss.
855 5803 924 5858 ad
951 5815 1127 5871 marg.
1168 5795 1458 5870 xepou6lp.
