  <div class='ocr_page' id='page_1' title='image "/cluster/home/n/w/nwhite01/storage/ocr_20150623/23:no.5/coo.31924054873033/102.png"; bbox 0 0 4100 6404; ppageno 0'>
   <div class='ocr_carea' id='block_1_1' title="bbox 354 381 462 441">
    <p class='ocr_par' dir='ltr' id='par_1_1' title="bbox 354 381 462 441">
     <span class='ocr_line' id='line_1_1' title="bbox 354 381 462 441; baseline 0 0"><span class='ocrx_word' id='word_1_1' title='bbox 354 381 462 441; x_wconf 67' lang='grc' dir='ltr'><strong>ΠΒ</strong></span> 
     </span>
    </p>
   </div>
   <div class='ocr_carea' id='block_1_2' title="bbox 1485 375 2479 435">
    <p class='ocr_par' dir='ltr' id='par_1_2' title="bbox 1485 375 2479 435">
     <span class='ocr_line' id='line_1_2' title="bbox 1485 375 2479 435; baseline -0.003 0"><span class='ocrx_word' id='word_1_2' title='bbox 1485 376 1993 435; x_wconf 81' lang='lat' dir='ltr'><strong>COMMENTARIA</strong></span> <span class='ocrx_word' id='word_1_3' title='bbox 2031 376 2097 431; x_wconf 86' lang='lat' dir='ltr'><strong>IN</strong></span> <span class='ocrx_word' id='word_1_4' title='bbox 2139 375 2479 433; x_wconf 73' lang='lat' dir='ltr'><strong>PSALMOS.</strong></span> 
     </span>
    </p>
   </div>
   <div class='ocr_carea' id='block_1_3' title="bbox 3515 372 3619 427">
    <p class='ocr_par' dir='ltr' id='par_1_3' title="bbox 3515 372 3619 427">
     <span class='ocr_line' id='line_1_3' title="bbox 3515 372 3619 427; baseline -0.019 0"><span class='ocrx_word' id='word_1_5' title='bbox 3515 372 3619 427; x_wconf 65' lang='grc' dir='ltr'><strong>Πι</strong></span> 
     </span>
    </p>
   </div>
   <div class='ocr_carea' id='block_1_4' title="bbox 355 494 1953 575">
    <p class='ocr_par' dir='ltr' id='par_1_4' title="bbox 355 498 1935 575">
     <span class='ocr_line' id='line_1_4' title="bbox 355 498 1935 575; baseline -0.003 -19"><span class='ocrx_word' id='word_1_6' title='bbox 355 499 502 575; x_wconf 81' lang='grc' dir='ltr'>ρόντι</span> <span class='ocrx_word' id='word_1_7' title='bbox 529 503 558 556; x_wconf 81' lang='grc' dir='ltr'><strong>ό</strong></span> <span class='ocrx_word' id='word_1_8' title='bbox 582 500 736 570; x_wconf 82' lang='grc' dir='ltr'><strong>λόγος</strong></span> <span class='ocrx_word' id='word_1_9' title='bbox 760 498 827 554; x_wconf 78' lang='grc' dir='ltr'><strong>τὰ</strong></span> <span class='ocrx_word' id='word_1_10' title='bbox 865 498 1002 571; x_wconf 88' lang='grc' dir='ltr'><strong>μετά</strong></span> <span class='ocrx_word' id='word_1_11' title='bbox 1023 499 1121 570; x_wconf 82' lang='grc' dir='ltr'>τὴν</span> <span class='ocrx_word' id='word_1_12' title='bbox 1147 500 1412 572; x_wconf 74' lang='grc' dir='ltr'>ἀνάληψιν</span> <span class='ocrx_word' id='word_1_13' title='bbox 1444 499 1538 553; x_wconf 87' lang='grc' dir='ltr'><strong>τοῦ</strong></span> <span class='ocrx_word' id='word_1_14' title='bbox 1570 498 1824 571; x_wconf 84' lang='grc' dir='ltr'><strong>Σωτῆρος</strong></span> <span class='ocrx_word' id='word_1_15' title='bbox 1849 498 1935 551; x_wconf 88' lang='grc' dir='ltr'><strong>διά</strong></span> 
     </span>
    </p>
   </div>
   <div class='ocr_carea' id='block_1_5' title="bbox 2057 494 3619 575">
    <p class='ocr_par' dir='ltr' id='par_1_5' title="bbox 2057 494 3619 567">
     <span class='ocr_line' id='line_1_5' title="bbox 2057 494 3619 567; baseline -0.006 -14"><span class='ocrx_word' id='word_1_16' title='bbox 2057 505 2164 567; x_wconf 71' lang='lat' dir='ltr'><strong>Jost</strong></span> <span class='ocrx_word' id='word_1_17' title='bbox 2211 496 2514 551; x_wconf 85' lang='lat' dir='ltr'><strong>Salvatoris</strong></span> <span class='ocrx_word' id='word_1_18' title='bbox 2573 510 2865 551; x_wconf 83' lang='lat' dir='ltr'><strong>ascensum</strong></span> <span class='ocrx_word' id='word_1_19' title='bbox 2898 510 2996 566; x_wconf 75' lang='lat' dir='ltr'><strong>per</strong></span> <span class='ocrx_word' id='word_1_20' title='bbox 3034 495 3155 564; x_wconf 72' lang='lat' dir='ltr'><strong>eius</strong></span> <span class='ocrx_word' id='word_1_21' title='bbox 3207 494 3437 548; x_wconf 75' lang='lat' dir='ltr'><strong>virtutes</strong></span> <span class='ocrx_word' id='word_1_22' title='bbox 3466 500 3619 562; x_wconf 75' lang='lat' dir='ltr'><strong>gesta</strong></span> 
     </span>
    </p>
   </div>
   <div class='ocr_carea' id='block_1_6' title="bbox 353 590 1937 667">
    <p class='ocr_par' dir='ltr' id='par_1_6' title="bbox 353 590 1937 667">
     <span class='ocr_line' id='line_1_6' title="bbox 353 590 1937 667; baseline -0.003 -19"><span class='ocrx_word' id='word_1_23' title='bbox 353 595 453 667; x_wconf 83' lang='grc' dir='ltr'>τῆς</span> <span class='ocrx_word' id='word_1_24' title='bbox 485 593 648 648; x_wconf 82' lang='grc' dir='ltr'>αὐτοῦ</span> <span class='ocrx_word' id='word_1_25' title='bbox 679 595 960 665; x_wconf 88' lang='grc' dir='ltr'>δυνάμεως</span> <span class='ocrx_word' id='word_1_26' title='bbox 997 593 1473 667; x_wconf 81' lang='grc' dir='ltr'>καταπραχθέντα,</span> <span class='ocrx_word' id='word_1_27' title='bbox 1510 591 1696 661; x_wconf 82' lang='grc' dir='ltr'><strong>σαφῶς</strong></span> <span class='ocrx_word' id='word_1_28' title='bbox 1723 592 1779 645; x_wconf 84' lang='grc' dir='ltr'>δὲ</span> <span class='ocrx_word' id='word_1_29' title='bbox 1839 590 1937 662; x_wconf 84' lang='grc' dir='ltr'>τὴν</span> 
     </span>
    </p>
   </div>
   <div class='ocr_carea' id='block_1_7' title="bbox 355 683 1936 758">
    <p class='ocr_par' dir='ltr' id='par_1_7' title="bbox 355 683 1936 758">
     <span class='ocr_line' id='line_1_7' title="bbox 355 683 1936 758; baseline -0.003 -17"><span class='ocrx_word' id='word_1_30' title='bbox 355 686 540 741; x_wconf 75' lang='grc' dir='ltr'>ἄνοδον</span> <span class='ocrx_word' id='word_1_31' title='bbox 569 683 730 740; x_wconf 83' lang='grc' dir='ltr'>αὑτοῦ</span> <span class='ocrx_word' id='word_1_32' title='bbox 755 686 1066 758; x_wconf 75' lang='grc' dir='ltr'><strong>παρέστησε</strong></span> <span class='ocrx_word' id='word_1_33' title='bbox 1086 684 1176 738; x_wconf 82' lang='grc' dir='ltr'>διὰ</span> <span class='ocrx_word' id='word_1_34' title='bbox 1207 686 1315 739; x_wconf 88' lang='grc' dir='ltr'><strong>τῶν</strong></span> <span class='ocrx_word' id='word_1_35' title='bbox 1345 683 1719 756; x_wconf 78' lang='grc' dir='ltr'><strong>προκειμένων</strong></span> <span class='ocrx_word' id='word_1_36' title='bbox 1747 683 1936 737; x_wconf 80' lang='grc' dir='ltr'>εἰπών’</span> 
     </span>
    </p>
   </div>
   <div class='ocr_carea' id='block_1_8' title="bbox 357 775 1940 848">
    <p class='ocr_par' dir='ltr' id='par_1_8' title="bbox 357 775 1940 848">
     <span class='ocr_line' id='line_1_8' title="bbox 357 775 1940 848; baseline -0.003 -16"><span class='ocrx_word' id='word_1_37' title='bbox 357 779 467 833; x_wconf 82' lang='lat' dir='ltr'><strong>Kal</strong></span> <span class='ocrx_word' id='word_1_38' title='bbox 486 779 858 847; x_wconf 82' lang='grc' dir='ltr'>ἐϐρόντησεν</span> <span class='ocrx_word' id='word_1_39' title='bbox 878 777 948 842; x_wconf 81' lang='grc' dir='ltr'><strong>ἐξ</strong></span> <span class='ocrx_word' id='word_1_40' title='bbox 981 777 1265 845; x_wconf 80' lang='grc' dir='ltr'>οὐρανοῦ.</span> <span class='ocrx_word' id='word_1_41' title='bbox 1304 777 1428 841; x_wconf 88' lang='grc' dir='ltr'>Πῶς</span> <span class='ocrx_word' id='word_1_42' title='bbox 1460 776 1517 829; x_wconf 84' lang='grc' dir='ltr'>δὲ</span> <span class='ocrx_word' id='word_1_43' title='bbox 1551 775 1879 848; x_wconf 73' lang='grc' dir='ltr'>ἐϐρόντησεν</span> <span class='ocrx_word' id='word_1_44' title='bbox 1911 776 1940 827; x_wconf 88' lang='grc' dir='ltr'><strong>ὁ</strong></span> 
     </span>
    </p>
   </div>
   <div class='ocr_carea' id='block_1_9' title="bbox 355 865 1940 940">
    <p class='ocr_par' dir='ltr' id='par_1_9' title="bbox 355 865 1940 940">
     <span class='ocr_line' id='line_1_9' title="bbox 355 865 1940 940; baseline -0.002 -18"><span class='ocrx_word' id='word_1_45' title='bbox 355 869 614 940; x_wconf 79' lang='grc' dir='ltr'><strong>ἀνωτέρω</strong></span> <span class='ocrx_word' id='word_1_46' title='bbox 647 869 833 933; x_wconf 83' lang='grc' dir='ltr'><strong>κλίνας</strong></span> <span class='ocrx_word' id='word_1_47' title='bbox 860 869 988 932; x_wconf 80' lang='grc' dir='ltr'>τοὺς</span> <span class='ocrx_word' id='word_1_48' title='bbox 1018 868 1282 938; x_wconf 81' lang='grc' dir='ltr'>οὐρανοὺς</span> <span class='ocrx_word' id='word_1_49' title='bbox 1337 867 1430 920; x_wconf 80' lang='grc' dir='ltr'>καὶ</span> <span class='ocrx_word' id='word_1_50' title='bbox 1460 865 1725 933; x_wconf 77' lang='grc' dir='ltr'>καταϐὰς,</span> <span class='ocrx_word' id='word_1_51' title='bbox 1779 868 1829 919; x_wconf 88' lang='grc' dir='ltr'><strong>εἰ</strong></span> <span class='ocrx_word' id='word_1_52' title='bbox 1861 866 1940 937; x_wconf 86' lang='grc' dir='ltr'>μὴ</span> 
     </span>
    </p>
   </div>
   <div class='ocr_carea' id='block_1_10' title="bbox 356 956 1943 1031">
    <p class='ocr_par' dir='ltr' id='par_1_10' title="bbox 356 956 1943 1031">
     <span class='ocr_line' id='line_1_10' title="bbox 356 956 1943 1031; baseline -0.003 -16"><span class='ocrx_word' id='word_1_53' title='bbox 356 958 573 1024; x_wconf 79' lang='grc' dir='ltr'>πάντως</span> <span class='ocrx_word' id='word_1_54' title='bbox 618 960 968 1028; x_wconf 84' lang='grc' dir='ltr'>ἀνεληλύθει;</span> <span class='ocrx_word' id='word_1_55' title='bbox 1033 960 1168 1031; x_wconf 78' lang='grc' dir='ltr'>ὅπερ</span> <span class='ocrx_word' id='word_1_56' title='bbox 1213 958 1468 1029; x_wconf 77' lang='grc' dir='ltr'><strong>ἐδηλοῦτο</strong></span> <span class='ocrx_word' id='word_1_57' title='bbox 1529 958 1617 1012; x_wconf 85' lang='grc' dir='ltr'>ὃιά</span> <span class='ocrx_word' id='word_1_58' title='bbox 1657 956 1775 1012; x_wconf 86' lang='grc' dir='ltr'>τοῦ·</span> <span class='ocrx_word' id='word_1_59' title='bbox 1831 956 1943 1012; x_wconf 75' lang='grc' dir='ltr'><strong>Καὶ</strong></span> 
     </span>
    </p>
   </div>
   <div class='ocr_carea' id='block_1_11' title="bbox 353 1048 1940 1121">
    <p class='ocr_par' dir='ltr' id='par_1_11' title="bbox 353 1048 1940 1121">
     <span class='ocr_line' id='line_1_11' title="bbox 353 1048 1940 1121; baseline -0.002 -16"><span class='ocrx_word' id='word_1_60' title='bbox 353 1049 536 1120; x_wconf 77' lang='grc' dir='ltr'>ἐπέϐη</span> <span class='ocrx_word' id='word_1_61' title='bbox 579 1051 678 1105; x_wconf 81' lang='grc' dir='ltr'><strong>ἐπί</strong></span> <span class='ocrx_word' id='word_1_62' title='bbox 705 1052 988 1121; x_wconf 78' lang='grc' dir='ltr'>χερουϐἰμ</span> <span class='ocrx_word' id='word_1_63' title='bbox 1020 1050 1118 1105; x_wconf 82' lang='grc' dir='ltr'><strong>καί</strong></span> <span class='ocrx_word' id='word_1_64' title='bbox 1138 1050 1461 1117; x_wconf 77' lang='grc' dir='ltr'>ἐπετάσθη,</span> <span class='ocrx_word' id='word_1_65' title='bbox 1512 1048 1813 1117; x_wconf 79' lang='grc' dir='ltr'>ἐπετάσθη</span> <span class='ocrx_word' id='word_1_66' title='bbox 1842 1049 1940 1103; x_wconf 83' lang='grc' dir='ltr'><strong>έπί</strong></span> 
     </span>
    </p>
   </div>
   <div class='ocr_carea' id='block_1_12' title="bbox 354 1137 1942 1211">
    <p class='ocr_par' dir='ltr' id='par_1_12' title="bbox 354 1137 1942 1211">
     <span class='ocr_line' id='line_1_12' title="bbox 354 1137 1942 1211; baseline -0.001 -17"><span class='ocrx_word' id='word_1_67' title='bbox 354 1141 663 1211; x_wconf 77' lang='grc' dir='ltr'><strong>πτερύγων</strong></span> <span class='ocrx_word' id='word_1_68' title='bbox 694 1140 949 1210; x_wconf 80' lang='grc' dir='ltr'>ἀνέμων.</span> <span class='ocrx_word' id='word_1_69' title='bbox 982 1138 1190 1193; x_wconf 79' lang='grc' dir='ltr'>Οὐκοῦν</span> <span class='ocrx_word' id='word_1_70' title='bbox 1236 1138 1614 1193; x_wconf 77' lang='grc' dir='ltr'>ἀποδέδεικται</span> <span class='ocrx_word' id='word_1_71' title='bbox 1643 1137 1942 1210; x_wconf 89' lang='grc' dir='ltr'>κατεληλυ-</span> 
     </span>
    </p>
   </div>
   <div class='ocr_carea' id='block_1_13' title="bbox 355 1222 1950 1303">
    <p class='ocr_par' dir='ltr' id='par_1_13' title="bbox 355 1222 1950 1303">
     <span class='ocr_line' id='line_1_13' title="bbox 355 1222 1950 1303; baseline -0.004 -18"><span class='ocrx_word' id='word_1_72' title='bbox 355 1226 629 1297; x_wconf 82' lang='grc' dir='ltr'>θὼς,εἷτα</span> <span class='ocrx_word' id='word_1_73' title='bbox 663 1230 803 1302; x_wconf 86' lang='grc' dir='ltr'><strong>μετά</strong></span> <span class='ocrx_word' id='word_1_74' title='bbox 857 1227 950 1282; x_wconf 89' lang='grc' dir='ltr'><strong>τοῦ</strong></span> <span class='ocrx_word' id='word_1_75' title='bbox 1008 1227 1277 1303; x_wconf 72' lang='grc' dir='ltr'>χερουϐὶμ</span> <span class='ocrx_word' id='word_1_76' title='bbox 1331 1225 1692 1299; x_wconf 78' lang='grc' dir='ltr'><strong>ἀνεληλυθώς·</strong></span> <span class='ocrx_word' id='word_1_77' title='bbox 1743 1222 1839 1281; x_wconf 75' lang='grc' dir='ltr'>εἶτ’</span> <span class='ocrx_word' id='word_1_78' title='bbox 1885 1224 1950 1291; x_wconf 76' lang='grc' dir='ltr'><strong>ἐξ</strong></span> 
     </span>
    </p>
   </div>
   <div class='ocr_carea' id='block_1_14' title="bbox 353 1317 1945 1396">
    <p class='ocr_par' dir='ltr' id='par_1_14' title="bbox 353 1317 1945 1396">
     <span class='ocr_line' id='line_1_14' title="bbox 353 1317 1945 1396; baseline -0.004 -18"><span class='ocrx_word' id='word_1_79' title='bbox 353 1322 589 1396; x_wconf 82' lang='grc' dir='ltr'>οὐρανοῦ</span> <span class='ocrx_word' id='word_1_80' title='bbox 615 1321 873 1394; x_wconf 80' lang='grc' dir='ltr'>βροντῶν,</span> <span class='ocrx_word' id='word_1_81' title='bbox 896 1321 992 1375; x_wconf 80' lang='grc' dir='ltr'>καὶ</span> <span class='ocrx_word' id='word_1_82' title='bbox 1024 1321 1154 1391; x_wconf 80' lang='grc' dir='ltr'><strong>ἑξῆς</strong></span> <span class='ocrx_word' id='word_1_83' title='bbox 1180 1321 1251 1375; x_wconf 88' lang='grc' dir='ltr'><strong>τά</strong></span> <span class='ocrx_word' id='word_1_84' title='bbox 1280 1319 1750 1392; x_wconf 83' lang='grc' dir='ltr'><strong>ἀναγεγραμμένα</strong></span> <span class='ocrx_word' id='word_1_85' title='bbox 1771 1317 1945 1390; x_wconf 81' lang='grc' dir='ltr'>πράτ-</span> 
     </span>
    </p>
   </div>
   <div class='ocr_carea' id='block_1_15' title="bbox 355 1396 1947 1485">
    <p class='ocr_par' dir='ltr' id='par_1_15' title="bbox 355 1396 1947 1485">
     <span class='ocr_line' id='line_1_15' title="bbox 355 1396 1947 1485; baseline -0.004 -15"><span class='ocrx_word' id='word_1_86' title='bbox 355 1431 465 1471; x_wconf 86' lang='grc' dir='ltr'><strong>των</strong></span> <span class='ocrx_word' id='word_1_87' title='bbox 497 1413 642 1469; x_wconf 86' lang='grc' dir='ltr'><strong>κατά</strong></span> <span class='ocrx_word' id='word_1_88' title='bbox 667 1413 775 1467; x_wconf 89' lang='grc' dir='ltr'><strong>τῶν</strong></span> <span class='ocrx_word' id='word_1_89' title='bbox 804 1412 1015 1485; x_wconf 83' lang='grc' dir='ltr'>ὲχθρῶν</span> <span class='ocrx_word' id='word_1_90' title='bbox 1062 1412 1248 1467; x_wconf 79' lang='grc' dir='ltr'>αὑτοῦ.</span> <span class='ocrx_word' id='word_1_91' title='bbox 1285 1396 1508 1485; x_wconf 83' lang='grc' dir='ltr'>Πρῶτον</span> <span class='ocrx_word' id='word_1_92' title='bbox 1531 1412 1628 1484; x_wconf 86' lang='grc' dir='ltr'>μὲν</span> <span class='ocrx_word' id='word_1_93' title='bbox 1659 1411 1779 1467; x_wconf 84' lang='grc' dir='ltr'><strong>ἀπὸ</strong></span> <span class='ocrx_word' id='word_1_94' title='bbox 1836 1411 1947 1481; x_wconf 82' lang='grc' dir='ltr'><strong>τῆς</strong></span> 
     </span>
    </p>
   </div>
   <div class='ocr_carea' id='block_1_16' title="bbox 354 1504 1947 1575">
    <p class='ocr_par' dir='ltr' id='par_1_16' title="bbox 354 1504 1947 1575">
     <span class='ocr_line' id='line_1_16' title="bbox 354 1504 1947 1575; baseline -0.002 -14"><span class='ocrx_word' id='word_1_95' title='bbox 354 1505 785 1575; x_wconf 72' lang='grc' dir='ltr'>τηλαυγήσεως</span> <span class='ocrx_word' id='word_1_96' title='bbox 840 1505 1030 1561; x_wconf 85' lang='grc' dir='ltr'>αὺτοῦ</span> <span class='ocrx_word' id='word_1_97' title='bbox 1085 1505 1343 1559; x_wconf 84' lang='grc' dir='ltr'>ἐνώπιον</span> <span class='ocrx_word' id='word_1_98' title='bbox 1370 1504 1560 1559; x_wconf 83' lang='grc' dir='ltr'>αὐτοῦ</span> <span class='ocrx_word' id='word_1_99' title='bbox 1609 1507 1669 1559; x_wconf 89' lang='lat' dir='ltr'><strong>al</strong></span> <span class='ocrx_word' id='word_1_100' title='bbox 1696 1505 1947 1575; x_wconf 76' lang='grc' dir='ltr'>νεφέλαι</span> 
     </span>
    </p>
   </div>
   <div class='ocr_carea' id='block_1_17' title="bbox 354 1594 1948 1667">
    <p class='ocr_par' dir='ltr' id='par_1_17' title="bbox 354 1594 1948 1667">
     <span class='ocr_line' id='line_1_17' title="bbox 354 1594 1948 1667; baseline -0.001 -14"><span class='ocrx_word' id='word_1_101' title='bbox 354 1595 544 1654; x_wconf 82' lang='grc' dir='ltr'>αὐτοῦ</span> <span class='ocrx_word' id='word_1_102' title='bbox 567 1597 843 1667; x_wconf 76' lang='grc' dir='ltr'><strong>διῆλθον,</strong></span> <span class='ocrx_word' id='word_1_103' title='bbox 872 1594 1101 1667; x_wconf 75' lang='grc' dir='ltr'>χάλαζα</span> <span class='ocrx_word' id='word_1_104' title='bbox 1140 1598 1239 1651; x_wconf 85' lang='grc' dir='ltr'><strong>καί</strong></span> <span class='ocrx_word' id='word_1_105' title='bbox 1271 1594 1565 1665; x_wconf 84' lang='grc' dir='ltr'>ἄνθρακες</span> <span class='ocrx_word' id='word_1_106' title='bbox 1609 1598 1818 1666; x_wconf 87' lang='grc' dir='ltr'>πυρός.</span> <span class='ocrx_word' id='word_1_107' title='bbox 1861 1598 1948 1662; x_wconf 83' lang='grc' dir='ltr'>Ὣς</span> 
     </span>
    </p>
   </div>
   <div class='ocr_carea' id='block_1_18' title="bbox 358 1688 1948 1763">
    <p class='ocr_par' dir='ltr' id='par_1_18' title="bbox 358 1688 1948 1763">
     <span class='ocr_line' id='line_1_18' title="bbox 358 1688 1948 1763; baseline -0.004 -17"><span class='ocrx_word' id='word_1_108' title='bbox 358 1690 467 1763; x_wconf 82' lang='grc' dir='ltr'><strong>γὰρ</strong></span> <span class='ocrx_word' id='word_1_109' title='bbox 498 1691 591 1745; x_wconf 76' lang='grc' dir='ltr'><strong>ἐπὶ</strong></span> <span class='ocrx_word' id='word_1_110' title='bbox 617 1691 717 1762; x_wconf 80' lang='grc' dir='ltr'>τῆς</span> <span class='ocrx_word' id='word_1_111' title='bbox 747 1689 1026 1759; x_wconf 79' lang='grc' dir='ltr'>Αἰγύπτου</span> <span class='ocrx_word' id='word_1_112' title='bbox 1055 1688 1195 1742; x_wconf 87' lang='grc' dir='ltr'><strong>κατά</strong></span> <span class='ocrx_word' id='word_1_113' title='bbox 1239 1688 1340 1760; x_wconf 80' lang='grc' dir='ltr'>τὴν</span> <span class='ocrx_word' id='word_1_114' title='bbox 1369 1688 1602 1759; x_wconf 79' lang='grc' dir='ltr'>ἑϐδόμην</span> <span class='ocrx_word' id='word_1_115' title='bbox 1628 1688 1842 1760; x_wconf 86' lang='grc' dir='ltr'>πληγὴν</span> <span class='ocrx_word' id='word_1_116' title='bbox 1868 1688 1948 1742; x_wconf 84' lang='grc' dir='ltr'>εί-</span> 
     </span>
    </p>
   </div>
   <div class='ocr_carea' id='block_1_19' title="bbox 2044 585 3623 659">
    <p class='ocr_par' dir='ltr' id='par_1_19' title="bbox 2044 585 3623 659">
     <span class='ocr_line' id='line_1_19' title="bbox 2044 585 3623 659; baseline -0.006 -14"><span class='ocrx_word' id='word_1_117' title='bbox 2044 599 2170 646; x_wconf 89' lang='lat' dir='ltr'><strong>sunt</strong></span> <span class='ocrx_word' id='word_1_118' title='bbox 2206 610 2221 657; x_wconf 85' lang='lat'>;</span> <span class='ocrx_word' id='word_1_119' title='bbox 2270 590 2617 659; x_wconf 89' lang='lat' dir='ltr'><strong>dilucideque</strong></span> <span class='ocrx_word' id='word_1_120' title='bbox 2668 603 2962 643; x_wconf 79' lang='lat' dir='ltr'><strong>ascensum</strong></span> <span class='ocrx_word' id='word_1_121' title='bbox 2993 588 3114 656; x_wconf 85' lang='lat' dir='ltr'><strong>ejus</strong></span> <span class='ocrx_word' id='word_1_122' title='bbox 3158 585 3246 641; x_wconf 87' lang='lat' dir='ltr'><strong>bis</strong></span> <span class='ocrx_word' id='word_1_123' title='bbox 3294 585 3623 655; x_wconf 81' lang='lat' dir='ltr'><strong>signiﬁcavit</strong></span> 
     </span>
    </p>
   </div>
   <div class='ocr_carea' id='block_1_20' title="bbox 2010 678 3622 751">
    <p class='ocr_par' dir='ltr' id='par_1_20' title="bbox 2010 678 3622 751">
     <span class='ocr_line' id='line_1_20' title="bbox 2010 678 3622 751; baseline -0.003 -15"><span class='ocrx_word' id='word_1_124' title='bbox 2010 685 2014 690; x_wconf 78' lang='grc'><em>“</em></span> <span class='ocrx_word' id='word_1_125' title='bbox 2042 682 2222 736; x_wconf 80' lang='lat' dir='ltr'><strong>verbis</strong></span> <span class='ocrx_word' id='word_1_126' title='bbox 2247 698 2260 734; x_wconf 87' lang='lat'><strong>:</strong></span> <span class='ocrx_word' id='word_1_127' title='bbox 2296 680 2365 735; x_wconf 89' lang='lat' dir='ltr'><strong>Et</strong></span> <span class='ocrx_word' id='word_1_128' title='bbox 2392 683 2619 736; x_wconf 91' lang='lat' dir='ltr'><strong>intonuit</strong></span> <span class='ocrx_word' id='word_1_129' title='bbox 2644 680 2708 735; x_wconf 89' lang='lat' dir='ltr'><strong>de</strong></span> <span class='ocrx_word' id='word_1_130' title='bbox 2731 680 2881 736; x_wconf 79' lang='lat' dir='ltr'><strong>cuzlo.</strong></span> <span class='ocrx_word' id='word_1_131' title='bbox 2905 679 3190 751; x_wconf 79' lang='lat' dir='ltr'><strong>Quomodo</strong></span> <span class='ocrx_word' id='word_1_132' title='bbox 3211 679 3510 734; x_wconf 85' lang='lat' dir='ltr'><strong>intonuerit</strong></span> <span class='ocrx_word' id='word_1_133' title='bbox 3528 678 3622 749; x_wconf 85' lang='lat' dir='ltr'><strong>qui</strong></span> 
     </span>
    </p>
   </div>
   <div class='ocr_carea' id='block_1_21' title="bbox 2043 770 3618 844">
    <p class='ocr_par' dir='ltr' id='par_1_21' title="bbox 2043 770 3618 844">
     <span class='ocr_line' id='line_1_21' title="bbox 2043 770 3618 844; baseline -0.001 -15"><span class='ocrx_word' id='word_1_134' title='bbox 2043 774 2298 844; x_wconf 83' lang='lat' dir='ltr'><strong>superius</strong></span> <span class='ocrx_word' id='word_1_135' title='bbox 2352 774 2523 829; x_wconf 65' lang='lat' dir='ltr'><strong>caelos</strong></span> <span class='ocrx_word' id='word_1_136' title='bbox 2581 772 2883 829; x_wconf 85' lang='lat' dir='ltr'><strong>inclinasse</strong></span> <span class='ocrx_word' id='word_1_137' title='bbox 2933 785 2998 825; x_wconf 91' lang='lat' dir='ltr'><strong>ac</strong></span> <span class='ocrx_word' id='word_1_138' title='bbox 3029 770 3384 826; x_wconf 84' lang='lat' dir='ltr'><strong>descendisse</strong></span> <span class='ocrx_word' id='word_1_139' title='bbox 3427 770 3618 828; x_wconf 83' lang='lat' dir='ltr'><strong>fertur.</strong></span> 
     </span>
    </p>
   </div>
   <div class='ocr_carea' id='block_1_22' title="bbox 2042 858 3624 937">
    <p class='ocr_par' dir='ltr' id='par_1_22' title="bbox 2042 858 3624 937">
     <span class='ocr_line' id='line_1_22' title="bbox 2042 858 3624 937; baseline -0.005 -15"><span class='ocrx_word' id='word_1_140' title='bbox 2042 867 2151 923; x_wconf 89' lang='lat' dir='ltr'><strong>nisi</strong></span> <span class='ocrx_word' id='word_1_141' title='bbox 2197 880 2425 937; x_wconf 86' lang='lat' dir='ltr'><strong>prorsus</strong></span> <span class='ocrx_word' id='word_1_142' title='bbox 2453 863 2841 920; x_wconf 72' lang='lat' dir='ltr'><strong>ascendisset?</strong></span> <span class='ocrx_word' id='word_1_143' title='bbox 2871 862 3016 933; x_wconf 92' lang='lat' dir='ltr'><strong>quod</strong></span> <span class='ocrx_word' id='word_1_144' title='bbox 3065 860 3254 930; x_wconf 87' lang='lat' dir='ltr'><strong>utique</strong></span> <span class='ocrx_word' id='word_1_145' title='bbox 3283 860 3434 914; x_wconf 89' lang='lat' dir='ltr'><strong>hisce</strong></span> <span class='ocrx_word' id='word_1_146' title='bbox 3462 858 3624 914; x_wconf 91' lang='lat' dir='ltr'><strong>dictis</strong></span> 
     </span>
    </p>
   </div>
   <div class='ocr_carea' id='block_1_23' title="bbox 2043 948 3626 1028">
    <p class='ocr_par' dir='ltr' id='par_1_23' title="bbox 2043 948 3626 1028">
     <span class='ocr_line' id='line_1_23' title="bbox 2043 948 3626 1028; baseline -0.008 -14"><span class='ocrx_word' id='word_1_147' title='bbox 2043 956 2472 1028; x_wconf 86' lang='lat' dir='ltr'><strong>comprobantur</strong></span> <span class='ocrx_word' id='word_1_148' title='bbox 2498 974 2512 1010; x_wconf 90' lang='lat'>:</span> <span class='ocrx_word' id='word_1_149' title='bbox 2555 953 2626 1008; x_wconf 86' lang='lat' dir='ltr'><strong>Et</strong></span> <span class='ocrx_word' id='word_1_150' title='bbox 2657 954 2892 1008; x_wconf 94' lang='lat' dir='ltr'><strong>ascendit</strong></span> <span class='ocrx_word' id='word_1_151' title='bbox 2920 968 3077 1022; x_wconf 80' lang='lat' dir='ltr'><strong>super</strong></span> <span class='ocrx_word' id='word_1_152' title='bbox 3098 948 3363 1005; x_wconf 81' lang='lat' dir='ltr'><strong>cherubim</strong></span> <span class='ocrx_word' id='word_1_153' title='bbox 3398 957 3449 1003; x_wconf 84' lang='lat' dir='ltr'><strong>et</strong></span> <span class='ocrx_word' id='word_1_154' title='bbox 3481 949 3626 1003; x_wconf 84' lang='lat' dir='ltr'><strong>vola-</strong></span> 
     </span>
    </p>
   </div>
   <div class='ocr_carea' id='block_1_24' title="bbox 2044 1042 3624 1116">
    <p class='ocr_par' dir='ltr' id='par_1_24' title="bbox 2044 1042 3624 1116">
     <span class='ocr_line' id='line_1_24' title="bbox 2044 1042 3624 1116; baseline -0.006 -12"><span class='ocrx_word' id='word_1_155' title='bbox 2044 1050 2133 1115; x_wconf 79' lang='lat' dir='ltr'><strong>vit,</strong></span> <span class='ocrx_word' id='word_1_156' title='bbox 2178 1048 2368 1103; x_wconf 84' lang='lat' dir='ltr'><strong>volavit</strong></span> <span class='ocrx_word' id='word_1_157' title='bbox 2399 1062 2554 1116; x_wconf 80' lang='lat' dir='ltr'><strong>super</strong></span> <span class='ocrx_word' id='word_1_158' title='bbox 2577 1061 2776 1115; x_wconf 83' lang='lat' dir='ltr'><strong>pennas</strong></span> <span class='ocrx_word' id='word_1_159' title='bbox 2798 1053 3091 1099; x_wconf 84' lang='lat' dir='ltr'><strong>ventorum.</strong></span> <span class='ocrx_word' id='word_1_160' title='bbox 3121 1042 3624 1098; x_wconf 76' lang='lat' dir='ltr'><strong>Gornmonstratum</strong></span> 
     </span>
    </p>
   </div>
   <div class='ocr_carea' id='block_1_25' title="bbox 2045 1133 3626 1212">
    <p class='ocr_par' dir='ltr' id='par_1_25' title="bbox 2045 1133 3626 1212">
     <span class='ocr_line' id='line_1_25' title="bbox 2045 1133 3626 1212; baseline -0.007 -15"><span class='ocrx_word' id='word_1_161' title='bbox 2045 1156 2174 1212; x_wconf 86' lang='lat' dir='ltr'><strong>ergo</strong></span> <span class='ocrx_word' id='word_1_162' title='bbox 2202 1138 2305 1196; x_wconf 82' lang='lat' dir='ltr'><strong>luit</strong></span> <span class='ocrx_word' id='word_1_163' title='bbox 2326 1139 2504 1210; x_wconf 89' lang='lat' dir='ltr'><strong>ipsum</strong></span> <span class='ocrx_word' id='word_1_164' title='bbox 2535 1137 2908 1199; x_wconf 87' lang='lat' dir='ltr'><strong>descendisse,</strong></span> <span class='ocrx_word' id='word_1_165' title='bbox 2940 1135 3138 1190; x_wconf 87' lang='lat' dir='ltr'><strong>deinde</strong></span> <span class='ocrx_word' id='word_1_166' title='bbox 3164 1149 3289 1190; x_wconf 89' lang='lat' dir='ltr'><strong>cum</strong></span> <span class='ocrx_word' id='word_1_167' title='bbox 3324 1133 3626 1189; x_wconf 87' lang='lat' dir='ltr'><strong>cherubino</strong></span> 
     </span>
    </p>
   </div>
   <div class='ocr_carea' id='block_1_26' title="bbox 2047 1226 3625 1301">
    <p class='ocr_par' dir='ltr' id='par_1_26' title="bbox 2047 1226 3625 1301">
     <span class='ocr_line' id='line_1_26' title="bbox 2047 1226 3625 1301; baseline -0.006 -13"><span class='ocrx_word' id='word_1_168' title='bbox 2047 1232 2381 1297; x_wconf 82' lang='lat' dir='ltr'><strong>ascendisse,</strong></span> <span class='ocrx_word' id='word_1_169' title='bbox 2452 1237 2575 1301; x_wconf 89' lang='lat' dir='ltr'><strong>post</strong></span> <span class='ocrx_word' id='word_1_170' title='bbox 2623 1244 2688 1285; x_wconf 81' lang='lat' dir='ltr'><strong>ex</strong></span> <span class='ocrx_word' id='word_1_171' title='bbox 2736 1229 2878 1284; x_wconf 89' lang='lat' dir='ltr'><strong>coelo</strong></span> <span class='ocrx_word' id='word_1_172' title='bbox 2928 1226 3266 1288; x_wconf 85' lang='lat' dir='ltr'><strong>intonuisse;</strong></span> <span class='ocrx_word' id='word_1_173' title='bbox 3311 1226 3529 1282; x_wconf 87' lang='lat' dir='ltr'><strong>demum</strong></span> <span class='ocrx_word' id='word_1_174' title='bbox 3559 1240 3625 1280; x_wconf 83' lang='lat' dir='ltr'><strong>ea</strong></span> 
     </span>
    </p>
   </div>
   <div class='ocr_carea' id='block_1_27' title="bbox 2046 1319 3627 1391">
    <p class='ocr_par' dir='ltr' id='par_1_27' title="bbox 2046 1319 3627 1391">
     <span class='ocr_line' id='line_1_27' title="bbox 2046 1319 3627 1391; baseline -0.007 -10"><span class='ocrx_word' id='word_1_175' title='bbox 2046 1332 2237 1382; x_wconf 90' lang='lat' dir='ltr'><strong>contra</strong></span> <span class='ocrx_word' id='word_1_176' title='bbox 2265 1323 2521 1381; x_wconf 89' lang='lat' dir='ltr'><strong>inimicos</strong></span> <span class='ocrx_word' id='word_1_177' title='bbox 2544 1336 2677 1378; x_wconf 91' lang='lat' dir='ltr'><strong>suos</strong></span> <span class='ocrx_word' id='word_1_178' title='bbox 2713 1321 3036 1391; x_wconf 82' lang='lat' dir='ltr'><strong>designasse</strong></span> <span class='ocrx_word' id='word_1_179' title='bbox 3094 1334 3216 1390; x_wconf 63' lang='lat' dir='ltr'><strong>quae</strong></span> <span class='ocrx_word' id='word_1_180' title='bbox 3258 1319 3313 1373; x_wconf 92' lang='lat' dir='ltr'><strong>in</strong></span> <span class='ocrx_word' id='word_1_181' title='bbox 3348 1319 3627 1389; x_wconf 80' lang='lat' dir='ltr'><strong>sequenti-</strong></span> 
     </span>
    </p>
   </div>
   <div class='ocr_carea' id='block_1_28' title="bbox 2046 1407 3625 1481">
    <p class='ocr_par' dir='ltr' id='par_1_28' title="bbox 2046 1407 3625 1481">
     <span class='ocr_line' id='line_1_28' title="bbox 2046 1407 3625 1481; baseline -0.008 -8"><span class='ocrx_word' id='word_1_182' title='bbox 2046 1418 2151 1473; x_wconf 87' lang='lat' dir='ltr'><strong>bus</strong></span> <span class='ocrx_word' id='word_1_183' title='bbox 2188 1416 2597 1473; x_wconf 86' lang='lat' dir='ltr'><strong>describuntur.</strong></span> <span class='ocrx_word' id='word_1_184' title='bbox 2646 1410 2834 1467; x_wconf 87' lang='lat' dir='ltr'><strong>Primo</strong></span> <span class='ocrx_word' id='word_1_185' title='bbox 2892 1410 3110 1481; x_wconf 88' lang='lat' dir='ltr'><strong>quidem</strong></span> <span class='ocrx_word' id='word_1_186' title='bbox 3141 1426 3251 1480; x_wconf 77' lang='lat' dir='ltr'><strong>pra:</strong></span> <span class='ocrx_word' id='word_1_187' title='bbox 3281 1408 3486 1480; x_wconf 78' lang='lat' dir='ltr'><strong>fulgore</strong></span> <span class='ocrx_word' id='word_1_188' title='bbox 3512 1407 3625 1477; x_wconf 84' lang='lat' dir='ltr'><strong>ejus</strong></span> 
     </span>
    </p>
   </div>
   <div class='ocr_carea' id='block_1_29' title="bbox 2048 1501 3628 1578">
    <p class='ocr_par' dir='ltr' id='par_1_29' title="bbox 2048 1501 3628 1578">
     <span class='ocr_line' id='line_1_29' title="bbox 2048 1501 3628 1578; baseline -0.005 -16"><span class='ocrx_word' id='word_1_189' title='bbox 2048 1510 2103 1562; x_wconf 91' lang='lat' dir='ltr'><strong>in</strong></span> <span class='ocrx_word' id='word_1_190' title='bbox 2131 1518 2411 1578; x_wconf 89' lang='lat' dir='ltr'><strong>conspectu</strong></span> <span class='ocrx_word' id='word_1_191' title='bbox 2441 1506 2556 1576; x_wconf 83' lang='lat' dir='ltr'><strong>ejus</strong></span> <span class='ocrx_word' id='word_1_192' title='bbox 2580 1507 2740 1560; x_wconf 86' lang='lat' dir='ltr'><strong>nubes</strong></span> <span class='ocrx_word' id='word_1_193' title='bbox 2789 1504 3135 1567; x_wconf 85' lang='lat' dir='ltr'><strong>transierunt,</strong></span> <span class='ocrx_word' id='word_1_194' title='bbox 3166 1501 3368 1573; x_wconf 85' lang='lat' dir='ltr'><strong>grando</strong></span> <span class='ocrx_word' id='word_1_195' title='bbox 3404 1510 3453 1555; x_wconf 90' lang='lat' dir='ltr'><strong>et</strong></span> <span class='ocrx_word' id='word_1_196' title='bbox 3507 1516 3628 1555; x_wconf 89' lang='lat' dir='ltr'><strong>car-</strong></span> 
     </span>
    </p>
   </div>
   <div class='ocr_carea' id='block_1_30' title="bbox 2052 1593 3630 1670">
    <p class='ocr_par' dir='ltr' id='par_1_30' title="bbox 2052 1593 3630 1670">
     <span class='ocr_line' id='line_1_30' title="bbox 2052 1593 3630 1670; baseline -0.004 -17"><span class='ocrx_word' id='word_1_197' title='bbox 2052 1602 2208 1655; x_wconf 82' lang='lat' dir='ltr'><strong>bones</strong></span> <span class='ocrx_word' id='word_1_198' title='bbox 2230 1599 2386 1670; x_wconf 80' lang='lat' dir='ltr'><strong>ignis.</strong></span> <span class='ocrx_word' id='word_1_199' title='bbox 2415 1596 2570 1653; x_wconf 84' lang='lat' dir='ltr'><strong>Sicut</strong></span> <span class='ocrx_word' id='word_1_200' title='bbox 2586 1598 2731 1652; x_wconf 89' lang='lat' dir='ltr'><strong>enim</strong></span> <span class='ocrx_word' id='word_1_201' title='bbox 2755 1596 2825 1651; x_wconf 91' lang='lat' dir='ltr'><strong>de</strong></span> <span class='ocrx_word' id='word_1_202' title='bbox 2853 1594 3091 1667; x_wconf 65' lang='lat' dir='ltr'><strong>ngypto</strong></span> <span class='ocrx_word' id='word_1_203' title='bbox 3119 1595 3174 1648; x_wconf 93' lang='lat' dir='ltr'><strong>in</strong></span> <span class='ocrx_word' id='word_1_204' title='bbox 3209 1594 3440 1664; x_wconf 86' lang='lat' dir='ltr'><strong>septima</strong></span> <span class='ocrx_word' id='word_1_205' title='bbox 3471 1593 3630 1664; x_wconf 84' lang='lat' dir='ltr'><strong>plaga</strong></span> 
     </span>
    </p>
   </div>
   <div class='ocr_carea' id='block_1_31' title="bbox 2050 1684 3628 1756">
    <p class='ocr_par' dir='ltr' id='par_1_31' title="bbox 2050 1684 3628 1756">
     <span class='ocr_line' id='line_1_31' title="bbox 2050 1684 3628 1756; baseline -0.006 -12"><span class='ocrx_word' id='word_1_206' title='bbox 2050 1699 2330 1756; x_wconf 74' lang='lat' dir='ltr'><strong>narratur,</strong></span> <span class='ocrx_word' id='word_1_207' title='bbox 2367 1689 2622 1744; x_wconf 86' lang='lat' dir='ltr'><strong>Dominus</strong></span> <span class='ocrx_word' id='word_1_208' title='bbox 2652 1697 2829 1741; x_wconf 88' lang='lat' dir='ltr'><strong>autem</strong></span> <span class='ocrx_word' id='word_1_209' title='bbox 2854 1686 2999 1741; x_wconf 85' lang='lat' dir='ltr'><strong>dedit</strong></span> <span class='ocrx_word' id='word_1_210' title='bbox 3051 1702 3224 1741; x_wconf 80' lang='lat' dir='ltr'><strong>uocem</strong></span> <span class='ocrx_word' id='word_1_211' title='bbox 3243 1695 3293 1740; x_wconf 89' lang='lat' dir='ltr'><strong>et</strong></span> <span class='ocrx_word' id='word_1_212' title='bbox 3316 1684 3628 1756; x_wconf 83' lang='lat' dir='ltr'><strong>grandinem</strong></span> 
     </span>
    </p>
   </div>
   <div class='ocr_carea' id='block_1_32' title="bbox 360 1776 1953 1855">
    <p class='ocr_par' dir='ltr' id='par_1_32' title="bbox 360 1778 1949 1855">
     <span class='ocr_line' id='line_1_32' title="bbox 360 1778 1949 1855; baseline -0.001 -19"><span class='ocrx_word' id='word_1_213' title='bbox 360 1799 541 1855; x_wconf 80' lang='grc' dir='ltr'>ρηται’</span> <span class='ocrx_word' id='word_1_214' title='bbox 571 1782 788 1851; x_wconf 87' lang='grc' dir='ltr'>Κύριος</span> <span class='ocrx_word' id='word_1_215' title='bbox 809 1780 879 1834; x_wconf 78' lang='grc' dir='ltr'>δὲ</span> <span class='ocrx_word' id='word_1_216' title='bbox 902 1779 1089 1834; x_wconf 76' lang='grc' dir='ltr'>ἔδωκε</span> <span class='ocrx_word' id='word_1_217' title='bbox 1131 1781 1343 1848; x_wconf 74' lang='grc' dir='ltr'>φωνὴν</span> <span class='ocrx_word' id='word_1_218' title='bbox 1386 1780 1484 1833; x_wconf 87' lang='grc' dir='ltr'><strong>καί</strong></span> <span class='ocrx_word' id='word_1_219' title='bbox 1527 1778 1812 1847; x_wconf 81' lang='grc' dir='ltr'>χάλαζαν,</span> <span class='ocrx_word' id='word_1_220' title='bbox 1849 1779 1949 1834; x_wconf 79' lang='grc' dir='ltr'>καὶ</span> 
     </span>
    </p>
   </div>
   <div class='ocr_carea' id='block_1_33' title="bbox 2057 1776 3631 1855">
    <p class='ocr_par' dir='ltr' id='par_1_33' title="bbox 2057 1776 3631 1849">
     <span class='ocr_line' id='line_1_33' title="bbox 2057 1776 3631 1849; baseline -0.003 -15"><span class='ocrx_word' id='word_1_221' title='bbox 2057 1789 2100 1834; x_wconf 83' lang='lat' dir='ltr'><strong>et</strong></span> <span class='ocrx_word' id='word_1_222' title='bbox 2122 1778 2476 1844; x_wconf 83' lang='lat' dir='ltr'><strong>discurrebat,</strong></span> <span class='ocrx_word' id='word_1_223' title='bbox 2527 1779 2726 1849; x_wconf 78' lang='lat' dir='ltr'><strong>inquit,</strong></span> <span class='ocrx_word' id='word_1_224' title='bbox 2762 1778 2900 1849; x_wconf 84' lang='lat' dir='ltr'><strong>ignis</strong></span> <span class='ocrx_word' id='word_1_225' title='bbox 2947 1793 3107 1847; x_wconf 90' lang='lat' dir='ltr'><strong>super</strong></span> <span class='ocrx_word' id='word_1_226' title='bbox 3130 1790 3326 1831; x_wconf 89' lang='lat' dir='ltr'><strong>terram</strong></span> <span class='ocrx_word' id='word_1_227' title='bbox 3360 1776 3631 1846; x_wconf 83' lang='lat' dir='ltr'><strong>:pluitque</strong></span> 
     </span>
    </p>
   </div>
   <div class='ocr_carea' id='block_1_34' title="bbox 356 1852 1953 1943">
    <p class='ocr_par' dir='ltr' id='par_1_34' title="bbox 356 1852 1943 1943">
     <span class='ocr_line' id='line_1_34' title="bbox 356 1852 1943 1943; baseline 0 -17"><span class='ocrx_word' id='word_1_228' title='bbox 356 1852 641 1943; x_wconf 69' lang='grc' dir='ltr'>διέτρεχε,</span> <span class='ocrx_word' id='word_1_229' title='bbox 672 1871 828 1943; x_wconf 80' lang='grc' dir='ltr'>φησὶ,</span> <span class='ocrx_word' id='word_1_230' title='bbox 862 1871 927 1925; x_wconf 79' lang='grc' dir='ltr'>τὸ</span> <span class='ocrx_word' id='word_1_231' title='bbox 953 1872 1073 1940; x_wconf 88' lang='grc' dir='ltr'><em>πῦρ</em></span> <span class='ocrx_word' id='word_1_232' title='bbox 1106 1870 1207 1924; x_wconf 76' lang='grc' dir='ltr'><strong>ἐπὶ</strong></span> <span class='ocrx_word' id='word_1_233' title='bbox 1238 1868 1347 1938; x_wconf 84' lang='grc' dir='ltr'>τῆς</span> <span class='ocrx_word' id='word_1_234' title='bbox 1394 1870 1527 1941; x_wconf 80' lang='grc' dir='ltr'><strong>τῆς·</strong></span> <span class='ocrx_word' id='word_1_235' title='bbox 1575 1872 1674 1925; x_wconf 79' lang='grc' dir='ltr'><strong>καί</strong></span> <span class='ocrx_word' id='word_1_236' title='bbox 1697 1870 1943 1939; x_wconf 76' lang='grc' dir='ltr'>ἔϐρεξεν</span> 
     </span>
    </p>
   </div>
   <div class='ocr_carea' id='block_1_35' title="bbox 2057 1852 3626 1943">
    <p class='ocr_par' dir='ltr' id='par_1_35' title="bbox 2057 1868 3626 1941">
     <span class='ocr_line' id='line_1_35' title="bbox 2057 1868 3626 1941; baseline -0.003 -15"><span class='ocrx_word' id='word_1_237' title='bbox 2057 1871 2313 1926; x_wconf 85' lang='lat' dir='ltr'><strong>Dominus</strong></span> <span class='ocrx_word' id='word_1_238' title='bbox 2362 1887 2520 1941; x_wconf 83' lang='lat' dir='ltr'><strong>super</strong></span> <span class='ocrx_word' id='word_1_239' title='bbox 2585 1880 2784 1925; x_wconf 88' lang='lat' dir='ltr'><strong>terram</strong></span> <span class='ocrx_word' id='word_1_240' title='bbox 2834 1868 3077 1940; x_wconf 61' lang='lat' dir='ltr'><strong>Egypti.</strong></span> <span class='ocrx_word' id='word_1_241' title='bbox 3124 1868 3358 1939; x_wconf 78' lang='lat' dir='ltr'><strong>Eratque</strong></span> <span class='ocrx_word' id='word_1_242' title='bbox 3402 1869 3626 1939; x_wconf 85' lang='lat' dir='ltr'><strong>grando,</strong></span> 
     </span>
    </p>
   </div>
   <div class='ocr_carea' id='block_1_36' title="bbox 357 1958 1942 2034">
    <p class='ocr_par' dir='ltr' id='par_1_36' title="bbox 357 1958 1942 2034">
     <span class='ocr_line' id='line_1_36' title="bbox 357 1958 1942 2034; baseline 0 -14"><span class='ocrx_word' id='word_1_243' title='bbox 357 1964 575 2033; x_wconf 78' lang='grc' dir='ltr'><strong>Κύριος</strong></span> <span class='ocrx_word' id='word_1_244' title='bbox 599 1965 698 2017; x_wconf 78' lang='grc' dir='ltr'><strong>ἐπὶ</strong></span> <span class='ocrx_word' id='word_1_245' title='bbox 721 1963 843 2033; x_wconf 72' lang='grc' dir='ltr'><strong>γῆν</strong></span> <span class='ocrx_word' id='word_1_246' title='bbox 867 1964 1198 2033; x_wconf 74' lang='grc' dir='ltr'><strong>Αἰγύπτου.</strong></span> <span class='ocrx_word' id='word_1_247' title='bbox 1241 1958 1363 2016; x_wconf 74' lang='grc' dir='ltr'><strong>τΗν</strong></span> <span class='ocrx_word' id='word_1_248' title='bbox 1399 1963 1469 2017; x_wconf 85' lang='grc' dir='ltr'>δὲ</span> <span class='ocrx_word' id='word_1_249' title='bbox 1508 1965 1547 2033; x_wconf 76' lang='grc' dir='ltr'>ἡ</span> <span class='ocrx_word' id='word_1_250' title='bbox 1582 1963 1812 2034; x_wconf 83' lang='grc' dir='ltr'>χάλαζα</span> <span class='ocrx_word' id='word_1_251' title='bbox 1841 1965 1942 2020; x_wconf 79' lang='grc' dir='ltr'>καὶ</span> 
     </span>
    </p>
   </div>
   <div class='ocr_carea' id='block_1_37' title="bbox 359 2052 1941 2128">
    <p class='ocr_par' dir='ltr' id='par_1_37' title="bbox 359 2052 1941 2128">
     <span class='ocr_line' id='line_1_37' title="bbox 359 2052 1941 2128; baseline 0.002 -20"><span class='ocrx_word' id='word_1_252' title='bbox 359 2053 429 2108; x_wconf 80' lang='grc' dir='ltr'>τὸ</span> <span class='ocrx_word' id='word_1_253' title='bbox 455 2053 576 2122; x_wconf 84' lang='grc' dir='ltr'><em>πῦρ</em></span> <span class='ocrx_word' id='word_1_254' title='bbox 601 2052 886 2124; x_wconf 75' lang='grc' dir='ltr'>φλογίζον</span> <span class='ocrx_word' id='word_1_255' title='bbox 908 2054 979 2108; x_wconf 85' lang='grc' dir='ltr'><strong>ἐν</strong></span> <span class='ocrx_word' id='word_1_256' title='bbox 1010 2054 1085 2125; x_wconf 75' lang='grc' dir='ltr'>τῇ</span> <span class='ocrx_word' id='word_1_257' title='bbox 1137 2054 1386 2127; x_wconf 70' lang='grc' dir='ltr'>χαλάζῃ.</span> <span class='ocrx_word' id='word_1_258' title='bbox 1427 2056 1720 2121; x_wconf 83' lang='grc' dir='ltr'><strong>Ἐπάταξε</strong></span> <span class='ocrx_word' id='word_1_259' title='bbox 1780 2057 1850 2111; x_wconf 83' lang='grc' dir='ltr'>δὲ</span> <span class='ocrx_word' id='word_1_260' title='bbox 1900 2060 1941 2128; x_wconf 78' lang='grc' dir='ltr'><strong><em>ἡ</em></strong></span> 
     </span>
    </p>
   </div>
   <div class='ocr_carea' id='block_1_38' title="bbox 360 2143 1943 2215">
    <p class='ocr_par' dir='ltr' id='par_1_38' title="bbox 360 2143 1943 2215">
     <span class='ocr_line' id='line_1_38' title="bbox 360 2143 1943 2215; baseline 0.002 -16"><span class='ocrx_word' id='word_1_261' title='bbox 360 2143 589 2215; x_wconf 77' lang='grc' dir='ltr'><strong>χάλαζα</strong></span> <span class='ocrx_word' id='word_1_262' title='bbox 632 2145 703 2198; x_wconf 87' lang='grc' dir='ltr'>έν</span> <span class='ocrx_word' id='word_1_263' title='bbox 748 2143 916 2214; x_wconf 81' lang='grc' dir='ltr'><strong>πάσῃ</strong></span> <span class='ocrx_word' id='word_1_264' title='bbox 962 2143 1041 2215; x_wconf 71' lang='grc' dir='ltr'><strong>τῇ</strong></span> <span class='ocrx_word' id='word_1_265' title='bbox 1068 2146 1391 2215; x_wconf 77' lang='grc' dir='ltr'><strong>Αἰγύπτου·</strong></span> <span class='ocrx_word' id='word_1_266' title='bbox 1422 2148 1518 2200; x_wconf 81' lang='grc' dir='ltr'>καὶ</span> <span class='ocrx_word' id='word_1_267' title='bbox 1563 2146 1737 2201; x_wconf 88' lang='grc' dir='ltr'>ταῦτα</span> <span class='ocrx_word' id='word_1_268' title='bbox 1766 2148 1943 2202; x_wconf 78' lang='grc' dir='ltr'>πάντα</span> 
     </span>
    </p>
   </div>
   <div class='ocr_carea' id='block_1_39' title="bbox 360 2236 1942 2310">
    <p class='ocr_par' dir='ltr' id='par_1_39' title="bbox 360 2236 1942 2310">
     <span class='ocr_line' id='line_1_39' title="bbox 360 2236 1942 2310; baseline 0.002 -20"><span class='ocrx_word' id='word_1_269' title='bbox 360 2236 578 2307; x_wconf 73' lang='grc' dir='ltr'>ἐγένετο</span> <span class='ocrx_word' id='word_1_270' title='bbox 605 2237 694 2291; x_wconf 86' lang='grc' dir='ltr'><strong>ἴνα</strong></span> <span class='ocrx_word' id='word_1_271' title='bbox 725 2239 754 2290; x_wconf 84' lang='grc' dir='ltr'><strong>ὁ</strong></span> <span class='ocrx_word' id='word_1_272' title='bbox 795 2236 923 2300; x_wconf 81' lang='grc' dir='ltr'>λαὸς</span> <span class='ocrx_word' id='word_1_273' title='bbox 946 2236 1040 2290; x_wconf 87' lang='grc' dir='ltr'><strong>τοῦ</strong></span> <span class='ocrx_word' id='word_1_274' title='bbox 1069 2236 1205 2290; x_wconf 81' lang='grc' dir='ltr'>Θεοῦ</span> <span class='ocrx_word' id='word_1_275' title='bbox 1249 2237 1563 2309; x_wconf 78' lang='grc' dir='ltr'><strong>ἐλευθερίας</strong></span> <span class='ocrx_word' id='word_1_276' title='bbox 1596 2239 1697 2310; x_wconf 85' lang='grc' dir='ltr'>τῆς</span> <span class='ocrx_word' id='word_1_277' title='bbox 1730 2240 1821 2292; x_wconf 83' lang='grc' dir='ltr'><strong>ὑπ’</strong></span> <span class='ocrx_word' id='word_1_278' title='bbox 1845 2241 1942 2293; x_wconf 86' lang='grc' dir='ltr'><strong>Αἰ-</strong></span> 
     </span>
    </p>
   </div>
   <div class='ocr_carea' id='block_1_40' title="bbox 360 2326 1943 2403">
    <p class='ocr_par' dir='ltr' id='par_1_40' title="bbox 360 2326 1943 2403">
     <span class='ocr_line' id='line_1_40' title="bbox 360 2326 1943 2403; baseline 0.001 -22"><span class='ocrx_word' id='word_1_279' title='bbox 360 2328 610 2396; x_wconf 86' lang='grc' dir='ltr'>γυπτίοις</span> <span class='ocrx_word' id='word_1_280' title='bbox 637 2327 882 2391; x_wconf 81' lang='grc' dir='ltr'>δουλείας</span> <span class='ocrx_word' id='word_1_281' title='bbox 906 2330 1090 2398; x_wconf 83' lang='grc' dir='ltr'>τυχεῖν</span> <span class='ocrx_word' id='word_1_282' title='bbox 1122 2326 1344 2399; x_wconf 79' lang='grc' dir='ltr'>δυνηθῇ.</span> <span class='ocrx_word' id='word_1_283' title='bbox 1400 2327 1503 2381; x_wconf 84' lang='grc' dir='ltr'><strong>Τὸν</strong></span> <span class='ocrx_word' id='word_1_284' title='bbox 1530 2329 1693 2383; x_wconf 81' lang='grc' dir='ltr'>αὐτὸν</span> <span class='ocrx_word' id='word_1_285' title='bbox 1740 2329 1943 2403; x_wconf 86' lang='grc' dir='ltr'>τρόπον</span> 
     </span>
    </p>
   </div>
   <div class='ocr_carea' id='block_1_41' title="bbox 360 2417 1945 2491">
    <p class='ocr_par' dir='ltr' id='par_1_41' title="bbox 360 2417 1945 2491">
     <span class='ocr_line' id='line_1_41' title="bbox 360 2417 1945 2491; baseline 0.002 -19"><span class='ocrx_word' id='word_1_286' title='bbox 360 2418 456 2472; x_wconf 81' lang='grc' dir='ltr'><strong>καὶ</strong></span> <span class='ocrx_word' id='word_1_287' title='bbox 486 2418 719 2473; x_wconf 77' lang='grc' dir='ltr'>ἐνταῦθα</span> <span class='ocrx_word' id='word_1_288' title='bbox 750 2418 848 2483; x_wconf 74' lang='grc' dir='ltr'><strong>τὰς</strong></span> <span class='ocrx_word' id='word_1_289' title='bbox 877 2418 938 2484; x_wconf 76' lang='grc' dir='ltr'><strong>ἐξ</strong></span> <span class='ocrx_word' id='word_1_290' title='bbox 960 2417 1130 2472; x_wconf 78' lang='grc' dir='ltr'>ἐθνῶν</span> <span class='ocrx_word' id='word_1_291' title='bbox 1175 2418 1499 2491; x_wconf 83' lang='grc' dir='ltr'>Ἐκκλησίας</span> <span class='ocrx_word' id='word_1_292' title='bbox 1556 2420 1650 2473; x_wconf 78' lang='grc' dir='ltr'>καὶ</span> <span class='ocrx_word' id='word_1_293' title='bbox 1681 2419 1781 2485; x_wconf 89' lang='grc' dir='ltr'><strong>τάς</strong></span> <span class='ocrx_word' id='word_1_294' title='bbox 1836 2420 1945 2475; x_wconf 89' lang='grc' dir='ltr'><strong>τῶν</strong></span> 
     </span>
    </p>
   </div>
   <div class='ocr_carea' id='block_1_42' title="bbox 358 2508 1945 2585">
    <p class='ocr_par' dir='ltr' id='par_1_42' title="bbox 358 2508 1945 2585">
     <span class='ocr_line' id='line_1_42' title="bbox 358 2508 1945 2585; baseline 0.002 -21"><span class='ocrx_word' id='word_1_295' title='bbox 358 2508 662 2582; x_wconf 83' lang='grc' dir='ltr'>ἀνθρώπων</span> <span class='ocrx_word' id='word_1_296' title='bbox 681 2510 858 2582; x_wconf 77' lang='grc' dir='ltr'>ψυχὰς</span> <span class='ocrx_word' id='word_1_297' title='bbox 888 2510 988 2582; x_wconf 84' lang='grc' dir='ltr'>τῆς</span> <span class='ocrx_word' id='word_1_298' title='bbox 1018 2511 1124 2565; x_wconf 82' lang='grc' dir='ltr'><strong>ὑπὸ</strong></span> <span class='ocrx_word' id='word_1_299' title='bbox 1150 2512 1251 2582; x_wconf 84' lang='grc' dir='ltr'>τὴν</span> <span class='ocrx_word' id='word_1_300' title='bbox 1295 2511 1452 2566; x_wconf 78' lang='grc' dir='ltr'>ἄθεον</span> <span class='ocrx_word' id='word_1_301' title='bbox 1506 2510 1945 2585; x_wconf 87' lang='grc' dir='ltr'>εἰδωλολατρείαν</span> 
     </span>
    </p>
   </div>
   <div class='ocr_carea' id='block_1_43' title="bbox 362 2603 1945 2677">
    <p class='ocr_par' dir='ltr' id='par_1_43' title="bbox 362 2603 1945 2677">
     <span class='ocr_line' id='line_1_43' title="bbox 362 2603 1945 2677; baseline -0.001 -18"><span class='ocrx_word' id='word_1_302' title='bbox 362 2604 608 2669; x_wconf 74' lang='grc' dir='ltr'>καὶτοὺς</span> <span class='ocrx_word' id='word_1_303' title='bbox 663 2605 935 2677; x_wconf 78' lang='grc' dir='ltr'>πονηροὺς</span> <span class='ocrx_word' id='word_1_304' title='bbox 964 2604 1225 2676; x_wconf 88' lang='grc' dir='ltr'>δαίμονας</span> <span class='ocrx_word' id='word_1_305' title='bbox 1279 2605 1557 2676; x_wconf 80' lang='grc' dir='ltr'>ὑποταγῆς</span> <span class='ocrx_word' id='word_1_306' title='bbox 1623 2603 1945 2677; x_wconf 72' lang='grc' dir='ltr'>ἐλευθερῶν,</span> 
     </span>
    </p>
   </div>
   <div class='ocr_carea' id='block_1_44' title="bbox 361 2691 1947 2765">
    <p class='ocr_par' dir='ltr' id='par_1_44' title="bbox 361 2691 1947 2765">
     <span class='ocr_line' id='line_1_44' title="bbox 361 2691 1947 2765; baseline 0.002 -19"><span class='ocrx_word' id='word_1_307' title='bbox 361 2692 506 2746; x_wconf 83' lang='grc' dir='ltr'><strong>κατά</strong></span> <span class='ocrx_word' id='word_1_308' title='bbox 526 2691 635 2746; x_wconf 90' lang='grc' dir='ltr'><strong>τῶν</strong></span> <span class='ocrx_word' id='word_1_309' title='bbox 664 2695 871 2764; x_wconf 84' lang='grc' dir='ltr'>νοητῶν</span> <span class='ocrx_word' id='word_1_310' title='bbox 896 2693 1210 2763; x_wconf 78' lang='grc' dir='ltr'>Αἰγυπτίων</span> <span class='ocrx_word' id='word_1_311' title='bbox 1257 2693 1410 2764; x_wconf 76' lang='grc' dir='ltr'>ἠφίει</span> <span class='ocrx_word' id='word_1_312' title='bbox 1450 2693 1690 2765; x_wconf 74' lang='grc' dir='ltr'>χάλαζαν</span> <span class='ocrx_word' id='word_1_313' title='bbox 1719 2696 1813 2748; x_wconf 73' lang='grc' dir='ltr'>καὶ</span> <span class='ocrx_word' id='word_1_314' title='bbox 1852 2694 1947 2749; x_wconf 81' lang='grc' dir='ltr'>ἀν-</span> 
     </span>
    </p>
   </div>
   <div class='ocr_carea' id='block_1_45' title="bbox 365 2781 1947 2859">
    <p class='ocr_par' dir='ltr' id='par_1_45' title="bbox 365 2781 1947 2859">
     <span class='ocr_line' id='line_1_45' title="bbox 365 2781 1947 2859; baseline 0.003 -24"><span class='ocrx_word' id='word_1_315' title='bbox 365 2781 574 2855; x_wconf 83' lang='grc' dir='ltr'>θρακας</span> <span class='ocrx_word' id='word_1_316' title='bbox 601 2786 772 2856; x_wconf 80' lang='grc' dir='ltr'>πυρὸς</span> <span class='ocrx_word' id='word_1_317' title='bbox 804 2788 833 2839; x_wconf 86' lang='grc' dir='ltr'><strong>ὁ</strong></span> <span class='ocrx_word' id='word_1_318' title='bbox 863 2785 956 2838; x_wconf 74' lang='grc' dir='ltr'><strong>ἐπὶ</strong></span> <span class='ocrx_word' id='word_1_319' title='bbox 979 2784 1075 2838; x_wconf 87' lang='grc' dir='ltr'><strong>τοῦ</strong></span> <span class='ocrx_word' id='word_1_320' title='bbox 1126 2786 1395 2857; x_wconf 72' lang='grc' dir='ltr'>χερουδὶμ</span> <span class='ocrx_word' id='word_1_321' title='bbox 1445 2785 1691 2850; x_wconf 86' lang='grc' dir='ltr'>ἀναπτάς</span> <span class='ocrx_word' id='word_1_322' title='bbox 1722 2787 1947 2859; x_wconf 81' lang='grc' dir='ltr'>Κύριος.</span> 
     </span>
    </p>
   </div>
   <div class='ocr_carea' id='block_1_46' title="bbox 364 2866 1953 2948">
    <p class='ocr_par' dir='ltr' id='par_1_46' title="bbox 364 2866 1953 2948">
     <span class='ocr_line' id='line_1_46' title="bbox 364 2866 1953 2948; baseline 0.003 -21"><span class='ocrx_word' id='word_1_323' title='bbox 364 2866 534 2944; x_wconf 76' lang='grc' dir='ltr'>οἶμαι</span> <span class='ocrx_word' id='word_1_324' title='bbox 563 2872 622 2927; x_wconf 81' lang='grc' dir='ltr'>δὲ</span> <span class='ocrx_word' id='word_1_325' title='bbox 649 2873 750 2936; x_wconf 85' lang='grc' dir='ltr'><strong>τὰς</strong></span> <span class='ocrx_word' id='word_1_326' title='bbox 797 2873 938 2928; x_wconf 87' lang='grc' dir='ltr'><strong>κατά</strong></span> <span class='ocrx_word' id='word_1_327' title='bbox 960 2874 1073 2928; x_wconf 88' lang='grc' dir='ltr'><strong>τῶν</strong></span> <span class='ocrx_word' id='word_1_328' title='bbox 1125 2873 1338 2929; x_wconf 79' lang='grc' dir='ltr'>ἀσεϐῶν</span> <span class='ocrx_word' id='word_1_329' title='bbox 1386 2875 1765 2948; x_wconf 87' lang='grc' dir='ltr'>τιμωρητικάς</span> <span class='ocrx_word' id='word_1_330' title='bbox 1795 2877 1953 2932; x_wconf 83' lang='grc' dir='ltr'>δυνά-</span> 
     </span>
    </p>
   </div>
   <div class='ocr_carea' id='block_1_47' title="bbox 370 2963 1954 3040">
    <p class='ocr_par' dir='ltr' id='par_1_47' title="bbox 370 2963 1954 3040">
     <span class='ocr_line' id='line_1_47' title="bbox 370 2963 1954 3040; baseline 0.003 -21"><span class='ocrx_word' id='word_1_331' title='bbox 370 2982 493 3037; x_wconf 77' lang='grc' dir='ltr'>μεις</span> <span class='ocrx_word' id='word_1_332' title='bbox 526 2963 766 3037; x_wconf 76' lang='grc' dir='ltr'>χάλαζαν</span> <span class='ocrx_word' id='word_1_333' title='bbox 801 2966 896 3020; x_wconf 72' lang='grc' dir='ltr'>καὶ</span> <span class='ocrx_word' id='word_1_334' title='bbox 922 2965 1202 3039; x_wconf 71' lang='grc' dir='ltr'>ἄνθρακας</span> <span class='ocrx_word' id='word_1_335' title='bbox 1229 2967 1401 3040; x_wconf 81' lang='grc' dir='ltr'>πυρὸς</span> <span class='ocrx_word' id='word_1_336' title='bbox 1442 2968 1822 3039; x_wconf 82' lang='grc' dir='ltr'>ὀνομάζεσθαι.</span> <span class='ocrx_word' id='word_1_337' title='bbox 1853 2975 1954 3023; x_wconf 88' lang='grc' dir='ltr'><strong>Δυ-</strong></span> 
     </span>
    </p>
   </div>
   <div class='ocr_carea' id='block_1_48' title="bbox 369 3055 1952 3133">
    <p class='ocr_par' dir='ltr' id='par_1_48' title="bbox 369 3055 1952 3133">
     <span class='ocr_line' id='line_1_48' title="bbox 369 3055 1952 3133; baseline 0.002 -21"><span class='ocrx_word' id='word_1_338' title='bbox 369 3055 562 3128; x_wconf 80' lang='grc' dir='ltr'>νάμεις</span> <span class='ocrx_word' id='word_1_339' title='bbox 589 3056 771 3110; x_wconf 90' lang='grc' dir='ltr'>τοίνυν</span> <span class='ocrx_word' id='word_1_340' title='bbox 801 3057 1033 3129; x_wconf 81' lang='grc' dir='ltr'>τιμωροὶ</span> <span class='ocrx_word' id='word_1_341' title='bbox 1064 3058 1161 3111; x_wconf 82' lang='grc' dir='ltr'>καὶ</span> <span class='ocrx_word' id='word_1_342' title='bbox 1187 3058 1527 3125; x_wconf 75' lang='grc' dir='ltr'>κολαστικαὶ,</span> <span class='ocrx_word' id='word_1_343' title='bbox 1546 3059 1623 3131; x_wconf 84' lang='grc' dir='ltr'>τῷ</span> <span class='ocrx_word' id='word_1_344' title='bbox 1654 3060 1952 3133; x_wconf 78' lang='grc' dir='ltr'>βουλήματι</span> 
     </span>
    </p>
   </div>
   <div class='ocr_carea' id='block_1_49' title="bbox 364 3145 1954 3222">
    <p class='ocr_par' dir='ltr' id='par_1_49' title="bbox 364 3145 1954 3222">
     <span class='ocr_line' id='line_1_49' title="bbox 364 3145 1954 3222; baseline 0.004 -22"><span class='ocrx_word' id='word_1_345' title='bbox 364 3145 461 3200; x_wconf 88' lang='grc' dir='ltr'><strong>τοῦ</strong></span> <span class='ocrx_word' id='word_1_346' title='bbox 494 3146 699 3217; x_wconf 80' lang='grc' dir='ltr'>Κυρίου</span> <span class='ocrx_word' id='word_1_347' title='bbox 731 3148 953 3219; x_wconf 81' lang='grc' dir='ltr'>ἀφανῶς</span> <span class='ocrx_word' id='word_1_348' title='bbox 985 3149 1489 3222; x_wconf 82' lang='grc' dir='ltr'>ὲξυπηρετούμεναι</span> <span class='ocrx_word' id='word_1_349' title='bbox 1536 3150 1679 3206; x_wconf 86' lang='grc' dir='ltr'><strong>κατά</strong></span> <span class='ocrx_word' id='word_1_350' title='bbox 1702 3153 1809 3207; x_wconf 93' lang='grc' dir='ltr'><strong>τῶν</strong></span> <span class='ocrx_word' id='word_1_351' title='bbox 1834 3153 1954 3207; x_wconf 85' lang='grc' dir='ltr'>δαι-</span> 
     </span>
    </p>
   </div>
   <div class='ocr_carea' id='block_1_50' title="bbox 369 3238 1955 3317">
    <p class='ocr_par' dir='ltr' id='par_1_50' title="bbox 369 3238 1955 3317">
     <span class='ocr_line' id='line_1_50' title="bbox 369 3238 1955 3317; baseline 0.006 -25"><span class='ocrx_word' id='word_1_352' title='bbox 369 3240 550 3310; x_wconf 84' lang='grc' dir='ltr'>μόνων</span> <span class='ocrx_word' id='word_1_353' title='bbox 580 3238 689 3293; x_wconf 85' lang='grc' dir='ltr'><strong>τῶν</strong></span> <span class='ocrx_word' id='word_1_354' title='bbox 713 3238 814 3312; x_wconf 82' lang='grc' dir='ltr'><strong>τὴν</strong></span> <span class='ocrx_word' id='word_1_355' title='bbox 841 3240 1101 3295; x_wconf 88' lang='grc' dir='ltr'>πολύθεον</span> <span class='ocrx_word' id='word_1_356' title='bbox 1132 3240 1341 3314; x_wconf 83' lang='grc' dir='ltr'>πλάνην</span> <span class='ocrx_word' id='word_1_357' title='bbox 1399 3244 1789 3317; x_wconf 81' lang='grc' dir='ltr'>ἐνεργούντων,</span> <span class='ocrx_word' id='word_1_358' title='bbox 1819 3247 1955 3302; x_wconf 87' lang='grc' dir='ltr'>πάν-</span> 
     </span>
    </p>
   </div>
   <div class='ocr_carea' id='block_1_51' title="bbox 365 3331 1956 3418">
    <p class='ocr_par' dir='ltr' id='par_1_51' title="bbox 365 3331 1956 3418">
     <span class='ocr_line' id='line_1_51' title="bbox 365 3331 1956 3418; baseline 0.007 -35"><span class='ocrx_word' id='word_1_359' title='bbox 365 3347 466 3396; x_wconf 90' lang='grc' dir='ltr'><strong>τας</strong></span> <span class='ocrx_word' id='word_1_360' title='bbox 480 3331 686 3418; x_wconf 37' lang='grc' dir='ltr'>,αὐτοὺς</span> <span class='ocrx_word' id='word_1_361' title='bbox 718 3331 969 3404; x_wconf 75' lang='grc' dir='ltr'>ἧλαυνον.</span> <span class='ocrx_word' id='word_1_362' title='bbox 1006 3333 1098 3387; x_wconf 85' lang='grc' dir='ltr'><strong>Διὸ</strong></span> <span class='ocrx_word' id='word_1_363' title='bbox 1130 3333 1320 3405; x_wconf 83' lang='grc' dir='ltr'>σχεδὸν</span> <span class='ocrx_word' id='word_1_364' title='bbox 1381 3336 1559 3391; x_wconf 85' lang='grc' dir='ltr'>πάντα</span> <span class='ocrx_word' id='word_1_365' title='bbox 1594 3337 1776 3398; x_wconf 70' lang='grc' dir='ltr'>αὐτῶν</span> <span class='ocrx_word' id='word_1_366' title='bbox 1801 3339 1956 3394; x_wconf 82' lang='grc' dir='ltr'>ἐκλέ-</span> 
     </span>
    </p>
   </div>
   <div class='ocr_carea' id='block_1_52' title="bbox 365 3423 1949 3502">
    <p class='ocr_par' dir='ltr' id='par_1_52' title="bbox 365 3423 1949 3502">
     <span class='ocr_line' id='line_1_52' title="bbox 365 3423 1949 3502; baseline 0.008 -26"><span class='ocrx_word' id='word_1_367' title='bbox 365 3423 521 3477; x_wconf 86' lang='grc' dir='ltr'>λοιπε</span> <span class='ocrx_word' id='word_1_368' title='bbox 548 3423 617 3477; x_wconf 86' lang='grc' dir='ltr'><strong>τά</strong></span> <span class='ocrx_word' id='word_1_369' title='bbox 636 3426 965 3497; x_wconf 81' lang='grc' dir='ltr'>χρηστήρια,</span> <span class='ocrx_word' id='word_1_370' title='bbox 1025 3426 1119 3481; x_wconf 86' lang='grc' dir='ltr'><strong>καί</strong></span> <span class='ocrx_word' id='word_1_371' title='bbox 1177 3427 1233 3480; x_wconf 90' lang='grc' dir='ltr'><strong>αί</strong></span> <span class='ocrx_word' id='word_1_372' title='bbox 1270 3431 1521 3499; x_wconf 85' lang='grc' dir='ltr'>μαντεῖαι</span> <span class='ocrx_word' id='word_1_373' title='bbox 1558 3430 1949 3502; x_wconf 83' lang='grc' dir='ltr'>κατελύθησαν·</span> 
     </span>
    </p>
   </div>
   <div class='ocr_carea' id='block_1_53' title="bbox 365 3512 1956 3593">
    <p class='ocr_par' dir='ltr' id='par_1_53' title="bbox 365 3512 1956 3593">
     <span class='ocr_line' id='line_1_53' title="bbox 365 3512 1956 3593; baseline 0.006 -26"><span class='ocrx_word' id='word_1_374' title='bbox 365 3512 564 3587; x_wconf 72' lang='grc' dir='ltr'>ερημοί</span> <span class='ocrx_word' id='word_1_375' title='bbox 595 3532 654 3568; x_wconf 80' lang='grc' dir='ltr'><strong>τε</strong></span> <span class='ocrx_word' id='word_1_376' title='bbox 680 3515 859 3568; x_wconf 81' lang='grc' dir='ltr'>αὐτῶν</span> <span class='ocrx_word' id='word_1_377' title='bbox 923 3516 1264 3588; x_wconf 80' lang='grc' dir='ltr'>κατέστησαν</span> <span class='ocrx_word' id='word_1_378' title='bbox 1285 3519 1334 3572; x_wconf 88' lang='grc' dir='ltr'><strong>οί</strong></span> <span class='ocrx_word' id='word_1_379' title='bbox 1366 3519 1505 3574; x_wconf 89' lang='grc' dir='ltr'>ναοί·</span> <span class='ocrx_word' id='word_1_380' title='bbox 1565 3519 1855 3593; x_wconf 76' lang='grc' dir='ltr'>σεσύληται</span> <span class='ocrx_word' id='word_1_381' title='bbox 1888 3523 1956 3577; x_wconf 91' lang='grc' dir='ltr'><strong>τά</strong></span> 
     </span>
    </p>
   </div>
   <div class='ocr_carea' id='block_1_54' title="bbox 367 3606 1955 3687">
    <p class='ocr_par' dir='ltr' id='par_1_54' title="bbox 367 3606 1955 3687">
     <span class='ocr_line' id='line_1_54' title="bbox 367 3606 1955 3687; baseline 0.004 -26"><span class='ocrx_word' id='word_1_382' title='bbox 367 3606 731 3678; x_wconf 78' lang='grc' dir='ltr'>ἀφιερώματα</span> <span class='ocrx_word' id='word_1_383' title='bbox 759 3607 977 3680; x_wconf 82' lang='grc' dir='ltr'>ἀοράτῳ</span> <span class='ocrx_word' id='word_1_384' title='bbox 999 3608 1094 3663; x_wconf 80' lang='grc' dir='ltr'>καὶ</span> <span class='ocrx_word' id='word_1_385' title='bbox 1121 3611 1319 3679; x_wconf 70' lang='grc' dir='ltr'>ἀφανεῖ</span> <span class='ocrx_word' id='word_1_386' title='bbox 1346 3610 1594 3683; x_wconf 82' lang='grc' dir='ltr'>δυνάμει·</span> <span class='ocrx_word' id='word_1_387' title='bbox 1627 3613 1722 3667; x_wconf 88' lang='grc' dir='ltr'><strong>τοῦ</strong></span> <span class='ocrx_word' id='word_1_388' title='bbox 1750 3613 1955 3687; x_wconf 87' lang='grc' dir='ltr'>Κυρίου</span> 
     </span>
    </p>
   </div>
   <div class='ocr_carea' id='block_1_55' title="bbox 368 3696 1961 3777">
    <p class='ocr_par' dir='ltr' id='par_1_55' title="bbox 368 3696 1961 3777">
     <span class='ocr_line' id='line_1_55' title="bbox 368 3696 1961 3777; baseline 0.004 -24"><span class='ocrx_word' id='word_1_389' title='bbox 368 3696 545 3753; x_wconf 83' lang='grc' dir='ltr'>ταῦτα</span> <span class='ocrx_word' id='word_1_390' title='bbox 570 3699 749 3753; x_wconf 83' lang='grc' dir='ltr'>πάντα</span> <span class='ocrx_word' id='word_1_391' title='bbox 771 3700 913 3770; x_wconf 86' lang='grc' dir='ltr'><strong>μετά</strong></span> <span class='ocrx_word' id='word_1_392' title='bbox 939 3701 1038 3772; x_wconf 86' lang='grc' dir='ltr'>τὴν</span> <span class='ocrx_word' id='word_1_393' title='bbox 1059 3702 1139 3765; x_wconf 87' lang='grc' dir='ltr'><strong>εἰς</strong></span> <span class='ocrx_word' id='word_1_394' title='bbox 1158 3702 1424 3774; x_wconf 78' lang='grc' dir='ltr'>οὐρανοὺς</span> <span class='ocrx_word' id='word_1_395' title='bbox 1452 3704 1637 3759; x_wconf 76' lang='grc' dir='ltr'>ἄνοδον</span> <span class='ocrx_word' id='word_1_396' title='bbox 1669 3705 1961 3777; x_wconf 79' lang='grc' dir='ltr'>διαπραξα-</span> 
     </span>
    </p>
   </div>
   <div class='ocr_carea' id='block_1_56' title="bbox 371 3789 561 3863">
    <p class='ocr_par' dir='ltr' id='par_1_56' title="bbox 371 3789 561 3863">
     <span class='ocr_line' id='line_1_56' title="bbox 371 3789 561 3863; baseline 0.016 -19"><span class='ocrx_word' id='word_1_397' title='bbox 371 3789 561 3863; x_wconf 70' lang='grc' dir='ltr'><strong>μένου.</strong></span> 
     </span>
    </p>
   </div>
   <div class='ocr_carea' id='block_1_57' title="bbox 447 3880 1956 3954">
    <p class='ocr_par' dir='ltr' id='par_1_57' title="bbox 447 3880 1956 3954">
     <span class='ocr_line' id='line_1_57' title="bbox 447 3880 1956 3954; baseline 0.003 -16"><span class='ocrx_word' id='word_1_398' title='bbox 447 3882 559 3938; x_wconf 80' lang='grc' dir='ltr'><strong>Καὶ</strong></span> <span class='ocrx_word' id='word_1_399' title='bbox 582 3880 970 3947; x_wconf 80' lang='grc' dir='ltr'>ἐξαπέστειλε</span> <span class='ocrx_word' id='word_1_400' title='bbox 994 3883 1154 3953; x_wconf 79' lang='grc' dir='ltr'>,βέλη</span> <span class='ocrx_word' id='word_1_401' title='bbox 1182 3884 1283 3938; x_wconf 82' lang='grc' dir='ltr'><strong>καί</strong></span> <span class='ocrx_word' id='word_1_402' title='bbox 1308 3885 1678 3954; x_wconf 82' lang='grc' dir='ltr'>έσκόρπισεν</span> <span class='ocrx_word' id='word_1_403' title='bbox 1711 3887 1956 3953; x_wconf 81' lang='grc' dir='ltr'>αὐτοὺς,</span> 
     </span>
    </p>
   </div>
   <div class='ocr_carea' id='block_1_58' title="bbox 370 3974 1962 4047">
    <p class='ocr_par' dir='ltr' id='par_1_58' title="bbox 370 3974 1962 4047">
     <span class='ocr_line' id='line_1_58' title="bbox 370 3974 1962 4047; baseline 0.003 -17"><span class='ocrx_word' id='word_1_404' title='bbox 370 3974 474 4031; x_wconf 77' lang='grc' dir='ltr'>καὶ</span> <span class='ocrx_word' id='word_1_405' title='bbox 511 3974 826 4043; x_wconf 75' lang='grc' dir='ltr'>ἀστραπὰς</span> <span class='ocrx_word' id='word_1_406' title='bbox 881 3974 1186 4042; x_wconf 74' lang='grc' dir='ltr'>ἐπλήθυνε</span> <span class='ocrx_word' id='word_1_407' title='bbox 1238 3978 1336 4031; x_wconf 80' lang='grc' dir='ltr'>καὶ</span> <span class='ocrx_word' id='word_1_408' title='bbox 1392 3977 1806 4047; x_wconf 79' lang='grc' dir='ltr'>συνετάραξεν</span> <span class='ocrx_word' id='word_1_409' title='bbox 1862 3983 1962 4035; x_wconf 83' lang='grc' dir='ltr'><strong>αὐ-</strong></span> 
     </span>
    </p>
   </div>
   <div class='ocr_carea' id='block_1_59' title="bbox 372 4065 1962 4151">
    <p class='ocr_par' dir='ltr' id='par_1_59' title="bbox 372 4065 1962 4151">
     <span class='ocr_line' id='line_1_59' title="bbox 372 4065 1962 4151; baseline 0.002 -29"><span class='ocrx_word' id='word_1_410' title='bbox 372 4067 535 4133; x_wconf 83' lang='grc' dir='ltr'>τούς.</span> <span class='ocrx_word' id='word_1_411' title='bbox 564 4065 676 4151; x_wconf 77' lang='grc' dir='ltr'>1ξαί</span> <span class='ocrx_word' id='word_1_412' title='bbox 712 4066 1007 4136; x_wconf 67' lang='grc' dir='ltr'>ὤφθησαν</span> <span class='ocrx_word' id='word_1_413' title='bbox 1037 4072 1097 4123; x_wconf 85' lang='grc' dir='ltr'><strong>αἰ</strong></span> <span class='ocrx_word' id='word_1_414' title='bbox 1125 4071 1310 4140; x_wconf 65' lang='grc' dir='ltr'>πηγαὶ</span> <span class='ocrx_word' id='word_1_415' title='bbox 1369 4070 1489 4125; x_wconf 89' lang='grc' dir='ltr'><strong>τῶν</strong></span> <span class='ocrx_word' id='word_1_416' title='bbox 1546 4069 1802 4135; x_wconf 85' lang='grc' dir='ltr'>ὑδάτων,</span> <span class='ocrx_word' id='word_1_417' title='bbox 1863 4072 1962 4125; x_wconf 78' lang='grc' dir='ltr'><strong>καί</strong></span> 
     </span>
    </p>
   </div>
   <div class='ocr_carea' id='block_1_60' title="bbox 370 4158 1959 4234">
    <p class='ocr_par' dir='ltr' id='par_1_60' title="bbox 370 4158 1959 4234">
     <span class='ocr_line' id='line_1_60' title="bbox 370 4158 1959 4234; baseline 0.003 -20"><span class='ocrx_word' id='word_1_418' title='bbox 370 4161 774 4231; x_wconf 78' lang='grc' dir='ltr'>ἀπεκαλύφθη</span> <span class='ocrx_word' id='word_1_419' title='bbox 827 4158 901 4215; x_wconf 84' lang='grc' dir='ltr'>τὰ</span> <span class='ocrx_word' id='word_1_420' title='bbox 964 4162 1207 4232; x_wconf 82' lang='grc' dir='ltr'>θεμέλια</span> <span class='ocrx_word' id='word_1_421' title='bbox 1258 4163 1369 4233; x_wconf 80' lang='grc' dir='ltr'><strong>τῆς</strong></span> <span class='ocrx_word' id='word_1_422' title='bbox 1414 4164 1784 4234; x_wconf 61' lang='grc' dir='ltr'>οἰκουμένης</span> <span class='ocrx_word' id='word_1_423' title='bbox 1840 4164 1959 4219; x_wconf 84' lang='grc' dir='ltr'><strong>ἀπὸ</strong></span> 
     </span>
    </p>
   </div>
   <div class='ocr_carea' id='block_1_61' title="bbox 375 4250 1961 4326">
    <p class='ocr_par' dir='ltr' id='par_1_61' title="bbox 375 4250 1961 4326">
     <span class='ocr_line' id='line_1_61' title="bbox 375 4250 1961 4326; baseline 0.003 -22"><span class='ocrx_word' id='word_1_424' title='bbox 375 4250 772 4321; x_wconf 83' lang='grc' dir='ltr'>ἐπιτιμήσεώς</span> <span class='ocrx_word' id='word_1_425' title='bbox 803 4268 942 4318; x_wconf 91' lang='grc' dir='ltr'>σου,</span> <span class='ocrx_word' id='word_1_426' title='bbox 984 4255 1184 4322; x_wconf 82' lang='grc' dir='ltr'>Κύριε,</span> <span class='ocrx_word' id='word_1_427' title='bbox 1216 4254 1335 4310; x_wconf 86' lang='grc' dir='ltr'><strong>ἀπὸ</strong></span> <span class='ocrx_word' id='word_1_428' title='bbox 1379 4256 1764 4326; x_wconf 79' lang='grc' dir='ltr'>ὲμπνεύσεως</span> <span class='ocrx_word' id='word_1_429' title='bbox 1788 4256 1961 4310; x_wconf 86' lang='grc' dir='ltr'><em>πνεύ-</em></span> 
     </span>
    </p>
   </div>
   <div class='ocr_carea' id='block_1_62' title="bbox 371 4345 1961 4421">
    <p class='ocr_par' dir='ltr' id='par_1_62' title="bbox 371 4345 1961 4421">
     <span class='ocr_line' id='line_1_62' title="bbox 371 4345 1961 4421; baseline 0.003 -23"><span class='ocrx_word' id='word_1_430' title='bbox 371 4361 561 4414; x_wconf 82' lang='grc' dir='ltr'>ματος</span> <span class='ocrx_word' id='word_1_431' title='bbox 584 4345 769 4418; x_wconf 75' lang='grc' dir='ltr'><em>ὀργῆς</em></span> <span class='ocrx_word' id='word_1_432' title='bbox 822 4362 960 4400; x_wconf 92' lang='grc' dir='ltr'>σου.</span> <span class='ocrx_word' id='word_1_433' title='bbox 997 4347 1233 4419; x_wconf 84' lang='grc' dir='ltr'>Θεμέλια</span> <span class='ocrx_word' id='word_1_434' title='bbox 1263 4349 1587 4421; x_wconf 82' lang='grc' dir='ltr'>οἰκουμένης</span> <span class='ocrx_word' id='word_1_435' title='bbox 1611 4351 1825 4421; x_wconf 83' lang='grc' dir='ltr'>νοήσεις</span> <span class='ocrx_word' id='word_1_436' title='bbox 1861 4348 1961 4413; x_wconf 87' lang='grc' dir='ltr'><strong>τάς</strong></span> 
     </span>
    </p>
   </div>
   <div class='ocr_carea' id='block_1_63' title="bbox 376 4434 1962 4513">
    <p class='ocr_par' dir='ltr' id='par_1_63' title="bbox 376 4434 1962 4513">
     <span class='ocr_line' id='line_1_63' title="bbox 376 4434 1962 4513; baseline 0.004 -23"><span class='ocrx_word' id='word_1_437' title='bbox 376 4435 477 4508; x_wconf 81' lang='grc' dir='ltr'>τῆς</span> <span class='ocrx_word' id='word_1_438' title='bbox 499 4438 692 4507; x_wconf 83' lang='grc' dir='ltr'>σοφίας</span> <span class='ocrx_word' id='word_1_439' title='bbox 713 4438 807 4491; x_wconf 87' lang='grc' dir='ltr'><strong>τοῦ</strong></span> <span class='ocrx_word' id='word_1_440' title='bbox 826 4437 962 4491; x_wconf 87' lang='grc' dir='ltr'>Θεοῦ</span> <span class='ocrx_word' id='word_1_441' title='bbox 977 4439 1254 4511; x_wconf 85' lang='grc' dir='ltr'>δυνάμεις,</span> <span class='ocrx_word' id='word_1_442' title='bbox 1278 4441 1344 4494; x_wconf 89' lang='grc' dir='ltr'><strong>δι’</strong></span> <span class='ocrx_word' id='word_1_443' title='bbox 1375 4434 1449 4495; x_wconf 84' lang='grc' dir='ltr'>ὦν</span> <span class='ocrx_word' id='word_1_444' title='bbox 1467 4442 1560 4495; x_wconf 84' lang='grc' dir='ltr'>καὶ</span> <span class='ocrx_word' id='word_1_445' title='bbox 1593 4440 1757 4496; x_wconf 87' lang='grc' dir='ltr'>πάλαι</span> <span class='ocrx_word' id='word_1_446' title='bbox 1775 4443 1809 4513; x_wconf 77' lang='grc' dir='ltr'>ἡ</span> <span class='ocrx_word' id='word_1_447' title='bbox 1831 4441 1962 4513; x_wconf 85' lang='grc' dir='ltr'><strong>σύμ-</strong></span> 
     </span>
    </p>
   </div>
   <div class='ocr_carea' id='block_1_64' title="bbox 2048 1960 3631 2035">
    <p class='ocr_par' dir='ltr' id='par_1_64' title="bbox 2048 1960 3631 2035">
     <span class='ocr_line' id='line_1_64' title="bbox 2048 1960 3631 2035; baseline -0.003 -17"><span class='ocrx_word' id='word_1_448' title='bbox 2048 1964 2285 2035; x_wconf 84' lang='lat' dir='ltr'><strong>ignisque</strong></span> <span class='ocrx_word' id='word_1_449' title='bbox 2313 1962 2504 2017; x_wconf 85' lang='lat' dir='ltr'><strong>ardens</strong></span> <span class='ocrx_word' id='word_1_450' title='bbox 2547 1963 2604 2017; x_wconf 88' lang='lat' dir='ltr'><strong>in</strong></span> <span class='ocrx_word' id='word_1_451' title='bbox 2629 1962 2906 2033; x_wconf 84' lang='lat' dir='ltr'><strong>grandine.</strong></span> <span class='ocrx_word' id='word_1_452' title='bbox 2948 1960 3017 2015; x_wconf 87' lang='lat' dir='ltr'><strong>Et</strong></span> <span class='ocrx_word' id='word_1_453' title='bbox 3048 1961 3306 2030; x_wconf 74' lang='lat' dir='ltr'><strong>percussit</strong></span> <span class='ocrx_word' id='word_1_454' title='bbox 3351 1960 3552 2031; x_wconf 90' lang='lat' dir='ltr'><strong>grando</strong></span> <span class='ocrx_word' id='word_1_455' title='bbox 3574 1960 3631 2014; x_wconf 84' lang='lat' dir='ltr'><strong>in</strong></span> 
     </span>
    </p>
   </div>
   <div class='ocr_carea' id='block_1_65' title="bbox 2050 2051 3632 2124">
    <p class='ocr_par' dir='ltr' id='par_1_65' title="bbox 2050 2051 3632 2124">
     <span class='ocr_line' id='line_1_65' title="bbox 2050 2051 3632 2124; baseline -0.004 -14"><span class='ocrx_word' id='word_1_456' title='bbox 2050 2055 2193 2110; x_wconf 89' lang='lat' dir='ltr'><strong>omni</strong></span> <span class='ocrx_word' id='word_1_457' title='bbox 2224 2064 2367 2109; x_wconf 87' lang='lat' dir='ltr'><strong>terra</strong></span> <span class='ocrx_word' id='word_1_458' title='bbox 2400 2053 2624 2124; x_wconf 63' lang='lat' dir='ltr'><strong>Egypti</strong></span> <span class='ocrx_word' id='word_1_459' title='bbox 2654 2053 2720 2109; x_wconf 81' lang='grc'><strong>⁸⁸.</strong></span> <span class='ocrx_word' id='word_1_460' title='bbox 2761 2052 2887 2120; x_wconf 81' lang='lat' dir='ltr'><strong>llaec</strong></span> <span class='ocrx_word' id='word_1_461' title='bbox 2912 2068 3076 2123; x_wconf 85' lang='lat' dir='ltr'><strong>porro</strong></span> <span class='ocrx_word' id='word_1_462' title='bbox 3124 2051 3307 2107; x_wconf 85' lang='lat' dir='ltr'><strong>omnia</strong></span> <span class='ocrx_word' id='word_1_463' title='bbox 3339 2051 3482 2105; x_wconf 83' lang='lat' dir='ltr'><strong>facta</strong></span> <span class='ocrx_word' id='word_1_464' title='bbox 3504 2060 3632 2107; x_wconf 84' lang='lat' dir='ltr'><strong>sunt</strong></span> 
     </span>
    </p>
   </div>
   <div class='ocr_carea' id='block_1_66' title="bbox 2050 2143 3633 2218">
    <p class='ocr_par' dir='ltr' id='par_1_66' title="bbox 2050 2143 3633 2218">
     <span class='ocr_line' id='line_1_66' title="bbox 2050 2143 3633 2218; baseline -0.003 -16"><span class='ocrx_word' id='word_1_465' title='bbox 2050 2156 2112 2202; x_wconf 89' lang='lat' dir='ltr'><strong>ut</strong></span> <span class='ocrx_word' id='word_1_466' title='bbox 2138 2146 2373 2218; x_wconf 90' lang='lat' dir='ltr'><strong>populus</strong></span> <span class='ocrx_word' id='word_1_467' title='bbox 2407 2144 2504 2201; x_wconf 88' lang='lat' dir='ltr'><strong>Dei</strong></span> <span class='ocrx_word' id='word_1_468' title='bbox 2534 2145 2603 2200; x_wconf 87' lang='lat' dir='ltr'><strong>ab</strong></span> <span class='ocrx_word' id='word_1_469' title='bbox 2625 2144 3006 2217; x_wconf 61' lang='lat' dir='ltr'><strong>Egyptiorum</strong></span> <span class='ocrx_word' id='word_1_470' title='bbox 3055 2144 3319 2200; x_wconf 88' lang='lat' dir='ltr'><strong>servitute</strong></span> <span class='ocrx_word' id='word_1_471' title='bbox 3364 2143 3633 2197; x_wconf 80' lang='lat' dir='ltr'><strong>eximere-</strong></span> 
     </span>
    </p>
   </div>
   <div class='ocr_carea' id='block_1_67' title="bbox 2051 2234 3633 2309">
    <p class='ocr_par' dir='ltr' id='par_1_67' title="bbox 2051 2234 3633 2309">
     <span class='ocr_line' id='line_1_67' title="bbox 2051 2234 3633 2309; baseline -0.003 -16"><span class='ocrx_word' id='word_1_472' title='bbox 2051 2248 2162 2294; x_wconf 73' lang='lat' dir='ltr'><strong>tur.</strong></span> <span class='ocrx_word' id='word_1_473' title='bbox 2194 2237 2397 2294; x_wconf 87' lang='lat' dir='ltr'><strong>Eodem</strong></span> <span class='ocrx_word' id='word_1_474' title='bbox 2430 2252 2660 2309; x_wconf 91' lang='lat' dir='ltr'><strong>prorsus</strong></span> <span class='ocrx_word' id='word_1_475' title='bbox 2712 2236 2877 2293; x_wconf 92' lang='lat' dir='ltr'><strong>modo</strong></span> <span class='ocrx_word' id='word_1_476' title='bbox 2918 2237 3033 2306; x_wconf 89' lang='lat' dir='ltr'><strong>jam</strong></span> <span class='ocrx_word' id='word_1_477' title='bbox 3085 2251 3214 2291; x_wconf 91' lang='lat' dir='ltr'><strong>cum</strong></span> <span class='ocrx_word' id='word_1_478' title='bbox 3245 2234 3522 2290; x_wconf 87' lang='lat' dir='ltr'><strong>Ecclesias</strong></span> <span class='ocrx_word' id='word_1_479' title='bbox 3564 2250 3633 2289; x_wconf 79' lang='lat' dir='ltr'><strong>ex</strong></span> 
     </span>
    </p>
   </div>
   <div class='ocr_carea' id='block_1_68' title="bbox 2055 2327 3633 2406">
    <p class='ocr_par' dir='ltr' id='par_1_68' title="bbox 2055 2327 3633 2406">
     <span class='ocr_line' id='line_1_68' title="bbox 2055 2327 3633 2406; baseline -0.006 -17"><span class='ocrx_word' id='word_1_480' title='bbox 2055 2333 2314 2406; x_wconf 76' lang='lat' dir='ltr'><strong>gentibus</strong></span> <span class='ocrx_word' id='word_1_481' title='bbox 2337 2339 2583 2396; x_wconf 88' lang='lat' dir='ltr'><strong>coactas,</strong></span> <span class='ocrx_word' id='word_1_482' title='bbox 2625 2330 3019 2399; x_wconf 88' lang='lat' dir='ltr'><strong>hominumque</strong></span> <span class='ocrx_word' id='word_1_483' title='bbox 3066 2327 3281 2383; x_wconf 88' lang='lat' dir='ltr'><strong>animas</strong></span> <span class='ocrx_word' id='word_1_484' title='bbox 3316 2342 3348 2380; x_wconf 89' lang='lat' dir='ltr'><strong>a</strong></span> <span class='ocrx_word' id='word_1_485' title='bbox 3372 2327 3633 2381; x_wconf 85' lang='lat' dir='ltr'><strong>servitute</strong></span> 
     </span>
    </p>
   </div>
   <div class='ocr_carea' id='block_1_69' title="bbox 2054 2418 3632 2496">
    <p class='ocr_par' dir='ltr' id='par_1_69' title="bbox 2054 2418 3632 2496">
     <span class='ocr_line' id='line_1_69' title="bbox 2054 2418 3632 2496; baseline -0.006 -16"><span class='ocrx_word' id='word_1_486' title='bbox 2054 2424 2234 2496; x_wconf 63' lang='lat' dir='ltr'><strong>impiis</strong></span> <span class='ocrx_word' id='word_1_487' title='bbox 2250 2421 2566 2480; x_wconf 66' lang='lat' dir='ltr'><strong>idololatria:</strong></span> <span class='ocrx_word' id='word_1_488' title='bbox 2586 2430 2639 2477; x_wconf 89' lang='lat' dir='ltr'><strong>et</strong></span> <span class='ocrx_word' id='word_1_489' title='bbox 2653 2421 3014 2493; x_wconf 86' lang='lat' dir='ltr'><strong>malignorum</strong></span> <span class='ocrx_word' id='word_1_490' title='bbox 3035 2418 3340 2476; x_wconf 66' lang='lat' dir='ltr'><strong>datmonum</strong></span> <span class='ocrx_word' id='word_1_491' title='bbox 3357 2418 3632 2484; x_wconf 85' lang='lat' dir='ltr'><strong>liberaret;</strong></span> 
     </span>
    </p>
   </div>
   <div class='ocr_carea' id='block_1_70' title="bbox 2053 2512 3634 2586">
    <p class='ocr_par' dir='ltr' id='par_1_70' title="bbox 2053 2512 3634 2586">
     <span class='ocr_line' id='line_1_70' title="bbox 2053 2512 3634 2586; baseline -0.006 -12"><span class='ocrx_word' id='word_1_492' title='bbox 2053 2517 2319 2574; x_wconf 87' lang='lat' dir='ltr'><strong>adversus</strong></span> <span class='ocrx_word' id='word_1_493' title='bbox 2373 2514 2755 2586; x_wconf 84' lang='lat' dir='ltr'><strong>intelligibiles</strong></span> <span class='ocrx_word' id='word_1_494' title='bbox 2804 2513 3089 2585; x_wconf 67' lang='lat' dir='ltr'><strong>lEgyptios</strong></span> <span class='ocrx_word' id='word_1_495' title='bbox 3112 2512 3377 2568; x_wconf 87' lang='lat' dir='ltr'><strong>Dominus</strong></span> <span class='ocrx_word' id='word_1_496' title='bbox 3420 2512 3512 2567; x_wconf 87' lang='lat' dir='ltr'><strong>ille</strong></span> <span class='ocrx_word' id='word_1_497' title='bbox 3539 2513 3634 2582; x_wconf 91' lang='lat' dir='ltr'><strong>qui</strong></span> 
     </span>
    </p>
   </div>
   <div class='ocr_carea' id='block_1_71' title="bbox 2057 2590 3633 2685">
    <p class='ocr_par' dir='ltr' id='par_1_71' title="bbox 2057 2590 3633 2685">
     <span class='ocr_line' id='line_1_71' title="bbox 2057 2590 3633 2685; baseline -0.005 -20"><span class='ocrx_word' id='word_1_498' title='bbox 2057 2622 2222 2680; x_wconf 86' lang='lat' dir='ltr'><strong>super</strong></span> <span class='ocrx_word' id='word_1_499' title='bbox 2258 2607 2545 2685; x_wconf 85' lang='lat' dir='ltr'><strong>cherubim</strong></span> <span class='ocrx_word' id='word_1_500' title='bbox 2598 2607 2848 2674; x_wconf 89' lang='lat' dir='ltr'><strong>volavit,</strong></span> <span class='ocrx_word' id='word_1_501' title='bbox 2911 2604 3233 2677; x_wconf 84' lang='lat' dir='ltr'><strong>grandinem</strong></span> <span class='ocrx_word' id='word_1_502' title='bbox 3268 2590 3335 2658; x_wconf 73' lang='lat' dir='ltr'><strong>etr</strong></span> <span class='ocrx_word' id='word_1_503' title='bbox 3365 2604 3633 2659; x_wconf 85' lang='lat' dir='ltr'><strong>carbones</strong></span> 
     </span>
    </p>
   </div>
   <div class='ocr_carea' id='block_1_72' title="bbox 2057 2696 3635 2772">
    <p class='ocr_par' dir='ltr' id='par_1_72' title="bbox 2057 2696 3635 2772">
     <span class='ocr_line' id='line_1_72' title="bbox 2057 2696 3635 2772; baseline -0.003 -16"><span class='ocrx_word' id='word_1_504' title='bbox 2057 2700 2199 2772; x_wconf 83' lang='lat' dir='ltr'><strong>ignis</strong></span> <span class='ocrx_word' id='word_1_505' title='bbox 2229 2701 2535 2756; x_wconf 86' lang='lat' dir='ltr'><strong>emittebat.</strong></span> <span class='ocrx_word' id='word_1_506' title='bbox 2580 2699 2834 2755; x_wconf 85' lang='lat' dir='ltr'><strong>Arbitror</strong></span> <span class='ocrx_word' id='word_1_507' title='bbox 2884 2705 3070 2753; x_wconf 90' lang='lat' dir='ltr'><strong>autem</strong></span> <span class='ocrx_word' id='word_1_508' title='bbox 3121 2697 3346 2752; x_wconf 89' lang='lat' dir='ltr'><strong>ultrices</strong></span> <span class='ocrx_word' id='word_1_509' title='bbox 3375 2696 3497 2750; x_wconf 86' lang='lat' dir='ltr'><strong>illas</strong></span> <span class='ocrx_word' id='word_1_510' title='bbox 3537 2696 3635 2751; x_wconf 87' lang='lat' dir='ltr'><strong>ad-</strong></span> 
     </span>
    </p>
   </div>
   <div class='ocr_carea' id='block_1_73' title="bbox 2057 2788 3636 2864">
    <p class='ocr_par' dir='ltr' id='par_1_73' title="bbox 2057 2788 3636 2864">
     <span class='ocr_line' id='line_1_73' title="bbox 2057 2788 3636 2864; baseline -0.005 -15"><span class='ocrx_word' id='word_1_511' title='bbox 2057 2807 2253 2850; x_wconf 85' lang='lat' dir='ltr'><strong>versus</strong></span> <span class='ocrx_word' id='word_1_512' title='bbox 2278 2793 2478 2864; x_wconf 88' lang='lat' dir='ltr'><strong>impios</strong></span> <span class='ocrx_word' id='word_1_513' title='bbox 2509 2800 2731 2864; x_wconf 89' lang='lat' dir='ltr'><strong>paratas</strong></span> <span class='ocrx_word' id='word_1_514' title='bbox 2760 2791 3011 2858; x_wconf 82' lang='lat' dir='ltr'><strong>virtutes,</strong></span> <span class='ocrx_word' id='word_1_515' title='bbox 3069 2788 3391 2860; x_wconf 88' lang='lat' dir='ltr'><strong>grandinem</strong></span> <span class='ocrx_word' id='word_1_516' title='bbox 3429 2796 3484 2843; x_wconf 89' lang='lat' dir='ltr'><strong>et</strong></span> <span class='ocrx_word' id='word_1_517' title='bbox 3513 2802 3636 2842; x_wconf 90' lang='lat' dir='ltr'><strong>car-</strong></span> 
     </span>
    </p>
   </div>
   <div class='ocr_carea' id='block_1_74' title="bbox 2058 2880 3638 2957">
    <p class='ocr_par' dir='ltr' id='par_1_74' title="bbox 2058 2880 3638 2957">
     <span class='ocr_line' id='line_1_74' title="bbox 2058 2880 3638 2957; baseline -0.004 -16"><span class='ocrx_word' id='word_1_518' title='bbox 2058 2886 2229 2943; x_wconf 88' lang='lat' dir='ltr'><strong>bones</strong></span> <span class='ocrx_word' id='word_1_519' title='bbox 2267 2884 2410 2957; x_wconf 86' lang='lat' dir='ltr'><strong>ignis</strong></span> <span class='ocrx_word' id='word_1_520' title='bbox 2423 2886 2630 2941; x_wconf 89' lang='lat' dir='ltr'><strong>vocari.</strong></span> <span class='ocrx_word' id='word_1_521' title='bbox 2653 2883 2901 2939; x_wconf 78' lang='lat' dir='ltr'><strong>Virtutes</strong></span> <span class='ocrx_word' id='word_1_522' title='bbox 2939 2883 3106 2955; x_wconf 78' lang='lat' dir='ltr'><strong>igitur</strong></span> <span class='ocrx_word' id='word_1_523' title='bbox 3137 2882 3244 2936; x_wconf 69' lang='lat' dir='ltr'><strong>illae</strong></span> <span class='ocrx_word' id='word_1_524' title='bbox 3276 2880 3549 2952; x_wconf 92' lang='lat' dir='ltr'><strong>supplicio</strong></span> <span class='ocrx_word' id='word_1_525' title='bbox 3578 2887 3638 2937; x_wconf 85' lang='lat' dir='ltr'><strong>et</strong></span> 
     </span>
    </p>
   </div>
   <div class='ocr_carea' id='block_1_75' title="bbox 2062 2971 3638 3043">
    <p class='ocr_par' dir='ltr' id='par_1_75' title="bbox 2062 2971 3638 3043">
     <span class='ocr_line' id='line_1_75' title="bbox 2062 2971 3638 3043; baseline -0.004 -9"><span class='ocrx_word' id='word_1_526' title='bbox 2062 2980 2254 3036; x_wconf 87' lang='lat' dir='ltr'><strong>ultioni</strong></span> <span class='ocrx_word' id='word_1_527' title='bbox 2284 2979 2592 3043; x_wconf 61' lang='lat' dir='ltr'><strong>destinate,</strong></span> <span class='ocrx_word' id='word_1_528' title='bbox 2639 2976 2940 3034; x_wconf 81' lang='lat' dir='ltr'><strong>voluntatis</strong></span> <span class='ocrx_word' id='word_1_529' title='bbox 2970 2975 3064 3031; x_wconf 89' lang='lat' dir='ltr'><strong>Dei</strong></span> <span class='ocrx_word' id='word_1_530' title='bbox 3110 2975 3326 3032; x_wconf 90' lang='lat' dir='ltr'><strong>occulto</strong></span> <span class='ocrx_word' id='word_1_531' title='bbox 3360 2988 3508 3028; x_wconf 90' lang='lat' dir='ltr'><strong>more</strong></span> <span class='ocrx_word' id='word_1_532' title='bbox 3540 2971 3638 3028; x_wconf 82' lang='lat' dir='ltr'><strong>ad-</strong></span> 
     </span>
    </p>
   </div>
   <div class='ocr_carea' id='block_1_76' title="bbox 2062 3054 3639 3145">
    <p class='ocr_par' dir='ltr' id='par_1_76' title="bbox 2062 3054 3639 3145">
     <span class='ocr_line' id='line_1_76' title="bbox 2062 3054 3639 3145; baseline -0.004 -19"><span class='ocrx_word' id='word_1_533' title='bbox 2062 3073 2327 3128; x_wconf 66' lang='lat' dir='ltr'><strong>ministrat</strong></span> <span class='ocrx_word' id='word_1_534' title='bbox 2358 3072 2622 3128; x_wconf 86' lang='lat' dir='ltr'><strong>adversus</strong></span> <span class='ocrx_word' id='word_1_535' title='bbox 2667 3070 2947 3127; x_wconf 64' lang='lat' dir='ltr'><strong>daemonas</strong></span> <span class='ocrx_word' id='word_1_536' title='bbox 2973 3071 3065 3140; x_wconf 89' lang='lat' dir='ltr'><strong>qui</strong></span> <span class='ocrx_word' id='word_1_537' title='bbox 3099 3054 3483 3145; x_wconf 81' lang='lat' dir='ltr'><strong>multiplicium</strong></span> <span class='ocrx_word' id='word_1_538' title='bbox 3504 3065 3639 3121; x_wconf 87' lang='lat' dir='ltr'><strong>deo-</strong></span> 
     </span>
    </p>
   </div>
   <div class='ocr_carea' id='block_1_77' title="bbox 2061 3157 3639 3236">
    <p class='ocr_par' dir='ltr' id='par_1_77' title="bbox 2061 3157 3639 3236">
     <span class='ocr_line' id='line_1_77' title="bbox 2061 3157 3639 3236; baseline -0.004 -16"><span class='ocrx_word' id='word_1_539' title='bbox 2061 3180 2183 3220; x_wconf 89' lang='lat' dir='ltr'><strong>rum</strong></span> <span class='ocrx_word' id='word_1_540' title='bbox 2206 3165 2653 3236; x_wconf 87' lang='lat' dir='ltr'><strong>superstitionem</strong></span> <span class='ocrx_word' id='word_1_541' title='bbox 2702 3162 3057 3227; x_wconf 78' lang='lat' dir='ltr'><strong>advexerant,</strong></span> <span class='ocrx_word' id='word_1_542' title='bbox 3089 3161 3237 3232; x_wconf 92' lang='lat' dir='ltr'><strong>ipsos</strong></span> <span class='ocrx_word' id='word_1_543' title='bbox 3292 3174 3483 3216; x_wconf 85' lang='lat' dir='ltr'><strong>omnes</strong></span> <span class='ocrx_word' id='word_1_544' title='bbox 3527 3157 3639 3213; x_wconf 72' lang='lat' dir='ltr'><strong>dte-</strong></span> 
     </span>
    </p>
   </div>
   <div class='ocr_carea' id='block_1_78' title="bbox 2060 3251 3638 3328">
    <p class='ocr_par' dir='ltr' id='par_1_78' title="bbox 2060 3251 3638 3328">
     <span class='ocr_line' id='line_1_78' title="bbox 2060 3251 3638 3328; baseline -0.005 -16"><span class='ocrx_word' id='word_1_545' title='bbox 2060 3270 2256 3312; x_wconf 73' lang='lat' dir='ltr'><strong>ntonas</strong></span> <span class='ocrx_word' id='word_1_546' title='bbox 2302 3256 2594 3328; x_wconf 84' lang='lat' dir='ltr'><strong>abigebant</strong></span> <span class='ocrx_word' id='word_1_547' title='bbox 2682 3253 2862 3322; x_wconf 82' lang='lat' dir='ltr'><strong>Quare</strong></span> <span class='ocrx_word' id='word_1_548' title='bbox 2916 3254 3173 3310; x_wconf 83' lang='lat' dir='ltr'><strong>universa</strong></span> <span class='ocrx_word' id='word_1_549' title='bbox 3193 3267 3385 3309; x_wconf 91' lang='lat' dir='ltr'><strong>eorum</strong></span> <span class='ocrx_word' id='word_1_550' title='bbox 3416 3251 3638 3306; x_wconf 88' lang='lat' dir='ltr'><strong>oracula</strong></span> 
     </span>
    </p>
   </div>
   <div class='ocr_carea' id='block_1_79' title="bbox 2060 3344 3639 3417">
    <p class='ocr_par' dir='ltr' id='par_1_79' title="bbox 2060 3344 3639 3417">
     <span class='ocr_line' id='line_1_79' title="bbox 2060 3344 3639 3417; baseline -0.007 -12"><span class='ocrx_word' id='word_1_551' title='bbox 2060 3348 2367 3414; x_wconf 82' lang='lat' dir='ltr'><strong>desierunt,</strong></span> <span class='ocrx_word' id='word_1_552' title='bbox 2416 3347 2678 3403; x_wconf 86' lang='lat' dir='ltr'><strong>vaticinia</strong></span> <span class='ocrx_word' id='word_1_553' title='bbox 2713 3347 2974 3417; x_wconf 87' lang='lat' dir='ltr'><strong>abrogata</strong></span> <span class='ocrx_word' id='word_1_554' title='bbox 3020 3352 3169 3411; x_wconf 89' lang='lat' dir='ltr'><strong>sunt,</strong></span> <span class='ocrx_word' id='word_1_555' title='bbox 3208 3344 3410 3415; x_wconf 90' lang='lat' dir='ltr'><strong>templa</strong></span> <span class='ocrx_word' id='word_1_556' title='bbox 3446 3357 3639 3399; x_wconf 83' lang='lat' dir='ltr'><strong>eorum</strong></span> 
     </span>
    </p>
   </div>
   <div class='ocr_carea' id='block_1_80' title="bbox 2061 3433 3638 3506">
    <p class='ocr_par' dir='ltr' id='par_1_80' title="bbox 2061 3433 3638 3506">
     <span class='ocr_line' id='line_1_80' title="bbox 2061 3433 3638 3506; baseline -0.007 -9"><span class='ocrx_word' id='word_1_557' title='bbox 2061 3441 2298 3506; x_wconf 89' lang='lat' dir='ltr'><strong>deserta,</strong></span> <span class='ocrx_word' id='word_1_558' title='bbox 2335 3441 2578 3496; x_wconf 86' lang='lat' dir='ltr'><strong>sacraria</strong></span> <span class='ocrx_word' id='word_1_559' title='bbox 2614 3438 2882 3495; x_wconf 83' lang='lat' dir='ltr'><strong>invisibili</strong></span> <span class='ocrx_word' id='word_1_560' title='bbox 2920 3452 2986 3493; x_wconf 91' lang='lat' dir='ltr'><strong>ac</strong></span> <span class='ocrx_word' id='word_1_561' title='bbox 3008 3437 3211 3492; x_wconf 88' lang='lat' dir='ltr'><strong>latente</strong></span> <span class='ocrx_word' id='word_1_562' title='bbox 3254 3435 3458 3489; x_wconf 82' lang='lat' dir='ltr'><strong>virtute</strong></span> <span class='ocrx_word' id='word_1_563' title='bbox 3480 3433 3638 3502; x_wconf 81' lang='lat' dir='ltr'><strong>expi-</strong></span> 
     </span>
    </p>
   </div>
   <div class='ocr_carea' id='block_1_81' title="bbox 2063 3524 3640 3599">
    <p class='ocr_par' dir='ltr' id='par_1_81' title="bbox 2063 3524 3640 3599">
     <span class='ocr_line' id='line_1_81' title="bbox 2063 3524 3640 3599; baseline -0.003 -15"><span class='ocrx_word' id='word_1_564' title='bbox 2063 3532 2174 3584; x_wconf 88' lang='lat' dir='ltr'><strong>lata</strong></span> <span class='ocrx_word' id='word_1_565' title='bbox 2206 3529 2449 3595; x_wconf 84' lang='lat' dir='ltr'><strong>fuerunt,</strong></span> <span class='ocrx_word' id='word_1_566' title='bbox 2480 3528 2713 3585; x_wconf 90' lang='lat' dir='ltr'><strong>Domino</strong></span> <span class='ocrx_word' id='word_1_567' title='bbox 2774 3534 2900 3599; x_wconf 85' lang='lat' dir='ltr'><strong>post</strong></span> <span class='ocrx_word' id='word_1_568' title='bbox 2932 3542 3094 3585; x_wconf 90' lang='lat' dir='ltr'><strong>suum</strong></span> <span class='ocrx_word' id='word_1_569' title='bbox 3125 3526 3197 3599; x_wconf 53' lang='lat' dir='ltr'><strong>tin</strong></span> <span class='ocrx_word' id='word_1_570' title='bbox 3247 3524 3418 3583; x_wconf 75' lang='lat' dir='ltr'><strong>ctelos</strong></span> <span class='ocrx_word' id='word_1_571' title='bbox 3446 3537 3640 3581; x_wconf 88' lang='lat' dir='ltr'><strong>ascen-</strong></span> 
     </span>
    </p>
   </div>
   <div class='ocr_carea' id='block_1_82' title="bbox 2064 3621 2824 3693">
    <p class='ocr_par' dir='ltr' id='par_1_82' title="bbox 2064 3621 2824 3693">
     <span class='ocr_line' id='line_1_82' title="bbox 2064 3621 2824 3693; baseline -0.003 -15"><span class='ocrx_word' id='word_1_572' title='bbox 2064 3637 2185 3679; x_wconf 87' lang='lat' dir='ltr'><strong>sum</strong></span> <span class='ocrx_word' id='word_1_573' title='bbox 2202 3622 2316 3676; x_wconf 68' lang='lat' dir='ltr'><strong>hasc</strong></span> <span class='ocrx_word' id='word_1_574' title='bbox 2337 3621 2522 3677; x_wconf 91' lang='lat' dir='ltr'><strong>omnia</strong></span> <span class='ocrx_word' id='word_1_575' title='bbox 2540 3628 2824 3693; x_wconf 85' lang='lat' dir='ltr'><strong>operante.</strong></span> 
     </span>
    </p>
   </div>
   <div class='ocr_carea' id='block_1_83' title="bbox 2138 3887 3645 3962">
    <p class='ocr_par' dir='ltr' id='par_1_83' title="bbox 2138 3887 3645 3962">
     <span class='ocr_line' id='line_1_83' title="bbox 2138 3887 3645 3962; baseline -0.004 -14"><span class='ocrx_word' id='word_1_576' title='bbox 2138 3892 2304 3948; x_wconf 67' lang='lat' dir='ltr'><strong>Vens.</strong></span> <span class='ocrx_word' id='word_1_577' title='bbox 2337 3894 2424 3960; x_wconf 79' lang='lat' dir='ltr'><strong>l5,</strong></span> <span class='ocrx_word' id='word_1_578' title='bbox 2460 3893 2545 3948; x_wconf 85' lang='lat' dir='ltr'><strong>l6.</strong></span> <span class='ocrx_word' id='word_1_579' title='bbox 2582 3891 2653 3947; x_wconf 88' lang='lat' dir='ltr'><strong>Et</strong></span> <span class='ocrx_word' id='word_1_580' title='bbox 2676 3891 2821 3946; x_wconf 86' lang='lat' dir='ltr'><strong>misit</strong></span> <span class='ocrx_word' id='word_1_581' title='bbox 2849 3891 3073 3962; x_wconf 83' lang='lat' dir='ltr'><strong>sagittas</strong></span> <span class='ocrx_word' id='word_1_582' title='bbox 3096 3905 3245 3953; x_wconf 84' lang='lat' dir='ltr'><strong>suas,</strong></span> <span class='ocrx_word' id='word_1_583' title='bbox 3276 3898 3325 3943; x_wconf 88' lang='lat' dir='ltr'><strong>et</strong></span> <span class='ocrx_word' id='word_1_584' title='bbox 3361 3887 3645 3957; x_wconf 80' lang='lat' dir='ltr'><strong>dissipavit</strong></span> 
     </span>
    </p>
   </div>
   <div class='ocr_carea' id='block_1_84' title="bbox 2066 3978 3643 4055">
    <p class='ocr_par' dir='ltr' id='par_1_84' title="bbox 2066 3978 3643 4055">
     <span class='ocr_line' id='line_1_84' title="bbox 2066 3978 3643 4055; baseline -0.006 -14"><span class='ocrx_word' id='word_1_585' title='bbox 2066 4003 2152 4041; x_wconf 89' lang='lat' dir='ltr'><strong>eos</strong></span> <span class='ocrx_word' id='word_1_586' title='bbox 2176 4000 2194 4049; x_wconf 84' lang='lat'><strong><em>;</em></strong></span> <span class='ocrx_word' id='word_1_587' title='bbox 2217 3984 2434 4055; x_wconf 78' lang='lat' dir='ltr'><strong>fulgura</strong></span> <span class='ocrx_word' id='word_1_588' title='bbox 2457 3983 2848 4053; x_wconf 80' lang='lat' dir='ltr'><strong>multiplicauit,</strong></span> <span class='ocrx_word' id='word_1_589' title='bbox 2872 3992 2922 4037; x_wconf 89' lang='lat' dir='ltr'><strong>et</strong></span> <span class='ocrx_word' id='word_1_590' title='bbox 2946 3980 3275 4036; x_wconf 84' lang='lat' dir='ltr'><strong>conturbavit</strong></span> <span class='ocrx_word' id='word_1_591' title='bbox 3295 3996 3404 4035; x_wconf 90' lang='lat' dir='ltr'><strong>eos.</strong></span> <span class='ocrx_word' id='word_1_592' title='bbox 3448 3978 3517 4033; x_wconf 85' lang='lat' dir='ltr'><strong>Et</strong></span> <span class='ocrx_word' id='word_1_593' title='bbox 3550 3993 3643 4047; x_wconf 86' lang='lat' dir='ltr'><strong>ap-</strong></span> 
     </span>
    </p>
   </div>
   <div class='ocr_carea' id='block_1_85' title="bbox 2065 4069 3646 4150">
    <p class='ocr_par' dir='ltr' id='par_1_85' title="bbox 2065 4069 3646 4150">
     <span class='ocr_line' id='line_1_85' title="bbox 2065 4069 3646 4150; baseline -0.009 -15"><span class='ocrx_word' id='word_1_594' title='bbox 2065 4085 2356 4150; x_wconf 83' lang='lat' dir='ltr'><strong>paruerunt</strong></span> <span class='ocrx_word' id='word_1_595' title='bbox 2388 4076 2557 4146; x_wconf 78' lang='lat' dir='ltr'><strong>fontes</strong></span> <span class='ocrx_word' id='word_1_596' title='bbox 2587 4088 2868 4144; x_wconf 88' lang='lat' dir='ltr'><strong>aquarum,</strong></span> <span class='ocrx_word' id='word_1_597' title='bbox 2925 4079 2976 4125; x_wconf 87' lang='lat' dir='ltr'><strong>et</strong></span> <span class='ocrx_word' id='word_1_598' title='bbox 3024 4070 3253 4125; x_wconf 79' lang='lat' dir='ltr'><strong>revelata</strong></span> <span class='ocrx_word' id='word_1_599' title='bbox 3295 4078 3418 4123; x_wconf 88' lang='lat' dir='ltr'><strong>sunt</strong></span> <span class='ocrx_word' id='word_1_600' title='bbox 3457 4069 3646 4137; x_wconf 79' lang='lat' dir='ltr'><strong>funda-</strong></span> 
     </span>
    </p>
   </div>
   <div class='ocr_carea' id='block_1_86' title="bbox 2068 4158 3642 4233">
    <p class='ocr_par' dir='ltr' id='par_1_86' title="bbox 2068 4158 3642 4233">
     <span class='ocr_line' id='line_1_86' title="bbox 2068 4158 3642 4233; baseline -0.009 -7"><span class='ocrx_word' id='word_1_601' title='bbox 2068 4179 2243 4227; x_wconf 86' lang='lat' dir='ltr'><strong>menta</strong></span> <span class='ocrx_word' id='word_1_602' title='bbox 2265 4168 2406 4224; x_wconf 86' lang='lat' dir='ltr'><strong>orbis</strong></span> <span class='ocrx_word' id='word_1_603' title='bbox 2421 4176 2684 4221; x_wconf 86' lang='lat' dir='ltr'><strong>terrarum</strong></span> <span class='ocrx_word' id='word_1_604' title='bbox 2708 4182 2726 4219; x_wconf 91' lang='lat'><strong><em>:</em></strong></span> <span class='ocrx_word' id='word_1_605' title='bbox 2759 4165 2824 4219; x_wconf 87' lang='lat' dir='ltr'><strong>ab</strong></span> <span class='ocrx_word' id='word_1_606' title='bbox 2857 4162 3216 4233; x_wconf 83' lang='lat' dir='ltr'><strong>increpatione</strong></span> <span class='ocrx_word' id='word_1_607' title='bbox 3238 4169 3354 4225; x_wconf 86' lang='lat' dir='ltr'><strong>tua,</strong></span> <span class='ocrx_word' id='word_1_608' title='bbox 3400 4158 3642 4222; x_wconf 82' lang='lat' dir='ltr'><strong>Domine,</strong></span> 
     </span>
    </p>
   </div>
   <div class='ocr_carea' id='block_1_87' title="bbox 2068 4250 3645 4327">
    <p class='ocr_par' dir='ltr' id='par_1_87' title="bbox 2068 4250 3645 4327">
     <span class='ocr_line' id='line_1_87' title="bbox 2068 4250 3645 4327; baseline -0.011 -8"><span class='ocrx_word' id='word_1_609' title='bbox 2068 4262 2134 4319; x_wconf 83' lang='lat' dir='ltr'><strong>ab</strong></span> <span class='ocrx_word' id='word_1_610' title='bbox 2186 4261 2532 4327; x_wconf 86' lang='lat' dir='ltr'><strong>inspiratione</strong></span> <span class='ocrx_word' id='word_1_611' title='bbox 2572 4257 2792 4327; x_wconf 87' lang='lat' dir='ltr'><strong>spiritus</strong></span> <span class='ocrx_word' id='word_1_612' title='bbox 2847 4257 2944 4311; x_wconf 75' lang='lat' dir='ltr'><strong>ira:</strong></span> <span class='ocrx_word' id='word_1_613' title='bbox 2987 4264 3112 4310; x_wconf 68' lang='lat' dir='ltr'><strong>tuta.</strong></span> <span class='ocrx_word' id='word_1_614' title='bbox 3147 4252 3253 4308; x_wconf 89' lang='lat' dir='ltr'><strong>Per</strong></span> <span class='ocrx_word' id='word_1_615' title='bbox 3290 4250 3645 4306; x_wconf 82' lang='lat' dir='ltr'><strong>fundamenta</strong></span> 
     </span>
    </p>
   </div>
   <div class='ocr_carea' id='block_1_88' title="bbox 2067 4344 3641 4420">
    <p class='ocr_par' dir='ltr' id='par_1_88' title="bbox 2067 4344 3641 4420">
     <span class='ocr_line' id='line_1_88' title="bbox 2067 4344 3641 4420; baseline -0.008 -9"><span class='ocrx_word' id='word_1_616' title='bbox 2067 4354 2219 4411; x_wconf 89' lang='lat' dir='ltr'><strong>orbis</strong></span> <span class='ocrx_word' id='word_1_617' title='bbox 2266 4362 2539 4407; x_wconf 88' lang='lat' dir='ltr'><strong>terrarum</strong></span> <span class='ocrx_word' id='word_1_618' title='bbox 2586 4350 2862 4420; x_wconf 84' lang='lat' dir='ltr'><strong>intelligas</strong></span> <span class='ocrx_word' id='word_1_619' title='bbox 2915 4346 3201 4418; x_wconf 62' lang='lat' dir='ltr'><strong>sapientiae</strong></span> <span class='ocrx_word' id='word_1_620' title='bbox 3244 4344 3338 4401; x_wconf 91' lang='lat' dir='ltr'><strong>Dei</strong></span> <span class='ocrx_word' id='word_1_621' title='bbox 3389 4346 3641 4403; x_wconf 85' lang='lat' dir='ltr'><strong>virtutes.</strong></span> 
     </span>
    </p>
   </div>
   <div class='ocr_carea' id='block_1_89' title="bbox 2068 4437 3647 4518">
    <p class='ocr_par' dir='ltr' id='par_1_89' title="bbox 2068 4437 3647 4518">
     <span class='ocr_line' id='line_1_89' title="bbox 2068 4437 3647 4518; baseline -0.008 -16"><span class='ocrx_word' id='word_1_622' title='bbox 2068 4447 2268 4518; x_wconf 85' lang='lat' dir='ltr'><strong>quibus</strong></span> <span class='ocrx_word' id='word_1_623' title='bbox 2295 4443 2426 4499; x_wconf 89' lang='lat' dir='ltr'><strong>olim</strong></span> <span class='ocrx_word' id='word_1_624' title='bbox 2457 4442 2717 4514; x_wconf 75' lang='lat' dir='ltr'><strong>universa</strong></span> <span class='ocrx_word' id='word_1_625' title='bbox 2746 4456 2932 4496; x_wconf 90' lang='lat' dir='ltr'><strong>rerum</strong></span> <span class='ocrx_word' id='word_1_626' title='bbox 2969 4448 3169 4495; x_wconf 87' lang='lat' dir='ltr'><strong>natura</strong></span> <span class='ocrx_word' id='word_1_627' title='bbox 3193 4437 3419 4493; x_wconf 83' lang='lat' dir='ltr'><strong>fundata</strong></span> <span class='ocrx_word' id='word_1_628' title='bbox 3448 4444 3526 4492; x_wconf 86' lang='lat' dir='ltr'><strong>est</strong></span> <span class='ocrx_word' id='word_1_629' title='bbox 3550 4475 3566 4500; x_wconf 92' lang='lat'><strong>,</strong></span> <span class='ocrx_word' id='word_1_630' title='bbox 3592 4442 3647 4489; x_wconf 84' lang='lat' dir='ltr'><strong>ct</strong></span> 
     </span>
    </p>
   </div>
   <div class='ocr_carea' id='block_1_90' title="bbox 374 4529 1953 4638">
    <p class='ocr_par' dir='ltr' id='par_1_90' title="bbox 374 4530 1953 4607">
     <span class='ocr_line' id='line_1_90' title="bbox 374 4530 1953 4607; baseline 0.001 -21"><span class='ocrx_word' id='word_1_631' title='bbox 374 4547 528 4586; x_wconf 83' lang='grc' dir='ltr'>πασα</span> <span class='ocrx_word' id='word_1_632' title='bbox 552 4530 1141 4603; x_wconf 77' lang='grc' dir='ltr'>κτίσιςτεθεμελίωτο,</span> <span class='ocrx_word' id='word_1_633' title='bbox 1170 4533 1266 4587; x_wconf 79' lang='grc' dir='ltr'>καὶ</span> <span class='ocrx_word' id='word_1_634' title='bbox 1297 4532 1434 4604; x_wconf 89' lang='grc' dir='ltr'><strong>μετά</strong></span> <span class='ocrx_word' id='word_1_635' title='bbox 1462 4533 1637 4587; x_wconf 88' lang='grc' dir='ltr'>ταῦτα</span> <span class='ocrx_word' id='word_1_636' title='bbox 1652 4534 1953 4607; x_wconf 81' lang='grc' dir='ltr'>ὲστερεώθη</span> 
     </span>
    </p>
   </div>
   <div class='ocr_carea' id='block_1_91' title="bbox 2057 4529 3647 4638">
    <p class='ocr_par' dir='ltr' id='par_1_91' title="bbox 2067 4529 3647 4613">
     <span class='ocr_line' id='line_1_91' title="bbox 2067 4529 3647 4613; baseline -0.011 -15"><span class='ocrx_word' id='word_1_637' title='bbox 2067 4548 2258 4613; x_wconf 88' lang='lat' dir='ltr'><strong>postea</strong></span> <span class='ocrx_word' id='word_1_638' title='bbox 2286 4537 2646 4594; x_wconf 83' lang='lat' dir='ltr'><strong>conﬁrmatus</strong></span> <span class='ocrx_word' id='word_1_639' title='bbox 2677 4542 2763 4591; x_wconf 88' lang='lat' dir='ltr'><strong>est</strong></span> <span class='ocrx_word' id='word_1_640' title='bbox 2807 4535 2982 4602; x_wconf 87' lang='lat' dir='ltr'><strong>orbis,</strong></span> <span class='ocrx_word' id='word_1_641' title='bbox 3010 4533 3105 4605; x_wconf 91' lang='lat' dir='ltr'><strong>qui</strong></span> <span class='ocrx_word' id='word_1_642' title='bbox 3137 4548 3247 4589; x_wconf 89' lang='lat' dir='ltr'><strong>non</strong></span> <span class='ocrx_word' id='word_1_643' title='bbox 3279 4529 3647 4587; x_wconf 88' lang='lat' dir='ltr'><strong>commovebi-</strong></span> 
     </span>
    </p>
   </div>
   <div class='ocr_carea' id='block_1_92' title="bbox 258 4622 1962 4697">
    <p class='ocr_par' dir='ltr' id='par_1_92' title="bbox 258 4622 1962 4697">
     <span class='ocr_line' id='line_1_92' title="bbox 258 4622 1962 4697; baseline 0.003 -23"><span class='ocrx_word' id='word_1_644' title='bbox 258 4648 263 4655; x_wconf 92' lang='lat'><strong>-</strong></span> <span class='ocrx_word' id='word_1_645' title='bbox 376 4622 414 4694; x_wconf 78' lang='grc' dir='ltr'>ἡ</span> <span class='ocrx_word' id='word_1_646' title='bbox 442 4623 760 4694; x_wconf 84' lang='grc' dir='ltr'>οἰκουμένη,</span> <span class='ocrx_word' id='word_1_647' title='bbox 812 4622 936 4693; x_wconf 79' lang='grc' dir='ltr'>ἥτις</span> <span class='ocrx_word' id='word_1_648' title='bbox 998 4623 1060 4676; x_wconf 82' lang='grc' dir='ltr'>οὐ</span> <span class='ocrx_word' id='word_1_649' title='bbox 1111 4623 1523 4697; x_wconf 77' lang='grc' dir='ltr'>σαλευθήσεται.</span> <span class='ocrx_word' id='word_1_650' title='bbox 1553 4625 1617 4678; x_wconf 86' lang='grc' dir='ltr'>Εἰ</span> <span class='ocrx_word' id='word_1_651' title='bbox 1642 4624 1700 4679; x_wconf 88' lang='grc' dir='ltr'>δὲ</span> <span class='ocrx_word' id='word_1_652' title='bbox 1732 4626 1828 4680; x_wconf 77' lang='grc' dir='ltr'>καὶ</span> <span class='ocrx_word' id='word_1_653' title='bbox 1857 4625 1962 4697; x_wconf 81' lang='grc' dir='ltr'>τὴν</span> 
     </span>
    </p>
   </div>
   <div class='ocr_carea' id='block_1_93' title="bbox 390 4712 1962 4794">
    <p class='ocr_par' dir='ltr' id='par_1_93' title="bbox 390 4712 1962 4794">
     <span class='ocr_line' id='line_1_93' title="bbox 390 4712 1962 4794; baseline 0.003 -28"><span class='ocrx_word' id='word_1_654' title='bbox 390 4712 715 4785; x_wconf 84' lang='grc' dir='ltr'>Ἐκκλησίαν</span> <span class='ocrx_word' id='word_1_655' title='bbox 740 4713 834 4767; x_wconf 87' lang='grc' dir='ltr'><strong>τοῦ</strong></span> <span class='ocrx_word' id='word_1_656' title='bbox 870 4713 1002 4768; x_wconf 84' lang='grc' dir='ltr'>Θεοῦ</span> <span class='ocrx_word' id='word_1_657' title='bbox 1037 4714 1134 4785; x_wconf 85' lang='grc' dir='ltr'>τὴν</span> <span class='ocrx_word' id='word_1_658' title='bbox 1179 4717 1501 4794; x_wconf 68' lang='grc' dir='ltr'>οἰκουμένην</span> <span class='ocrx_word' id='word_1_659' title='bbox 1548 4716 1752 4782; x_wconf 75' lang='grc' dir='ltr'>ἐθέλοις</span> <span class='ocrx_word' id='word_1_660' title='bbox 1800 4720 1962 4772; x_wconf 69' lang='grc' dir='ltr'>νοεῖν*</span> 
     </span>
    </p>
   </div>
   <div class='ocr_carea' id='block_1_94' title="bbox 376 4803 1964 4880">
    <p class='ocr_par' dir='ltr' id='par_1_94' title="bbox 376 4803 1964 4880">
     <span class='ocr_line' id='line_1_94' title="bbox 376 4803 1964 4880; baseline 0.002 -21"><span class='ocrx_word' id='word_1_661' title='bbox 376 4803 630 4876; x_wconf 80' lang='grc' dir='ltr'>θεμέλιον</span> <span class='ocrx_word' id='word_1_662' title='bbox 659 4805 717 4859; x_wconf 77' lang='grc' dir='ltr'>δὲ</span> <span class='ocrx_word' id='word_1_663' title='bbox 748 4805 920 4876; x_wconf 82' lang='grc' dir='ltr'>αὐτῆς</span> <span class='ocrx_word' id='word_1_664' title='bbox 945 4805 1161 4877; x_wconf 88' lang='grc' dir='ltr'>πρῶτον</span> <span class='ocrx_word' id='word_1_665' title='bbox 1189 4807 1286 4877; x_wconf 87' lang='grc' dir='ltr'>μὲν</span> <span class='ocrx_word' id='word_1_666' title='bbox 1313 4806 1411 4877; x_wconf 85' lang='grc' dir='ltr'>τὴν</span> <span class='ocrx_word' id='word_1_667' title='bbox 1444 4808 1663 4880; x_wconf 74' lang='grc' dir='ltr'>ἀρραγῆ</span> <span class='ocrx_word' id='word_1_668' title='bbox 1714 4809 1811 4862; x_wconf 68' lang='grc' dir='ltr'>καὶ</span> <span class='ocrx_word' id='word_1_669' title='bbox 1840 4826 1964 4862; x_wconf 87' lang='grc' dir='ltr'>στε-</span> 
     </span>
    </p>
   </div>
   <div class='ocr_carea' id='block_1_95' title="bbox 382 4892 1964 4971">
    <p class='ocr_par' dir='ltr' id='par_1_95' title="bbox 382 4892 1964 4971">
     <span class='ocr_line' id='line_1_95' title="bbox 382 4892 1964 4971; baseline 0.004 -22"><span class='ocrx_word' id='word_1_670' title='bbox 382 4897 512 4967; x_wconf 79' lang='grc' dir='ltr'>ρεὰν</span> <span class='ocrx_word' id='word_1_671' title='bbox 535 4897 761 4968; x_wconf 80' lang='grc' dir='ltr'>πέτραν,</span> <span class='ocrx_word' id='word_1_672' title='bbox 797 4899 881 4967; x_wconf 75' lang='grc' dir='ltr'><strong>ἐφ’</strong></span> <span class='ocrx_word' id='word_1_673' title='bbox 983 4897 1323 4969; x_wconf 82' lang='grc' dir='ltr'>ᾠκοδόμηται</span> <span class='ocrx_word' id='word_1_674' title='bbox 1367 4900 1510 4955; x_wconf 85' lang='grc' dir='ltr'>κατὰ</span> <span class='ocrx_word' id='word_1_675' title='bbox 1534 4901 1615 4954; x_wconf 86' lang='grc' dir='ltr'>τό·</span> <span class='ocrx_word' id='word_1_676' title='bbox 1671 4903 1795 4956; x_wconf 84' lang='grc' dir='ltr'>Ἐπί</span> <span class='ocrx_word' id='word_1_677' title='bbox 1847 4902 1964 4971; x_wconf 81' lang='grc' dir='ltr'><strong>τὴν</strong></span> 
     </span>
    </p>
   </div>
   <div class='ocr_carea' id='block_1_96' title="bbox 381 4984 2021 5059">
    <p class='ocr_par' dir='ltr' id='par_1_96' title="bbox 381 4984 2021 5059">
     <span class='ocr_line' id='line_1_96' title="bbox 381 4984 2021 5059; baseline 0.006 -21"><span class='ocrx_word' id='word_1_678' title='bbox 381 4984 608 5054; x_wconf 85' lang='grc' dir='ltr'>πέτραν</span> <span class='ocrx_word' id='word_1_679' title='bbox 652 4984 1025 5055; x_wconf 79' lang='grc' dir='ltr'>οἰκοδομήσω</span> <span class='ocrx_word' id='word_1_680' title='bbox 1080 5002 1202 5056; x_wconf 80' lang='grc' dir='ltr'><strong>μου</strong></span> <span class='ocrx_word' id='word_1_681' title='bbox 1252 4985 1368 5056; x_wconf 82' lang='grc' dir='ltr'>τὴν</span> <span class='ocrx_word' id='word_1_682' title='bbox 1429 4988 1817 5059; x_wconf 78' lang='grc' dir='ltr'>Ἐκκλησίαν,</span> <span class='ocrx_word' id='word_1_683' title='bbox 1860 4993 1962 5048; x_wconf 77' lang='grc' dir='ltr'>καὶ</span> <span class='ocrx_word' id='word_1_684' title='bbox 2012 5007 2021 5019; x_wconf 81' lang='grc'><strong>⁸</strong></span> 
     </span>
    </p>
   </div>
   <div class='ocr_carea' id='block_1_97' title="bbox 380 5075 1964 5154">
    <p class='ocr_par' dir='ltr' id='par_1_97' title="bbox 380 5075 1964 5154">
     <span class='ocr_line' id='line_1_97' title="bbox 380 5075 1964 5154; baseline 0.005 -23"><span class='ocrx_word' id='word_1_685' title='bbox 380 5078 570 5132; x_wconf 85' lang='grc' dir='ltr'>πύλαι</span> <span class='ocrx_word' id='word_1_686' title='bbox 595 5075 744 5145; x_wconf 80' lang='grc' dir='ltr'>ᾅδου</span> <span class='ocrx_word' id='word_1_687' title='bbox 772 5078 844 5131; x_wconf 85' lang='grc' dir='ltr'>οὐ</span> <span class='ocrx_word' id='word_1_688' title='bbox 884 5083 1371 5148; x_wconf 81' lang='grc' dir='ltr'>κατισχύσουσιν</span> <span class='ocrx_word' id='word_1_689' title='bbox 1418 5081 1628 5151; x_wconf 85' lang='grc' dir='ltr'><strong>αὐτῆς.</strong></span> <span class='ocrx_word' id='word_1_690' title='bbox 1690 5083 1751 5139; x_wconf 87' lang='grc' dir='ltr'><em>Ἡ</em></span> <span class='ocrx_word' id='word_1_691' title='bbox 1777 5082 1964 5154; x_wconf 87' lang='grc' dir='ltr'>πέτρα</span> 
     </span>
    </p>
   </div>
   <div class='ocr_carea' id='block_1_98' title="bbox 381 5165 1964 5249">
    <p class='ocr_par' dir='ltr' id='par_1_98' title="bbox 381 5165 1964 5249">
     <span class='ocr_line' id='line_1_98' title="bbox 381 5165 1964 5249; baseline 0.008 -28"><span class='ocrx_word' id='word_1_692' title='bbox 381 5165 452 5221; x_wconf 85' lang='grc' dir='ltr'>δὲ</span> <span class='ocrx_word' id='word_1_693' title='bbox 475 5167 554 5237; x_wconf 81' lang='grc' dir='ltr'><strong>ἦν</strong></span> <span class='ocrx_word' id='word_1_694' title='bbox 582 5172 614 5223; x_wconf 85' lang='grc' dir='ltr'><strong>ό</strong></span> <span class='ocrx_word' id='word_1_695' title='bbox 642 5170 914 5238; x_wconf 73' lang='grc' dir='ltr'><strong>Χριστόςο</strong></span> <span class='ocrx_word' id='word_1_696' title='bbox 969 5169 1002 5240; x_wconf 81' lang='grc' dir='ltr'>ἢ</span> <span class='ocrx_word' id='word_1_697' title='bbox 1042 5170 1181 5225; x_wconf 82' lang='grc' dir='ltr'>κο.τά</span> <span class='ocrx_word' id='word_1_698' title='bbox 1214 5171 1305 5225; x_wconf 81' lang='grc' dir='ltr'>τὸν</span> <span class='ocrx_word' id='word_1_699' title='bbox 1346 5172 1688 5240; x_wconf 83' lang='grc' dir='ltr'>Ἀπόστολον,</span> <span class='ocrx_word' id='word_1_700' title='bbox 1743 5178 1873 5249; x_wconf 80' lang='grc' dir='ltr'>περὶ</span> <span class='ocrx_word' id='word_1_701' title='bbox 1902 5173 1964 5234; x_wconf 81' lang='grc' dir='ltr'><strong>οῦ</strong></span> 
     </span>
    </p>
   </div>
   <div class='ocr_carea' id='block_1_99' title="bbox 381 5259 1964 5336">
    <p class='ocr_par' dir='ltr' id='par_1_99' title="bbox 381 5259 1964 5336">
     <span class='ocr_line' id='line_1_99' title="bbox 381 5259 1964 5336; baseline 0.005 -21"><span class='ocrx_word' id='word_1_702' title='bbox 381 5259 621 5316; x_wconf 82' lang='grc' dir='ltr'>διδάσκει</span> <span class='ocrx_word' id='word_1_703' title='bbox 653 5261 816 5325; x_wconf 80' lang='grc' dir='ltr'>αὐτὸς</span> <span class='ocrx_word' id='word_1_704' title='bbox 843 5260 1036 5330; x_wconf 80' lang='grc' dir='ltr'>λέγων·</span> <span class='ocrx_word' id='word_1_705' title='bbox 1072 5263 1356 5333; x_wconf 82' lang='grc' dir='ltr'>Θεμέλιον</span> <span class='ocrx_word' id='word_1_706' title='bbox 1401 5264 1513 5336; x_wconf 76' lang='grc' dir='ltr'><strong>γὰρ</strong></span> <span class='ocrx_word' id='word_1_707' title='bbox 1541 5266 1737 5322; x_wconf 81' lang='grc' dir='ltr'>ἄλλον</span> <span class='ocrx_word' id='word_1_708' title='bbox 1765 5268 1964 5336; x_wconf 82' lang='grc' dir='ltr'>οὐδεὶς</span> 
     </span>
    </p>
   </div>
   <div class='ocr_carea' id='block_1_100' title="bbox 382 5351 1964 5427">
    <p class='ocr_par' dir='ltr' id='par_1_100' title="bbox 382 5351 1964 5427">
     <span class='ocr_line' id='line_1_100' title="bbox 382 5351 1964 5427; baseline 0.006 -22"><span class='ocrx_word' id='word_1_709' title='bbox 382 5351 631 5407; x_wconf 82' lang='grc' dir='ltr'>δύναται</span> <span class='ocrx_word' id='word_1_710' title='bbox 677 5354 864 5410; x_wconf 85' lang='grc' dir='ltr'>θεῖναι</span> <span class='ocrx_word' id='word_1_711' title='bbox 930 5354 1090 5424; x_wconf 81' lang='grc' dir='ltr'><em>παρὰ</em></span> <span class='ocrx_word' id='word_1_712' title='bbox 1143 5356 1251 5411; x_wconf 88' lang='grc' dir='ltr'>τὸν</span> <span class='ocrx_word' id='word_1_713' title='bbox 1325 5358 1620 5427; x_wconf 81' lang='grc' dir='ltr'>κείμενον,</span> <span class='ocrx_word' id='word_1_714' title='bbox 1680 5360 1747 5426; x_wconf 85' lang='grc' dir='ltr'>ὅς</span> <span class='ocrx_word' id='word_1_715' title='bbox 1794 5362 1964 5416; x_wconf 85' lang='grc' dir='ltr'>ἐστιν</span> 
     </span>
    </p>
   </div>
   <div class='ocr_carea' id='block_1_101' title="bbox 398 5444 1962 5524">
    <p class='ocr_par' dir='ltr' id='par_1_101' title="bbox 398 5444 1962 5524">
     <span class='ocr_line' id='line_1_101' title="bbox 398 5444 1962 5524; baseline 0.004 -24"><span class='ocrx_word' id='word_1_716' title='bbox 398 5446 635 5514; x_wconf 86' lang='grc' dir='ltr'>Ἰησοῦς</span> <span class='ocrx_word' id='word_1_717' title='bbox 699 5447 967 5516; x_wconf 84' lang='grc' dir='ltr'>Χριστός·</span> <span class='ocrx_word' id='word_1_718' title='bbox 1020 5444 1140 5503; x_wconf 75' lang='grc' dir='ltr'>εἶτα</span> <span class='ocrx_word' id='word_1_719' title='bbox 1208 5450 1326 5521; x_wconf 84' lang='grc' dir='ltr'>μετ’</span> <span class='ocrx_word' id='word_1_720' title='bbox 1376 5452 1539 5506; x_wconf 75' lang='grc' dir='ltr'>αὐτὸν</span> <span class='ocrx_word' id='word_1_721' title='bbox 1590 5450 1831 5523; x_wconf 78' lang='grc' dir='ltr'>θεμέλιοι</span> <span class='ocrx_word' id='word_1_722' title='bbox 1863 5452 1962 5524; x_wconf 78' lang='grc' dir='ltr'>τῆς</span> 
     </span>
    </p>
   </div>
   <div class='ocr_carea' id='block_1_102' title="bbox 398 5536 1963 5613">
    <p class='ocr_par' dir='ltr' id='par_1_102' title="bbox 398 5536 1963 5613">
     <span class='ocr_line' id='line_1_102' title="bbox 398 5536 1963 5613; baseline 0.006 -23"><span class='ocrx_word' id='word_1_723' title='bbox 398 5536 723 5608; x_wconf 86' lang='grc' dir='ltr'>Ἐκκλησίας</span> <span class='ocrx_word' id='word_1_724' title='bbox 749 5540 1079 5613; x_wconf 74' lang='grc' dir='ltr'><strong>προφητικοί⁵</strong></span> <span class='ocrx_word' id='word_1_725' title='bbox 1128 5542 1597 5597; x_wconf 66' lang='grc' dir='ltr'><strong>καὶάποσειτολικοί⁸</strong></span> <span class='ocrx_word' id='word_1_726' title='bbox 1647 5543 1795 5613; x_wconf 89' lang='grc' dir='ltr'>λόγοι</span> <span class='ocrx_word' id='word_1_727' title='bbox 1823 5545 1963 5600; x_wconf 88' lang='grc' dir='ltr'><strong>κατά</strong></span> 
     </span>
    </p>
   </div>
   <div class='ocr_carea' id='block_1_103' title="bbox 386 5626 1961 5707">
    <p class='ocr_par' dir='ltr' id='par_1_103' title="bbox 386 5626 1961 5707">
     <span class='ocr_line' id='line_1_103' title="bbox 386 5626 1961 5707; baseline 0.008 -27"><span class='ocrx_word' id='word_1_728' title='bbox 386 5626 478 5683; x_wconf 77' lang='grc' dir='ltr'><strong>τὸν</strong></span> <span class='ocrx_word' id='word_1_729' title='bbox 524 5629 843 5686; x_wconf 82' lang='grc' dir='ltr'>’Δπόστολον</span> <span class='ocrx_word' id='word_1_730' title='bbox 912 5632 1180 5704; x_wconf 82' lang='grc' dir='ltr'>φήσαντα·</span> <span class='ocrx_word' id='word_1_731' title='bbox 1229 5634 1826 5707; x_wconf 79' lang='grc' dir='ltr'>Ἐποικοδομηθέντες</span> <span class='ocrx_word' id='word_1_732' title='bbox 1861 5638 1961 5692; x_wconf 86' lang='grc' dir='ltr'><strong>έπί</strong></span> 
     </span>
    </p>
   </div>
   <div class='ocr_carea' id='block_1_104' title="bbox 2068 4621 3645 4701">
    <p class='ocr_par' dir='ltr' id='par_1_104' title="bbox 2068 4621 3645 4701">
     <span class='ocr_line' id='line_1_104' title="bbox 2068 4621 3645 4701; baseline -0.008 -12"><span class='ocrx_word' id='word_1_733' title='bbox 2068 4644 2179 4689; x_wconf 91' lang='lat' dir='ltr'><strong>tur.</strong></span> <span class='ocrx_word' id='word_1_734' title='bbox 2212 4632 2366 4699; x_wconf 84' lang='lat' dir='ltr'><strong>Quod</strong></span> <span class='ocrx_word' id='word_1_735' title='bbox 2415 4632 2462 4686; x_wconf 89' lang='lat' dir='ltr'><strong>si</strong></span> <span class='ocrx_word' id='word_1_736' title='bbox 2498 4645 2595 4701; x_wconf 90' lang='lat' dir='ltr'><strong>per</strong></span> <span class='ocrx_word' id='word_1_737' title='bbox 2632 4629 2823 4686; x_wconf 88' lang='lat' dir='ltr'><strong>orbem</strong></span> <span class='ocrx_word' id='word_1_738' title='bbox 2876 4638 3171 4693; x_wconf 87' lang='lat' dir='ltr'><strong>terrarum,</strong></span> <span class='ocrx_word' id='word_1_739' title='bbox 3220 4623 3521 4680; x_wconf 87' lang='lat' dir='ltr'><strong>Ecclesiam</strong></span> <span class='ocrx_word' id='word_1_740' title='bbox 3550 4621 3645 4676; x_wconf 87' lang='lat' dir='ltr'><strong>Dei</strong></span> 
     </span>
    </p>
   </div>
   <div class='ocr_carea' id='block_1_105' title="bbox 2067 4717 3645 4795">
    <p class='ocr_par' dir='ltr' id='par_1_105' title="bbox 2067 4717 3645 4795">
     <span class='ocr_line' id='line_1_105' title="bbox 2067 4717 3645 4795; baseline -0.006 -16"><span class='ocrx_word' id='word_1_741' title='bbox 2067 4725 2240 4795; x_wconf 89' lang='lat' dir='ltr'><strong>accipi</strong></span> <span class='ocrx_word' id='word_1_742' title='bbox 2261 4723 2419 4787; x_wconf 86' lang='lat' dir='ltr'><strong>velis,</strong></span> <span class='ocrx_word' id='word_1_743' title='bbox 2457 4737 2521 4777; x_wconf 89' lang='lat' dir='ltr'><strong>ac</strong></span> <span class='ocrx_word' id='word_1_744' title='bbox 2547 4721 2594 4777; x_wconf 92' lang='lat' dir='ltr'><strong>si</strong></span> <span class='ocrx_word' id='word_1_745' title='bbox 2632 4720 3049 4776; x_wconf 80' lang='lat' dir='ltr'><strong>fundamentum</strong></span> <span class='ocrx_word' id='word_1_746' title='bbox 3083 4719 3204 4788; x_wconf 89' lang='lat' dir='ltr'><strong>ejus</strong></span> <span class='ocrx_word' id='word_1_747' title='bbox 3252 4717 3459 4786; x_wconf 81' lang='lat' dir='ltr'><strong>cogites</strong></span> <span class='ocrx_word' id='word_1_748' title='bbox 3499 4730 3645 4777; x_wconf 77' lang='lat' dir='ltr'><strong>esse,</strong></span> 
     </span>
    </p>
   </div>
   <div class='ocr_carea' id='block_1_106' title="bbox 2068 4808 3644 4887">
    <p class='ocr_par' dir='ltr' id='par_1_106' title="bbox 2068 4808 3644 4887">
     <span class='ocr_line' id='line_1_106' title="bbox 2068 4808 3644 4887; baseline -0.007 -16"><span class='ocrx_word' id='word_1_749' title='bbox 2068 4817 2244 4887; x_wconf 90' lang='lat' dir='ltr'><strong>primo</strong></span> <span class='ocrx_word' id='word_1_750' title='bbox 2271 4814 2491 4886; x_wconf 82' lang='lat' dir='ltr'><strong>quidem</strong></span> <span class='ocrx_word' id='word_1_751' title='bbox 2544 4812 2836 4869; x_wconf 85' lang='lat' dir='ltr'><strong>infractam</strong></span> <span class='ocrx_word' id='word_1_752' title='bbox 2871 4813 3021 4867; x_wconf 91' lang='lat' dir='ltr'><strong>illam</strong></span> <span class='ocrx_word' id='word_1_753' title='bbox 3055 4818 3109 4866; x_wconf 91' lang='lat' dir='ltr'><strong>et</strong></span> <span class='ocrx_word' id='word_1_754' title='bbox 3154 4808 3386 4865; x_wconf 89' lang='lat' dir='ltr'><strong>solidam</strong></span> <span class='ocrx_word' id='word_1_755' title='bbox 3413 4815 3644 4878; x_wconf 87' lang='lat' dir='ltr'><strong>petram,</strong></span> 
     </span>
    </p>
   </div>
   <div class='ocr_carea' id='block_1_107' title="bbox 2070 4896 3647 4977">
    <p class='ocr_par' dir='ltr' id='par_1_107' title="bbox 2070 4896 3647 4977">
     <span class='ocr_line' id='line_1_107' title="bbox 2070 4896 3647 4977; baseline -0.006 -16"><span class='ocrx_word' id='word_1_756' title='bbox 2070 4909 2126 4961; x_wconf 89' lang='lat' dir='ltr'><strong>in</strong></span> <span class='ocrx_word' id='word_1_757' title='bbox 2154 4922 2260 4977; x_wconf 89' lang='lat' dir='ltr'><strong>qua</strong></span> <span class='ocrx_word' id='word_1_758' title='bbox 2288 4904 2516 4960; x_wconf 82' lang='lat' dir='ltr'><strong>fundata</strong></span> <span class='ocrx_word' id='word_1_759' title='bbox 2542 4911 2647 4971; x_wconf 85' lang='lat' dir='ltr'><strong>est,</strong></span> <span class='ocrx_word' id='word_1_760' title='bbox 2690 4901 2995 4960; x_wconf 85' lang='lat' dir='ltr'><strong>secundum</strong></span> <span class='ocrx_word' id='word_1_761' title='bbox 3046 4899 3180 4954; x_wconf 86' lang='lat' dir='ltr'><strong>illud</strong></span> <span class='ocrx_word' id='word_1_762' title='bbox 3206 4918 3219 4952; x_wconf 92' lang='lat'>:</span> <span class='ocrx_word' id='word_1_763' title='bbox 3245 4896 3421 4968; x_wconf 90' lang='lat' dir='ltr'><strong>Supra</strong></span> <span class='ocrx_word' id='word_1_764' title='bbox 3443 4907 3647 4968; x_wconf 82' lang='lat' dir='ltr'><strong>petram</strong></span> 
     </span>
    </p>
   </div>
   <div class='ocr_carea' id='block_1_108' title="bbox 2072 4983 3647 5069">
    <p class='ocr_par' dir='ltr' id='par_1_108' title="bbox 2072 4983 3647 5069">
     <span class='ocr_line' id='line_1_108' title="bbox 2072 4983 3647 5069; baseline -0.006 -17"><span class='ocrx_word' id='word_1_765' title='bbox 2072 4998 2353 5069; x_wconf 39' lang='lat' dir='ltr'><strong>aediﬁcabo,</strong></span> <span class='ocrx_word' id='word_1_766' title='bbox 2382 4995 2677 5050; x_wconf 80' lang='lat' dir='ltr'><strong>Ecclesium</strong></span> <span class='ocrx_word' id='word_1_767' title='bbox 2699 5011 2891 5059; x_wconf 88' lang='lat' dir='ltr'><strong>meam,</strong></span> <span class='ocrx_word' id='word_1_768' title='bbox 2919 5002 2969 5047; x_wconf 92' lang='lat' dir='ltr'><strong>et</strong></span> <span class='ocrx_word' id='word_1_769' title='bbox 2989 4998 3157 5061; x_wconf 66' lang='lat' dir='ltr'><strong>porta</strong></span> <span class='ocrx_word' id='word_1_770' title='bbox 3193 4983 3353 5060; x_wconf 79' lang='lat' dir='ltr'><strong>inferi</strong></span> <span class='ocrx_word' id='word_1_771' title='bbox 3374 5006 3479 5043; x_wconf 89' lang='lat' dir='ltr'><strong>non</strong></span> <span class='ocrx_word' id='word_1_772' title='bbox 3506 5005 3647 5059; x_wconf 81' lang='lat' dir='ltr'><strong>pra:-</strong></span> 
     </span>
    </p>
   </div>
   <div class='ocr_carea' id='block_1_109' title="bbox 2072 5078 3649 5146">
    <p class='ocr_par' dir='ltr' id='par_1_109' title="bbox 2072 5078 3649 5146">
     <span class='ocr_line' id='line_1_109' title="bbox 2072 5078 3649 5146; baseline -0.009 0"><span class='ocrx_word' id='word_1_773' title='bbox 2072 5092 2315 5146; x_wconf 79' lang='lat' dir='ltr'><strong>oalebunt</strong></span> <span class='ocrx_word' id='word_1_774' title='bbox 2357 5087 2605 5144; x_wconf 83' lang='lat' dir='ltr'><strong>adversus</strong></span> <span class='ocrx_word' id='word_1_775' title='bbox 2643 5105 2762 5143; x_wconf 82' lang='lat' dir='ltr'><strong>eam</strong></span> <span class='ocrx_word' id='word_1_776' title='bbox 2797 5087 2864 5142; x_wconf 86' lang='grc'><strong>⁶⁹.</strong></span> <span class='ocrx_word' id='word_1_777' title='bbox 2901 5084 3064 5140; x_wconf 85' lang='lat' dir='ltr'><strong>Petra</strong></span> <span class='ocrx_word' id='word_1_778' title='bbox 3127 5092 3304 5137; x_wconf 87' lang='lat' dir='ltr'><strong>autem</strong></span> <span class='ocrx_word' id='word_1_779' title='bbox 3344 5090 3456 5135; x_wconf 89' lang='lat' dir='ltr'><strong>erat</strong></span> <span class='ocrx_word' id='word_1_780' title='bbox 3497 5078 3649 5135; x_wconf 81' lang='lat' dir='ltr'><strong>Citri—</strong></span> 
     </span>
    </p>
   </div>
   <div class='ocr_carea' id='block_1_110' title="bbox 2070 5168 3649 5251">
    <p class='ocr_par' dir='ltr' id='par_1_110' title="bbox 2070 5168 3649 5251">
     <span class='ocr_line' id='line_1_110' title="bbox 2070 5168 3649 5251; baseline -0.011 -13"><span class='ocrx_word' id='word_1_781' title='bbox 2070 5193 2183 5239; x_wconf 89' lang='lat' dir='ltr'><strong>stus</strong></span> <span class='ocrx_word' id='word_1_782' title='bbox 2204 5183 2286 5251; x_wconf 70' lang='lat'><strong>7°;</strong></span> <span class='ocrx_word' id='word_1_783' title='bbox 2315 5190 2410 5236; x_wconf 89' lang='lat' dir='ltr'><strong>aut</strong></span> <span class='ocrx_word' id='word_1_784' title='bbox 2442 5189 2502 5235; x_wconf 89' lang='lat' dir='ltr'><strong>ut</strong></span> <span class='ocrx_word' id='word_1_785' title='bbox 2518 5180 2815 5250; x_wconf 86' lang='lat' dir='ltr'><strong>Apostolus</strong></span> <span class='ocrx_word' id='word_1_786' title='bbox 2869 5177 3080 5232; x_wconf 86' lang='lat' dir='ltr'><strong>indicat</strong></span> <span class='ocrx_word' id='word_1_787' title='bbox 3120 5175 3208 5229; x_wconf 91' lang='lat' dir='ltr'><strong>bis</strong></span> <span class='ocrx_word' id='word_1_788' title='bbox 3240 5172 3426 5228; x_wconf 85' lang='lat' dir='ltr'><strong>verbis</strong></span> <span class='ocrx_word' id='word_1_789' title='bbox 3455 5190 3468 5225; x_wconf 90' lang='lat'><strong>:</strong></span> <span class='ocrx_word' id='word_1_790' title='bbox 3504 5168 3649 5223; x_wconf 76' lang='lat' dir='ltr'><strong>Fun-</strong></span> 
     </span>
    </p>
   </div>
   <div class='ocr_carea' id='block_1_111' title="bbox 2072 5262 3648 5338">
    <p class='ocr_par' dir='ltr' id='par_1_111' title="bbox 2072 5262 3648 5338">
     <span class='ocr_line' id='line_1_111' title="bbox 2072 5262 3648 5338; baseline -0.008 -10"><span class='ocrx_word' id='word_1_791' title='bbox 2072 5274 2379 5328; x_wconf 87' lang='lat' dir='ltr'><strong>damentum</strong></span> <span class='ocrx_word' id='word_1_792' title='bbox 2411 5273 2551 5326; x_wconf 89' lang='lat' dir='ltr'><strong>enim</strong></span> <span class='ocrx_word' id='word_1_793' title='bbox 2574 5271 2722 5324; x_wconf 87' lang='lat' dir='ltr'><strong>aliud</strong></span> <span class='ocrx_word' id='word_1_794' title='bbox 2763 5286 2913 5325; x_wconf 82' lang='lat' dir='ltr'><strong>nemo</strong></span> <span class='ocrx_word' id='word_1_795' title='bbox 2946 5274 3115 5338; x_wconf 86' lang='lat' dir='ltr'><strong>potest</strong></span> <span class='ocrx_word' id='word_1_796' title='bbox 3147 5281 3356 5337; x_wconf 86' lang='lat' dir='ltr'><strong>ponere,</strong></span> <span class='ocrx_word' id='word_1_797' title='bbox 3380 5274 3572 5335; x_wconf 65' lang='lat' dir='ltr'><strong>praeter</strong></span> <span class='ocrx_word' id='word_1_798' title='bbox 3594 5262 3648 5317; x_wconf 87' lang='lat' dir='ltr'><strong>id</strong></span> 
     </span>
    </p>
   </div>
   <div class='ocr_carea' id='block_1_112' title="bbox 2070 5356 3651 5435">
    <p class='ocr_par' dir='ltr' id='par_1_112' title="bbox 2070 5356 3651 5435">
     <span class='ocr_line' id='line_1_112' title="bbox 2070 5356 3651 5435; baseline -0.006 -17"><span class='ocrx_word' id='word_1_799' title='bbox 2070 5363 2209 5435; x_wconf 85' lang='lat' dir='ltr'><strong>quod</strong></span> <span class='ocrx_word' id='word_1_800' title='bbox 2244 5365 2475 5432; x_wconf 86' lang='lat' dir='ltr'><strong>positum</strong></span> <span class='ocrx_word' id='word_1_801' title='bbox 2505 5372 2603 5427; x_wconf 87' lang='lat' dir='ltr'><strong>est,</strong></span> <span class='ocrx_word' id='word_1_802' title='bbox 2620 5360 2757 5434; x_wconf 84' lang='lat' dir='ltr'><strong>quod</strong></span> <span class='ocrx_word' id='word_1_803' title='bbox 2782 5370 2861 5416; x_wconf 87' lang='lat' dir='ltr'><strong>est</strong></span> <span class='ocrx_word' id='word_1_804' title='bbox 2891 5358 3136 5415; x_wconf 81' lang='lat' dir='ltr'><strong>Christus</strong></span> <span class='ocrx_word' id='word_1_805' title='bbox 3154 5357 3312 5411; x_wconf 80' lang='lat' dir='ltr'><strong>Jesus</strong></span> <span class='ocrx_word' id='word_1_806' title='bbox 3329 5356 3373 5387; x_wconf 83' lang='lat'>&#39;“</span> <span class='ocrx_word' id='word_1_807' title='bbox 3398 5371 3416 5408; x_wconf 91' lang='lat'><strong><em>:</em></strong></span> <span class='ocrx_word' id='word_1_808' title='bbox 3440 5368 3505 5409; x_wconf 91' lang='lat' dir='ltr'><strong>ac</strong></span> <span class='ocrx_word' id='word_1_809' title='bbox 3529 5366 3651 5425; x_wconf 87' lang='lat' dir='ltr'><strong>post</strong></span> 
     </span>
    </p>
   </div>
   <div class='ocr_carea' id='block_1_113' title="bbox 2071 5448 3647 5527">
    <p class='ocr_par' dir='ltr' id='par_1_113' title="bbox 2071 5448 3647 5527">
     <span class='ocr_line' id='line_1_113' title="bbox 2071 5448 3647 5527; baseline -0.008 -15"><span class='ocrx_word' id='word_1_810' title='bbox 2071 5459 2253 5527; x_wconf 87' lang='lat' dir='ltr'><strong>ipsum</strong></span> <span class='ocrx_word' id='word_1_811' title='bbox 2282 5455 2621 5512; x_wconf 81' lang='lat' dir='ltr'><strong>Salvatorem</strong></span> <span class='ocrx_word' id='word_1_812' title='bbox 2678 5452 3035 5507; x_wconf 81' lang='lat' dir='ltr'><strong>fundamenta</strong></span> <span class='ocrx_word' id='word_1_813' title='bbox 3066 5448 3326 5507; x_wconf 66' lang='lat' dir='ltr'><strong>Ecclesia:</strong></span> <span class='ocrx_word' id='word_1_814' title='bbox 3369 5448 3647 5502; x_wconf 80' lang='lat' dir='ltr'><strong>existimes</strong></span> 
     </span>
    </p>
   </div>
   <div class='ocr_carea' id='block_1_114' title="bbox 2070 5541 3647 5618">
    <p class='ocr_par' dir='ltr' id='par_1_114' title="bbox 2070 5541 3647 5618">
     <span class='ocr_line' id='line_1_114' title="bbox 2070 5541 3647 5618; baseline -0.007 -14"><span class='ocrx_word' id='word_1_815' title='bbox 2070 5563 2194 5604; x_wconf 87' lang='lat' dir='ltr'><strong>esse</strong></span> <span class='ocrx_word' id='word_1_816' title='bbox 2214 5547 2562 5618; x_wconf 86' lang='lat' dir='ltr'><strong>propheticos</strong></span> <span class='ocrx_word' id='word_1_817' title='bbox 2583 5554 2637 5601; x_wconf 88' lang='lat' dir='ltr'><strong>et</strong></span> <span class='ocrx_word' id='word_1_818' title='bbox 2660 5542 2992 5615; x_wconf 83' lang='lat' dir='ltr'><strong>apostolicos</strong></span> <span class='ocrx_word' id='word_1_819' title='bbox 3014 5557 3319 5608; x_wconf 89' lang='lat' dir='ltr'><strong>sermones,</strong></span> <span class='ocrx_word' id='word_1_820' title='bbox 3345 5541 3647 5597; x_wconf 84' lang='lat' dir='ltr'><strong>secundum</strong></span> 
     </span>
    </p>
   </div>
   <div class='ocr_carea' id='block_1_115' title="bbox 2069 5633 3652 5711">
    <p class='ocr_par' dir='ltr' id='par_1_115' title="bbox 2069 5633 3652 5711">
     <span class='ocr_line' id='line_1_115' title="bbox 2069 5633 3652 5711; baseline -0.005 -18"><span class='ocrx_word' id='word_1_821' title='bbox 2069 5638 2316 5710; x_wconf 81' lang='lat' dir='ltr'><strong>Apostoli</strong></span> <span class='ocrx_word' id='word_1_822' title='bbox 2338 5638 2544 5693; x_wconf 88' lang='lat' dir='ltr'><strong>dictum</strong></span> <span class='ocrx_word' id='word_1_823' title='bbox 2575 5633 3035 5711; x_wconf 63' lang='lat' dir='ltr'><strong>:Supera’diﬁcati</strong></span> <span class='ocrx_word' id='word_1_824' title='bbox 3062 5650 3217 5705; x_wconf 83' lang='lat' dir='ltr'><strong>super</strong></span> <span class='ocrx_word' id='word_1_825' title='bbox 3250 5633 3652 5706; x_wconf 74' lang='lat' dir='ltr'><strong>fundamentum</strong></span> 
     </span>
    </p>
   </div>
   <div class='ocr_carea' id='block_1_116' title="bbox 466 5805 1953 5895">
    <p class='ocr_par' dir='ltr' id='par_1_116' title="bbox 466 5805 1953 5884">
     <span class='ocr_line' id='line_1_116' title="bbox 466 5805 1953 5884; baseline 0.007 -24"><span class='ocrx_word' id='word_1_826' title='bbox 466 5806 511 5838; x_wconf 83' lang='lat'><strong>&quot;</strong></span> <span class='ocrx_word' id='word_1_827' title='bbox 532 5805 702 5865; x_wconf 68' lang='lat' dir='ltr'><strong>Exod.</strong></span> <span class='ocrx_word' id='word_1_828' title='bbox 730 5825 804 5874; x_wconf 77' lang='lat' dir='ltr'><strong>lx,</strong></span> <span class='ocrx_word' id='word_1_829' title='bbox 834 5807 923 5878; x_wconf 74' lang='lat'><strong>25,</strong></span> <span class='ocrx_word' id='word_1_830' title='bbox 955 5810 1048 5869; x_wconf 67' lang='lat'><strong>25.</strong></span> <span class='ocrx_word' id='word_1_831' title='bbox 1124 5812 1166 5844; x_wconf 59' lang='grc' dir='ltr'>θ’</span> <span class='ocrx_word' id='word_1_832' title='bbox 1190 5809 1380 5870; x_wconf 83' lang='lat' dir='ltr'><strong>Matth.</strong></span> <span class='ocrx_word' id='word_1_833' title='bbox 1421 5829 1530 5884; x_wconf 59' lang='grc' dir='ltr'>ενι,</span> <span class='ocrx_word' id='word_1_834' title='bbox 1567 5815 1650 5873; x_wconf 82' lang='grc'><strong>18.</strong></span> <span class='ocrx_word' id='word_1_835' title='bbox 1728 5815 1772 5847; x_wconf 74' lang='grc'><strong>⁷⁸</strong></span> <span class='ocrx_word' id='word_1_836' title='bbox 1800 5813 1819 5871; x_wconf 87' lang='grc' dir='ltr'><strong>Ι</strong></span> <span class='ocrx_word' id='word_1_837' title='bbox 1850 5812 1953 5872; x_wconf 83' lang='lat' dir='ltr'><strong>Cor</strong></span> 
     </span>
    </p>
   </div>
   <div class='ocr_carea' id='block_1_117' title="bbox 2057 5805 2725 5895">
    <p class='ocr_par' dir='ltr' id='par_1_117' title="bbox 2057 5814 2725 5895">
     <span class='ocr_line' id='line_1_117' title="bbox 2057 5814 2725 5895; baseline 0.001 -24"><span class='ocrx_word' id='word_1_838' title='bbox 2057 5853 2074 5885; x_wconf 91' lang='lat'><strong>,</strong></span> <span class='ocrx_word' id='word_1_839' title='bbox 2106 5815 2281 5895; x_wconf 37' lang='lat'><strong>4.3;“</strong></span> <span class='ocrx_word' id='word_1_840' title='bbox 2307 5814 2325 5872; x_wconf 92' lang='grc'><strong>1</strong></span> <span class='ocrx_word' id='word_1_841' title='bbox 2352 5816 2479 5877; x_wconf 83' lang='lat' dir='ltr'><strong>Cor.</strong></span> <span class='ocrx_word' id='word_1_842' title='bbox 2512 5831 2599 5887; x_wconf 80' lang='lat' dir='ltr'><strong>tu,</strong></span> <span class='ocrx_word' id='word_1_843' title='bbox 2640 5816 2725 5874; x_wconf 78' lang='lat' dir='ltr'><strong>ll.</strong></span> 
     </span>
    </p>
   </div>
  </div>
