4100 6400
542 362 650 421 Ιῗὸ

1234 360 1503 418 EUSEBII
1534 361 2015 420 CESARIENSIS
2040 362 2192 420 OPP.
2235 362 2413 419 PARS
2452 362 2539 421 111.
2582 397 2650 406 -
2683 362 3091 422 EXEGETICA.

3688 369 3788 426 176

538 479 899 549 apostolorum
922 488 969 536 et
995 482 1367 551 prophetarum
1386 485 1501 553 ipso
1530 500 1737 538 summo
1767 484 2094 555 angularila-

2207 484 2288 551 τῷ
2316 487 2566 555 θεμελίῳ
2593 485 2710 540 τῶν
2737 489 3097 542 ἀποστόλων
3125 487 3221 541 καὶ
3258 485 3596 556 προφητῶν,
3617 488 3789 557 ὄντος

534 574 654 645 pide
684 573 898 630 Christo
925 573 1056 628 Jesu
1090 577 1168 641 7’;
1228 591 1575 647 nequaquam
1610 591 1641 630 a
1675 578 1921 632 veritatis
1943 591 2111 648 scopo

534 666 896 722 aberraveris.
926 665 1052 720 Haec
1086 667 1249 737 igitur
1288 668 1440 723 orbis
1486 669 1840 723 fundamenta
1873 669 2109 725 revelata

510 766 664 817 ‘sunt
692 778 705 813 :
736 760 977 815 inimicis
1013 760 1126 825 Dei,
1154 762 1390 831 quiolim
1443 763 1646 817 mentis
1689 770 1891 817 nostrae
1920 763 2109 817 oculos

514 837 990 934 4obtenebraba‘nt,
1016 861 1073 907 ut
1115 869 1183 908 ne
1207 854 1392 908 divina
1422 854 1623 908 intueri
1647 863 1894 926 possent,
1925 855 2108 908 etimi-

533 946 681 1001 natis
704 957 759 1001 et
784 945 1004 1016 fugatis,
1041 961 1105 1000 ac
1126 962 1223 1016 per
1249 946 1485 1001 emissas
1511 961 1541 999 a
1557 945 1666 1001 Deo
1695 946 1923 1017 sagittas
1943 944 2110 1001 dissi-

532 1038 698 1107 patis,
731 1036 1043 1109 fugatisque
1071 1041 1138 1095 ab
1164 1040 1542 1110 increpatione
1573 1038 1789 1093 Domini
1831 1049 1885 1095 et
1918 1039 1986 1095 ab
2020 1040 2108 1094 in-

535 1131 836 1200 spiratione
864 1133 1198 1202 spiritusiraz
1222 1133 1363 1202 ejus.
1398 1133 1591 1188 Merito
1635 1132 1802 1203 igitur
1824 1147 1887 1187 ac
1914 1146 2108 1187 conse-

533 1234 783 1294 quenter,
805 1225 962 1281 abiis
990 1225 1162 1296 erepti
1191 1241 1255 1280 ac
1285 1234 1501 1295 recepto
1525 1225 1814 1280 oculorum
1833 1241 1956 1293 usu,
1988 1224 2109 1279 fon-

532 1322 616 1370 tes
649 1330 917 1387 aquarum
962 1316 1220 1377 vidimus,
1278 1315 1631 1371 fundamenta
1654 1315 1804 1372 orbis
1836 1323 2105 1371 terrarum

531 1409 903 1479 suspeximus.
940 1406 1096 1474 Quod
1140 1416 1301 1464 aetate
1347 1416 1533 1464 nostra
1573 1408 1627 1462 in
1668 1409 1919 1479 plurimis
1951 1418 2109 1464 terrae

530 1500 781 1568 partibus
803 1501 1004 1556 evenit.

603 1678 768 1737 Vens.
806 1681 1001 1737 17-19.
1048 1681 1199 1736 Misit
1247 1682 1311 1736 de
1353 1698 1559 1736 summa
1623 1690 1674 1736 et
1738 1681 1937 1750 accepit
2003 1696 2103 1746 me,

529 1773 819 1843 assumpsit
840 1789 921 1827 me
944 1772 1008 1827 de
1056 1775 1208 1844 aquis
1238 1774 1440 1828 multis.
1500 1773 1816 1829 Demersum
1870 1788 2106 1844 namque

528 1865 732 1934 ipsum,
755 1870 810 1918 et
841 1864 998 1933 quasi
1048 1864 1326 1934 captivum
1369 1864 1689 1927 abductum.
1722 1865 2104 1920 universorum
2138 1847 2180 1903 Β

527 1955 671 2011 Deus
694 1962 749 2010 et
786 1954 969 2022 Pater,
1027 1971 1126 2026 per
1181 1954 1379 2011 Filium
1437 1972 1599 2012 suum
1633 1958 1731 2012 abs
1775 1972 1835 2013 se
1875 1958 2103 2012 missum

523 2049 763 2120 excepit.
786 2048 944 2105 Unde
985 2060 1168 2105 autem
1219 2052 1515 2121 exceperit,
1558 2052 1789 2108 subinde
1830 2053 2105 2124 signiﬁcat

525 2141 613 2196 his
628 2141 834 2206 verbis,
869 2146 933 2196 de
949 2144 1099 2211 aquis
1114 2142 1317 2198 multis.
1344 2144 1435 2197 Ait
1462 2144 1628 2214 igitur
1662 2145 1826 2199 etiam
1862 2147 1915 2199 in
1944 2159 2102 2201 sexa-

523 2235 734 2304 gesimo
764 2241 959 2288 octavo
988 2234 1235 2304 psalmo:
1271 2234 1490 2290 Salvum
1530 2252 1611 2289 me
1642 2236 1749 2305 fac,
1790 2237 1955 2301 Deus,
1982 2254 2108 2308 quo-

528 2325 672 2376 niam
695 2324 1030 2378 intraeerunt
1060 2341 1212 2395 aqua:
1236 2326 1483 2397 usquead
1513 2328 1750 2382 animam
1792 2344 1960 2382 meam
1987 2346 2005 2384 :
2028 2329 2105 2383 in-

526 2419 666 2481 ﬁxus
695 2435 811 2473 sum
840 2420 894 2472 in
929 2420 1056 2473 timo
1098 2420 1366 2490 profundi,
1401 2432 1448 2476 et
1474 2439 1575 2477 non
1593 2433 1671 2478 est
1698 2425 2000 2482 substantia
2032 2426 2100 2485 ⁷³.

522 2509 605 2562 Ad
625 2509 738 2564 haec
759 2518 1160 2581 consequenter
1189 2527 1322 2567 sane
1342 2512 1398 2567 in
1429 2515 1683 2583 praesenti
1712 2516 1915 2587 gratias
1936 2531 2102 2587 agens

523 2602 605 2656 sic
631 2602 706 2656 ait
731 2622 744 2657 :
776 2604 1073 2672 Assumpsit
1108 2620 1188 2658 me
1212 2604 1274 2660 de
1294 2607 1444 2676 aquis
1468 2607 1669 2661 multis.
1714 2607 1972 2674 Quanam
2003 2624 2101 2663 au-

520 2701 629 2747 tem
656 2695 766 2749 sint
794 2709 949 2765 aquae
984 2695 1111 2763 illm,
1167 2712 1291 2751 mox
1344 2699 1585 2769 apertius
1644 2699 1852 2755 indicat
1884 2701 1964 2757 sic
2020 2700 2102 2756 lo-

519 2801 694 2855 quens
719 2803 733 2839 :
761 2786 839 2842 De
894 2789 1122 2844 inimicis
1172 2791 1300 2844 meis
1344 2793 1678 2861 fortissimis,
1711 2794 1862 2854 etab
1902 2796 1969 2850 iis
2009 2798 2097 2865 qui

508 2877 740 2934 oderunt
764 2897 862 2940 me.
886 2883 1136 2951 quoniam
1160 2884 1477 2952 conformati
1491 2896 1615 2939 sunt
1636 2870 1789 2957 super
1817 2904 1915 2942 me.
1947 2888 2099 2943 Prw-

2211 576 2641 647 ἀκρογωνιαίου
2702 579 2887 632 αὐτοῦ
2946 578 3150 645 Ἰησοῦ
3212 579 3500 646 Χριστοῦ·
3573 579 3672 632 οὐκ
3724 580 3789 634 ἂν

2214 667 2368 732 ἐκτὸς
2399 668 2579 737 βάλοις
2607 668 2706 738 τῆς
2736 668 3011 740 ἀληθείας.
3034 668 3199 723 Ταῦτ’
3230 664 3323 723 οὖν
3347 670 3414 724 τὰ
3438 670 3660 742 θεμέλια
3692 673 3789 743 τῆς

2210 761 2535 832 οἰκουμένης
2588 760 3058 830 ἀνεκαλύφθησαν·
3110 762 3216 814 τῶν
3264 762 3472 834 ἐχθρῶν
3527 761 3620 814 τοῦ
3656 762 3786 813 Θεοῦ

2208 854 2319 907 τῶν
2359 853 2525 906 πάλαι
2569 853 2993 906 ἐπισκοτούντων
3050 853 3117 906 τὰ
3175 853 3274 924 τῆς
3304 853 3480 924 ψυχῆς
3504 854 3659 923 ἡμῶν
3687 853 3785 922 ὃμ-

2214 964 2358 1018 ματα
2381 946 2519 1017 πρὸς
2563 946 2622 1000 τὺ
2673 946 2746 1017 μὴ
2789 946 2857 1001 τὰ
2885 947 3003 1000 θεῖα
3051 947 3269 1017 βλέπειν
3318 950 3381 1000 ἐκ
3409 947 3583 1001 ποδῶν
3627 964 3785 1018 μετα-

2212 1037 2471 1102 στάντων,
2526 1037 2619 1090 καὶ
2679 1042 2794 1101 τοῖς
2837 1038 3144 1092 ἀποδοθεῖσι
3196 1038 3291 1092 τοῦ
3348 1039 3552 1110 Κυρίου
3611 1039 3786 1109 βέλεσι

2208 1129 2751 1201 διασκορπισθέντων,
2788 1132 3132 1200 πεφευγότων
3180 1149 3239 1185 τε
3285 1132 3390 1185 ἀπὸ
3421 1134 3785 1203 ἐπιτιμήσεως

2209 1223 2434 1297 Κυρίου,
2469 1224 2563 1277 καὶ
2609 1224 2716 1276 ἀπὸ
2772 1224 3121 1294 ἐμπνεύσεως
3153 1225 3461 1295 πνεύματος
3490 1225 3659 1295 ὀργῆς
3688 1226 3784 1276 a0-

2208 1314 2324 1369 τοῦ.
2351 1315 2588 1380 Εἰκότως
2634 1310 2726 1369 οὖν
2756 1316 3208 1387 ἐλευθερωθέντες
3252 1316 3456 1369 τούτων
3487 1318 3646 1387 ἡμεῖς
3697 1318 3786 1369 καὶ

2206 1408 2629 1478 ἀναϐλέψαντες,
2664 1409 2764 1472 τὰς
2792 1410 2971 1479 πηγὰς
3000 1410 3107 1462 τῶν
3166 1410 3371 1463 ὑδάτων
3424 1408 3784 1479 ἐθεασάμεθα,

2207 1501 2302 1553 καὶ
2332 1500 2400 1553 τὰ
2420 1501 2641 1572 θεμέλια
2673 1502 2771 1573 τῆς
2803 1502 3124 1572 οἰκουμένης
3169 1503 3619 1572 ὲπωπτεύταμεν.
3676 1502 3787 1554 Καὶ

2206 1592 2365 1645 τοῦτο
2393 1596 2476 1662 ἐφ’
2510 1593 2667 1665 ἡμῶν
2697 1595 2753 1647 ἐν
2781 1594 2991 1658 πολλοῖς
3023 1595 3310 1665 γεγένηται
3344 1595 3430 1648 κλί
3438 1612 3620 1665 μασιν.

2289 1685 2750 1750 Ἐξαπέστειλεν
2780 1688 2849 1752 ἐξ
2874 1688 3093 1757 ὕψους,
3128 1688 3220 1741 καὶ
3274 1688 3449 1741 ἔλαϐέ
3476 1705 3573 1756 με,
3601 1701 3787 1755 προσ-

2205 1777 2451 1832 ελάϐετο
2474 1796 2551 1849 με
2570 1780 2638 1845 ἐξ
2680 1779 2917 1835 ὑδάτων
2966 1780 3227 1834 πολλῶν.
3264 1778 3650 1833 Καταποθέντα
3676 1778 3785 1848 γάρ

2205 1869 2367 1922 αὐτὸν
2397 1870 2492 1922 καὶ
2535 1869 2810 1939 ληφθέντα
2840 1869 3031 1941 ῶσπερ
3059 1870 3403 1940 αἰχμάλωτον
3427 1872 3456 1923 ὁ
3483 1868 3591 1920 τῶν
3648 1868 3786 1921 ὅλων

2205 1959 2337 2024 Θεὸς
2370 1960 2462 2013 καὶ
2478 1960 2685 2032 Πατὴρ,
2702 1960 3085 2026 ἐξαποστείλας
3111 1960 3202 2013 τὸν
3219 1960 3409 2013 ἐαυτοῦ
3430 1958 3574 2021 Υἱὸν,
3605 1957 3782 2011 ἔλαϐε.

2205 2050 2375 2105 Πόθεν
2404 2051 2460 2105 δέ
2513 2052 2675 2105 αὑτὸν
2730 2052 2937 2116 ἔλαϐεν,
2988 2052 3118 2122 ἑξῆς
3178 2052 3419 2104 διδάσκει
3468 2050 3662 2118 λέγων,
3714 2050 3783 2113 ἐξ

2205 2142 2439 2197 ὑδάτων
2467 2143 2733 2197 πολλῶν.
2765 2146 2903 2216 Φησὶ
2929 2144 3060 2212 γοῦν
3090 2144 3184 2197 καὶ
3220 2146 3275 2196 ἐν
3312 2143 3588 2213 ἑξηκοστῷ
3615 2141 3784 2212 ὀγδόῳ

2203 2236 2421 2307 ψαλμίῖν
2453 2236 2651 2290 Σῶσόν
2678 2253 2773 2305 με,
2814 2239 2846 2289 ό
2873 2236 3036 2302 Θεὸς,
3074 2236 3161 2288 ὅτι
3188 2236 3561 2303 εὶσήλθοσαν
3597 2235 3783 2289 ὕδατα

2204 2328 2313 2396 ἕως
2334 2328 2538 2399 ψυχῆς
2568 2344 2705 2404 μουδ
2748 2327 3047 2397 ὲνεπάγην
3083 2331 3170 2393 εἰς
3217 2328 3377 2395 ὓλην
3418 2327 3634 2393 βυθοῦ,
3685 2330 3779 2382 καὶ

2204 2423 2314 2476 οὐκ
2336 2422 2508 2475 ἔστιν
2537 2422 2888 2486 ὑπόστασις.
2940 2420 3161 2482 Τούτοις
3211 2418 3498 2490 τοιγαροῦν
3558 2418 3781 2473 ἀκολού-

2204 2513 2313 2576 θως
2345 2513 2440 2567 καὶ
2491 2515 2550 2568 ἐν
2605 2516 2718 2577 τοῖς
2768 2512 3144 2584 προκειμένοις
3198 2512 3569 2583 εὐχαριστῶν,
3626 2513 3777 2583 φησί·

2203 2605 2615 2673 Προσελάϐετό
2646 2623 2722 2675 με
2747 2605 2815 2669 ἐξ
2841 2604 3075 2659 ὑδάτων
3121 2604 3389 2659 πολλῶν.
3423 2604 3557 2657 Τίνα
3602 2604 3657 2657 δὲ
3713 2605 3781 2659 τὰ

2202 2693 2389 2758 ὕδατα,
2413 2696 2663 2767 ἐπιφέρει
2687 2696 3017 2765 σαφέστερον
3046 2693 3233 2747 εἰπών’
3279 2693 3373 2758 Ἐξ
3404 2694 3634 2763 ἐχθρῶν
3659 2688 3797 2764 μου’

2199 2785 2473 2841 δυνατῶν
2521 2785 2620 2840 καὶ
2642 2786 2710 2839 ἐκ
2756 2784 2876 2838 τῶν
2889 2785 3233 2855 μισούντων
3248 2800 3345 2853 με,
3372 2783 3461 2836 ὅτι
3502 2784 3778 2852 ἐστερεώ-

2199 2880 2396 2947 θησαν
2430 2877 2584 2946 ὑπὲρ
2611 2877 2733 2947 ἐμέ.
2758 2875 3153 2946 Προέερθιισάν
3175 2893 3252 2945 με
3280 2876 3350 2929 ἐν
3382 2874 3571 2945 mrem;
3592 2876 3775 2929 κακώ-

519 2981 768 3027 eenerunt
790 2988 870 3027 me
897 2971 1358 3044 indieaﬂiictionis
1390 2991 1534 3030 mew.
1567 2976 1692 3032 Haec
1720 2978 1837 3049 ipsa
1862 2977 2094 3049 Spiritus

2196 2971 2352 3039 σεὼς
2383 2989 2521 3041 μου.
2560 2970 2671 3025 Καὶ
2695 2969 2868 3023 ταῦτα
2899 2970 2955 3022 δὲ
2990 2970 3051 3022 τὸ
3084 2967 3305 3039 Πνεῦμα
3336 2968 3397 3020 τὸ
3435 2968 3587 3036 ἅγιον
3613 2967 3775 3035 εὐαγ-

508 3072 746 3121 ‘sanctus
771 3065 1082 3127 annuntiat,
1105 3065 1234 3120 dum
1257 3066 1335 3119 ait
1351 3080 1475 3121 eum
1506 3077 1850 3139 assumptum
1880 3085 2005 3126 esse
2028 3071 2094 3126 de

2198 3063 2468 3132 γελίζεται
2495 3062 2657 3116 αὑτὸν
2688 3061 2979 3115 ἀναλαϐεῖν
3036 3062 3100 3113 ἐκ
3128 3059 3238 3111 τῶν
3290 3058 3497 3111 πολλῶν
3545 3059 3773 3123 ὑδάτων,

520 3154 679 3224 aquis
703 3153 908 3216 multis,
936 3154 1354 3224 libertatemque
1381 3164 1602 3210 nactum
1637 3172 1702 3212 ex
1731 3158 1972 3215 inimicis
1999 3162 2091 3231 qui

2202 3155 2510 3226 ἐλευθερίαν
2537 3155 2594 3207 δὲ
2631 3154 2731 3225 τὴν
2756 3153 2864 3205 ἀπὸ
2901 3152 3007 3204 τῶν
3045 3150 3254 3221 ἐχθρῶν
3279 3150 3389 3201 τῶν
3415 3149 3579 3203 πάλαι
3601 3168 3773 3205 κατα-

519 3248 698 3317 ipsum
733 3245 861 3301 olim
881 3246 1111 3316 imperio
1132 3247 1418 3301 subactum
1445 3264 1547 3303 suo
1583 3249 1950 3306 detinuerant.

588 3334 757 3393 Vnus.
803 3335 895 3396 20,
929 3336 1019 3392 2L
1068 3334 1139 3390 Et
1195 3336 1369 3406 factus
1391 3348 1470 3395 est
1521 3339 1777 3394 Dominus
1833 3351 2095 3411 protector

516 3446 683 3484 meus.
710 3427 779 3482 Et
803 3428 984 3484 eduxit
1020 3446 1101 3484 me
1124 3430 1181 3483 in
1205 3430 1566 3497 latitudinem,
1592 3434 1797 3488 saluum
1832 3452 1914 3490 me
1936 3436 2095 3505 faciet

515 3521 766 3590 quoniam
794 3521 955 3575 voluit
982 3538 1081 3575 me.
1115 3519 1184 3574 Et
1202 3522 1454 3576 retribuet
1475 3522 1602 3575 mihi
1624 3521 1886 3579 Dominus
1911 3542 2095 3580 secun-

512 3614 646 3667 dum
657 3613 933 3683 justitiam
978 3630 1171 3669 meam.
1222 3612 1361 3669 Cum
1414 3614 1842 3683 confessionem,
1891 3618 2091 3688 inquit,

521 3721 712 3775 preces
740 3714 794 3762 et
818 3707 1251 3777 supplicationes
1279 3723 1429 3764 meas
1448 3708 1559 3778 jam
1582 3709 1898 3767 exaudisset
1924 3710 2089 3778 Deus,

517 3796 699 3851 factus
723 3805 808 3851 est
831 3803 1111 3867 protector
1161 3812 1337 3852 meus.
1379 3796 1461 3852 Me
1507 3798 1707 3869 quippe
1749 3801 2091 3857 subversioni

517 3899 573 3947 et
598 3892 771 3945 ruinae
793 3890 997 3962 ingenti
1028 3891 1359 3960 proximum,
1383 3891 1429 3946 si
1451 3892 1671 3962 quidem
1714 3902 1839 3964 post
1889 3910 2088 3965 pecca-

515 3990 633 4038 tum
690 3982 744 4036 in
802 3980 1162 4037 defectionem
1247 3985 1463 4053 penitus
1513 3983 1802 4055 prolapsus
1851 4001 2031 4042 essem
2066 4027 2084 4053 ,

512 4081 701 4129 astans
725 4073 860 4143 ipse,
899 4086 998 4126 ceu
1042 4070 1275 4126 fulcrum
1300 4080 1353 4126 et
1378 4070 1791 4137 adminiculum,
1840 4076 2084 4143 retinuit,

510 4165 731 4237 quando
752 4168 923 4221 misso
946 4164 1013 4218 ad
1033 4180 1119 4219 me
1143 4163 1360 4218 Nathan
1410 4166 1700 4236 propheta,
1749 4168 1816 4223 de
1845 4169 2087 4226 admisso

512 4265 738 4330 peccato
757 4273 845 4313 me
870 4259 1139 4329 coarguit,
1175 4264 1227 4312 et
1260 4259 1453 4311 erexit.
1505 4256 1620 4313 lmo
1649 4260 1813 4313 etiam
1865 4260 2086 4316 deduxit

509 4367 594 4405 me
624 4352 677 4404 in
693 4349 1059 4414 latitudinem;
1090 4351 1224 4413 sive,
1250 4353 1407 4419 juxta
1462 4347 1880 4421 Symmachum,
1906 4355 1962 4407 in
2002 4356 2083 4409 [αα

512 4441 889 4509 tumspatium.
922 4439 1003 4495 Ad
1050 4441 1332 4510 angustias
1386 4438 1593 4510 quippe
1647 4441 1923 4499 redactum
1976 4463 2082 4511 me,

2194 3248 2616 3318 κεκρατηκότων
2642 3244 2807 3299 αὐτοῦ
2837 3242 3109 3313 γενέσθαι.

2270 3340 2377 3395 Καὶ
2426 3339 2659 3410 ἐγένετο
2704 3339 2921 3406 Κύριος
2975 3334 3403 3405 ἀντιστήριγμά
3469 3353 3609 3405 μου.
3662 3334 3771 3388 Kal

2195 3431 2449 3502 ἐξήγαγέ
2467 3449 2544 3501 με
2597 3433 2685 3497 εὶς
2714 3429 3093 3499 πλατυσμὼο,
3114 3427 3372 3497 ῥύσεταί
3389 3443 3488 3497 με,
3548 3424 3776 3491 ὅτιὴθέ-

2196 3527 2350 3594 λησὲ
2366 3543 2460 3596 με.
2507 3524 2617 3579 Καὶ
2669 3520 3080 3578 ἀνταποδώσει
3105 3538 3207 3590 μοι
3240 3521 3452 3588 Κύριος
3484 3518 3630 3571 κατὰ
3660 3517 3774 3586 τὴν

2194 3617 2588 3682 δικαιοσύνην
2599 3632 2739 3684 μου.
2782 3612 2919 3682 Ἤδη
2949 3611 3067 3682 μὲν,
3123 3611 3277 3681 φησὶ,
3323 3611 3422 3679 τῆς
3445 3607 3772 3678 ἐξομολογή-

2196 3708 2331 3772 σεώς
2357 3726 2455 3780 μου
2482 3708 2573 3760 καὶ
2591 3706 2698 3759 τῶν
2728 3702 3041 3773 προσευχῶν
3068 3702 3162 3755 καὶ
3201 3702 3309 3754 τῶν
3354 3700 3641 3771 ἱκετηρίων
3671 3700 3769 3751 ἐπ-

2193 3800 2436 3864 ακούσας
2468 3801 2495 3852 ὁ
2532 3799 2754 3870 Κύριος,
2792 3796 2982 3865 γέγονέ
3018 3812 3108 3866 μοι
3164 3793 3583 3863 ἀντιστήριγμα.
3619 3790 3768 3845 Μέλ-

2190 3893 2347 3948 λοντα
2374 3893 2481 3964 γάρ
2513 3910 2577 3965 με
2611 3890 3052 3963 περιτρέπεσθαι,
3084 3889 3178 3942 καὶ
3207 3888 3348 3958 μέγα
3396 3885 3597 3955 πτῶμα
3644 3883 3768 3937 ὑπο-

2193 3987 2395 4059 μένειν,
2423 3988 2471 4040 εἰ
2505 3986 2641 4057 μετὰ
2669 3984 2765 4054 τὴν
2794 3983 3067 4056 ἁμαρτίαν
3109 3984 3187 4045 εἰς
3216 3980 3452 4049 παντελῆ
3479 3978 3767 4042 ἐξέπιπτον

2189 4078 2542 4143 ἀποστασίαν,
2584 4079 2745 4141 αὐτὸς
2777 4075 3061 4149 παραστὰς
3084 4073 3311 4145 ἔρεισμα
3358 4088 3449 4143 μοι
3498 4070 3592 4133 καὶ
3616 4070 3767 4123 ἀντι-

2191 4172 2467 4243 στήριγμα
2504 4171 2744 4238 γέγονεν,
2799 4166 3058 4238 ὁπηνίκα,
3112 4166 3201 4218 τὸν
3260 4162 3423 4216 αὐτοῦ
3481 4162 3765 4231 προφήτην

2187 4263 2374 4317 Ναθὰν
2403 4264 2642 4334 πέμψας,
2676 4260 2897 4330 ἔλεγχον
2927 4277 3015 4329 μοι
3062 4260 3305 4328 ἐπήγαγε
3334 4258 3434 4325 τῆς
3466 4253 3761 4324 ἁμαρτιας,

2188 4355 2282 4409 καὶ
2321 4354 2664 4426 ἀνώρθωσεν.
2710 4351 2867 4404 Ἀλλὰ
2927 4350 3019 4403 καὶ
3051 4348 3345 4418 ἐξήγαγέν
3382 4363 3457 4415 με
3501 4348 3588 4411 εἰς
3617 4346 3763 4397 πλα-

2187 4447 2438 4516 τυσμὸν,
2465 4446 2560 4499 καὶ
2587 4447 2673 4511 εὶς
2703 4444 3089 4512 εἰιουχωρίιιν,
3127 4438 3266 4493 κατὰ
3310 4439 3402 4491 τὸν
3447 4437 3763 4508 Σύμμαχον.

510 4551 576 4588 ac
597 4548 768 4603 prope
797 4532 866 4587 de
891 4532 1066 4586 salute
1094 4547 1212 4586 mea
1234 4532 1641 4603 desperantem,
1693 4537 1893 4607 eripuit
1932 4553 1995 4593 ac
2025 4540 2080 4594 in

2196 4536 2662 4608 Στενοχωρηθέντα
2690 4536 2798 4605 γάρ
2835 4552 2922 4606 με,
2954 4534 3045 4587 καὶ
3082 4531 3277 4604 μικροῦ
3311 4530 3421 4584 δεῖν
3458 4528 3763 4596 ἀπογνόντα

506 4621 850 4680 latitudinem
873 4620 1082 4688 eduxit,
1144 4630 1204 4675 ut
1251 4621 1307 4675 in
1358 4622 1524 4679 latius
1556 4627 1793 4695 spatium
1822 4630 2078 4695 deducto,

504 4714 806 4783 recipiendi
843 4714 952 4768 mei
997 4728 1061 4767 ac
1111 4715 1337 4770 vulnera
1386 4717 1621 4773 sollicite
1668 4722 1894 4775 curandi
1921 4724 2079 4793 copia

506 4803 693 4857 fuerit.
721 4803 991 4858 Caeterum
1015 4804 1060 4858 is
1085 4819 1169 4859 me
1219 4821 1446 4869 prorsus
1484 4808 1757 4874 liberabit,
1808 4826 1873 4867 ac
1894 4813 2078 4869 delicti

504 4898 718 4952 veniam
732 4897 1012 4963 concedet,
1036 4906 1278 4968 tempore
1308 4902 1574 4958 adventus
1602 4905 1707 4966 sui,
1743 4906 1835 4975 qui
1872 4906 1924 4961 in
1941 4910 2079 4963 vati-

502 4985 649 5041 cinio
668 4986 860 5041 fertur.
886 4988 1065 5058 lisque
1086 5006 1171 5044 me
1206 4991 1484 5047 beneﬁciis
1508 4994 1778 5050 devinciet
1790 4995 2073 5067 Dominus,

498 5079 749 5146 quoniam
803 5079 966 5134 voluit
992 5099 1109 5137 me:
1142 5092 1236 5138 aut
1287 5086 1588 5140 secundum
1622 5087 1898 5159 Aquilam,
1954 5109 2079 5162 quo-

498 5171 645 5224 niam
695 5173 857 5227 voluit
885 5174 1069 5241 inme;
1101 5192 1280 5246 neque
1306 5180 1453 5233 enim
1476 5183 1880 5241 convertendus
1897 5200 2071 5251 eram,

498 5279 678 5333 neque
714 5268 1095 5335 coarguendus
1144 5270 1212 5323 de
1258 5278 1505 5340 peccato,
1563 5288 1739 5343 neque
1771 5273 2071 5330 mittendus

497 5356 567 5410 ad
597 5373 683 5412 me
700 5360 986 5429 propheta,
1015 5362 1119 5417 nisi
1167 5379 1252 5419 me
1292 5364 1501 5419 salvum
1570 5364 1749 5421 facere
1784 5367 2068 5423 voluisset.

497 5446 737 5500 Atenim
791 5448 939 5511 novi,
974 5464 1038 5503 ae
1085 5466 1406 5519 persuasum
1449 5456 1610 5524 plane
1660 5455 1856 5519 habeo,
1891 5458 2068 5527 ipsum

497 5544 744 5606 tempore
765 5539 900 5607 justi
929 5542 1123 5609 judicii
1150 5544 1257 5605 sui,
1287 5547 1492 5613 peccati
1513 5546 1616 5599 mei
1646 5554 1701 5598 ct
1735 5547 2065 5613 facinorum,

498 5643 619 5698 qum
657 5630 711 5684 in
757 5631 844 5685 die
896 5635 1125 5687 miseria:
1169 5652 1302 5689 mea:
1354 5642 1685 5706 perpetravi,
1740 5641 2070 5697 mentionem

566 5811 610 5839 τ’
638 5810 832 5873 (iubes.
862 5828 925 5879 ιι,
963 5813 1050 5869 20.
1129 5815 1174 5847 ⁷³
1205 5812 1350 5870 Psal.
1394 5831 1580 5883 vam,
1611 5816 1667 5886 2,
1703 5817 1762 5875 5.

2188 4627 2381 4681 ἑαυτοῦ
2412 4625 2508 4697 τὴν
2573 4625 2863 4697 σωτηρίαν,
2925 4624 3190 4694 ἐρρύσατο
3215 4622 3307 4676 καὶ
3334 4624 3413 4684 εἰς
3449 4618 3762 4689 πλατυσμδν

2189 4720 2474 4790 ἐξήγαγεν,
2508 4719 2583 4781 ὡς
2632 4718 2773 4772 κατὰ
2801 4717 2999 4780 πλάτος
3032 4715 3314 4785 δυνηθῆναι
3371 4713 3602 4784 ἐμαυτὸν
3630 4713 3757 4765 ἁνα-

2187 4811 2389 4875 λαϐεῖν,
2415 4812 2507 4864 καὶ
2532 4812 2629 4881 τῆς
2660 4810 2893 4881 ἐμαυτοῦ
2928 4809 3223 4880 θεραπείας
3263 4806 3577 4877 ἐπιμέλειαν
3603 4803 3759 4873 ποιή-

2183 4904 2397 4958 σασθαι.
2435 4904 2580 4974 Πλὴν
2604 4902 2737 4957 ἀλλὰ
2760 4904 2854 4956 καὶ
2874 4901 3148 4964 παντελῶς
3196 4898 3415 4971 ῥύσεταί
3445 4917 3531 4971 με,
3571 4898 3757 4970 φησὶν,

2178 4998 2350 5061 διδοὺς
2377 4998 2570 5066 ἄφεσιν
2594 4997 2693 5067 τῆς
2722 4996 2995 5067 ἁμαρτίας
3018 4995 3159 5047 κατὰ
3212 4995 3301 5047 τὸν
3346 4991 3758 5065 πρυφητευόμε-

2182 5109 2271 5145 νον
2304 5092 2492 5162 καιρὸν
2519 5091 2618 5161 τῆς
2650 5088 2814 5142 αὐτοῦ
2850 5088 3166 5160 παρουσίας.
3198 5087 3307 5140 Καὶ
3339 5086 3495 5139 τοῦτο
3540 5087 3756 5154 ποιήσει

2182 5183 2485 5256 εὐεργετῶν
2514 5201 2580 5254 με
2630 5184 2658 5234 ὁ
2713 5181 2936 5252 Κύριος,
2992 5179 3079 5231 ὅτι
3130 5178 3755 5248 ἡθέ,1ησέμε’ἢκατὰ

2178 5277 2271 5329 τὸν
2314 5275 2563 5339 Ἀκύλαν,
2616 5275 2703 5327 ὅτι
2751 5272 3048 5339 ἐϐουλήθη
3100 5274 3170 5325 ἐν
3220 5272 3383 5341 ἐμοί’
3428 5271 3488 5322 οὐ
3519 5270 3627 5339 γὰρ
3688 5268 3754 5321 ἂν

2178 5370 2559 5440 ἐπεστράφην,
2607 5367 2715 5421 οὐδ’
2779 5367 2846 5419 ἂν
2906 5366 2995 5418 τὸν
3053 5364 3271 5433 ἐλεγχόν
3322 5380 3409 5433 μοι
3466 5363 3752 5432 προσήγα-

2177 5477 2304 5528 γεν,
2367 5459 2561 5513 οὐδ’ἆν
2599 5460 2691 5512 τὸν
2735 5459 3019 5529 προφήτην
3070 5454 3263 5508 ἐαυτοῦ
3320 5453 3455 5524 πρὸς
3512 5453 3609 5522 ἐμὲ
3643 5451 3750 5503 ἀπ-

2179 5550 2449 5612 εστάλκει,
2483 5552 2528 5601 εἰ
2563 5548 2636 5619 μὴ
2671 5550 2840 5602 σῶσαί
2900 5567 2967 5620 με
3014 5545 3221 5616 ἢθελεν.
3268 5540 3339 5597 Εὖ
3381 5544 3436 5596 δὲ
3488 5539 3605 5595 οἶδα
3656 5540 3748 5593 καὶ

2181 5640 2423 5711 ἀκριϐῶς
2471 5641 2791 5713 πέπεισμαι,
2831 5644 2910 5696 ὅτι
2969 5640 3110 5696 κατὰ
3153 5639 3236 5692 τὸν
3295 5636 3481 5708 καιρὸν
3520 5636 3619 5708 τῆς
3666 5631 3746 5690 δι·-
