4100 6378
478 354 582 412 179

1116 346 1390 406 EUSEBII
1425 342 1904 404 CESARIENSIS
1942 337 2092 396 OPP.
2137 332 2320 390 PARS
2357 331 2442 387 ΙΙΙ.
2484 359 2549 373 --
2592 325 3005 386 EXEGETICA.

3636 320 3735 378 180

473 470 688 527 Christo
727 466 839 521 meo
862 465 924 519 ⁷⁸.
957 462 1204 529 Lucerna
1256 470 1439 518 autem
1483 459 1708 515 Christo
1745 461 1956 528 parata,
1979 469 2047 507 ex

2174 446 2383 515 Κριστῷ
2428 463 2569 515 μου.
2605 443 2810 513 Λύχνος
2845 441 2901 494 δὲ
2955 437 3373 510 έτοιμαζόμενος
3408 436 3484 507 τῷ
3518 434 3740 529 Χριστῷ

477 562 685 617 semine
719 558 889 613 David
921 565 1068 621 orta,
1099 556 1230 627 quid
1267 554 1413 610 aliud
1454 552 1640 615 fuerit,
1675 563 1839 621 quam
1874 547 2056 618 proles

476 654 591 716 illa,
623 667 746 721 quae
774 649 1080 707 secundum
1104 663 1327 704 carnem
1355 662 1423 702 ex
1453 644 1809 701 successione
1838 638 2057 696 Davidis

476 741 699 811 prodiit;
718 758 824 812 qua
857 756 991 797 usus
1018 739 1272 796 Christus
1301 739 1394 809 qui
1413 738 1468 791 in
1492 751 1617 792 eum
1644 733 1860 789 Davidis
1890 732 2056 788 fetum

476 833 716 895 advenit,
732 830 1143 887 radiosvirtutis
1164 843 1295 892 suae,
1317 827 1691 895 orientemque
1718 824 1863 877 illam
1882 821 2056 877 lucem

479 922 752 977 universis
782 920 1099 975 hominibus
1122 917 1413 988 splendere
1444 914 1612 970 fecit?
1645 913 1896 981 Quarein
1920 927 2061 982 prae-

456 1012 641 1069 ldictis
674 1014 858 1069 verbis
895 1011 1215 1083 prophetico
1244 1008 1413 1064 David
1460 1009 1537 1062 ita
1584 1006 1827 1077 loquitur
1861 1024 1874 1059 :
1909 1004 2059 1071 Quo-

479 1106 625 1159 niam
657 1116 714 1159 ιιι
758 1104 1092 1159 illuminabis
1137 1104 1409 1161 lucernam
1457 1117 1650 1163 meam,
1683 1098 1924 1153 Domine.
1976 1095 2057 1151 Tu

479 1197 625 1251 enim
672 1197 791 1267 ipse
836 1196 1125 1260 Dominus,
1159 1195 1363 1265 inquit,
1407 1195 1503 1264 qui
1545 1208 1673 1248 vera
1726 1193 1820 1246 lux
1866 1207 1948 1255 es,
1979 1205 2062 1244 ar-

481 1303 618 1342 cana
662 1288 897 1358 quadam
926 1288 1141 1342 ratione
1183 1287 1364 1341 unitas
1398 1285 1635 1340 lucerna:
1659 1299 1723 1339 ex
1759 1299 1845 1337 me
1873 1282 2057 1352 prodi-

483 1389 641 1445 tunc,
677 1380 853 1452 ipsam
890 1378 1387 1444 illuminabis;imo
1412 1378 1577 1433 etiam
1607 1376 1883 1437 tenebras,
1904 1376 2061 1445 queis

482 1470 692 1528 oﬁusus
725 1472 853 1526 olim
887 1471 985 1535 fui,
1017 1470 1318 1541 dissipabis
1357 1470 1609 1541 penitus,
1644 1477 1704 1523 ut
1738 1483 1807 1522 ne
1838 1467 2059 1539 quidem

484 1563 748 1619 memoria
778 1578 968 1618 earum
1013 1570 1253 1617 mentem
1296 1562 1491 1617 subeat
1530 1576 1726 1616 meam.
1775 1559 2064 1630 Probeque

483 1654 632 1719 novi,
660 1669 749 1708 me
795 1653 847 1707 vi
880 1663 1041 1724 atque
1088 1653 1285 1708 robore
1317 1659 1413 1707 tuo
1459 1654 1809 1717 instructum,
1840 1666 2061 1706 murum

486 1747 638 1800 illum
681 1746 961 1805 cmlcstem
1007 1755 1480 1815 transgressurum
1511 1759 1635 1800 esse
1669 1762 1683 1800 :
1723 1751 1888 1813 atque
1928 1751 2063 1798 tunc.

486 1838 539 1890 in
569 1844 688 1892 tuto
718 1838 954 1907 positus,
985 1836 1217 1891 salutem
1252 1851 1319 1890 ex
1348 1846 1403 1891 te
1436 1849 1767 1904 consequar.
1796 1831 1925 1889 Sive
1957 1833 2063 1889 hoc

486 1933 643 1995 pacto
672 1945 685 1980 :
721 1924 1118 1998 Transgrediar
1153 1925 1570 1996 transiliamque
1598 1925 1784 1981 omnia
1821 1924 2081 1999 hostium

485 2017 847 2084 munimenta,
877 2027 933 2075 et
975 2035 1134 2091 sepes
1177 2028 1342 2091 atque
1384 2034 1625 2084 murum,
1660 2032 1824 2086 quem
1874 2016 1929 2071 in
1958 2017 2067 2071 cir-

485 2113 637 2167 cuitu
672 2128 819 2178 meo,
852 2123 912 2168 ut
948 2111 1306 2178 intercludar,
1336 2121 1550 2168 struere
1587 2117 1865 2181 satagunt.

554 2200 722 2258 Vens.
747 2204 839 2268 5i,
874 2204 964 2259 32.
999 2204 1141 2259 Deus
1170 2220 1337 2270 meus,
1365 2204 1643 2273 impolluta
1674 2203 1761 2257 via
1789 2205 1903 2272 ejus
1923 2219 1939 2256 :
1959 2202 2073 2258 elo-

487 2296 612 2351 auia
664 2293 878 2350 Domini
911 2297 1029 2368 igne
1058 2296 1390 2362 examinata,
1422 2305 1686 2366 protector
1727 2305 1805 2350 est
1836 2295 2070 2349 omnium

488 2392 814 2459 sperantium
844 2392 901 2447 in
931 2408 1007 2447 se.
1033 2392 1300 2459 Quoniam
1340 2391 1459 2461 quis
1499 2389 1641 2446 Deus
1667 2403 1858 2462 prtvter
1886 2390 2072 2446 Domi-

488 2500 615 2537 num
637 2485 663 2539 ἵ
694 2494 789 2538 aut
810 2484 929 2555 quis
959 2483 1103 2539 Deus
1137 2492 1330 2555 praeter
1358 2483 1527 2538 Deum
1561 2487 1843 2540 nostrum?
1872 2482 2070 2556 lmpol-

490 2577 661 2629 lutam
693 2575 974 2646 praedicat,
1002 2575 1057 2630 id
1110 2582 1195 2633 est
1246 2575 1605 2647 inculpatam,
1632 2576 2068 2632 administratio-

489 2683 615 2723 nem
647 2668 789 2736 ejus,
819 2682 884 2723 ac
929 2669 1285 2739 providentia:
1329 2668 1715 2725 mcuaomiam.
1755 2669 1859 2724 Sed
1903 2669 2069 2725 etiam

486 2760 705 2832 eloquia
731 2761 853 2831 ejus
887 2761 1011 2833 igne
1038 2764 1373 2828 examinata,
1408 2762 1525 2819 sive
1557 2763 1794 2819 sollicite
1843 2762 2070 2833 probata

487 2854 891 2925 exquisitaque,
927 2871 1105 2926 neque
1136 2857 1371 2913 ulterius
1409 2856 1744 2927 exploranda
1793 2863 1958 2921 sunt;
1985 2858 2073 2919 nia

491 2946 569 3000 bil
601 2945 808 3017 quippe
834 2946 1028 3003 aliena:
1056 2949 1301 3003 materia:
1354 2948 1491 3019 ipsis
1538 2948 1834 3006 admistum
1878 2949 2073 3021 depre-

492 3039 735 3095 hendere
762 3046 847 3094 est
889 3058 903 3094 :
940 3039 1124 3110 qualia
1153 3048 1284 3096 sunt
1318 3041 1538 3111 eloquia
1569 3042 1878 3111 sapientum
1904 3043 2072 3113 hujus

2159 541 2223 591 ἐκ
2270 537 2582 609 σπέρματος
2616 533 2777 589 Δαυῒδ
2812 533 2895 596 τίς
2928 532 2992 586 ἂν
3016 532 3223 601 γένοιτο
3250 529 3284 601 ἢ
3319 530 3381 582 τὸ
3406 529 3651 599 γέννημα
3679 527 3742 580 τὸ

2159 626 2300 681 κατά
2334 629 2514 700 σάρκα
2541 627 2833 697 γενόμενον
2865 627 2928 678 ὲκ
2965 622 3215 693 διαδοχῆς
3246 620 3428 685 Δαυῗδ,
3463 613 3508 688 ᾧ
3544 619 3742 691 κέχρη-

2158 738 2246 773 ται
2279 720 2308 772 6
2338 721 2570 791 Χριστὸς
2598 719 2657 772 ἐν
2687 716 2837 787 αὑτῷ
2868 715 3176 786 γενόμενος,
3208 714 3304 767 καὶ
3329 712 3428 777 τάς
3452 712 3553 782 τῆς
3586 712 3745 766 δυνά-

2163 830 2307 883 μεως
2326 811 2488 865 αὑτοῦ
2520 809 2885 883 μαρμαρυγὰς
2910 808 3003 862 καὶ
3030 807 3125 860 τοῦ
3157 805 3332 876 φωτὸς
3361 805 3457 869 τάς
3480 804 3744 869 ἀνατολὰς

2160 908 2324 959 πᾶσιν
2358 904 2657 975 ἐξέλαμψεν
2687 901 3023 973 ἀνθρώποις;
3045 900 3136 952 Διὸ
3167 899 3261 953 καὶ
3290 902 3347 952 ὲν
3377 902 3488 961 τοῖς
3520 913 3745 968 προκει-

2163 999 2345 1069 μένοις
2378 995 2729 1070 προφητικῶς
2758 1012 2921 1066 φησιν
2950 993 3189 1047 ὀΔαυῒδ·
3225 992 3345 1045 ’Ὁτι
3393 990 3474 1044 σὺ
3510 988 3744 1059 φωτιεῖς

2159 1092 2393 1157 λύχνον
2441 1106 2582 1157 μου,
2622 1088 2818 1155 Κύριε.
2873 1088 2945 1139 Σὺ
2998 1086 3107 1158 γάρ
3138 1084 3321 1148 αὑτὸς,
3355 1084 3541 1154 φησὶν,
3573 1084 3603 1136 6
3632 1082 3745 1138 Κύο

2164 1197 2297 1252 ριος,
2329 1180 2392 1233 τὸ
2424 1181 2541 1249 φῶς
2579 1179 2639 1233 τὸ
2687 1178 2937 1250 ἀληθινὸν
2979 1180 3286 1249 τυγχάνων,
3327 1178 3568 1243 ἐνωθείς
3610 1191 3745 1231 ποτε

2160 1274 2485 1344 ἀπορρήτως
2512 1271 2589 1343 τῷ
2618 1271 2678 1336 ἐξ
2717 1270 2852 1342 ἐμοῦ
2884 1271 3234 1342 γενησομένῳ
3290 1270 3487 1342 λύχνῳ,
3525 1272 3747 1340 φωτιεϊς

2162 1365 2352 1419 αὑτόν·
2377 1363 2515 1419 ἀλλὰ
2541 1366 2634 1417 καὶ
2666 1365 2727 1417 τὸ
2749 1364 3102 1434 ἐγγενόμενον
3131 1363 3220 1434 μοί
3250 1380 3380 1416 ποτε
3409 1362 3596 1427 σκότος
3624 1364 3746 1418 τότε

2163 1456 2437 1521 παντελῶς
2471 1455 2760 1525 περιελεῖς,
2789 1457 2865 1520 ὡς
2900 1456 3033 1525 μηδὲ
3082 1456 3302 1527 μνήμην
3342 1455 3507 1509 αὑτοῦ
3541 1456 3749 1511 ἀνιέναι

2148 1548 2254 1601 ἐπὶ
2284 1548 2383 1618 τὴν
2416 1546 2553 1618 ἐμὴν
2585 1547 2844 1600 διάνοιαν.
2868 1542 2940 1599 Εὖ
2971 1546 3029 1599 δὲ
3053 1541 3190 1609 οἶδα,
3222 1547 3326 1610 ὅτι,
3349 1546 3444 1599 καὶ
3474 1546 3573 1617 τῆς
3599 1546 3751 1617 παρά

2166 1640 2259 1693 σοῦ
2306 1640 2587 1710 δυνάμεως
2630 1641 2727 1693 καὶ
2771 1638 2952 1710 ἰσχύος
2997 1638 3375 1703 καταξιωθεὶς,
3415 1640 3751 1711 ἐπιϐήσομαι

2165 1731 2258 1784 τοῦ
2312 1734 2370 1784 ἐν
2414 1732 2662 1798 οὐρανοῖς
2710 1731 2954 1802 τείχους·
2991 1733 3049 1784 ὲν
3096 1729 3331 1802 ἀσφαλεῖ
3351 1749 3411 1785 τε
3438 1732 3750 1803 γενόμενος,

2093 1798 2135 1851 Β
2163 1823 2283 1877 τότε
2316 1823 2417 1894 τῆς
2451 1822 2601 1895 παρὰ
2631 1825 2713 1877 σοὶ
2745 1798 3004 1894 τέῦξομαι
3035 1798 3326 1897 σωτηρίας·
3363 1798 3460 1878 Ἢέ
3482 1798 3755 1899 ’Υτέερδήέ

2166 1932 2329 1987 σομαι
2370 1918 2464 1970 καὶ
2491 1917 2860 1989 ὑπερπηδήσω
2900 1917 3078 1972 πάντα
3125 1919 3191 1972 τά
3218 1900 3331 1971 τῶν
3378 1918 3587 1990 ἐχθρῶν
3635 1921 3756 1991 ὀχυ-

2170 2008 2398 2081 ρώματα
2430 2011 2523 2064 καὶ
2553 2012 2680 2074 τοὺς
2742 2013 3032 2081 φραγμοὺς
3080 2012 3175 2065 καὶ
3203 2012 3266 2065 τὸ
3306 2016 3505 2082 τεῖχος,
3533 2012 3564 2067 6
3598 2031 3755 2087 περι-

2167 2100 2383 2156 δάλλειν
2437 2119 2527 2173 μοι
2569 2104 2650 2166 είς
2681 2102 2742 2155 τὺ
2773 2102 3093 2157 ἀποκλεῖσαι
3129 2103 3470 2157 σπεύδονται.

2254 2198 2316 2248 '0
2351 2196 2496 2262 Θεός
2525 2213 2668 2265 μου,
2687 2194 2925 2266 ἄμωμος
2963 2199 3001 2265 ἡ
3048 2196 3189 2264 ὁδὸς
3221 2197 3436 2252 αὐτοῦ’
3471 2198 3544 2252 τὰ
3579 2201 3758 2269 λέγω

2170 2288 2391 2356 Κυρίου
2423 2288 2839 2358 ﬂammantem,
2870 2289 3333 2357 ὺπεριισπιστής
3352 2291 3485 2344 ἐστι
3514 2292 3760 2347 πάντων

2170 2360 2290 2433 τῶν
2336 2378 2697 2440 ἐλπιζόντων
2742 2379 2835 2431 ἐπ’
2868 2380 3077 2433 αὐτόν.
3112 2380 3241 2433 Ὅτι
3284 2382 3379 2446 τίς
3411 2382 3557 2449 Θεὸς
3588 2383 3760 2450 πλὴν

2171 2470 2278 2523 τοῦ
2329 2470 2589 2538 Kvpt'ov;
2627 2470 2666 2538 ἢ
2699 2471 2791 2535 τίς
2835 2471 2980 2536 Θεὸς
3015 2471 3183 2539 πλὴν
3230 2472 3336 2526 τοῦ
3364 2474 3512 2528 Θεοῦ
3548 2472 3758 2543 ἡμῶν-ς

2177 2563 2441 2634 Ἀμωμον
2483 2556 2621 2615 εἶναι
2667 2561 3049 2629 ἀποφαίνεται,
3080 2563 3362 2616 τουτέστιν
3388 2564 3758 2634 ἀνεπίληπτον

2172 2653 2270 2726 τὴν
2306 2652 2569 2723 διοίκησιν
2627 2652 2816 2716 αὑτοῦ,
2864 2653 2959 2705 καὶ
2990 2653 3089 2724 τὴν
3120 2652 3221 2722 τῆς
3268 2652 3521 2725 προνοίας
3553 2655 3760 2707 οἰκονο-

2176 2746 2321 2818 μίαν.
2369 2744 2526 2799 Ἀλλά
2582 2746 2676 2798 καὶ
2726 2744 2795 2798 τὰ
2837 2744 2990 2814 λόγια
3023 2744 3186 2798 αὑτοῦ
3218 2743 3610 2816 πεπυρωμένα,
3641 2760 3762 2797 τοι)⁴

2170 2840 2318 2892 τέστι
2353 2837 2789 2909 βεδασανισμένα
2814 2838 2909 2890 καλ⁵
2934 2836 3402 2909 δεδοκιμασμέναο
3420 2837 3519 2890 οὑκ
3547 2835 3663 2906 ἐστι
3694 2852 3758 2889 τε

2173 2931 2353 2994 αὐτοῖς
2402 2929 2731 2999 ἐπισκέψαιο
2794 2929 2915 2983 οὑδὲ
2967 2928 3251 3001 ἀλλοτρίας
3299 2928 3432 2997 ὓλης
3479 2927 3762 2999 παρεμϐε-

2176 3021 2441 3093 ϐλημένον
2491 3040 2544 3075 τι
2597 3024 2655 3076 ὲν
2709 3022 2894 3086 αὑτοῖς
2928 3022 3130 3091 εὑρεῖν,
3169 3024 3328 3073 ὁποῖα
3370 3020 3440 3073 τὰ
3468 3021 3620 3093 παρά
3645 3021 3762 3085 τοῖς

495 3132 703 3194 szeculi,
741 3145 862 3201 qua:
892 3131 1132 3200 aliquam
1184 3132 1461 3188 interdum
1510 3134 1808 3205 praeferunt
1840 3112 2075 3206 dignita-

2180 3116 2363 3183 οοφοῖς
2410 3113 2505 3167 τοῦ
2562 3113 2757 3177 αἰῶνος
2790 3112 2981 3167 τούτου
3006 3112 3290 3180 τυγχάνει·
3340 3112 3630 3183 μετέχοντα
3662 3114 3763 3183 μέν

496 3225 570 3278 tis
594 3222 858 3294 speciem,
892 3222 987 3279 sed
1016 3225 1164 3278 omni
1198 3224 1481 3295 religionis
1505 3225 1769 3297 despectu
1797 3233 1853 3282 et
1894 3227 2083 3296 impie-

496 3326 609 3371 tate
642 3316 801 3387 plena
832 3326 979 3372 sunt.
1012 3316 1155 3384 Quid
1184 3326 1368 3372 autem
1396 3318 1595 3375 docent
1615 3320 1834 3390 eloquia
1856 3320 1946 3374 illa
1981 3319 2082 3374 Do—

496 3407 630 3462 mini
656 3408 781 3479 igne
801 3408 1146 3462 examinata?
1180 3408 1237 3464 ιιι
1260 3424 1413 3473 sane,
1447 3409 1629 3480 ipsum
1655 3425 1780 3466 esse
1808 3418 2081 3480 protecto-

497 3514 613 3554 rem
662 3500 911 3555 omnium
963 3501 1304 3571 sperantium
1359 3500 1415 3556 in
1471 3517 1645 3567 se,ac
1700 3503 1911 3558 nullum
1957 3519 2083 3559 esse

498 3589 669 3645 Deum
719 3599 917 3661 praeter
966 3590 1258 3647 Dominum
1304 3601 1577 3660 nostrum,
1611 3595 1823 3650 nullum
1885 3598 2078 3652 fortem

501 3681 608 3737 nisi
647 3680 818 3738 Deum
874 3690 1125 3739 nostrum
1158 3693 1362 3755 :atque
1396 3685 1518 3741 ideo
1544 3687 1670 3757 jure
1699 3687 1915 3743 dicatur
1946 3704 2078 3758 pro-

502 3779 676 3827 tector
706 3787 831 3828 esse
859 3774 1104 3829 omnium
1128 3776 1469 3840 spcrantium
1506 3778 1560 3832 in
1595 3793 1677 3843 se,
1723 3795 1848 3833 cum
1892 3779 2080 3835 nullus

502 3863 729 3932 reperiri
757 3864 930 3941 possit
957 3867 1049 3935 qui
1080 3866 1174 3921 tali
1194 3875 1457 3940 tantoque
1479 3873 1775 3941 protectori
1807 3871 2079 3928 obsistere

500 3954 699 4009 valeat.

571 4044 737 4102 Vens.
767 4049 857 4113 55,
893 4051 981 4106 54.
1018 4050 1158 4106 Deus
1191 4055 1281 4123 qui
1320 4056 1594 4125 pt'wcingit
1633 4072 1711 4110 me
1764 4058 1975 4116 virtute,
2025 4062 2077 4110 et

499 4139 671 4207 posuit
702 4140 1100 4197 immaculatum
1136 4146 1275 4199 viam
1304 4162 1498 4202 meam.
1530 4147 1636 4213 Qui
1664 4148 1878 4217 perfecit
1924 4148 2076 4216 pedes

500 4247 641 4286 meos
674 4242 925 4304 tanquam
961 4251 1256 4300 cervorum,
1287 4246 1338 4292 et
1374 4254 1531 4308 super
1555 4240 1763 4294 excelsa
1811 4258 1929 4295 mea
1957 4252 2074 4296 sta-

501 4331 652 4374 tuens
681 4338 782 4377 me.
822 4321 942 4377 Non
982 4324 1131 4381 iners
1171 4333 1226 4381 et
1267 4328 1503 4391 otiosus,
1536 4328 1734 4398 inquit,
1771 4330 2079 4400 patrocina-

503 4420 784 4483 tur-atque
831 4415 1101 4486 protegit;
1135 4416 1231 4472 sed
1289 4417 1343 4471 id
1399 4422 1646 4475 muneris
1676 4422 1806 4492 agit,
1841 4423 1971 4478 dum
1997 4424 2074 4479 illi

502 4520 699 4561 manus
724 4515 1025 4562 conserunt
1056 4524 1157 4578 pro
1185 4510 1360 4565 salute
1383 4526 1503 4574 sua,
1523 4522 1583 4566 ut
1617 4513 1752 4568 inito
1779 4519 2077 4573 certamine

507 4597 761 4655 inimicos
794 4598 1088 4654 debellent.
1126 4598 1218 4655 Sic
1248 4617 1332 4655 me
1366 4602 1664 4666 virtutibus
1699 4606 1817 4661 suis
1851 4621 1950 4662 ceu
1994 4623 2082 4661 ar-

508 4689 614 4744 mis
656 4690 899 4757 instruit,
941 4705 1007 4745 ac
1048 4694 1334 4748 mortalem
1375 4693 1782 4765 humanamque
1813 4696 2084 4753 fortitudi-

418 4819 429 4831 .
507 4795 631 4835 nem
673 4797 844 4837 meam
873 4785 1048 4854 gratia
1079 4798 1178 4840 sua
1208 4784 1527 4851 conﬁrmat;
1560 4792 1619 4841 ut
1641 4788 1799 4858 quasi
1820 4790 1923 4853 vir,
1952 4789 2085 4844 lum-

506 4872 608 4927 bos
657 4872 862 4929 habens
890 4874 1090 4930 virtute
1138 4890 1238 4931 sua
1288 4876 1622 4941 succinctos,
1654 4879 1891 4935 inimicis
1937 4881 2087 4935 obsi-

507 4975 669 5018 stam.
696 4961 803 5018 Sed
831 4966 1299 5034 quemadmodum
1340 4982 1509 5038 supra
1556 4968 1762 5022 dictum
1797 4979 1906 5033 est,
1943 4969 2085 5025 Deus

503 5056 785 5126 impolluta
814 5056 899 5110 via
927 5056 1040 5126 ejus
1058 5058 1180 5121 ;.ita
1213 5074 1297 5114 me
1320 5059 1386 5113 ad
1408 5062 1491 5115 sui
1528 5061 1820 5131 imaginem
1844 5077 1909 5117 ac
1935 5063 2087 5118 sitni-

505 5149 788 5206 litudinem
832 5165 957 5207 esse
1011 5161 1327 5223 peroptans,
1363 5171 1538 5210 meam
1569 5171 1790 5225 quoque
1818 5155 1963 5209 viam
1997 5171 2088 5225 pon

504 5242 615 5296 suit
643 5244 1074 5309 immaculatam,
1102 5254 1156 5301 et
1185 5245 1457 5311 doctrina,
1487 5248 1712 5303 monitis
1745 5264 1810 5303 ac
1838 5248 2086 5317 cujusvis

504 5337 723 5403 generis
751 5336 1085 5406 disciplinis,
1116 5340 1257 5394 viam
1302 5340 1417 5395 sive
1444 5340 1613 5394 vitam
1663 5340 2088 5411 institutumque

505 5440 685 5480 luteum
713 5429 1006 5498 perpolivit
1054 5446 1119 5485 ac
1154 5432 1403 5502 perfecit.
1450 5430 1597 5486 Loco
1631 5431 1802 5498 illius,
1833 5433 2087 5487 inmacu-

507 5514 692 5575 latam,
723 5516 941 5586 Aquila,
998 5522 1315 5591 perfectam,
1353 5522 1544 5576 edidit.
1604 5521 1842 5577 Ad.ha‘.c
1894 5537 2080 5593 porro,

506 5604 720 5671 perfecit
762 5607 913 5676 pedes
959 5627 1098 5665 meos
1144 5621 1396 5682 tanquam
1435 5628 1703 5667 cervorum
1741 5613 1854 5668 :de
1885 5615 2082 5684 quibus

574 5724 621 5755 ⁷³
640 5724 782 5780 Psal.
814 5740 999 5795 cxxxt,
1038 5730 1117 5784 Π.

2182 3221 2325 3268 τινος
2350 3205 2462 3259 ἐσθ’
2484 3206 2571 3258 ὅτε
2596 3204 2917 3274 φαντασίας,
2950 3203 3197 3275 πάσηςδὲ
3218 3203 3508 3273 ἀθεότητος
3528 3203 3621 3256 καὶ
3640 3203 3766 3256 δυσα-

2186 3297 2399 3360 σε6είας
2429 3297 2851 3369 πεπληρωμένα.
2886 3295 2952 3349 Τί
2972 3292 3064 3349 οὖν
3090 3297 3159 3349 τά
3205 3295 3576 3367 πεπυρωμένα
3609 3294 3767 3363 λόγια

2183 3390 2277 3444 τοῦ
2307 3391 2513 3462 Κυρίου
2539 3389 2809 3455 διδάσκει;
2843 3389 2918 3453 ὡς
2946 3390 3361 3461 ὑπερασπιστὴς
3399 3390 3514 3441 ἐστι
3548 3387 3768 3441 πάντων

2185 3482 2292 3537 τῶν
2325 3481 2650 3547 ἐλπιζόντων
2683 3484 2771 3536 ἐπ’
2802 3481 2993 3535 αὐτόν·
3033 3481 3129 3535 καὶ
3168 3482 3250 3535 ὅτι
3293 3483 3394 3534 οὑκ
3432 3480 3576 3533 ἔστιν
3608 3480 3768 3545 ἀλλος

2184 3574 2317 3638 Θεὸς
2365 3574 2398 3646 ἢ
2453 3574 2612 3645 μόνος
2643 3576 2671 3627 6
2704 3574 2978 3646 ἡμέτερος
3036 3573 3260 3645 Κύριος,
3296 3573 3403 3627 οὐδ’
3434 3574 3579 3627 ἐστιν
3636 3590 3770 3645 κρα-

2183 3665 2333 3729 ταιὸς
2382 3664 2540 3729 ἄλλος
2569 3663 2602 3735 ἢ
2635 3664 2663 3716 6
2696 3663 2827 3727 Θεὸς
2863 3663 3019 3734 ἡμῶν
3038 3681 3052 3694 ·
3101 3665 3193 3717 καὶ
3225 3664 3313 3717 διὰ
3342 3664 3502 3718 τοῦτο
3538 3666 3771 3730 εἰκότως

2184 3757 2596 3827 ὑπερασπιστὴς
2615 3759 2729 3810 ἐστι
2760 3756 2975 3809 πάντων
3004 3756 3110 3809 τῶν
3131 3756 3455 3821 ἐλπιζόντων
3475 3757 3562 3810 ἐπ’
3579 3759 3770 3821 αὑτὸν,

2186 3848 2409 3920 μηδενὸς
2461 3850 2648 3921 ἐτέρου
2703 3848 3092 3921 εὑρισκομένου
3122 3846 3214 3901 τοῦ
3240 3848 3540 3919 δυναμένου
3575 3849 3773 3921 στῆναι

2182 3940 2317 4013 πρὸς
2347 3941 2598 3995 τοσοῦτον
2623 3943 2719 3995 καὶ
2751 3941 3012 3996 τοιοῦτον.

2275 4053 2328 4105 '0
2375 4052 2518 4119 Θεὸς
2552 4066 2585 4107 ο
2631 4049 3038 4121 περιᾷοννύων
3056 4067 3133 4120 με
3173 4049 3451 4117 δύναμιν,
3479 4048 3575 4101 καὶ
3599 4049 3771 4103 ἔθετο

2179 4145 2421 4215 ἄμωμον
2483 4144 2599 4213 τὴν
2672 4144 2817 4198 ὀδόν
2869 4159 3024 4213 μου⁸
3080 4141 3565 4209 καταρτιᾷτμενος
3628 4141 3774 4209 τοὺς

2180 4238 2370 4303 πόδας
2409 4254 2528 4306 μου
2569 4235 2711 4289 ὡσεὶ
2756 4234 3018 4303 ἐλάφων,
3049 4232 3148 4285 καὶ
3199 4232 3296 4285 ἐπὶ
3342 4233 3415 4285 τὰ
3473 4232 3601 4299 ὕψη
3645 4249 3773 4302 μου

2180 4328 2367 4383 ἱστῶν
2394 4345 2491 4398 με.
2549 4328 2663 4380 Οὑκ
2709 4325 3024 4396 ἀπρακτῶν,
3066 4326 3220 4393 φησὶ,
3272 4325 3366 4379 καὶ
3398 4324 3582 4396 ἀργῶν
3633 4340 3772 4396 προ-

2182 4427 2405 4477 ΐσταται
2464 4421 2559 4474 καὶ
2619 4417 3015 4490 ὑπερασπίξειο
3081 4416 3213 4470 ἀλλὰ
3274 4417 3365 4472 καὶ
3414 4416 3591 4470 αὑτῶν
3631 4433 3776 4488 συμ-

2187 4512 2532 4583 ϐαλλομένων
2598 4513 2661 4581 τῇ
2716 4509 2893 4562 αὑτῶν
2954 4508 3195 4580 σωτηρίᾳ.
3258 4507 3347 4561 διὰ
3410 4507 3502 4561 τοῦ
3574 4508 3777 4576 ἀγωνί-

2190 4604 2378 4671 ζεσθαι
2413 4605 2505 4657 καὶ
2552 4604 2678 4665 τοὺς
2708 4602 2934 4672 ἐχθροὺς
2977 4600 3397 4670 καταπολεμεῖν.
3442 4598 3597 4653 Οὒτω
3640 4599 3776 4669 γοῦν

2190 4695 2414 4766 καὶ-ἐμὲ
2458 4692 2691 4757 ὁπλίζων
2727 4697 2847 4755 ταῖς
2887 4690 3081 4745 ἑαυτοῦ
3113 4691 3395 4761 δυνάμεσι,
3434 4691 3533 4761 τὴν
3570 4691 3778 4763 θνητὴν

2192 4787 2285 4841 καὶ
2317 4783 2662 4856 ἀνθρωπίνην
2690 4800 2790 4854 μου
2820 4784 2971 4853 ἰσχὺν
3003 4784 3069 4852 τῇ
3102 4781 3265 4835 αὑτοῦ
3297 4780 3478 4852 χάριτι
3507 4781 3775 4852 δυναμοῖσ

2187 4879 2254 4931 ἶν’
2305 4876 2494 4948 ὥσπερ
2550 4874 2691 4943 ἀνὴρ
2743 4873 2841 4945 τὴν
2885 4874 3057 4943 ὀσφὺν
3103 4872 3543 4945 περιεζωσμένος
3583 4870 3680 4943 τὴν
3712 4871 3778 4938 ἐξ

2187 4968 2353 5023 αὑτοῦ
2377 4984 2611 5039 χορηγου
2621 4966 2786 5037 μένην
2812 4981 2900 5036 μοι
2921 4965 3150 5034 δύναμιν
3179 4964 3289 5016 στῶ
3306 4962 3440 5033 πρὸς
3462 4963 3587 5026 τοὺς
3613 4962 3778 5016 πολε-

2193 5064 2368 5133 μίους.
2415 5060 2577 5114 Ἀλλά
2614 5060 2707 5113 καὶ
2734 5058 2923 5128 ὥσπερ
2947 5058 3161 5128 εἴρηται
3181 5070 3198 5087 ·
3242 5056 3303 5109 '0
3336 5056 3499 5123 Θεὸς,
3533 5053 3779 5125 ἄμωμος

2190 5158 2229 5223 ἡ
2264 5154 2404 5221 ὁδὸς
2447 5153 2654 5207 αὐτοῦ’
2684 5151 2858 5215 οὑτως
2886 5150 3006 5204 κατ’
3033 5149 3214 5202 εἰκόνα
3240 5149 3334 5201 καὶ
3362 5147 3484 5201 καθ’
3512 5147 3778 5217 ὁμοίωσιν

2191 5247 2355 5302 αὑτοῦ
2405 5249 2499 5301 καὶ
2536 5246 2637 5318 ἐμὲ
2680 5244 2999 5315 βουλόμενος
3035 5238 3192 5306 εἶναι,
3214 5241 3307 5295 καὶ
3345 5241 3445 5311 τὴν
3486 5239 3624 5310 ἐμὴν
3654 5236 3777 5292 ὁδὸν

2190 5342 2342 5395 ἔθετο
2392 5340 2641 5411 ἄμωμον,
2671 5335 3040 5398 διδασκαλίαις
3099 5335 3192 5388 καὶ
3242 5332 3628 5405 παραινέσεσιν
3677 5330 3778 5383 καὶ⁵

2194 5430 2464 5494 παντοίοις
2500 5428 2784 5500 μαθήμασι
2807 5426 2903 5497 τὴν
2932 5426 3047 5478 ὀδόν
3082 5443 3203 5495 μου,
3229 5423 3470 5477 τουτέστι
3503 5421 3599 5493 τὴν
3625 5422 3776 5493 ζωὴν

2194 5526 2285 5577 καὶ
2318 5523 2407 5576 τὸν
2442 5521 2553 5592 βίον
2590 5522 2817 5591 ἄμωμον
2854 5516 3328 5589 καταρτιζόμενος.
3366 5514 3508 5566 Ἀντὶ
3549 5513 3605 5566 δὲ
3651 5512 3776 5579 τοῦ,

2192 5618 2453 5687 ἄμωμον,
2499 5613 2747 5676 Ἀκύλας,
2794 5612 3023 5666 τέλειον
3076 5611 3175 5681 (1),
3229 5607 3539 5662 ἐκδέδωκεν.
3571 5603 3777 5659 Ἑτιδδ

579 5840 656 5913 (Ι)
686 5843 743 5900 In
779 5843 1046 5902 llcbraivo
1083 5846 1302 5912 legitur,
1345 5854 1506 5906 D‘Dl'l
1545 5885 1559 5913 ,
1592 5844 1735 5917 quod
1769 5851 1851 5901 cst
1881 5856 2185 5914 pcifectam.
