4100 6398
408 373 507 433 {8|

1536 370 2041 430 COMMENTARIA
2081 372 2149 428 IN
2190 372 2531 430 PSALMOS.

3555 374 3658 432 183

407 492 546 565 πρὸς
588 491 814 558 τούτοις,
858 490 956 545 καὶ
1004 490 1147 557 τοὺς
1185 489 1374 557 πόδας
1398 506 1518 560 μου
1558 490 1705 544 ὡσεὶ
1744 490 1985 560 ἐλάφων

2091 491 2262 548 cervis
2292 493 2464 547 multa
2508 493 2565 547 in
2607 491 2810 548 divinis
2851 493 3233 549 instrumentis
3290 493 3559 552 feruntur.
3604 494 3660 553 St

409 586 834 654 xampclaaw'
878 585 1005 653 napi.
1035 577 1109 638 ὧν
1153 583 1366 652 ἐλάφων
1393 582 1558 647 πολὺς
1588 585 1646 636 ὲν
1672 584 1785 646 τοῖς
1816 582 1981 654 ἱεροῖς

409 677 694 748 πράγμασι
742 674 1079 748 [γράμμασι]
1132 675 1355 747 φέρεται
1390 674 1565 742 λόγος.
1622 673 1745 727 Ἐπὶ
1787 673 1983 744 σχολῆς

408 771 455 826 δ’
482 772 545 827 ἄν
564 787 648 835 τις
662 770 770 823 τῶν
799 768 1163 840 προτεθέντων
1197 768 1476 833 ἐξετάσας,
1522 767 1670 840 εὖροι
1703 767 1768 821 ἂν
1805 767 1985 822 αὐτῶν

411 862 500 917 τὸν
542 861 664 915 νοῦν
704 861 1108 932 ἀναφερόμενον
1154 862 1245 913 ἐπὶ
1299 860 1423 925 τοὺς
1476 859 1663 930 ἁγίους
1707 859 1801 913 τοῦ
1851 858 1983 913 Θεοῦ

410 954 627 1025 ἄνδρας,
663 955 789 1017 τοὺς
838 953 1212 1026 ἁναιρετικοὺς
1257 953 1455 1016 παντὸς
1508 950 1839 1023 ἐρπυστικοῦ
1893 953 1986 1006 καὶ

412 1045 616 1100 ίοόόλου
637 1045 796 1111 ζώου.
835 1047 989 1099 Ἐπεὶ
1016 1046 1110 1100 καὶ
1135 1046 1234 1116 τῆς
1258 1046 1456 1115 ἐλάφου
1494 1046 1713 1118 τοιαύτη
1746 1046 1986 1117 πέφυκεν

409 1139 441 1209 ἡ
485 1136 662 1206 φύσις,
723 1137 1033 1205 ὀφιοκτόνος
1076 1133 1209 1189 οὖσα
1260 1137 1356 1190 καὶ
1407 1134 1727 1207 ἀναιρετικὴ
1787 1134 1988 1199 παντὸς

409 1230 661 1301 ἑρπετοῦ.
702 1229 1069 1302 Ὀρεινοδατὲς
1105 1230 1162 1282 δὲ
1208 1230 1269 1283 τὸ
1308 1227 1445 1293 ζῶον
1476 1229 1568 1282 καὶ
1601 1227 1877 1300 δρομικὸν,
1911 1227 1987 1291 ὡς

409 1319 503 1373 καὶ
533 1321 580 1372 οἱ
616 1319 760 1388 ἆγιοι
786 1317 878 1371 τοῦ
912 1318 1046 1371 Θεοῦ
1078 1318 1146 1372 τὰ
1176 1319 1287 1372 ἄνω
1318 1318 1662 1381 σκοποῦντες,
1697 1318 1790 1371 καὶ
1817 1316 1889 1388 μὴ
1920 1316 1988 1369 τὰ

409 1411 502 1463 ἐπὶ
532 1412 632 1481 τῆς
653 1411 775 1481 γῆς,
809 1413 903 1464 καὶ
928 1410 996 1464 τὰ
1020 1411 1200 1481 ὑψηλά
1226 1409 1510 1475 διώκοντες
1527 1450 1541 1474 ,
1578 1409 1726 1480 πόθῳ
1750 1409 1851 1479 τῆς
1879 1406 1988 1460 τῶν

407 1500 647 1572 οὐρανῶν
704 1500 998 1571 βασιλείας.
1047 1501 1159 1572 Τὴν
1194 1502 1329 1572 πρὸς
1388 1502 1514 1565 τοὺς
1565 1500 1752 1568 ἁγίους
1811 1498 1990 1552 τοίνυν

406 1592 698 1665 ὁμοιότητα
751 1593 944 1648 ἑαυτοῦ
997 1594 1091 1647 καὶ¹
1122 1596 1150 1647 ὁ
1189 1594 1350 1647 Δαυῒδ
1388 1596 1454 1664 τῇ
1490 1592 1583 1645 τοῦ
1627 1590 1757 1646 Θεοῦ
1809 1592 1989 1663 χάριτι

409 1684 724 1756 ἀνατίθησι,
761 1686 937 1754 λέγων
967 1685 1112 1756 ἑξῆς·
1143 1685 1254 1740 Καὶ
1278 1686 1375 1739 ἐπὶ
1410 1686 1481 1739 τὰ
1510 1686 1638 1754 ὕψη
1657 1703 1777 1754 μου
1805 1685 1991 1739 ἱστῶν

403 1794 497 1846 με.
536 1779 599 1831 Et
629 1777 739 1849 γὰρ
784 1778 878 1832 καὶ
927 1777 997 1831 τὰ
1047 1778 1278 1848 μάλιστα
1305 1777 1484 1848 ἕτεροι
1515 1777 1798 1833 καθέλκειν
1841 1778 1988 1848 ἡμᾶς

408 1844 501 1921 καὶ
540 1844 925 1934 καταϐιϐάζειν
951 1844 1059 1922 ἐπὶ-
1079 1870 1147 1923 τά
1180 1869 1315 1941 βάθη
1344 1844 1438 1924 καὶ
1470 1869 1567 1934 τὰς
1597 1844 1988 1938 κοιλάδας-τῆς
2021 1844 2063 1902 Β

408 1961 603 2024 κακίας
629 1960 925 2029 πειρῶνται
946 1980 959 1993 ο
989 1961 1102 2014 ἀλλ’
1124 1963 1153 2014 ὁ
1180 1962 1311 2026 Θεὸς
1346 1964 1377 2032 ἡ
1387 1962 1523 2033 μῶν,
1553 1958 1642 2016 οἷά
1666 1979 1750 2025 τις
1784 1962 1989 2029 ἀγωνο-

410 2051 569 2122 θέτης
600 2052 866 2106 διδάσκων
892 2054 1035 2124 ἡμᾶς
1066 2053 1305 2121 ἀγαθοὺς
1333 2050 1473 2108 εἶναι
1518 2055 1759 2127 δρομεῖς,
1790 2054 1882 2107 ἐπὶ
1922 2052 1993 2109 τὰ

408 2145 718 2217 κατάλληλα
759 2149 889 2218 ἡμῖν
919 2147 1028 2218 ὕψη
1054 2150 1332 2220 παρορμᾷ·
1362 2148 1525 2201 αὑτοῦ
1553 2165 1612 2201 τε
1643 2150 1675 2219 ὴ
1702 2148 1882 2220 χάρις.
1912 2148 1986 2200 Οὐ

407 2238 516 2308 γάρ
547 2238 791 2308 ἡμετέρα
818 2237 1044 2309 δύναμις
1073 2238 1287 2309 ἵστησιν
1321 2241 1379 2293 ἐν
1404 2242 1516 2303 τοῖς
1537 2239 1827 2310 ἡμετέροις
1858 2238 1988 2308 ὕψε-

408 2344 491 2381 σιο
557 2328 713 2397 φύσει
762 2328 872 2400 γὰρ
928 2330 1217 2400 ἀνθρώπου
1251 2328 1394 2402 ψυχῇ
1437 2330 1498 2384 τὸ
1542 2331 1792 2403 οὐράνιόν
1841 2332 1987 2385 ἐστιν

403 2420 719 2491 οἰκητήριον
738 2437 752 2451 ·
788 2421 883 2473 καὶ
909 2420 979 2474 τὰ
1006 2423 1123 2474 ἐκεῖ
1148 2420 1255 2493 ὕψη
1294 2423 1395 2475 οὐκ
1442 2421 1719 2494 ἀλλότρια,
1750 2420 1866 2476 ἀλλ’
1907 2423 1986 2475 oi—

404 2514 557 2565 κεῖα·
593 2511 691 2577 διὸ,
737 2512 862 2565 Ἐπὶ
890 2513 965 2567 τὰ
998 2512 1125 2582 ὕψη
1153 2531 1293 2582 μου,
1327 2513 1512 2586 φησὶν,
1534 2512 1719 2567 ἱστῶν
1746 2531 1842 2583 με.

474 2601 784 2656 Διδάσκων
832 2603 1034 2672 χεῖράς
1081 2622 1201 2674 μου
1249 2607 1334 2670 εὶς
1378 2607 1665 2675 πόλεμον,
1708 2605 1807 2659 καὶ
1847 2604 1987 2660 ἔθου

404 2695 587 2761 τόξον
610 2695 880 2764 χαλκοῦν
905 2695 1049 2760 τοὺς
1068 2696 1407 2766 βραχίονας
1431 2714 1550 2767 μου
1571 2737 1585 2750 .
1617 2696 1726 2751 Καὶ
1762 2694 1990 2762 ἔδωκάς

397 2806 501 2858 μοι
520 2786 987 2857 ὑπερασπισμὸν
1004 2789 1319 2856 σωτηρίας,
1345 2789 1443 2841 καὶ
1463 2790 1501 2856 ἡ
1532 2787 1701 2853 δεξιά
1719 2802 1836 2842 σου
1853 2787 1919 2842 ἀν
1932 2806 1993 2841 τ-

405 2880 651 2935 ελάϐετό
693 2897 831 2949 μου.
890 2879 1035 2950 Πρὸς
1086 2878 1293 2942 τούτοις
1338 2879 1540 2933 ἅπασιν
1578 2881 1991 2952 ὑπερασπισμὸν

409 2973 683 3046 σωτηρίας
720 2990 809 3045 μοι
842 2972 1099 3038 δέδωκας,
1127 2972 1217 3024 τὸν
1246 2971 1338 3025 σὺν
1376 2973 1503 3025 Υἱὸν
1532 2972 1895 3043 καταπέμψας
1922 2975 1988 3045 τῇ

408 3065 519 3136 ίδίᾳ
556 3064 742 3118 ἀσπίδι
796 3062 937 3134 ὑπὲρ
976 3062 1109 3133 ἐμοῦ
1143 3064 1543 3134 μαχησόμενον.
1590 3062 1855 3134 Ἀκριὸῶς
1883 3062 1991 3136 γὰρ

2085 587 2212 658 quis
2242 603 2373 642 vero
2402 602 2502 658 per
2525 589 2699 643 otium
2726 591 3064 661 propositum
3095 601 3474 661 argumentum
3495 610 3659 650 excu-

2085 680 2204 742 tiat.
2226 680 2292 735 ad
2316 690 2536 739 sanctos
2567 681 2658 737 Dei
2688 684 2838 738 viros
2878 699 3185 740 sermonem
3232 693 3479 756 spectare
3505 702 3659 742 com-

2086 773 2279 842 periet,
2313 775 2407 844 qui
2440 784 2724 846 serpentes
2756 792 2946 833 omnes
2985 785 3357 847 venenataque
3407 780 3664 835 animalia

2087 864 2154 919 de
2184 865 2364 921 medio
2395 868 2611 922 tollunt.
2636 867 2770 923 Nam
2824 870 2951 925 talis
2993 877 3079 925 est
3113 884 3401 925 cervorum
3444 878 3663 934 natura,

2090 968 2147 1012 ut
2178 968 2462 1030 serpentes
2505 977 2775 1032 omneque
2813 971 3205 1018 venenatorum
3246 976 3418 1033 genus
3455 963 3662 1018 interli-

2086 1055 2254 1109 ciant.
2300 1055 2617 1111 Montanum
2649 1056 2780 1111 item
2823 1056 3026 1109 animal
3060 1063 3144 1110 est
3169 1070 3233 1109 ac
3262 1070 3431 1110 cursu
3458 1056 3613 1111 velox
3643 1072 3659 1109 :

2086 1148 2275 1219 quales
2304 1156 2434 1204 sunt
2467 1163 2684 1220 quoque
2730 1148 2905 1204 sancti
2949 1147 3065 1216 Dei,
3093 1147 3185 1218 qui
3226 1162 3463 1216 superna
3538 1165 3675 1225 spe-1

2092 1254 2265 1310 ctant,
2285 1259 2392 1298 non
2423 1251 2661 1306 terrena,
2691 1242 2946 1319 sublimia
2972 1258 3099 1298 vero
3144 1242 3470 1313 qumritant;
3502 1242 3666 1312 idque

2087 1350 2152 1389 ex
2188 1345 2298 1389 uno
2330 1334 2484 1406 regni
2519 1334 2764 1390 caelestis
2795 1349 3001 1389 amore.
3036 1333 3166 1387 Eam
3216 1335 3299 1388 sui
3335 1333 3507 1403 ipsius
3538 1350 3666 1389 cum

2089 1427 2295 1481 sanctis
2332 1425 2749 1480 similitudinem
2775 1424 2881 1479 sibi
2916 1421 3108 1487 David,
3132 1422 3308 1492 gratia
3345 1421 3439 1476 Dei
3469 1421 3666 1487 fultus,

2088 1515 2339 1580 ascribit,
2375 1516 2504 1583 dum
2530 1514 2645 1569 haec
2670 1512 2973 1583 subjungit,
3002 1520 3052 1565 et
3099 1527 3255 1581 super
3294 1511 3503 1565 excelsa
3551 1527 3669 1565 mea

2088 1616 2326 1663 statuens
2362 1624 2461 1661 me.
2489 1606 2608 1660 Etsi
2650 1620 2890 1675 namque
2923 1603 3016 1658 alii
3047 1603 3179 1667 sint,
3231 1602 3325 1673 qui
3354 1618 3456 1658 nos
3488 1603 3541 1657 in
3572 1617 3670 1657 ne-

2089 1698 2277 1771 quitia:
2319 1698 2490 1753 valles
2524 1696 2816 1752 detrahere
2865 1710 2930 1751 ac
2970 1694 3242 1749 abducere
3286 1701 3572 1764 satagant;
3612 1698 3669 1746 at

2091 1790 2236 1846 Deus
2276 1794 2486 1854 noster,
2523 1805 2622 1844 ceu
2662 1788 2884 1858 quidam
2943 1787 3305 1841 certaminum
3354 1784 3666 1855 praefectus,

2090 1898 2215 1937 cum
2243 1897 2344 1938 nos
2384 1879 2628 1936 instituit
2662 1886 2721 1932 ut
2750 1878 2881 1932 boni
2913 1891 3171 1931 cursores
3213 1876 3408 1938 simus,
3433 1876 3499 1930 ad
3531 1890 3668 1929 con-

2088 1972 2338 2044 gruentia
2383 1969 2545 2025 nobis
2588 1969 2803 2023 excelsa
2849 1966 3134 2022 concitat:
3169 1966 3404 2034 idipsum
3445 1970 3671 2036 praestat

2089 2066 2210 2136 ejus
2237 2063 2437 2135 gratia.
2469 2063 2658 2131 Neque
2686 2062 2834 2115 enim
2881 2060 3083 2115 virtute
3124 2066 3313 2113 nostra
3348 2058 3405 2112 in
3434 2058 3672 2113 excelsis

2090 2158 2297 2215 nostris
2350 2155 2742 2212 constituimur
2774 2172 2787 2208 :
2818 2153 3058 2208 hominis
3125 2152 3325 2223 quippe
3369 2151 3563 2205 anima:
3602 2165 3679 2205 ex.

2089 2258 2287 2305 natura
2317 2248 2416 2305 sua
2452 2248 2678 2303 cmleste
2709 2246 3051 2301 domicilium
3086 2253 3171 2300 est
3207 2263 3217 2296 :
3250 2252 3414 2313 atque
3449 2244 3669 2298 excelsa

2092 2345 2206 2410 illa,
2236 2357 2347 2397 non
2372 2340 2571 2406 aliena,
2598 2338 2692 2395 sed
2725 2339 2946 2410 propria
2979 2338 3084 2408 ipsi
3128 2344 3284 2403 sunt;
3314 2334 3668 2406 quamobrem

2090 2437 2167 2491 ait
2201 2455 2213 2490 :
2259 2433 2429 2502 Super
2457 2431 2669 2488 excelsa
2696 2447 2810 2484 mea
2841 2439 3080 2484 statuens
3115 2444 3217 2485 me.

2162 2614 2332 2669 Vens.
2357 2613 2449 2677 35,
2481 2610 2568 2666 56.
2590 2610 2695 2677 Qui
2722 2607 2868 2662 docet
2907 2621 3095 2659 manus
3126 2620 3270 2658 meas
3300 2601 3369 2656 ad
3398 2601 3666 2672 pra'lium,

2093 2717 2142 2763 et
2164 2706 2391 2778 posuisti
2420 2711 2478 2757 ut
2503 2690 2906 2757 arcum'a'reum
2949 2696 3168 2750 brachia
3202 2712 3341 2750 mea.
3372 2694 3442 2748 Et
3471 2693 3665 2750 dedisti

2094 2801 2223 2856 mihi
2247 2798 2619 2869 pratectionem
2647 2791 2863 2855 salutis,
2885 2798 2934 2844 et
2957 2788 3174 2842 dextera
3198 2799 3290 2841 tua
3312 2787 3540 2856 suscepit
3563 2802 3665 2842 me.

2093 2892 2175 2947 Ad
2197 2890 2314 2946 hate
2362 2895 2512 2944 certe
2559 2884 2742 2939 omnia
2779 2881 3174 2953 protectionem
3211 2878 3406 2936 salutis
3440 2878 3670 2949 largitus

2095 2984 2227 3041 mihi
2257 2999 2338 3048 es,
2361 2996 2484 3037 cum
2502 2977 2698 3033 Filium
2724 2982 2878 3029 tuum
2910 2973 3107 3028 misisti
3142 2971 3366 3042 proprio
3392 2984 3519 3024 cum
3542 2984 3673 3024 scu-

2095 3087 2153 3134 to
2175 3092 2274 3149 pro
2304 3074 2480 3130 salute
2519 3086 2641 3128 mea
2689 3075 3080 3140 pugnaturum.
3139 3066 3411 3121 Accurate
3463 3062 3664 3118 etenim

409 3158 721 3229 ἐπιστήσεις
745 3155 798 3208 τί
828 3155 956 3209 ποτέ
974 3157 1090 3236 ἐστι
1108 3156 1169 3207 τὸ
1195 3155 1282 3209 διὰ
1311 3156 1492 3226 πάσης
1521 3155 1745 3228 Γραφῆς
1776 3173 1988 3227 προφη-

2096 3172 2280 3227 animo
2339 3164 2645 3239 perpendas
2679 3162 2863 3224 velim,
2916 3159 3184 3231 quodnam
3240 3156 3374 3212 illud
3433 3154 3675 3212 salutare

406 3249 694 3319 τευόμενον
726 3248 991 3318 σωτήριον
1012 3245 1106 3300 τοῦ
1135 3244 1270 3300 Θεοῦ
1303 3245 1430 3317 περὶ
1460 3241 1521 3300 οὗ
1553 3247 1646 3300 καὶ
1680 3246 1903 3317 Συμεὼν
1929 3249 1986 3300 ὲν

404 3342 484 3413 τῷ
517 3340 836 3411 Εὐαγγελίῳ
873 3338 1083 3408 ἔλεγενο
1135 3339 1257 3394 Νῦν
1305 3340 1590 3405 ἀπολύεις
1619 3338 1725 3392 τόν
1766 3338 1989 3394 δοῦλόν

409 3450 548 3499 σου,
580 3432 873 3498 Δέσποτα,
907 3430 1057 3485 κατὰ
1092 3430 1159 3484 τὸ
1181 3430 1347 3500 ῥῆμά
1378 3448 1494 3485 σου
1526 3431 1596 3485 ἐν
1621 3430 1831 3500 εἰρήνῃ
1853 3449 1864 3459 ·
1898 3430 1988 3485 ὅτι

403 3519 570 3577 εἶδον
593 3524 647 3576 οἱ
670 3520 966 3591 ὀφθαλμοί
988 3536 1107 3589 μου
1140 3519 1202 3573 τὸ
1234 3519 1531 3587 σωτήριόν
1563 3520 1913 3575 σου-Καὶ
1953 3519 1986 3586 ἡ

334 3620 341 3627 ’
406 3613 575 3678 δεξιά
619 3627 736 3667 σου
782 3610 1140 3667 ἀντελάϐετό
1172 3628 1312 3679 μου.
1357 3611 1510 3682 Τάχα
1551 3610 1699 3675 δεξιά
1724 3610 1818 3665 τοῦ
1852 3610 1987 3664 Θεοῦ

406 3696 546 3754 εἶναι
595 3700 815 3754 δύναται
846 3702 902 3754 ὲν
1031 3700 1330 3771 ὲστερέωσε
1364 3701 1453 3753 τὸν
1481 3701 1728 3772 οὐρανὸν,
1769 3717 1989 3771 μονογε-

406 3795 504 3866 νὴς
533 3794 723 3863 Λόγος.

475 3888 587 3942 Καὶ
604 3890 641 3957 ἡ
664 3887 900 3941 παιδεία
919 3898 1035 3939 σου
1063 3883 1381 3953 ἀνώρθωσέ
1402 3902 1477 3954 με
1496 3887 1582 3951 είς
1612 3884 1805 3950 τέλος,
1831 3887 1928 3940 καὶ
1950 3889 1988 3955 ἡ

406 3980 644 4035 παιδεία
724 3994 842 4034 σου
915 3977 1068 4046 αὐτή
1132 3994 1208 4047 με
1266 3976 1511 4041 διδάξει.
1586 3977 1878 4049 Σύμμαχος
1932 3980 1990 4032 δὲ

407 4071 666 4138 ἐξέδωκε’
704 4060 813 4126 Καὶ
859 4068 926 4124 τὸ
962 4070 1290 4126 ὑπακούειν
1320 4087 1399 4139 με
1430 4068 1685 4134 αὐξήσει
1709 4087 1804 4139 με.
1845 4071 1902 4123 '0
1933 4072 1991 4124 δὲ

421 4167 669 4230 Ἀκύλας·
721 4166 831 4221 Καὶ
883 4165 1218 4234 πραότητός
1268 4144 1385 4218 σου
1441 4162 1750 4232 ἐπλήθυνε
1780 4181 1857 4233 με
1890 4162 1987 4233 (Ι).

421 4258 796 4326 Ἐπλάτυνας
844 4258 916 4313 τὰ
967 4257 1299 4327 διαδήματα
1356 4276 1476 4327 μου
1530 4256 1809 4312 ὑποκάτω
1847 4275 1986 4327 μου.

409 4352 489 4407 Τὰ
508 4352 839 4424 διαϐήματα,
874 4350 994 4406 καθ’
1029 4351 1065 4406 ἃ
1097 4354 1160 4404 ὲκ
1189 4351 1386 4414 κακίας
1421 4352 1500 4414 εἰς
1545 4349 1764 4421 ἀρετὴν,
1805 4351 1897 4402 καὶ
1931 4349 1991 4413 ἐξ

407 4447 680 4519 αἰσθητῶν
727 4449 819 4501 ἐπὶ
865 4447 1052 4518 νοητὰ,
1086 4447 1180 4500 κα)⁸
1227 4447 1335 4501 ἀπὸ
1362 4445 1454 4499 τοῦ
1487 4446 1752 4518 παρόντος
1791 4450 1870 4510 είς
1898 4446 1989 4499 τὸν

2090 3261 2185 3317 Dei
2223 3259 2314 3321 sit,
2341 3258 2396 3311 in
2427 3256 2596 3311 totius
2637 3250 2936 3322 Scriptura;
2974 3245 3246 3303 vaticiniis
3296 3243 3671 3316 prmdicatum.

2089 3355 2157 3409 de
2190 3366 2297 3423 quo
2321 3348 2541 3403 Simeun
2563 3347 2617 3400 in
2653 3343 2950 3413 Evangelio
2972 3339 3048 3394 ait
3075 3357 3089 3395 :
3116 3337 3273 3391 Nunc
3302 3334 3543 3389 dimittis
3560 3344 3703 3387 ser-ﬂ

2090 3462 2209 3500 vum
2236 3454 2402 3506 tuum,
2438 3440 2679 3504 Domine,
2705 3435 2990 3493 secundum
3019 3430 3228 3486 verbum
3253 3437 3399 3483 tuum
3426 3428 3483 3480 in
3510 3440 3637 3495 pace
3654 3440 3674 3476 :

2088 3536 2213 3607 quia
2236 3532 2475 3588 viderunt
2500 3529 2641 3584 oculi
2676 3528 2779 3582 mei
2807 3525 3044 3581 salutare
3069 3531 3216 3576 tuum
3241 3521 3315 3573 ⁷⁸.
3338 3548 3408 3559 ——
3438 3516 3509 3571 Et
3543 3515 3674 3570 dex-

2091 3640 2202 3682 tera
2226 3636 2319 3681 tua
2350 3624 2579 3693 suscepit
2609 3637 2710 3675 me.
2747 3619 2979 3675 Dextera
3018 3612 3112 3669 Dei
3134 3629 3196 3670 ea
3224 3611 3462 3667 fortasse
3483 3608 3670 3674 fuerit,

2089 3735 2199 3792 qua
2250 3718 2484 3773 ﬁrmavit
2513 3715 2739 3779 coelum,
2766 3711 2977 3767 scilicet
3028 3706 3373 3779 unigenitum
3403 3702 3669 3759 Verbum.

2161 3889 2329 3944 Vens.
2362 3889 2453 3942 37.
2496 3886 2564 3941 Et
2594 3886 2876 3955 disciplina
2921 3894 3013 3938 tua
3036 3883 3266 3937 correxit
3292 3898 3370 3936 me
3403 3882 3461 3934 in
3494 3881 3674 3951 ﬁnem,

2089 3991 2137 4034 et
2165 3979 2453 4048 disciplina
2486 3988 2580 4030 tua
2606 3977 2720 4043 ipsa
2747 3992 2827 4028 me
2851 3972 3073 4028 docebit.
3099 3969 3462 4042 Symmachus
3482 3968 3676 4034 edidit,

2089 4084 2138 4129 et
2167 4072 2306 4144 quod
2353 4068 2605 4126 exaudiat
2649 4085 2731 4121 me
2765 4080 3063 4121 accrescere
3114 4081 3196 4119 me
3252 4063 3450 4133 faciet;
3482 4063 3677 4130 Aquila

2090 4182 2243 4229 vero,
2276 4172 2326 4219 et
2365 4160 2770 4218 mansuetudine
2798 4170 2891 4214 tua
2925 4157 3141 4227 replevit
3184 4172 3284 4210 me.
3318 4184 3388 4195 —-
3420 4152 3677 4207 Dilatasti

2090 4274 2302 4331 gressus
2351 4273 2491 4310 meos
2522 4253 2708 4309 subtus
2736 4269 2836 4306 me.
2882 4250 3118 4306 Gressus
3146 4247 3379 4310 scilicet,
3421 4243 3577 4316 queis
3606 4259 3675 4299 ex

2092 4349 2336 4421 nequitia
2360 4348 2427 4403 ad
2459 4346 2742 4409 virtutem,
2782 4360 2849 4400 ex
2881 4341 3238 4399 sensibilibus
3267 4339 3335 4395 ad
3359 4337 3678 4408 intelligibi-

2092 4442 2188 4507 lia,
2211 4455 2241 4494 a
2267 4437 2524 4511 praesenti
2555 4436 2622 4491 ad
2653 4434 2898 4490 futurum
2931 4431 3191 4489 saeculum
3223 4429 3575 4499 transmigro,
3601 4427 3679 4483 di-

411 4540 674 4612 μέλλοντα
699 4541 870 4594 αίῶνα
903 4540 1183 4603 διαϐαίνω,
1224 4539 1525 4603 ἒπλάτυνας
1572 4538 1830 4592 ὑποκάτω
1861 4556 1989 4610 μου·

2099 4532 2285 4587 latasti
2315 4531 2511 4587 subtus
2542 4545 2630 4584 me
2662 4547 2675 4582 :
2706 4527 2800 4598 qui
2822 4527 2956 4581 mihi
2995 4525 3061 4579 ab
3084 4523 3240 4579 initio
3274 4522 3493 4594 angusti
3520 4529 3575 4577 et
3596 4534 3681 4575 ar-

408 4634 527 4690 κατ’
575 4633 751 4705 ἀρχὰς
803 4631 911 4704 γάρ
959 4631 1120 4685 στενὰ
1156 4633 1250 4687 καὶ
1300 4633 1533 4687 ἐπίπονα
1581 4631 1879 4702 φαινόμενα
1913 4630 1989 4702 τῷ

405 4729 505 4800 τὴν
566 4727 931 4798 τεθλιμμένην
979 4724 1183 4778 ὁδεύειν
1212 4725 1361 4778 ὁδόν*
1403 4726 1658 4797 ὑπεράνω
1700 4725 1880 4778 αὐτῶν
1922 4727 1986 4797 τῇ

409 4823 658 4894 προκοπῇ
705 4818 1090 4891 γεγενημένος,
1143 4817 1512 4872 πλατυνθέντα
1561 4816 1702 4871 αὐτὰ
1757 4817 1987 4871 ἐθεασά-

412 4933 539 4988 μην.
586 4916 645 4968 '0
675 4915 782 4985 γὰρ
825 4912 1085 4983 ἀνωτέρω
1115 4910 1223 4964 τῶν
1274 4911 1565 4982 προκοπῶν
1605 4910 1986 4983 γεγενημένος,

406 5008 485 5078 τῷ
513 5007 606 5061 ἐπὶ
637 5007 786 5070 τέλος
813 5006 1128 5075 ἐφθακέναι,
1163 5005 1345 5057 ούκέτι
1394 5004 1640 5058 αἵσθεται
1678 5005 1776 5075 τῆς
1811 5004 1990 5059 στενό-

406 5116 588 5169 τητος,
635 5098 742 5151 τῶν
782 5099 956 5152 πόνων
990 5100 1083 5152 καὶ
1111 5097 1348 5170 ἱδρώτων
1386 5096 1493 5151 τῶν
1526 5098 1618 5150 ἐπὶ
1646 5100 1764 5161 ταῖς
1790 5114 1991 5168 προκο-

409 5192 556 5255 παῖς,
576 5192 634 5243 ὲν
663 5189 972 5260 εὐρυχωρίᾳ
997 5189 1383 5263 γεγενημένος.
1410 5188 1521 5242 Καὶ
1549 5190 1659 5241 οὐκ
1686 5187 1991 5255 ἠσθένησε

406 5283 480 5337 τὰ
510 5282 654 5363 ζχνη
706 5300 843 5352 μου.
907 5282 969 5353 ΕΛί
1015 5281 1278 5353 διηνεκῶς
1327 5284 1385 5334 ὲν
1416 5281 1495 5352 τῷ
1529 5283 1709 5335 πονεῖν
1754 5281 1986 5345 ἐτέλουν,

408 5373 513 5429 κᾶν
537 5374 804 5445 ἠσθένησε
831 5373 900 5427 τὰ
932 5374 1209 5445 ἴχνηομου,
1244 5373 1491 5428 τουτέστι
1523 5372 1618 5426 τοῦ
1643 5374 1751 5427 ἔσω
1778 5373 1989 5445 ἀνθρω-

409 5482 512 5520 που
564 5466 633 5520 τὰ
682 5466 845 5537 σκέλη
867 5485 880 5495 ·
919 5466 1107 5537 ἐπειδὴ
1159 5466 1296 5537 μετὰ
1318 5466 1444 5530 τοὺς
1477 5466 1617 5536 ὑπὲρ
1654 5466 1855 5537 ἀρετῆς
1889 5482 1991 5519 κα·-

480 5623 528 5656 ⁷⁵
552 5622 683 5678 Luc.
716 5639 776 5689 ιι,
807 5622 899 5688 29,
930 5623 1021 5679 '50.

2096 4626 2190 4680 dui
2222 4624 2323 4680 visi
2356 4630 2506 4686 sunt,
2529 4620 2674 4692 quod
2703 4622 2758 4675 in
2802 4628 2951 4674 arcta
2996 4616 3307 4674 incederem
3333 4617 3453 4681 via;
3491 4612 3586 4668 sed
3622 4613 3676 4666 in

2097 4733 2392 4790 progressu
2420 4716 2674 4786 superior
2712 4714 2822 4767 illis
2860 4710 3109 4775 eﬂ‘ectus,
3137 4709 3395 4764 dilatatos
3428 4707 3679 4763 animad-

2096 4809 2258 4865 verti.
2296 4806 2431 4862 Nam
2455 4807 2548 4877 qui
2573 4806 2723 4861 omni
2763 4803 3010 4875 profectu
3046 4802 3298 4875 superior
3320 4802 3517 4866 evasit,
3541 4810 3596 4855 et
3626 4799 3680 4855 ἢ·
3762 4856 3765 4861 ,

2099 4919 2223 4958 nem
2253 4901 2456 4971 attigit,
2488 4901 2541 4954 in
2582 4899 2692 4953 lato
2722 4898 2902 4969 spatio
2931 4895 3221 4961 deductus,
3257 4894 3566 4966 angustiam
3609 4893 3675 4947 il-

2099 4996 2230 5059 lam,
2268 4994 2507 5057 labores,
2540 4991 2794 5052 sudores.
2836 5005 2974 5060 quos
3006 4989 3063 5042 in
3116 4986 3363 5059 profectu
3421 4993 3680 5056 expertus

2098 5095 2237 5152 erat,
2275 5102 2383 5143 non
2415 5086 2555 5140 ultra
2584 5084 2772 5142 sentit.
2810 5081 2877 5137 Et
2905 5100 3008 5138 non
3056 5091 3180 5136 sunt
3220 5082 3493 5151 inﬁrmata
3522 5080 3678 5135 vesti,

2098 5182 2188 5251 gia
2217 5197 2352 5237 mea.
2378 5178 2495 5235 Etsi
2529 5179 2584 5232 in
2615 5179 2878 5233 diuturno
2917 5176 3104 5230 labore
3149 5178 3420 5237 versatus,
3449 5171 3679 5241 vestigia

2100 5290 2243 5338 mea,
2267 5274 2320 5329 id
2343 5281 2445 5342 est,
2491 5288 2653 5329 crura
2691 5270 2970 5327 interioris
2999 5266 3259 5330 hominis,
3288 5264 3561 5319 inﬁrmata
3590 5278 3679 5319 es-

2101 5378 2255 5438 sent;
2283 5371 2414 5442 quia
2451 5376 2635 5424 tamen
2682 5368 2899 5423 labores
2926 5365 3143 5419 virtutis
3172 5377 3338 5418 causa
3388 5368 3679 5431 susceptos

2098 5464 2256 5536 quies
2274 5462 2499 5533 excipit,
2546 5477 2659 5518 non
2711 5459 3085 5523 iniirmantur,
3136 5455 3232 5513 sed
3283 5452 3679 5509 conﬁrmantur

484 5783 567 5859 (ll
599 5781 656 5859 in
688 5779 956 5836 Hebraico
999 5778 1295 5851 exemplari
1344 5776 1739 5852 legiturﬂn‘m
1781 5783 1991 5859 ﬁmum,
2023 5774 2169 5847 quod
2197 5782 2280 5830 est
2325 5780 2383 5829 ut
2426 5774 2592 5844 probe
2649 5771 3034 5844 Hieronymus,
3064 5768 3134 5823 Et
3178 5763 3522 5824 mansuetudo
3584 5772 3676 5819 tua

414 5853 779 5925 multiplicauit
814 5869 911 5907 me.
