4100 6402
422 325 529 386 iss

1071 327 1343 386 EUSEBll
1382 331 1864 389 C/ESARIENSlS
1901 333 2052 390 OPP.
2099 336 2278 392 PARS
2341 337 2426 393 Ill.
2457 369 2526 380 -—
2572 336 2979 396 EXEGETICA.

3585 336 3685 390 184

418 439 650 512 vestigia
687 455 830 506 mea,
862 441 936 496 ita
988 449 1051 498 ut
1085 443 1270 501 dicere
1317 447 1485 503 liceat
1520 467 1534 503 :
1573 447 1641 502 Et
1676 451 1916 505 statuisti
1947 452 1991 505 in

2105 453 2312 524 μάτους
2349 456 2638 511 ἀνάπαυλα
2657 457 2978 528 διαδέχεται,
3005 456 3106 510 οὐκ
3132 454 3368 518 ἀσθενεῖ,
3392 454 3504 510 ἀλλ’
3536 456 3685 526 ίσχυ-

417 531 533 586 loco
579 535 811 600 spatioso
850 531 1004 602 pedes
1051 550 1192 590 meos
1211 536 1279 589 ⁷⁸.
1315 534 1432 594 lmo
1487 553 1618 594 vero
1666 540 1762 611 qui
1814 538 1999 598 Iesum

416 623 688 694 sequitur,
725 625 972 696 vestigiis
1005 627 1126 696 ejus
1167 627 1375 684 insistit
1407 649 1418 684 :
1451 631 1712 701 quoniam
1771 633 1826 688 in
1858 633 1944 688 via
1968 649 1999 688 a

411 713 542 770 Jesu
563 715 786 772 Christo
807 718 936 771 trita
971 725 1026 774 et
1056 718 1400 790 frequentata
1436 724 1805 795 progreditur,
1842 715 2006 780 ﬁrma.

412 807 682 877 imprimit
720 809 970 880 vestigia,
1006 809 1081 864 ita
1115 819 1173 866 ut
1194 814 1276 869 vel
1313 815 1433 885 ipso
1449 831 1613 886 opere
1637 817 1751 870 hate
1787 813 1997 870 vocife-

411 907 566 955 retur
597 918 612 954 :
644 898 703 954 In
723 892 987 974 angustia
1009 920 1381 961 aerumnarum
1433 924 1537 964 non
1567 916 1690 963 sunt
1721 909 1997 978 inﬁrmata

410 991 630 1061 vestigia
659 1009 797 1047 mea.

483 1082 650 1141 Vsus.
680 1087 768 1142 58.
803 1087 1102 1164 Persequar
1133 1095 1373 1149 inimicos
1405 1112 1546 1150 meos
1571 1105 1620 1150 et
1655 1100 1993 1168 comprehen-

411 1177 537 1232 dant
575 1179 718 1244 illos,
741 1189 918 1238 chron
948 1197 1222 1241 convertar
1242 1186 1404 1240 donec
1441 1186 1712 1257 deﬁciant.
1743 1189 1996 1263 Confrin-

409 1285 532 1339 gam
566 1271 710 1335 illos,
743 1289 836 1327 nec
883 1285 1127 1342 poterunt
1175 1287 1341 1342 stare,
1385 1279 1573 1332 cadent
1627 1279 1806 1336 subtus
1839 1283 1993 1351 pedes

410 1376 572 1416 meas.
613 1360 759 1428 Quot
801 1375 1148 1438 quantosque
1201 1369 1478 1436 inimicos,
1513 1371 1820 1441 opitulante
1857 1373 1991 1438 Deo,

409 1455 721 1522 superavit!
755 1453 822 1509 Et
855 1455 960 1512 hoc
996 1458 1154 1523 mihi,
1205 1459 1406 1529 inquit,
1447 1461 1572 1516 boni
1631 1477 1725 1532 per
1759 1463 1991 1534 gratiam

407 1560 560 1600 tuam
593 1561 918 1604 concessum
945 1559 1051 1614 est,
1085 1560 1144 1605 ut
1173 1551 1340 1622 pedes
1367 1553 1471 1608 mei
1509 1568 1619 1607 non
1644 1563 1993 1610 coarctaren-

407 1645 520 1702 tur,
550 1653 726 1710 neque
755 1641 967 1696 retibus
999 1640 1368 1707 inimicorum,
1387 1645 1470 1700 vel
1504 1643 1848 1701 oll‘endiculis
1871 1662 1994 1717 quas

407 1730 722 1797 objecerant
753 1732 1128 1805 interciperer.
1157 1736 1254 1791 His
1275 1736 1475 1812 quippe
1505 1738 1761 1794 omnibus
1789 1755 1887 1810 per
1916 1747 1991 1805 te,

2108 549 2407 616 personatur
2433 548 2501 602 τὰ
2535 547 2655 620 ῐχνη
2691 567 2815 620 μου,
2841 549 2972 602 ὥστ’
3007 548 3072 602 ἂν
3105 549 3310 601 εἰπεῖν·
3357 547 3465 602 Καὶ
3507 546 3684 614 ἕστη-

2104 652 2222 704 σας
2263 640 2332 692 ἐν
2377 639 2693 710 εὐρυχοίψῳ
2752 641 2894 708 τοὺς
2932 641 3122 706 πόδας
3153 657 3291 709 μου.
3339 638 3498 692 Ἀλλὰ
3530 637 3625 691 καὶ
3653 640 3684 693 ὀ

2116 726 2289 798 Ἰησοῦ
2322 728 2584 799 ἑπόμενος
2628 727 2982 781 ἐπακολουθεῖ
3011 729 3123 790 τοῖς
3162 726 3362 796 ἴχνεσιν
3395 722 3556 777 αὑτοῦ
3577 739 3590 750 ·
3624 721 3682 788 ἐξ

2101 818 2265 872 αὐτοῦ
2311 818 2406 872 τοῦ
2456 822 2648 873 πατεῖν
2678 821 2776 892 τὴν
2807 817 3172 893 τετριμμένην
3213 816 3317 869 ὑπὸ
3356 812 3530 886 Ἰησοῦ
3567 810 3682 866 ὁδδν

2103 912 2298 984 ισχυρὰ
2317 914 2511 966 κτᾶται
2531 913 2598 967 τὰ
2620 913 2727 968 ίδια
2750 913 2890 984 ἴχνη,
2907 911 2982 976 ὡς
3008 911 3154 984 ἔργῳ
3175 909 3364 980 φάναι·
3379 910 3501 962 Οὐκ
3514 907 3687 976 ἡσθέ-

2098 1017 2253 1071 νησε
2267 1001 2340 1055 τὰ
2356 1003 2497 1075 ῑχνη
2513 1025 2630 1077 μου
2663 1007 2721 1060 ἐν
2749 1007 2813 1076 τῇ
2852 1002 3180 1075 στενοχωρίᾳ
3210 1003 3308 1074 τῆς
3358 999 3608 1071 θλίψεως.

2167 1095 2522 1162 Κατώιὼξω
2565 1097 2707 1164 τοὺς
2755 1098 3008 1167 ἐχθρούς
3033 1113 3154 1166 μου
3185 1095 3282 1148 καὶ
3332 1091 3680 1161 κατα-λήψο-

2093 1203 2202 1258 μαι
2258 1190 2502 1257 αὐτοὺς,
2531 1190 2629 1244 καὶ
2697 1191 2808 1244 οὐκ
2855 1186 3400 1256 ἀποστραφήσομαι
3449 1185 3561 1251 ἓως
3605 1184 3684 1239 ἂν

2095 1281 2478 1336 ἐκλείπωσιν.
2525 1282 2830 1350 Ἐκθλίψω
2863 1280 3088 1346 αὐτοὺς
3126 1279 3227 1333 καί
3256 1279 3327 1332 οὺ
3346 1277 3433 1348 μὴ
3462 1277 3683 1331 δύνων-

2097 1390 2188 1428 ται
2213 1373 2451 1442 στῆναι,
2471 1373 2806 1428 πεσοῦνται
2844 1370 2962 1426 ὑπὸ
2995 1371 3138 1438 τοὺς
3167 1370 3358 1438 πόδας
3393 1388 3534 1440 μου.
3571 1367 3684 1424 Καὶ

2095 1464 2236 1516 ὅσων
2275 1463 2486 1535 ἐχθρῶν
2531 1464 2626 1517 καὶ
2676 1461 2951 1533 πολεμίων
2985 1463 3306 1533 περιγέγονε
3347 1461 3436 1515 διὰ
3461 1462 3559 1532 τῆς
3585 1461 3680 1516 τοῦ

2095 1554 2231 1608 Θεοῦ
2266 1553 2553 1626 βοηθείαςῑ
2581 1554 2694 1608 Καὶ
2726 1552 2885 1606 τοῦτο
2927 1551 2985 1605 δέ
3017 1571 3128 1624 μοι,
3161 1554 3344 1624 φησὶν,
3380 1552 3532 1626 παρὰ
3581 1553 3683 1624 τῆς

2096 1647 2194 1718 σῆς
2231 1647 2450 1718 χάριτος
2473 1645 2703 1716 ὑπῆρξε,
2732 1645 2792 1698 τὸ
2823 1644 2898 1722 μὴ
2922 1645 3390 1716 στενοχωρηθῆναί
3419 1664 3523 1717 μου
3555 1647 3681 1709 τοὺς

2095 1740 2281 1803 πόδας,
2312 1739 2406 1793 καὶ
2455 1739 2516 1791 τὸ
2569 1739 2642 1810 μὴ
2694 1738 2932 1802 δικτύοις
2982 1738 3089 1791 τῶν
3138 1738 3366 1810 ἐχθρῶν,
3429 1739 3521 1792 καὶ
3571 1740 3682 1800 τοῖς

406 1816 550 1874 Deus
589 1836 765 1886 meus,
803 1803 1023 1888 amotis,
1065 1803 1312 1878 liberam-
1339 1803 1668 1897 planamque
1699 1803 1834 1882 milii
1864 1843 1988 1882 mu-

2095 1832 2412 1896 σκανδάλοις
2440 1834 2552 1896 τοῖς
2584 1831 2674 1884 ὑπ’
2705 1830 2882 1884 αὐτῶν
2923 1830 3198 1902 προϐεϐλη
3209 1831 3390 1902 μένοις
3445 1847 3682 1901 περιπα-

405 1909 556 1964 niisti
591 1912 754 1968 viam.
779 1912 915 1967 Illud
937 1921 1143 1978 autem,
1172 1913 1377 1970 Cadent
1407 1917 1592 1972 subtus
1629 1917 1784 1988 pedes
1825 1936 1986 1986 meos,

404 2017 646 2085 consona
676 2005 998 2076 prophetico
1040 2007 1258 2077 spiritui
1315 2010 1769 2080 interpretatione
1813 2011 1988 2066 dona-

405 2095 512 2158 bis,
548 2096 596 2153 si
623 2099 942 2154 memineris
969 2100 1117 2155 illam
1151 2100 1458 2158 Salvatoris
1491 2103 1560 2158 ad
1591 2105 1872 2174 apostolos
1907 2104 1991 2160 fa-

406 2196 552 2242 ctam
592 2189 1037 2258 promissionem,
1071 2207 1180 2262 qua
1225 2193 1362 2247 dicit
1393 2193 1504 2249 illis
1537 2210 1551 2247 :
1593 2193 1725 2248 Ecce
1749 2195 1817 2250 do
1847 2194 1992 2252 vobis

402 2286 720 2346 potestatem
753 2279 1001 2335 calcandi
1024 2298 1189 2353 supra
1224 2297 1486 2353 serpentes
1515 2294 1565 2338 et
1591 2287 1917 2356 scorpiones,
1941 2296 1990 2342 et

403 2389 560 2441 super
585 2390 788 2428 omnem
817 2378 1061 2428 uirtutem
1084 2375 1288 2429 inimici
1321 2377 1394 2430 ".

2096 1917 2273 1989 ρῆναι.
2309 1917 2495 1972 Ταῦτα
2525 1919 2632 1989 γὰρ
2668 1917 2844 1971 πάντα
2886 1917 3151 1990 περιελὼν
3203 1921 3266 1973 σὺ
3297 1920 3457 1983 αὐτὸς
3490 1921 3518 1972 ὁ
3548 1919 3680 1983 Θεός

2095 2028 2216 2081 μου,
2252 2010 2460 2083 ὁμαλὴν
2509 2011 2824 2082 κατηρτίσω
2875 2030 2977 2083 μου
3041 2013 3140 2083 τὴν
3187 2011 3438 2082 πορείαν.
3481 2013 3555 2066 Τὸ
3599 2013 3680 2076 δὲ,

2093 2101 2428 2156 Πεσοῦνται
2462 2102 2582 2156 ὑπὸ
2614 2103 2755 2169 τοὺς
2785 2105 2978 2170 πόδας
3008 2121 3149 2173 μου,
3188 2106 3402 2174 νοήσεις
3445 2104 3685 2171 ἐπαξίως

2093 2193 2185 2246 τοῦ
2238 2193 2576 2265 προφητικοῦ
2626 2192 2959 2264 πνεύματος,
2987 2194 3088 2265 τῆς
3120 2194 3212 2248 τοῦ
3243 2195 3495 2265 Σωτῆρος
3547 2194 3683 2266 πρὸς

2095 2285 2220 2349 τοὺς
2268 2285 2602 2349 ἀποστόλους·
2649 2285 2982 2354 ἐπαγγελίας
3044 2285 3305 2358 μνησθεὶς
3337 2286 3403 2340 δι’
3441 2282 3507 2360 ἧς
3544 2284 3682 2358 πρὸς

2097 2376 2294 2440 αὐτοὺς
2325 2373 2510 2444 ἔλεγεν
2526 2391 2540 2405 ·
2577 2373 2731 2429 Ἰδοὺ
2755 2374 2962 2444 δίδωμι
2986 2375 3129 2446 ὑμῖν
3152 2375 3445 2441 ἐξουσίαν
3472 2376 3685 2432 πατεῖν

401 2463 603 2519 ἐπάνω
648 2465 842 2535 ὄφεων
879 2467 978 2522 καὶ
1022 2470 1350 2536 σκορπίων,
1383 2470 1482 2523 καὶ
1512 2471 1612 2523 ἐπὶ
1645 2468 1853 2525 πᾶσαν
1883 2469 2144 2538 δύναμιν
2177 2467 2284 2522 τοῦ
2317 2469 2557 2538 ἐχθροῦ.

473 2557 642 2616 Vsus.
667 2561 758 2616 40.
783 2561 852 2615 Et
871 2563 1204 2631 prwcinxisti
1228 2581 1308 2618 me
1338 2565 1530 2620 uirtute
1551 2565 1619 2620 ad
1643 2565 1860 2630 bellum,
1891 2566 1993 2619 im-

403 2652 645 2722 pcdivisti
678 2671 856 2708 omnes
890 2657 1221 2727 insurgentes
1269 2658 1324 2711 in
1371 2675 1474 2722 me,
1530 2657 1714 2712 subtus
1772 2673 1872 2710 me.
1906 2655 1990 2711 Me

403 2745 649 2815 quidem,
703 2746 801 2810 ait,
835 2746 1040 2802 virtute
1079 2762 1145 2802 ac
1187 2747 1508 2804 fortitudine
1549 2749 1846 2804 roborasti.
1883 2746 1989 2814 Qui

405 2838 659 2908 superius
683 2838 921 2902 dixerat,
959 2836 1101 2894 Deus
1134 2843 1226 2906 qui
1249 2841 1520 2910 prmcingit
1557 2856 1636 2894 me
1665 2839 1876 2902 virtute,
1901 2839 1989 2893 hic

405 2931 719 2986 absolutum
753 2945 892 3001 opus
935 2945 1060 2986 esse
1095 2929 1304 2985 indicat
1335 2931 1422 2986 his
1453 2930 1656 2997 verbis,
1678 2938 1728 2984 et
1772 2929 1993 3000 prazcin-

405 3022 536 3077 stisti
570 3038 651 3076 me
681 3022 873 3075 uirtute
901 3020 970 3074 ad
1017 3021 1232 3087 bellum,
1265 3031 1312 3076 et
1355 3021 1600 3076 inimicos
1632 3039 1770 3076 meos
1796 3021 1992 3076 dedisti
2017 3046 2060 3104 ο

403 3117 534 3172 mihi
563 3115 854 3181 dorsum,ii
879 3116 1087 3171 scilicet
1113 3116 1432 3188 paenitentia
1464 3115 1616 3170 ducti
1645 3115 1990 3170 inimicitiam

404 3209 825 3280 deposuerunt;
856 3205 950 3278 qui
978 3221 1101 3260 cum
1136 3207 1256 3269 illa,
1287 3221 1411 3276 qua;
1450 3221 1514 3260 ex
1546 3205 1749 3260 virtute
1787 3205 1988 3270 oritur,

407 3301 608 3356 ﬁducia
633 3309 885 3372 expertes
909 3312 1116 3365 essent,
1141 3316 1170 3354 a
1204 3299 1368 3354 Patre
1396 3299 1452 3353 in
1489 3299 1716 3354 dorsum
1737 3297 1868 3354 Jesu
1894 3313 1994 3369 po-

406 3393 501 3448 siti
552 3393 824 3459 sunt;sic
883 3395 1028 3449 enim
1062 3403 1210 3448 retro
1259 3391 1571 3454 constituti,
1600 3391 1778 3461 ipsum
1835 3388 1990 3460 sequi

403 3486 688 3542 valebunt.
741 3485 1020 3542 Fortassis
1075 3495 1262 3540 autem
1316 3487 1432 3540 haec
1480 3483 1613 3538 dicti
1671 3483 1992 3552 huiusmodi

405 3577 676 3632 sententia
731 3577 896 3633 fuerit
922 3596 934 3632 :
966 3576 1063 3632 Vir
1091 3585 1354 3636 strenuus
1374 3585 1428 3632 et
1463 3578 1688 3648 probus,
1721 3577 1817 3647 qui
1849 3575 1990 3630 ﬁdu-

405 3667 491 3724 cia
523 3683 653 3738 erga
691 3667 862 3725 Deum
887 3671 1192 3724 instructus
1215 3678 1317 3735 est,
1353 3669 1409 3724 in
1439 3680 1737 3740 conspectu
1773 3668 1990 3724 Domini

410 3759 664 3816 consistit
693 3778 706 3814 :
744 3766 800 3812 at
821 3759 1107 3830 improbus
1142 3766 1449 3815 retrorsum
1477 3761 1698 3816 malitia:
1724 3776 1837 3815 suae
1857 3775 1990 3814 cau—

411 3865 472 3906 sa
499 3851 730 3920 eiectus,
756 3865 900 3922 pone
945 3849 1234 3907 Dominum
1263 3867 1293 3906 a
1326 3853 1492 3908 dorso
1521 3862 1774 3923 ponetur.
1803 3852 1988 3920 Quan-

411 3943 702 4014 doquidem
728 3943 873 3999 enim
898 3943 1003 4002 insi
1032 3945 1290 4016 improbi,
1319 3947 1530 4015 priores
1565 3945 1643 3999 illi
1678 3952 1830 4016 terga
1862 3960 1987 4000 ver-

411 4040 548 4098 tere,
599 4049 710 4088 non
759 4033 971 4089 vultum
1021 4049 1212 4102 suum;
1284 4035 1402 4105 ipse
1455 4050 1674 4106 quoque
1735 4033 1986 4090 homines

410 4132 716 4189 aversatus,
743 4140 773 4180 a
803 4136 954 4196 tergo
977 4123 1220 4182 habebit.
1249 4127 1406 4192 Quod
1439 4125 1488 4180 si
1523 4125 1713 4196 justus
1753 4124 1984 4196 quilibet

409 4217 526 4273 haec
545 4216 809 4288 proferat,
853 4217 980 4287 jure
1029 4216 1202 4282 dicas,
1253 4217 1532 4288 improbas
1579 4223 1902 4289 potestates,
1937 4215 1984 4270 si

408 4305 628 4376 quidem
650 4306 705 4361 in
736 4314 1092 4376 conspectum
1125 4307 1368 4371 veniant,
1397 4308 1676 4361 intuentes
1706 4320 1765 4360 se
1789 4304 1860 4360 ob
1885 4303 1982 4358 de-

2171 2564 2281 2618 Kai
2311 2561 2669 2633 nsptéé'wo'cic
2693 2578 2771 2632 με
2799 2561 3058 2634 δύναμιν
3083 2566 3172 2632 εὶς
3201 2565 3487 2636 πόλεμον,
3539 2579 3686 2619 συν-

2093 2655 2383 2721 επόδισας
2433 2655 2665 2720 πάντας
2712 2656 2848 2724 τοὺς
2893 2656 3407 2726 ἐπανισταμένους
3443 2657 3536 2710 ἐπ’
3577 2653 3684 2726 etsi

2094 2747 2372 2801 ὑποκάτω
2397 2766 2532 2818 μου.
2589 2749 2742 2820 Ἐμοὶ
2776 2749 2896 2820 μὲν,
2931 2749 3117 2820 φησὶν,
3147 2749 3398 2821 ἀνδρείαν
3425 2749 3684 2822 ἐδωρήσω

2094 2839 2190 2893 καὶ
2241 2839 2450 2912 ῥώμην.
2491 2841 2673 2895 Εἰπὼν
2707 2843 2994 2914 ἀνωτέρωο
3035 2843 3096 2896 '0
3137 2841 3281 2910 Θεὸς
3324 2845 3356 2896 ό
3415 2839 3686 2908 περιζων-

2094 2933 2256 2986 νύων
2279 2950 2356 3002 με
2383 2931 2661 3004 δύναμιν,
2695 2935 2929 2988 ἐνταῦθα
2957 2933 3052 2988 καὶ
3085 2933 3175 2987 τοῦ
3205 2934 3365 3004 ἔργου
3394 2933 3455 2986 τὸ
3484 2933 3686 2986 ἀποτέ-

2095 3019 2270 3092 λεσμα
2297 3021 2537 3076 διδάσκει
2564 3023 2737 3092 λέγων
2755 3040 2768 3053 ’
2800 3027 2910 3077 Καὶ
2943 3023 3298 3092 περιέζωσάς
3321 3039 3398 3091 με
3428 3021 3684 3089 δύναμιν

2091 3114 2179 3177 εὶς
2207 3113 2499 3182 πόλεμον
2547 3114 2647 3167 καὶ
2693 3115 2834 3180 τοὺς
2859 3115 3112 3183 ἐχθρούς
3152 3132 3271 3182 μου
3308 3113 3538 3178 ἔδωκάς
3579 3131 3684 3184 μοι

2091 3199 2311 3254 νῶτον·
2343 3202 2393 3253 οἱ
2421 3203 2487 3256 ὲκ
2521 3205 2811 3273 μετανοίας
2833 3205 2958 3276 ἄρτι
2992 3204 3092 3274 τῆς
3126 3203 3323 3275 ἔχθρας
3349 3204 3684 3259 ἀπαλλαττό-

2097 3309 2268 3362 μενοι,
2295 3292 2384 3346 διὰ
2415 3293 2475 3346 τὸ
2511 3293 2736 3365 μηδέπω
2755 3295 2854 3366 τὴν
2875 3296 2961 3347 ἐπ’
2983 3297 3151 3367 ἀρετῇ
3179 3295 3493 3368 παρρησίαν
3514 3295 3682 3368 ἔχειν,

2091 3380 2301 3434 τεθεῖεν
2337 3380 2432 3434 τοῦ
2468 3382 2644 3453 Ἰησοῦ
2671 3381 2840 3445 νῶτος
2868 3383 2973 3437 ὑπὸ
2993 3383 3089 3438 τοῦ
3119 3385 3364 3456 Πατρός·
3400 3383 3542 3438 οὕτω
3575 3385 3683 3456 γὰρ

2094 3473 2188 3526 καὶ
2230 3471 2592 3544 ἀκολουθῆσαι
2624 3473 2772 3546 αὐτῷ
2816 3474 2992 3529 ὀπίσω
3027 3476 3308 3547 γενόμενοι
3343 3476 3678 3547 δυνήσονται.

2093 3564 2247 3635 Τάχα
2275 3564 2334 3618 δὲ
2368 3565 2462 3618 καὶ
2487 3566 2646 3619 τοῦτο
2678 3566 2869 3640 ῥηθείη
2890 3584 2904 3598 ο
2951 3567 3010 3621 Ὀ
3038 3569 3346 3634 σπουδαῖος,
3367 3569 3682 3640 παρρησίαν

2092 3657 2226 3728 πρὸς
2254 3657 2343 3710 τὸν
2377 3657 2508 3710 Θεὸν
2544 3661 2897 3730 κεκτημένος,
2928 3658 3156 3714 ἐνώπιον
3182 3661 3389 3731 Κυρίου
3421 3660 3684 3733 παρίστα-

2089 3765 2179 3800 ται
2197 3765 2210 3778 ο
2238 3751 2266 3801 ὁ
2307 3748 2364 3801 δὲ
2412 3749 2633 3818 φαῦλος,
2661 3744 2836 3803 ὀπίσω
2866 3751 3262 3822 ἐκϐαλλόμενος
3307 3750 3396 3805 διὰ
3423 3751 3520 3822 τὴν
3547 3752 3682 3806 ίδίαν

2088 3842 2310 3907 κακίαν,
2337 3841 2506 3906 νῶτος
2535 3841 2823 3914 τεθήσεται
2849 3843 2944 3896 τοῦ
2968 3843 3195 3915 Κυρίου.
3233 3845 3387 3899 Ἐπεὶ
3419 3847 3529 3918 γὰρ
3551 3845 3682 3920 πρό-

2087 3947 2235 4003 τεροι
2265 3933 2418 3986 αὐτοὶ
2437 3933 2488 3986 oi
2515 3933 2706 4003 φαῦλοι
2735 3933 3004 4006 ἔστρεψαν
3035 3935 3172 4006 πρὸς
3207 3935 3370 3990 αὐτὸν
3394 3936 3561 4001 νῶτα,
3589 3939 3682 3992 καὶ.

2087 4025 2207 4095 οὐχὶ
2239 4025 2505 4092 πρόσωπα
2529 4025 2729 4090 αὐτῶν,
2753 4027 2847 4080 καί
2865 4026 3048 4092 αὐτὸς,
3067 4027 3440 4099 ἀποστραφεὶς
3463 4029 3680 4094 αὐτοὺς,

2087 4115 2255 4180 νῶτος
2289 4116 2487 4180 αὐτοὺς
2535 4116 2621 4189 (l)
2674 4116 2806 4184 ἕξει.
2850 4117 2914 4170 Ei
2941 4116 2999 4168 δὲ
3028 4118 3122 4170 καὶ
3146 4119 3252 4181 πᾶς
3273 4118 3479 4184 δίκαιος
3508 4121 3682 4176 ταῦτα

2087 4208 2259 4277 λέγοι,
2297 4209 2462 4280 ἐρεῖς,
2501 4210 2583 4262 δτι
2629 4211 2684 4262 αἱ
2745 4207 3020 4279 μοχθηραὶ
3063 4209 3345 4280 δυνάμεις,
3397 4215 3476 4277 εἰς
3508 4214 3678 4285 πρός-

2086 4317 2234 4353 ωπον
2254 4299 2565 4370 ἐρχόμεναι,
2605 4299 2898 4370 βλάπτουσι
2932 4301 3058 4364 τοὺς
3089 4301 3443 4372 ὁρῶνταςιδια
3482 4305 3682 4370 παντὸς

410 4396 743 4451 formitatem
773 4395 988 4458 laedere,
1020 4395 1106 4450 sin
1155 4411 1185 4450 a
1213 4404 1366 4468 tergo
1416 4397 1810 4468 proiiciantur,
1844 4394 1980 4449 nihil

2094 4390 2236 4454 5ντες
2279 4391 2538 4462 εἰδεχθεῖς
2558 4409 2570 4422 ·
2603 4394 2682 4454 εἰς
2715 4390 2992 4446 νῶτον-δὲ
3038 4394 3306 4464 ῥιφέντες,
3339 4397 3489 4450 οὐδὲν
3522 4398 3681 4470 δυνή-

411 4493 643 4556 possunt
666 4484 798 4537 mali
828 4482 1096 4540 adversus
1143 4485 1267 4540 illos
1315 4485 1642 4550 machinari,
1685 4484 1990 4541 secundum

409 4577 544 4632 illud
588 4596 602 4632 :
649 4575 827 4646 Supra
885 4575 1103 4644 dorsum
1153 4593 1323 4630 meum
1379 4577 1774 4645 fabricaverunt
1807 4592 1992 4646 pecca-

411 4679 545 4724 tores
575 4671 641 4722 ⁷⁸.

477 4759 647 4818 Vens.
710 4762 910 4818 47-49.
979 4762 1116 4818 Vivit
1209 4763 1490 4824 Dominus,
1566 4769 1618 4816 et
1693 4758 1993 4815 benedictus

415 4851 554 4908 Deus
584 4869 751 4919 meus,
801 4865 851 4910 et
899 4856 1166 4910 cxaltetur
1213 4852 1355 4908 Deus
1408 4850 1599 4906 salutis
1645 4866 1794 4905 mete.
1839 4849 1982 4904 Deus

412 4945 500 5014 qui
541 4943 642 5000 das
677 4947 938 5001 vindictas
978 4947 1133 5011 mihi,
1165 4955 1216 5000 et
1255 4943 1435 5000 subdis
1483 4942 1706 5012 populos
1750 4941 1846 4995 sub
1877 4957 1979 5004 ine,

412 5035 668 5091 liberator
699 5053 845 5091 mens
879 5039 944 5092 de
973 5037 1199 5090 inimicis
1228 5037 1358 5089 meis
1389 5033 1684 5088 iracundis.
1720 5031 1986 5098 Quamvis

411 5126 560 5182 enim
620 5142 744 5185 sese
785 5126 1159 5183 humiliaverit
1209 5142 1335 5182 cum
1385 5124 1670 5180 inclinavit
1721 5123 1894 5179 caelos
1930 5132 1986 5177 et

413 5221 726 5290 descendit;
759 5231 816 5277 at
851 5222 1103 5278 excelsus
1133 5230 1318 5276 tamen
1348 5227 1431 5273 est
1464 5216 1766 5273 secundum
1813 5215 1985 5271 illud:

416 5311 557 5367 Deus
602 5314 858 5370 exultavit
905 5314 1082 5378 illum,
1113 5321 1163 5367 et
1205 5309 1348 5365 dedit
1388 5308 1474 5362 illi
1514 5325 1701 5362 nomen
1729 5307 1866 5380 quod
1910 5317 1990 5362 est

416 5419 570 5474 super
607 5423 758 5461 omne
793 5422 979 5460 nomen
993 5406 1063 5461 "’.
1124 5403 1266 5459 Deus
1298 5401 1389 5474 qui
1422 5400 1520 5454 das
1565 5399 1827 5455 vindictas
1860 5401 1989 5453 mihi

415 5503 467 5552 et
504 5495 691 5552 subdis
720 5497 940 5567 peruias
981 5497 1076 5552 sub
1117 5513 1220 5561 me,
1259 5493 1515 5549 liberator
1544 5509 1689 5548 meus
1717 5493 1782 5546 de
1813 5493 1994 5547 inimi-

2092 4500 2275 4537 σονται
2306 4483 2400 4534 ἐπὶ
2439 4483 2632 4536 τούτου
2664 4483 3064 4548 τεκταίνεσθαι,
3103 4487 3245 4540 κατὰ
3275 4489 3364 4541 τό⁶
3408 4489 3534 4543 Ἐπὶ
3572 4489 3681 4545 τοῦ

2089 4572 2281 4626 νώτου
2301 4589 2420 4640 μου
2452 4570 2800 4626 ἐτέκταινον
2827 4573 2881 4625 oi
2921 4571 3261 4642 ἁμαρτωλοί
3266 4614 3278 4626 .

2166 4757 2252 4827 Ζῇ
2309 4757 2542 4824 Κύριος,
2596 4755 2694 4808 καὶ
2745 4753 3074 4824 εὐλογητὸς
3126 4758 3158 4808 ὁ
3207 4758 3351 4821 Θεὲς
3387 4773 3528 4825 μου,
3582 4755 3678 4810 καί

2093 4847 2388 4917 ὑψωθήτω
2424 4851 2456 4900 ὀ
2502 4846 2644 4912 Θεὸς
2696 4845 2808 4913 τῆς
2857 4845 3156 4912 σωτηρίας
3191 4863 3329 4915 μου.
3378 4846 3440 4900 '0
3475 4845 3616 4912 Θεὸς
3646 4849 3677 4899 o'

2093 4941 2298 5007 διδοὺς
2323 4939 2664 5006 ὲκδικήσεις
2705 4938 2857 5009 ἐμοὶ,
2901 4937 3000 4992 καὶ
3027 4939 3334 5006 ὑποτάξας
3365 4939 3553 5006 λαοὺς
3578 4939 3679 4994 ὑπ’

2092 5033 2218 5103 ἐμὲ,
2256 5037 2289 5087 o'
2312 5033 2547 5100 ῥύστης
2587 5049 2706 5101 μου
2755 5030 2824 5095 ἐξ
2872 5029 3104 5100 ἐχθρῶν
3153 5031 3427 5099 ϐργίλων.
3459 5032 3521 5083 Εἰ
3571 5029 3680 5102 γὰρ

2091 5127 2184 5180 καὶ
2231 5124 2594 5178 ἐταπείνωσεν
2629 5123 2842 5186 ἑαυτὸν,
2885 5123 3072 5186 κλίνας
3110 5122 3371 5195 οὐρανοὺς
3401 5123 3491 5176 καὶ
3510 5139 3678 5175 κατα-

2089 5217 2208 5280 ϐὰς,
2244 5216 2358 5270 ἀλλ’
2387 5216 2588 5286 ὑψηλός
2608 5217 2746 5279 ἐστι,
2772 5215 2916 5270 κατὰ
2942 5215 3022 5268 τόο
3042 5216 3096 5268 Ὀ
3121 5215 3264 5282 Θεὸς
3296 5213 3482 5268 αὑτὸν
3503 5217 3680 5282 ὑπερ-

2098 5311 2348 5379 ύψωσεν
2399 5309 2496 5363 καὶ
2527 5308 2850 5378 ἐχαρίσατο
2882 5307 3041 5373 αὐτῷ
3073 5307 3260 5377 ὄνομα
3289 5306 3354 5360 τὸ
3386 5306 3536 5375 ὑπὲρ
3558 5303 3682 5361 πᾶν

2095 5402 2302 5472 ὄνομα.
2341 5401 2402 5454 Ὀ
2461 5401 2605 5466 Θεὸς
2658 5403 2690 5453 ὀ
2745 5399 2948 5466 διδοὺς
2986 5398 3328 5469 ἑκδικήσεις
3378 5399 3530 5470 ἐμοὶ,
3579 5397 3678 5454 πίει

2095 5493 2462 5547 ὑποτάσσων
2491 5493 2682 5558 λαοὺς
2712 5491 2815 5547 ὑπ’
2840 5490 2963 5562 ἐμὲ,
3012 5494 3045 5545 ὁ
3071 5493 3304 5561 ρὐτης
3341 5509 3463 5563 μου
3487 5488 3558 5560 ἐξ
3580 5488 3680 5564 ἑχ-

417 5635 497 5684 .”⁶
528 5635 678 5691 Psal.
711 5653 840 5702 xxx,
909 5638 961 5693 9.
1039 5639 1082 5670 ⁷⁷
1107 5637 1240 5693 Luc.
1285 5654 1339 5704 χ,
1374 5637 1459 5692 19.
1539 5635 1582 5666 ⁷⁸
1605 5633 1750 5690 Psal.
1789 5649 1991 5690 crxvut

2094 5678 2098 5694 .
2176 5636 2220 5666 ⁷⁸
2243 5634 2478 5705 Philipp.
2529 5648 2592 5698 ιι,
2625 5632 2679 5686 9.

487 5755 856 5828 (1)Νῶτος...
877 5753 1018 5820 ἕξει.
1039 5753 1202 5813 Forte
1228 5753 1516 5825 legendum
1542 5754 1708 5810 νῶτον
1743 5769 1840 5824 pro
1873 5751 2062 5817 νῶτος.
2105 5751 2263 5808 Eutr.
