4100 6406
413 406 515 463 183

1553 394 2058 453 COMMENTARIA
2089 391 2160 449 IN
2197 390 2542 449 PSALMOS.

3584 392 3685 448 186

407 521 564 591 θρῶν
583 538 704 592 μου
748 521 1022 590 ὀργίλων,
1064 520 1185 575 ἀπὸ
1217 520 1336 573 τῶν
1366 518 1861 589 ἐπανισταμένων
1903 517 1979 570 ἐπ

2099 514 2175 568 eis
2206 512 2333 567 meis
2365 509 2660 569 iracundis.
2694 508 2771 562 Ab
2800 508 3193 580 insurgentibus
3230 511 3283 564 in
3308 526 3387 564 me
3414 511 3681 567 exultabis

406 610 513 680 ἐμὲ
539 610 805 680 ὑψώσεις
824 629 921 680 με,
947 611 1045 664 καὶ
1072 610 1191 666 ἀπὸ
1215 609 1436 679 ἀνδρὸς
1457 608 1668 664 ἀδίκου
1686 608 1876 676 ῥῦσαί
1901 623 1998 676 με.

410 702 501 773 Τῷ
531 703 626 773 μὲν
654 702 762 774 γὰρ
797 703 1108 757 ἀπειθοῦντι
1145 702 1260 774 λαῷ
1290 703 1385 756 καὶ
1417 701 1750 771 ἁντιλέγοντι
1784 699 2000 766 ἐπάξειν

410 796 507 859 τὰς
526 796 832 868 ἐκδικήσεις
861 799 955 852 καὶ
981 798 1081 862 τὰς
1109 799 1379 870 τιμωρίας
1408 797 1642 869 εἴρηταν
1669 797 1701 868 ἢ
1733 795 1875 850 κατὰ
1909 797 2001 850 τὸν

411 887 723 959 Σύμμαχον,
767 889 820 942 '0
868 889 1014 956 Θεὸς
1047 894 1078 944 ό
1127 888 1459 960 παρασχὼν
1507 889 1786 960 τιμωρίας
1832 888 1996 957 ἐμοί·

408 981 485 1050 τῷ
514 980 558 1032 δ’
593 981 764 1052 ἑτέρῳ
784 981 1022 1053 τάγματι
1049 1000 1115 1035 πε
1127 985 1180 1054 pl.
1205 975 1267 1036 οὖ
1308 982 1565 1049 ἀνωτέρω
1597 981 1812 1054 εἴρηται
1830 1001 1844 1016 ο
1879 984 1999 1034 Κα-

409 1072 733 1139 ταστήσεις
780 1091 858 1143 με
886 1077 972 1141 εὶς
1014 1074 1290 1143 κεφαλὴν
1326 1073 1535 1129 ἐθνῶν.
1585 1074 1744 1139 Λαὸς
1769 1074 1840 1127 ὃν
1886 1074 1999 1127 οὐκ

407 1165 601 1235 ἔγνων
626 1165 957 1220 ἐδούλευσε
976 1184 1076 1236 μοι
1094 1184 1108 1197 ·
1140 1167 1317 1237 τούτῳ
1349 1168 1447 1237 τὴν
1480 1167 1758 1236 ὑποταγὴν
1786 1165 1883 1236 τὴν
1905 1165 1996 1217 ὑπ’

407 1257 569 1311 αὑτὸν
602 1256 907 1329 χαρίζεται.
943 1259 1033 1310 Διὸ
1074 1257 1316 1326 ἐπιλέγει
1349 1257 1488 1310 κατὰ
1529 1257 1620 1311 τὸν
1665 1256 1992 1326 Σύμμαχον·

406 1348 521 1401 Καὶ
549 1349 918 1403 ὑποτάσσων
946 1351 1136 1417 λαοὺς
1156 1351 1250 1404 ἐπ’
1277 1350 1402 1420 ἐμέ.
1434 1345 1599 1414 Οὗτος
1640 1351 1739 1403 καὶ
1761 1351 1997 1419 ρὐτης

404 1458 542 1510 μου,
571 1441 724 1511 φησὶ,
759 1430 981 1510 γέγονεν
1001 1441 1071 1506 ἐξ
1096 1442 1327 1511 ἐχθρῶν
1343 1461 1463 1511 μου
1494 1444 1768 1512 ὀργίλων,
1791 1444 1888 1496 καὶ
1925 1443 1995 1496 ἐκ

408 1528 528 1583 τῶν
553 1530 1044 1601 ἐπανισταμένων
1063 1532 1156 1584 ἐπ’
1183 1531 1287 1601 ἐμὲ
1307 1531 1633 1601 ὕψωσέιμε,
1669 1535 1701 1586 ὁ
1730 1531 1783 1585 δ’
1812 1531 1997 1597 αὐτὸς

406 1623 504 1677 καὶ
527 1624 644 1677 ἀπὸ
672 1623 889 1691 ἀνδρες
916 1623 1127 1677 ἀδίκου
1155 1622 1453 1691 ἑρῤύσατό
1475 1639 1573 1691 με.
1602 1624 1678 1675 Δι’
1703 1616 1777 1676 ὧν
1808 1620 1996 1692 σαφῶς

406 1716 735 1787 παρίστησιν
776 1714 1005 1787 ἐχθρούς
1036 1732 1187 1779 τινας
1217 1714 1382 1771 αὑτοῦ
1432 1717 1526 1770 καὶ
1557 1715 1954 1787 ἀνθεστηκότας
1976 1731 1991 1745 ο

405 1806 499 1859 καὶ
531 1806 683 1877 παρὰ
702 1806 923 1869 τούτους
953 1806 1140 1877 ἕτερόν
1161 1824 1282 1861 τινα
1313 1807 1502 1878 ἄνδρα,
1542 1805 1739 1878 μεστὸν
1766 1806 1843 1870 ὡς
1866 1806 1997 1878 ἀλη-

2104 618 2219 659 me:
2250 621 2283 657 a
2309 603 2422 659 viro
2456 603 2638 673 iniquo
2667 601 2808 670 eripe
2836 617 2938 656 me.
2989 601 3380 673 lnobseqnenti
3410 618 3475 658 ac
3511 620 3681 675 repn-

2104 696 2295 767 gnanti
2330 695 2556 766 populo,
2583 692 2880 748 vindictam
2915 692 3253 748 inferendam
3286 709 3410 749 esse
3434 696 3639 750 dicitur
3666 715 3681 751 :

2103 794 2219 850 aut,
2252 785 2556 842 secundum
2593 781 3007 854 Symmachum,
3043 782 3207 847 Deus,
3239 786 3330 853 qui
3367 786 3566 853 prwbes
3600 788 3684 838 ul—

2104 879 2271 932 tiones
2307 876 2473 940 milii;
2514 875 2656 930 alius
2684 889 2816 930 vero
2864 884 2950 930 est
2999 875 3135 929 ordo
3167 890 3449 945 genusque
3499 876 3679 930 homi-

2101 983 2256 1032 num,
2292 968 2360 1023 de
2393 982 2502 1038 quo
2531 966 2786 1038 superius
2820 967 2987 1029 (vers.
3023 966 3115 1030 41,
3151 966 3241 1037 45)
3277 966 3510 1031 dictum,
3552 984 3682 1021 con-

2100 1060 2289 1113 stitues
2342 1075 2424 1112 me
2483 1059 2538 1111 in
2588 1066 2745 1125 caput
2786 1058 3040 1128 gentium.
3098 1056 3338 1126 Populus
3377 1074 3528 1128 quem
3574 1075 3679 1112 non

2098 1145 2314 1214 cognovi
2348 1144 2557 1198 servivit
2584 1144 2748 1207 mihi;
2783 1143 2951 1209 hunc,
3001 1143 3249 1213 inquam,
3287 1144 3677 1214 obsequentem

2086 1236 2149 1294 εἰ
2192 1236 2503 1291 constituit.
2539 1235 2723 1301 Quare
2768 1233 3073 1289 secundum
3128 1230 3518 1305 Symmachum
3551 1236 3679 1290 sub-

2098 1325 2200 1392 dit,
2245 1336 2295 1381 et
2338 1326 2622 1396 subjiciens
2669 1325 2890 1395 populos
2923 1341 3079 1393 super
3109 1342 3208 1380 me.
3245 1325 3341 1380 llic
3375 1328 3505 1380 item
3551 1328 3675 1391 fuit,

2098 1417 2359 1473 liberator
2382 1436 2527 1472 meus
2555 1433 2618 1471 ea:
2657 1418 2887 1471 inimicis
2932 1418 3061 1471 meis
3092 1419 3385 1482 iracundis,
3413 1429 3463 1472 et
3497 1418 3560 1471 ab
3593 1420 3679 1472 in-

2098 1507 2436 1577 surgentibus
2478 1510 2534 1560 in
2580 1523 2660 1560 me
2709 1507 2968 1560 exultavit
2996 1524 3098 1571 me,
3139 1525 3172 1560 a
3208 1509 3318 1561 riro
3358 1508 3537 1578 iniquo
3569 1511 3677 1564 eri-

2096 1599 2208 1668 puit
2259 1615 2360 1654 me.
2420 1597 2632 1664 Quibus
2681 1597 2862 1667 palam
2918 1598 3145 1663 indicat,
3181 1598 3435 1655 inimicos
3480 1600 3582 1655 sibi
3622 1611 3677 1657 ct

2097 1690 2444 1747 adversarios
2473 1706 2633 1747 esse:
2687 1708 2751 1746 ac
2803 1699 3001 1760 praeter
3033 1707 3128 1746 eos
3172 1692 3336 1745 alium
3376 1693 3674 1762 quemdam

2095 1778 2274 1840 virum
2308 1785 2457 1839 omni
2500 1801 2731 1856 prorsus
2775 1785 3065 1855 iniquitate
3095 1786 3336 1856 plenum.
3377 1785 3475 1841 llis
3508 1803 3675 1857 porro

410 1898 521 1959 θῶς
569 1874 751 1969 πασης
780 1900 1017 1963 ἀδικίας.
1049 1874 1126 1971 *Ση
1137 1898 1317 1970 μαίνει
1347 1874 1464 1954 δὲτὸ
1494 1874 1650 1969 λύγος
1675 1898 1763 1953 διὰ
1792 1874 1979 1952 τούτωι

2098 1874 2422 1945 prOphetico
2447 1890 2599 1930 more
2643 1875 2960 1929 indicantur
2991 1875 3268 1944 principes
3317 1874 3530 1930 Judaici
3577 1893 3677 1946 po-

405 1991 759 2059 προφητικῶς
785 1992 911 2054 τοὺς
937 1992 1204 2062 ἄρχοντας
1238 1992 1332 2045 τοῦ
1379 1991 1646 2045 Ἰουδαίων
1686 1990 1871 2055 ἔθνους
1897 1990 1993 2045 καὶ

401 2080 492 2134 τὸν
537 2083 803 2155 προδότην
852 2084 1070 2149 Ἰούδαν,
1118 2086 1318 2148 παντὸς
1363 2084 1550 2138 ἀδίκου
1583 2085 1801 2155 χείρονα
1841 2084 1994 2152 γενό-

405 2191 585 2244 μενον,
615 2176 696 2228 ὅτι
728 2175 814 2247 δὴ,
840 2176 1095 2230 τοιούτων
1127 2176 1377 2244 ἀξιωθεὶς
1410 2175 1562 2247 παρὰ
1588 2176 1678 2229 τοῦ
1712 2177 1991 2248 Σωτῆρος,

401 2268 506 2329 τοῖς
542 2267 802 2331 ἐναντίοις
834 2268 996 2321 αὑτὸν
1028 2269 1313 2339 ἠμείψατο.

467 2358 573 2413 Διὰ
597 2358 771 2413 τοῦτο
811 2358 1338 2429 ἐξομολογήσομαί
1367 2374 1467 2414 σοι
1496 2360 1568 2413 ἐν
1589 2359 1795 2413 ἔθνεσι
1829 2399 1844 2423 ,
1873 2359 1989 2413 Κύ-

388 2467 504 2518 ριε,
540 2450 639 2503 καὶ
686 2449 767 2516 τῷ
796 2451 1044 2520 ὀνόματί
1088 2467 1206 2505 σου
1249 2450 1445 2520 ψαλῶ.
1489 2453 1860 2522 Μεγαλύνων
1880 2453 1989 2518 τὰς

393 2541 694 2623 σωτηρίας
739 2539 849 2594 τοῦ
880 2539 1191 2607 ,ϐασιλέως
1217 2541 1424 2604 αὑτοῦ,
1460 2540 1558 2594 καὶ
1593 2539 1780 2594 ποιῶν
1815 2540 1988 2606 ἕλεος

392 2633 472 2699 τῷ
502 2632 727 2703 χριστῷ
764 2634 951 2688 αὐτοῦ
973 2633 1173 2693 Δαυῒδ,
1212 2633 1312 2687 καὶ
1336 2632 1417 2697 τῷ
1445 2628 1739 2701 σπέρματι
1774 2631 1983 2696 αὐτοῦ,

391 2724 501 2791 ἕως
525 2726 759 2792 αἰῶνος.
804 2727 929 2779 Ἐπὶ
960 2725 1021 2779 τὸ
1044 2726 1230 2798 ἕτερον
1267 2725 1603 2795 μεταϐαίνει,
1637 2724 1713 2787 ὡς
1747 2724 1813 2777 ἂν
1841 2723 1985 2777 εἴποι

391 2833 477 2880 τις
501 2818 562 2870 τὸ
589 2816 760 2884 δεξιὸν
786 2818 995 2887 τάγμα,
1036 2820 1131 2871 καὶ
1160 2818 1305 2871 ἔστιν
1339 2817 1522 2888 ἔργοις
1559 2818 1741 2880 αὐτοῖς
1774 2817 1868 2870 καὶ
1890 2817 1984 2885 ὀφ-

393 2908 619 2980 θαλμοῖς
672 2909 1043 2979 παραλαϐεῖν·
1079 2909 1265 2981 ὥσπερ
1309 2911 1338 2962 6
1382 2908 1543 2963 Δαυῖδ
1579 2907 1717 2980 μετὰ
1744 2908 1840 2979 τὴν
1890 2908 1983 2961 τοῦ

391 3000 643 3073 Σωτῆρος
662 3002 819 3074 ἡμῶν
855 3002 1177 3074 παρουσίαν,
1213 3002 1404 3073 ὥσπερ
1436 3002 1604 3055 εἰσέτι
1634 3002 1729 3054 καὶ
1758 3001 1854 3055 νῦν
1875 3000 1982 3065 ζῶν

390 3093 486 3146 καὶ
518 3094 613 3146 σὺν
666 3094 976 3166 ἀνθρώποις
1009 3094 1445 3166 πολιτευόμενος,
1496 3095 1584 3148 διὰ
1633 3096 1741 3150 τῶν
1786 3094 1989 3149 ἑαυτοῦ

388 3186 616 3258 γραφῶν
647 3186 802 3257 ᾠδῶν
834 3204 893 3240 τε
922 3189 1016 3240 καὶ
1046 3188 1229 3258 ὕμνων
1262 3189 1319 3241 ἐν
1349 3189 1482 3240 πᾶσι
1508 3190 1619 3252 τοῖς
1649 3187 1824 3241 ἔθνεσι
1844 3188 1983 3259 ψάλ-

387 3277 468 3329 λει
502 3277 579 3349 τῷ
609 3278 728 3349 Θεῷ
751 3278 858 3332 τῶν
896 3279 1060 3333 ὅλων·
1093 3280 1187 3333 καὶ
1220 3280 1249 3334 6
1276 3280 1341 3332 ἐκ
1371 3280 1685 3352 σπέρματος
1722 3279 1787 3332 δι’
1812 3280 1978 3333 αὐτοῦ

386 3368 646 3437 γεγονὼς,
697 3363 758 3423 οὗ
808 3373 886 3434 είς
932 3371 1222 3443 πρόσωπον
1257 3371 1589 3444 ἀναφέρεται
1642 3371 1711 3425 τὰ
1756 3373 1980 3444 προκεί-

389 3477 549 3532 μενα,
583 3462 785 3532 ὁμοίως
828 3465 1090 3535 κρείττων
1122 3465 1410 3534 γενόμενος
1451 3464 1560 3518 τῶν
1600 3464 1979 3518 ἐπιϐεϐουλευ-

387 3551 561 3606 κότων
584 3553 753 3624 αὐτῷ,
781 3553 925 3610 εἴποι
950 3556 1014 3610 ἄν
1034 3572 1047 3585 ο
1073 3556 1181 3610 Καὶ
1209 3554 1327 3610 ἀπὸ
1344 3555 1466 3609 τῶν
1485 3557 1980 3626 ἐπανισταμένων

383 3642 477 3694 ἐπ’
512 3643 619 3713 ἐμὲ
639 3643 909 3713 ὑψώσεις
940 3645 1329 3715 με.Ἐκείνους
1366 3647 1463 3717 μὲν
1491 3643 1582 3701 οὖν
1618 3647 1971 3702 καταλείπει·

388 3736 483 3806 τὴν
515 3736 570 3788 δὲ
593 3736 752 3807 χάριν
774 3737 875 3808 τὴν
906 3737 966 3802 ἐξ
985 3739 1149 3791 αὐτοῦ
1178 3739 1274 3793 καὶ
1306 3739 1407 3811 τὴν
1428 3738 1686 3810 ἀλήθειαν
1712 3741 1843 3795 πᾶσι
1865 3743 1976 3805 τοῖς

385 3826 593 3880 ἔθνεσιν
629 3828 981 3898 μεταδίδωσιν
1004 3845 1018 3858 ·
1043 3830 1210 3882 εἰσέτι
1234 3846 1293 3882 τε
1323 3829 1418 3882 καὶ
1437 3828 1533 3884 νῦν
1565 3829 1841 3900 πανταχοῦ
1872 3831 1976 3901 γῆς

383 3916 546 3979 αὐτὸς
580 3915 793 3988 παρὼν,
828 3918 920 3971 καὶ
978 3917 1140 3988 μέσος
1190 3918 1299 3970 τῶν
1333 3920 1414 3979 εἰς
1471 3917 1632 3971 αὐτὸν
1666 3918 1974 3987 ἡλπικότων

382 4005 575 4070 ἑστὼς,
609 4006 685 4077 τῷ
716 4007 891 4079 Πατρὶ
917 4006 1003 4061 διὰ
1038 4008 1137 4078 τῆς
1169 4007 1363 4061 ἑαυτοῦ
1410 4008 1734 4079 Ἐκκλησίας
1784 4008 1975 4079 ἐξομο-

381 4095 619 4164 λογεῖται
636 4114 650 4127 ο
677 4098 757 4151 διό
784 4115 950 4170 φησι·
987 4097 1092 4152 Διὰ
1119 4098 1296 4153 τοῦτο
1328 4098 1847 4168 ἐξομολογησομαί
1866 4114 1974 4153 ¹σοι

379 4188 451 4243 ἐν
472 4189 694 4255 ἔθνεσί,
722 4191 916 4258 Κύριε,
943 4190 1044 4244 καὶ
1075 4189 1155 4256 τῷ
1182 4191 1429 4260 ὀνόματί
1457 4208 1572 4245 σου
1592 4190 1788 4259 ψαλῶ.

536 4301 648 4354 ΕΙΣ
680 4303 767 4355 Tt)
799 4303 1355 4368 ΤΕΛΟΣ,ΨΑΛΜΟΣ,
1378 4303 1464 4355 ΤΩ
1491 4303 1696 4358 ΔΑΥΙΔ
1731 4304 1837 4359 1Η’.

450 4414 559 4466 Καὶ
591 4414 619 4465 ὁ
647 4413 836 4485 παρὼν
864 4413 1076 4484 ψαλμὸς
1117 4414 1226 4466 τῶν
1256 4416 1335 4478 εἰς
1368 4415 1571 4483 ἀγαθὸν
1607 4414 1758 4477 τέλος
1792 4430 1967 4485 παρα-

376 4507 704 4578 πεμπόντων
740 4508 996 4579 τυγχάνει
1018 4525 1032 4538 ο
1065 4508 1199 4561 ἀλλὰ
1232 4510 1327 4563 καὶ
1355 4509 1811 4579 εὐχαριστήριος
1832 4509 1964 4562 ἁνα-

2095 1965 2233 2035 puli,
2267 1980 2331 2018 ac
2363 1963 2535 2019 Judas
2577 1964 2845 2035 proditor,
2885 1967 3081 2035 quovis
3106 1967 3296 2036 iniquo
3331 1968 3552 2022 homine
3587 1968 3677 2022 de-

2093 2057 2282 2119 terior,
2315 2057 2407 2127 qui
2434 2066 2514 2111 tot
2546 2057 2825 2113 beneﬁciis
2858 2075 2889 2112 a
2937 2058 3224 2113 Salvatore
3254 2069 3505 2126 ornatus,
3539 2076 3676 2115 con-

2093 2147 2321 2201 trariam
2356 2149 2792 2219 sceleratamquc
2820 2148 2994 2203 vicem
3020 2150 3223 2202 retulit.

2165 2339 2330 2398 Vens.
2351 2342 2440 2406 50,
2474 2343 2561 2397 5|.
2593 2343 2883 2414 Propterea
2911 2344 3200 2415 conﬁtebor
3227 2347 3320 2399 tibi
3351 2347 3404 2400 in
3436 2349 3666 2403 nationi-

2092 2431 2212 2498 bus,
2248 2433 2493 2498 Domine,
2532 2445 2580 2489 et
2604 2438 2808 2490 nomini
2849 2446 2940 2490 tuo
2983 2437 3251 2505 psalmum
3301 2438 3497 2492 dicam.
3548 2440 3672 2494 Ha-

2087 2526 2351 2596 guiﬁcans
2407 2526 2607 2581 salutes
2669 2530 2806 2597 regis
2858 2528 2997 2598 ejus,
3032 2538 3084 2583 et
3113 2529 3315 2598 faciens
3369 2532 3671 2586 misericor—

2087 2616 2234 2669 diam
2286 2616 2483 2671 christo
2518 2634 2612 2671 suo
2658 2619 2854 2684 David,
2899 2628 2948 2673 et
2998 2620 3187 2673 semini
3236 2621 3351 2689 ejus
3400 2638 3564 2692 usque
3615 2626 3670 2677 in

2088 2700 2364 2755 swculum.
2418 2702 2501 2755 Ad
2536 2703 2795 2767 alterum,
2838 2711 2912 2767 et,
2950 2715 3009 2759 ut
3053 2706 3130 2758 ita
3171 2705 3374 2769 dicam,
3408 2706 3668 2764 dextrum

2088 2792 2336 2847 ordinem
2384 2810 2691 2850 sermonem
2726 2796 3010 2863 transfert,
3066 2806 3123 2851 ut
3181 2797 3266 2850 vel
3328 2798 3461 2867 ipsis
3500 2800 3667 2856 rebus

2086 2892 2249 2954 atque
2304 2886 2479 2941 oculis
2530 2886 2966 2943 animadvertere
3020 2897 3122 2943 est.
3185 2888 3658 2955 Quemadmodum

2089 2965 2258 3030 Davi’d
2301 2987 2424 3046 post
2460 2975 2763 3034 Salvatoris
2816 2980 2992 3034 nostri
3034 2983 3356 3047 adventum,
3392 2983 3667 3042 hactenus

2082 3070 2241 3140 quasi
2280 3071 2334 3124 in
2381 3072 2518 3125 vivis
2556 3079 2701 3126 esset
2736 3087 2799 3127 ac
2830 3088 2955 3126 cum
2983 3073 3297 3130 hominibus
3329 3085 3664 3143 versaretur,

2083 3164 2297 3218 censeri
2327 3171 2527 3233 potest,
2549 3180 2612 3217 ac
2642 3180 2739 3233 per
2770 3154 2974 3235 scripta
3008 3183 3128 3231 sua,
3162 3168 3398 3233 cantica,
3432 3168 3664 3240 hymnos

2084 3256 2138 3311 in
2201 3256 2461 3310 omnibus
2507 3257 2765 3326 gentibus
2828 3259 3014 3327 psallit
3070 3260 3452 3314 universorum
3510 3259 3663 3329 Deo;

2082 3346 2156 3400 ita
2189 3345 2238 3401 is
2265 3347 2359 3417 qui
2386 3363 2454 3402 ex
2483 3349 2692 3404 semine
2721 3350 2843 3419 ejus
2872 3349 3052 3405 factus
3093 3362 3198 3416 est,
3245 3350 3313 3406 ad
3343 3353 3505 3422 cujus
3533 3369 3662 3423 per--

2079 3440 2272 3494 son'am
2298 3455 2360 3494 ea
2389 3456 2509 3509 qua:
2532 3441 2645 3511 jam
2674 3450 2975 3497 tractamus
3001 3444 3146 3497 dicta
3166 3443 3501 3511 referuntur,
3532 3461 3659 3501 cum

2077 3531 2193 3601 pari
2228 3533 2439 3587 ratione
2468 3534 2792 3589 insidiantes
2825 3535 2930 3590 sibi
2957 3538 3459 3607 superaverit,jure
3487 3538 3660 3607 dicat,

2076 3633 2126 3677 et
2158 3623 2223 3677 ab
2251 3625 2641 3695 insurgentibus
2672 3626 2725 3680 in
2754 3643 2834 3681 me
2868 3627 3134 3682 exultabis
3168 3646 3265 3683 me.
3307 3631 3431 3686 lllos
3475 3631 3662 3702 itaque

2075 3712 2278 3769 missos
2313 3713 2478 3781 facit;
2509 3714 2855 3787 gratiamque
2899 3731 2965 3771 ac
3012 3719 3299 3773 veritatem
3331 3737 3489 3775 suam
3528 3724 3659 3775 nni-

2074 3806 2251 3860 versis
2297 3806 2554 3876 gentibus
2584 3808 2869 3876 impertit:
2919 3810 3082 3864 etiam
3116 3826 3263 3866 nunc
3308 3812 3507 3884 ubique
3543 3821 3657 3868 ter-

2074 3910 2258 3951 rarum
2294 3914 2537 3968 praesens
2592 3900 2728 3968 ipse,
2766 3909 2819 3955 et
2850 3900 2905 3954 in
2943 3903 3121 3956 medio
3145 3920 3336 3958 eorum
3366 3907 3458 3976 qui
3498 3907 3550 3959 in
3597 3924 3658 3963 se

2074 4004 2365 4059 speravere
2387 3991 2720 4057 consistens,
2764 4007 2861 4059 per
2892 3990 3195 4047 Ecelesiam
3226 4010 3382 4049 suam
3412 4000 3651 4054 confite—

2073 4087 2196 4146 tur;
2230 4081 2585 4150 quamobrem
2629 4082 2743 4136 ait:
2794 4081 3090 4151 Propterea
3121 4088 3414 4154 conﬁtebor
3447 4090 3546 4143 tibi
3596 4091 3654 4145 in

2070 4172 2396 4234 nationibus,
2431 4170 2678 4236 Domine,
2707 4181 2755 4225 et
2799 4173 2999 4225 nomini
3038 4183 3127 4228 tuo
3151 4175 3419 4243 psalmum
3452 4179 3649 4238 dicam.

2196 4278 2246 4336 1.
2274 4280 2340 4335 ΙΝ
2375 4279 2608 4356 ΡΙΝΕΜ,
2633 4280 2958 4336 PSALMUS
3011 4281 3220 4335 DAVID
3262 4282 3452 4339 XVIII.

2138 4391 2391 4450 Praesens
2425 4410 2646 4464 quoque.
2684 4395 2932 4472 psalmus
2962 4409 3087 4449 cum
3122 4396 3191 4452 iis
3216 4398 3529 4457 censendus
3553 4403 3651 4473 qui

2067 4484 2133 4539 ad
2164 4486 2367 4540 bonum
2402 4486 2566 4541 ﬁnem
2598 4488 3022 4555 transmittunt;
3057 4489 3168 4543 imo
3196 4506 3416 4560 quoque
3441 4495 3649 4562 gratia-

374 4600 561 4671 γράφῃ
594 4600 717 4671 (sic)
744 4599 859 4669 ᾠδὴ
904 4599 1030 4667 τοῖς
1071 4600 1215 4667 τοὺς
1251 4601 1503 4671 ἐχθροὺς
1554 4618 1962 4670 καταγωνισα-

2079 4594 2188 4632 rum
2218 4580 2447 4633 actionis
2488 4579 2792 4649 inscriptus
2823 4593 2929 4647 est,
2963 4584 3228 4637 canticum
3253 4584 3317 4637 iis
3351 4586 3440 4654 qui
3466 4586 3647 4641 inimi-

369 4688 576 4759 μένοις
602 4691 894 4758 ἐπινίκιος
923 4691 1220 4762 εἰρημένη.
1265 4693 1355 4746 Διὸ
1380 4692 1519 4747 κατὰ
1544 4693 1637 4747 τὸν
1669 4694 1963 4765 Σύμμαχον

372 4782 586 4855 εἴρηται
610 4800 624 4813 ·
672 4784 997 4849 Ἔπινίκιες
1023 4784 1147 4853 ᾠδὴ
1186 4784 1293 4839 τοῦ
1322 4784 1518 4839 Δαυΐδ.
1562 4786 1721 4841 Ἀλλὰ
1752 4788 1846 4841 καὶ
1872 4787 1963 4840 διὰ

371 4875 431 4927 τὸ
462 4874 779 4929 ἀνακεῖσθαι
825 4875 905 4946 τῷ
946 4875 1046 4939 τὰς
1085 4875 1243 4939 νίκας
1286 4874 1613 4949 δωρουμένῳ
1645 4878 1783 4949 Θεῷ,
1820 4879 1969 4935 κατὰ,

369 4966 461 5020 τὸν
507 4965 760 5030 Ἀκύλαν,
800 4966 883 5031 Τῷ
912 4966 1196 5033 νικοποιῷ
1220 4963 1563 5041 μελῴδημα,
1598 4968 1867 5027 λέλεκται.

445 5145 509 5196 Οἱ
539 5142 782 5210 οὐρανοὶ
811 5140 1160 5211 διηγοῦνται
1188 5143 1376 5209 δόξαν
1414 5144 1583 5209 Θεοῦ,
1612 5146 1867 5213 ποίησιν
1888 5146 1957 5200 δὲ

368 5234 584 5303 χειρῶν
614 5233 801 5287 αὑτοῦ
838 5234 1195 5304 ἀναγγέλλει
1238 5234 1303 5288 τὸ
1337 5236 1659 5304 στερέωμα.
1688 5236 1953 5290 Διδασκα-

367 5324 488 5379 λίαν
520 5324 764 5396 περιέχει
796 5324 895 5396 τῆς
931 5325 1026 5377 τοῦ
1060 5325 1194 5379 Θεοῦ
1238 5319 1639 5398 μεγαλουργίας
1672 5345 1954 5399 παραστα-

365 5416 542 5488 τικήν.
592 5415 808 5486 Ἐπειδὴ
833 5416 942 5488 γὰρ
975 5417 1035 5469 τὸ
1060 5418 1265 5486 ἀφανὲς
1294 5419 1389 5472 καὶ
1422 5420 1652 5491 ἀόρατον
1683 5421 1785 5488 τῆς
1808 5421 1953 5473 ἀσω-

369 5510 540 5579 μάτου
594 5508 690 5562 καὶ
719 5510 983 5580 ἁγενήτου
1031 5511 1125 5563 καί
1156 5509 1343 5581 θεῖκῆς
1381 5512 1589 5576 οὐσίας,
1623 5512 1712 5566 διὰ
1768 5512 1829 5565 τὸ
1874 5513 1949 5584 μὴ

368 5600 569 5673 σαρκὸς
608 5600 905 5673 ὀφθαλμοῖς
943 5586 1476 5675 καταλαμϐάνεσθαι,
1524 5608 1573 5658 οἱ
1604 5606 1672 5658 τὰ
1725 5605 1949 5676 ὄμματα

362 5694 462 5764 τῆς
491 5693 670 5765 ψυχῆς
688 5696 1075 5767 πεπηρωμένοι
1101 5697 1201 5766 τῆς
1222 5697 1329 5750 τῶν
1353 5697 1522 5751 ὄντων
1548 5697 1834 5769 ὑπάρξεως
1864 5697 1950 5749 ἐκ·

363 5786 710 5857 εεὸλήκασιν,
748 5786 925 5849 ἀθέοις
959 5789 1220 5859 στόμασιν
1251 5791 1660 5863 ἀποφηνάμενοι
1698 5789 1772 5861 μὴ
1806 5786 1944 5842 εἶναι

364 5875 518 5943 Θεὸν,
556 5879 689 5950 μηδὲ
731 5876 995 5951 ὑπάρχειν
1038 5898 1089 5935 τι
1147 5884 1392 5955 κρεῖττον
1435 5884 1542 5937 τῶν
1594 5887 1650 5938 ἐν
1698 5882 1942 5953 σώμασιν

2065 4686 2153 4724 cos
2201 4670 2555 4734 debellarunt,
2590 4671 2911 4740 triumphale
2960 4673 3184 4730 dictum.
3234 4673 3417 4740 Quare
3445 4692 3645 4732 secun-

2062 4760 2192 4815 dum
2256 4759 2647 4832 Symmachum
2712 4763 2936 4828 dicitur,
2990 4764 3328 4833 Triumphale
3377 4768 3642 4822 canticum

2059 4853 2311 4910 Davidis.
2354 4852 2460 4910 Sed
2490 4856 2655 4910 etiam
2705 4857 2837 4926 quia
2883 4856 2997 4913 Deo
3036 4858 3392 4913 victoriarum
3425 4863 3638 4917 auctori

2059 4944 2442 5013 consecratur,
2496 4949 2799 5005 secundum
2851 4950 3132 5020 Aquilam,
3184 4950 3437 5006 Victoria:
3471 4952 3642 5025 largi-

2060 5043 2165 5097 tori
2192 5042 2509 5110 modulatio,
2543 5043 2890 5099 inscribitur.

2129 5134 2295 5191 Vnus.
2329 5135 2385 5189 2.
2424 5135 2557 5190 Caeli
2634 5144 2888 5191 enarrant
2934 5138 3163 5209 gloriam
3204 5141 3325 5209 Dei,
3375 5152 3425 5198 et
3475 5160 3637 5212 opera

2055 5243 2310 5282 manuum
2356 5228 2472 5298 ejus
2526 5230 2810 5283 annuntiat
2849 5231 3266 5299 ﬁrmamentum.
3316 5234 3633 5291 Doctrinam

2054 5324 2459 5393 complectitur,
2513 5338 2620 5392 qua
2688 5340 2948 5396 magnum
3007 5326 3143 5382 illud
3191 5327 3289 5382 Dei
3348 5329 3628 5399 Opiticium

2051 5425 2362 5472 enarratur.
2437 5415 2576 5482 Quia
2644 5417 2789 5471 enim
2863 5418 3121 5472 latentem
3194 5419 3635 5492 invisibilemque

2051 5509 2294 5563 divinam
2400 5506 2787 5575 substantiam,
2888 5508 3272 5580 incorpoream
3363 5520 3417 5567 et
3520 5524 3629 5569 non

2050 5600 2273 5666 factam,
2329 5599 2474 5671 quod
2533 5598 2848 5655 carnalibus
2902 5601 3078 5657 oculis
3134 5604 3329 5675 attingi
3404 5611 3462 5659 et
3534 5619 3633 5661 co-

2048 5694 2239 5765 gnosci
2319 5698 2579 5761 nequeat,
2651 5690 2744 5759 qui
2824 5695 3024 5749 mentis
3116 5696 3292 5751 oculis
3368 5697 3625 5752 obcaecati

2048 5793 2228 5851 crant,
2260 5800 2290 5839 c
2316 5792 2512 5837 natura
2543 5795 2727 5835 rerum
2763 5786 3125 5856 expulerunt;
3167 5789 3295 5842 dum
3333 5788 3495 5846 atheo
3525 5788 3624 5841 im-
3658 5848 3663 5853 I

2050 5879 2398 5954 pioqueqorc,
2436 5872 2646 5929 nullum
2678 5890 2801 5932 esse
2842 5876 3035 5947 Deum,
3069 5896 3168 5938 nec
3201 5879 3479 5953 quidpiam
3504 5893 3625 5933 cor-
3662 5864 3663 5867 ¹
