  <div class='ocr_page' id='page_1' title='image "/cluster/home/n/w/nwhite01/storage/ocr_20150623/23:no.5/coo.31924054873033/109.png"; bbox 0 0 4100 6376; ppageno 0'>
   <div class='ocr_carea' id='block_1_1' title="bbox 493 363 3761 428">
    <p class='ocr_par' dir='ltr' id='par_1_1' title="bbox 493 363 3761 428">
     <span class='ocr_line' id='line_1_1' title="bbox 493 363 3761 428; baseline 0.003 -11"><span class='ocrx_word' id='word_1_1' title='bbox 493 364 597 419; x_wconf 81' lang='grc'><strong>187</strong></span> <span class='ocrx_word' id='word_1_2' title='bbox 1162 364 1434 423; x_wconf 84' lang='lat' dir='ltr'><strong>EUSEBII</strong></span> <span class='ocrx_word' id='word_1_3' title='bbox 1472 365 1954 423; x_wconf 63' lang='lat' dir='ltr'><strong>CALSARIENSIS</strong></span> <span class='ocrx_word' id='word_1_4' title='bbox 1994 366 2148 425; x_wconf 87' lang='lat' dir='ltr'><strong>OPP.</strong></span> <span class='ocrx_word' id='word_1_5' title='bbox 2190 365 2370 422; x_wconf 80' lang='lat' dir='ltr'><strong>PARS</strong></span> <span class='ocrx_word' id='word_1_6' title='bbox 2409 367 2496 421; x_wconf 89' lang='lat' dir='ltr'><strong>Ill.</strong></span> <span class='ocrx_word' id='word_1_7' title='bbox 2536 394 2607 408; x_wconf 75' lang='grc' dir='ltr'><strong>ι·-</strong></span> <span class='ocrx_word' id='word_1_8' title='bbox 2637 363 3051 424; x_wconf 74' lang='lat' dir='ltr'><strong>EXEGETICA.</strong></span> <span class='ocrx_word' id='word_1_9' title='bbox 3653 370 3761 428; x_wconf 74' lang='grc'><strong>188</strong></span> 
     </span>
    </p>
   </div>
   <div class='ocr_carea' id='block_1_2' title="bbox 486 481 2066 562">
    <p class='ocr_par' dir='ltr' id='par_1_2' title="bbox 486 481 2063 558">
     <span class='ocr_line' id='line_1_2' title="bbox 486 481 2063 558; baseline 0.007 -24"><span class='ocrx_word' id='word_1_10' title='bbox 486 481 669 549; x_wconf 88' lang='lat' dir='ltr'><strong>poreis</strong></span> <span class='ocrx_word' id='word_1_11' title='bbox 700 481 865 537; x_wconf 84' lang='lat' dir='ltr'><strong>rebus</strong></span> <span class='ocrx_word' id='word_1_12' title='bbox 890 482 996 537; x_wconf 90' lang='lat' dir='ltr'><strong>sub</strong></span> <span class='ocrx_word' id='word_1_13' title='bbox 1034 492 1318 553; x_wconf 82' lang='lat' dir='ltr'><strong>aspectum</strong></span> <span class='ocrx_word' id='word_1_14' title='bbox 1353 488 1682 544; x_wconf 76' lang='lat' dir='ltr'><strong>cadentibus</strong></span> <span class='ocrx_word' id='word_1_15' title='bbox 1711 489 2063 558; x_wconf 74' lang='lat' dir='ltr'><strong>praestantius</strong></span> 
     </span>
    </p>
   </div>
   <div class='ocr_carea' id='block_1_3' title="bbox 2173 481 3755 562">
    <p class='ocr_par' dir='ltr' id='par_1_3' title="bbox 2173 485 3755 562">
     <span class='ocr_line' id='line_1_3' title="bbox 2173 485 3755 562; baseline 0.001 -21"><span class='ocrx_word' id='word_1_16' title='bbox 2173 486 2457 559; x_wconf 73' lang='grc' dir='ltr'><strong>ὁρωμένων</strong></span> <span class='ocrx_word' id='word_1_17' title='bbox 2483 504 2495 517; x_wconf 91' lang='grc'><strong>·</strong></span> <span class='ocrx_word' id='word_1_18' title='bbox 2548 486 2838 557; x_wconf 78' lang='grc' dir='ltr'><strong>αὐτομάτῳ</strong></span> <span class='ocrx_word' id='word_1_19' title='bbox 2869 486 2926 540; x_wconf 77' lang='grc' dir='ltr'>δὲ</span> <span class='ocrx_word' id='word_1_20' title='bbox 2967 486 3062 540; x_wconf 76' lang='grc' dir='ltr'><strong>καὶ</strong></span> <span class='ocrx_word' id='word_1_21' title='bbox 3092 485 3271 557; x_wconf 79' lang='grc' dir='ltr'>ἀλόγῳ</span> <span class='ocrx_word' id='word_1_22' title='bbox 3320 488 3599 559; x_wconf 74' lang='grc' dir='ltr'><strong>συντυχίᾳ,</strong></span> <span class='ocrx_word' id='word_1_23' title='bbox 3633 490 3755 562; x_wconf 82' lang='grc' dir='ltr'>εἰκῆ</span> 
     </span>
    </p>
   </div>
   <div class='ocr_carea' id='block_1_4' title="bbox 482 573 2066 652">
    <p class='ocr_par' dir='ltr' id='par_1_4' title="bbox 482 573 2064 652">
     <span class='ocr_line' id='line_1_4' title="bbox 482 573 2064 652; baseline 0.005 -25"><span class='ocrx_word' id='word_1_24' title='bbox 482 573 749 629; x_wconf 76' lang='lat' dir='ltr'><strong>exsistere</strong></span> <span class='ocrx_word' id='word_1_25' title='bbox 780 576 1250 644; x_wconf 77' lang='lat' dir='ltr'><strong>pronuntiabant;</strong></span> <span class='ocrx_word' id='word_1_26' title='bbox 1282 578 1377 633; x_wconf 79' lang='lat' dir='ltr'><strong>sed</strong></span> <span class='ocrx_word' id='word_1_27' title='bbox 1409 588 1713 649; x_wconf 77' lang='lat' dir='ltr'><strong>spontaneo</strong></span> <span class='ocrx_word' id='word_1_28' title='bbox 1742 581 1978 652; x_wconf 87' lang='lat' dir='ltr'><strong>quodam</strong></span> <span class='ocrx_word' id='word_1_29' title='bbox 2001 598 2064 635; x_wconf 89' lang='lat' dir='ltr'><strong>ac</strong></span> 
     </span>
    </p>
   </div>
   <div class='ocr_carea' id='block_1_5' title="bbox 2173 573 3756 652">
    <p class='ocr_par' dir='ltr' id='par_1_5' title="bbox 2173 577 3756 649">
     <span class='ocr_line' id='line_1_5' title="bbox 2173 577 3756 649; baseline 0.003 -16"><span class='ocrx_word' id='word_1_30' title='bbox 2173 579 2265 633; x_wconf 77' lang='grc' dir='ltr'>καὶ</span> <span class='ocrx_word' id='word_1_31' title='bbox 2292 578 2475 649; x_wconf 80' lang='grc' dir='ltr'><strong>μάτην</strong></span> <span class='ocrx_word' id='word_1_32' title='bbox 2502 577 2561 644; x_wconf 81' lang='grc' dir='ltr'><strong>ἐξ</strong></span> <span class='ocrx_word' id='word_1_33' title='bbox 2605 577 2862 649; x_wconf 79' lang='grc' dir='ltr'>οὐδεμιᾶς</span> <span class='ocrx_word' id='word_1_34' title='bbox 2892 579 3071 642; x_wconf 91' lang='grc' dir='ltr'>αἰτίας</span> <span class='ocrx_word' id='word_1_35' title='bbox 3112 579 3412 648; x_wconf 82' lang='grc' dir='ltr'><strong>ὑποστῆναι</strong></span> <span class='ocrx_word' id='word_1_36' title='bbox 3446 580 3537 634; x_wconf 77' lang='grc' dir='ltr'>τὸν</span> <span class='ocrx_word' id='word_1_37' title='bbox 3577 581 3756 638; x_wconf 82' lang='grc' dir='ltr'>πάντα</span> 
     </span>
    </p>
   </div>
   <div class='ocr_carea' id='block_1_6' title="bbox 483 664 2066 743">
    <p class='ocr_par' dir='ltr' id='par_1_6' title="bbox 483 664 2066 742">
     <span class='ocr_line' id='line_1_6' title="bbox 483 664 2066 742; baseline 0.008 -27"><span class='ocrx_word' id='word_1_38' title='bbox 483 664 785 719; x_wconf 89' lang='lat' dir='ltr'><strong>temerario</strong></span> <span class='ocrx_word' id='word_1_39' title='bbox 816 680 1095 724; x_wconf 88' lang='lat' dir='ltr'><strong>concursu</strong></span> <span class='ocrx_word' id='word_1_40' title='bbox 1126 676 1180 723; x_wconf 90' lang='lat' dir='ltr'><strong>et</strong></span> <span class='ocrx_word' id='word_1_41' title='bbox 1219 672 1457 739; x_wconf 88' lang='lat' dir='ltr'><strong>partium</strong></span> <span class='ocrx_word' id='word_1_42' title='bbox 1489 687 1811 742; x_wconf 88' lang='lat' dir='ltr'><strong>congressu,</strong></span> <span class='ocrx_word' id='word_1_43' title='bbox 1842 688 1975 730; x_wconf 90' lang='lat' dir='ltr'><strong>casu</strong></span> <span class='ocrx_word' id='word_1_44' title='bbox 2003 689 2066 728; x_wconf 92' lang='lat' dir='ltr'><strong>ac</strong></span> 
     </span>
    </p>
   </div>
   <div class='ocr_carea' id='block_1_7' title="bbox 2173 664 3757 743">
    <p class='ocr_par' dir='ltr' id='par_1_7' title="bbox 2173 668 3757 743">
     <span class='ocr_line' id='line_1_7' title="bbox 2173 668 3757 743; baseline 0.001 -20"><span class='ocrx_word' id='word_1_45' title='bbox 2173 670 2372 740; x_wconf 81' lang='grc' dir='ltr'><strong>κόσμον</strong></span> <span class='ocrx_word' id='word_1_46' title='bbox 2386 687 2399 699; x_wconf 72' lang='grc'><strong><em>⁸</em></strong></span> <span class='ocrx_word' id='word_1_47' title='bbox 2425 669 2737 738; x_wconf 80' lang='grc' dir='ltr'><strong>ἀναγκαίως</strong></span> <span class='ocrx_word' id='word_1_48' title='bbox 2766 671 2794 723; x_wconf 86' lang='grc' dir='ltr'>ὁ</span> <span class='ocrx_word' id='word_1_49' title='bbox 2816 668 3007 741; x_wconf 85' lang='grc' dir='ltr'>παρὼν</span> <span class='ocrx_word' id='word_1_50' title='bbox 3030 670 3186 739; x_wconf 86' lang='grc' dir='ltr'>λόγος</span> <span class='ocrx_word' id='word_1_51' title='bbox 3205 670 3293 724; x_wconf 74' lang='grc' dir='ltr'><strong>διὰ</strong></span> <span class='ocrx_word' id='word_1_52' title='bbox 3321 672 3421 741; x_wconf 88' lang='grc' dir='ltr'><strong>τῆς</strong></span> <span class='ocrx_word' id='word_1_53' title='bbox 3439 671 3757 743; x_wconf 80' lang='grc' dir='ltr'>ψαλμῳδίας</span> 
     </span>
    </p>
   </div>
   <div class='ocr_carea' id='block_1_8' title="bbox 485 756 2066 834">
    <p class='ocr_par' dir='ltr' id='par_1_8' title="bbox 485 756 2063 824">
     <span class='ocr_line' id='line_1_8' title="bbox 485 756 2063 824; baseline 0.005 -14"><span class='ocrx_word' id='word_1_54' title='bbox 485 756 634 810; x_wconf 85' lang='lat' dir='ltr'><strong>nulla</strong></span> <span class='ocrx_word' id='word_1_55' title='bbox 684 759 983 815; x_wconf 77' lang='lat' dir='ltr'><strong>exsistente</strong></span> <span class='ocrx_word' id='word_1_56' title='bbox 1030 775 1221 824; x_wconf 91' lang='lat' dir='ltr'><strong>causa,</strong></span> <span class='ocrx_word' id='word_1_57' title='bbox 1260 764 1582 819; x_wconf 90' lang='lat' dir='ltr'><strong>universum</strong></span> <span class='ocrx_word' id='word_1_58' title='bbox 1621 765 1887 820; x_wconf 91' lang='lat' dir='ltr'><strong>mundum</strong></span> <span class='ocrx_word' id='word_1_59' title='bbox 1930 781 2063 820; x_wconf 90' lang='lat' dir='ltr'><strong>coa-</strong></span> 
     </span>
    </p>
   </div>
   <div class='ocr_carea' id='block_1_9' title="bbox 2173 756 3756 834">
    <p class='ocr_par' dir='ltr' id='par_1_9' title="bbox 2173 760 3756 834">
     <span class='ocr_line' id='line_1_9' title="bbox 2173 760 3756 834; baseline 0.002 -19"><span class='ocrx_word' id='word_1_60' title='bbox 2173 760 2558 824; x_wconf 77' lang='grc' dir='ltr'>ἀποδεικτικῶς</span> <span class='ocrx_word' id='word_1_61' title='bbox 2590 762 2685 815; x_wconf 79' lang='grc' dir='ltr'>καὶ</span> <span class='ocrx_word' id='word_1_62' title='bbox 2717 761 2852 833; x_wconf 88' lang='grc' dir='ltr'><strong>μετὰ</strong></span> <span class='ocrx_word' id='word_1_63' title='bbox 2879 762 3276 834; x_wconf 76' lang='grc' dir='ltr'><strong>δημιουργικῆς</strong></span> <span class='ocrx_word' id='word_1_64' title='bbox 3305 763 3412 815; x_wconf 89' lang='grc' dir='ltr'><strong>τῶν</strong></span> <span class='ocrx_word' id='word_1_65' title='bbox 3440 763 3576 816; x_wconf 81' lang='grc' dir='ltr'>ὅλων</span> <span class='ocrx_word' id='word_1_66' title='bbox 3606 764 3756 818; x_wconf 78' lang='grc' dir='ltr'>δυνά·</span> 
     </span>
    </p>
   </div>
   <div class='ocr_carea' id='block_1_10' title="bbox 483 847 2066 926">
    <p class='ocr_par' dir='ltr' id='par_1_10' title="bbox 483 847 2066 926">
     <span class='ocr_line' id='line_1_10' title="bbox 483 847 2066 926; baseline 0.007 -26"><span class='ocrx_word' id='word_1_67' title='bbox 483 847 675 914; x_wconf 86' lang='lat' dir='ltr'><strong>luisse,</strong></span> <span class='ocrx_word' id='word_1_68' title='bbox 710 852 1085 906; x_wconf 84' lang='lat' dir='ltr'><strong>necessarium</strong></span> <span class='ocrx_word' id='word_1_69' title='bbox 1122 851 1227 907; x_wconf 82' lang='lat' dir='ltr'><strong>fuit</strong></span> <span class='ocrx_word' id='word_1_70' title='bbox 1251 863 1311 908; x_wconf 93' lang='lat' dir='ltr'><strong>ut</strong></span> <span class='ocrx_word' id='word_1_71' title='bbox 1340 857 1599 925; x_wconf 66' lang='lat' dir='ltr'><strong>praesenti</strong></span> <span class='ocrx_word' id='word_1_72' title='bbox 1624 872 1898 922; x_wconf 87' lang='lat' dir='ltr'><strong>sermone,</strong></span> <span class='ocrx_word' id='word_1_73' title='bbox 1923 859 2066 926; x_wconf 89' lang='lat' dir='ltr'><strong>psal-</strong></span> 
     </span>
    </p>
   </div>
   <div class='ocr_carea' id='block_1_11' title="bbox 483 940 2065 1015">
    <p class='ocr_par' dir='ltr' id='par_1_11' title="bbox 483 940 2065 1015">
     <span class='ocr_line' id='line_1_11' title="bbox 483 940 2065 1015; baseline 0.008 -23"><span class='ocrx_word' id='word_1_74' title='bbox 483 940 633 997; x_wconf 89' lang='lat' dir='ltr'><strong>lendi</strong></span> <span class='ocrx_word' id='word_1_75' title='bbox 678 956 985 1012; x_wconf 89' lang='lat' dir='ltr'><strong>more,.per</strong></span> <span class='ocrx_word' id='word_1_76' title='bbox 1018 943 1317 999; x_wconf 82' lang='lat' dir='ltr'><strong>dilucidam</strong></span> <span class='ocrx_word' id='word_1_77' title='bbox 1364 948 1917 1015; x_wconf 90' lang='lat' dir='ltr'><strong>demonstrationem,</strong></span> <span class='ocrx_word' id='word_1_78' title='bbox 1953 951 2065 1005; x_wconf 90' lang='lat' dir='ltr'><strong>vim</strong></span> 
     </span>
    </p>
   </div>
   <div class='ocr_carea' id='block_1_12' title="bbox 484 1033 2069 1114">
    <p class='ocr_par' dir='ltr' id='par_1_12' title="bbox 484 1033 2069 1114">
     <span class='ocr_line' id='line_1_12' title="bbox 484 1033 2069 1114; baseline 0.008 -29"><span class='ocrx_word' id='word_1_79' title='bbox 484 1033 634 1086; x_wconf 84' lang='lat' dir='ltr'><strong>illam</strong></span> <span class='ocrx_word' id='word_1_80' title='bbox 679 1048 864 1088; x_wconf 90' lang='lat' dir='ltr'><strong>rerum</strong></span> <span class='ocrx_word' id='word_1_81' title='bbox 893 1037 1217 1093; x_wconf 88' lang='lat' dir='ltr'><strong>creatricem</strong></span> <span class='ocrx_word' id='word_1_82' title='bbox 1257 1054 1321 1093; x_wconf 88' lang='lat' dir='ltr'><strong>ac</strong></span> <span class='ocrx_word' id='word_1_83' title='bbox 1359 1039 1452 1094; x_wconf 97' lang='lat' dir='ltr'><strong>Dei</strong></span> <span class='ocrx_word' id='word_1_84' title='bbox 1492 1041 1777 1095; x_wconf 87' lang='lat' dir='ltr'><strong>scientiam</strong></span> <span class='ocrx_word' id='word_1_85' title='bbox 1812 1057 2069 1114; x_wconf 86' lang='lat' dir='ltr'><strong>compro-</strong></span> 
     </span>
    </p>
   </div>
   <div class='ocr_carea' id='block_1_13' title="bbox 486 1123 2065 1190">
    <p class='ocr_par' dir='ltr' id='par_1_13' title="bbox 486 1123 2065 1190">
     <span class='ocr_line' id='line_1_13' title="bbox 486 1123 2065 1190; baseline 0.009 -14"><span class='ocrx_word' id='word_1_86' title='bbox 486 1123 664 1184; x_wconf 89' lang='lat' dir='ltr'><strong>baret,</strong></span> <span class='ocrx_word' id='word_1_87' title='bbox 703 1123 807 1177; x_wconf 89' lang='lat' dir='ltr'><strong>hoc</strong></span> <span class='ocrx_word' id='word_1_88' title='bbox 833 1126 1126 1182; x_wconf 86' lang='lat' dir='ltr'><strong>ratiocinio</strong></span> <span class='ocrx_word' id='word_1_89' title='bbox 1170 1144 1327 1184; x_wconf 88' lang='lat' dir='ltr'><strong>usus.</strong></span> <span class='ocrx_word' id='word_1_90' title='bbox 1367 1129 1678 1184; x_wconf 81' lang='lat' dir='ltr'><strong>Mortalium</strong></span> <span class='ocrx_word' id='word_1_91' title='bbox 1712 1141 1907 1187; x_wconf 90' lang='lat' dir='ltr'><strong>natura</strong></span> <span class='ocrx_word' id='word_1_92' title='bbox 1945 1137 2065 1190; x_wconf 80' lang='lat' dir='ltr'><strong>exi-</strong></span> 
     </span>
    </p>
   </div>
   <div class='ocr_carea' id='block_1_14' title="bbox 484 1217 2060 1298">
    <p class='ocr_par' dir='ltr' id='par_1_14' title="bbox 484 1217 2060 1298">
     <span class='ocr_line' id='line_1_14' title="bbox 484 1217 2060 1298; baseline 0.009 -29"><span class='ocrx_word' id='word_1_93' title='bbox 484 1232 590 1286; x_wconf 84' lang='lat' dir='ltr'><strong>gua</strong></span> <span class='ocrx_word' id='word_1_94' title='bbox 619 1217 926 1286; x_wconf 85' lang='lat' dir='ltr'><strong>debilisque</strong></span> <span class='ocrx_word' id='word_1_95' title='bbox 972 1228 1077 1282; x_wconf 91' lang='lat' dir='ltr'><strong>est,</strong></span> <span class='ocrx_word' id='word_1_96' title='bbox 1120 1218 1406 1275; x_wconf 81' lang='lat' dir='ltr'><strong>hominum</strong></span> <span class='ocrx_word' id='word_1_97' title='bbox 1436 1224 1801 1293; x_wconf 76' lang='lat' dir='ltr'><strong>cogitationes</strong></span> <span class='ocrx_word' id='word_1_98' title='bbox 1832 1228 2060 1298; x_wconf 64' lang='lat' dir='ltr'><strong>ignavae,</strong></span> 
     </span>
    </p>
   </div>
   <div class='ocr_carea' id='block_1_15' title="bbox 485 1311 2069 1383">
    <p class='ocr_par' dir='ltr' id='par_1_15' title="bbox 485 1311 2069 1383">
     <span class='ocr_line' id='line_1_15' title="bbox 485 1311 2069 1383; baseline 0.008 -21"><span class='ocrx_word' id='word_1_99' title='bbox 485 1317 797 1380; x_wconf 72' lang='lat' dir='ltr'><strong>nostraeque</strong></span> <span class='ocrx_word' id='word_1_100' title='bbox 830 1311 1172 1381; x_wconf 85' lang='lat' dir='ltr'><strong>cognitiones</strong></span> <span class='ocrx_word' id='word_1_101' title='bbox 1212 1314 1436 1368; x_wconf 68' lang='lat' dir='ltr'><strong>incerta:</strong></span> <span class='ocrx_word' id='word_1_102' title='bbox 1466 1326 1616 1371; x_wconf 91' lang='lat' dir='ltr'><strong>sunt.</strong></span> <span class='ocrx_word' id='word_1_103' title='bbox 1660 1316 1843 1383; x_wconf 86' lang='lat' dir='ltr'><strong>Quare</strong></span> <span class='ocrx_word' id='word_1_104' title='bbox 1872 1319 2069 1375; x_wconf 67' lang='lat' dir='ltr'><strong>divinae</strong></span> 
     </span>
    </p>
   </div>
   <div class='ocr_carea' id='block_1_16' title="bbox 483 1401 2070 1480">
    <p class='ocr_par' dir='ltr' id='par_1_16' title="bbox 483 1401 2070 1480">
     <span class='ocr_line' id='line_1_16' title="bbox 483 1401 2070 1480; baseline 0.008 -26"><span class='ocrx_word' id='word_1_105' title='bbox 483 1401 670 1471; x_wconf 68' lang='lat' dir='ltr'><strong>gloriae</strong></span> <span class='ocrx_word' id='word_1_106' title='bbox 709 1418 809 1472; x_wconf 86' lang='lat' dir='ltr'><strong>pro</strong></span> <span class='ocrx_word' id='word_1_107' title='bbox 849 1404 1045 1458; x_wconf 89' lang='lat' dir='ltr'><strong>merito</strong></span> <span class='ocrx_word' id='word_1_108' title='bbox 1084 1406 1405 1461; x_wconf 70' lang='lat' dir='ltr'><strong>enarrandte</strong></span> <span class='ocrx_word' id='word_1_109' title='bbox 1445 1408 1678 1463; x_wconf 89' lang='lat' dir='ltr'><strong>multum</strong></span> <span class='ocrx_word' id='word_1_110' title='bbox 1709 1410 1947 1480; x_wconf 89' lang='lat' dir='ltr'><strong>impares</strong></span> <span class='ocrx_word' id='word_1_111' title='bbox 1976 1429 2070 1468; x_wconf 88' lang='lat' dir='ltr'><strong>su-</strong></span> 
     </span>
    </p>
   </div>
   <div class='ocr_carea' id='block_1_17' title="bbox 485 1492 2069 1571">
    <p class='ocr_par' dir='ltr' id='par_1_17' title="bbox 485 1492 2069 1571">
     <span class='ocr_line' id='line_1_17' title="bbox 485 1492 2069 1571; baseline 0.009 -27"><span class='ocrx_word' id='word_1_112' title='bbox 485 1508 634 1547; x_wconf 91' lang='lat' dir='ltr'><strong>mus.</strong></span> <span class='ocrx_word' id='word_1_113' title='bbox 666 1492 787 1547; x_wconf 85' lang='lat' dir='ltr'><strong>Non</strong></span> <span class='ocrx_word' id='word_1_114' title='bbox 818 1495 964 1548; x_wconf 90' lang='lat' dir='ltr'><strong>enim</strong></span> <span class='ocrx_word' id='word_1_115' title='bbox 995 1496 1251 1551; x_wconf 86' lang='lat' dir='ltr'><strong>humanis</strong></span> <span class='ocrx_word' id='word_1_116' title='bbox 1285 1497 1535 1567; x_wconf 82' lang='lat' dir='ltr'><strong>vocibus,</strong></span> <span class='ocrx_word' id='word_1_117' title='bbox 1567 1515 1676 1553; x_wconf 92' lang='lat' dir='ltr'><strong>non</strong></span> <span class='ocrx_word' id='word_1_118' title='bbox 1708 1500 1892 1571; x_wconf 78' lang='lat' dir='ltr'><strong>lingua</strong></span> <span class='ocrx_word' id='word_1_119' title='bbox 1944 1518 2069 1558; x_wconf 87' lang='lat' dir='ltr'><strong>car-</strong></span> 
     </span>
    </p>
   </div>
   <div class='ocr_carea' id='block_1_18' title="bbox 487 1585 2068 1667">
    <p class='ocr_par' dir='ltr' id='par_1_18' title="bbox 487 1585 2068 1667">
     <span class='ocr_line' id='line_1_18' title="bbox 487 1585 2068 1667; baseline 0.009 -30"><span class='ocrx_word' id='word_1_120' title='bbox 487 1585 623 1649; x_wconf 87' lang='lat' dir='ltr'><strong>nali,</strong></span> <span class='ocrx_word' id='word_1_121' title='bbox 657 1601 769 1639; x_wconf 91' lang='lat' dir='ltr'><strong>non</strong></span> <span class='ocrx_word' id='word_1_122' title='bbox 798 1586 957 1642; x_wconf 87' lang='lat' dir='ltr'><strong>labiis</strong></span> <span class='ocrx_word' id='word_1_123' title='bbox 990 1596 1225 1657; x_wconf 89' lang='lat' dir='ltr'><strong>possunt</strong></span> <span class='ocrx_word' id='word_1_124' title='bbox 1259 1589 1422 1661; x_wconf 86' lang='lat' dir='ltr'><strong>digna</strong></span> <span class='ocrx_word' id='word_1_125' title='bbox 1468 1605 1532 1647; x_wconf 88' lang='lat' dir='ltr'><strong>ac</strong></span> <span class='ocrx_word' id='word_1_126' title='bbox 1571 1594 1740 1662; x_wconf 86' lang='lat' dir='ltr'><strong>probe</strong></span> <span class='ocrx_word' id='word_1_127' title='bbox 1761 1597 2068 1667; x_wconf 80' lang='lat' dir='ltr'><strong>excogitata</strong></span> 
     </span>
    </p>
   </div>
   <div class='ocr_carea' id='block_1_19' title="bbox 490 1676 2069 1755">
    <p class='ocr_par' dir='ltr' id='par_1_19' title="bbox 490 1676 2069 1755">
     <span class='ocr_line' id='line_1_19' title="bbox 490 1676 2069 1755; baseline 0.011 -26"><span class='ocrx_word' id='word_1_128' title='bbox 490 1676 557 1731; x_wconf 92' lang='lat' dir='ltr'><strong>de</strong></span> <span class='ocrx_word' id='word_1_129' title='bbox 587 1676 699 1732; x_wconf 89' lang='lat' dir='ltr'><strong>Deo</strong></span> <span class='ocrx_word' id='word_1_130' title='bbox 731 1680 897 1733; x_wconf 90' lang='lat' dir='ltr'><strong>verba</strong></span> <span class='ocrx_word' id='word_1_131' title='bbox 926 1681 1224 1747; x_wconf 87' lang='lat' dir='ltr'><strong>enuntiari.</strong></span> <span class='ocrx_word' id='word_1_132' title='bbox 1271 1681 1428 1748; x_wconf 87' lang='lat' dir='ltr'><strong>Quod</strong></span> <span class='ocrx_word' id='word_1_133' title='bbox 1461 1685 1507 1739; x_wconf 91' lang='lat' dir='ltr'><strong>si</strong></span> <span class='ocrx_word' id='word_1_134' title='bbox 1548 1687 1637 1739; x_wconf 92' lang='lat' dir='ltr'><strong>cui</strong></span> <span class='ocrx_word' id='word_1_135' title='bbox 1681 1686 1925 1755; x_wconf 87' lang='lat' dir='ltr'><strong>libuerit,</strong></span> <span class='ocrx_word' id='word_1_136' title='bbox 1953 1691 2069 1746; x_wconf 80' lang='lat' dir='ltr'><strong>efﬁ-</strong></span> 
     </span>
    </p>
   </div>
   <div class='ocr_carea' id='block_1_20' title="bbox 485 1770 2065 1847">
    <p class='ocr_par' dir='ltr' id='par_1_20' title="bbox 485 1770 2065 1847">
     <span class='ocr_line' id='line_1_20' title="bbox 485 1770 2065 1847; baseline 0.008 -24"><span class='ocrx_word' id='word_1_137' title='bbox 485 1783 675 1824; x_wconf 88' lang='lat' dir='ltr'><strong>cacem</strong></span> <span class='ocrx_word' id='word_1_138' title='bbox 721 1770 892 1833; x_wconf 88' lang='lat' dir='ltr'><strong>illam,</strong></span> <span class='ocrx_word' id='word_1_139' title='bbox 926 1772 1220 1826; x_wconf 82' lang='lat' dir='ltr'><strong>maximam</strong></span> <span class='ocrx_word' id='word_1_140' title='bbox 1260 1783 1315 1829; x_wconf 92' lang='lat' dir='ltr'><strong>et</strong></span> <span class='ocrx_word' id='word_1_141' title='bbox 1347 1773 1460 1830; x_wconf 88' lang='lat' dir='ltr'><strong>Deo</strong></span> <span class='ocrx_word' id='word_1_142' title='bbox 1489 1776 1710 1847; x_wconf 80' lang='lat' dir='ltr'><strong>dignam</strong></span> <span class='ocrx_word' id='word_1_143' title='bbox 1758 1780 2065 1837; x_wconf 90' lang='lat' dir='ltr'><strong>doctrinam</strong></span> 
     </span>
    </p>
   </div>
   <div class='ocr_carea' id='block_1_21' title="bbox 2173 853 3756 925">
    <p class='ocr_par' dir='ltr' id='par_1_21' title="bbox 2173 853 3756 925">
     <span class='ocr_line' id='line_1_21' title="bbox 2173 853 3756 925; baseline 0.003 -20"><span class='ocrx_word' id='word_1_144' title='bbox 2173 870 2316 924; x_wconf 83' lang='grc' dir='ltr'>μεως</span> <span class='ocrx_word' id='word_1_145' title='bbox 2367 854 2464 924; x_wconf 79' lang='grc' dir='ltr'>τὴν</span> <span class='ocrx_word' id='word_1_146' title='bbox 2513 853 2789 922; x_wconf 90' lang='grc' dir='ltr'>θεολογίαν</span> <span class='ocrx_word' id='word_1_147' title='bbox 2828 854 3149 925; x_wconf 77' lang='grc' dir='ltr'><strong>παρίστησι,</strong></span> <span class='ocrx_word' id='word_1_148' title='bbox 3177 854 3414 908; x_wconf 87' lang='grc' dir='ltr'>τοιοῦτόν</span> <span class='ocrx_word' id='word_1_149' title='bbox 3442 873 3565 909; x_wconf 83' lang='grc' dir='ltr'>τινα</span> <span class='ocrx_word' id='word_1_150' title='bbox 3607 854 3756 924; x_wconf 75' lang='grc' dir='ltr'>λογι-</span> 
     </span>
    </p>
   </div>
   <div class='ocr_carea' id='block_1_22' title="bbox 2172 946 3757 1018">
    <p class='ocr_par' dir='ltr' id='par_1_22' title="bbox 2172 946 3757 1018">
     <span class='ocr_line' id='line_1_22' title="bbox 2172 946 3757 1018; baseline 0.001 -18"><span class='ocrx_word' id='word_1_151' title='bbox 2172 947 2308 1017; x_wconf 84' lang='grc' dir='ltr'>σμδν</span> <span class='ocrx_word' id='word_1_152' title='bbox 2336 946 2563 1013; x_wconf 80' lang='grc' dir='ltr'>διεξιών.</span> <span class='ocrx_word' id='word_1_153' title='bbox 2591 946 2811 1018; x_wconf 90' lang='grc' dir='ltr'>Θνητῶν</span> <span class='ocrx_word' id='word_1_154' title='bbox 2838 946 2936 1017; x_wconf 87' lang='grc' dir='ltr'>μὲν</span> <span class='ocrx_word' id='word_1_155' title='bbox 2973 946 3132 1015; x_wconf 90' lang='grc' dir='ltr'>φύσις</span> <span class='ocrx_word' id='word_1_156' title='bbox 3165 946 3336 1016; x_wconf 72' lang='grc' dir='ltr'>μικρά</span> <span class='ocrx_word' id='word_1_157' title='bbox 3378 946 3639 1017; x_wconf 79' lang='grc' dir='ltr'><strong>τυγχάνει</strong></span> <span class='ocrx_word' id='word_1_158' title='bbox 3662 947 3757 1001; x_wconf 75' lang='grc' dir='ltr'>καὶ</span> 
     </span>
    </p>
   </div>
   <div class='ocr_carea' id='block_1_23' title="bbox 2169 1035 3756 1107">
    <p class='ocr_par' dir='ltr' id='par_1_23' title="bbox 2169 1035 3756 1107">
     <span class='ocr_line' id='line_1_23' title="bbox 2169 1035 3756 1107; baseline 0.001 -19"><span class='ocrx_word' id='word_1_159' title='bbox 2169 1036 2400 1107; x_wconf 80' lang='grc' dir='ltr'>ἀσθενής</span> <span class='ocrx_word' id='word_1_160' title='bbox 2421 1053 2436 1067; x_wconf 78' lang='grc' dir='ltr'><strong>ο</strong></span> <span class='ocrx_word' id='word_1_161' title='bbox 2473 1036 2720 1106; x_wconf 89' lang='grc' dir='ltr'>λογισμοί</span> <span class='ocrx_word' id='word_1_162' title='bbox 2747 1053 2809 1089; x_wconf 92' lang='grc' dir='ltr'><strong>τε</strong></span> <span class='ocrx_word' id='word_1_163' title='bbox 2846 1035 3147 1106; x_wconf 83' lang='grc' dir='ltr'>ἀνθρώπων</span> <span class='ocrx_word' id='word_1_164' title='bbox 3175 1035 3360 1099; x_wconf 80' lang='grc' dir='ltr'>δειλοὶ,</span> <span class='ocrx_word' id='word_1_165' title='bbox 3396 1038 3488 1089; x_wconf 72' lang='grc' dir='ltr'><strong>καὶ</strong></span> <span class='ocrx_word' id='word_1_166' title='bbox 3518 1038 3756 1106; x_wconf 82' lang='grc' dir='ltr'>ἐπισφα-</span> 
     </span>
    </p>
   </div>
   <div class='ocr_carea' id='block_1_24' title="bbox 2170 1126 3758 1199">
    <p class='ocr_par' dir='ltr' id='par_1_24' title="bbox 2170 1126 3758 1199">
     <span class='ocr_line' id='line_1_24' title="bbox 2170 1126 3758 1199; baseline 0.001 -19"><span class='ocrx_word' id='word_1_167' title='bbox 2170 1128 2281 1192; x_wconf 85' lang='grc' dir='ltr'>λεῖς</span> <span class='ocrx_word' id='word_1_168' title='bbox 2305 1130 2361 1182; x_wconf 92' lang='grc' dir='ltr'><strong>αἰ</strong></span> <span class='ocrx_word' id='word_1_169' title='bbox 2398 1129 2632 1182; x_wconf 75' lang='grc' dir='ltr'>ἐπίνοιαι</span> <span class='ocrx_word' id='word_1_170' title='bbox 2674 1128 2830 1199; x_wconf 79' lang='grc' dir='ltr'>ήμῶν</span> <span class='ocrx_word' id='word_1_171' title='bbox 2850 1145 2864 1159; x_wconf 92' lang='grc'><strong>·</strong></span> <span class='ocrx_word' id='word_1_172' title='bbox 2887 1128 2967 1181; x_wconf 77' lang='grc' dir='ltr'>διὸ</span> <span class='ocrx_word' id='word_1_173' title='bbox 3012 1126 3259 1181; x_wconf 88' lang='grc' dir='ltr'>πλεῖστον</span> <span class='ocrx_word' id='word_1_174' title='bbox 3289 1128 3412 1181; x_wconf 77' lang='grc' dir='ltr'>ὅσον</span> <span class='ocrx_word' id='word_1_175' title='bbox 3455 1128 3758 1199; x_wconf 84' lang='grc' dir='ltr'>άποδέομεν</span> 
     </span>
    </p>
   </div>
   <div class='ocr_carea' id='block_1_25' title="bbox 2170 1218 3757 1291">
    <p class='ocr_par' dir='ltr' id='par_1_25' title="bbox 2170 1218 3757 1291">
     <span class='ocr_line' id='line_1_25' title="bbox 2170 1218 3757 1291; baseline -0.001 -18"><span class='ocrx_word' id='word_1_176' title='bbox 2170 1221 2269 1291; x_wconf 88' lang='grc' dir='ltr'><strong>τῆς</strong></span> <span class='ocrx_word' id='word_1_177' title='bbox 2301 1223 2420 1273; x_wconf 86' lang='grc' dir='ltr'>κατ’</span> <span class='ocrx_word' id='word_1_178' title='bbox 2446 1218 2604 1285; x_wconf 81' lang='grc' dir='ltr'>ἀξίαν</span> <span class='ocrx_word' id='word_1_179' title='bbox 2623 1220 2715 1273; x_wconf 86' lang='grc' dir='ltr'><strong>τοῦ</strong></span> <span class='ocrx_word' id='word_1_180' title='bbox 2736 1221 2869 1273; x_wconf 85' lang='grc' dir='ltr'>Θεοῦ</span> <span class='ocrx_word' id='word_1_181' title='bbox 2895 1219 3218 1287; x_wconf 76' lang='grc' dir='ltr'>δοξολογίας.</span> <span class='ocrx_word' id='word_1_182' title='bbox 3248 1220 3381 1272; x_wconf 83' lang='grc' dir='ltr'>Οὐδὲ</span> <span class='ocrx_word' id='word_1_183' title='bbox 3420 1219 3529 1290; x_wconf 75' lang='grc' dir='ltr'><strong>γὰρ</strong></span> <span class='ocrx_word' id='word_1_184' title='bbox 3549 1219 3757 1291; x_wconf 80' lang='grc' dir='ltr'><strong>ἀνθρώ-</strong></span> 
     </span>
    </p>
   </div>
   <div class='ocr_carea' id='block_1_26' title="bbox 2173 1310 3758 1384">
    <p class='ocr_par' dir='ltr' id='par_1_26' title="bbox 2173 1310 3758 1384">
     <span class='ocr_line' id='line_1_26' title="bbox 2173 1310 3758 1384; baseline 0 -18"><span class='ocrx_word' id='word_1_185' title='bbox 2173 1331 2288 1366; x_wconf 88' lang='grc' dir='ltr'><strong>πων</strong></span> <span class='ocrx_word' id='word_1_186' title='bbox 2323 1317 2548 1383; x_wconf 82' lang='grc' dir='ltr'>φωναῖς,</span> <span class='ocrx_word' id='word_1_187' title='bbox 2573 1313 2692 1366; x_wconf 85' lang='grc' dir='ltr'>οὐδὲ</span> <span class='ocrx_word' id='word_1_188' title='bbox 2725 1310 2940 1384; x_wconf 78' lang='grc' dir='ltr'>γλώττῃ</span> <span class='ocrx_word' id='word_1_189' title='bbox 2974 1313 3174 1382; x_wconf 83' lang='grc' dir='ltr'>σαρκὸς</span> <span class='ocrx_word' id='word_1_190' title='bbox 3213 1313 3307 1365; x_wconf 71' lang='grc' dir='ltr'><strong>καὶ</strong></span> <span class='ocrx_word' id='word_1_191' title='bbox 3333 1311 3567 1382; x_wconf 87' lang='grc' dir='ltr'>χείλεσιν</span> <span class='ocrx_word' id='word_1_192' title='bbox 3598 1312 3758 1366; x_wconf 89' lang='grc' dir='ltr'>δύνα-</span> 
     </span>
    </p>
   </div>
   <div class='ocr_carea' id='block_1_27' title="bbox 2174 1400 3758 1476">
    <p class='ocr_par' dir='ltr' id='par_1_27' title="bbox 2174 1400 3758 1476">
     <span class='ocr_line' id='line_1_27' title="bbox 2174 1400 3758 1476; baseline -0.001 -15"><span class='ocrx_word' id='word_1_193' title='bbox 2174 1406 2294 1461; x_wconf 86' lang='grc' dir='ltr'>σθαί</span> <span class='ocrx_word' id='word_1_194' title='bbox 2323 1422 2452 1459; x_wconf 87' lang='grc' dir='ltr'>ποτε</span> <span class='ocrx_word' id='word_1_195' title='bbox 2490 1404 2730 1476; x_wconf 74' lang='grc' dir='ltr'>νομίζειν</span> <span class='ocrx_word' id='word_1_196' title='bbox 2764 1404 2986 1469; x_wconf 78' lang='grc' dir='ltr'>ἐπάξιον</span> <span class='ocrx_word' id='word_1_197' title='bbox 3018 1406 3148 1474; x_wconf 59' lang='grc' dir='ltr'><strong>περὶ¹</strong></span> <span class='ocrx_word' id='word_1_198' title='bbox 3189 1400 3323 1456; x_wconf 78' lang='grc' dir='ltr'>Θεοῦ</span> <span class='ocrx_word' id='word_1_199' title='bbox 3368 1404 3525 1473; x_wconf 83' lang='grc' dir='ltr'>λόγον</span> <span class='ocrx_word' id='word_1_200' title='bbox 3567 1406 3758 1459; x_wconf 73' lang='grc' dir='ltr'>ἀποδιο-</span> 
     </span>
    </p>
   </div>
   <div class='ocr_carea' id='block_1_28' title="bbox 2169 1497 3758 1569">
    <p class='ocr_par' dir='ltr' id='par_1_28' title="bbox 2169 1497 3758 1569">
     <span class='ocr_line' id='line_1_28' title="bbox 2169 1497 3758 1569; baseline -0.001 -18"><span class='ocrx_word' id='word_1_201' title='bbox 2169 1498 2376 1553; x_wconf 89' lang='grc' dir='ltr'>δοσθαι.</span> <span class='ocrx_word' id='word_1_202' title='bbox 2406 1499 2469 1551; x_wconf 85' lang='grc' dir='ltr'>Εἰ</span> <span class='ocrx_word' id='word_1_203' title='bbox 2493 1498 2549 1550; x_wconf 84' lang='grc' dir='ltr'>δὲ</span> <span class='ocrx_word' id='word_1_204' title='bbox 2579 1498 2684 1569; x_wconf 84' lang='grc' dir='ltr'>χρὴ</span> <span class='ocrx_word' id='word_1_205' title='bbox 2712 1497 3058 1560; x_wconf 81' lang='grc' dir='ltr'>διδασκαλίας</span> <span class='ocrx_word' id='word_1_206' title='bbox 3084 1497 3335 1567; x_wconf 84' lang='grc' dir='ltr'>ἐνεργοῦς</span> <span class='ocrx_word' id='word_1_207' title='bbox 3370 1497 3464 1549; x_wconf 76' lang='grc' dir='ltr'><strong>καὶ</strong></span> <span class='ocrx_word' id='word_1_208' title='bbox 3495 1498 3758 1567; x_wconf 77' lang='grc' dir='ltr'>μεγίστης</span> 
     </span>
    </p>
   </div>
   <div class='ocr_carea' id='block_1_29' title="bbox 2171 1588 3758 1662">
    <p class='ocr_par' dir='ltr' id='par_1_29' title="bbox 2171 1588 3758 1662">
     <span class='ocr_line' id='line_1_29' title="bbox 2171 1588 3758 1662; baseline -0.002 -18"><span class='ocrx_word' id='word_1_209' title='bbox 2171 1591 2320 1662; x_wconf 87' lang='grc' dir='ltr'>αὐτῷ</span> <span class='ocrx_word' id='word_1_210' title='bbox 2351 1608 2411 1643; x_wconf 88' lang='grc' dir='ltr'><strong>τε</strong></span> <span class='ocrx_word' id='word_1_211' title='bbox 2447 1590 2764 1662; x_wconf 81' lang='grc' dir='ltr'>πρεπούσης</span> <span class='ocrx_word' id='word_1_212' title='bbox 2796 1589 2874 1660; x_wconf 82' lang='grc' dir='ltr'><strong>τῷ</strong></span> <span class='ocrx_word' id='word_1_213' title='bbox 2900 1589 3020 1659; x_wconf 84' lang='grc' dir='ltr'>Θεῴ</span> <span class='ocrx_word' id='word_1_214' title='bbox 3046 1588 3357 1652; x_wconf 85' lang='grc' dir='ltr'>ἐπακούειν,</span> <span class='ocrx_word' id='word_1_215' title='bbox 3392 1588 3445 1641; x_wconf 79' lang='grc' dir='ltr'>εἴ</span> <span class='ocrx_word' id='word_1_216' title='bbox 3471 1607 3551 1652; x_wconf 90' lang='grc' dir='ltr'><strong>τις</strong></span> <span class='ocrx_word' id='word_1_217' title='bbox 3582 1589 3758 1661; x_wconf 69' lang='grc' dir='ltr'>ἐρρω-</span> 
     </span>
    </p>
   </div>
   <div class='ocr_carea' id='block_1_30' title="bbox 2170 1680 3761 1753">
    <p class='ocr_par' dir='ltr' id='par_1_30' title="bbox 2170 1680 3761 1753">
     <span class='ocr_line' id='line_1_30' title="bbox 2170 1680 3761 1753; baseline -0.002 -16"><span class='ocrx_word' id='word_1_218' title='bbox 2170 1700 2261 1737; x_wconf 89' lang='grc' dir='ltr'><strong>ται</strong></span> <span class='ocrx_word' id='word_1_219' title='bbox 2286 1683 2383 1753; x_wconf 85' lang='grc' dir='ltr'><strong>τῆς</strong></span> <span class='ocrx_word' id='word_1_220' title='bbox 2404 1682 2583 1753; x_wconf 80' lang='grc' dir='ltr'>ψυχῆς</span> <span class='ocrx_word' id='word_1_221' title='bbox 2602 1681 2672 1735; x_wconf 78' lang='grc' dir='ltr'>τὰ</span> <span class='ocrx_word' id='word_1_222' title='bbox 2710 1681 3062 1753; x_wconf 83' lang='grc' dir='ltr'>αἰσθητήρια,</span> <span class='ocrx_word' id='word_1_223' title='bbox 3093 1681 3420 1734; x_wconf 88' lang='grc' dir='ltr'>συντεινάτω</span> <span class='ocrx_word' id='word_1_224' title='bbox 3449 1680 3637 1733; x_wconf 80' lang='grc' dir='ltr'>ἑαυτὸν</span> <span class='ocrx_word' id='word_1_225' title='bbox 3663 1682 3761 1734; x_wconf 77' lang='grc' dir='ltr'>καὶ</span> 
     </span>
    </p>
   </div>
   <div class='ocr_carea' id='block_1_31' title="bbox 2172 1770 3761 1846">
    <p class='ocr_par' dir='ltr' id='par_1_31' title="bbox 2172 1770 3761 1846">
     <span class='ocr_line' id='line_1_31' title="bbox 2172 1770 3761 1846; baseline -0.003 -19"><span class='ocrx_word' id='word_1_226' title='bbox 2172 1774 2490 1846; x_wconf 83' lang='grc' dir='ltr'>διεγειράτω</span> <span class='ocrx_word' id='word_1_227' title='bbox 2539 1774 2674 1845; x_wconf 80' lang='grc' dir='ltr'>πρὸς</span> <span class='ocrx_word' id='word_1_228' title='bbox 2709 1773 2973 1844; x_wconf 84' lang='grc' dir='ltr'>ἀκρόασιν</span> <span class='ocrx_word' id='word_1_229' title='bbox 3014 1770 3251 1837; x_wconf 75' lang='grc' dir='ltr'>ἐπαξίως</span> <span class='ocrx_word' id='word_1_230' title='bbox 3298 1772 3761 1844; x_wconf 83' lang='grc' dir='ltr'>ἀναφωνουμένην</span> 
     </span>
    </p>
   </div>
   <div class='ocr_carea' id='block_1_32' title="bbox 486 1858 2066 1940">
    <p class='ocr_par' dir='ltr' id='par_1_32' title="bbox 486 1858 2066 1940">
     <span class='ocr_line' id='line_1_32' title="bbox 486 1858 2066 1940; baseline 0.011 -29"><span class='ocrx_word' id='word_1_231' title='bbox 486 1858 699 1925; x_wconf 82' lang='lat' dir='ltr'><strong>audire,</strong></span> <span class='ocrx_word' id='word_1_232' title='bbox 741 1862 830 1915; x_wconf 93' lang='lat' dir='ltr'><strong>cui</strong></span> <span class='ocrx_word' id='word_1_233' title='bbox 882 1863 1097 1919; x_wconf 88' lang='lat' dir='ltr'><strong>scilicet</strong></span> <span class='ocrx_word' id='word_1_234' title='bbox 1130 1867 1331 1920; x_wconf 89' lang='lat' dir='ltr'><strong>mentis</strong></span> <span class='ocrx_word' id='word_1_235' title='bbox 1384 1882 1583 1924; x_wconf 84' lang='lat' dir='ltr'><strong>sensus</strong></span> <span class='ocrx_word' id='word_1_236' title='bbox 1630 1871 1908 1940; x_wconf 76' lang='lat' dir='ltr'><strong>pmvalidi</strong></span> <span class='ocrx_word' id='word_1_237' title='bbox 1952 1872 2066 1930; x_wconf 81' lang='lat' dir='ltr'><strong>fue-</strong></span> 
     </span>
    </p>
   </div>
   <div class='ocr_carea' id='block_1_33' title="bbox 2173 1858 3764 1940">
    <p class='ocr_par' dir='ltr' id='par_1_33' title="bbox 2173 1864 3764 1940">
     <span class='ocr_line' id='line_1_33' title="bbox 2173 1864 3764 1940; baseline 0 -20"><span class='ocrx_word' id='word_1_238' title='bbox 2173 1868 2268 1938; x_wconf 88' lang='grc' dir='ltr'><strong>τῆς</strong></span> <span class='ocrx_word' id='word_1_239' title='bbox 2315 1866 2778 1940; x_wconf 82' lang='grc' dir='ltr'>ἀπειρομεγέθους</span> <span class='ocrx_word' id='word_1_240' title='bbox 2826 1866 3106 1936; x_wconf 78' lang='grc' dir='ltr'>δυνάμεως</span> <span class='ocrx_word' id='word_1_241' title='bbox 3126 1864 3221 1919; x_wconf 89' lang='grc' dir='ltr'><strong>τοῦ</strong></span> <span class='ocrx_word' id='word_1_242' title='bbox 3274 1865 3442 1918; x_wconf 75' lang='grc' dir='ltr'>Θεοῦο</span> <span class='ocrx_word' id='word_1_243' title='bbox 3487 1866 3554 1936; x_wconf 76' lang='grc' dir='ltr'><strong>ἢν</strong></span> <span class='ocrx_word' id='word_1_244' title='bbox 3603 1866 3764 1920; x_wconf 66' lang='grc' dir='ltr'>αὐτοὶ</span> 
     </span>
    </p>
   </div>
   <div class='ocr_carea' id='block_1_34' title="bbox 485 1952 2071 2031">
    <p class='ocr_par' dir='ltr' id='par_1_34' title="bbox 485 1952 2071 2031">
     <span class='ocr_line' id='line_1_34' title="bbox 485 1952 2071 2031; baseline 0.011 -26"><span class='ocrx_word' id='word_1_245' title='bbox 485 1952 615 2018; x_wconf 83' lang='lat' dir='ltr'><strong>rint,</strong></span> <span class='ocrx_word' id='word_1_246' title='bbox 658 1954 705 2008; x_wconf 93' lang='lat' dir='ltr'><strong>is</strong></span> <span class='ocrx_word' id='word_1_247' title='bbox 749 1956 931 2010; x_wconf 88' lang='lat' dir='ltr'><strong>animo</strong></span> <span class='ocrx_word' id='word_1_248' title='bbox 984 1957 1255 2023; x_wconf 84' lang='lat' dir='ltr'><strong>intendat,</strong></span> <span class='ocrx_word' id='word_1_249' title='bbox 1309 1975 1544 2031; x_wconf 90' lang='lat' dir='ltr'><strong>seseque</strong></span> <span class='ocrx_word' id='word_1_250' title='bbox 1598 1965 1838 2020; x_wconf 88' lang='lat' dir='ltr'><strong>concitet</strong></span> <span class='ocrx_word' id='word_1_251' title='bbox 1886 1966 1953 2021; x_wconf 90' lang='lat' dir='ltr'><strong>ad</strong></span> <span class='ocrx_word' id='word_1_252' title='bbox 2006 1981 2071 2022; x_wconf 90' lang='lat' dir='ltr'><strong>ea</strong></span> 
     </span>
    </p>
   </div>
   <div class='ocr_carea' id='block_1_35' title="bbox 483 2048 2070 2120">
    <p class='ocr_par' dir='ltr' id='par_1_35' title="bbox 483 2048 2070 2120">
     <span class='ocr_line' id='line_1_35' title="bbox 483 2048 2070 2120; baseline 0.009 -21"><span class='ocrx_word' id='word_1_253' title='bbox 483 2048 841 2104; x_wconf 70' lang='lat' dir='ltr'><strong>ausctitanda</strong></span> <span class='ocrx_word' id='word_1_254' title='bbox 873 2066 996 2120; x_wconf 65' lang='lat' dir='ltr'><strong>qua:</strong></span> <span class='ocrx_word' id='word_1_255' title='bbox 1049 2052 1140 2106; x_wconf 88' lang='lat' dir='ltr'><strong>hic</strong></span> <span class='ocrx_word' id='word_1_256' title='bbox 1191 2052 1259 2108; x_wconf 86' lang='lat' dir='ltr'><strong>de</strong></span> <span class='ocrx_word' id='word_1_257' title='bbox 1303 2054 1574 2110; x_wconf 89' lang='lat' dir='ltr'><strong>immensa</strong></span> <span class='ocrx_word' id='word_1_258' title='bbox 1606 2056 1698 2111; x_wconf 91' lang='lat' dir='ltr'><strong>illa</strong></span> <span class='ocrx_word' id='word_1_259' title='bbox 1734 2057 1827 2113; x_wconf 86' lang='lat' dir='ltr'><strong>Dei</strong></span> <span class='ocrx_word' id='word_1_260' title='bbox 1866 2058 2070 2114; x_wconf 88' lang='lat' dir='ltr'><strong>virtute</strong></span> 
     </span>
    </p>
   </div>
   <div class='ocr_carea' id='block_1_36' title="bbox 482 2136 2071 2223">
    <p class='ocr_par' dir='ltr' id='par_1_36' title="bbox 482 2136 2071 2223">
     <span class='ocr_line' id='line_1_36' title="bbox 482 2136 2071 2223; baseline 0.009 -30"><span class='ocrx_word' id='word_1_261' title='bbox 482 2136 771 2196; x_wconf 80' lang='lat' dir='ltr'><strong>feruntur:</strong></span> <span class='ocrx_word' id='word_1_262' title='bbox 822 2159 1054 2213; x_wconf 67' lang='lat' dir='ltr'><strong>quaeque</strong></span> <span class='ocrx_word' id='word_1_263' title='bbox 1085 2145 1191 2214; x_wconf 90' lang='lat' dir='ltr'><strong>ipsi</strong></span> <span class='ocrx_word' id='word_1_264' title='bbox 1233 2147 1384 2213; x_wconf 67' lang='grc' dir='ltr'>αα)ιί,</span> <span class='ocrx_word' id='word_1_265' title='bbox 1438 2154 1615 2202; x_wconf 90' lang='lat' dir='ltr'><strong>totum</strong></span> <span class='ocrx_word' id='word_1_266' title='bbox 1647 2149 1704 2205; x_wconf 94' lang='lat' dir='ltr'><strong>in</strong></span> <span class='ocrx_word' id='word_1_267' title='bbox 1736 2166 1797 2205; x_wconf 89' lang='lat' dir='ltr'><strong>se</strong></span> <span class='ocrx_word' id='word_1_268' title='bbox 1826 2154 2071 2223; x_wconf 89' lang='lat' dir='ltr'><strong>comple-</strong></span> 
     </span>
    </p>
   </div>
   <div class='ocr_carea' id='block_1_37' title="bbox 480 2233 2071 2314">
    <p class='ocr_par' dir='ltr' id='par_1_37' title="bbox 480 2233 2071 2314">
     <span class='ocr_line' id='line_1_37' title="bbox 480 2233 2071 2314; baseline 0.008 -29"><span class='ocrx_word' id='word_1_269' title='bbox 480 2240 720 2296; x_wconf 88' lang='lat' dir='ltr'><strong>ctentes,</strong></span> <span class='ocrx_word' id='word_1_270' title='bbox 747 2233 1066 2290; x_wconf 85' lang='lat' dir='ltr'><strong>Creatorem</strong></span> <span class='ocrx_word' id='word_1_271' title='bbox 1103 2251 1265 2290; x_wconf 90' lang='lat' dir='ltr'><strong>suum</strong></span> <span class='ocrx_word' id='word_1_272' title='bbox 1298 2237 1789 2311; x_wconf 88' lang='lat' dir='ltr'><strong>universorumque</strong></span> <span class='ocrx_word' id='word_1_273' title='bbox 1821 2243 2071 2314; x_wconf 89' lang='lat' dir='ltr'><strong>opiﬁcem</strong></span> 
     </span>
    </p>
   </div>
   <div class='ocr_carea' id='block_1_38' title="bbox 484 2324 2066 2407">
    <p class='ocr_par' dir='ltr' id='par_1_38' title="bbox 484 2324 2066 2407">
     <span class='ocr_line' id='line_1_38' title="bbox 484 2324 2066 2407; baseline 0.008 -30"><span class='ocrx_word' id='word_1_274' title='bbox 484 2324 707 2394; x_wconf 83' lang='lat' dir='ltr'><strong>hymnis</strong></span> <span class='ocrx_word' id='word_1_275' title='bbox 745 2332 799 2379; x_wconf 92' lang='lat' dir='ltr'><strong>et</strong></span> <span class='ocrx_word' id='word_1_276' title='bbox 846 2327 1080 2382; x_wconf 88' lang='lat' dir='ltr'><strong>canticis</strong></span> <span class='ocrx_word' id='word_1_277' title='bbox 1142 2329 1510 2395; x_wconf 86' lang='lat' dir='ltr'><strong>celebrantes,</strong></span> <span class='ocrx_word' id='word_1_278' title='bbox 1579 2333 1888 2403; x_wconf 75' lang='lat' dir='ltr'><strong>proferunt.</strong></span> <span class='ocrx_word' id='word_1_279' title='bbox 1954 2334 2066 2407; x_wconf 90' lang='lat' dir='ltr'><strong>Ipsi</strong></span> 
     </span>
    </p>
   </div>
   <div class='ocr_carea' id='block_1_39' title="bbox 483 2416 2069 2492">
    <p class='ocr_par' dir='ltr' id='par_1_39' title="bbox 483 2416 2069 2492">
     <span class='ocr_line' id='line_1_39' title="bbox 483 2416 2069 2492; baseline 0.009 -23"><span class='ocrx_word' id='word_1_280' title='bbox 483 2430 726 2484; x_wconf 81' lang='lat' dir='ltr'><strong>namque</strong></span> <span class='ocrx_word' id='word_1_281' title='bbox 758 2418 884 2472; x_wconf 63' lang='grc' dir='ltr'>ειηὶί</span> <span class='ocrx_word' id='word_1_282' title='bbox 934 2420 1026 2488; x_wconf 91' lang='lat' dir='ltr'><strong>qui</strong></span> <span class='ocrx_word' id='word_1_283' title='bbox 1082 2422 1326 2490; x_wconf 86' lang='lat' dir='ltr'><strong>supremi</strong></span> <span class='ocrx_word' id='word_1_284' title='bbox 1384 2424 1631 2479; x_wconf 91' lang='lat' dir='ltr'><strong>omnium</strong></span> <span class='ocrx_word' id='word_1_285' title='bbox 1678 2416 1830 2492; x_wconf 74' lang='lat' dir='ltr'><strong>Sunt,</strong></span> <span class='ocrx_word' id='word_1_286' title='bbox 1878 2436 1933 2484; x_wconf 90' lang='lat' dir='ltr'><strong>et</strong></span> <span class='ocrx_word' id='word_1_287' title='bbox 1966 2429 2069 2484; x_wconf 85' lang='lat' dir='ltr'><strong>sibi</strong></span> 
     </span>
    </p>
   </div>
   <div class='ocr_carea' id='block_1_40' title="bbox 485 2506 2067 2586">
    <p class='ocr_par' dir='ltr' id='par_1_40' title="bbox 485 2506 2067 2586">
     <span class='ocr_line' id='line_1_40' title="bbox 485 2506 2067 2586; baseline 0.009 -25"><span class='ocrx_word' id='word_1_288' title='bbox 485 2506 772 2577; x_wconf 86' lang='lat' dir='ltr'><strong>supposito</strong></span> <span class='ocrx_word' id='word_1_289' title='bbox 799 2508 1144 2565; x_wconf 89' lang='lat' dir='ltr'><strong>lirmamento</strong></span> <span class='ocrx_word' id='word_1_290' title='bbox 1174 2514 1439 2578; x_wconf 89' lang='lat' dir='ltr'><strong>eminent,</strong></span> <span class='ocrx_word' id='word_1_291' title='bbox 1478 2517 1571 2586; x_wconf 90' lang='lat' dir='ltr'><strong>qui</strong></span> <span class='ocrx_word' id='word_1_292' title='bbox 1603 2519 1917 2576; x_wconf 86' lang='lat' dir='ltr'><strong>universam</strong></span> <span class='ocrx_word' id='word_1_293' title='bbox 1941 2536 2067 2575; x_wconf 90' lang='lat' dir='ltr'><strong>cum</strong></span> 
     </span>
    </p>
   </div>
   <div class='ocr_carea' id='block_1_41' title="bbox 486 2598 2068 2676">
    <p class='ocr_par' dir='ltr' id='par_1_41' title="bbox 486 2598 2068 2676">
     <span class='ocr_line' id='line_1_41' title="bbox 486 2598 2068 2676; baseline 0.011 -25"><span class='ocrx_word' id='word_1_294' title='bbox 486 2598 805 2654; x_wconf 81' lang='lat' dir='ltr'><strong>sensibilem</strong></span> <span class='ocrx_word' id='word_1_295' title='bbox 840 2609 956 2655; x_wconf 90' lang='lat' dir='ltr'><strong>tum</strong></span> <span class='ocrx_word' id='word_1_296' title='bbox 1014 2602 1293 2659; x_wconf 88' lang='lat' dir='ltr'><strong>intellectu</strong></span> <span class='ocrx_word' id='word_1_297' title='bbox 1348 2607 1633 2676; x_wconf 55' lang='lat' dir='ltr'><strong>praeditam</strong></span> <span class='ocrx_word' id='word_1_298' title='bbox 1662 2620 1914 2668; x_wconf 86' lang='lat' dir='ltr'><strong>naturam</strong></span> <span class='ocrx_word' id='word_1_299' title='bbox 1950 2629 2068 2668; x_wconf 84' lang='lat' dir='ltr'><strong>am-</strong></span> 
     </span>
    </p>
   </div>
   <div class='ocr_carea' id='block_1_42' title="bbox 484 2689 2068 2773">
    <p class='ocr_par' dir='ltr' id='par_1_42' title="bbox 484 2689 2068 2773">
     <span class='ocr_line' id='line_1_42' title="bbox 484 2689 2068 2773; baseline 0.013 -30"><span class='ocrx_word' id='word_1_300' title='bbox 484 2689 665 2755; x_wconf 70' lang='lat' dir='ltr'><strong>biunt,</strong></span> <span class='ocrx_word' id='word_1_301' title='bbox 729 2692 958 2762; x_wconf 91' lang='lat' dir='ltr'><strong>gloriam</strong></span> <span class='ocrx_word' id='word_1_302' title='bbox 1017 2693 1111 2749; x_wconf 88' lang='lat' dir='ltr'><strong>Dei</strong></span> <span class='ocrx_word' id='word_1_303' title='bbox 1161 2712 1272 2751; x_wconf 93' lang='lat' dir='ltr'><strong>non</strong></span> <span class='ocrx_word' id='word_1_304' title='bbox 1311 2697 1498 2754; x_wconf 57' lang='lat' dir='ltr'><strong>Graeca</strong></span> <span class='ocrx_word' id='word_1_305' title='bbox 1549 2702 1757 2773; x_wconf 91' lang='lat' dir='ltr'><strong>lingua,</strong></span> <span class='ocrx_word' id='word_1_306' title='bbox 1803 2721 1914 2761; x_wconf 91' lang='lat' dir='ltr'><strong>non</strong></span> <span class='ocrx_word' id='word_1_307' title='bbox 1961 2709 2068 2763; x_wconf 89' lang='lat' dir='ltr'><strong>alia</strong></span> 
     </span>
    </p>
   </div>
   <div class='ocr_carea' id='block_1_43' title="bbox 484 2782 2067 2869">
    <p class='ocr_par' dir='ltr' id='par_1_43' title="bbox 484 2782 2067 2869">
     <span class='ocr_line' id='line_1_43' title="bbox 484 2782 2067 2869; baseline 0.013 -33"><span class='ocrx_word' id='word_1_308' title='bbox 484 2782 721 2839; x_wconf 58' lang='lat' dir='ltr'><strong>disiecto</strong></span> <span class='ocrx_word' id='word_1_309' title='bbox 752 2785 1093 2856; x_wconf 79' lang='lat' dir='ltr'><strong>praedicant;</strong></span> <span class='ocrx_word' id='word_1_310' title='bbox 1149 2790 1245 2845; x_wconf 89' lang='lat' dir='ltr'><strong>sed</strong></span> <span class='ocrx_word' id='word_1_311' title='bbox 1288 2791 1426 2862; x_wconf 88' lang='lat' dir='ltr'><strong>ipsis</strong></span> <span class='ocrx_word' id='word_1_312' title='bbox 1460 2797 1743 2865; x_wconf 84' lang='lat' dir='ltr'><strong>operibus,</strong></span> <span class='ocrx_word' id='word_1_313' title='bbox 1774 2815 1871 2869; x_wconf 91' lang='lat' dir='ltr'><strong>per</strong></span> <span class='ocrx_word' id='word_1_314' title='bbox 1905 2818 2067 2857; x_wconf 88' lang='lat' dir='ltr'><strong>suum</strong></span> 
     </span>
    </p>
   </div>
   <div class='ocr_carea' id='block_1_44' title="bbox 481 2876 2049 2951">
    <p class='ocr_par' dir='ltr' id='par_1_44' title="bbox 481 2876 2049 2951">
     <span class='ocr_line' id='line_1_44' title="bbox 481 2876 2049 2951; baseline 0.014 -25"><span class='ocrx_word' id='word_1_315' title='bbox 481 2876 737 2932; x_wconf 85' lang='lat' dir='ltr'><strong>videlicet</strong></span> <span class='ocrx_word' id='word_1_316' title='bbox 785 2887 1064 2945; x_wconf 90' lang='lat' dir='ltr'><strong>ornatum,</strong></span> <span class='ocrx_word' id='word_1_317' title='bbox 1107 2895 1205 2950; x_wconf 90' lang='lat' dir='ltr'><strong>per</strong></span> <span class='ocrx_word' id='word_1_318' title='bbox 1243 2884 1601 2951; x_wconf 90' lang='lat' dir='ltr'><strong>concinnam,</strong></span> <span class='ocrx_word' id='word_1_319' title='bbox 1645 2889 2049 2947; x_wconf 68' lang='lat' dir='ltr'><strong>&#39;harmonicaln</strong></span> 
     </span>
    </p>
   </div>
   <div class='ocr_carea' id='block_1_45' title="bbox 481 2969 2064 3045">
    <p class='ocr_par' dir='ltr' id='par_1_45' title="bbox 481 2969 2064 3045">
     <span class='ocr_line' id='line_1_45' title="bbox 481 2969 2064 3045; baseline 0.011 -21"><span class='ocrx_word' id='word_1_320' title='bbox 481 2975 537 3024; x_wconf 88' lang='lat' dir='ltr'><strong>et</strong></span> <span class='ocrx_word' id='word_1_321' title='bbox 567 2969 1033 3039; x_wconf 90' lang='lat' dir='ltr'><strong>sapientissimam</strong></span> <span class='ocrx_word' id='word_1_322' title='bbox 1079 2975 1557 3045; x_wconf 88' lang='lat' dir='ltr'><strong>constitutionem,</strong></span> <span class='ocrx_word' id='word_1_323' title='bbox 1592 2990 1874 3039; x_wconf 88' lang='lat' dir='ltr'><strong>auctorem</strong></span> <span class='ocrx_word' id='word_1_324' title='bbox 1913 2985 2064 3042; x_wconf 90' lang='lat' dir='ltr'><strong>illius</strong></span> 
     </span>
    </p>
   </div>
   <div class='ocr_carea' id='block_1_46' title="bbox 484 3059 2069 3139">
    <p class='ocr_par' dir='ltr' id='par_1_46' title="bbox 484 3059 2069 3139">
     <span class='ocr_line' id='line_1_46' title="bbox 484 3059 2069 3139; baseline 0.013 -28"><span class='ocrx_word' id='word_1_325' title='bbox 484 3059 563 3112; x_wconf 83' lang='lat' dir='ltr'><strong>ita</strong></span> <span class='ocrx_word' id='word_1_326' title='bbox 597 3066 747 3114; x_wconf 86' lang='lat' dir='ltr'><strong>recte</strong></span> <span class='ocrx_word' id='word_1_327' title='bbox 788 3060 1271 3128; x_wconf 80' lang='lat' dir='ltr'><strong>ordinati~motus,</strong></span> <span class='ocrx_word' id='word_1_328' title='bbox 1322 3066 1554 3139; x_wconf 83' lang='lat' dir='ltr'><strong>ejusque</strong></span> <span class='ocrx_word' id='word_1_329' title='bbox 1598 3070 1922 3129; x_wconf 87' lang='lat' dir='ltr'><strong>immensam</strong></span> <span class='ocrx_word' id='word_1_330' title='bbox 1955 3076 2069 3130; x_wconf 88' lang='lat' dir='ltr'><strong>vir—</strong></span> 
     </span>
    </p>
   </div>
   <div class='ocr_carea' id='block_1_47' title="bbox 484 3144 2070 3231">
    <p class='ocr_par' dir='ltr' id='par_1_47' title="bbox 484 3144 2070 3231">
     <span class='ocr_line' id='line_1_47' title="bbox 484 3144 2070 3231; baseline 0.014 -35"><span class='ocrx_word' id='word_1_331' title='bbox 484 3152 657 3199; x_wconf 88' lang='lat' dir='ltr'><strong>tutem</strong></span> <span class='ocrx_word' id='word_1_332' title='bbox 680 3144 933 3202; x_wconf 89' lang='lat' dir='ltr'><strong>edocent.</strong></span> <span class='ocrx_word' id='word_1_333' title='bbox 973 3148 1058 3202; x_wconf 79' lang='lat' dir='ltr'><strong>Ea:</strong></span> <span class='ocrx_word' id='word_1_334' title='bbox 1089 3153 1456 3222; x_wconf 81' lang='lat' dir='ltr'><strong>magnitudine</strong></span> <span class='ocrx_word' id='word_1_335' title='bbox 1496 3159 1635 3213; x_wconf 82' lang='lat' dir='ltr'><strong>enim</strong></span> <span class='ocrx_word' id='word_1_336' title='bbox 1683 3172 1734 3215; x_wconf 92' lang='lat' dir='ltr'><strong>et</strong></span> <span class='ocrx_word' id='word_1_337' title='bbox 1772 3164 2070 3231; x_wconf 82' lang='lat' dir='ltr'><strong>pulchritu-</strong></span> 
     </span>
    </p>
   </div>
   <div class='ocr_carea' id='block_1_48' title="bbox 2176 1957 3762 2032">
    <p class='ocr_par' dir='ltr' id='par_1_48' title="bbox 2176 1957 3762 2032">
     <span class='ocr_line' id='line_1_48' title="bbox 2176 1957 3762 2032; baseline 0 -22"><span class='ocrx_word' id='word_1_338' title='bbox 2176 1959 2536 2032; x_wconf 74' lang='grc' dir='ltr'>προφέρονται</span> <span class='ocrx_word' id='word_1_339' title='bbox 2574 1961 2623 2011; x_wconf 90' lang='grc' dir='ltr'>οἱ</span> <span class='ocrx_word' id='word_1_340' title='bbox 2664 1958 2753 2013; x_wconf 85' lang='grc' dir='ltr'>τὸν</span> <span class='ocrx_word' id='word_1_341' title='bbox 2804 1957 3092 2029; x_wconf 85' lang='grc' dir='ltr'>σύμπαντα</span> <span class='ocrx_word' id='word_1_342' title='bbox 3126 1958 3468 2030; x_wconf 81' lang='grc' dir='ltr'>περιέχοντες</span> <span class='ocrx_word' id='word_1_343' title='bbox 3516 1957 3762 2030; x_wconf 80' lang='grc' dir='ltr'>οὐρανοὶ,</span> 
     </span>
    </p>
   </div>
   <div class='ocr_carea' id='block_1_49' title="bbox 2173 2049 3765 2122">
    <p class='ocr_par' dir='ltr' id='par_1_49' title="bbox 2173 2049 3765 2122">
     <span class='ocr_line' id='line_1_49' title="bbox 2173 2049 3765 2122; baseline 0.001 -19"><span class='ocrx_word' id='word_1_344' title='bbox 2173 2050 2265 2122; x_wconf 74' lang='grc' dir='ltr'>τὸν</span> <span class='ocrx_word' id='word_1_345' title='bbox 2294 2051 2499 2104; x_wconf 79' lang='grc' dir='ltr'>ἑαυτῶν</span> <span class='ocrx_word' id='word_1_346' title='bbox 2528 2050 2751 2122; x_wconf 80' lang='grc' dir='ltr'>κτίστην</span> <span class='ocrx_word' id='word_1_347' title='bbox 2775 2050 2870 2103; x_wconf 75' lang='grc' dir='ltr'><strong>καὶ</strong></span> <span class='ocrx_word' id='word_1_348' title='bbox 2892 2050 3121 2120; x_wconf 77' lang='grc' dir='ltr'>ποιητὴν</span> <span class='ocrx_word' id='word_1_349' title='bbox 3140 2049 3249 2103; x_wconf 87' lang='grc' dir='ltr'><strong>τῶν</strong></span> <span class='ocrx_word' id='word_1_350' title='bbox 3275 2050 3412 2104; x_wconf 81' lang='grc' dir='ltr'>ὅλων</span> <span class='ocrx_word' id='word_1_351' title='bbox 3434 2050 3566 2103; x_wconf 84' lang='grc' dir='ltr'>Θεὸν</span> <span class='ocrx_word' id='word_1_352' title='bbox 3592 2050 3765 2120; x_wconf 75' lang='grc' dir='ltr'>ᾠδαῖς</span> 
     </span>
    </p>
   </div>
   <div class='ocr_carea' id='block_1_50' title="bbox 2175 2118 3763 2214">
    <p class='ocr_par' dir='ltr' id='par_1_50' title="bbox 2175 2118 3763 2214">
     <span class='ocr_line' id='line_1_50' title="bbox 2175 2118 3763 2214; baseline 0.001 -18"><span class='ocrx_word' id='word_1_353' title='bbox 2175 2118 2269 2197; x_wconf 51' lang='grc' dir='ltr'>καῖ).</span> <span class='ocrx_word' id='word_1_354' title='bbox 2304 2142 2631 2212; x_wconf 79' lang='grc' dir='ltr'>δοξολογίαις</span> <span class='ocrx_word' id='word_1_355' title='bbox 2663 2118 3045 2214; x_wconf 80' lang='grc' dir='ltr'>ἀνυμνοῦντες.</span> <span class='ocrx_word' id='word_1_356' title='bbox 3078 2118 3241 2195; x_wconf 65' lang='grc' dir='ltr'>Αὐτοὶ</span> <span class='ocrx_word' id='word_1_357' title='bbox 3264 2142 3374 2214; x_wconf 82' lang='grc' dir='ltr'><strong>γὰρ</strong></span> <span class='ocrx_word' id='word_1_358' title='bbox 3400 2145 3449 2195; x_wconf 80' lang='lat' dir='ltr'><strong>oi</strong></span> <span class='ocrx_word' id='word_1_359' title='bbox 3496 2118 3763 2197; x_wconf 75' lang='grc' dir='ltr'>ἀνωτάτω</span> 
     </span>
    </p>
   </div>
   <div class='ocr_carea' id='block_1_51' title="bbox 2176 2233 3765 2308">
    <p class='ocr_par' dir='ltr' id='par_1_51' title="bbox 2176 2233 3765 2308">
     <span class='ocr_line' id='line_1_51' title="bbox 2176 2233 3765 2308; baseline 0.001 -20"><span class='ocrx_word' id='word_1_360' title='bbox 2176 2234 2412 2299; x_wconf 84' lang='grc' dir='ltr'>πάντων,</span> <span class='ocrx_word' id='word_1_361' title='bbox 2464 2236 2555 2288; x_wconf 72' lang='grc' dir='ltr'>καὶ</span> <span class='ocrx_word' id='word_1_362' title='bbox 2593 2234 2687 2288; x_wconf 84' lang='grc' dir='ltr'><strong>τοῦ</strong></span> <span class='ocrx_word' id='word_1_363' title='bbox 2733 2234 3135 2305; x_wconf 76' lang='grc' dir='ltr'>ὐποδεϐηκάτος</span> <span class='ocrx_word' id='word_1_364' title='bbox 3175 2233 3553 2306; x_wconf 83' lang='grc' dir='ltr'>στερεώματος</span> <span class='ocrx_word' id='word_1_365' title='bbox 3589 2236 3765 2308; x_wconf 87' lang='grc' dir='ltr'>ὑπερ-</span> 
     </span>
    </p>
   </div>
   <div class='ocr_carea' id='block_1_52' title="bbox 2175 2326 3765 2399">
    <p class='ocr_par' dir='ltr' id='par_1_52' title="bbox 2175 2326 3765 2399">
     <span class='ocr_line' id='line_1_52' title="bbox 2175 2326 3765 2399; baseline 0.001 -19"><span class='ocrx_word' id='word_1_366' title='bbox 2175 2327 2418 2398; x_wconf 78' lang='grc' dir='ltr'>κείμενοι</span> <span class='ocrx_word' id='word_1_367' title='bbox 2465 2327 2712 2399; x_wconf 76' lang='grc' dir='ltr'>οὐρανοὶ,</span> <span class='ocrx_word' id='word_1_368' title='bbox 2764 2328 2813 2380; x_wconf 88' lang='grc' dir='ltr'><strong>οί</strong></span> <span class='ocrx_word' id='word_1_369' title='bbox 2865 2326 3159 2397; x_wconf 80' lang='grc' dir='ltr'>σύμπασαν</span> <span class='ocrx_word' id='word_1_370' title='bbox 3197 2327 3608 2398; x_wconf 80' lang='grc' dir='ltr'>περιειληφότες</span> <span class='ocrx_word' id='word_1_371' title='bbox 3661 2327 3765 2399; x_wconf 80' lang='grc' dir='ltr'>τὴν</span> 
     </span>
    </p>
   </div>
   <div class='ocr_carea' id='block_1_53' title="bbox 2175 2415 3767 2489">
    <p class='ocr_par' dir='ltr' id='par_1_53' title="bbox 2175 2415 3767 2489">
     <span class='ocr_line' id='line_1_53' title="bbox 2175 2415 3767 2489; baseline -0.002 -16"><span class='ocrx_word' id='word_1_372' title='bbox 2175 2417 2439 2489; x_wconf 83' lang='grc' dir='ltr'>αἰσθητὴν</span> <span class='ocrx_word' id='word_1_373' title='bbox 2459 2418 2553 2471; x_wconf 73' lang='grc' dir='ltr'><strong>καὶ</strong></span> <span class='ocrx_word' id='word_1_374' title='bbox 2577 2417 2953 2488; x_wconf 72' lang='grc' dir='ltr'>πνευματικὴν</span> <span class='ocrx_word' id='word_1_375' title='bbox 2977 2415 3176 2479; x_wconf 86' lang='grc' dir='ltr'>κτίσιν,</span> <span class='ocrx_word' id='word_1_376' title='bbox 3198 2418 3296 2487; x_wconf 82' lang='grc' dir='ltr'><strong>τὴν</strong></span> <span class='ocrx_word' id='word_1_377' title='bbox 3317 2415 3471 2481; x_wconf 79' lang='grc' dir='ltr'>δόξαν</span> <span class='ocrx_word' id='word_1_378' title='bbox 3501 2415 3635 2469; x_wconf 91' lang='grc' dir='ltr'>Θεοῦ</span> <span class='ocrx_word' id='word_1_379' title='bbox 3658 2416 3767 2470; x_wconf 85' lang='grc' dir='ltr'><strong>οὐκ</strong></span> 
     </span>
    </p>
   </div>
   <div class='ocr_carea' id='block_1_54' title="bbox 2185 2509 3769 2582">
    <p class='ocr_par' dir='ltr' id='par_1_54' title="bbox 2185 2509 3769 2582">
     <span class='ocr_line' id='line_1_54' title="bbox 2185 2509 3769 2582; baseline -0.001 -18"><span class='ocrx_word' id='word_1_380' title='bbox 2185 2509 2467 2582; x_wconf 78' lang='grc' dir='ltr'>Ἑλληνικῇ</span> <span class='ocrx_word' id='word_1_381' title='bbox 2492 2513 2640 2581; x_wconf 85' lang='grc' dir='ltr'>φωνῇ</span> <span class='ocrx_word' id='word_1_382' title='bbox 2668 2509 3046 2580; x_wconf 83' lang='grc' dir='ltr'>φθεγγόμενοι,</span> <span class='ocrx_word' id='word_1_383' title='bbox 3065 2510 3172 2563; x_wconf 85' lang='grc' dir='ltr'>οὐδ’</span> <span class='ocrx_word' id='word_1_384' title='bbox 3193 2512 3354 2582; x_wconf 75' lang='grc' dir='ltr'>ἑτέρα</span> <span class='ocrx_word' id='word_1_385' title='bbox 3375 2511 3481 2562; x_wconf 77' lang='grc' dir='ltr'><strong>τινί</strong></span> <span class='ocrx_word' id='word_1_386' title='bbox 3496 2510 3769 2581; x_wconf 85' lang='grc' dir='ltr'>διαλέκτῳ</span> 
     </span>
    </p>
   </div>
   <div class='ocr_carea' id='block_1_55' title="bbox 2171 2603 3768 2677">
    <p class='ocr_par' dir='ltr' id='par_1_55' title="bbox 2171 2603 3768 2677">
     <span class='ocr_line' id='line_1_55' title="bbox 2171 2603 3768 2677; baseline 0.002 -21"><span class='ocrx_word' id='word_1_387' title='bbox 2171 2605 2461 2677; x_wconf 81' lang='grc' dir='ltr'>χρώμενοι,</span> <span class='ocrx_word' id='word_1_388' title='bbox 2475 2604 2623 2676; x_wconf 88' lang='grc' dir='ltr'>αὐτῴ</span> <span class='ocrx_word' id='word_1_389' title='bbox 2641 2605 2696 2658; x_wconf 86' lang='grc' dir='ltr'>δὲ</span> <span class='ocrx_word' id='word_1_390' title='bbox 2715 2604 2860 2676; x_wconf 82' lang='grc' dir='ltr'>ἔργῳ</span> <span class='ocrx_word' id='word_1_391' title='bbox 2878 2603 2967 2657; x_wconf 84' lang='grc' dir='ltr'><strong>διὰ</strong></span> <span class='ocrx_word' id='word_1_392' title='bbox 2980 2603 3074 2657; x_wconf 91' lang='grc' dir='ltr'><strong>τοῦ</strong></span> <span class='ocrx_word' id='word_1_393' title='bbox 3103 2605 3309 2657; x_wconf 80' lang='grc' dir='ltr'>ἑαυτῶν</span> <span class='ocrx_word' id='word_1_394' title='bbox 3333 2605 3537 2675; x_wconf 83' lang='grc' dir='ltr'>κόσμου</span> <span class='ocrx_word' id='word_1_395' title='bbox 3555 2605 3768 2675; x_wconf 73' lang='grc' dir='ltr'>καὶτῆς</span> 
     </span>
    </p>
   </div>
   <div class='ocr_carea' id='block_1_56' title="bbox 2171 2693 3765 2769">
    <p class='ocr_par' dir='ltr' id='par_1_56' title="bbox 2171 2693 3765 2769">
     <span class='ocr_line' id='line_1_56' title="bbox 2171 2693 3765 2769; baseline -0.003 -19"><span class='ocrx_word' id='word_1_396' title='bbox 2171 2696 2445 2769; x_wconf 81' lang='grc' dir='ltr'>εὐρύθμου</span> <span class='ocrx_word' id='word_1_397' title='bbox 2473 2696 2567 2749; x_wconf 79' lang='grc' dir='ltr'><strong>καὶ</strong></span> <span class='ocrx_word' id='word_1_398' title='bbox 2598 2696 2919 2767; x_wconf 73' lang='grc' dir='ltr'>ἐναρμονίου</span> <span class='ocrx_word' id='word_1_399' title='bbox 2943 2695 3033 2749; x_wconf 77' lang='grc' dir='ltr'>καὶ</span> <span class='ocrx_word' id='word_1_400' title='bbox 3065 2696 3339 2764; x_wconf 80' lang='grc' dir='ltr'>πανσόφου</span> <span class='ocrx_word' id='word_1_401' title='bbox 3365 2696 3630 2757; x_wconf 85' lang='grc' dir='ltr'>στάσεως,</span> <span class='ocrx_word' id='word_1_402' title='bbox 3661 2693 3765 2747; x_wconf 88' lang='grc' dir='ltr'><strong>τοῦ</strong></span> 
     </span>
    </p>
   </div>
   <div class='ocr_carea' id='block_1_57' title="bbox 2170 2784 3765 2861">
    <p class='ocr_par' dir='ltr' id='par_1_57' title="bbox 2170 2784 3765 2861">
     <span class='ocr_line' id='line_1_57' title="bbox 2170 2784 3765 2861; baseline -0.003 -18"><span class='ocrx_word' id='word_1_403' title='bbox 2170 2789 2345 2843; x_wconf 86' lang='grc' dir='ltr'>αἰτίου</span> <span class='ocrx_word' id='word_1_404' title='bbox 2370 2788 2553 2852; x_wconf 79' lang='grc' dir='ltr'>αὐτοῖς</span> <span class='ocrx_word' id='word_1_405' title='bbox 2574 2789 2673 2860; x_wconf 90' lang='grc' dir='ltr'><strong>τῆς</strong></span> <span class='ocrx_word' id='word_1_406' title='bbox 2700 2787 2911 2841; x_wconf 79' lang='grc' dir='ltr'>τοιᾶσδε</span> <span class='ocrx_word' id='word_1_407' title='bbox 2941 2789 3206 2858; x_wconf 88' lang='grc' dir='ltr'>κινήσεως</span> <span class='ocrx_word' id='word_1_408' title='bbox 3229 2788 3328 2861; x_wconf 86' lang='grc' dir='ltr'>τὴν</span> <span class='ocrx_word' id='word_1_409' title='bbox 3351 2784 3765 2857; x_wconf 84' lang='grc' dir='ltr'>άπειρομεγέθη</span> 
     </span>
    </p>
   </div>
   <div class='ocr_carea' id='block_1_58' title="bbox 2169 2879 3732 2953">
    <p class='ocr_par' dir='ltr' id='par_1_58' title="bbox 2169 2879 3732 2953">
     <span class='ocr_line' id='line_1_58' title="bbox 2169 2879 3732 2953; baseline -0.004 -16"><span class='ocrx_word' id='word_1_410' title='bbox 2169 2880 2396 2953; x_wconf 85' lang='grc' dir='ltr'>δύναμιν</span> <span class='ocrx_word' id='word_1_411' title='bbox 2427 2881 2851 2936; x_wconf 82' lang='grc' dir='ltr'>ἑκδιδάσκουσιν.</span> <span class='ocrx_word' id='word_1_412' title='bbox 2902 2883 3002 2935; x_wconf 83' lang='grc' dir='ltr'>Ἐκ</span> <span class='ocrx_word' id='word_1_413' title='bbox 3030 2882 3141 2951; x_wconf 83' lang='grc' dir='ltr'><strong>τὰρ</strong></span> <span class='ocrx_word' id='word_1_414' title='bbox 3165 2882 3456 2951; x_wconf 68' lang='grc' dir='ltr'>μεγέθους</span> <span class='ocrx_word' id='word_1_415' title='bbox 3483 2879 3578 2933; x_wconf 79' lang='grc' dir='ltr'>καὶ</span> <span class='ocrx_word' id='word_1_416' title='bbox 3611 2880 3732 2932; x_wconf 66' lang='grc' dir='ltr'>καλ</span> 
     </span>
    </p>
   </div>
   <div class='ocr_carea' id='block_1_59' title="bbox 2171 2969 3763 3041">
    <p class='ocr_par' dir='ltr' id='par_1_59' title="bbox 2171 2969 3763 3041">
     <span class='ocr_line' id='line_1_59' title="bbox 2171 2969 3763 3041; baseline -0.001 -15"><span class='ocrx_word' id='word_1_417' title='bbox 2171 2972 2363 3041; x_wconf 76' lang='grc' dir='ltr'>λονῆς</span> <span class='ocrx_word' id='word_1_418' title='bbox 2399 2970 2737 3041; x_wconf 83' lang='grc' dir='ltr'>κτισμάτων</span> <span class='ocrx_word' id='word_1_419' title='bbox 2780 2972 3093 3039; x_wconf 71' lang='grc' dir='ltr'>ἀναλόγως</span> <span class='ocrx_word' id='word_1_420' title='bbox 3126 2974 3157 3024; x_wconf 84' lang='grc' dir='ltr'><em>ὁ</em></span> <span class='ocrx_word' id='word_1_421' title='bbox 3196 2969 3615 3040; x_wconf 70' lang='grc' dir='ltr'>τενεσιοιψγὸς</span> <span class='ocrx_word' id='word_1_422' title='bbox 3647 2969 3763 3024; x_wconf 75' lang='grc' dir='ltr'>αὐ-</span> 
     </span>
    </p>
   </div>
   <div class='ocr_carea' id='block_1_60' title="bbox 2167 3061 3768 3133">
    <p class='ocr_par' dir='ltr' id='par_1_60' title="bbox 2167 3061 3768 3133">
     <span class='ocr_line' id='line_1_60' title="bbox 2167 3061 3768 3133; baseline -0.001 -16"><span class='ocrx_word' id='word_1_423' title='bbox 2167 3065 2289 3119; x_wconf 83' lang='grc' dir='ltr'><strong>τῶν</strong></span> <span class='ocrx_word' id='word_1_424' title='bbox 2310 3064 2603 3133; x_wconf 73' lang='grc' dir='ltr'>θεωρεῖται</span> <span class='ocrx_word' id='word_1_425' title='bbox 2618 3081 2631 3093; x_wconf 89' lang='grc'>·</span> <span class='ocrx_word' id='word_1_426' title='bbox 2659 3064 2774 3126; x_wconf 74' lang='grc' dir='ltr'>καὶ,</span> <span class='ocrx_word' id='word_1_427' title='bbox 2810 3064 2887 3118; x_wconf 83' lang='grc' dir='ltr'><em>Τὰ</em></span> <span class='ocrx_word' id='word_1_428' title='bbox 2906 3064 3129 3129; x_wconf 78' lang='grc' dir='ltr'>ἀόρατα</span> <span class='ocrx_word' id='word_1_429' title='bbox 3148 3062 3337 3115; x_wconf 83' lang='grc' dir='ltr'>αὐτοῦ</span> <span class='ocrx_word' id='word_1_430' title='bbox 3366 3061 3485 3115; x_wconf 79' lang='grc' dir='ltr'><strong>ἀπὸ</strong></span> <span class='ocrx_word' id='word_1_431' title='bbox 3510 3063 3768 3130; x_wconf 67' lang='grc' dir='ltr'>κτίσεως</span> 
     </span>
    </p>
   </div>
   <div class='ocr_carea' id='block_1_61' title="bbox 2172 3150 3768 3225">
    <p class='ocr_par' dir='ltr' id='par_1_61' title="bbox 2172 3150 3768 3225">
     <span class='ocr_line' id='line_1_61' title="bbox 2172 3150 3768 3225; baseline 0 -16"><span class='ocrx_word' id='word_1_432' title='bbox 2172 3156 2404 3225; x_wconf 81' lang='grc' dir='ltr'>κόσμου</span> <span class='ocrx_word' id='word_1_433' title='bbox 2437 3156 2561 3221; x_wconf 80' lang='grc' dir='ltr'>τοῖς</span> <span class='ocrx_word' id='word_1_434' title='bbox 2594 3154 2884 3224; x_wconf 79' lang='grc' dir='ltr'>ποιήμασι</span> <span class='ocrx_word' id='word_1_435' title='bbox 2920 3155 3219 3221; x_wconf 78' lang='grc' dir='ltr'>νοούμενα</span> <span class='ocrx_word' id='word_1_436' title='bbox 3249 3150 3591 3219; x_wconf 66' lang='grc' dir='ltr'>καθορᾶταν</span> <span class='ocrx_word' id='word_1_437' title='bbox 3622 3154 3660 3221; x_wconf 83' lang='grc' dir='ltr'><em>ἢ</em></span> <span class='ocrx_word' id='word_1_438' title='bbox 3696 3172 3768 3209; x_wconf 70' lang='lat' dir='ltr'><strong>te</strong></span> 
     </span>
    </p>
   </div>
   <div class='ocr_carea' id='block_1_62' title="bbox 484 3208 2066 3319">
    <p class='ocr_par' dir='ltr' id='par_1_62' title="bbox 484 3208 2066 3319">
     <span class='ocr_line' id='line_1_62' title="bbox 1180 3208 2040 3231; baseline 0.013 -25"><span class='ocrx_word' id='word_1_439' title='bbox 1180 3208 1204 3222; x_wconf 51' lang='grc' dir='ltr'><strong><em>ν</em></strong></span> <span class='ocrx_word' id='word_1_440' title='bbox 1416 3208 1446 3210; x_wconf 30' lang='grc' dir='ltr'><strong>ν-</strong></span> <span class='ocrx_word' id='word_1_441' title='bbox 1684 3208 1730 3215; x_wconf 59' lang='grc' dir='ltr'><em>η</em></span> <span class='ocrx_word' id='word_1_442' title='bbox 1773 3208 2040 3231; x_wconf 47' lang='grc' dir='ltr'><strong>ηψπ..-</strong></span> 
     </span>
     <span class='ocr_line' id='line_1_63' title="bbox 484 3238 2066 3319; baseline 0.013 -29"><span class='ocrx_word' id='word_1_443' title='bbox 484 3238 606 3292; x_wconf 76' lang='lat' dir='ltr'><strong>diue</strong></span> <span class='ocrx_word' id='word_1_444' title='bbox 629 3249 1000 3295; x_wconf 81' lang='lat' dir='ltr'><strong>creaturarum</strong></span> <span class='ocrx_word' id='word_1_445' title='bbox 1043 3247 1381 3313; x_wconf 86' lang='lat' dir='ltr'><strong>proportione</strong></span> <span class='ocrx_word' id='word_1_446' title='bbox 1398 3251 1630 3319; x_wconf 82' lang='lat' dir='ltr'><strong>quadam</strong></span> <span class='ocrx_word' id='word_1_447' title='bbox 1651 3264 1857 3310; x_wconf 80' lang='lat' dir='ltr'><strong>creator</strong></span> <span class='ocrx_word' id='word_1_448' title='bbox 1885 3273 2066 3310; x_wconf 85' lang='lat' dir='ltr'><strong>earum</strong></span> 
     </span>
    </p>
   </div>
   <div class='ocr_carea' id='block_1_63' title="bbox 2173 3208 3768 3319">
    <p class='ocr_par' dir='ltr' id='par_1_63' title="bbox 2178 3208 3768 3315">
     <span class='ocr_line' id='line_1_64' title="bbox 2178 3208 3768 3315; baseline -0.002 -15"><span class='ocrx_word' id='word_1_449' title='bbox 2178 3208 2367 3313; x_wconf 63' lang='grc' dir='ltr'>ἀΐδῖος</span> <span class='ocrx_word' id='word_1_450' title='bbox 2397 3208 2583 3300; x_wconf 59' lang='grc' dir='ltr'>αὐτοῦ</span> <span class='ocrx_word' id='word_1_451' title='bbox 2616 3208 2868 3315; x_wconf 74' lang='grc' dir='ltr'>δύναμις</span> <span class='ocrx_word' id='word_1_452' title='bbox 2901 3243 2998 3297; x_wconf 77' lang='grc' dir='ltr'><strong>καί</strong></span> <span class='ocrx_word' id='word_1_453' title='bbox 3029 3244 3260 3311; x_wconf 82' lang='grc' dir='ltr'>θεότης.</span> <span class='ocrx_word' id='word_1_454' title='bbox 3302 3245 3362 3295; x_wconf 83' lang='grc'><strong>’0</strong></span> <span class='ocrx_word' id='word_1_455' title='bbox 3392 3238 3485 3297; x_wconf 76' lang='grc' dir='ltr'><strong>οῦν</strong></span> <span class='ocrx_word' id='word_1_456' title='bbox 3516 3245 3642 3307; x_wconf 85' lang='grc' dir='ltr'>τοὺς</span> <span class='ocrx_word' id='word_1_457' title='bbox 3671 3245 3768 3297; x_wconf 49' lang='lat' dir='ltr'><strong>oi»</strong></span> 
     </span>
    </p>
   </div>
   <div class='ocr_carea' id='block_1_64' title="bbox 484 3333 2069 3416">
    <p class='ocr_par' dir='ltr' id='par_1_64' title="bbox 484 3333 2069 3416">
     <span class='ocr_line' id='line_1_65' title="bbox 484 3333 2069 3416; baseline 0.011 -30"><span class='ocrx_word' id='word_1_458' title='bbox 484 3341 754 3402; x_wconf 75' lang='lat' dir='ltr'><strong>spectatur</strong></span> <span class='ocrx_word' id='word_1_459' title='bbox 774 3333 844 3403; x_wconf 63' lang='lat'><strong>3°;</strong></span> <span class='ocrx_word' id='word_1_460' title='bbox 872 3343 925 3390; x_wconf 85' lang='lat' dir='ltr'><strong>et</strong></span> <span class='ocrx_word' id='word_1_461' title='bbox 947 3354 959 3390; x_wconf 95' lang='lat'>:</span> <span class='ocrx_word' id='word_1_462' title='bbox 983 3334 1286 3391; x_wconf 80' lang='lat' dir='ltr'><strong>Invisibilia</strong></span> <span class='ocrx_word' id='word_1_463' title='bbox 1312 3341 1498 3409; x_wconf 83' lang='lat' dir='ltr'><strong>ipsius,</strong></span> <span class='ocrx_word' id='word_1_464' title='bbox 1530 3360 1562 3397; x_wconf 92' lang='lat' dir='ltr'><strong>a</strong></span> <span class='ocrx_word' id='word_1_465' title='bbox 1582 3354 1827 3401; x_wconf 83' lang='lat' dir='ltr'><strong>creatura</strong></span> <span class='ocrx_word' id='word_1_466' title='bbox 1865 3350 2069 3416; x_wconf 85' lang='lat' dir='ltr'><strong>mundi,</strong></span> 
     </span>
    </p>
   </div>
   <div class='ocr_carea' id='block_1_65' title="bbox 484 3428 2074 3506">
    <p class='ocr_par' dir='ltr' id='par_1_65' title="bbox 484 3428 2074 3506">
     <span class='ocr_line' id='line_1_66' title="bbox 484 3428 2074 3506; baseline 0.009 -25"><span class='ocrx_word' id='word_1_467' title='bbox 484 3442 576 3495; x_wconf 86' lang='lat' dir='ltr'><strong>per</strong></span> <span class='ocrx_word' id='word_1_468' title='bbox 604 3444 666 3480; x_wconf 84' lang='lat' dir='ltr'><strong>ea</strong></span> <span class='ocrx_word' id='word_1_469' title='bbox 691 3444 809 3499; x_wconf 68' lang='lat' dir='ltr'><strong>quae</strong></span> <span class='ocrx_word' id='word_1_470' title='bbox 837 3428 984 3494; x_wconf 76' lang='lat' dir='ltr'><strong>facta</strong></span> <span class='ocrx_word' id='word_1_471' title='bbox 1016 3439 1143 3484; x_wconf 82' lang='lat' dir='ltr'><strong>sunt</strong></span> <span class='ocrx_word' id='word_1_472' title='bbox 1173 3431 1444 3488; x_wconf 82' lang='lat' dir='ltr'><strong>intellecta</strong></span> <span class='ocrx_word' id='word_1_473' title='bbox 1476 3438 1917 3506; x_wconf 83' lang='lat' dir='ltr'><strong>conspiciuntur;</strong></span> <span class='ocrx_word' id='word_1_474' title='bbox 1940 3458 2074 3496; x_wconf 85' lang='lat' dir='ltr'><strong>sem-</strong></span> 
     </span>
    </p>
   </div>
   <div class='ocr_carea' id='block_1_66' title="bbox 485 3519 2069 3607">
    <p class='ocr_par' dir='ltr' id='par_1_66' title="bbox 485 3519 2069 3607">
     <span class='ocr_line' id='line_1_67' title="bbox 485 3519 2069 3607; baseline 0.013 -37"><span class='ocrx_word' id='word_1_475' title='bbox 485 3519 695 3587; x_wconf 82' lang='lat' dir='ltr'><strong>piterna</strong></span> <span class='ocrx_word' id='word_1_476' title='bbox 727 3536 931 3589; x_wconf 83' lang='lat' dir='ltr'><strong>quoque</strong></span> <span class='ocrx_word' id='word_1_477' title='bbox 985 3523 1099 3586; x_wconf 85' lang='lat' dir='ltr'><strong>eius</strong></span> <span class='ocrx_word' id='word_1_478' title='bbox 1142 3523 1308 3577; x_wconf 81' lang='lat' dir='ltr'><strong>virtus</strong></span> <span class='ocrx_word' id='word_1_479' title='bbox 1340 3534 1390 3579; x_wconf 90' lang='lat' dir='ltr'><strong>et</strong></span> <span class='ocrx_word' id='word_1_480' title='bbox 1423 3526 1678 3583; x_wconf 76' lang='lat' dir='ltr'><strong>divinitas</strong></span> <span class='ocrx_word' id='word_1_481' title='bbox 1701 3531 1767 3588; x_wconf 70' lang='grc' dir='ltr'><strong>δι.</strong></span> <span class='ocrx_word' id='word_1_482' title='bbox 1802 3532 2069 3607; x_wconf 86' lang='lat' dir='ltr'><strong>Quisquis</strong></span> 
     </span>
    </p>
   </div>
   <div class='ocr_carea' id='block_1_67' title="bbox 485 3611 2069 3686">
    <p class='ocr_par' dir='ltr' id='par_1_67' title="bbox 485 3611 2069 3686">
     <span class='ocr_line' id='line_1_68' title="bbox 485 3611 2069 3686; baseline 0.011 -23"><span class='ocrx_word' id='word_1_483' title='bbox 485 3625 642 3679; x_wconf 90' lang='lat' dir='ltr'><strong>ergo,</strong></span> <span class='ocrx_word' id='word_1_484' title='bbox 692 3611 903 3681; x_wconf 89' lang='lat' dir='ltr'><strong>absque.</strong></span> <span class='ocrx_word' id='word_1_485' title='bbox 953 3613 1065 3667; x_wconf 90' lang='lat' dir='ltr'><strong>ulla</strong></span> <span class='ocrx_word' id='word_1_486' title='bbox 1101 3617 1368 3672; x_wconf 90' lang='lat' dir='ltr'><strong>creatrice</strong></span> <span class='ocrx_word' id='word_1_487' title='bbox 1423 3620 1658 3686; x_wconf 89' lang='lat' dir='ltr'><strong>ratione,</strong></span> <span class='ocrx_word' id='word_1_488' title='bbox 1711 3624 1829 3679; x_wconf 89' lang='lat' dir='ltr'><strong>sine</strong></span> <span class='ocrx_word' id='word_1_489' title='bbox 1885 3624 2069 3680; x_wconf 87' lang='lat' dir='ltr'><strong>divina</strong></span> 
     </span>
    </p>
   </div>
   <div class='ocr_carea' id='block_1_68' title="bbox 487 3702 2065 3783">
    <p class='ocr_par' dir='ltr' id='par_1_68' title="bbox 487 3702 2065 3783">
     <span class='ocr_line' id='line_1_69' title="bbox 487 3702 2065 3783; baseline 0.01 -28"><span class='ocrx_word' id='word_1_490' title='bbox 487 3702 916 3783; x_wconf 67' lang='lat' dir='ltr'><strong>aliquialvirtute,</strong></span> <span class='ocrx_word' id='word_1_491' title='bbox 949 3705 1119 3759; x_wconf 68' lang='lat' dir='ltr'><strong>caelos</strong></span> <span class='ocrx_word' id='word_1_492' title='bbox 1154 3722 1309 3761; x_wconf 90' lang='lat' dir='ltr'><strong>suam</strong></span> <span class='ocrx_word' id='word_1_493' title='bbox 1331 3710 1647 3767; x_wconf 90' lang='lat' dir='ltr'><strong>condidisse</strong></span> <span class='ocrx_word' id='word_1_494' title='bbox 1676 3716 2065 3783; x_wconf 79' lang='lat' dir='ltr'><strong>substantiam,</strong></span> 
     </span>
    </p>
   </div>
   <div class='ocr_carea' id='block_1_69' title="bbox 488 3776 2066 3875">
    <p class='ocr_par' dir='ltr' id='par_1_69' title="bbox 488 3776 2066 3875">
     <span class='ocr_line' id='line_1_70' title="bbox 488 3776 2066 3875; baseline 0.011 -30"><span class='ocrx_word' id='word_1_495' title='bbox 488 3776 700 3847; x_wconf 57' lang='lat' dir='ltr'><strong>tanta&#39;m</strong></span> <span class='ocrx_word' id='word_1_496' title='bbox 755 3793 906 3847; x_wconf 88' lang='lat' dir='ltr'><strong>illam</strong></span> <span class='ocrx_word' id='word_1_497' title='bbox 985 3799 1415 3868; x_wconf 86' lang='lat' dir='ltr'><strong>magnitudinem</strong></span> <span class='ocrx_word' id='word_1_498' title='bbox 1492 3804 1766 3875; x_wconf 88' lang='lat' dir='ltr'><strong>talemque</strong></span> <span class='ocrx_word' id='word_1_499' title='bbox 1834 3776 2066 3862; x_wconf 76' lang='lat' dir='ltr'><strong>formam</strong></span> 
     </span>
    </p>
   </div>
   <div class='ocr_carea' id='block_1_70' title="bbox 489 3881 2066 3967">
    <p class='ocr_par' dir='ltr' id='par_1_70' title="bbox 489 3881 2066 3967">
     <span class='ocr_line' id='line_1_71' title="bbox 489 3881 2066 3967; baseline 0.01 -33"><span class='ocrx_word' id='word_1_500' title='bbox 489 3881 792 3937; x_wconf 81' lang='lat' dir='ltr'><strong>adornasse</strong></span> <span class='ocrx_word' id='word_1_501' title='bbox 823 3892 1001 3952; x_wconf 89' lang='lat' dir='ltr'><strong>putat,</strong></span> <span class='ocrx_word' id='word_1_502' title='bbox 1055 3900 1119 3941; x_wconf 91' lang='lat' dir='ltr'><strong>ac</strong></span> <span class='ocrx_word' id='word_1_503' title='bbox 1173 3888 1247 3942; x_wconf 89' lang='lat' dir='ltr'><strong>ita</strong></span> <span class='ocrx_word' id='word_1_504' title='bbox 1282 3893 1613 3947; x_wconf 90' lang='lat' dir='ltr'><strong>concinnum</strong></span> <span class='ocrx_word' id='word_1_505' title='bbox 1640 3895 2066 3967; x_wconf 86' lang='lat' dir='ltr'><strong>ordinatumque</strong></span> 
     </span>
    </p>
   </div>
   <div class='ocr_carea' id='block_1_71' title="bbox 489 3977 2062 4055">
    <p class='ocr_par' dir='ltr' id='par_1_71' title="bbox 489 3977 2062 4055">
     <span class='ocr_line' id='line_1_72' title="bbox 489 3977 2062 4055; baseline 0.011 -28"><span class='ocrx_word' id='word_1_506' title='bbox 489 3982 697 4029; x_wconf 90' lang='lat' dir='ltr'><strong>motum</strong></span> <span class='ocrx_word' id='word_1_507' title='bbox 730 3977 1059 4047; x_wconf 79' lang='lat' dir='ltr'><strong>corporibus</strong></span> <span class='ocrx_word' id='word_1_508' title='bbox 1112 3980 1248 4051; x_wconf 90' lang='lat' dir='ltr'><strong>ipsis</strong></span> <span class='ocrx_word' id='word_1_509' title='bbox 1298 3985 1576 4055; x_wconf 88' lang='lat' dir='ltr'><strong>ascripsit,</strong></span> <span class='ocrx_word' id='word_1_510' title='bbox 1612 3987 1661 4043; x_wconf 89' lang='lat' dir='ltr'><strong>is</strong></span> <span class='ocrx_word' id='word_1_511' title='bbox 1693 4003 1826 4044; x_wconf 86' lang='lat' dir='ltr'><strong>sane</strong></span> <span class='ocrx_word' id='word_1_512' title='bbox 1859 3992 2062 4046; x_wconf 91' lang='lat' dir='ltr'><strong>stultus</strong></span> 
     </span>
    </p>
   </div>
   <div class='ocr_carea' id='block_1_72' title="bbox 484 4063 2064 4145">
    <p class='ocr_par' dir='ltr' id='par_1_72' title="bbox 484 4063 2064 4145">
     <span class='ocr_line' id='line_1_73' title="bbox 484 4063 2064 4145; baseline 0.011 -29"><span class='ocrx_word' id='word_1_513' title='bbox 484 4072 539 4117; x_wconf 92' lang='lat' dir='ltr'><strong>et</strong></span> <span class='ocrx_word' id='word_1_514' title='bbox 580 4063 782 4134; x_wconf 74' lang='lat' dir='ltr'><strong>impiuis</strong></span> <span class='ocrx_word' id='word_1_515' title='bbox 813 4072 916 4121; x_wconf 87' lang='lat' dir='ltr'><strong>est.</strong></span> <span class='ocrx_word' id='word_1_516' title='bbox 969 4066 1336 4133; x_wconf 88' lang='lat' dir='ltr'><strong>Quamobrem</strong></span> <span class='ocrx_word' id='word_1_517' title='bbox 1388 4088 1485 4129; x_wconf 92' lang='lat' dir='ltr'><strong>eos</strong></span> <span class='ocrx_word' id='word_1_518' title='bbox 1538 4076 1632 4145; x_wconf 91' lang='lat' dir='ltr'><strong>qui</strong></span> <span class='ocrx_word' id='word_1_519' title='bbox 1689 4092 1822 4133; x_wconf 88' lang='lat' dir='ltr'><strong>sana</strong></span> <span class='ocrx_word' id='word_1_520' title='bbox 1879 4087 2064 4134; x_wconf 90' lang='lat' dir='ltr'><strong>mente</strong></span> 
     </span>
    </p>
   </div>
   <div class='ocr_carea' id='block_1_73' title="bbox 2181 3335 3767 3412">
    <p class='ocr_par' dir='ltr' id='par_1_73' title="bbox 2181 3335 3767 3412">
     <span class='ocr_line' id='line_1_74' title="bbox 2181 3335 3767 3412; baseline -0.002 -20"><span class='ocrx_word' id='word_1_521' title='bbox 2181 3341 2374 3412; x_wconf 83' lang='grc' dir='ltr'>ρανοὺς</span> <span class='ocrx_word' id='word_1_522' title='bbox 2417 3338 2652 3409; x_wconf 79' lang='grc' dir='ltr'>νομίζων</span> <span class='ocrx_word' id='word_1_523' title='bbox 2684 3338 2806 3407; x_wconf 89' lang='grc' dir='ltr'>δίχα</span> <span class='ocrx_word' id='word_1_524' title='bbox 2844 3336 2988 3400; x_wconf 82' lang='grc' dir='ltr'>τινὸς</span> <span class='ocrx_word' id='word_1_525' title='bbox 3018 3335 3408 3406; x_wconf 79' lang='grc' dir='ltr'>δημιουργικοῦ</span> <span class='ocrx_word' id='word_1_526' title='bbox 3460 3335 3615 3403; x_wconf 88' lang='grc' dir='ltr'>λόγου</span> <span class='ocrx_word' id='word_1_527' title='bbox 3664 3337 3767 3390; x_wconf 80' lang='grc' dir='ltr'>καὶ</span> 
     </span>
    </p>
   </div>
   <div class='ocr_carea' id='block_1_74' title="bbox 2178 3428 3765 3502">
    <p class='ocr_par' dir='ltr' id='par_1_74' title="bbox 2178 3428 3765 3502">
     <span class='ocr_line' id='line_1_75' title="bbox 2178 3428 3765 3502; baseline -0.003 -16"><span class='ocrx_word' id='word_1_528' title='bbox 2178 3433 2330 3496; x_wconf 86' lang='grc' dir='ltr'>θείας</span> <span class='ocrx_word' id='word_1_529' title='bbox 2355 3431 2484 3486; x_wconf 79' lang='grc' dir='ltr'>ἄνευ</span> <span class='ocrx_word' id='word_1_530' title='bbox 2517 3431 2798 3502; x_wconf 87' lang='grc' dir='ltr'>δυνάμεως</span> <span class='ocrx_word' id='word_1_531' title='bbox 2828 3431 3056 3494; x_wconf 60' lang='grc' dir='ltr'>ἑαυτοὺς</span> <span class='ocrx_word' id='word_1_532' title='bbox 3088 3428 3513 3500; x_wconf 78' lang='grc' dir='ltr'>ὑποστήσασθαι,</span> <span class='ocrx_word' id='word_1_533' title='bbox 3546 3429 3640 3481; x_wconf 70' lang='grc' dir='ltr'><strong>καὶ</strong></span> <span class='ocrx_word' id='word_1_534' title='bbox 3664 3428 3765 3482; x_wconf 85' lang='grc' dir='ltr'><strong>τοῦ</strong></span> 
     </span>
    </p>
   </div>
   <div class='ocr_carea' id='block_1_75' title="bbox 2175 3520 3765 3595">
    <p class='ocr_par' dir='ltr' id='par_1_75' title="bbox 2175 3520 3765 3595">
     <span class='ocr_line' id='line_1_76' title="bbox 2175 3520 3765 3595; baseline -0.004 -16"><span class='ocrx_word' id='word_1_535' title='bbox 2175 3524 2391 3579; x_wconf 77' lang='grc' dir='ltr'>τοσοῦδε</span> <span class='ocrx_word' id='word_1_536' title='bbox 2425 3524 2687 3595; x_wconf 88' lang='grc' dir='ltr'>μεγέθους</span> <span class='ocrx_word' id='word_1_537' title='bbox 2726 3525 2818 3576; x_wconf 78' lang='grc' dir='ltr'>καὶ</span> <span class='ocrx_word' id='word_1_538' title='bbox 2847 3522 2941 3577; x_wconf 84' lang='grc' dir='ltr'><strong>τοῦ</strong></span> <span class='ocrx_word' id='word_1_539' title='bbox 2983 3521 3187 3575; x_wconf 82' lang='grc' dir='ltr'>τοιοῦδε</span> <span class='ocrx_word' id='word_1_540' title='bbox 3220 3522 3520 3591; x_wconf 82' lang='grc' dir='ltr'>σχήματος,</span> <span class='ocrx_word' id='word_1_541' title='bbox 3566 3520 3666 3589; x_wconf 82' lang='grc' dir='ltr'><strong>τῆς</strong></span> <span class='ocrx_word' id='word_1_542' title='bbox 3698 3537 3765 3573; x_wconf 88' lang='grc' dir='ltr'><strong>τε</strong></span> 
     </span>
    </p>
   </div>
   <div class='ocr_carea' id='block_1_76' title="bbox 2173 3613 3766 3685">
    <p class='ocr_par' dir='ltr' id='par_1_76' title="bbox 2173 3613 3766 3685">
     <span class='ocr_line' id='line_1_77' title="bbox 2173 3613 3766 3685; baseline -0.004 -14"><span class='ocrx_word' id='word_1_543' title='bbox 2173 3617 2468 3681; x_wconf 79' lang='grc' dir='ltr'>εὐσταθοῦς</span> <span class='ocrx_word' id='word_1_544' title='bbox 2519 3616 2613 3671; x_wconf 81' lang='grc' dir='ltr'><strong>καὶ</strong></span> <span class='ocrx_word' id='word_1_545' title='bbox 2663 3618 2926 3670; x_wconf 81' lang='grc' dir='ltr'>εὐτάκτου</span> <span class='ocrx_word' id='word_1_546' title='bbox 2959 3617 3225 3685; x_wconf 80' lang='grc' dir='ltr'>κινήσεως</span> <span class='ocrx_word' id='word_1_547' title='bbox 3274 3615 3375 3685; x_wconf 82' lang='grc' dir='ltr'>τὴν</span> <span class='ocrx_word' id='word_1_548' title='bbox 3427 3613 3605 3666; x_wconf 80' lang='grc' dir='ltr'>αἰτίαν</span> <span class='ocrx_word' id='word_1_549' title='bbox 3646 3614 3766 3676; x_wconf 82' lang='grc' dir='ltr'>τοῖς</span> 
     </span>
    </p>
   </div>
   <div class='ocr_carea' id='block_1_77' title="bbox 2175 3706 3763 3781">
    <p class='ocr_par' dir='ltr' id='par_1_77' title="bbox 2175 3706 3763 3781">
     <span class='ocr_line' id='line_1_78' title="bbox 2175 3706 3763 3781; baseline -0.001 -19"><span class='ocrx_word' id='word_1_550' title='bbox 2175 3710 2420 3781; x_wconf 86' lang='grc' dir='ltr'>σώμασιν</span> <span class='ocrx_word' id='word_1_551' title='bbox 2447 3709 2625 3762; x_wconf 88' lang='grc' dir='ltr'>αὐτῶν</span> <span class='ocrx_word' id='word_1_552' title='bbox 2653 3709 3040 3779; x_wconf 79' lang='grc' dir='ltr'>προσγράφων,</span> <span class='ocrx_word' id='word_1_553' title='bbox 3069 3708 3258 3778; x_wconf 80' lang='grc' dir='ltr'>ἄφρων</span> <span class='ocrx_word' id='word_1_554' title='bbox 3289 3706 3383 3760; x_wconf 75' lang='grc' dir='ltr'>καὶ</span> <span class='ocrx_word' id='word_1_555' title='bbox 3412 3706 3636 3778; x_wconf 76' lang='grc' dir='ltr'>ἀσεδής.</span> <span class='ocrx_word' id='word_1_556' title='bbox 3661 3707 3763 3760; x_wconf 82' lang='grc' dir='ltr'><strong>Διὸ</strong></span> 
     </span>
    </p>
   </div>
   <div class='ocr_carea' id='block_1_78' title="bbox 2169 3799 3764 3873">
    <p class='ocr_par' dir='ltr' id='par_1_78' title="bbox 2169 3799 3764 3873">
     <span class='ocr_line' id='line_1_79' title="bbox 2169 3799 3764 3873; baseline -0.002 -18"><span class='ocrx_word' id='word_1_557' title='bbox 2169 3804 2295 3867; x_wconf 73' lang='grc' dir='ltr'>τοὺς</span> <span class='ocrx_word' id='word_1_558' title='bbox 2328 3802 2575 3873; x_wconf 78' lang='grc' dir='ltr'>ἔμφρονα</span> <span class='ocrx_word' id='word_1_559' title='bbox 2607 3801 2729 3854; x_wconf 90' lang='grc' dir='ltr'>νοῦν</span> <span class='ocrx_word' id='word_1_560' title='bbox 2759 3800 3130 3870; x_wconf 86' lang='grc' dir='ltr'>κεκτημένους</span> <span class='ocrx_word' id='word_1_561' title='bbox 3173 3802 3440 3871; x_wconf 82' lang='grc' dir='ltr'>προσήκει</span> <span class='ocrx_word' id='word_1_562' title='bbox 3471 3799 3764 3869; x_wconf 80' lang='grc' dir='ltr'>συνομολο-</span> 
     </span>
    </p>
   </div>
   <div class='ocr_carea' id='block_1_79' title="bbox 2170 3888 3766 3964">
    <p class='ocr_par' dir='ltr' id='par_1_79' title="bbox 2170 3888 3766 3964">
     <span class='ocr_line' id='line_1_80' title="bbox 2170 3888 3766 3964; baseline -0.001 -19"><span class='ocrx_word' id='word_1_563' title='bbox 2170 3896 2287 3962; x_wconf 85' lang='grc' dir='ltr'><strong>γεῖν</strong></span> <span class='ocrx_word' id='word_1_564' title='bbox 2323 3892 2603 3964; x_wconf 76' lang='grc' dir='ltr'>μονονουχὶ</span> <span class='ocrx_word' id='word_1_565' title='bbox 2650 3892 2838 3962; x_wconf 80' lang='grc' dir='ltr'>φωνῆς</span> <span class='ocrx_word' id='word_1_566' title='bbox 2869 3890 3088 3944; x_wconf 80' lang='grc' dir='ltr'>ἀκούειν</span> <span class='ocrx_word' id='word_1_567' title='bbox 3131 3889 3277 3961; x_wconf 83' lang='grc' dir='ltr'>ἑργῳ</span> <span class='ocrx_word' id='word_1_568' title='bbox 3329 3889 3538 3961; x_wconf 84' lang='grc' dir='ltr'>βοὼσης</span> <span class='ocrx_word' id='word_1_569' title='bbox 3576 3888 3766 3943; x_wconf 89' lang='grc' dir='ltr'>αὐτῶν</span> 
     </span>
    </p>
   </div>
   <div class='ocr_carea' id='block_1_80' title="bbox 2171 3982 3767 4056">
    <p class='ocr_par' dir='ltr' id='par_1_80' title="bbox 2171 3982 3767 4056">
     <span class='ocr_line' id='line_1_81' title="bbox 2171 3982 3767 4056; baseline -0.001 -18"><span class='ocrx_word' id='word_1_570' title='bbox 2171 3985 2279 4038; x_wconf 88' lang='grc' dir='ltr'><strong>τῶν</strong></span> <span class='ocrx_word' id='word_1_571' title='bbox 2320 3984 2588 4056; x_wconf 83' lang='grc' dir='ltr'>οὐρανῶν,</span> <span class='ocrx_word' id='word_1_572' title='bbox 2631 3984 2731 4055; x_wconf 84' lang='grc' dir='ltr'><strong>τὴν</strong></span> <span class='ocrx_word' id='word_1_573' title='bbox 2769 3983 3085 4055; x_wconf 77' lang='grc' dir='ltr'>πρέπουσαν</span> <span class='ocrx_word' id='word_1_574' title='bbox 3126 3983 3284 4048; x_wconf 77' lang='grc' dir='ltr'>δόξαν</span> <span class='ocrx_word' id='word_1_575' title='bbox 3322 3982 3767 4053; x_wconf 84' lang='grc' dir='ltr'>ἀναπεμπόντων</span> 
     </span>
    </p>
   </div>
   <div class='ocr_carea' id='block_1_81' title="bbox 2169 4074 3340 4147">
    <p class='ocr_par' dir='ltr' id='par_1_81' title="bbox 2169 4074 3340 4147">
     <span class='ocr_line' id='line_1_82' title="bbox 2169 4074 3340 4147; baseline -0.003 -18"><span class='ocrx_word' id='word_1_576' title='bbox 2169 4076 2247 4147; x_wconf 82' lang='grc' dir='ltr'>τῷ</span> <span class='ocrx_word' id='word_1_577' title='bbox 2278 4076 2484 4130; x_wconf 81' lang='grc' dir='ltr'>ἑαυτῶν</span> <span class='ocrx_word' id='word_1_578' title='bbox 2514 4078 2709 4147; x_wconf 79' lang='grc' dir='ltr'>ποιητῇ</span> <span class='ocrx_word' id='word_1_579' title='bbox 2740 4078 2833 4130; x_wconf 73' lang='grc' dir='ltr'><strong>καὶ</strong></span> <span class='ocrx_word' id='word_1_580' title='bbox 2857 4074 3173 4145; x_wconf 81' lang='grc' dir='ltr'>δημιουργῷ</span> <span class='ocrx_word' id='word_1_581' title='bbox 3202 4074 3340 4144; x_wconf 81' lang='grc' dir='ltr'>Θεῷ.</span> 
     </span>
    </p>
   </div>
   <div class='ocr_carea' id='block_1_82' title="bbox 482 4165 3765 4240">
    <p class='ocr_par' dir='ltr' id='par_1_82' title="bbox 482 4165 3765 4240">
     <span class='ocr_line' id='line_1_83' title="bbox 482 4165 3765 4240; baseline 0.003 -25"><span class='ocrx_word' id='word_1_582' title='bbox 482 4167 613 4215; x_wconf 90' lang='lat' dir='ltr'><strong>sunt</strong></span> <span class='ocrx_word' id='word_1_583' title='bbox 648 4175 747 4229; x_wconf 89' lang='lat' dir='ltr'><strong>par</strong></span> <span class='ocrx_word' id='word_1_584' title='bbox 783 4168 869 4215; x_wconf 90' lang='lat' dir='ltr'><strong>cst</strong></span> <span class='ocrx_word' id='word_1_585' title='bbox 907 4178 1014 4217; x_wconf 90' lang='lat' dir='ltr'><strong>una</strong></span> <span class='ocrx_word' id='word_1_586' title='bbox 1074 4165 1347 4231; x_wconf 89' lang='lat' dir='ltr'><strong>conﬁteri,</strong></span> <span class='ocrx_word' id='word_1_587' title='bbox 1394 4186 1454 4225; x_wconf 89' lang='lat' dir='ltr'><strong>se</strong></span> <span class='ocrx_word' id='word_1_588' title='bbox 1499 4178 1712 4228; x_wconf 88' lang='lat' dir='ltr'><strong>tantum</strong></span> <span class='ocrx_word' id='word_1_589' title='bbox 1754 4191 1864 4230; x_wconf 87' lang='lat' dir='ltr'><strong>non</strong></span> <span class='ocrx_word' id='word_1_590' title='bbox 1922 4177 2112 4231; x_wconf 91' lang='lat' dir='ltr'><strong>audire</strong></span> <span class='ocrx_word' id='word_1_591' title='bbox 2149 4178 2413 4230; x_wconf 83' lang='lat' dir='ltr'><strong>caelorum</strong></span> <span class='ocrx_word' id='word_1_592' title='bbox 2460 4188 2672 4238; x_wconf 90' lang='lat' dir='ltr'><strong>vocem,</strong></span> <span class='ocrx_word' id='word_1_593' title='bbox 2738 4172 2824 4227; x_wconf 88' lang='lat' dir='ltr'><strong>vel</strong></span> <span class='ocrx_word' id='word_1_594' title='bbox 2868 4170 2990 4240; x_wconf 87' lang='lat' dir='ltr'><strong>ipso</strong></span> <span class='ocrx_word' id='word_1_595' title='bbox 3028 4183 3192 4239; x_wconf 86' lang='lat' dir='ltr'><strong>opere</strong></span> <span class='ocrx_word' id='word_1_596' title='bbox 3230 4170 3579 4233; x_wconf 84' lang='lat' dir='ltr'><strong>clamantem,</strong></span> <span class='ocrx_word' id='word_1_597' title='bbox 3619 4184 3765 4224; x_wconf 91' lang='lat' dir='ltr'><strong>con-</strong></span> 
     </span>
    </p>
   </div>
   <div class='ocr_carea' id='block_1_83' title="bbox 485 4257 2447 4341">
    <p class='ocr_par' dir='ltr' id='par_1_83' title="bbox 485 4257 2447 4341">
     <span class='ocr_line' id='line_1_84' title="bbox 485 4257 2447 4341; baseline 0.008 -32"><span class='ocrx_word' id='word_1_598' title='bbox 485 4265 881 4327; x_wconf 86' lang='lat' dir='ltr'><strong>gruentemque</strong></span> <span class='ocrx_word' id='word_1_599' title='bbox 923 4257 1055 4325; x_wconf 90' lang='lat' dir='ltr'><strong>Deo,</strong></span> <span class='ocrx_word' id='word_1_600' title='bbox 1095 4262 1288 4317; x_wconf 83' lang='lat' dir='ltr'><strong>factori</strong></span> <span class='ocrx_word' id='word_1_601' title='bbox 1324 4273 1379 4320; x_wconf 90' lang='lat' dir='ltr'><strong>et</strong></span> <span class='ocrx_word' id='word_1_602' title='bbox 1427 4267 1610 4337; x_wconf 86' lang='lat' dir='ltr'><strong>Opiﬁci</strong></span> <span class='ocrx_word' id='word_1_603' title='bbox 1654 4285 1776 4335; x_wconf 86' lang='lat' dir='ltr'><strong>suo,</strong></span> <span class='ocrx_word' id='word_1_604' title='bbox 1816 4273 2044 4341; x_wconf 88' lang='lat' dir='ltr'><strong>gloriam</strong></span> <span class='ocrx_word' id='word_1_605' title='bbox 2083 4273 2447 4328; x_wconf 81' lang='lat' dir='ltr'><strong>emittentem.</strong></span> 
     </span>
    </p>
   </div>
   <div class='ocr_carea' id='block_1_84' title="bbox 561 4346 2062 4430">
    <p class='ocr_par' dir='ltr' id='par_1_84' title="bbox 561 4346 2062 4430">
     <span class='ocr_line' id='line_1_85' title="bbox 561 4346 2062 4430; baseline 0.012 -29"><span class='ocrx_word' id='word_1_606' title='bbox 561 4346 688 4402; x_wconf 86' lang='lat' dir='ltr'><strong>Pari</strong></span> <span class='ocrx_word' id='word_1_607' title='bbox 730 4362 950 4417; x_wconf 88' lang='lat' dir='ltr'><strong>quoque</strong></span> <span class='ocrx_word' id='word_1_608' title='bbox 984 4352 1146 4406; x_wconf 87' lang='lat' dir='ltr'><strong>modo</strong></span> <span class='ocrx_word' id='word_1_609' title='bbox 1187 4355 1611 4423; x_wconf 87' lang='lat' dir='ltr'><strong>ﬁrmamentum,</strong></span> <span class='ocrx_word' id='word_1_610' title='bbox 1647 4362 1791 4430; x_wconf 85' lang='lat' dir='ltr'><strong>quod</strong></span> <span class='ocrx_word' id='word_1_611' title='bbox 1822 4363 2062 4417; x_wconf 90' lang='lat' dir='ltr'><strong>secunda</strong></span> 
     </span>
    </p>
   </div>
   <div class='ocr_carea' id='block_1_85' title="bbox 2242 4360 3765 4435">
    <p class='ocr_par' dir='ltr' id='par_1_85' title="bbox 2242 4360 3765 4435">
     <span class='ocr_line' id='line_1_86' title="bbox 2242 4360 3765 4435; baseline -0.002 -18"><span class='ocrx_word' id='word_1_612' title='bbox 2242 4362 2398 4417; x_wconf 80' lang='grc' dir='ltr'>Οὕτω</span> <span class='ocrx_word' id='word_1_613' title='bbox 2434 4361 2490 4413; x_wconf 84' lang='grc' dir='ltr'>δὲ</span> <span class='ocrx_word' id='word_1_614' title='bbox 2521 4363 2614 4416; x_wconf 68' lang='grc' dir='ltr'>καὶ</span> <span class='ocrx_word' id='word_1_615' title='bbox 2641 4360 2702 4413; x_wconf 79' lang='grc' dir='ltr'><strong>τὸ</strong></span> <span class='ocrx_word' id='word_1_616' title='bbox 2735 4361 3039 4431; x_wconf 80' lang='grc' dir='ltr'>στερέωμα,</span> <span class='ocrx_word' id='word_1_617' title='bbox 3069 4360 3098 4413; x_wconf 85' lang='grc' dir='ltr'><strong>ὃ</strong></span> <span class='ocrx_word' id='word_1_618' title='bbox 3128 4360 3189 4431; x_wconf 81' lang='grc' dir='ltr'>δὴ</span> <span class='ocrx_word' id='word_1_619' title='bbox 3222 4360 3460 4430; x_wconf 83' lang='grc' dir='ltr'>Μωῦσῆς</span> <span class='ocrx_word' id='word_1_620' title='bbox 3486 4360 3627 4415; x_wconf 81' lang='grc' dir='ltr'>κατὰ</span> <span class='ocrx_word' id='word_1_621' title='bbox 3657 4361 3765 4435; x_wconf 81' lang='grc' dir='ltr'>τὴν</span> 
     </span>
    </p>
   </div>
   <div class='ocr_carea' id='block_1_86' title="bbox 485 4437 2066 4535">
    <p class='ocr_par' dir='ltr' id='par_1_86' title="bbox 485 4437 2065 4518">
     <span class='ocr_line' id='line_1_87' title="bbox 485 4437 2065 4518; baseline 0.008 -23"><span class='ocrx_word' id='word_1_622' title='bbox 485 4439 786 4495; x_wconf 86' lang='lat' dir='ltr'><strong>creationis</strong></span> <span class='ocrx_word' id='word_1_623' title='bbox 818 4437 909 4493; x_wconf 89' lang='lat' dir='ltr'><strong>die</strong></span> <span class='ocrx_word' id='word_1_624' title='bbox 941 4438 1155 4511; x_wconf 84' lang='lat' dir='ltr'><strong>Moyses</strong></span> <span class='ocrx_word' id='word_1_625' title='bbox 1195 4442 1397 4498; x_wconf 82' lang='lat' dir='ltr'><strong>factum</strong></span> <span class='ocrx_word' id='word_1_626' title='bbox 1445 4447 1774 4518; x_wconf 89' lang='lat' dir='ltr'><strong>declaravit;</strong></span> <span class='ocrx_word' id='word_1_627' title='bbox 1825 4453 1929 4507; x_wconf 88' lang='lat' dir='ltr'><strong>hoc</strong></span> <span class='ocrx_word' id='word_1_628' title='bbox 1978 4454 2065 4507; x_wconf 86' lang='lat' dir='ltr'><strong>in-</strong></span> 
     </span>
    </p>
   </div>
   <div class='ocr_carea' id='block_1_87' title="bbox 2173 4437 3760 4535">
    <p class='ocr_par' dir='ltr' id='par_1_87' title="bbox 2173 4451 3760 4526">
     <span class='ocr_line' id='line_1_88' title="bbox 2173 4451 3760 4526; baseline -0.001 -20"><span class='ocrx_word' id='word_1_629' title='bbox 2173 4451 2429 4524; x_wconf 87' lang='grc' dir='ltr'>δευτέραν</span> <span class='ocrx_word' id='word_1_630' title='bbox 2451 4452 2663 4522; x_wconf 80' lang='grc' dir='ltr'>ἡμέραν</span> <span class='ocrx_word' id='word_1_631' title='bbox 2687 4452 2786 4521; x_wconf 90' lang='grc' dir='ltr'><strong>τῆς</strong></span> <span class='ocrx_word' id='word_1_632' title='bbox 2809 4452 3165 4521; x_wconf 89' lang='grc' dir='ltr'>κοσμοποιίας</span> <span class='ocrx_word' id='word_1_633' title='bbox 3188 4452 3466 4519; x_wconf 88' lang='grc' dir='ltr'>γεγονέναι</span> <span class='ocrx_word' id='word_1_634' title='bbox 3491 4452 3760 4526; x_wconf 75' lang='grc' dir='ltr'>παρίστηο</span> 
     </span>
    </p>
   </div>
   <div class='ocr_carea' id='block_1_88' title="bbox 488 4528 2065 4611">
    <p class='ocr_par' dir='ltr' id='par_1_88' title="bbox 488 4528 2065 4611">
     <span class='ocr_line' id='line_1_89' title="bbox 488 4528 2065 4611; baseline 0.011 -29"><span class='ocrx_word' id='word_1_635' title='bbox 488 4544 655 4600; x_wconf 87' lang='lat' dir='ltr'><strong>quam</strong></span> <span class='ocrx_word' id='word_1_636' title='bbox 699 4528 1125 4595; x_wconf 88' lang='lat' dir='ltr'><strong>ﬁrmamentum,</strong></span> <span class='ocrx_word' id='word_1_637' title='bbox 1163 4534 1308 4603; x_wconf 92' lang='lat' dir='ltr'><strong>quod</strong></span> <span class='ocrx_word' id='word_1_638' title='bbox 1345 4537 1491 4591; x_wconf 89' lang='lat' dir='ltr'><strong>aliud</strong></span> <span class='ocrx_word' id='word_1_639' title='bbox 1533 4547 1619 4594; x_wconf 90' lang='lat' dir='ltr'><strong>est</strong></span> <span class='ocrx_word' id='word_1_640' title='bbox 1655 4556 1685 4593; x_wconf 91' lang='lat' dir='ltr'><strong>a</strong></span> <span class='ocrx_word' id='word_1_641' title='bbox 1709 4541 1824 4611; x_wconf 89' lang='lat' dir='ltr'><strong>jam</strong></span> <span class='ocrx_word' id='word_1_642' title='bbox 1859 4559 2065 4600; x_wconf 90' lang='lat' dir='ltr'><strong>memo-</strong></span> 
     </span>
    </p>
   </div>
   <div class='ocr_carea' id='block_1_89' title="bbox 489 4620 2060 4703">
    <p class='ocr_par' dir='ltr' id='par_1_89' title="bbox 489 4620 2060 4703">
     <span class='ocr_line' id='line_1_90' title="bbox 489 4620 2060 4703; baseline 0.008 -27"><span class='ocrx_word' id='word_1_643' title='bbox 489 4620 841 4685; x_wconf 90' lang='lat' dir='ltr'><strong>ratis.coelis,</strong></span> <span class='ocrx_word' id='word_1_644' title='bbox 870 4622 1129 4678; x_wconf 88' lang='lat' dir='ltr'><strong>omnibus</strong></span> <span class='ocrx_word' id='word_1_645' title='bbox 1160 4625 1439 4694; x_wconf 64' lang='lat' dir='ltr'><strong>praedicat,</strong></span> <span class='ocrx_word' id='word_1_646' title='bbox 1481 4636 1535 4683; x_wconf 91' lang='lat' dir='ltr'><strong>et</strong></span> <span class='ocrx_word' id='word_1_647' title='bbox 1562 4630 1813 4687; x_wconf 87' lang='lat' dir='ltr'><strong>similiter</strong></span> <span class='ocrx_word' id='word_1_648' title='bbox 1840 4633 2060 4703; x_wconf 89' lang='lat' dir='ltr'><strong>clamat,</strong></span> 
     </span>
    </p>
   </div>
   <div class='ocr_carea' id='block_1_90' title="bbox 492 4711 2065 4781">
    <p class='ocr_par' dir='ltr' id='par_1_90' title="bbox 492 4711 2065 4781">
     <span class='ocr_line' id='line_1_91' title="bbox 492 4711 2065 4781; baseline 0.006 -16"><span class='ocrx_word' id='word_1_649' title='bbox 492 4711 833 4780; x_wconf 87' lang='lat' dir='ltr'><strong>indicatque,</strong></span> <span class='ocrx_word' id='word_1_650' title='bbox 890 4725 951 4764; x_wconf 90' lang='lat' dir='ltr'><strong>se</strong></span> <span class='ocrx_word' id='word_1_651' title='bbox 989 4726 1096 4765; x_wconf 94' lang='lat' dir='ltr'><strong>non</strong></span> <span class='ocrx_word' id='word_1_652' title='bbox 1133 4720 1433 4781; x_wconf 86' lang='lat' dir='ltr'><strong>spontanea</strong></span> <span class='ocrx_word' id='word_1_653' title='bbox 1482 4717 1778 4773; x_wconf 89' lang='lat' dir='ltr'><strong>coalitione</strong></span> <span class='ocrx_word' id='word_1_654' title='bbox 1810 4719 1866 4773; x_wconf 91' lang='lat' dir='ltr'><strong>in</strong></span> <span class='ocrx_word' id='word_1_655' title='bbox 1901 4720 2065 4776; x_wconf 87' lang='lat' dir='ltr'><strong>talem</strong></span> 
     </span>
    </p>
   </div>
   <div class='ocr_carea' id='block_1_91' title="bbox 495 4800 2068 4876">
    <p class='ocr_par' dir='ltr' id='par_1_91' title="bbox 495 4800 2068 4876">
     <span class='ocr_line' id='line_1_92' title="bbox 495 4800 2068 4876; baseline 0.008 -22"><span class='ocrx_word' id='word_1_656' title='bbox 495 4800 723 4855; x_wconf 76' lang='lat' dir='ltr'><strong>formam</strong></span> <span class='ocrx_word' id='word_1_657' title='bbox 755 4800 1085 4868; x_wconf 89' lang='lat' dir='ltr'><strong>deductum;</strong></span> <span class='ocrx_word' id='word_1_658' title='bbox 1133 4804 1230 4858; x_wconf 89' lang='lat' dir='ltr'><strong>sed</strong></span> <span class='ocrx_word' id='word_1_659' title='bbox 1260 4820 1398 4876; x_wconf 83' lang='lat' dir='ltr'><strong>Opus</strong></span> <span class='ocrx_word' id='word_1_660' title='bbox 1427 4823 1553 4863; x_wconf 90' lang='lat' dir='ltr'><strong>esse</strong></span> <span class='ocrx_word' id='word_1_661' title='bbox 1598 4810 1843 4865; x_wconf 91' lang='lat' dir='ltr'><strong>omnium</strong></span> <span class='ocrx_word' id='word_1_662' title='bbox 1883 4827 2068 4868; x_wconf 88' lang='lat' dir='ltr'><strong>rerum</strong></span> 
     </span>
    </p>
   </div>
   <div class='ocr_carea' id='block_1_92' title="bbox 492 4889 2066 4971">
    <p class='ocr_par' dir='ltr' id='par_1_92' title="bbox 492 4889 2066 4971">
     <span class='ocr_line' id='line_1_93' title="bbox 492 4889 2066 4971; baseline 0.008 -26"><span class='ocrx_word' id='word_1_663' title='bbox 492 4889 797 4946; x_wconf 84' lang='lat' dir='ltr'><strong>conditoris</strong></span> <span class='ocrx_word' id='word_1_664' title='bbox 828 4889 943 4946; x_wconf 90' lang='lat' dir='ltr'><strong>Dei.</strong></span> <span class='ocrx_word' id='word_1_665' title='bbox 994 4892 1362 4958; x_wconf 89' lang='lat' dir='ltr'><strong>Quamobrem</strong></span> <span class='ocrx_word' id='word_1_666' title='bbox 1391 4898 1601 4953; x_wconf 89' lang='lat' dir='ltr'><strong>dictum</strong></span> <span class='ocrx_word' id='word_1_667' title='bbox 1641 4907 1759 4955; x_wconf 87' lang='lat' dir='ltr'><strong>est:</strong></span> <span class='ocrx_word' id='word_1_668' title='bbox 1815 4900 1885 4954; x_wconf 86' lang='lat' dir='ltr'><strong>Et</strong></span> <span class='ocrx_word' id='word_1_669' title='bbox 1908 4918 2066 4971; x_wconf 85' lang='lat' dir='ltr'><strong>opera</strong></span> 
     </span>
    </p>
   </div>
   <div class='ocr_carea' id='block_1_93' title="bbox 491 4983 2066 5057">
    <p class='ocr_par' dir='ltr' id='par_1_93' title="bbox 491 4983 2066 5057">
     <span class='ocr_line' id='line_1_94' title="bbox 491 4983 2066 5057; baseline 0.011 -23"><span class='ocrx_word' id='word_1_670' title='bbox 491 4998 747 5035; x_wconf 85' lang='lat' dir='ltr'><strong>manuum</strong></span> <span class='ocrx_word' id='word_1_671' title='bbox 767 4983 880 5053; x_wconf 88' lang='lat' dir='ltr'><strong>ejus</strong></span> <span class='ocrx_word' id='word_1_672' title='bbox 922 4988 1205 5040; x_wconf 87' lang='lat' dir='ltr'><strong>annuntiat</strong></span> <span class='ocrx_word' id='word_1_673' title='bbox 1245 4989 1661 5057; x_wconf 81' lang='lat' dir='ltr'><strong>ﬁrmamentum.</strong></span> <span class='ocrx_word' id='word_1_674' title='bbox 1694 4991 1932 5049; x_wconf 76' lang='lat' dir='ltr'><strong>Noverat</strong></span> <span class='ocrx_word' id='word_1_675' title='bbox 1967 5013 2066 5051; x_wconf 85' lang='lat' dir='ltr'><strong>au-</strong></span> 
     </span>
    </p>
   </div>
   <div class='ocr_carea' id='block_1_94' title="bbox 488 5073 2064 5146">
    <p class='ocr_par' dir='ltr' id='par_1_94' title="bbox 488 5073 2064 5146">
     <span class='ocr_line' id='line_1_95' title="bbox 488 5073 2064 5146; baseline 0.01 -18"><span class='ocrx_word' id='word_1_676' title='bbox 488 5079 599 5129; x_wconf 88' lang='lat' dir='ltr'><strong>tem</strong></span> <span class='ocrx_word' id='word_1_677' title='bbox 644 5073 879 5146; x_wconf 85' lang='lat' dir='ltr'><strong>Moyses,</strong></span> <span class='ocrx_word' id='word_1_678' title='bbox 921 5085 1046 5133; x_wconf 91' lang='lat' dir='ltr'><strong>ante</strong></span> <span class='ocrx_word' id='word_1_679' title='bbox 1085 5079 1412 5137; x_wconf 88' lang='lat' dir='ltr'><strong>ﬁrmamenti</strong></span> <span class='ocrx_word' id='word_1_680' title='bbox 1452 5087 1921 5142; x_wconf 88' lang='lat' dir='ltr'><strong>constructionem</strong></span> <span class='ocrx_word' id='word_1_681' title='bbox 1948 5103 2064 5143; x_wconf 75' lang='lat' dir='ltr'><strong>ca:—</strong></span> 
     </span>
    </p>
   </div>
   <div class='ocr_carea' id='block_1_95' title="bbox 491 5167 2064 5248">
    <p class='ocr_par' dir='ltr' id='par_1_95' title="bbox 491 5167 2064 5248">
     <span class='ocr_line' id='line_1_96' title="bbox 491 5167 2064 5248; baseline 0.01 -28"><span class='ocrx_word' id='word_1_682' title='bbox 491 5167 624 5231; x_wconf 90' lang='lat' dir='ltr'><strong>lum,</strong></span> <span class='ocrx_word' id='word_1_683' title='bbox 675 5168 762 5221; x_wconf 89' lang='lat' dir='ltr'><strong>vel</strong></span> <span class='ocrx_word' id='word_1_684' title='bbox 797 5168 1116 5240; x_wconf 88' lang='lat' dir='ltr'><strong>priusquam</strong></span> <span class='ocrx_word' id='word_1_685' title='bbox 1173 5171 1292 5228; x_wconf 86' lang='lat' dir='ltr'><strong>dies</strong></span> <span class='ocrx_word' id='word_1_686' title='bbox 1333 5174 1508 5240; x_wconf 80' lang='lat' dir='ltr'><strong>ﬁeret,</strong></span> <span class='ocrx_word' id='word_1_687' title='bbox 1540 5178 1822 5232; x_wconf 89' lang='lat' dir='ltr'><strong>conditum</strong></span> <span class='ocrx_word' id='word_1_688' title='bbox 1856 5178 2064 5248; x_wconf 82' lang='lat' dir='ltr'><strong>fuisse;</strong></span> 
     </span>
    </p>
   </div>
   <div class='ocr_carea' id='block_1_96' title="bbox 490 5255 2066 5332">
    <p class='ocr_par' dir='ltr' id='par_1_96' title="bbox 490 5255 2066 5332">
     <span class='ocr_line' id='line_1_97' title="bbox 490 5255 2066 5332; baseline 0.01 -24"><span class='ocrx_word' id='word_1_689' title='bbox 490 5272 617 5310; x_wconf 89' lang='lat' dir='ltr'><strong>nam</strong></span> <span class='ocrx_word' id='word_1_690' title='bbox 659 5255 819 5312; x_wconf 87' lang='lat' dir='ltr'><strong>dicit:</strong></span> <span class='ocrx_word' id='word_1_691' title='bbox 867 5259 931 5313; x_wconf 87' lang='lat' dir='ltr'><strong>In</strong></span> <span class='ocrx_word' id='word_1_692' title='bbox 974 5263 1238 5332; x_wconf 84' lang='lat' dir='ltr'><strong>principio</strong></span> <span class='ocrx_word' id='word_1_693' title='bbox 1270 5263 1395 5331; x_wconf 76' lang='lat' dir='ltr'><strong>fecit</strong></span> <span class='ocrx_word' id='word_1_694' title='bbox 1444 5265 1587 5321; x_wconf 81' lang='lat' dir='ltr'><strong>Deus</strong></span> <span class='ocrx_word' id='word_1_695' title='bbox 1635 5268 1824 5322; x_wconf 76' lang='lat' dir='ltr'><strong>caelum</strong></span> <span class='ocrx_word' id='word_1_696' title='bbox 1873 5280 1923 5323; x_wconf 84' lang='lat' dir='ltr'><strong>et</strong></span> <span class='ocrx_word' id='word_1_697' title='bbox 1957 5280 2066 5324; x_wconf 88' lang='lat' dir='ltr'><strong>ter-</strong></span> 
     </span>
    </p>
   </div>
   <div class='ocr_carea' id='block_1_97' title="bbox 492 5349 2063 5428">
    <p class='ocr_par' dir='ltr' id='par_1_97' title="bbox 492 5349 2063 5428">
     <span class='ocr_line' id='line_1_98' title="bbox 492 5349 2063 5428; baseline 0.013 -29"><span class='ocrx_word' id='word_1_698' title='bbox 492 5364 608 5401; x_wconf 86' lang='lat' dir='ltr'><strong>ram</strong></span> <span class='ocrx_word' id='word_1_699' title='bbox 631 5350 699 5401; x_wconf 62' lang='lat'><strong>3’.</strong></span> <span class='ocrx_word' id='word_1_700' title='bbox 748 5349 826 5406; x_wconf 81' lang='lat' dir='ltr'><strong>Ac</strong></span> <span class='ocrx_word' id='word_1_701' title='bbox 867 5353 1128 5425; x_wconf 85' lang='lat' dir='ltr'><strong>deinceps</strong></span> <span class='ocrx_word' id='word_1_702' title='bbox 1175 5364 1299 5427; x_wconf 88' lang='lat' dir='ltr'><strong>post</strong></span> <span class='ocrx_word' id='word_1_703' title='bbox 1344 5359 1582 5428; x_wconf 88' lang='lat' dir='ltr'><strong>primum</strong></span> <span class='ocrx_word' id='word_1_704' title='bbox 1620 5362 1819 5416; x_wconf 67' lang='lat' dir='ltr'><strong>caelum</strong></span> <span class='ocrx_word' id='word_1_705' title='bbox 1871 5365 2063 5419; x_wconf 85' lang='lat' dir='ltr'><strong>condi-</strong></span> 
     </span>
    </p>
   </div>
   <div class='ocr_carea' id='block_1_98' title="bbox 488 5441 2063 5525">
    <p class='ocr_par' dir='ltr' id='par_1_98' title="bbox 488 5441 2063 5525">
     <span class='ocr_line' id='line_1_99' title="bbox 488 5441 2063 5525; baseline 0.013 -34"><span class='ocrx_word' id='word_1_706' title='bbox 488 5446 628 5503; x_wconf 85' lang='lat' dir='ltr'><strong>tum,</strong></span> <span class='ocrx_word' id='word_1_707' title='bbox 660 5441 798 5497; x_wconf 90' lang='lat' dir='ltr'><strong>lucis</strong></span> <span class='ocrx_word' id='word_1_708' title='bbox 829 5444 938 5497; x_wconf 90' lang='lat' dir='ltr'><strong>vim</strong></span> <span class='ocrx_word' id='word_1_709' title='bbox 967 5463 1031 5501; x_wconf 87' lang='lat' dir='ltr'><strong>ac</strong></span> <span class='ocrx_word' id='word_1_710' title='bbox 1069 5450 1402 5504; x_wconf 86' lang='lat' dir='ltr'><strong>creationem</strong></span> <span class='ocrx_word' id='word_1_711' title='bbox 1437 5451 1614 5518; x_wconf 73' lang='lat' dir='ltr'><strong>aﬁert,</strong></span> <span class='ocrx_word' id='word_1_712' title='bbox 1648 5454 1916 5525; x_wconf 74' lang='lat' dir='ltr'><strong>docetque</strong></span> <span class='ocrx_word' id='word_1_713' title='bbox 1957 5457 2063 5513; x_wconf 89' lang='lat' dir='ltr'><strong>luci</strong></span> 
     </span>
    </p>
   </div>
   <div class='ocr_carea' id='block_1_99' title="bbox 494 5529 2067 5614">
    <p class='ocr_par' dir='ltr' id='par_1_99' title="bbox 494 5529 2067 5614">
     <span class='ocr_line' id='line_1_100' title="bbox 494 5529 2067 5614; baseline 0.011 -29"><span class='ocrx_word' id='word_1_714' title='bbox 494 5529 601 5586; x_wconf 83' lang='lat' dir='ltr'><strong>dici</strong></span> <span class='ocrx_word' id='word_1_715' title='bbox 654 5549 852 5589; x_wconf 86' lang='lat' dir='ltr'><strong>nomen</strong></span> <span class='ocrx_word' id='word_1_716' title='bbox 900 5536 1155 5599; x_wconf 88' lang='lat' dir='ltr'><strong>inditum.</strong></span> <span class='ocrx_word' id='word_1_717' title='bbox 1207 5541 1519 5614; x_wconf 79' lang='lat' dir='ltr'><strong>factumque</strong></span> <span class='ocrx_word' id='word_1_718' title='bbox 1575 5544 1747 5600; x_wconf 83' lang='lat' dir='ltr'><strong>fuisse</strong></span> <span class='ocrx_word' id='word_1_719' title='bbox 1809 5562 1970 5601; x_wconf 88' lang='lat' dir='ltr'><strong>mane</strong></span> <span class='ocrx_word' id='word_1_720' title='bbox 2013 5558 2067 5603; x_wconf 89' lang='lat' dir='ltr'><strong>et</strong></span> 
     </span>
    </p>
   </div>
   <div class='ocr_carea' id='block_1_100' title="bbox 490 5624 2061 5699">
    <p class='ocr_par' dir='ltr' id='par_1_100' title="bbox 490 5624 2061 5699">
     <span class='ocr_line' id='line_1_101' title="bbox 490 5624 2061 5699; baseline 0.012 -21"><span class='ocrx_word' id='word_1_721' title='bbox 490 5638 717 5693; x_wconf 83' lang='lat' dir='ltr'><strong>vespere</strong></span> <span class='ocrx_word' id='word_1_722' title='bbox 744 5624 886 5681; x_wconf 89' lang='lat' dir='ltr'><strong>diem</strong></span> <span class='ocrx_word' id='word_1_723' title='bbox 916 5630 1172 5699; x_wconf 88' lang='lat' dir='ltr'><strong>primum.</strong></span> <span class='ocrx_word' id='word_1_724' title='bbox 1217 5632 1408 5691; x_wconf 79' lang='lat' dir='ltr'><strong>Postea</strong></span> <span class='ocrx_word' id='word_1_725' title='bbox 1444 5637 1535 5692; x_wconf 90' lang='lat' dir='ltr'><strong>ubi</strong></span> <span class='ocrx_word' id='word_1_726' title='bbox 1574 5639 1872 5694; x_wconf 79' lang='lat' dir='ltr'><strong>secundam</strong></span> <span class='ocrx_word' id='word_1_727' title='bbox 1905 5639 2061 5696; x_wconf 76' lang='lat' dir='ltr'><strong>ordi-</strong></span> 
     </span>
    </p>
   </div>
   <div class='ocr_carea' id='block_1_101' title="bbox 566 5777 2048 5865">
    <p class='ocr_par' dir='ltr' id='par_1_101' title="bbox 566 5777 2048 5865">
     <span class='ocr_line' id='line_1_102' title="bbox 566 5777 2048 5865; baseline 0.015 -32"><span class='ocrx_word' id='word_1_728' title='bbox 566 5777 610 5812; x_wconf 74' lang='grc' dir='ltr'>’θ</span> <span class='ocrx_word' id='word_1_729' title='bbox 637 5779 764 5853; x_wconf 86' lang='lat' dir='ltr'><strong>Sap.</strong></span> <span class='ocrx_word' id='word_1_730' title='bbox 822 5799 941 5856; x_wconf 76' lang='lat' dir='ltr'><strong>xm,</strong></span> <span class='ocrx_word' id='word_1_731' title='bbox 976 5787 1027 5842; x_wconf 83' lang='grc'><strong>5.</strong></span> <span class='ocrx_word' id='word_1_732' title='bbox 1106 5788 1148 5822; x_wconf 75' lang='grc'><strong>⁸⁸</strong></span> <span class='ocrx_word' id='word_1_733' title='bbox 1178 5789 1334 5845; x_wconf 83' lang='lat' dir='ltr'><strong>Rom.</strong></span> <span class='ocrx_word' id='word_1_734' title='bbox 1380 5809 1416 5861; x_wconf 86' lang='grc' dir='ltr'><strong>ι,</strong></span> <span class='ocrx_word' id='word_1_735' title='bbox 1453 5794 1539 5850; x_wconf 72' lang='lat'><strong>€20.</strong></span> <span class='ocrx_word' id='word_1_736' title='bbox 1619 5799 1661 5827; x_wconf 75' lang='grc' dir='ltr'>δ’</span> <span class='ocrx_word' id='word_1_737' title='bbox 1689 5796 1881 5856; x_wconf 62' lang='lat' dir='ltr'><strong>Cenes.</strong></span> <span class='ocrx_word' id='word_1_738' title='bbox 1921 5816 1963 5865; x_wconf 85' lang='lat' dir='ltr'><strong>l,</strong></span> <span class='ocrx_word' id='word_1_739' title='bbox 2016 5799 2048 5855; x_wconf 86' lang='grc' dir='ltr'><strong>Ι.</strong></span> 
     </span>
    </p>
   </div>
   <div class='ocr_carea' id='block_1_102' title="bbox 2172 4543 3766 4618">
    <p class='ocr_par' dir='ltr' id='par_1_102' title="bbox 2172 4543 3766 4618">
     <span class='ocr_line' id='line_1_103' title="bbox 2172 4543 3766 4618; baseline -0.002 -18"><span class='ocrx_word' id='word_1_740' title='bbox 2172 4547 2264 4600; x_wconf 70' lang='grc' dir='ltr'>καὶ</span> <span class='ocrx_word' id='word_1_741' title='bbox 2297 4544 2455 4598; x_wconf 88' lang='grc' dir='ltr'>τοῦτο</span> <span class='ocrx_word' id='word_1_742' title='bbox 2497 4543 2786 4617; x_wconf 79' lang='grc' dir='ltr'>τοιγαροῦν</span> <span class='ocrx_word' id='word_1_743' title='bbox 2826 4544 2887 4597; x_wconf 80' lang='grc' dir='ltr'>τὸ</span> <span class='ocrx_word' id='word_1_744' title='bbox 2934 4544 3236 4615; x_wconf 77' lang='grc' dir='ltr'>στερέωμα,</span> <span class='ocrx_word' id='word_1_745' title='bbox 3285 4545 3469 4616; x_wconf 73' lang='grc' dir='ltr'>ἕτερον</span> <span class='ocrx_word' id='word_1_746' title='bbox 3510 4544 3568 4597; x_wconf 79' lang='grc' dir='ltr'><strong>ὃν</strong></span> <span class='ocrx_word' id='word_1_747' title='bbox 3600 4545 3766 4618; x_wconf 72' lang='grc' dir='ltr'>παρὰ</span> 
     </span>
    </p>
   </div>
   <div class='ocr_carea' id='block_1_103' title="bbox 2169 4634 3765 4705">
    <p class='ocr_par' dir='ltr' id='par_1_103' title="bbox 2169 4634 3765 4705">
     <span class='ocr_line' id='line_1_104' title="bbox 2169 4634 3765 4705; baseline 0.003 -20"><span class='ocrx_word' id='word_1_748' title='bbox 2169 4635 2297 4697; x_wconf 83' lang='grc' dir='ltr'>τοὺς</span> <span class='ocrx_word' id='word_1_749' title='bbox 2331 4634 2859 4704; x_wconf 84' lang='grc' dir='ltr'>προωνομασμένους</span> <span class='ocrx_word' id='word_1_750' title='bbox 2885 4634 3165 4704; x_wconf 70' lang='grc' dir='ltr'>οὐρανοὺς,</span> <span class='ocrx_word' id='word_1_751' title='bbox 3198 4634 3455 4705; x_wconf 87' lang='grc' dir='ltr'>κηρύττει</span> <span class='ocrx_word' id='word_1_752' title='bbox 3477 4638 3588 4699; x_wconf 90' lang='grc' dir='ltr'>τοῖς</span> <span class='ocrx_word' id='word_1_753' title='bbox 3619 4638 3765 4690; x_wconf 80' lang='grc' dir='ltr'>πᾶσι</span> 
     </span>
    </p>
   </div>
   <div class='ocr_carea' id='block_1_104' title="bbox 2175 4724 3763 4799">
    <p class='ocr_par' dir='ltr' id='par_1_104' title="bbox 2175 4724 3763 4799">
     <span class='ocr_line' id='line_1_105' title="bbox 2175 4724 3763 4799; baseline 0.004 -20"><span class='ocrx_word' id='word_1_754' title='bbox 2175 4726 2269 4779; x_wconf 75' lang='grc' dir='ltr'><strong>καὶ</strong></span> <span class='ocrx_word' id='word_1_755' title='bbox 2296 4724 2534 4796; x_wconf 85' lang='grc' dir='ltr'>κέκραγε</span> <span class='ocrx_word' id='word_1_756' title='bbox 2566 4724 2853 4788; x_wconf 83' lang='grc' dir='ltr'>διδάσκων,</span> <span class='ocrx_word' id='word_1_757' title='bbox 2899 4726 2979 4778; x_wconf 80' lang='grc' dir='ltr'><strong>ὅτι</strong></span> <span class='ocrx_word' id='word_1_758' title='bbox 3015 4726 3089 4797; x_wconf 80' lang='grc' dir='ltr'>μὴ</span> <span class='ocrx_word' id='word_1_759' title='bbox 3114 4726 3172 4792; x_wconf 78' lang='grc' dir='ltr'>ἐξ</span> <span class='ocrx_word' id='word_1_760' title='bbox 3216 4728 3520 4799; x_wconf 80' lang='grc' dir='ltr'>αὐτομάτου</span> <span class='ocrx_word' id='word_1_761' title='bbox 3552 4730 3763 4786; x_wconf 78' lang='grc' dir='ltr'>τοιόνδε</span> 
     </span>
    </p>
   </div>
   <div class='ocr_carea' id='block_1_105' title="bbox 2177 4816 3765 4892">
    <p class='ocr_par' dir='ltr' id='par_1_105' title="bbox 2177 4816 3765 4892">
     <span class='ocr_line' id='line_1_106' title="bbox 2177 4816 3765 4892; baseline 0.004 -24"><span class='ocrx_word' id='word_1_762' title='bbox 2177 4816 2383 4886; x_wconf 82' lang='grc' dir='ltr'>ὑπέστη</span> <span class='ocrx_word' id='word_1_763' title='bbox 2410 4832 2421 4842; x_wconf 95' lang='grc'><strong>·</strong></span> <span class='ocrx_word' id='word_1_764' title='bbox 2448 4817 2609 4886; x_wconf 74' lang='grc' dir='ltr'>ἔργον</span> <span class='ocrx_word' id='word_1_765' title='bbox 2634 4817 2691 4869; x_wconf 82' lang='grc' dir='ltr'><strong>δέ</strong></span> <span class='ocrx_word' id='word_1_766' title='bbox 2732 4818 2847 4869; x_wconf 82' lang='grc' dir='ltr'>ἐστι</span> <span class='ocrx_word' id='word_1_767' title='bbox 2874 4817 2967 4870; x_wconf 77' lang='grc' dir='ltr'><strong>καὶ</strong></span> <span class='ocrx_word' id='word_1_768' title='bbox 3012 4819 3145 4872; x_wconf 83' lang='grc' dir='ltr'>αὐτὸ</span> <span class='ocrx_word' id='word_1_769' title='bbox 3176 4818 3268 4871; x_wconf 85' lang='grc' dir='ltr'><strong>τοῦ</strong></span> <span class='ocrx_word' id='word_1_770' title='bbox 3289 4819 3397 4871; x_wconf 86' lang='grc' dir='ltr'><strong>τῶν</strong></span> <span class='ocrx_word' id='word_1_771' title='bbox 3436 4821 3571 4873; x_wconf 83' lang='grc' dir='ltr'>ὅλων</span> <span class='ocrx_word' id='word_1_772' title='bbox 3599 4837 3765 4892; x_wconf 83' lang='grc' dir='ltr'>ποιη-</span> 
     </span>
    </p>
   </div>
   <div class='ocr_carea' id='block_1_106' title="bbox 2172 4906 3764 4988">
    <p class='ocr_par' dir='ltr' id='par_1_106' title="bbox 2172 4906 3764 4988">
     <span class='ocr_line' id='line_1_107' title="bbox 2172 4906 3764 4988; baseline 0.003 -27"><span class='ocrx_word' id='word_1_773' title='bbox 2172 4906 2268 4961; x_wconf 88' lang='grc' dir='ltr'><strong>τοῦ</strong></span> <span class='ocrx_word' id='word_1_774' title='bbox 2302 4906 2466 4959; x_wconf 79' lang='grc' dir='ltr'>Θεοῦ’</span> <span class='ocrx_word' id='word_1_775' title='bbox 2521 4908 2602 4960; x_wconf 88' lang='grc' dir='ltr'><strong>διὸ</strong></span> <span class='ocrx_word' id='word_1_776' title='bbox 2646 4907 2894 4979; x_wconf 75' lang='grc' dir='ltr'>εἴρηται·</span> <span class='ocrx_word' id='word_1_777' title='bbox 2929 4909 3184 4974; x_wconf 77' lang='grc' dir='ltr'>Ποίησιν</span> <span class='ocrx_word' id='word_1_778' title='bbox 3214 4908 3282 4961; x_wconf 81' lang='grc' dir='ltr'>δὲ</span> <span class='ocrx_word' id='word_1_779' title='bbox 3324 4910 3537 4988; x_wconf 57' lang='grc' dir='ltr'>χωρῶν</span> <span class='ocrx_word' id='word_1_780' title='bbox 3565 4910 3764 4965; x_wconf 86' lang='grc' dir='ltr'>αὐτοῦ</span> 
     </span>
    </p>
   </div>
   <div class='ocr_carea' id='block_1_107' title="bbox 2172 4995 3765 5073">
    <p class='ocr_par' dir='ltr' id='par_1_107' title="bbox 2172 4995 3765 5073">
     <span class='ocr_line' id='line_1_108' title="bbox 2172 4995 3765 5073; baseline 0.001 -20"><span class='ocrx_word' id='word_1_781' title='bbox 2172 4996 2530 5067; x_wconf 70' lang='grc' dir='ltr'>ἀναγγέλλει</span> <span class='ocrx_word' id='word_1_782' title='bbox 2559 4999 2625 5052; x_wconf 81' lang='grc' dir='ltr'>τὸ</span> <span class='ocrx_word' id='word_1_783' title='bbox 2658 4999 2979 5069; x_wconf 77' lang='grc' dir='ltr'>στερέωμα.</span> <span class='ocrx_word' id='word_1_784' title='bbox 3017 4995 3137 5051; x_wconf 74' lang='grc' dir='ltr'>Οἵδε</span> <span class='ocrx_word' id='word_1_785' title='bbox 3167 5001 3223 5053; x_wconf 79' lang='grc' dir='ltr'><strong>δὲ</strong></span> <span class='ocrx_word' id='word_1_786' title='bbox 3251 5002 3491 5071; x_wconf 80' lang='grc' dir='ltr'>Μωῦσῆς</span> <span class='ocrx_word' id='word_1_787' title='bbox 3522 5001 3626 5073; x_wconf 81' lang='grc' dir='ltr'><strong>πρὸ</strong></span> <span class='ocrx_word' id='word_1_788' title='bbox 3653 5002 3765 5072; x_wconf 81' lang='grc' dir='ltr'><strong>τῆς</strong></span> 
     </span>
    </p>
   </div>
   <div class='ocr_carea' id='block_1_108' title="bbox 2173 5090 3765 5165">
    <p class='ocr_par' dir='ltr' id='par_1_108' title="bbox 2173 5090 3765 5165">
     <span class='ocr_line' id='line_1_109' title="bbox 2173 5090 3765 5165; baseline 0.001 -22"><span class='ocrx_word' id='word_1_789' title='bbox 2173 5090 2266 5144; x_wconf 87' lang='grc' dir='ltr'><strong>τοῦ</strong></span> <span class='ocrx_word' id='word_1_790' title='bbox 2311 5090 2687 5161; x_wconf 82' lang='grc' dir='ltr'>στερεὼματος</span> <span class='ocrx_word' id='word_1_791' title='bbox 2728 5093 3039 5157; x_wconf 75' lang='grc' dir='ltr'>συστάσεως</span> <span class='ocrx_word' id='word_1_792' title='bbox 3070 5093 3295 5165; x_wconf 82' lang='grc' dir='ltr'>οὐρανὸν</span> <span class='ocrx_word' id='word_1_793' title='bbox 3337 5095 3600 5165; x_wconf 55' lang='grc' dir='ltr'>πῴτερον</span> <span class='ocrx_word' id='word_1_794' title='bbox 3653 5094 3765 5165; x_wconf 91' lang='grc' dir='ltr'><strong>τῆς</strong></span> 
     </span>
    </p>
   </div>
   <div class='ocr_carea' id='block_1_109' title="bbox 2175 5184 3766 5254">
    <p class='ocr_par' dir='ltr' id='par_1_109' title="bbox 2175 5184 3766 5254">
     <span class='ocr_line' id='line_1_110' title="bbox 2175 5184 3766 5254; baseline 0.004 -19"><span class='ocrx_word' id='word_1_795' title='bbox 2175 5184 2385 5254; x_wconf 82' lang='grc' dir='ltr'>ἡμέρας</span> <span class='ocrx_word' id='word_1_796' title='bbox 2417 5185 2799 5254; x_wconf 81' lang='grc' dir='ltr'>γεγενημένον,</span> <span class='ocrx_word' id='word_1_797' title='bbox 2835 5185 3033 5253; x_wconf 82' lang='grc' dir='ltr'>λέγων·</span> <span class='ocrx_word' id='word_1_798' title='bbox 3079 5187 3181 5239; x_wconf 84' lang='grc' dir='ltr'><strong>Ἐν</strong></span> <span class='ocrx_word' id='word_1_799' title='bbox 3205 5185 3362 5254; x_wconf 79' lang='grc' dir='ltr'>ἀρχῇ</span> <span class='ocrx_word' id='word_1_800' title='bbox 3400 5187 3691 5252; x_wconf 70' lang='grc' dir='ltr'>ἐποίησεν</span> <span class='ocrx_word' id='word_1_801' title='bbox 3727 5192 3766 5242; x_wconf 82' lang='grc' dir='ltr'><strong><em>ὀ</em></strong></span> 
     </span>
    </p>
   </div>
   <div class='ocr_carea' id='block_1_110' title="bbox 2178 5276 3766 5349">
    <p class='ocr_par' dir='ltr' id='par_1_110' title="bbox 2178 5276 3766 5349">
     <span class='ocr_line' id='line_1_111' title="bbox 2178 5276 3766 5349; baseline 0.002 -20"><span class='ocrx_word' id='word_1_802' title='bbox 2178 5277 2320 5342; x_wconf 81' lang='grc' dir='ltr'>Θεὸς</span> <span class='ocrx_word' id='word_1_803' title='bbox 2369 5277 2473 5330; x_wconf 73' lang='grc' dir='ltr'>τὸν</span> <span class='ocrx_word' id='word_1_804' title='bbox 2494 5278 2754 5345; x_wconf 63' lang='grc' dir='ltr'>οΐιριινὸν</span> <span class='ocrx_word' id='word_1_805' title='bbox 2785 5278 2885 5332; x_wconf 78' lang='grc' dir='ltr'>καὶ</span> <span class='ocrx_word' id='word_1_806' title='bbox 2918 5278 3029 5346; x_wconf 78' lang='grc' dir='ltr'><strong>τὴν</strong></span> <span class='ocrx_word' id='word_1_807' title='bbox 3056 5278 3186 5349; x_wconf 77' lang='grc' dir='ltr'>γῆν.</span> <span class='ocrx_word' id='word_1_808' title='bbox 3225 5280 3381 5349; x_wconf 83' lang='grc' dir='ltr'>Ἑξῆς</span> <span class='ocrx_word' id='word_1_809' title='bbox 3418 5279 3463 5332; x_wconf 91' lang='grc' dir='ltr'>δ’</span> <span class='ocrx_word' id='word_1_810' title='bbox 3493 5276 3583 5332; x_wconf 77' lang='grc' dir='ltr'><strong>οῦν</strong></span> <span class='ocrx_word' id='word_1_811' title='bbox 3616 5277 3766 5349; x_wconf 74' lang='grc' dir='ltr'>μετὰ</span> 
     </span>
    </p>
   </div>
   <div class='ocr_carea' id='block_1_111' title="bbox 2172 5367 3763 5440">
    <p class='ocr_par' dir='ltr' id='par_1_111' title="bbox 2172 5367 3763 5440">
     <span class='ocr_line' id='line_1_112' title="bbox 2172 5367 3763 5440; baseline 0.001 -20"><span class='ocrx_word' id='word_1_812' title='bbox 2172 5367 2267 5439; x_wconf 77' lang='grc' dir='ltr'><strong>τὴν</strong></span> <span class='ocrx_word' id='word_1_813' title='bbox 2296 5369 2511 5440; x_wconf 85' lang='grc' dir='ltr'>ποίησιν</span> <span class='ocrx_word' id='word_1_814' title='bbox 2539 5368 2633 5422; x_wconf 87' lang='grc' dir='ltr'><strong>τοῦ</strong></span> <span class='ocrx_word' id='word_1_815' title='bbox 2663 5368 2879 5439; x_wconf 80' lang='grc' dir='ltr'>πρώτου</span> <span class='ocrx_word' id='word_1_816' title='bbox 2906 5369 3133 5440; x_wconf 86' lang='grc' dir='ltr'>οὐρανοῦ</span> <span class='ocrx_word' id='word_1_817' title='bbox 3166 5371 3341 5439; x_wconf 83' lang='grc' dir='ltr'>φωτὸς</span> <span class='ocrx_word' id='word_1_818' title='bbox 3362 5371 3569 5437; x_wconf 82' lang='grc' dir='ltr'>εἰσάγει</span> <span class='ocrx_word' id='word_1_819' title='bbox 3596 5369 3763 5422; x_wconf 76' lang='grc' dir='ltr'>δύνα-</span> 
     </span>
    </p>
   </div>
   <div class='ocr_carea' id='block_1_112' title="bbox 2176 5460 3763 5531">
    <p class='ocr_par' dir='ltr' id='par_1_112' title="bbox 2176 5460 3763 5531">
     <span class='ocr_line' id='line_1_113' title="bbox 2176 5460 3763 5531; baseline 0.001 -20"><span class='ocrx_word' id='word_1_820' title='bbox 2176 5478 2267 5531; x_wconf 90' lang='grc' dir='ltr'><strong>μιν</strong></span> <span class='ocrx_word' id='word_1_821' title='bbox 2288 5461 2380 5514; x_wconf 78' lang='grc' dir='ltr'><strong>καὶ</strong></span> <span class='ocrx_word' id='word_1_822' title='bbox 2391 5462 2625 5529; x_wconf 83' lang='grc' dir='ltr'>γένεσιν,</span> <span class='ocrx_word' id='word_1_823' title='bbox 2652 5461 2866 5531; x_wconf 82' lang='grc' dir='ltr'>ἡμέραν</span> <span class='ocrx_word' id='word_1_824' title='bbox 2886 5478 2943 5513; x_wconf 88' lang='grc' dir='ltr'><strong>τε</strong></span> <span class='ocrx_word' id='word_1_825' title='bbox 2968 5461 3208 5514; x_wconf 79' lang='grc' dir='ltr'>διδάσκει</span> <span class='ocrx_word' id='word_1_826' title='bbox 3222 5460 3281 5514; x_wconf 83' lang='grc' dir='ltr'>τὸ</span> <span class='ocrx_word' id='word_1_827' title='bbox 3300 5461 3411 5529; x_wconf 77' lang='grc' dir='ltr'><strong>φῶς</strong></span> <span class='ocrx_word' id='word_1_828' title='bbox 3433 5461 3763 5527; x_wconf 84' lang='grc' dir='ltr'>κεκλῆσθαι,</span> 
     </span>
    </p>
   </div>
   <div class='ocr_carea' id='block_1_113' title="bbox 2174 5552 3760 5625">
    <p class='ocr_par' dir='ltr' id='par_1_113' title="bbox 2174 5552 3760 5625">
     <span class='ocr_line' id='line_1_114' title="bbox 2174 5552 3760 5625; baseline 0.003 -21"><span class='ocrx_word' id='word_1_829' title='bbox 2174 5555 2451 5621; x_wconf 77' lang='grc' dir='ltr'>γεγονέναι</span> <span class='ocrx_word' id='word_1_830' title='bbox 2473 5572 2531 5606; x_wconf 84' lang='grc' dir='ltr'><strong>τε</strong></span> <span class='ocrx_word' id='word_1_831' title='bbox 2560 5555 2769 5624; x_wconf 84' lang='grc' dir='ltr'>πρωῖαν</span> <span class='ocrx_word' id='word_1_832' title='bbox 2794 5555 2926 5624; x_wconf 79' lang='grc' dir='ltr'><strong>φησί</strong></span> <span class='ocrx_word' id='word_1_833' title='bbox 2954 5554 3047 5607; x_wconf 71' lang='grc' dir='ltr'><strong>καὶ</strong></span> <span class='ocrx_word' id='word_1_834' title='bbox 3082 5554 3339 5623; x_wconf 78' lang='grc' dir='ltr'>ἑσπέραν,</span> <span class='ocrx_word' id='word_1_835' title='bbox 3368 5554 3576 5625; x_wconf 84' lang='grc' dir='ltr'>ἡμέραν</span> <span class='ocrx_word' id='word_1_836' title='bbox 3596 5552 3760 5623; x_wconf 85' lang='grc' dir='ltr'>μίαν.</span> 
     </span>
    </p>
   </div>
   <div class='ocr_carea' id='block_1_114' title="bbox 2173 5639 3763 5717">
    <p class='ocr_par' dir='ltr' id='par_1_114' title="bbox 2173 5639 3763 5717">
     <span class='ocr_line' id='line_1_115' title="bbox 2173 5639 3763 5717; baseline 0.001 -22"><span class='ocrx_word' id='word_1_837' title='bbox 2173 5639 2305 5697; x_wconf 76' lang='grc' dir='ltr'>Εἶτα</span> <span class='ocrx_word' id='word_1_838' title='bbox 2316 5644 2570 5714; x_wconf 80' lang='grc' dir='ltr'>δευτέρας</span> <span class='ocrx_word' id='word_1_839' title='bbox 2586 5646 2617 5714; x_wconf 78' lang='grc' dir='ltr'>ἡ</span> <span class='ocrx_word' id='word_1_840' title='bbox 2626 5643 2688 5715; x_wconf 81' lang='grc' dir='ltr'><strong>μέ</strong></span> <span class='ocrx_word' id='word_1_841' title='bbox 2698 5661 2793 5714; x_wconf 87' lang='grc' dir='ltr'><strong>ρας</strong></span> <span class='ocrx_word' id='word_1_842' title='bbox 2808 5644 3127 5715; x_wconf 78' lang='grc' dir='ltr'>ἀρχόμενος,</span> <span class='ocrx_word' id='word_1_843' title='bbox 3139 5644 3238 5717; x_wconf 79' lang='grc' dir='ltr'>τὴν</span> <span class='ocrx_word' id='word_1_844' title='bbox 3258 5644 3349 5698; x_wconf 88' lang='grc' dir='ltr'><strong>τοῦ</strong></span> <span class='ocrx_word' id='word_1_845' title='bbox 3374 5662 3459 5697; x_wconf 83' lang='grc' dir='ltr'><strong>στε</strong></span> <span class='ocrx_word' id='word_1_846' title='bbox 3469 5642 3763 5717; x_wconf 72' lang='grc' dir='ltr'>ρεώματος</span> 
     </span>
    </p>
   </div>
  </div>
