4100 6382
361 390 465 453 189

1509 376 2016 440 COMMENTARIA
2055 375 2121 433 IN
2161 373 2502 433 PSALMOS.

3520 378 3623 435 190

356 504 569 571 εἰσάγει
594 500 828 571 ποίησιν.
869 495 990 553 Οίδε
1019 496 1080 551 δὲ
1105 496 1141 567 ὴ
1165 493 1355 567 Γραφὴ
1385 493 1479 548 καὶ
1533 493 1752 557 πλείους
1779 494 1944 564 οὐρα-

2050 497 2141 545 tur
2173 490 2338 555 diem,
2372 488 2704 545 ﬁrmamenti
2721 488 3052 546 creationem
3076 490 3304 547 inducit.
3341 491 3625 565 Scriptura

357 594 513 659 νούς·
547 594 627 647 διό
659 608 822 663 φησιν
839 607 852 620 ·
882 588 1109 644 Αἰνεῖτε
1137 587 1246 642 τὸν
1272 587 1491 655 Κύριον
1513 587 1583 639 ἐκ
1618 584 1738 639 τῶν
1762 586 1940 654 αὐρα-

359 687 513 742 νῶν·
553 686 647 739 καὶ
697 682 891 736 πάλιν*
926 679 1156 735 Αἰνεῖτε
1198 678 1385 732 αὐτὸν
1431 680 1486 732 οὶ
1537 674 1781 745 οὐρανοὶ
1826 673 1946 729 τῶν

360 776 651 848 οὐρανῶν,
681 775 781 830 καὶ
810 775 877 829 τὸ
906 772 1061 842 ὕδωρ
1086 773 1150 827 τὸ
1191 769 1468 839 ὑπεράνω
1499 769 1618 823 τῶν
1636 768 1910 837 οὐρανῶν
1927 786 1941 800 ·

362 874 454 927 καὶ
478 870 711 942 ἀλλαχοῦ
754 868 968 943 εἴρηται
986 885 1000 900 ·
1043 867 1104 920 '0
1132 864 1389 934 οὐρανός
1427 863 1533 918 τοῦ
1576 863 1836 933 οὐρανοῦ
1864 863 1948 930 τῷ

358 965 569 1034 Κυρίῳ.
582 964 691 1016 Καὶ
700 963 763 1016 τὸ
775 961 1059 1033 στερέωμα
1071 958 1332 1031 κέκληται
1346 957 1594 1029 οὐρανὸς,
1608 957 1702 1009 καὶ
1717 959 1745 1010 ό
1757 956 1947 1029 Σωτὴρ

358 1056 455 1129 τὴν
487 1055 760 1127 βασιλείαν
792 1054 901 1109 τῶν
934 1052 1178 1125 οὐρανῶν
1226 1051 1639 1120 ἐπαγγέλλεται,
1668 1050 1764 1105 καὶ
1789 1052 1847 1103 ὲν
1878 1052 1942 1121 τῇ

356 1150 489 1221 εὐχῇ
505 1149 745 1203 διδάσκει
761 1149 935 1202 εἰπεῖν
951 1164 963 1177 ·
985 1146 1174 1214 Πάτερ
1192 1144 1404 1215 ήμῶν-ό
1420 1145 1490 1198 έν
1505 1143 1630 1210 τοῖς
1644 1143 1943 1212 οὐρανοῖς,

356 1241 468 1307 καὶ,
496 1242 566 1295 Ai
593 1238 878 1310 δυνάμεις
910 1236 1032 1292 τῶν
1060 1236 1336 1306 οὐρανῶν
1363 1234 1869 1302 σαλευθήσονται.

440 1419 656 1491 Ἡμέρα
673 1419 750 1489 τῇ
773 1418 962 1489 ἡμέρᾳ
984 1418 1286 1488 ἐρεύγεται
1300 1416 1488 1488 ῥῆμα,
1514 1420 1611 1474 καὶ
1635 1418 1754 1484 νὺξ
1771 1418 1948 1474 νυκτὶ

354 1511 713 1582 ἀναγγέλλει
757 1511 1005 1582 γνῶσιν.
1047 1511 1297 1565 Διδάσκει
1352 1512 1539 1583 ἡμέρα
1582 1512 1677 1565 καὶ
1706 1512 1947 1570 διδάσκει

355 1604 451 1670 νὺξ
478 1605 604 1658 τοὺς
642 1603 927 1666 ἐθέλοντας
964 1602 1333 1668 παιδεύεσθαι,
1366 1603 1467 1674 ὅση
1495 1603 1581 1667 τίς
1619 1604 1767 1658 ἐστιν
1795 1603 1829 1674 ἡ
1860 1620 1948 1656 σο-

354 1696 454 1766 φία
484 1699 518 1768 ἡ
551 1695 789 1768 ἄρρητός
828 1695 925 1749 καὶ
954 1694 1325 1766 ἀπερίληπτος
1363 1694 1592 1766 δύναμις
1612 1695 1706 1749 τοῦ
1740 1696 1807 1750 τὰ
1833 1695 1949 1749 δια-

356 1791 457 1862 στή
467 1807 611 1860 ματα
647 1789 754 1843 τῶν
782 1787 991 1861 χρόνων
1029 1789 1545 1861 καταμετρήσαντος
1580 1789 1765 1853 αὐτοῖς
1788 1789 1943 1843 Θεοῦ.

2051 595 2180 636 vero
2210 580 2522 650 complures
2546 579 2717 635 coelos
2762 579 2915 635 novit
2944 579 3333 652 admittitque;
3363 585 3628 654 quocirca

2050 672 2209 728 dicit:
2258 671 2500 727 Laudate
2552 670 2842 727 Dominum
2885 671 2950 727 de
2980 674 3124 729 cwlis
3143 674 3227 742 ";
3259 690 3323 730 ac
3362 692 3622 734 rursum:

2049 763 2297 818 Laudale‘
2338 781 2478 826 eum,
2535 765 2654 819 coeti
2709 764 2984 831 caelorum,
3019 774 3068 820 et
3102 782 3241 836 aqua
3294 770 3465 822 omnis
3511 785 3630 839 quia

2050 872 2205 925 super
2237 856 2391 911 caelos
2432 866 2510 912 est
2528 856 2595 912 ⁸⁸.
2645 857 2789 912 Alibi
2839 873 3058 929 quoque
3102 859 3312 914 dictum
3351 860 3625 919 occurrit:

2051 943 2260 1001 Caelum
2308 947 2424 1001 εωιί
2479 947 2708 1001 Domino
2733 948 2801 1003 ⁸⁸.
2857 947 3290 1005 Firmamentum
3341 951 3473 1006 item
3514 965 3628 1006 em-

2049 1039 2160 1092 lum
2190 1046 2441 1105 vocatur,
2479 1048 2533 1094 et
2566 1038 2820 1094 Salvator
2850 1055 3077 1111 regnum
3109 1042 3375 1096 caelorum
3411 1042 3632 1111 pollice-

2047 1136 2160 1195 tur,
2189 1146 2254 1185 ac
2293 1131 2367 1185 ita
2397 1132 2734 1202 precandum
2767 1147 2898 1187 esse
2927 1133 3200 1187 instituit:
3228 1132 3393 1187 Pater
3428 1143 3629 1201 noster,

2047 1225 2139 1294 qui
2180 1240 2234 1279 es
2256 1226 2308 1279 in
2365 1225 2508 1279 ca’lis
2527 1224 2595 1289 ⁸⁶;
2642 1231 2696 1280 et
2726 1243 2741 1278 :
2776 1223 3008 1279 Virtutes
3055 1224 3306 1281 certorum
3339 1225 3623 1282 movebun-

2049 1324 2136 1369 tur
2156 1316 2222 1349 ⁸⁷·

2120 1404 2367 1462 Vens.5.
2419 1405 2544 1461 Dies
2584 1406 2695 1461 diei
2728 1415 2937 1461 eructat
2982 1404 3217 1472 uerbum,
3260 1417 3310 1462 et
3344 1421 3449 1460 nos:
3489 1407 3630 1461 nocti

2048 1498 2252 1554 indicat
2299 1501 2598 1555 scientiam.
2652 1499 2822 1555 Docet
2872 1500 3011 1567 dies,
3045 1499 3205 1555 docet
3242 1500 3482 1570 itemque
3520 1515 3631 1555 nox

2047 1607 2145 1648 eos
2168 1593 2263 1663 qui
2297 1592 2514 1648 institui
2542 1599 2857 1664 peroptant,
2893 1608 3062 1662 quam
3092 1591 3384 1648 ineﬂ'abilis
3408 1592 3631 1664 sapieu~

2048 1685 2147 1749 tia,
2198 1700 2364 1756 quam
2396 1684 2973 1755 incomprehensibilis
3027 1684 3207 1740 virtus
3252 1685 3325 1740 sit
3379 1683 3495 1751 Dei,
3533 1686 3629 1757 qui

2049 1776 2185 1848 ipsis
2221 1786 2529 1848 temporum
2572 1776 2863 1832 intervalla
2905 1775 3188 1831 dimensus
3220 1785 3330 1832 est.
3384 1775 3443 1831 Si
3474 1790 3631 1832 nam-

354 1882 417 1934 Εί
451 1882 550 1951 μὲν
579 1881 689 1953 γὰρ
729 1880 917 1952 μηδεὶς
955 1876 1025 1952 ἦν
1054 1882 1083 1934 ὁ
1117 1880 1213 1933 καὶ
1240 1879 1467 1945 ταύταις
1493 1880 1662 1953 ὥραις
1698 1881 1794 1934 καὶ
1821 1880 1944 1952 χρό-

2050 1884 2158 1939 que
2210 1870 2395 1926 nullus
2444 1877 2591 1925 esset
2638 1869 2735 1940 qui
2792 1869 2879 1924 bis
2912 1868 3337 1939 tempestatibus
3366 1870 3540 1940 spatia
3573 1876 3632 1925 et

353 1988 480 2035 νους
511 1974 606 2025 καὶ
652 1971 878 2043 καιροὺς
924 1970 1338 2043 διαταξάμενος,
1374 1972 1695 2044 ἀπρονοήτῳ
1742 1971 1801 2024 δὲ
1852 1971 1949 2025 καὶ

353 2066 535 2138 ἀλόγῳ
557 2069 772 2139 κινήσει
798 2067 940 2122 κατά
956 2085 1009 2121 τι
1031 2066 1297 2138 σύμϐαμα
1325 2069 1611 2139 ωχιμαῖον
1660 2064 1947 2135 ὑφεστῶτα

351 2155 453 2230 ἦν’
483 2161 652 2233 ἐχρῆν
678 2160 850 2232 δήπου
880 2162 954 2233 μὴ
987 2164 1058 2214 τὰ
1087 2159 1178 2213 ἴσα
1216 2159 1562 2231 διαστήματα
1585 2158 1694 2212 τῶν
1724 2157 1945 2230 ἡμερῶν

352 2253 439 2307 διὰ
468 2256 669 2317 παντὸς
704 2254 802 2307 τοῦ
833 2253 1029 2317 αἰῶνος
1072 2254 1392 2322 ὑφεστάναι,
1434 2252 1468 2325 ἢ
1504 2250 1947 2323 συγκεχυμένους

353 2342 533 2396 αὐτῶν
574 2339 713 2397 εἶναι
744 2343 871 2407 τοὺς
915 2344 1161 2415 καιροὺς,
1197 2344 1294 2396 καὶ
1322 2342 1422 2406 τὰς
1453 2342 1654 2406 νύκτας
1682 2342 1739 2395 δὲ
1766 2340 1948 2395 ὡσαύ-

348 2453 458 2501 τως
476 2437 602 2508 εἰκῆ
623 2438 718 2492 καὶ
733 2437 809 2502 ὡς
833 2437 1023 2508 ἔτυχεν
1045 2438 1175 2510 φέρε
1184 2437 1325 2492 σθαι.
1353 2436 1601 2506 Ἀλογίας
1619 2434 1728 2508 γὰρ
1742 2435 1945 2507 ἀδελφὴ

350 2528 568 2595 ἀταξία,
600 2530 695 2582 καὶ
729 2527 808 2600 τῷ
829 2529 1102 2601 τυχιμαίῳ
1130 2528 1322 2581 ’ἐπεται
1355 2528 1613 2600 σύγχυσις
1632 2544 1645 2557 °
1670 2527 1746 2590 ὡς
1769 2527 1948 2598 ἔμπα-

350 2620 432 2675 λιν
464 2622 648 2693 πάσης
678 2620 930 2687 εὐταξίας
981 2623 1193 2691 ἡγεῖται
1244 2621 1421 2691 λόγος,
1470 2621 1732 2694 ἁρμονίας
1763 2637 1824 2673 τε
1851 2619 1948 2674 καὶ

352 2716 673 2785 συμφωνίας
694 2718 906 2787 ἡγεῖται
936 2716 1115 2785 σοφία.
1159 2717 1220 2768 Αἱ
1245 2714 1427 2768 τοίνυν
1452 2713 1657 2767 τούτων
1688 2713 1826 2787 πρὸς
1853 2712 1948 2766 ἀλ-

351 2806 519 2881 λήλας
564 2812 790 2883 ἀμοιϐαὶ
834 2813 930 2865 καὶ
963 2812 1361 2883 ὑποχωρήσεις,
1405 2810 1535 2865 ποτὲ
1585 2810 1684 2882 μὲν
1722 2809 1946 2882 ἡμερῶν

357 2907 773 2977 μηκυνομένων,
814 2906 1217 2979 ὑποχωρουσῶν
1248 2906 1305 2960 δὲ
1338 2904 1518 2960 αὐτῶν
1549 2903 1781 2970 νυκτῶν,
1814 2903 1947 2957 ποτὲ

351 2998 409 3053 δὲ
434 2998 544 3053 τῶν
568 2999 776 3054 νυκτῶν
816 3001 878 3054 τὸ
924 3000 1444 3073 προδεδανεισμένον
1476 3001 1635 3073 χρέος
1672 3001 1812 3054 κατά
1845 3001 1945 3073 τὴν

350 3093 460 3147 τῶν
485 3091 646 3165 ὡρῶν
674 3093 903 3166 αὔξησιν
924 3094 1448 3166 ἀπολαμϐανουσῶν,
1485 3096 1767 3166 μονονουχὶ
1789 3093 1948 3164 φθέγ-

352 3200 538 3252 γονται
584 3184 679 3238 καὶ
711 3184 930 3239 λαλοῦσι
982 3185 1193 3260 μεγάλῃ
1235 3188 1389 3258 φωνῇ
1422 3189 1487 3258 τῇ
1531 3188 1794 3258 πανσόφῳ
1825 3186 1942 3240 δια-

349 3273 502 3338 τάξει
532 3274 627 3329 τοῦ
669 3274 781 3328 τῶν
805 3274 944 3330 ὅλων
981 3276 1357 3349 μαρτυροῦσαι
1394 3275 1553 3341 Θεοῦ,
1597 3278 1691 3331 καὶ
1738 3278 1943 3350 κηρύτ-

349 3375 533 3420 τουσιν
566 3367 875 3441 ἀνθρώποις
910 3368 1010 3441 τὴν
1035 3368 1139 3423 ,τοῦ
1170 3368 1306 3424 Θεοῦ
1337 3369 1565 3440 γνῶσινο
1601 3368 1743 3424 οὕτω
1769 3370 1828 3424 δὲ
1855 3389 1946 3425 κε-

348 3458 612 3529 κραγόσιν
666 3460 850 3524 αὐτοῖς
901 3459 1085 3534 ἔργοις
1133 3463 1190 3514 αἱ
1247 3460 1351 3515 τῶν
1404 3461 1632 3534 ἡμερῶν
1684 3462 1781 3516 καὶ
1837 3460 1945 3516 τῶν

349 3549 562 3604 νυκτῶν
612 3553 790 3621 φωναὶ
838 3556 950 3618 τοῖς
993 3553 1210 3607 ἐπαΐειν
1259 3552 1440 3607 αὐτῶν
1481 3553 1820 3624 δυναμένοις,
1869 3554 1947 3619 ὡς

352 3642 621 3715 μηδεμίαν
661 3644 831 3716 ἀκοὴν
872 3643 1156 3699 λανθάνειν
1184 3643 1281 3717 τὴν
1302 3644 1645 3700 διδασκαλίαν
1670 3645 1867 3702 αὐτῶν.

340 3844 345 3855 ν
420 3822 787 3895 Πεπλήρωται
814 3821 945 3891 γοῦν
968 3824 1002 3894 ή
1032 3823 1292 3893 σύμπασα
1319 3820 1428 3875 τῶν
1448 3819 1750 3894 ἀνθρώπων
1775 3823 1947 3877 οἰκου-

353 3913 490 3985 μένη
523 3913 624 3984 τῆς
651 3912 926 3986 εὐρύθμου
955 3914 1051 3968 καὶ
1072 3911 1366 3984 ἀμοιὸαίας
1395 3911 1575 3966 αὐτῶν
1598 3913 1817 3985 χορείας
1840 3931 1855 3945 ’
1877 3914 1944 3968 δι’

347 4006 385 4062 ἃ
428 4007 711 4061 λέλεκταιο
744 4009 867 4062 Οὐκ
915 4007 1035 4061 εἰσὶ
1068 4006 1277 4061 λαλιαὶ
1317 4004 1458 4060 οὐδὲ
1500 4006 1669 4076 λόγοι
1695 4000 1783 4060 ὧν
1808 4007 1946 4077 οὐχὶ

348 4099 670 4153 ἀκούονται
702 4100 762 4152 αἱ
800 4098 991 4168 φωναὶ
1030 4095 1249 4152 αὐτῶν.
1296 4097 1400 4163 Εἰς
1433 4093 1643 4152 πᾶσαν
1666 4096 1781 4167 τὴν
1826 4095 1946 4167 γῆν

347 4186 610 4260 ἐξῆλθεν
637 4195 671 4246 ό
701 4193 963 4262 φθόγγος
994 4189 1214 4257 αὐτῶν,
1240 4189 1349 4245 καί
1368 4191 1457 4256 εὶς
1490 4187 1563 4242 τὰ
1583 4187 1811 4258 πέρατα
1834 4187 1946 4258 τῆς

348 4282 708 4353 οἰκουμένης
746 4280 821 4336 τὰ
856 4282 1091 4352 ῥήματα
1119 4280 1351 4336 αὐτῶν
1401 4280 1558 4352 δῆλον
1591 4280 1669 4344 δὲ,
1708 4281 1792 4335 ὅτι
1835 4279 1943 4335 τῶν

350 4373 576 4446 ἡμερῶν
604 4373 700 4427 καὶ
728 4372 839 4425 τῶν
865 4370 1097 4435 νυκτῶν,
1130 4369 1238 4423 τῶν
1281 4386 1342 4422 τε
1386 4367 1797 4438 διηγουμένων
1829 4367 1945 4437 τὴν

351 4466 458 4522 τοῦ
486 4465 636 4521 Θεοῦ
657 4465 848 4531 δόξαν
871 4464 1136 4536 οὐρανῶν,
1162 4462 1256 4516 καὶ
1282 4458 1379 4514 τοῦ
1407 4459 1523 4529 τὴν
1546 4460 1799 4528 ποίησιν
1825 4457 1945 4513 τῶν

350 4560 565 4632 χειρῶν
596 4559 783 4614 αὐτοῦ
819 4558 1296 4629 ἐξαγγέλλοντος
1334 4552 1734 4627 στερεώματος.
1774 4551 1944 4606 Ἔνθα

348 4654 405 4707 δὲ
436 4653 713 4725 γενομένῳ
763 4669 853 4724 μοι
903 4650 1205 4721 θαυμάζειν
1261 4647 1493 4712 ἔπεισιν,
1528 4646 1679 4709 ὅπως
1716 4646 1745 4698 ὁ
1798 4643 1942 4717 ἱερὸς

349 4746 648 4809 ἀπόστολος
669 4745 729 4798 τό
753 4762 767 4776 ·
790 4746 895 4810 Εἰς
920 4740 1128 4798 πᾶσαν
1148 4741 1263 4809 τὴν
1286 4738 1405 4810 γῆν
1429 4736 1689 4807 ἐξῆλθεν
1713 4740 1747 4792 ὁ
1768 4738 1941 4808 φθόγ-

349 4857 456 4911 γος
487 4837 706 4901 αὐτῶν,
740 4836 842 4891 καί
876 4838 964 4901 είς
992 4834 1066 4888 τὰ
1093 4833 1319 4903 πέρατα
1340 4830 1451 4900 τῆς
1479 4830 1838 4900 οἰκουμένης
1866 4829 1939 4884 τὰ

343 4932 585 5003 ῥήματα
607 4929 826 4998 αὐτῶν,
856 4929 951 4982 ἐπὶ
982 4929 1106 4990 τοὺς
1153 4923 1402 4997 μαθητὰς
1430 4924 1525 4979 καὶ
1548 4918 1940 4991 εὐαγγελιστὰς

351 5028 445 5080 καὶ
491 5023 822 5087 ἀποστόλους
848 5022 943 5077 τοῦ
978 5021 1230 5092 Σωτῆρος
1265 5017 1423 5090 ήμῶν
1454 5017 1753 5088 ἀνήνεγκεν
1787 5016 1844 5066 ὲν
1874 5013 1941 5083 τῇ

350 5121 487 5193 πρὸς
526 5117 832 5189 Ῥωμαίους
850 5114 1155 5187 Ἐπιστολῇ.
1204 5111 1539 5183 Ἐπιστήσας
1568 5109 1628 5163 δὲ
1674 5107 1766 5160 τὸν
1814 5103 1939 5158 νοῦν

356 5215 421 5283 τῇ
444 5209 776 5279 ἀποστολικῇ
802 5205 965 5271 λέξει,
989 5205 1194 5278 σφόδρα
1214 5202 1457 5276 ἀκριϐῶς
1478 5196 1635 5273 εῦρον
1659 5199 1822 5254 αὐτὸν
1852 5214 1943 5283 κα-

286 5290 302 5365 ί
350 5301 704 5375 ταχρηστικῷ
719 5300 906 5373 τρόπῳ
921 5298 1191 5370 εὐκαίρως
1206 5296 1303 5368 τὴν
1321 5294 1623 5367 παράθεσιν
1638 5308 1837 5361 πεποιη
1847 5277 1941 5362 μέλ

348 5416 460 5454 νον*
489 5399 549 5453 οὐ
583 5399 691 5470 γὰρ
718 5397 904 5467 ῶσπερ
929 5394 1059 5448 ποτὲ
1074 5393 1174 5464 μὲν
1195 5391 1326 5463 ἔφη·
1371 5389 1620 5453 Ἡσαΐας
1639 5386 1707 5440 δὲ
1744 5383 1937 5454 κράζει

348 5493 501 5561 ὑπὲρ
551 5486 658 5544 τοῦ
722 5487 989 5558 Ἰσραὴλ,
1044 5485 1178 5539 ποτὲ
1229 5484 1307 5547 δὲ,
1335 5479 1533 5545 καθὼς
1584 5477 1938 5546 προείρηκεν

358 5584 602 5649 Ἡσαΐας
623 5600 635 5613 '
660 5585 753 5637 καὶ
784 5581 969 5636 πάλιν·
1002 5578 1208 5643 Καθὼς
1235 5576 1555 5647 γέγραπται
1573 5585 1588 5600 ⁸
1618 5569 1713 5624 καὶ
1746 5565 1932 5633 αὖθις·

415 5770 461 5802 ⁸³
485 5768 628 5824 Psal.
653 5781 875 5825 curm.
906 5764 956 5816 'l.

355 5860 401 5902 ”
427 5864 585 5924 ltom.
618 5882 693 5934 ix,
723 5864 812 5919 27.
885 5864 929 5897 ⁹⁰
954 5859 1088 5920 ibid.
1123 5858 1219 5914 29.
1251 5857 1336 5913 “1
1369 5857 1496 5915 Cor.
1530 5871 1568 5925 ι,
1610 5854 1697 5911 3i.

1978 4585 2019 4638 Ι)

1034 5760 1079 5791 ⁸⁷⁸
1118 5759 1249 5814 ibid.
1284 5760 1333 5813 i.
1410 5760 1456 5789 ⁸⁸
1479 5756 1623 5813 Psal.
1657 5764 1813 5823 οχιιι,
1864 5751 1946 5809 16.
2020 5751 2065 5785 ⁸⁸
2097 5749 2287 5806 Matth.
2324 5763 2400 5819 vr,
2427 5747 2479 5803 9.

2048 1962 2345 2017 interstitia
2374 1961 2745 2033 .destinasset,
2778 1960 2874 2017 sed
2915 1960 3209 2016 temerario
3236 1969 3290 2015 et
3317 1960 3631 2017 inconside-

2048 2057 2170 2106 rato
2202 2059 2355 2107 motu
2404 2059 2572 2123 atque
2626 2067 2760 2108 casu
2809 2053 3068 2123 quopiam
3115 2064 3233 2107 haec
3256 2052 3624 2118 exsisterent;

2047 2153 2322 2215 oporteret
2356 2161 2488 2202 sane
2527 2161 2636 2201 non
2657 2144 2959 2216 aequalibus
2991 2144 3187 2214 spatiis
3229 2144 3348 2199 dies
3373 2159 3403 2198 a
3428 2144 3632 2200 saeculo

2048 2236 2333 2292 ordinatas
2371 2236 2563 2304 fuisse,
2605 2243 2700 2291 aut
2744 2235 2976 2290 confusa
3011 2250 3224 2294 earum,
3264 2235 3632 2305 similiterque

2046 2329 2290 2384 noctium
2316 2336 2586 2400 tempora,
2625 2343 2760 2385 casu
2794 2343 2859 2382 ac
2887 2326 3111 2382 fortuito
3140 2327 3367 2382 revolvi.
3414 2326 3630 2383 Etenim

2048 2421 2341 2477 temerario
2394 2422 2551 2477 casui
2603 2421 2868 2476 ﬁnitimus
2921 2429 3008 2475 est
3052 2419 3369 2475 inconditus
3432 2434 3619 2474 rerum

2048 2521 2252 2579 status,
2305 2521 2360 2568 et
2418 2511 2706 2568 fortuitam
2759 2526 2873 2568 rem
2928 2511 3182 2582 sequitur
3225 2510 3517 2580 confusio;
3571 2519 3631 2569 ut

2047 2605 2169 2661 vice
2202 2619 2365 2660 versa
2389 2613 2600 2660 rectum
2647 2603 2899 2659 ordinem
2954 2606 3095 2658 ratio
3135 2603 3346 2675 dirigit,
3385 2619 3628 2660 concen-

2046 2703 2277 2764 tumque
2318 2708 2384 2750 ac
2414 2692 2768 2749 concordiam
2840 2708 3024 2747 rerum
3075 2692 3348 2763 sapientia
3394 2693 3632 2749 admini-

2051 2794 2212 2844 strat.
2252 2785 2453 2841 Mutua:
2500 2800 2635 2841 sane
2680 2784 2902 2838 illorum
2948 2783 3361 2840 vicissitudines
3391 2791 3447 2840 et
3492 2801 3630 2841 con-

2047 2880 2368 2945 cessiones;
2397 2893 2525 2933 nam
2556 2877 2722 2931 modo
2748 2877 2891 2938 dies,
2916 2875 3254 2932 concedente
3291 2884 3472 2941 nocte,
3502 2892 3628 2946 pro-

2047 2971 2273 3027 lixiores
2313 2978 2465 3036 sunt,
2502 2969 2664 3024 modo
2692 2978 2883 3024 noctes
2912 2968 3157 3023 debitum
3200 2982 3264 3023 ac
3294 2977 3487 3023 mutuo
3529 2969 3626 3024 da-

2047 3070 2164 3118 tum
2202 3063 2440 3132 spatium
2471 3068 2632 3116 aucta
2670 3060 2849 3116 hieme
2884 3074 2949 3116 ac
2994 3066 3316 3130 tempestate
3344 3062 3629 3131 repetunt;

2049 3154 2186 3220 haec,
2224 3154 2476 3224 inquam,
2531 3158 2746 3230 tantum
2800 3166 2911 3206 non
2959 3149 3356 3216 vociferantur,
3418 3166 3483 3205 ac
3529 3166 3630 3207 ceu

1972 3238 2014 3296 C
2048 3246 2198 3302 edito
2230 3247 2474 3302 clamore
2531 3243 3012 3315 sapientissimum
3051 3243 3203 3297 illum
3239 3244 3308 3298 ab
3346 3244 3634 3300 universo-

2048 3357 2169 3397 rum
2215 3339 2331 3397 Deo
2385 3340 2747 3395 constitutum
2810 3337 3065 3393 ordinem
3104 3336 3496 3407 depraadicant,
3531 3337 3633 3392 ho-

2047 3433 2401 3505 minibusque
2462 3430 2558 3488 Dei
2639 3431 2894 3486 notitiam
2958 3429 3314 3484 annuntiant.
3392 3427 3483 3483 Sic
3546 3429 3632 3485 vel

2046 3527 2182 3600 ipsis
2226 3527 2393 3600 gestis
2447 3525 2706 3597 operibus
2769 3525 2984 3580 dierum
3040 3521 3399 3593 noctiumque
3466 3538 3631 3580 voces

2048 3619 2117 3674 iis
2158 3621 2253 3690 qui
2279 3617 2473 3674 auditu
2502 3619 2696 3674 valent
2745 3617 3068 3681 inclamant,
3122 3621 3184 3669 ut
3239 3629 3337 3685 per
3385 3614 3675 3670 omnium‘

2048 3729 2212 3769 aures
2234 3712 2487 3768 doctrina
2515 3727 2709 3769 eorum
2738 3708 3022 3782 pervadat.

2121 3803 2429 3860 Universus
2463 3803 2650 3874 itaque
2672 3802 2845 3867 orbis,
2884 3801 2981 3873 qui
3025 3800 3094 3855 ab
3127 3800 3447 3858 hominibus
3477 3801 3631 3857 inco-

2048 3899 2201 3962 litur,
2240 3895 2528 3952 concinnis
2578 3893 2899 3964 huiusmodi
2932 3909 2996 3947 ac
3044 3893 3252 3948 mutuis
3288 3893 3504 3950 choreis
3544 3907 3632 3947 re—

2046 3992 2251 4063 pletum
2280 3995 2365 4043 est
2393 4004 2408 4053 ;
2455 4000 2627 4056 quare
2675 3983 2914 4039 dicitur:
2968 3981 3128 4037 Vers.
3162 3983 3218 4048 4,
3249 3983 3304 4037 5.
3356 3981 3481 4037 Non
3507 3992 3631 4037 sunt

2049 4080 2291 4152 loquelae,
2347 4094 2510 4148 neque
2561 4091 2849 4138 sermones,
2897 4090 3121 4144 quorum
3180 4090 3283 4127 non
3336 4073 3632 4129 audiantur

2048 4190 2196 4229 voces
2262 4187 2468 4226 eorum.
2554 4167 2625 4224 In
2698 4183 2903 4222 omnem
2970 4176 3170 4219 terram
3239 4166 3400 4220 exivit
3466 4182 3630 4222 sonus

2046 4283 2252 4332 eorum,
2282 4276 2329 4321 et
2363 4266 2417 4318 in
2443 4265 2574 4335 ﬁnes
2613 4261 2756 4317 orbis
2788 4269 2943 4314 terra:
2970 4258 3124 4313 verba
3152 4275 3355 4325 eorum,
3376 4258 3631 4313 videlicet

2047 4363 2262 4418 dierum
2308 4375 2374 4414 ac
2408 4359 2677 4422 noctium,
2715 4369 2814 4411 nec
2862 4371 2970 4410 non
3011 4354 3298 4417 caelorum,
3335 4353 3424 4424 qui
3472 4368 3635 4406 enar-

2048 4461 2173 4507 rant
2220 4450 2451 4522 gloriam
2484 4447 2606 4512 Dei,
2639 4454 2693 4502 et
2739 4445 3091 4510 ﬁrmamenti,
3122 4444 3264 4516 quod
3310 4459 3469 4512 opera
3514 4460 3631 4497 ma-

2048 4560 2212 4599 nuum
2241 4543 2357 4614 ejus
2387 4541 2694 4596 annuntiat.
2735 4536 2835 4592 llic
2862 4553 3028 4608 porro
3071 4538 3204 4592 mihi
3241 4536 3354 4591 lucc
3381 4542 3631 4590 contem-

2050 4636 2223 4707 planti
2273 4634 2463 4689 mirari
2507 4632 2677 4695 subit,
2729 4646 2839 4700 quo
2871 4639 3036 4701 pacto
3080 4635 3305 4685 sanctus
3331 4626 3633 4698 Apostolus

2047 4729 2182 4785 illud
2211 4749 2223 4782 :
2274 4726 2345 4781 In
2388 4741 2592 4780 omnem
2626 4734 2824 4777 terram
2852 4724 3011 4777 exivit
3056 4737 3215 4775 sonus
3254 4736 3460 4785 eorum,
3493 4729 3543 4774 et
3571 4719 3632 4774 in

2045 4824 2176 4894 ﬁnes
2206 4820 2350 4877 orbis
2384 4828 2538 4873 terra:
2562 4815 2720 4871 verba
2743 4832 2947 4880 eorum,
2992 4815 3057 4868 ad
3100 4813 3424 4882 discipulos,
3460 4827 3630 4870 evan-

2048 4915 2275 4986 gelistas
2312 4920 2365 4967 et
2417 4909 2698 4981 apostolos
2748 4905 3052 4960 Salvatoris
3098 4906 3274 4960 nostri
3311 4906 3366 4959 in
3416 4919 3514 4961 sua
3558 4903 3629 4960 ad

2049 5007 2327 5062 Romanos
2360 5003 2603 5075 Epistula
2648 4998 2934 5054 referat".
3010 4996 3146 5052 Dum
3188 5007 3368 5052 autem
3409 5003 3629 5065 aposto-

2047 5100 2213 5154 licum
2280 5098 2487 5153 dictum
2568 5094 2754 5149 animo
2815 5089 3231 5164 perpenderem,
3293 5086 3628 5157 deprehendi

2046 5193 2229 5263 ipsum
2259 5188 2509 5262 apposite
2541 5184 2839 5241 admodum
2864 5194 2919 5238 et
2952 5189 3262 5252 opportune
3306 5177 3627 5247 hujusmodi

2047 5280 2611 5353 accommodationem
2663 5273 2985 5331 advexisse:
3041 5287 3152 5325 non
3209 5269 3354 5325 enim
3400 5276 3462 5323 ut
3502 5267 3629 5325 aliis

2049 5376 2103 5429 in
2139 5374 2280 5430 locis
2311 5373 2474 5428 modo
2503 5371 2582 5428 sic
2623 5367 2840 5430 eﬂ‘atur,
2885 5364 3063 5418 Isaias
3111 5372 3287 5417 autem
3315 5362 3517 5416 clamat
3564 5360 3630 5416 de

2049 5468 2317 5525 Israele”
2346 5483 2361 5532 ;
2406 5463 2572 5521 modo
2605 5463 2706 5527 sic,
2750 5469 2808 5514 ut
2844 5458 3091 5528 praedixit
3116 5456 3295 5512 Isaias
3321 5456 3366 5488 9°
3393 5470 3629 5518 ;rursus

2045 5557 2663 5631 vero,Quemadmodum
2692 5555 2949 5625 scriptum
2977 5563 3055 5608 est
3077 5552 3147 5619 ⁹¹;
3174 5552 3501 5621 iterumque,
3524 5546 3628 5603 Di-

2578 5744 2621 5778 ⁸⁷
2648 5741 2780 5799 Luc.
2817 5757 2931 5824 ξΧΙ,
2966 5738 3056 5794 26.
3150 5737 3193 5770 ⁸⁸
3243 5731 3404 5790 Rom.
3435 5746 3489 5799 ι,
3531 5728 3624 5788 l3.
3673 5793 3679 5799 ,
