4100 6404
425 394 444 444 Ἰ
460 393 530 448 95

1572 394 2080 451 COMMENTARIA
2110 393 2179 448 IN
2219 392 2562 448 PSAL‘MOS.

3600 393 3704 450 θεῖε

419 517 517 568 ἐπὶ
560 517 620 568 τὸ
651 517 800 569 αἰοτό
818 534 828 546 ·
860 517 1190 586 ἐπιθυμητά
1222 517 1375 584 ὑπὲρ
1403 520 1664 586 γγτυσῐοιν·
1703 518 1800 570 καὶ
1841 518 2002 570 λίθοι’

2108 516 2414 594 justiﬁcata
2449 515 2500 566 in
2530 512 2812 582 semetipsa
2839 552 2854 576 ,
2902 511 3281 568 desiderabilia
3327 531 3478 583 super
3511 531 3700 569 atrurn

419 610 611 675 τίμιον
643 609 859 672 πολὺν,
898 609 995 662 καὶ
1037 614 1373 677 γλυκύτερα
1405 610 1556 678 ὑπὲρ
1591 611 1728 678 μέλι
1771 609 1870 664 καὶ
1907 627 2009 676 κη-

414 700 567 765 ρίον.
610 700 711 752 Καὶ
758 701 865 769 μ’(ρ
905 705 935 754 ὁ
964 701 1183 767 δοῦλός
1220 717 1336 755 σου
1378 701 1682 769 φυλάσσει
1724 701 1894 763 αὐτὰ,
1943 703 2012 753 ἐν

424 791 498 856 τῷ
542 793 886 860 φυλάσσειν*
923 795 1074 847 αὐτὰ
1113 795 1517 861 ιὶιιταπίῖδοσις
1560 797 1780 862 πολλή.
1825 795 2010 848 Ταῦτα

419 881 475 933 δὲ
515 884 690 935 πάντα
735 884 1084 955 περιείληφεν
1129 886 1157 935 ὁ
1200 885 1295 938 τοῦ
1331 886 1466 938 Θεοῦ
1510 887 1672 957 νόμος
1717 887 1856 957 ὑπὲρ
1890 888 2010 939 ἐπι-

421 979 658 1047 στροφῆς
703 981 802 1049 τῆς
847 979 1043 1048 ψυχῆς.
1095 979 1417 1050 Μαρτυρίας
1456 981 1564 1050 γὰρ
1601 981 1814 1050 πρῶτον
1865 997 2011 1049 περι-

331 1107 340 1118 .
418 1069 528 1137 ἐχει
579 1071 672 1123 καὶ
717 1071 1058 1142 δικαιιὶ›ματα
1109 1074 1201 1125 καὶ
1238 1074 1478 1136 ἐντολάς.
1518 1075 1749 1126 Ἔπειτα
1796 1073 2008 1136 τούτοις

419 1161 622 1212 ἂττασιν
653 1163 982 1231 ἐπήρτησεν,
1017 1163 1204 1214 ὥσπερ
1234 1162 1533 1234 βακτηρίαν
1562 1161 2006 1233 ὲπιστρεπτικὴν,

417 1255 506 1305 τὸν
539 1254 723 1321 φόϐον,
767 1257 860 1307 καὶ
907 1257 998 1307 ἐπὶ
1025 1257 1185 1308 πᾶσιν
1224 1255 1411 1326 ὥσπερ
1463 1257 1732 1328 κορωνίδα
1775 1257 1839 1309 τὰ
1890 1257 2010 1328 κρί-

422 1364 564 1414 ματα
595 1347 827 1419 ἐπέθηκε
865 1348 952 1400 τοῦ
996 1349 1148 1401 Θεοῦ.
1187 1349 1432 1420 Ἕκαστῳ
1477 1351 1534 1403 δὲ
1567 1351 1674 1403 τῶν
1700 1351 2008 1421 εἰρημένων

422 1438 618 1508 ἰδίωμα
662 1441 863 1510 συνῆψε
885 1458 897 1469 ·
926 1440 1004 1511 τῷ
1033 1442 1132 1511 μὲν
1162 1442 1303 1494 κατὰ
1345 1441 1521 1494 πάντα
1558 1442 1758 1512 γενικῷ
1796 1441 2010 1511 ὠνομα-

420 1531 600 1600 σμὲνῳ
638 1532 786 1602 νόμῳ
836 1534 935 1605 τὴν
975 1533 1078 1602 τῆς
1110 1532 1288 1604 ψυχῆς
1329 1534 1664 1604 ἐπιστροφήν
1689 1551 1703 1563 ·
1765 1535 1911 1596 ὅπως
1951 1533 2008 1586 δὲ

415 1626 735 1695 επιστρέφει
777 1627 942 1697 ψυχὴν
987 1627 1076 1680 διὰ
1119 1627 1227 1680 τῶν
1267 1627 1396 1695 ἑξῆς
1441 1629 1758 1699 παρίστησι,
1804 1645 2024 1700 μαρτυ-’

419 1716 540 1786 ρίαν
570 1719 768 1787 πιστὴν
803 1719 972 1772 εἰπὼν
1002 1720 1068 1772 δι’
1091 1716 1159 1792 ἧς
1191 1724 1463 1792 σοφίζεται
1511 1724 1538 1774 ὁ
1573 1724 1629 1775 ἐν
1663 1722 1883 1794 Χριστῷ
1917 1725 2010 1794 νή-

417 1828 538 1873 πιος
559 1829 570 1840 ·
607 1812 795 1865 ἔπειτα
830 1812 1172 1884 δικαιώματα
1203 1817 1430 1886 Κυρίου,
1457 1817 1776 1868 καὶτούτων
1814 1816 2006 1887 ἰδίωμα

417 1902 673 1972 προσθεὶς
705 1905 764 1957 τὸ
800 1902 938 1957 εἶναι
978 1906 1116 1959 αὑτὰ
1150 1906 1333 1970 εὑθέα,
1366 1908 1575 1979 καρπόν
1609 1926 1666 1960 τε
1695 1910 1807 1970 τοῖς
1841 1925 2006 1979 μετα-

418 1994 753 2065 λαμϐάνουσι
815 2000 1120 2070 παρέχοντα
1175 2001 1274 2072 τὴν
1325 2001 1682 2072 εὐφροσύνην.
1748 2003 1857 2054 Καὶ
1914 2004 2007 2056 ἐπὶ

416 2087 623 2152 τούτοις
653 2089 870 2160 ἐντολὴν
898 2093 1124 2161 Κυρίου,
1152 2089 1219 2164 ἧς
1249 2095 1341 2145 καὶ
1367 2094 1536 2164 αὐτῆς
1565 2094 1623 2146 τὸ
1655 2094 1850 2163 ἰδίωμα
1875 2112 2007 2164 παρ-

417 2179 663 2250 έστησεν,
702 2181 947 2252 τηλαυγῆ
997 2184 1172 2254 φήσας
1214 2184 1381 2254 αὑτὴν
1419 2185 1510 2237 καὶ
1560 2185 1668 2237 τῶν
1715 2185 2006 2254 ὀφθαλμῶν

416 2272 513 2341 τῆς
542 2272 720 2343 ψυχῆς
753 2276 1106 2345 φωτιστικήν.
1138 2275 1226 2345 Τῷ
1251 2277 1306 2329 δὲ
1341 2277 1489 2346 φόϐῳ
1523 2277 1618 2330 τοῦ
1651 2278 1854 2348 Κυρίου
1884 2296 2006 2330 συν-

414 2365 550 2434 ῆψεν
594 2366 692 2437 τὴν
739 2368 981 2435 ἁγνείαν,
1035 2369 1128 2422 καὶ
1178 2371 1240 2439 τῇ
1288 2370 1477 2440 ἁγνεία
1514 2371 1613 2439 τὴν
1660 2371 1856 2441 διαρκῆ
1913 2373 2006 2424 καὶ

413 2457 628 2514 αἰώνιον
662 2459 828 2530 ζωήν.
869 2461 979 2514 Καὶ
1019 2461 1112 2513 ἐπὶ
1147 2464 1279 2514 πᾶσι
1322 2462 1595 2532 καὶ,μετ5ι
1628 2464 1805 2516 πάντα
1842 2482 2007 2536 προσ-

413 2551 608 2622 έθηκεν
666 2553 763 2624 τὴν
803 2553 894 2607 τοῦ
943 2555 1078 2608 Θεοῦ
1130 2557 1331 2626 κρίσιν,
1381 2557 1588 2628 συνῆψέ
1620 2574 1679 2609 τε
1727 2558 1863 2629 αὑτῇ
1908 2558 2006 2628 τὴν

413 2642 672 2712 ἀλήθειαν
713 2644 807 2697 καὶ
839 2646 936 2715 τὴν
964 2645 1334 2716 δικαιοσύνην.

482 2736 931 2807 Παραπτώματα
987 2740 1077 2804 τίς
1106 2741 1401 2805 συνήοίεω
1451 2741 1518 2794 ἐκ
1573 2741 1690 2795 τῶν
1741 2743 2008 2810 κρυφίων

411 2843 530 2893 μου
561 2830 891 2894 καθάριονόν
913 2847 1010 2898 με,
1056 2831 1153 2884 καὶ
1190 2831 1306 2885 ἀπὸ
1336 2834 1671 2901 ἀλλοτρίων
1692 2834 1892 2902 φεῖσαι
1929 2833 2008 2899 τῷ

415 2915 614 2984 δούλῳ
647 2935 782 3002 o'ov.
822 2921 965 2974 ’Λντί
1002 2923 1060 2975 δὲ
1107 2923 1222 2986 τοῦ,
1278 2925 1410 2977 Ἀπὸ
1443 2927 1779 2994 ἀλλοτρίων
1805 2926 2007 2995 φεῖσαι

415 3006 496 3071 τῷ
542 3007 742 3073 δούλῳ
787 3025 923 3074 σου,
963 3014 990 3066 ὁ
1025 3013 1254 3076 Ἀκύλας
1301 3015 1565 3081 ἐξέδωκε·
1616 3018 1728 3070 Καί
1779 3035 1843 3086 γε
1888 3017 2006 3071 ἀπὸ

357 3158 362 3164 ,
414 3102 814 3169 ὑπερηφάνων
853 3105 1246 3172 συντήρησον
1284 3107 1390 3159 τὸν
1436 3107 1661 3162 δοῦλόν
1698 3124 1833 3164 σου.
1871 3111 2007 3179 Σφό-

2113 621 2160 663 et
2190 607 2417 677 lapidem
2447 608 2735 676 pretiosum
2765 605 3014 670 amilum,
3048 617 3097 660 et
3139 607 3382 661 dulciora
3415 625 3571 677 super
3605 611 3706 660 νηί-Ι

2112 714 2158 756 et
2194 704 2391 772 favum.
2427 701 2635 755 Etenim
2665 717 2842 754 servus
2883 710 3002 753 tuus
3037 700 3263 754 custodit
3301 719 3362 754 ea
3387 702 3488 764 ,,in
3520 710 3701 757 custo-

2113 795 2317 848 diendis
2376 794 2485 846 illis
2539 793 2818 846 retributio
2871 793 3061 846 multa.
3108 791 3233 846 Haec
3283 801 3464 846 autem
3517 791 3700 848 omnia

2113 885 2492 955 complectitur
2519 885 2605 939 lex
2648 883 2743 938 Dei
2788 899 2888 953 pro
2920 884 3290 938 conversione
3321 884 3518 938 animae
3549 884 3697 937 data.

2111 976 2248 1031 Nam
2287 977 2462 1046 primo
2487 975 2823 1038 testimonia,
2875 974 3302 1043 justiﬁcationes
3339 982 3394 1029 et
3437 982 3701 1044 praecepta

2111 1065 2380 1122 continet.
2435 1063 2532 1118 His
2578 1054 2775 1119 deinde
2835 1065 3091 1120 omnibus
3123 1066 3370 1119 timorem
3405 1065 3701 1135 appendit,

2112 1161 2268 1229 quasi
2294 1159 2546 1213 baculum
2586 1159 2652 1211 ad
2677 1157 3104 1213 convertendum
3135 1165 3540 1228 opportunum:
3580 1172 3703 1211 om-

2112 1252 2383 1320 nibusque
2409 1250 2618 1321 judicia
2653 1251 2747 1305 Dei
2787 1266 2886 1304 ceu
2920 1251 3236 1304 coronidem
3271 1249 3543 1318 adjunxit.
3577 1247 3704 1302 Sin-

2111 1346 2253 1416 gulis
2281 1352 2462 1399 autem
2484 1344 2929 1415 supradictorum
2967 1359 3124 1400 suam
3163 1343 3374 1397 addidit
3404 1341 3704 1410 proprieta—

2114 1447 2241 1502 tem,
2275 1439 2327 1491 id
2369 1445 2474 1502 est,
2502 1438 2604 1509 legi
2636 1454 2758 1508 quae
2791 1439 2879 1492 hic
2921 1439 3221 1509 generatim
3268 1436 3523 1499 ellertur,
3579 1451 3706 1489 con-

2110 1533 2416 1586 versionem
2468 1533 2682 1586 animae.
2733 1532 2854 1598 Quo
2909 1542 3066 1597 pacto
3119 1539 3298 1585 autem
3351 1537 3706 1584 convertatur

2113 1625 2315 1693 anima,
2355 1623 2411 1678 in
2438 1625 2797 1693 sequentibus
2830 1625 3034 1693 aperit,
3071 1623 3293 1693 quando
3325 1621 3701 1676 testimonium

2113 1717 2269 1772 tidele
2300 1725 2587 1785 memorat,
2621 1733 2731 1788 quo
2760 1717 2942 1787 quivis
2993 1716 3175 1770 infans
3222 1717 3274 1768 in
3319 1715 3573 1776 Christo,
3611 1729 3703 1768 sa-

2113 1812 2266 1881 piens
2297 1811 2555 1867 el'licitur.
2595 1811 2800 1866 Deinde
2829 1826 2959 1864 vero
3003 1809 3429 1878 justiﬁeationcs
3462 1806 3702 1876 Domini,

2109 1905 2310 1976 quibus
2345 1907 2472 1961 item
2507 1920 2662 1960 suam
2721 1905 3110 1974 proprietatem
3157 1902 3384 1970 adjicit,
3443 1901 3704 1955 nimirum

2109 1998 2256 2069 quod
2304 2004 2466 2052 recta:
2496 1997 2642 2060 sint,
2695 2011 2760 2049 ac
2795 1996 2878 2049 sui
2917 1994 3278 2064 participibus
3329 1992 3531 2045 laetitiae
3595 1991 3708 2044 fru-

2110 2098 2257 2145 ctum
2290 2091 2526 2160 pariant.
2559 2087 2640 2141 Ad
2671 2089 2807 2152 hmo,
2839 2094 3170 2157 prmeeptum
3227 2085 3444 2140 Domini
3473 2125 3488 2147 ,
3541 2083 3703 2151 cujus

2110 2199 2327 2253 quoque
2357 2183 2744 2251 proprietatem
2773 2180 3102 2246 declaravit,
3137 2178 3266 2232 dum
3318 2176 3561 2231 lucidum
3612 2175 3699 2229 di—

2109 2277 2180 2330 cit
2210 2290 2352 2340 esse,
2379 2277 2683 2344 annumque
2719 2273 2910 2328 oculos
2955 2272 3290 2326 illuminare.
3324 2269 3531 2324 'I‘imori
3587 2266 3699 2321 Do-

2110 2369 2242 2422 mini
2275 2368 2564 2438 snbjunxit
2597 2367 2906 2422 castitatem
2929 2405 2942 2427 ,
3000 2373 3055 2418 et
3088 2363 3331 2418 castitati
3385 2369 3701 2431 perpetuam

2108 2473 2479 2531 intentamque
2513 2463 2704 2515 vitam.
2771 2458 2998 2513 Demum
3034 2472 3198 2526 supra
3254 2457 3438 2508 omnia
3489 2461 3544 2508 et
3583 2460 3706 2521 post

2109 2557 2293 2609 omnia
2319 2554 2591 2625 judicium
2630 2551 2720 2606 Dei
2755 2551 2986 2614 addidit,
3019 2549 3108 2604 cui
3140 2549 3425 2602 veritatem
3454 2555 3506 2600 ct
3541 2545 3705 2615 justi-

2112 2648 2242 2700 tiam
2278 2646 2542 2700 annectit.

2183 2737 2349 2793 Vens.
2374 2738 2460 2798 15,
2488 2737 2570 2790 14.
2593 2735 2798 2789 Delicta
2814 2735 2928 2805 quis
2951 2734 3231 2802 intelliget?
3250 2732 3316 2785 ab
3343 2731 3558 2785 occultis
3576 2731 3702 2784 meis

2112 2831 2312 2883 natuzda
2343 2847 2444 2894 me,
2469 2839 2518 2882 et
2545 2828 2610 2882 ab
2634 2828 2824 2882 alienis
2855 2843 3008 2895 parce
3045 2843 3189 2880 servo
3219 2835 3328 2878 tuo.
3372 2824 3521 2878 Illius
3557 2823 3699 2884 loco,

2107 2929 2172 2980 ab
2206 2923 2395 2977 alienis
2426 2939 2581 2992 parce
2607 2939 2755 2976 servo
2785 2932 2895 2984 tuo,
2927 2919 3122 2991 Aquila
3152 2918 3343 2980 edidit,
3377 2928 3424 2970 et
3457 2935 3488 2970 a
3521 2932 3703 2983 super—

2113 3013 2191 3067 bis
2227 3015 2434 3069 custodi
2467 3030 2674 3069 servant
2707 3024 2873 3066 tuum.
2917 3010 3225 3066 Admodum
3259 3025 3486 3065 necesse
3517 3009 3618 3063 fuit
3643 3017 3701 3062 ut

2110 3110 2256 3164 banc
2285 3109 2562 3163 emitteret
2590 3107 2922 3173 orationem,
2947 3119 3056 3176 quo
3093 3118 3123 3156 a
3151 3102 3411 3172 superbia
3438 3102 3701 3156 liberare-

413 3193 512 3263 δρα
541 3196 855 3262 ἀναγκαίως
891 3198 983 3251 καὶ
1010 3197 1213 3269 ταύτην
1243 3199 1544 3270 ἐκπέμπων
1575 3202 1673 3272 τὴν
1711 3203 1896 3272 εὑχὴν,
1930 3202 2004 3266 ὡς

2115 3208 2220 3253 tur.
2251 3197 2705 3268 Quandoquidem
2735 3213 2852 3264 eos,
2882 3197 2974 3267 qui
3007 3210 3130 3250 sese
3171 3195 3343 3263 probe
3373 3209 3438 3248 ac
3478 3201 3703 3247 strenue

414 3285 480 3339 ἂν
503 3288 725 3358 ρυσθείη
748 3289 854 3342 ἀπὸ
877 3291 1274 3362 ὑπερηφανίας.
1309 3293 1522 3364 Ἐπειδὴ
1552 3293 1660 3364 γὰρ
1683 3298 1792 3359 τοῖς
1819 3313 2008 3368 κατορ-

416 3377 568 3431 θοῦσι
598 3379 903 3450 παρέπεταί
943 3398 1028 3444 τις
1056 3380 1314 3452 λογισμὸς
1343 3381 1600 3446 πολλάκις
1634 3385 2003 3456 ὑπερήφανος,

413 3468 782 3543 ὲπαιρομὲνης
833 3475 926 3527 καὶ
987 3475 1362 3546 χαυνουμένης
1411 3477 1510 3548 τῆς
1564 3478 1742 3549 ψυχῆς
1792 3479 1876 3548 ἐφ’
1925 3475 2006 3543 οἷς

413 3561 577 3634 ἑαυτῇ
614 3566 847 3619 συνοῖδεν
889 3567 1140 3634 ἀγαθοῖς
1187 3563 1306 3622 εἶτα
1347 3569 1426 3639 τῷ
1475 3570 1577 3640 τῆς
1625 3573 2006 3642 ὑπερηφανίας

413 3657 784 3726 ςπριπεσοῦσα
832 3659 1019 3730 κακῷ,
1063 3660 1207 3732 ἄλλῳ
1248 3663 1435 3733 τρόπῳ
1482 3664 1867 3735 τραχηλίζεται
1912 3667 2005 3720 καὶ

414 3748 769 3802 καταπίπτει·
816 3750 891 3814 ὡς
933 3752 1018 3805 διὰ
1061 3753 1219 3806 τοῦτο
1260 3754 1488 3822 φάσκειν
1520 3758 1612 3810 τὸν
1655 3757 1999 3812 Ἀπὸστολονο

414 3841 540 3894 Ἵνα
565 3843 650 3909 μὴ
674 3845 961 3911 τυφωθεὶς
983 3848 1070 3912 εἰς
1097 3846 1272 3915 κρῖμα
1296 3848 1528 3918 ἐμπέσῃ
1557 3849 1660 3904 τοῦ
1687 3850 1999 3906 διαϐόλουο

411 3933 724 4001 ἀναγκαίως
765 3937 1070 4007 προειπώνο
1110 3939 1218 3991 Καὶ
1273 3940 1382 4009 γὰρ
1423 3943 1455 3993 ό
1497 3940 1717 4007 δοῦλός
1745 3957 1860 3996 σου
1893 3963 2004 4012 εσυ-

410 4024 632 4080 λάσσει
678 4028 850 4092 αὐτὰ,
899 4029 994 4082 καὶ
1035 4029 1248 4097 φύλακα
1292 4031 1398 4084 τῶν
1443 4031 1538 4085 τοῦ
1587 4032 1722 4085 Θεοῦ
1773 4035 2003 4090 ἐντολῶν

413 4118 602 4171 ἑαυτὸν
646 4119 837 4182 εἰπὼν,
870 4122 1101 4175 ἱκετεύει
1143 4122 1408 4194 ρυσθῆναι
1447 4122 1557 4176 ἀπὸ
1599 4123 2000 4195 ὑπερηφανίας,

413 4210 506 4262 καὶ
533 4211 776 4281 ἐπιλέγει
795 4229 808 4242 ”
859 4215 992 4268 Ἐὰν
1017 4213 1103 4283 μή
1138 4233 1257 4284 μου
1295 4218 1810 4284 acerrim-justicin
1829 4257 1844 4280 ,
1869 4218 2004 4270 τότε

413 4301 648 4373 ἄμωμος
691 4306 939 4376 ἔσομαι,
983 4309 1082 4362 καὶ
1133 4311 1266 4363 τότε
1318 4308 1832 4378 καθαρισθήσομαι
1883 4310 2002 4364 ἀπὸ

410 4395 699 4464 ἁμαρτίας
720 4399 1007 4470 μεγάλης.
1047 4401 1197 4465 Τέως
1224 4401 1321 4472 μὲν
1349 4402 1460 4473 γὰρ
1485 4402 1579 4454 ἐπὶ
1609 4395 1702 4455 τόὖ
1739 4403 2004 4475 παρόντος

409 4489 460 4541 εἰ
485 4491 579 4543 καὶ
606 4490 821 4559 φύλακα
852 4494 1088 4562 ἐμαυτὸν
1119 4493 1317 4565 εἴρηκα
1360 4494 1468 4546 τῶν
1497 4495 1591 4547 τοῦ
1626 4494 1758 4547 Θεοῦ
1789 4511 2003 4566 παραγ-

2111 3298 2332 3362 gerunt,
2366 3291 2614 3362 quaadam
2659 3290 2981 3362 plerumque
3028 3285 3266 3357 superba
3307 3285 3563 3356 cogitatio
3612 3299 3702 3338 se—

2110 3386 2332 3456 quitur;
2365 3385 2495 3440 dum
2526 3385 2709 3439 anima
2757 3385 3027 3439 bonorum
3059 3397 3284 3453 operum
3322 3377 3697 3438 sibi'conscia,

2109 3483 2393 3538 extollitur
2420 3497 2485 3537 ac
2508 3480 2796 3552 magniﬁce
2829 3481 2896 3534 de
2919 3495 2978 3534 se
3011 3478 3219 3541 sentit;
3256 3473 3454 3528 deinde
3489 3487 3621 3528 vero
3645 3472 3701 3526 in

2111 3576 2381 3646 superbiae
2408 3576 2613 3630 malum
2655 3574 2904 3645 delapsa,
2940 3573 3045 3625 alia
3087 3584 3306 3640 quoque
3333 3568 3544 3622 ratione
3567 3580 3698 3636 pro-

2110 3667 2374 3722 sternitur
2417 3682 2482 3721 ac
2516 3665 2755 3733 decidit;
2798 3665 3029 3734 ideoque
3061 3662 3136 3716 ait
3167 3661 3462 3731 Apostolus
3493 3658 3578 3708 9":
3615 3655 3698 3711 Nc

2108 3757 2160 3809 in
2186 3755 2491 3826 superbiam
2521 3756 2716 3819 elatus,
2745 3755 2800 3806 in
2820 3752 3082 3822 judicium
3107 3749 3308 3803 incidat
3333 3746 3570 3801 diaboli:
3604 3760 3699 3799 ne-

2106 3849 2348 3903 cessario
2376 3863 2508 3903 sane
2538 3856 2830 3916 postquam
2853 3846 3084 3908 dixerat,
3110 3844 3300 3896 etenim
3343 3856 3523 3894 servus
3577 3848 3697 3891 tuus

2107 3938 2338 3993 custodit
2365 3954 2448 4000 ea,
2476 3953 2540 3991 ac
2573 3952 2695 3992 sese
2729 3935 2823 3990 Dei
2856 3943 3252 4004 praeceptorum
3288 3933 3551 3984 cultorem
3580 3943 3698 3998 pro-

2108 4033 2287 4087 fessus
2315 4039 2469 4092 erat,
2505 4029 2642 4099 eripi
2671 4044 2730 4084 se
2763 4035 2921 4098 rogat
2952 4042 2982 4080 a
3017 4025 3274 4094 superbia
3300 4064 3314 4087 ,
3369 4031 3532 4091 atque
3561 4021 3695 4075 sub-

2107 4117 2308 4172 infert:
2364 4115 2425 4170 Si
2471 4117 2572 4170 mei
2606 4133 2708 4170 non
2757 4115 2955 4184 fuerint
2997 4113 3259 4166 deminuti
3285 4151 3298 4175 ,
3349 4121 3471 4164 tunc
3505 4111 3692 4163 imma-

2106 4210 2315 4264 culatus
2344 4226 2432 4264 ero
2457 4249 2472 4275 ,
2521 4217 2570 4263 et
2603 4217 2726 4262 tunc
2754 4205 3083 4262 emundaoor
3127 4221 3160 4258 a
3191 4203 3381 4258 delicto
3437 4203 3693 4256 maxime.

2106 4304 2222 4359 Etsi
2267 4305 2534 4359 hactenus
2577 4319 2665 4358 me
2711 4311 2874 4371 atque
2909 4302 2961 4355 in
2997 4302 3254 4370 praesenti
3299 4305 3694 4367 praeceptorum

2106 4397 2200 4452 Dei
2236 4398 2501 4452 cultorem
2550 4396 2698 4462 dixi;
2756 4402 2811 4448 at
2865 4410 2988 4448 cum
3049 4408 3135 4448 me
3175 4391 3244 4446 ab
3296 4390 3527 4447 occultis
3560 4386 3699 4441 meis

2107 4501 2394 4561 purgatum
2427 4489 2668 4544 nondum
2701 4489 2894 4553 sciam,
2928 4487 3108 4541 adhuc
3133 4487 3188 4540 in
3221 4487 3518 4541 certamine
3548 4480 3696 4552 posi-

410 4581 722 4652 τελμάτων,
751 4583 866 4638 ἀλλ’
899 4586 1019 4637 ἐπεὶ
1041 4585 1251 4639 οὐδέπω
1280 4587 1492 4640 συνοῖδα
1510 4587 1732 4658 ἐμαυτῷ
1761 4587 2000 4642 κεκαθα-

2108 4592 2219 4646 tus,
2269 4598 2332 4638 ac
2381 4583 2651 4639 sollicitus
2702 4589 2762 4636 ut
2795 4597 2824 4635 a
2863 4581 3120 4651 superbia
3167 4581 3398 4650 cripiar,
3449 4579 3574 4648 jure
3631 4591 3694 4630 ac

411 4675 652 4746 ρισμένῳ
674 4676 738 4728 ἐκ
763 4677 870 4730 τῶν
901 4677 1145 4749 κρυφίων
1186 4697 1308 4749 μου,
1333 4679 1413 4732 ἔτι
1447 4680 1491 4732 δ’
1520 4680 1736 4748 ἀγωνιῶ
1769 4681 1862 4734 καὶ
1901 4698 2000 4734 πε-

411 4767 673 4838 φρόντικα
699 4769 771 4832 ὡς
808 4769 873 4822 ἂν
909 4770 1164 4842 ρυσθείην
1196 4771 1303 4825 ἀπὸ
1339 4772 1736 4844 ὑπερηφανίας,
1776 4773 2001 4837 εἰκότως

410 4876 482 4929 φη
493 4859 576 4929 μὶ,
606 4859 700 4912 ἆτε
732 4860 954 4931 μηδέπω
975 4862 1034 4914 τὸ
1056 4862 1257 4914 τέλειον
1279 4863 1654 4931 καθορθὼσας.
1693 4865 1824 4918 Τότε
1849 4865 2000 4937 ἀκρι-

408 4950 520 5015 ϐῶς
540 4951 821 5022 γνώσομαι
841 4953 1073 5023 ἐμαυτὸν
1096 4953 1347 5024 ἄμωμον,
1365 4957 1458 5008 καὶ
1478 4957 1600 5008 τότε
1620 4955 1728 5009 ἀπὸ
1754 4957 1998 5029 μεγάλης

409 5041 879 5114 καθαρισθήσομαι
909 5045 1205 5116 ἁμαρτίας,
1248 5046 1467 5099 ἐπειδὰν
1508 5049 1644 5118 μήτε
1676 5049 1745 5102 τὰ
1786 5049 1999 5120 κρύφια

411 5151 510 5204 μου
539 5135 1030 5206 κατακυριεύσωσι,
1068 5138 1203 5209 μήτε
1227 5138 1486 5208 λογισμὸς
1515 5141 1868 5212 ὑπερήφανος
1898 5159 1998 5194 κα-

405 5224 728 5279 ταδουλώσει
781 5243 880 5297 με,
929 5228 961 5299 ἢ
1013 5229 1239 5302 πονηροὶ
1295 5231 1571 5300 δαίμονες.
1637 5232 1898 5303 Μεγάλην
1939 5234 1997 5287 δὲ

409 5319 678 5391 ἁμαρτίαν
724 5320 823 5392 τὴν
864 5321 1368 5396 ἁποτελεσματικήν
1405 5325 1481 5394 (l)
1536 5342 1719 5396 φησιν.
1770 5327 1834 5378 ΕΞ
1886 5326 1994 5398 γὰρ

411 5411 483 5483 μὴ
508 5414 616 5467 ἀπὸ
647 5414 754 5468 τῶν
798 5415 1042 5488 κρυφίων
1078 5433 1179 5486 μου
1215 5417 1626 5490 καθαρισθείην,
1661 5419 1988 5490 ἐπιμένοντα

479 5597 567 5648 “"l
599 5598 740 5655 Tim.
776 5617 860 5667 tu,
891 5603 944 5655 6.

2101 4675 2298 4730 merito
2319 4676 2400 4729 sic
2433 4675 2655 4745 loquor,
2693 4683 2883 4745 utpote
2913 4676 3006 4745 qui
3035 4674 3276 4729 nondum
3309 4672 3375 4726 ad
3409 4678 3607 4726 metam
3635 4676 3690 4725 et

2101 4770 2166 4822 ad
2201 4770 2592 4838 perfectionem
2623 4769 2957 4838 pertigerim.
2991 4766 3146 4822 Tune
3177 4781 3263 4821 me
3302 4767 3461 4836 plane
3497 4764 3693 4817 imula--

2099 4863 2339 4917 cnlatum
2373 4878 2596 4918 noscam
2623 4901 2638 4927 ,
2669 4870 2802 4916 tunc
2830 4860 3169 4916 ennmdabor
3203 4875 3233 4913 ιι
3265 4858 3470 4914 del-icto
3516 4856 3694 4910 maxi—

2100 4972 2211 5020 mo,
2239 4973 2364 5011 cum
2397 4959 2614 5012 occulta
2651 4958 2756 5012 mei
2785 4973 2893 5010 non
2931 4951 3398 5018 dominabuntur,
3440 4968 3561 5007 cum
3596 4967 3688 5006 su-

2097 5050 2264 5118 perba
2305 5050 2565 5120 cogitatio
2593 5065 2657 5104 ac
2698 5049 2924 5119 maligni
2952 5049 3228 5102 (lcenmnes
3279 5061 3364 5099 me
3409 5043 3689 5098 subditum

2098 5160 2208 5198 non
2237 5143 2580 5198 detinebunt.
2628 5142 2932 5197 Maximum
2991 5154 3156 5211 porro
3204 5138 3461 5193 delictum
3491 5141 3688 5196 vocat,

2097 5235 2605 5305 apotelesmaticen,
2635 5235 2750 5290 sive
2785 5234 3135 5302 astrologiam
3158 5228 3530 5300 judiciariam.
3553 5225 3689 5279 Nam

2097 5328 2142 5382 si
2171 5329 2239 5382 ab
2272 5328 2508 5385 occultis
2538 5331 2676 5384 meis
2706 5326 3038 5382 emundatus
3086 5341 3196 5379 non
3257 5323 3474 5385 fuerim,
3501 5320 3690 5376 istlnee

2095 5421 2294 5476 delicta
2326 5421 2380 5475 in
2417 5437 2504 5477 me
2545 5419 2922 5493 permanentia
2953 5419 3008 5473 in
3039 5433 3266 5488 pravum
3297 5415 3573 5488 quoddam
3609 5411 3688 5467 fa-

482 5777 558 5847 (1)
597 5777 727 5843 Quae
757 5780 843 5834 hic
865 5780 932 5837 de
953 5784 1393 5854 apotclesmatiea
1424 5785 1705 5854 dicuntur,
1737 5800 1863 5842 cum
1888 5783 2245 5855 sequentibus
2284 5797 2393 5839 non
2415 5786 2741 5848 congruunt.
2787 5777 2971 5845 Quare
3035 5775 3444 5834 subodoramur
3480 5768 3684 5844 ⁵ιιιὶιιιιτι

413 5871 642 5940 inferius
669 5877 956 5935 exeidisse.
