  <div class='ocr_page' id='page_1' title='image "/cluster/home/n/w/nwhite01/storage/ocr_20150623/23:no.5/coo.31924054873033/113.png"; bbox 0 0 4100 6392; ppageno 0'>
   <div class='ocr_carea' id='block_1_1' title="bbox 434 367 538 424">
    <p class='ocr_par' dir='ltr' id='par_1_1' title="bbox 434 367 538 424">
     <span class='ocr_line' id='line_1_1' title="bbox 434 367 538 424; baseline -0.019 0"><span class='ocrx_word' id='word_1_1' title='bbox 434 367 538 424; x_wconf 68' lang='grc'><strong>12⁵5</strong></span> 
     </span>
    </p>
   </div>
   <div class='ocr_carea' id='block_1_2' title="bbox 1160 366 2927 429">
    <p class='ocr_par' dir='ltr' id='par_1_2' title="bbox 1160 366 2927 429">
     <span class='ocr_line' id='line_1_2' title="bbox 1160 366 2927 429; baseline 0.003 -7"><span class='ocrx_word' id='word_1_2' title='bbox 1160 369 1425 425; x_wconf 78' lang='lat' dir='ltr'><strong>EUSEBII</strong></span> <span class='ocrx_word' id='word_1_3' title='bbox 1466 369 1947 427; x_wconf 65' lang='lat' dir='ltr'><strong>CAESARIENSIS</strong></span> <span class='ocrx_word' id='word_1_4' title='bbox 1983 370 2134 428; x_wconf 85' lang='lat' dir='ltr'><strong>OPP.</strong></span> <span class='ocrx_word' id='word_1_5' title='bbox 2168 366 2349 427; x_wconf 81' lang='lat' dir='ltr'><strong>PARS</strong></span> <span class='ocrx_word' id='word_1_6' title='bbox 2383 371 2471 428; x_wconf 88' lang='lat' dir='ltr'><strong>lll.</strong></span> <span class='ocrx_word' id='word_1_7' title='bbox 2515 371 2927 429; x_wconf 75' lang='lat' dir='ltr'><strong>EXEGETICA.</strong></span> 
     </span>
    </p>
   </div>
   <div class='ocr_carea' id='block_1_3' title="bbox 3618 371 3724 429">
    <p class='ocr_par' dir='ltr' id='par_1_3' title="bbox 3618 371 3724 429">
     <span class='ocr_line' id='line_1_3' title="bbox 3618 371 3724 429; baseline -0.028 0"><span class='ocrx_word' id='word_1_8' title='bbox 3618 371 3724 429; x_wconf 73' lang='grc'><strong>196</strong></span> 
     </span>
    </p>
   </div>
   <div class='ocr_carea' id='block_1_4' title="bbox 427 483 2021 559">
    <p class='ocr_par' dir='ltr' id='par_1_4' title="bbox 427 483 2017 559">
     <span class='ocr_line' id='line_1_4' title="bbox 427 483 2017 559; baseline 0.004 -22"><span class='ocrx_word' id='word_1_9' title='bbox 427 483 588 537; x_wconf 70' lang='lat' dir='ltr'><strong>citius</strong></span> <span class='ocrx_word' id='word_1_10' title='bbox 620 499 704 539; x_wconf 90' lang='lat' dir='ltr'><strong>me</strong></span> <span class='ocrx_word' id='word_1_11' title='bbox 746 485 1063 555; x_wconf 86' lang='lat' dir='ltr'><strong>conjicient,</strong></span> <span class='ocrx_word' id='word_1_12' title='bbox 1103 501 1309 557; x_wconf 88' lang='lat' dir='ltr'><strong>eroque</strong></span> <span class='ocrx_word' id='word_1_13' title='bbox 1342 502 1541 559; x_wconf 87' lang='lat' dir='ltr'><strong>magno</strong></span> <span class='ocrx_word' id='word_1_14' title='bbox 1591 498 1815 557; x_wconf 86' lang='lat' dir='ltr'><strong>peccato</strong></span> <span class='ocrx_word' id='word_1_15' title='bbox 1842 489 2017 544; x_wconf 86' lang='lat' dir='ltr'><strong>obno-</strong></span> 
     </span>
    </p>
   </div>
   <div class='ocr_carea' id='block_1_5' title="bbox 2123 483 3722 559">
    <p class='ocr_par' dir='ltr' id='par_1_5' title="bbox 2123 484 3722 559">
     <span class='ocr_line' id='line_1_5' title="bbox 2123 484 3722 559; baseline 0 -18"><span class='ocrx_word' id='word_1_16' title='bbox 2123 487 2289 541; x_wconf 85' lang='grc' dir='ltr'>ταῦτα</span> <span class='ocrx_word' id='word_1_17' title='bbox 2340 486 2409 541; x_wconf 75' lang='grc' dir='ltr'><strong>τὰ</strong></span> <span class='ocrx_word' id='word_1_18' title='bbox 2450 486 2871 559; x_wconf 72' lang='grc' dir='ltr'><strong>παραπτώματα</strong></span> <span class='ocrx_word' id='word_1_19' title='bbox 2921 487 3002 549; x_wconf 81' lang='grc' dir='ltr'>εἰς</span> <span class='ocrx_word' id='word_1_20' title='bbox 3057 484 3252 558; x_wconf 75' lang='grc' dir='ltr'>πρᾶξιν</span> <span class='ocrx_word' id='word_1_21' title='bbox 3300 486 3509 558; x_wconf 75' lang='grc' dir='ltr'>φαύλην</span> <span class='ocrx_word' id='word_1_22' title='bbox 3554 505 3722 558; x_wconf 84' lang='grc' dir='ltr'>μετα·</span> 
     </span>
    </p>
   </div>
   <div class='ocr_carea' id='block_1_6' title="bbox 427 589 574 630">
    <p class='ocr_par' dir='ltr' id='par_1_6' title="bbox 427 589 574 630">
     <span class='ocr_line' id='line_1_6' title="bbox 427 589 574 630; baseline 0.02 -3"><span class='ocrx_word' id='word_1_23' title='bbox 427 589 574 630; x_wconf 69' lang='grc' dir='ltr'>Χιυσ.</span> 
     </span>
    </p>
   </div>
   <div class='ocr_carea' id='block_1_7' title="bbox 502 665 2022 743">
    <p class='ocr_par' dir='ltr' id='par_1_7' title="bbox 502 665 2022 743">
     <span class='ocr_line' id='line_1_7' title="bbox 502 665 2022 743; baseline 0.003 -23"><span class='ocrx_word' id='word_1_24' title='bbox 502 665 667 724; x_wconf 74' lang='lat' dir='ltr'><strong>Vens.</strong></span> <span class='ocrx_word' id='word_1_25' title='bbox 708 669 793 723; x_wconf 73' lang='lat'><strong>15.</strong></span> <span class='ocrx_word' id='word_1_26' title='bbox 838 666 907 722; x_wconf 86' lang='grc' dir='ltr'>Ει</span> <span class='ocrx_word' id='word_1_27' title='bbox 929 679 1083 722; x_wconf 84' lang='lat' dir='ltr'><strong>erunt</strong></span> <span class='ocrx_word' id='word_1_28' title='bbox 1126 670 1179 723; x_wconf 91' lang='lat' dir='ltr'><strong>in</strong></span> <span class='ocrx_word' id='word_1_29' title='bbox 1224 669 1610 740; x_wconf 85' lang='lat' dir='ltr'><strong>bencplacitum</strong></span> <span class='ocrx_word' id='word_1_30' title='bbox 1658 671 1867 743; x_wconf 87' lang='lat' dir='ltr'><strong>eloquia</strong></span> <span class='ocrx_word' id='word_1_31' title='bbox 1914 673 2022 725; x_wconf 87' lang='lat' dir='ltr'><strong>oris</strong></span> 
     </span>
    </p>
   </div>
   <div class='ocr_carea' id='block_1_8' title="bbox 427 760 2020 830">
    <p class='ocr_par' dir='ltr' id='par_1_8' title="bbox 427 760 2020 830">
     <span class='ocr_line' id='line_1_8' title="bbox 427 760 2020 830; baseline 0.001 -16"><span class='ocrx_word' id='word_1_32' title='bbox 427 762 549 815; x_wconf 84' lang='lat' dir='ltr'><strong>mei.</strong></span> <span class='ocrx_word' id='word_1_33' title='bbox 578 760 718 815; x_wconf 85' lang='lat' dir='ltr'><strong>Cum</strong></span> <span class='ocrx_word' id='word_1_34' title='bbox 752 761 867 816; x_wconf 64' lang='lat' dir='ltr'><strong>haec</strong></span> <span class='ocrx_word' id='word_1_35' title='bbox 898 762 1033 815; x_wconf 86' lang='lat' dir='ltr'><strong>mihi</strong></span> <span class='ocrx_word' id='word_1_36' title='bbox 1066 762 1165 817; x_wconf 84' lang='lat' dir='ltr'><strong>abs</strong></span> <span class='ocrx_word' id='word_1_37' title='bbox 1192 772 1241 817; x_wconf 91' lang='lat' dir='ltr'><strong>te</strong></span> <span class='ocrx_word' id='word_1_38' title='bbox 1262 763 1461 818; x_wconf 89' lang='lat' dir='ltr'><strong>collata</strong></span> <span class='ocrx_word' id='word_1_39' title='bbox 1482 763 1708 830; x_wconf 77' lang='lat' dir='ltr'><strong>fuerint,</strong></span> <span class='ocrx_word' id='word_1_40' title='bbox 1743 774 1874 820; x_wconf 88' lang='lat' dir='ltr'><strong>tunc</strong></span> <span class='ocrx_word' id='word_1_41' title='bbox 1903 764 2020 819; x_wconf 91' lang='lat' dir='ltr'><strong>elo-</strong></span> 
     </span>
    </p>
   </div>
   <div class='ocr_carea' id='block_1_9' title="bbox 428 854 2024 926">
    <p class='ocr_par' dir='ltr' id='par_1_9' title="bbox 428 854 2024 926">
     <span class='ocr_line' id='line_1_9' title="bbox 428 854 2024 926; baseline 0.001 -20"><span class='ocrx_word' id='word_1_42' title='bbox 428 855 558 924; x_wconf 87' lang='lat' dir='ltr'><strong>quia</strong></span> <span class='ocrx_word' id='word_1_43' title='bbox 585 854 700 909; x_wconf 91' lang='lat' dir='ltr'><strong>oris</strong></span> <span class='ocrx_word' id='word_1_44' title='bbox 730 855 860 919; x_wconf 89' lang='lat' dir='ltr'><strong>mei,</strong></span> <span class='ocrx_word' id='word_1_45' title='bbox 887 869 1009 924; x_wconf 68' lang='lat' dir='ltr'><strong>qua:</strong></span> <span class='ocrx_word' id='word_1_46' title='bbox 1035 854 1315 925; x_wconf 86' lang='lat' dir='ltr'><strong>precando</strong></span> <span class='ocrx_word' id='word_1_47' title='bbox 1335 896 1349 921; x_wconf 95' lang='lat'><strong>,</strong></span> <span class='ocrx_word' id='word_1_48' title='bbox 1392 864 1447 910; x_wconf 90' lang='lat' dir='ltr'><strong>te</strong></span> <span class='ocrx_word' id='word_1_49' title='bbox 1478 855 1695 926; x_wconf 81' lang='lat' dir='ltr'><strong>hymnis</strong></span> <span class='ocrx_word' id='word_1_50' title='bbox 1738 854 2024 910; x_wconf 89' lang='lat' dir='ltr'><strong>celebran-</strong></span> 
     </span>
    </p>
   </div>
   <div class='ocr_carea' id='block_1_10' title="bbox 427 946 2022 1018">
    <p class='ocr_par' dir='ltr' id='par_1_10' title="bbox 427 946 2022 1018">
     <span class='ocr_line' id='line_1_10' title="bbox 427 946 2022 1018; baseline -0.001 -17"><span class='ocrx_word' id='word_1_51' title='bbox 427 947 521 1011; x_wconf 80' lang='lat' dir='ltr'><strong>do,</strong></span> <span class='ocrx_word' id='word_1_52' title='bbox 545 948 753 1016; x_wconf 76' lang='lat' dir='ltr'><strong>gratias</strong></span> <span class='ocrx_word' id='word_1_53' title='bbox 780 947 879 1001; x_wconf 85' lang='lat' dir='ltr'><strong>tibi</strong></span> <span class='ocrx_word' id='word_1_54' title='bbox 909 946 1121 1017; x_wconf 88' lang='lat' dir='ltr'><strong>agendo</strong></span> <span class='ocrx_word' id='word_1_55' title='bbox 1155 946 1353 1013; x_wconf 93' lang='lat' dir='ltr'><strong>obtuli,</strong></span> <span class='ocrx_word' id='word_1_56' title='bbox 1386 948 1589 1018; x_wconf 88' lang='lat' dir='ltr'><strong>placita</strong></span> <span class='ocrx_word' id='word_1_57' title='bbox 1611 948 1707 1003; x_wconf 89' lang='lat' dir='ltr'><strong>tibi</strong></span> <span class='ocrx_word' id='word_1_58' title='bbox 1730 956 1915 1005; x_wconf 91' lang='lat' dir='ltr'><strong>erunt.</strong></span> <span class='ocrx_word' id='word_1_59' title='bbox 1948 947 2022 1000; x_wconf 86' lang='lat' dir='ltr'><strong>Ea</strong></span> 
     </span>
    </p>
   </div>
   <div class='ocr_carea' id='block_1_11' title="bbox 429 1039 2025 1112">
    <p class='ocr_par' dir='ltr' id='par_1_11' title="bbox 429 1039 2025 1112">
     <span class='ocr_line' id='line_1_11' title="bbox 429 1039 2025 1112; baseline -0.001 -17"><span class='ocrx_word' id='word_1_60' title='bbox 429 1054 561 1095; x_wconf 81' lang='lat' dir='ltr'><strong>vero</strong></span> <span class='ocrx_word' id='word_1_61' title='bbox 593 1040 792 1110; x_wconf 88' lang='lat' dir='ltr'><strong>placita</strong></span> <span class='ocrx_word' id='word_1_62' title='bbox 839 1039 1060 1111; x_wconf 86' lang='lat' dir='ltr'><strong>eloquia</strong></span> <span class='ocrx_word' id='word_1_63' title='bbox 1123 1047 1297 1105; x_wconf 86' lang='lat' dir='ltr'><strong>sunt,</strong></span> <span class='ocrx_word' id='word_1_64' title='bbox 1353 1056 1477 1111; x_wconf 68' lang='lat' dir='ltr'><strong>quae</strong></span> <span class='ocrx_word' id='word_1_65' title='bbox 1518 1041 1917 1112; x_wconf 76' lang='lat' dir='ltr'><strong>approbatione</strong></span> <span class='ocrx_word' id='word_1_66' title='bbox 1970 1047 2025 1095; x_wconf 91' lang='lat' dir='ltr'><strong>et</strong></span> 
     </span>
    </p>
   </div>
   <div class='ocr_carea' id='block_1_12' title="bbox 428 1133 2025 1205">
    <p class='ocr_par' dir='ltr' id='par_1_12' title="bbox 428 1133 2025 1205">
     <span class='ocr_line' id='line_1_12' title="bbox 428 1133 2025 1205; baseline 0.001 -18"><span class='ocrx_word' id='word_1_67' title='bbox 428 1133 592 1190; x_wconf 82' lang='lat' dir='ltr'><strong>laude</strong></span> <span class='ocrx_word' id='word_1_68' title='bbox 621 1133 803 1205; x_wconf 75' lang='lat' dir='ltr'><strong>digna.</strong></span> <span class='ocrx_word' id='word_1_69' title='bbox 858 1133 929 1188; x_wconf 88' lang='lat' dir='ltr'><strong>Et</strong></span> <span class='ocrx_word' id='word_1_70' title='bbox 970 1135 1248 1191; x_wconf 77' lang='lat' dir='ltr'><strong>meditatio</strong></span> <span class='ocrx_word' id='word_1_71' title='bbox 1288 1136 1464 1190; x_wconf 87' lang='lat' dir='ltr'><strong>cordis</strong></span> <span class='ocrx_word' id='word_1_72' title='bbox 1508 1137 1612 1190; x_wconf 90' lang='lat' dir='ltr'><strong>mei</strong></span> <span class='ocrx_word' id='word_1_73' title='bbox 1659 1138 1715 1189; x_wconf 86' lang='lat' dir='ltr'><strong>in</strong></span> <span class='ocrx_word' id='word_1_74' title='bbox 1748 1144 2025 1205; x_wconf 80' lang='lat' dir='ltr'><strong>conspectu</strong></span> 
     </span>
    </p>
   </div>
   <div class='ocr_carea' id='block_1_13' title="bbox 431 1223 2027 1296">
    <p class='ocr_par' dir='ltr' id='par_1_13' title="bbox 431 1223 2027 1296">
     <span class='ocr_line' id='line_1_13' title="bbox 431 1223 2027 1296; baseline 0.001 -18"><span class='ocrx_word' id='word_1_75' title='bbox 431 1234 521 1279; x_wconf 88' lang='lat' dir='ltr'><strong>tuo</strong></span> <span class='ocrx_word' id='word_1_76' title='bbox 550 1234 626 1279; x_wconf 86' lang='lat' dir='ltr'><strong>est</strong></span> <span class='ocrx_word' id='word_1_77' title='bbox 651 1240 870 1292; x_wconf 87' lang='lat' dir='ltr'><strong>semper.</strong></span> <span class='ocrx_word' id='word_1_78' title='bbox 895 1223 1175 1281; x_wconf 82' lang='lat' dir='ltr'><strong>Meditatio</strong></span> <span class='ocrx_word' id='word_1_79' title='bbox 1202 1227 1402 1283; x_wconf 88' lang='lat' dir='ltr'><strong>mentis</strong></span> <span class='ocrx_word' id='word_1_80' title='bbox 1425 1241 1579 1292; x_wconf 68' lang='lat' dir='ltr'><strong>meae,</strong></span> <span class='ocrx_word' id='word_1_81' title='bbox 1598 1240 1719 1296; x_wconf 75' lang='lat' dir='ltr'><strong>quae</strong></span> <span class='ocrx_word' id='word_1_82' title='bbox 1741 1226 1796 1280; x_wconf 92' lang='lat' dir='ltr'><strong>in</strong></span> <span class='ocrx_word' id='word_1_83' title='bbox 1819 1225 2027 1295; x_wconf 86' lang='lat' dir='ltr'><strong>cogita-</strong></span> 
     </span>
    </p>
   </div>
   <div class='ocr_carea' id='block_1_14' title="bbox 429 1316 2027 1389">
    <p class='ocr_par' dir='ltr' id='par_1_14' title="bbox 429 1316 2027 1389">
     <span class='ocr_line' id='line_1_14' title="bbox 429 1316 2027 1389; baseline -0.001 -16"><span class='ocrx_word' id='word_1_84' title='bbox 429 1319 672 1375; x_wconf 86' lang='lat' dir='ltr'><strong>tionibus</strong></span> <span class='ocrx_word' id='word_1_85' title='bbox 701 1327 754 1374; x_wconf 84' lang='lat' dir='ltr'><strong>et</strong></span> <span class='ocrx_word' id='word_1_86' title='bbox 783 1319 951 1373; x_wconf 88' lang='lat' dir='ltr'><strong>animi</strong></span> <span class='ocrx_word' id='word_1_87' title='bbox 1000 1319 1257 1375; x_wconf 84' lang='lat' dir='ltr'><strong>sensibus</strong></span> <span class='ocrx_word' id='word_1_88' title='bbox 1300 1319 1605 1389; x_wconf 83' lang='lat' dir='ltr'><strong>perﬁcitur,</strong></span> <span class='ocrx_word' id='word_1_89' title='bbox 1625 1334 1749 1374; x_wconf 91' lang='lat' dir='ltr'><strong>cum</strong></span> <span class='ocrx_word' id='word_1_90' title='bbox 1784 1319 1855 1372; x_wconf 90' lang='lat' dir='ltr'><strong>sit</strong></span> <span class='ocrx_word' id='word_1_91' title='bbox 1876 1316 2027 1372; x_wconf 90' lang='lat' dir='ltr'><strong>omni</strong></span> 
     </span>
    </p>
   </div>
   <div class='ocr_carea' id='block_1_15' title="bbox 430 1410 2028 1483">
    <p class='ocr_par' dir='ltr' id='par_1_15' title="bbox 430 1410 2028 1483">
     <span class='ocr_line' id='line_1_15' title="bbox 430 1410 2028 1483; baseline -0.001 -17"><span class='ocrx_word' id='word_1_92' title='bbox 430 1412 592 1482; x_wconf 89' lang='lat' dir='ltr'><strong>culpa</strong></span> <span class='ocrx_word' id='word_1_93' title='bbox 638 1412 921 1479; x_wconf 89' lang='lat' dir='ltr'><strong>immunis,</strong></span> <span class='ocrx_word' id='word_1_94' title='bbox 952 1412 1006 1466; x_wconf 89' lang='lat' dir='ltr'><strong>in</strong></span> <span class='ocrx_word' id='word_1_95' title='bbox 1047 1421 1347 1482; x_wconf 89' lang='lat' dir='ltr'><strong>conspectu</strong></span> <span class='ocrx_word' id='word_1_96' title='bbox 1403 1421 1499 1467; x_wconf 90' lang='lat' dir='ltr'><strong>tuo</strong></span> <span class='ocrx_word' id='word_1_97' title='bbox 1538 1423 1623 1469; x_wconf 90' lang='lat' dir='ltr'><strong>est</strong></span> <span class='ocrx_word' id='word_1_98' title='bbox 1651 1428 1887 1483; x_wconf 87' lang='lat' dir='ltr'><strong>semper.</strong></span> <span class='ocrx_word' id='word_1_99' title='bbox 1914 1410 2028 1466; x_wconf 77' lang='lat' dir='ltr'><strong>Me-</strong></span> 
     </span>
    </p>
   </div>
   <div class='ocr_carea' id='block_1_16' title="bbox 432 1504 2027 1576">
    <p class='ocr_par' dir='ltr' id='par_1_16' title="bbox 432 1504 2027 1576">
     <span class='ocr_line' id='line_1_16' title="bbox 432 1504 2027 1576; baseline 0.001 -17"><span class='ocrx_word' id='word_1_100' title='bbox 432 1504 627 1561; x_wconf 88' lang='lat' dir='ltr'><strong>ditatio</strong></span> <span class='ocrx_word' id='word_1_101' title='bbox 649 1521 781 1561; x_wconf 87' lang='lat' dir='ltr'><strong>sane</strong></span> <span class='ocrx_word' id='word_1_102' title='bbox 803 1520 910 1560; x_wconf 88' lang='lat' dir='ltr'><strong>non</strong></span> <span class='ocrx_word' id='word_1_103' title='bbox 941 1505 1161 1561; x_wconf 88' lang='lat' dir='ltr'><strong>aliunde</strong></span> <span class='ocrx_word' id='word_1_104' title='bbox 1192 1520 1359 1576; x_wconf 92' lang='lat' dir='ltr'><strong>quam</strong></span> <span class='ocrx_word' id='word_1_105' title='bbox 1393 1506 1491 1561; x_wconf 90' lang='lat' dir='ltr'><strong>abs</strong></span> <span class='ocrx_word' id='word_1_106' title='bbox 1525 1514 1579 1562; x_wconf 90' lang='lat' dir='ltr'><strong>te</strong></span> <span class='ocrx_word' id='word_1_107' title='bbox 1608 1506 1885 1576; x_wconf 88' lang='lat' dir='ltr'><strong>inculpata</strong></span> <span class='ocrx_word' id='word_1_108' title='bbox 1901 1518 2027 1560; x_wconf 89' lang='lat' dir='ltr'><strong>esse</strong></span> 
     </span>
    </p>
   </div>
   <div class='ocr_carea' id='block_1_17' title="bbox 435 1598 1705 1670">
    <p class='ocr_par' dir='ltr' id='par_1_17' title="bbox 435 1598 1705 1670">
     <span class='ocr_line' id='line_1_17' title="bbox 435 1598 1705 1670; baseline -0.001 -16"><span class='ocrx_word' id='word_1_109' title='bbox 435 1598 595 1663; x_wconf 64' lang='lat' dir='ltr'><strong>talet,</strong></span> <span class='ocrx_word' id='word_1_110' title='bbox 617 1600 711 1670; x_wconf 91' lang='lat' dir='ltr'><strong>qui</strong></span> <span class='ocrx_word' id='word_1_111' title='bbox 736 1615 822 1655; x_wconf 91' lang='lat' dir='ltr'><strong>me</strong></span> <span class='ocrx_word' id='word_1_112' title='bbox 845 1601 913 1655; x_wconf 89' lang='lat' dir='ltr'><strong>ab</strong></span> <span class='ocrx_word' id='word_1_113' title='bbox 939 1600 1171 1656; x_wconf 83' lang='lat' dir='ltr'><strong>occultis</strong></span> <span class='ocrx_word' id='word_1_114' title='bbox 1201 1599 1339 1655; x_wconf 89' lang='lat' dir='ltr'><strong>meis</strong></span> <span class='ocrx_word' id='word_1_115' title='bbox 1369 1598 1705 1655; x_wconf 88' lang='lat' dir='ltr'><strong>emundasti.</strong></span> 
     </span>
    </p>
   </div>
   <div class='ocr_carea' id='block_1_18' title="bbox 503 1690 2028 1763">
    <p class='ocr_par' dir='ltr' id='par_1_18' title="bbox 503 1690 2028 1763">
     <span class='ocr_line' id='line_1_18' title="bbox 503 1690 2028 1763; baseline 0 -18"><span class='ocrx_word' id='word_1_116' title='bbox 503 1690 751 1755; x_wconf 82' lang='lat' dir='ltr'><strong>Domine,</strong></span> <span class='ocrx_word' id='word_1_117' title='bbox 786 1693 1003 1763; x_wconf 87' lang='lat' dir='ltr'><strong>adjutor</strong></span> <span class='ocrx_word' id='word_1_118' title='bbox 1034 1709 1178 1748; x_wconf 81' lang='lat' dir='ltr'><strong>meus</strong></span> <span class='ocrx_word' id='word_1_119' title='bbox 1213 1704 1263 1748; x_wconf 90' lang='lat' dir='ltr'><strong>et</strong></span> <span class='ocrx_word' id='word_1_120' title='bbox 1288 1692 1583 1763; x_wconf 78' lang='lat' dir='ltr'><strong>redemptor</strong></span> <span class='ocrx_word' id='word_1_121' title='bbox 1611 1708 1779 1748; x_wconf 86' lang='lat' dir='ltr'><strong>meus.</strong></span> <span class='ocrx_word' id='word_1_122' title='bbox 1805 1690 1883 1747; x_wconf 90' lang='lat' dir='ltr'><strong>Te</strong></span> <span class='ocrx_word' id='word_1_123' title='bbox 1910 1690 2028 1762; x_wconf 83' lang='lat' dir='ltr'><strong>opi—</strong></span> 
     </span>
    </p>
   </div>
   <div class='ocr_carea' id='block_1_19' title="bbox 429 1782 2029 1861">
    <p class='ocr_par' dir='ltr' id='par_1_19' title="bbox 429 1782 2029 1861">
     <span class='ocr_line' id='line_1_19' title="bbox 429 1782 2029 1861; baseline 0 -24"><span class='ocrx_word' id='word_1_124' title='bbox 429 1782 665 1861; x_wconf 71' lang='lat' dir='ltr'><strong>tulante,</strong></span> <span class='ocrx_word' id='word_1_125' title='bbox 703 1783 966 1851; x_wconf 89' lang='lat' dir='ltr'><strong>Domine,</strong></span> <span class='ocrx_word' id='word_1_126' title='bbox 1000 1801 1029 1840; x_wconf 93' lang='lat' dir='ltr'><strong>a</strong></span> <span class='ocrx_word' id='word_1_127' title='bbox 1070 1786 1287 1842; x_wconf 89' lang='lat' dir='ltr'><strong>nemine</strong></span> <span class='ocrx_word' id='word_1_128' title='bbox 1318 1785 1610 1840; x_wconf 86' lang='lat' dir='ltr'><strong>adversum</strong></span> <span class='ocrx_word' id='word_1_129' title='bbox 1646 1799 1733 1840; x_wconf 88' lang='lat' dir='ltr'><strong>me</strong></span> <span class='ocrx_word' id='word_1_130' title='bbox 1766 1783 2029 1854; x_wconf 84' lang='lat' dir='ltr'><strong>spiritua-</strong></span> 
     </span>
    </p>
   </div>
   <div class='ocr_carea' id='block_1_20' title="bbox 2127 578 3546 651">
    <p class='ocr_par' dir='ltr' id='par_1_20' title="bbox 2127 578 3546 651">
     <span class='ocr_line' id='line_1_20' title="bbox 2127 578 3546 651; baseline -0.001 -18"><span class='ocrx_word' id='word_1_131' title='bbox 2127 581 2303 651; x_wconf 73' lang='grc' dir='ltr'>φέρει,</span> <span class='ocrx_word' id='word_1_132' title='bbox 2332 579 2427 633; x_wconf 83' lang='grc' dir='ltr'>καὶ</span> <span class='ocrx_word' id='word_1_133' title='bbox 2458 580 2679 650; x_wconf 87' lang='grc' dir='ltr'>γίνομαι</span> <span class='ocrx_word' id='word_1_134' title='bbox 2708 578 3006 642; x_wconf 81' lang='grc' dir='ltr'>ὑπεύθυνος</span> <span class='ocrx_word' id='word_1_135' title='bbox 3038 579 3284 651; x_wconf 76' lang='grc' dir='ltr'>ἁμαρτία</span> <span class='ocrx_word' id='word_1_136' title='bbox 3313 579 3546 650; x_wconf 83' lang='grc' dir='ltr'><strong>μεγάλῃ.</strong></span> 
     </span>
    </p>
   </div>
   <div class='ocr_carea' id='block_1_21' title="bbox 2196 670 3715 741">
    <p class='ocr_par' dir='ltr' id='par_1_21' title="bbox 2196 670 3715 741">
     <span class='ocr_line' id='line_1_21' title="bbox 2196 670 3715 741; baseline -0.001 -15"><span class='ocrx_word' id='word_1_137' title='bbox 2196 673 2301 727; x_wconf 81' lang='grc' dir='ltr'><strong>Καὶ</strong></span> <span class='ocrx_word' id='word_1_138' title='bbox 2334 671 2577 725; x_wconf 73' lang='grc' dir='ltr'>ἔσονται</span> <span class='ocrx_word' id='word_1_139' title='bbox 2604 674 2693 737; x_wconf 87' lang='grc' dir='ltr'>είς</span> <span class='ocrx_word' id='word_1_140' title='bbox 2721 670 3005 726; x_wconf 80' lang='grc' dir='ltr'><strong>εὐδοκίαν</strong></span> <span class='ocrx_word' id='word_1_141' title='bbox 3029 671 3102 725; x_wconf 84' lang='grc' dir='ltr'>τὰ</span> <span class='ocrx_word' id='word_1_142' title='bbox 3142 673 3317 741; x_wconf 77' lang='grc' dir='ltr'>λόγια</span> <span class='ocrx_word' id='word_1_143' title='bbox 3347 670 3454 724; x_wconf 83' lang='grc' dir='ltr'><strong>τοῦ</strong></span> <span class='ocrx_word' id='word_1_144' title='bbox 3491 673 3715 740; x_wconf 73' lang='grc' dir='ltr'>στόμα-</span> 
     </span>
    </p>
   </div>
   <div class='ocr_carea' id='block_1_22' title="bbox 2124 759 3718 833">
    <p class='ocr_par' dir='ltr' id='par_1_22' title="bbox 2124 759 3718 833">
     <span class='ocr_line' id='line_1_22' title="bbox 2124 759 3718 833; baseline 0 -18"><span class='ocrx_word' id='word_1_145' title='bbox 2124 763 2228 827; x_wconf 78' lang='grc' dir='ltr'>τός</span> <span class='ocrx_word' id='word_1_146' title='bbox 2256 779 2394 831; x_wconf 85' lang='grc' dir='ltr'>μου.</span> <span class='ocrx_word' id='word_1_147' title='bbox 2434 761 2599 815; x_wconf 86' lang='grc' dir='ltr'>Ὅταν</span> <span class='ocrx_word' id='word_1_148' title='bbox 2641 760 2817 815; x_wconf 83' lang='grc' dir='ltr'>ταῦτά</span> <span class='ocrx_word' id='word_1_149' title='bbox 2862 777 2952 831; x_wconf 88' lang='grc' dir='ltr'><strong>μοι</strong></span> <span class='ocrx_word' id='word_1_150' title='bbox 3000 759 3254 832; x_wconf 83' lang='grc' dir='ltr'>ύπαρχθῇ</span> <span class='ocrx_word' id='word_1_151' title='bbox 3299 759 3452 833; x_wconf 86' lang='grc' dir='ltr'><strong>παρά</strong></span> <span class='ocrx_word' id='word_1_152' title='bbox 3499 760 3615 826; x_wconf 90' lang='grc' dir='ltr'>σοῦ,</span> <span class='ocrx_word' id='word_1_153' title='bbox 3646 760 3718 815; x_wconf 66' lang='grc' dir='ltr'>τὶ</span> 
     </span>
    </p>
   </div>
   <div class='ocr_carea' id='block_1_23' title="bbox 2124 852 3717 925">
    <p class='ocr_par' dir='ltr' id='par_1_23' title="bbox 2124 852 3717 925">
     <span class='ocr_line' id='line_1_23' title="bbox 2124 852 3717 925; baseline 0 -17"><span class='ocrx_word' id='word_1_154' title='bbox 2124 856 2282 923; x_wconf 81' lang='grc' dir='ltr'>λόγια</span> <span class='ocrx_word' id='word_1_155' title='bbox 2326 852 2419 907; x_wconf 86' lang='grc' dir='ltr'><strong>τοῦ</strong></span> <span class='ocrx_word' id='word_1_156' title='bbox 2457 853 2723 924; x_wconf 83' lang='grc' dir='ltr'>στόματός</span> <span class='ocrx_word' id='word_1_157' title='bbox 2756 870 2856 924; x_wconf 92' lang='grc' dir='ltr'><strong>μου</strong></span> <span class='ocrx_word' id='word_1_158' title='bbox 2889 852 2925 907; x_wconf 68' lang='grc' dir='ltr'>ἃ</span> <span class='ocrx_word' id='word_1_159' title='bbox 2949 854 3263 925; x_wconf 82' lang='grc' dir='ltr'>προήνεγκα</span> <span class='ocrx_word' id='word_1_160' title='bbox 3290 854 3583 925; x_wconf 80' lang='grc' dir='ltr'>εὐχόμενός</span> <span class='ocrx_word' id='word_1_161' title='bbox 3610 870 3717 919; x_wconf 87' lang='grc' dir='ltr'>σοι,</span> 
     </span>
    </p>
   </div>
   <div class='ocr_carea' id='block_1_24' title="bbox 2129 946 3720 1019">
    <p class='ocr_par' dir='ltr' id='par_1_24' title="bbox 2129 946 3720 1019">
     <span class='ocr_line' id='line_1_24' title="bbox 2129 946 3720 1019; baseline 0.001 -18"><span class='ocrx_word' id='word_1_162' title='bbox 2129 947 2312 1017; x_wconf 82' lang='grc' dir='ltr'>ὑμνῶν</span> <span class='ocrx_word' id='word_1_163' title='bbox 2356 966 2436 1012; x_wconf 89' lang='grc' dir='ltr'><strong>σε,</strong></span> <span class='ocrx_word' id='word_1_164' title='bbox 2470 946 2804 1019; x_wconf 79' lang='grc' dir='ltr'>εὐχαριστῶν</span> <span class='ocrx_word' id='word_1_165' title='bbox 2856 965 2958 1012; x_wconf 86' lang='grc' dir='ltr'>σοι,</span> <span class='ocrx_word' id='word_1_166' title='bbox 3001 948 3083 1011; x_wconf 84' lang='grc' dir='ltr'><strong>είς</strong></span> <span class='ocrx_word' id='word_1_167' title='bbox 3122 947 3370 1001; x_wconf 79' lang='grc' dir='ltr'>εὐδοκίαν</span> <span class='ocrx_word' id='word_1_168' title='bbox 3407 949 3583 1002; x_wconf 75' lang='grc' dir='ltr'>ἔσται.</span> <span class='ocrx_word' id='word_1_169' title='bbox 3624 950 3720 1012; x_wconf 71' lang='grc' dir='ltr'><strong>Εἰς</strong></span> 
     </span>
    </p>
   </div>
   <div class='ocr_carea' id='block_1_25' title="bbox 2127 1039 3781 1112">
    <p class='ocr_par' dir='ltr' id='par_1_25' title="bbox 2127 1039 3781 1112">
     <span class='ocr_line' id='line_1_25' title="bbox 2127 1039 3781 1112; baseline 0.002 -21"><span class='ocrx_word' id='word_1_170' title='bbox 2127 1039 2372 1094; x_wconf 82' lang='grc' dir='ltr'>εὐδοκίαν</span> <span class='ocrx_word' id='word_1_171' title='bbox 2403 1041 2459 1093; x_wconf 82' lang='grc' dir='ltr'>δέ</span> <span class='ocrx_word' id='word_1_172' title='bbox 2489 1043 2634 1093; x_wconf 77' lang='grc' dir='ltr'>ἐστιν</span> <span class='ocrx_word' id='word_1_173' title='bbox 2662 1041 2730 1094; x_wconf 87' lang='grc' dir='ltr'><strong>τά</strong></span> <span class='ocrx_word' id='word_1_174' title='bbox 2763 1040 2918 1108; x_wconf 87' lang='grc' dir='ltr'>λόγια</span> <span class='ocrx_word' id='word_1_175' title='bbox 2947 1040 3017 1094; x_wconf 80' lang='grc' dir='ltr'><strong>τά</strong></span> <span class='ocrx_word' id='word_1_176' title='bbox 3051 1040 3321 1111; x_wconf 83' lang='grc' dir='ltr'><strong>ἀποδοχῆς</strong></span> <span class='ocrx_word' id='word_1_177' title='bbox 3355 1040 3502 1107; x_wconf 81' lang='grc' dir='ltr'>ἀξια.</span> <span class='ocrx_word' id='word_1_178' title='bbox 3534 1043 3641 1095; x_wconf 76' lang='lat' dir='ltr'><strong>Kal</strong></span> <span class='ocrx_word' id='word_1_179' title='bbox 3675 1044 3715 1112; x_wconf 78' lang='grc' dir='ltr'><strong><em>ἠ</em></strong></span> <span class='ocrx_word' id='word_1_180' title='bbox 3763 1085 3781 1105; x_wconf 82' lang='lat'><strong>,</strong></span> 
     </span>
    </p>
   </div>
   <div class='ocr_carea' id='block_1_26' title="bbox 2118 1132 3720 1202">
    <p class='ocr_par' dir='ltr' id='par_1_26' title="bbox 2118 1132 3720 1202">
     <span class='ocr_line' id='line_1_26' title="bbox 2118 1132 3720 1202; baseline 0.001 -16"><span class='ocrx_word' id='word_1_181' title='bbox 2118 1132 2342 1202; x_wconf 74' lang='grc' dir='ltr'>μελέτη</span> <span class='ocrx_word' id='word_1_182' title='bbox 2390 1132 2501 1200; x_wconf 82' lang='grc' dir='ltr'><strong>τῆς</strong></span> <span class='ocrx_word' id='word_1_183' title='bbox 2540 1133 2790 1202; x_wconf 79' lang='grc' dir='ltr'>καρδίας</span> <span class='ocrx_word' id='word_1_184' title='bbox 2827 1150 2945 1202; x_wconf 81' lang='grc' dir='ltr'><strong>μου</strong></span> <span class='ocrx_word' id='word_1_185' title='bbox 2995 1132 3252 1187; x_wconf 77' lang='grc' dir='ltr'>ἐνώπιόν</span> <span class='ocrx_word' id='word_1_186' title='bbox 3290 1150 3407 1188; x_wconf 88' lang='grc' dir='ltr'><strong>σου</strong></span> <span class='ocrx_word' id='word_1_187' title='bbox 3440 1135 3572 1188; x_wconf 78' lang='grc' dir='ltr'>ἐστὶ</span> <span class='ocrx_word' id='word_1_188' title='bbox 3619 1134 3720 1188; x_wconf 81' lang='grc' dir='ltr'>διὰ</span> 
     </span>
    </p>
   </div>
   <div class='ocr_carea' id='block_1_27' title="bbox 2126 1224 3717 1298">
    <p class='ocr_par' dir='ltr' id='par_1_27' title="bbox 2126 1224 3717 1298">
     <span class='ocr_line' id='line_1_27' title="bbox 2126 1224 3717 1298; baseline 0.002 -21"><span class='ocrx_word' id='word_1_189' title='bbox 2126 1226 2371 1291; x_wconf 83' lang='grc' dir='ltr'>παντός.</span> <span class='ocrx_word' id='word_1_190' title='bbox 2416 1225 2481 1277; x_wconf 83' lang='grc' dir='ltr'><em>Ἢ</em></span> <span class='ocrx_word' id='word_1_191' title='bbox 2517 1224 2713 1297; x_wconf 82' lang='grc' dir='ltr'><strong>μελέτη</strong></span> <span class='ocrx_word' id='word_1_192' title='bbox 2733 1224 2828 1279; x_wconf 92' lang='grc' dir='ltr'><strong>τοῦ</strong></span> <span class='ocrx_word' id='word_1_193' title='bbox 2851 1225 3189 1297; x_wconf 86' lang='grc' dir='ltr'>διανοητικοῦ</span> <span class='ocrx_word' id='word_1_194' title='bbox 3218 1243 3343 1298; x_wconf 87' lang='grc' dir='ltr'>μου,</span> <span class='ocrx_word' id='word_1_195' title='bbox 3376 1227 3635 1298; x_wconf 81' lang='grc' dir='ltr'>γινομένη</span> <span class='ocrx_word' id='word_1_196' title='bbox 3657 1227 3717 1280; x_wconf 78' lang='grc' dir='ltr'>ὲν</span> 
     </span>
    </p>
   </div>
   <div class='ocr_carea' id='block_1_28' title="bbox 2125 1313 3714 1389">
    <p class='ocr_par' dir='ltr' id='par_1_28' title="bbox 2125 1313 3714 1389">
     <span class='ocr_line' id='line_1_28' title="bbox 2125 1313 3714 1389; baseline 0.001 -19"><span class='ocrx_word' id='word_1_197' title='bbox 2125 1315 2407 1387; x_wconf 82' lang='grc' dir='ltr'>λογισμοῖς</span> <span class='ocrx_word' id='word_1_198' title='bbox 2437 1317 2532 1369; x_wconf 78' lang='grc' dir='ltr'>καὶ</span> <span class='ocrx_word' id='word_1_199' title='bbox 2572 1317 2843 1388; x_wconf 80' lang='grc' dir='ltr'>νοήσεσιν,</span> <span class='ocrx_word' id='word_1_200' title='bbox 2878 1316 3035 1381; x_wconf 76' lang='grc' dir='ltr'>ἐκτὸς</span> <span class='ocrx_word' id='word_1_201' title='bbox 3079 1313 3213 1371; x_wconf 75' lang='grc' dir='ltr'>οὖσα</span> <span class='ocrx_word' id='word_1_202' title='bbox 3254 1318 3454 1382; x_wconf 77' lang='grc' dir='ltr'>παντὸς</span> <span class='ocrx_word' id='word_1_203' title='bbox 3496 1316 3714 1389; x_wconf 83' lang='grc' dir='ltr'><strong>μώμου,</strong></span> 
     </span>
    </p>
   </div>
   <div class='ocr_carea' id='block_1_29' title="bbox 2126 1408 3719 1481">
    <p class='ocr_par' dir='ltr' id='par_1_29' title="bbox 2126 1408 3719 1481">
     <span class='ocr_line' id='line_1_29' title="bbox 2126 1408 3719 1481; baseline 0.001 -20"><span class='ocrx_word' id='word_1_204' title='bbox 2126 1408 2355 1463; x_wconf 80' lang='grc' dir='ltr'>ἐνώπιόν</span> <span class='ocrx_word' id='word_1_205' title='bbox 2385 1426 2478 1461; x_wconf 92' lang='grc' dir='ltr'><strong>σου</strong></span> <span class='ocrx_word' id='word_1_206' title='bbox 2505 1410 2761 1480; x_wconf 83' lang='grc' dir='ltr'>τυγχάνει</span> <span class='ocrx_word' id='word_1_207' title='bbox 2796 1408 2886 1463; x_wconf 77' lang='grc' dir='ltr'>διὰ</span> <span class='ocrx_word' id='word_1_208' title='bbox 2913 1410 3133 1473; x_wconf 81' lang='grc' dir='ltr'>παντός.</span> <span class='ocrx_word' id='word_1_209' title='bbox 3170 1410 3243 1463; x_wconf 88' lang='grc' dir='ltr'><strong>Τὸ</strong></span> <span class='ocrx_word' id='word_1_210' title='bbox 3267 1410 3448 1481; x_wconf 79' lang='grc' dir='ltr'>μέντοι</span> <span class='ocrx_word' id='word_1_211' title='bbox 3488 1409 3589 1481; x_wconf 86' lang='grc' dir='ltr'><strong>τῆς</strong></span> <span class='ocrx_word' id='word_1_212' title='bbox 3621 1426 3719 1481; x_wconf 80' lang='grc' dir='ltr'>με·</span> 
     </span>
    </p>
   </div>
   <div class='ocr_carea' id='block_1_30' title="bbox 2126 1502 3714 1576">
    <p class='ocr_par' dir='ltr' id='par_1_30' title="bbox 2126 1502 3714 1576">
     <span class='ocr_line' id='line_1_30' title="bbox 2126 1502 3714 1576; baseline 0.001 -19"><span class='ocrx_word' id='word_1_213' title='bbox 2126 1504 2286 1575; x_wconf 82' lang='grc' dir='ltr'>λέτης</span> <span class='ocrx_word' id='word_1_214' title='bbox 2335 1503 2623 1575; x_wconf 79' lang='grc' dir='ltr'>ἄμεμπτον</span> <span class='ocrx_word' id='word_1_215' title='bbox 2655 1504 2755 1556; x_wconf 76' lang='grc' dir='ltr'>οὐκ</span> <span class='ocrx_word' id='word_1_216' title='bbox 2796 1502 3018 1557; x_wconf 82' lang='grc' dir='ltr'>ἄλλοθεν</span> <span class='ocrx_word' id='word_1_217' title='bbox 3066 1505 3099 1574; x_wconf 81' lang='grc' dir='ltr'>ἢ</span> <span class='ocrx_word' id='word_1_218' title='bbox 3155 1506 3220 1558; x_wconf 75' lang='grc' dir='ltr'><strong>ὲκ</strong></span> <span class='ocrx_word' id='word_1_219' title='bbox 3269 1503 3364 1557; x_wconf 92' lang='grc' dir='ltr'><strong>σοῦ</strong></span> <span class='ocrx_word' id='word_1_220' title='bbox 3417 1505 3714 1576; x_wconf 78' lang='grc' dir='ltr'>ὑπῆρκται,</span> 
     </span>
    </p>
   </div>
   <div class='ocr_carea' id='block_1_31' title="bbox 2132 1596 3340 1670">
    <p class='ocr_par' dir='ltr' id='par_1_31' title="bbox 2132 1596 3340 1670">
     <span class='ocr_line' id='line_1_31' title="bbox 2132 1596 3340 1670; baseline -0.002 -18"><span class='ocrx_word' id='word_1_221' title='bbox 2132 1596 2529 1670; x_wconf 85' lang='grc' dir='ltr'>καθαρίσαντός</span> <span class='ocrx_word' id='word_1_222' title='bbox 2560 1614 2628 1668; x_wconf 91' lang='grc' dir='ltr'><strong>με</strong></span> <span class='ocrx_word' id='word_1_223' title='bbox 2662 1596 2770 1651; x_wconf 84' lang='grc' dir='ltr'><strong>ἀπὸ</strong></span> <span class='ocrx_word' id='word_1_224' title='bbox 2800 1596 2907 1652; x_wconf 84' lang='grc' dir='ltr'><strong>τῶν</strong></span> <span class='ocrx_word' id='word_1_225' title='bbox 2940 1596 3188 1666; x_wconf 66' lang='grc' dir='ltr'>κρυφίων</span> <span class='ocrx_word' id='word_1_226' title='bbox 3218 1613 3340 1668; x_wconf 90' lang='grc' dir='ltr'>μου.</span> 
     </span>
    </p>
   </div>
   <div class='ocr_carea' id='block_1_32' title="bbox 2206 1687 3719 1760">
    <p class='ocr_par' dir='ltr' id='par_1_32' title="bbox 2206 1687 3719 1760">
     <span class='ocr_line' id='line_1_32' title="bbox 2206 1687 3719 1760; baseline -0.001 -15"><span class='ocrx_word' id='word_1_227' title='bbox 2206 1692 2409 1759; x_wconf 80' lang='grc' dir='ltr'>Κύριε,</span> <span class='ocrx_word' id='word_1_228' title='bbox 2429 1689 2620 1757; x_wconf 80' lang='grc' dir='ltr'>,ϐοηθέ</span> <span class='ocrx_word' id='word_1_229' title='bbox 2631 1708 2750 1760; x_wconf 80' lang='grc' dir='ltr'><strong>μου</strong></span> <span class='ocrx_word' id='word_1_230' title='bbox 2774 1690 2869 1743; x_wconf 77' lang='grc' dir='ltr'><strong>καὶ</strong></span> <span class='ocrx_word' id='word_1_231' title='bbox 2892 1689 3161 1758; x_wconf 77' lang='grc' dir='ltr'>λυτρωτὰ</span> <span class='ocrx_word' id='word_1_232' title='bbox 3178 1708 3316 1760; x_wconf 81' lang='grc' dir='ltr'>μου.</span> <span class='ocrx_word' id='word_1_233' title='bbox 3336 1689 3437 1743; x_wconf 89' lang='grc' dir='ltr'><strong>Σοῦ</strong></span> <span class='ocrx_word' id='word_1_234' title='bbox 3466 1687 3719 1760; x_wconf 71' lang='grc' dir='ltr'>βοηθοῦνο</span> 
     </span>
    </p>
   </div>
   <div class='ocr_carea' id='block_1_33' title="bbox 2128 1778 3720 1853">
    <p class='ocr_par' dir='ltr' id='par_1_33' title="bbox 2128 1778 3720 1853">
     <span class='ocr_line' id='line_1_33' title="bbox 2128 1778 3720 1853; baseline -0.001 -16"><span class='ocrx_word' id='word_1_235' title='bbox 2128 1800 2240 1848; x_wconf 81' lang='grc' dir='ltr'>τος,</span> <span class='ocrx_word' id='word_1_236' title='bbox 2265 1778 2311 1837; x_wconf 80' lang='grc' dir='ltr'><strong>ὦ</strong></span> <span class='ocrx_word' id='word_1_237' title='bbox 2347 1783 2603 1846; x_wconf 81' lang='grc' dir='ltr'>δέσποτα,</span> <span class='ocrx_word' id='word_1_238' title='bbox 2640 1782 2816 1837; x_wconf 80' lang='grc' dir='ltr'>οὐδενὶ</span> <span class='ocrx_word' id='word_1_239' title='bbox 2857 1783 3150 1836; x_wconf 82' lang='grc' dir='ltr'>ύποπίπτω</span> <span class='ocrx_word' id='word_1_240' title='bbox 3187 1782 3294 1835; x_wconf 90' lang='grc' dir='ltr'><strong>τῶν</strong></span> <span class='ocrx_word' id='word_1_241' title='bbox 3333 1781 3720 1853; x_wconf 84' lang='grc' dir='ltr'>πνευματικῶς</span> 
     </span>
    </p>
   </div>
   <div class='ocr_carea' id='block_1_34' title="bbox 430 1867 2021 1948">
    <p class='ocr_par' dir='ltr' id='par_1_34' title="bbox 430 1874 2021 1947">
     <span class='ocr_line' id='line_1_34' title="bbox 430 1874 2021 1947; baseline 0 -19"><span class='ocrx_word' id='word_1_242' title='bbox 430 1874 556 1931; x_wconf 86' lang='lat' dir='ltr'><strong>liter</strong></span> <span class='ocrx_word' id='word_1_243' title='bbox 583 1875 819 1932; x_wconf 88' lang='lat' dir='ltr'><strong>bellante</strong></span> <span class='ocrx_word' id='word_1_244' title='bbox 871 1886 1214 1947; x_wconf 88' lang='lat' dir='ltr'><strong>prosternar.</strong></span> <span class='ocrx_word' id='word_1_245' title='bbox 1248 1875 1403 1943; x_wconf 86' lang='lat' dir='ltr'><strong>Quod</strong></span> <span class='ocrx_word' id='word_1_246' title='bbox 1449 1877 1495 1932; x_wconf 90' lang='lat' dir='ltr'><strong>si</strong></span> <span class='ocrx_word' id='word_1_247' title='bbox 1543 1891 1678 1932; x_wconf 88' lang='lat' dir='ltr'><strong>casu</strong></span> <span class='ocrx_word' id='word_1_248' title='bbox 1711 1874 1935 1931; x_wconf 78' lang='lat' dir='ltr'><strong>eveniar</strong></span> <span class='ocrx_word' id='word_1_249' title='bbox 1961 1881 2021 1929; x_wconf 93' lang='lat' dir='ltr'><strong>ut</strong></span> 
     </span>
    </p>
   </div>
   <div class='ocr_carea' id='block_1_35' title="bbox 2123 1867 3718 1948">
    <p class='ocr_par' dir='ltr' id='par_1_35' title="bbox 2128 1874 3718 1948">
     <span class='ocr_line' id='line_1_35' title="bbox 2128 1874 3718 1948; baseline 0.001 -20"><span class='ocrx_word' id='word_1_250' title='bbox 2128 1874 2670 1947; x_wconf 82' lang='grc' dir='ltr'>προσπολεμούντων.</span> <span class='ocrx_word' id='word_1_251' title='bbox 2722 1875 2785 1928; x_wconf 81' lang='lat' dir='ltr'><strong>Ei</strong></span> <span class='ocrx_word' id='word_1_252' title='bbox 2823 1874 2881 1928; x_wconf 85' lang='grc' dir='ltr'>δὲ</span> <span class='ocrx_word' id='word_1_253' title='bbox 2919 1875 3011 1928; x_wconf 74' lang='grc' dir='ltr'><strong>καὶ</strong></span> <span class='ocrx_word' id='word_1_254' title='bbox 3057 1876 3184 1947; x_wconf 83' lang='grc' dir='ltr'>παρ’</span> <span class='ocrx_word' id='word_1_255' title='bbox 3216 1875 3354 1947; x_wconf 78' lang='grc' dir='ltr'>ἐμὴν</span> <span class='ocrx_word' id='word_1_256' title='bbox 3388 1875 3718 1948; x_wconf 73' lang='grc' dir='ltr'>ἀπροσεξίαν</span> 
     </span>
    </p>
   </div>
   <div class='ocr_carea' id='block_1_36' title="bbox 431 1965 2021 2055">
    <p class='ocr_par' dir='ltr' id='par_1_36' title="bbox 431 1965 2018 2038">
     <span class='ocr_line' id='line_1_36' title="bbox 431 1965 2018 2038; baseline 0.001 -19"><span class='ocrx_word' id='word_1_257' title='bbox 431 1965 933 2025; x_wconf 88' lang='lat' dir='ltr'><strong>inconsideratione</strong></span> <span class='ocrx_word' id='word_1_258' title='bbox 971 1984 1093 2024; x_wconf 89' lang='lat' dir='ltr'><strong>mea</strong></span> <span class='ocrx_word' id='word_1_259' title='bbox 1126 1969 1195 2023; x_wconf 91' lang='lat' dir='ltr'><strong>ab</strong></span> <span class='ocrx_word' id='word_1_260' title='bbox 1228 1967 1557 2023; x_wconf 82' lang='lat' dir='ltr'><strong>adversariis</strong></span> <span class='ocrx_word' id='word_1_261' title='bbox 1591 1967 1926 2038; x_wconf 87' lang='lat' dir='ltr'><strong>intercipiat,</strong></span> <span class='ocrx_word' id='word_1_262' title='bbox 1959 1974 2018 2021; x_wconf 89' lang='lat' dir='ltr'><strong>tu</strong></span> 
     </span>
    </p>
   </div>
   <div class='ocr_carea' id='block_1_37' title="bbox 2123 1965 3722 2055">
    <p class='ocr_par' dir='ltr' id='par_1_37' title="bbox 2123 1967 3722 2055">
     <span class='ocr_line' id='line_1_37' title="bbox 2123 1967 3722 2055; baseline -0.001 -34"><span class='ocrx_word' id='word_1_263' title='bbox 2123 1967 2324 2023; x_wconf 85' lang='grc' dir='ltr'>ἁλῶναι</span> <span class='ocrx_word' id='word_1_264' title='bbox 2345 1970 2459 2031; x_wconf 84' lang='grc' dir='ltr'>τοῖς</span> <span class='ocrx_word' id='word_1_265' title='bbox 2482 1967 2745 2031; x_wconf 78' lang='grc' dir='ltr'>ἐναντίοις</span> <span class='ocrx_word' id='word_1_266' title='bbox 2771 1967 2976 2039; x_wconf 79' lang='grc' dir='ltr'>συμϐῇ,</span> <span class='ocrx_word' id='word_1_267' title='bbox 3004 1968 3067 2021; x_wconf 86' lang='grc' dir='ltr'><strong>σύ</strong></span> <span class='ocrx_word' id='word_1_268' title='bbox 3087 1984 3169 2055; x_wconf 75' lang='grc' dir='ltr'><strong>⁸με</strong></span> <span class='ocrx_word' id='word_1_269' title='bbox 3194 1969 3259 2021; x_wconf 80' lang='grc' dir='ltr'>ἐκ</span> <span class='ocrx_word' id='word_1_270' title='bbox 3283 1967 3392 2023; x_wconf 84' lang='grc' dir='ltr'><strong>τῶν</strong></span> <span class='ocrx_word' id='word_1_271' title='bbox 3419 1969 3722 2040; x_wconf 72' lang='grc' dir='ltr'>κρατησάν.</span> 
     </span>
    </p>
   </div>
   <div class='ocr_carea' id='block_1_38' title="bbox 428 2057 2021 2134">
    <p class='ocr_par' dir='ltr' id='par_1_38' title="bbox 428 2057 2020 2130">
     <span class='ocr_line' id='line_1_38' title="bbox 428 2057 2020 2130; baseline 0 -15"><span class='ocrx_word' id='word_1_272' title='bbox 428 2074 516 2115; x_wconf 83' lang='lat' dir='ltr'><strong>me</strong></span> <span class='ocrx_word' id='word_1_273' title='bbox 547 2075 579 2117; x_wconf 91' lang='lat' dir='ltr'><strong>e</strong></span> <span class='ocrx_word' id='word_1_274' title='bbox 606 2062 861 2120; x_wconf 90' lang='lat' dir='ltr'><strong>manibus</strong></span> <span class='ocrx_word' id='word_1_275' title='bbox 889 2077 1081 2118; x_wconf 85' lang='lat' dir='ltr'><strong>eorum</strong></span> <span class='ocrx_word' id='word_1_276' title='bbox 1114 2062 1389 2125; x_wconf 88' lang='lat' dir='ltr'><strong>redimas,</strong></span> <span class='ocrx_word' id='word_1_277' title='bbox 1424 2060 1518 2130; x_wconf 89' lang='lat' dir='ltr'><strong>qui</strong></span> <span class='ocrx_word' id='word_1_278' title='bbox 1556 2074 1667 2114; x_wconf 89' lang='lat' dir='ltr'><strong>una</strong></span> <span class='ocrx_word' id='word_1_279' title='bbox 1707 2057 1927 2129; x_wconf 86' lang='lat' dir='ltr'><strong>adjutor</strong></span> <span class='ocrx_word' id='word_1_280' title='bbox 1955 2075 2020 2115; x_wconf 92' lang='lat' dir='ltr'><strong>ac</strong></span> 
     </span>
    </p>
   </div>
   <div class='ocr_carea' id='block_1_39' title="bbox 2123 2057 3720 2134">
    <p class='ocr_par' dir='ltr' id='par_1_39' title="bbox 2123 2058 3720 2134">
     <span class='ocr_line' id='line_1_39' title="bbox 2123 2058 3720 2134; baseline 0.002 -20"><span class='ocrx_word' id='word_1_281' title='bbox 2123 2077 2227 2114; x_wconf 87' lang='grc' dir='ltr'><strong>των</strong></span> <span class='ocrx_word' id='word_1_282' title='bbox 2255 2058 2565 2133; x_wconf 85' lang='grc' dir='ltr'>λυτροῦσαι,</span> <span class='ocrx_word' id='word_1_283' title='bbox 2608 2058 2727 2131; x_wconf 74' lang='grc' dir='ltr'><strong>ἅμα</strong></span> <span class='ocrx_word' id='word_1_284' title='bbox 2775 2058 2968 2130; x_wconf 78' lang='grc' dir='ltr'>βοηθὸς</span> <span class='ocrx_word' id='word_1_285' title='bbox 3014 2060 3109 2113; x_wconf 77' lang='grc' dir='ltr'><strong>καὶ</strong></span> <span class='ocrx_word' id='word_1_286' title='bbox 3148 2060 3428 2134; x_wconf 80' lang='grc' dir='ltr'>λυτρωτὴς</span> <span class='ocrx_word' id='word_1_287' title='bbox 3467 2063 3720 2132; x_wconf 80' lang='grc' dir='ltr'>εὑρισκό-</span> 
     </span>
    </p>
   </div>
   <div class='ocr_carea' id='block_1_40' title="bbox 429 2153 1381 2225">
    <p class='ocr_par' dir='ltr' id='par_1_40' title="bbox 429 2153 1381 2225">
     <span class='ocr_line' id='line_1_40' title="bbox 429 2153 1381 2225; baseline 0.002 -20"><span class='ocrx_word' id='word_1_288' title='bbox 429 2153 745 2223; x_wconf 89' lang='lat' dir='ltr'><strong>redemptor</strong></span> <span class='ocrx_word' id='word_1_289' title='bbox 775 2170 900 2211; x_wconf 90' lang='lat' dir='ltr'><strong>esse</strong></span> <span class='ocrx_word' id='word_1_290' title='bbox 929 2153 1381 2225; x_wconf 88' lang='lat' dir='ltr'><strong>deprehenderis.</strong></span> 
     </span>
    </p>
   </div>
   <div class='ocr_carea' id='block_1_41' title="bbox 576 2262 1875 2332">
    <p class='ocr_par' dir='ltr' id='par_1_41' title="bbox 576 2262 1875 2332">
     <span class='ocr_line' id='line_1_41' title="bbox 576 2262 1875 2332; baseline -0.001 -13"><span class='ocrx_word' id='word_1_291' title='bbox 576 2266 629 2320; x_wconf 77' lang='grc'>1.</span> <span class='ocrx_word' id='word_1_292' title='bbox 678 2265 749 2320; x_wconf 76' lang='lat' dir='ltr'><strong>IN</strong></span> <span class='ocrx_word' id='word_1_293' title='bbox 787 2266 1043 2332; x_wconf 80' lang='lat' dir='ltr'><strong>FINEM,</strong></span> <span class='ocrx_word' id='word_1_294' title='bbox 1093 2263 1421 2321; x_wconf 69' lang='lat' dir='ltr'><strong>PbALMUS</strong></span> <span class='ocrx_word' id='word_1_295' title='bbox 1468 2263 1681 2320; x_wconf 77' lang='lat' dir='ltr'><strong>DAVID</strong></span> <span class='ocrx_word' id='word_1_296' title='bbox 1728 2262 1875 2319; x_wconf 78' lang='lat' dir='ltr'><strong>XIX.</strong></span> 
     </span>
    </p>
   </div>
   <div class='ocr_carea' id='block_1_42' title="bbox 504 2356 2021 2413">
    <p class='ocr_par' dir='ltr' id='par_1_42' title="bbox 504 2356 2021 2413">
     <span class='ocr_line' id='line_1_42' title="bbox 504 2356 2021 2413; baseline -0.001 -2"><span class='ocrx_word' id='word_1_297' title='bbox 504 2356 676 2413; x_wconf 71' lang='lat' dir='ltr'><strong>Vsus.</strong></span> <span class='ocrx_word' id='word_1_298' title='bbox 728 2358 804 2412; x_wconf 76' lang='lat'><strong>2-</strong></span> <span class='ocrx_word' id='word_1_299' title='bbox 835 2358 890 2413; x_wconf 75' lang='grc'>4.</span> <span class='ocrx_word' id='word_1_300' title='bbox 930 2357 1207 2412; x_wconf 74' lang='lat' dir='ltr'><strong>Exaudiat</strong></span> <span class='ocrx_word' id='word_1_301' title='bbox 1238 2366 1285 2411; x_wconf 89' lang='lat' dir='ltr'><strong>te</strong></span> <span class='ocrx_word' id='word_1_302' title='bbox 1319 2357 1581 2413; x_wconf 93' lang='lat' dir='ltr'><strong>Dominus</strong></span> <span class='ocrx_word' id='word_1_303' title='bbox 1618 2358 1676 2412; x_wconf 89' lang='lat' dir='ltr'><strong>in</strong></span> <span class='ocrx_word' id='word_1_304' title='bbox 1720 2358 1806 2411; x_wconf 86' lang='lat' dir='ltr'><strong>die</strong></span> <span class='ocrx_word' id='word_1_305' title='bbox 1852 2356 2021 2411; x_wconf 85' lang='lat' dir='ltr'><strong>tribu-</strong></span> 
     </span>
    </p>
   </div>
   <div class='ocr_carea' id='block_1_43' title="bbox 434 2448 2021 2521">
    <p class='ocr_par' dir='ltr' id='par_1_43' title="bbox 434 2448 2021 2521">
     <span class='ocr_line' id='line_1_43' title="bbox 434 2448 2021 2521; baseline 0 -19"><span class='ocrx_word' id='word_1_306' title='bbox 434 2448 685 2515; x_wconf 85' lang='lat' dir='ltr'><strong>lationis,</strong></span> <span class='ocrx_word' id='word_1_307' title='bbox 735 2459 975 2521; x_wconf 81' lang='lat' dir='ltr'><strong>protegat</strong></span> <span class='ocrx_word' id='word_1_308' title='bbox 1012 2459 1058 2505; x_wconf 92' lang='lat' dir='ltr'><strong>te</strong></span> <span class='ocrx_word' id='word_1_309' title='bbox 1105 2467 1291 2507; x_wconf 84' lang='lat' dir='ltr'><strong>nomen</strong></span> <span class='ocrx_word' id='word_1_310' title='bbox 1336 2450 1435 2505; x_wconf 87' lang='lat' dir='ltr'><strong>Dei</strong></span> <span class='ocrx_word' id='word_1_311' title='bbox 1487 2450 1678 2507; x_wconf 82' lang='lat' dir='ltr'><strong>Jacob.</strong></span> <span class='ocrx_word' id='word_1_312' title='bbox 1707 2449 1892 2504; x_wconf 74' lang='lat' dir='ltr'><strong>Mittat</strong></span> <span class='ocrx_word' id='word_1_313' title='bbox 1927 2449 2021 2503; x_wconf 86' lang='lat' dir='ltr'><strong>tibi</strong></span> 
     </span>
    </p>
   </div>
   <div class='ocr_carea' id='block_1_44' title="bbox 432 2539 2020 2608">
    <p class='ocr_par' dir='ltr' id='par_1_44' title="bbox 432 2539 2020 2608">
     <span class='ocr_line' id='line_1_44' title="bbox 432 2539 2020 2608; baseline 0.002 -16"><span class='ocrx_word' id='word_1_314' title='bbox 432 2539 699 2595; x_wconf 72' lang='lat' dir='ltr'><strong>auxilium</strong></span> <span class='ocrx_word' id='word_1_315' title='bbox 717 2542 783 2596; x_wconf 86' lang='lat' dir='ltr'><strong>de</strong></span> <span class='ocrx_word' id='word_1_316' title='bbox 801 2552 1007 2608; x_wconf 87' lang='lat' dir='ltr'><strong>sancto,</strong></span> <span class='ocrx_word' id='word_1_317' title='bbox 1030 2552 1081 2597; x_wconf 86' lang='lat' dir='ltr'><strong>ct</strong></span> <span class='ocrx_word' id='word_1_318' title='bbox 1111 2542 1175 2597; x_wconf 87' lang='lat' dir='ltr'><strong>de</strong></span> <span class='ocrx_word' id='word_1_319' title='bbox 1210 2543 1341 2597; x_wconf 75' lang='lat' dir='ltr'><strong>Sion</strong></span> <span class='ocrx_word' id='word_1_320' title='bbox 1371 2552 1586 2597; x_wconf 84' lang='lat' dir='ltr'><strong>tueatur</strong></span> <span class='ocrx_word' id='word_1_321' title='bbox 1619 2553 1685 2597; x_wconf 89' lang='lat' dir='ltr'><strong>te.</strong></span> <span class='ocrx_word' id='word_1_322' title='bbox 1718 2540 1924 2597; x_wconf 81' lang='lat' dir='ltr'><strong>Memor</strong></span> <span class='ocrx_word' id='word_1_323' title='bbox 1952 2542 2020 2596; x_wconf 91' lang='lat' dir='ltr'><strong>sit</strong></span> 
     </span>
    </p>
   </div>
   <div class='ocr_carea' id='block_1_45' title="bbox 431 2634 2017 2707">
    <p class='ocr_par' dir='ltr' id='par_1_45' title="bbox 431 2634 2017 2707">
     <span class='ocr_line' id='line_1_45' title="bbox 431 2634 2017 2707; baseline 0.003 -21"><span class='ocrx_word' id='word_1_324' title='bbox 431 2634 605 2687; x_wconf 89' lang='lat' dir='ltr'><strong>omnis</strong></span> <span class='ocrx_word' id='word_1_325' title='bbox 627 2635 884 2704; x_wconf 82' lang='lat' dir='ltr'><strong>sacriﬁcii</strong></span> <span class='ocrx_word' id='word_1_326' title='bbox 917 2636 1016 2700; x_wconf 89' lang='lat' dir='ltr'><strong>tui,</strong></span> <span class='ocrx_word' id='word_1_327' title='bbox 1036 2644 1086 2690; x_wconf 88' lang='lat' dir='ltr'><strong>et</strong></span> <span class='ocrx_word' id='word_1_328' title='bbox 1110 2636 1481 2691; x_wconf 72' lang='lat' dir='ltr'><strong>holocaustum</strong></span> <span class='ocrx_word' id='word_1_329' title='bbox 1512 2645 1661 2690; x_wconf 89' lang='lat' dir='ltr'><strong>tuum</strong></span> <span class='ocrx_word' id='word_1_330' title='bbox 1689 2637 1880 2707; x_wconf 86' lang='lat' dir='ltr'><strong>pingue</strong></span> <span class='ocrx_word' id='word_1_331' title='bbox 1899 2636 2017 2705; x_wconf 82' lang='lat' dir='ltr'><strong>ﬁat.</strong></span> 
     </span>
    </p>
   </div>
   <div class='ocr_carea' id='block_1_46' title="bbox 431 2725 2019 2799">
    <p class='ocr_par' dir='ltr' id='par_1_46' title="bbox 431 2725 2019 2799">
     <span class='ocr_line' id='line_1_46' title="bbox 431 2725 2019 2799; baseline -0.001 -17"><span class='ocrx_word' id='word_1_332' title='bbox 431 2726 771 2798; x_wconf 88' lang='lat' dir='ltr'><strong>Diapsalma.</strong></span> <span class='ocrx_word' id='word_1_333' title='bbox 807 2727 1061 2784; x_wconf 89' lang='lat' dir='ltr'><strong>Psalmus</strong></span> <span class='ocrx_word' id='word_1_334' title='bbox 1092 2728 1312 2799; x_wconf 87' lang='lat' dir='ltr'><strong>quidem</strong></span> <span class='ocrx_word' id='word_1_335' title='bbox 1337 2768 1352 2793; x_wconf 92' lang='lat'><strong>,</strong></span> <span class='ocrx_word' id='word_1_336' title='bbox 1388 2734 1451 2783; x_wconf 86' lang='lat' dir='ltr'><strong>ut</strong></span> <span class='ocrx_word' id='word_1_337' title='bbox 1497 2728 1860 2799; x_wconf 81' lang='lat' dir='ltr'><strong>inscriptione</strong></span> <span class='ocrx_word' id='word_1_338' title='bbox 1906 2725 2019 2782; x_wconf 80' lang='lat' dir='ltr'><strong>fer-</strong></span> 
     </span>
    </p>
   </div>
   <div class='ocr_carea' id='block_1_47' title="bbox 431 2819 2019 2890">
    <p class='ocr_par' dir='ltr' id='par_1_47' title="bbox 431 2819 2019 2890">
     <span class='ocr_line' id='line_1_47' title="bbox 431 2819 2019 2890; baseline -0.001 -16"><span class='ocrx_word' id='word_1_339' title='bbox 431 2828 545 2886; x_wconf 89' lang='lat' dir='ltr'><strong>tur,</strong></span> <span class='ocrx_word' id='word_1_340' title='bbox 576 2819 770 2876; x_wconf 87' lang='lat' dir='ltr'><strong>Davidi</strong></span> <span class='ocrx_word' id='word_1_341' title='bbox 800 2819 1120 2875; x_wconf 88' lang='lat' dir='ltr'><strong>attribuitur</strong></span> <span class='ocrx_word' id='word_1_342' title='bbox 1146 2839 1159 2874; x_wconf 91' lang='lat'><strong>:</strong></span> <span class='ocrx_word' id='word_1_343' title='bbox 1192 2822 1378 2875; x_wconf 89' lang='lat' dir='ltr'><strong>animo</strong></span> <span class='ocrx_word' id='word_1_344' title='bbox 1405 2826 1591 2876; x_wconf 88' lang='lat' dir='ltr'><strong>autem</strong></span> <span class='ocrx_word' id='word_1_345' title='bbox 1619 2828 1864 2890; x_wconf 85' lang='lat' dir='ltr'><strong>reputes,</strong></span> <span class='ocrx_word' id='word_1_346' title='bbox 1888 2834 2019 2874; x_wconf 89' lang='lat' dir='ltr'><strong>num</strong></span> 
     </span>
    </p>
   </div>
   <div class='ocr_carea' id='block_1_48' title="bbox 434 2910 2021 2981">
    <p class='ocr_par' dir='ltr' id='par_1_48' title="bbox 434 2910 2021 2981">
     <span class='ocr_line' id='line_1_48' title="bbox 434 2910 2021 2981; baseline -0.001 -14"><span class='ocrx_word' id='word_1_347' title='bbox 434 2912 482 2967; x_wconf 88' lang='lat' dir='ltr'><strong>si</strong></span> <span class='ocrx_word' id='word_1_348' title='bbox 514 2911 744 2968; x_wconf 81' lang='lat' dir='ltr'><strong>historia</strong></span> <span class='ocrx_word' id='word_1_349' title='bbox 775 2917 1075 2975; x_wconf 85' lang='lat' dir='ltr'><strong>snectetur,</strong></span> <span class='ocrx_word' id='word_1_350' title='bbox 1106 2911 1215 2965; x_wconf 88' lang='lat' dir='ltr'><strong>alia</strong></span> <span class='ocrx_word' id='word_1_351' title='bbox 1246 2912 1318 2967; x_wconf 89' lang='lat' dir='ltr'><strong>sit</strong></span> <span class='ocrx_word' id='word_1_352' title='bbox 1334 2910 1643 2981; x_wconf 88' lang='lat' dir='ltr'><strong>cujuspiam</strong></span> <span class='ocrx_word' id='word_1_353' title='bbox 1677 2910 1877 2974; x_wconf 90' lang='lat' dir='ltr'><strong>oratio,</strong></span> <span class='ocrx_word' id='word_1_354' title='bbox 1899 2924 2021 2981; x_wconf 64' lang='lat' dir='ltr'><strong>quae</strong></span> 
     </span>
    </p>
   </div>
   <div class='ocr_carea' id='block_1_49' title="bbox 432 3000 2023 3074">
    <p class='ocr_par' dir='ltr' id='par_1_49' title="bbox 432 3000 2023 3074">
     <span class='ocr_line' id='line_1_49' title="bbox 432 3000 2023 3074; baseline -0.001 -16"><span class='ocrx_word' id='word_1_355' title='bbox 432 3003 659 3061; x_wconf 84' lang='lat' dir='ltr'><strong>Davidis</strong></span> <span class='ocrx_word' id='word_1_356' title='bbox 689 3004 1153 3074; x_wconf 76' lang='lat' dir='ltr'><strong>supplicationum</strong></span> <span class='ocrx_word' id='word_1_357' title='bbox 1198 3002 1442 3072; x_wconf 70' lang='lat' dir='ltr'><strong>adiutrix</strong></span> <span class='ocrx_word' id='word_1_358' title='bbox 1472 3003 1565 3058; x_wconf 91' lang='lat' dir='ltr'><strong>sit.</strong></span> <span class='ocrx_word' id='word_1_359' title='bbox 1598 3000 1703 3067; x_wconf 84' lang='lat' dir='ltr'><strong>Qui</strong></span> <span class='ocrx_word' id='word_1_360' title='bbox 1732 3000 1902 3057; x_wconf 70' lang='lat' dir='ltr'><strong>David</strong></span> <span class='ocrx_word' id='word_1_361' title='bbox 1931 3017 2023 3057; x_wconf 80' lang='grc' dir='ltr'><strong>ι·ο⁴</strong></span> 
     </span>
    </p>
   </div>
   <div class='ocr_carea' id='block_1_50' title="bbox 438 3089 2023 3165">
    <p class='ocr_par' dir='ltr' id='par_1_50' title="bbox 438 3089 2023 3165">
     <span class='ocr_line' id='line_1_50' title="bbox 438 3089 2023 3165; baseline -0.001 -18"><span class='ocrx_word' id='word_1_362' title='bbox 438 3100 532 3165; x_wconf 90' lang='lat' dir='ltr'><strong>gat</strong></span> <span class='ocrx_word' id='word_1_363' title='bbox 552 3094 938 3162; x_wconf 87' lang='lat' dir='ltr'><strong>obsecratque,</strong></span> <span class='ocrx_word' id='word_1_364' title='bbox 971 3101 1033 3147; x_wconf 91' lang='lat' dir='ltr'><strong>ut</strong></span> <span class='ocrx_word' id='word_1_365' title='bbox 1059 3092 1205 3158; x_wconf 74' lang='lat' dir='ltr'><strong>Deus</strong></span> <span class='ocrx_word' id='word_1_366' title='bbox 1234 3089 1340 3146; x_wconf 90' lang='lat' dir='ltr'><strong>sibi</strong></span> <span class='ocrx_word' id='word_1_367' title='bbox 1371 3098 1619 3147; x_wconf 84' lang='lat' dir='ltr'><strong>servator</strong></span> <span class='ocrx_word' id='word_1_368' title='bbox 1648 3091 1906 3157; x_wconf 87' lang='lat' dir='ltr'><strong>assistat,</strong></span> <span class='ocrx_word' id='word_1_369' title='bbox 1956 3105 2023 3146; x_wconf 90' lang='lat' dir='ltr'><strong>ac</strong></span> 
     </span>
    </p>
   </div>
   <div class='ocr_carea' id='block_1_51' title="bbox 434 3182 2094 3280">
    <p class='ocr_par' dir='ltr' id='par_1_51' title="bbox 434 3182 2094 3280">
     <span class='ocr_line' id='line_1_51' title="bbox 434 3182 2094 3280; baseline -0.004 -38"><span class='ocrx_word' id='word_1_370' title='bbox 434 3196 624 3242; x_wconf 85' lang='lat' dir='ltr'><strong>contra</strong></span> <span class='ocrx_word' id='word_1_371' title='bbox 650 3184 906 3241; x_wconf 89' lang='lat' dir='ltr'><strong>inimicos</strong></span> <span class='ocrx_word' id='word_1_372' title='bbox 940 3199 1130 3241; x_wconf 90' lang='lat' dir='ltr'><strong>secum</strong></span> <span class='ocrx_word' id='word_1_373' title='bbox 1161 3183 1428 3240; x_wconf 88' lang='lat' dir='ltr'><strong>decertet.</strong></span> <span class='ocrx_word' id='word_1_374' title='bbox 1463 3182 1776 3239; x_wconf 84' lang='lat' dir='ltr'><strong>Verisimile</strong></span> <span class='ocrx_word' id='word_1_375' title='bbox 1818 3183 2024 3254; x_wconf 91' lang='lat' dir='ltr'><strong>quippe</strong></span> <span class='ocrx_word' id='word_1_376' title='bbox 2050 3222 2094 3280; x_wconf 65' lang='grc' dir='ltr'>Ο</span> 
     </span>
    </p>
   </div>
   <div class='ocr_carea' id='block_1_52' title="bbox 431 3275 2023 3346">
    <p class='ocr_par' dir='ltr' id='par_1_52' title="bbox 431 3275 2023 3346">
     <span class='ocr_line' id='line_1_52' title="bbox 431 3275 2023 3346; baseline -0.003 -11"><span class='ocrx_word' id='word_1_377' title='bbox 431 3287 540 3346; x_wconf 88' lang='lat' dir='ltr'><strong>est,</strong></span> <span class='ocrx_word' id='word_1_378' title='bbox 570 3278 622 3335; x_wconf 90' lang='lat' dir='ltr'><strong>ei</strong></span> <span class='ocrx_word' id='word_1_379' title='bbox 650 3276 740 3334; x_wconf 86' lang='lat' dir='ltr'><strong>his</strong></span> <span class='ocrx_word' id='word_1_380' title='bbox 780 3276 1123 3333; x_wconf 83' lang='lat' dir='ltr'><strong>incumbenti</strong></span> <span class='ocrx_word' id='word_1_381' title='bbox 1151 3276 1385 3332; x_wconf 87' lang='lat' dir='ltr'><strong>chorum</strong></span> <span class='ocrx_word' id='word_1_382' title='bbox 1425 3284 1745 3330; x_wconf 90' lang='lat' dir='ltr'><strong>sanctorum</strong></span> <span class='ocrx_word' id='word_1_383' title='bbox 1793 3275 2023 3346; x_wconf 87' lang='lat' dir='ltr'><strong>angelo-</strong></span> 
     </span>
    </p>
   </div>
   <div class='ocr_carea' id='block_1_53' title="bbox 430 3366 2022 3442">
    <p class='ocr_par' dir='ltr' id='par_1_53' title="bbox 430 3366 2022 3442">
     <span class='ocr_line' id='line_1_53' title="bbox 430 3366 2022 3442; baseline -0.003 -15"><span class='ocrx_word' id='word_1_384' title='bbox 430 3385 577 3434; x_wconf 87' lang='lat' dir='ltr'><strong>rum,</strong></span> <span class='ocrx_word' id='word_1_385' title='bbox 599 3370 984 3442; x_wconf 77' lang='lat' dir='ltr'><strong>religiosorum</strong></span> <span class='ocrx_word' id='word_1_386' title='bbox 1015 3369 1323 3431; x_wconf 88' lang='lat' dir='ltr'><strong>hominum.</strong></span> <span class='ocrx_word' id='word_1_387' title='bbox 1352 3382 1750 3438; x_wconf 89' lang='lat' dir='ltr'><strong>sacrorumque</strong></span> <span class='ocrx_word' id='word_1_388' title='bbox 1775 3366 1871 3423; x_wconf 89' lang='lat' dir='ltr'><strong>Dei</strong></span> <span class='ocrx_word' id='word_1_389' title='bbox 1915 3367 2022 3422; x_wconf 84' lang='lat' dir='ltr'><strong>mi-</strong></span> 
     </span>
    </p>
   </div>
   <div class='ocr_carea' id='block_1_54' title="bbox 429 3458 2025 3531">
    <p class='ocr_par' dir='ltr' id='par_1_54' title="bbox 429 3458 2025 3531">
     <span class='ocr_line' id='line_1_54' title="bbox 429 3458 2025 3531; baseline -0.003 -13"><span class='ocrx_word' id='word_1_390' title='bbox 429 3463 736 3520; x_wconf 87' lang='lat' dir='ltr'><strong>nistrorum</strong></span> <span class='ocrx_word' id='word_1_391' title='bbox 784 3462 999 3526; x_wconf 87' lang='lat' dir='ltr'><strong>adesse,</strong></span> <span class='ocrx_word' id='word_1_392' title='bbox 1033 3477 1143 3522; x_wconf 86' lang='lat' dir='ltr'><strong>una</strong></span> <span class='ocrx_word' id='word_1_393' title='bbox 1173 3476 1300 3515; x_wconf 89' lang='lat' dir='ltr'><strong>cum</strong></span> <span class='ocrx_word' id='word_1_394' title='bbox 1348 3460 1444 3515; x_wconf 90' lang='lat' dir='ltr'><strong>illo</strong></span> <span class='ocrx_word' id='word_1_395' title='bbox 1489 3458 1746 3531; x_wconf 89' lang='lat' dir='ltr'><strong>precari,</strong></span> <span class='ocrx_word' id='word_1_396' title='bbox 1799 3467 1854 3515; x_wconf 90' lang='lat' dir='ltr'><strong>et</strong></span> <span class='ocrx_word' id='word_1_397' title='bbox 1909 3458 2025 3514; x_wconf 65' lang='lat' dir='ltr'><strong>haec</strong></span> 
     </span>
    </p>
   </div>
   <div class='ocr_carea' id='block_1_55' title="bbox 433 3549 2025 3626">
    <p class='ocr_par' dir='ltr' id='par_1_55' title="bbox 433 3549 2025 3626">
     <span class='ocr_line' id='line_1_55' title="bbox 433 3549 2025 3626; baseline -0.003 -16"><span class='ocrx_word' id='word_1_398' title='bbox 433 3556 624 3612; x_wconf 67' lang='lat' dir='ltr'><strong>omnia</strong></span> <span class='ocrx_word' id='word_1_399' title='bbox 653 3556 818 3612; x_wconf 87' lang='lat' dir='ltr'><strong>simul</strong></span> <span class='ocrx_word' id='word_1_400' title='bbox 851 3553 1100 3626; x_wconf 82' lang='lat' dir='ltr'><strong>proferre</strong></span> <span class='ocrx_word' id='word_1_401' title='bbox 1130 3573 1143 3608; x_wconf 87' lang='lat'>:</span> <span class='ocrx_word' id='word_1_402' title='bbox 1187 3550 1462 3606; x_wconf 73' lang='lat' dir='ltr'><strong>Exaudiat</strong></span> <span class='ocrx_word' id='word_1_403' title='bbox 1493 3562 1541 3605; x_wconf 90' lang='lat' dir='ltr'><strong>te</strong></span> <span class='ocrx_word' id='word_1_404' title='bbox 1569 3549 1827 3606; x_wconf 86' lang='lat' dir='ltr'><strong>Dominus</strong></span> <span class='ocrx_word' id='word_1_405' title='bbox 1852 3552 1908 3605; x_wconf 91' lang='lat' dir='ltr'><strong>in</strong></span> <span class='ocrx_word' id='word_1_406' title='bbox 1940 3551 2025 3605; x_wconf 85' lang='lat' dir='ltr'><strong>die</strong></span> 
     </span>
    </p>
   </div>
   <div class='ocr_carea' id='block_1_56' title="bbox 432 3639 2025 3714">
    <p class='ocr_par' dir='ltr' id='par_1_56' title="bbox 432 3639 2025 3714">
     <span class='ocr_line' id='line_1_56' title="bbox 432 3639 2025 3714; baseline -0.006 -11"><span class='ocrx_word' id='word_1_407' title='bbox 432 3647 821 3710; x_wconf 81' lang='lat' dir='ltr'><strong>tribulationis,</strong></span> <span class='ocrx_word' id='word_1_408' title='bbox 838 3655 1121 3712; x_wconf 68' lang='lat' dir='ltr'><strong>etcaztera;</strong></span> <span class='ocrx_word' id='word_1_409' title='bbox 1146 3652 1312 3714; x_wconf 88' lang='lat' dir='ltr'><strong>atque</strong></span> <span class='ocrx_word' id='word_1_410' title='bbox 1327 3642 1458 3697; x_wconf 91' lang='lat' dir='ltr'><strong>illud</strong></span> <span class='ocrx_word' id='word_1_411' title='bbox 1482 3642 1648 3697; x_wconf 88' lang='lat' dir='ltr'><strong>item:</strong></span> <span class='ocrx_word' id='word_1_412' title='bbox 1676 3640 1747 3694; x_wconf 88' lang='lat' dir='ltr'><strong>Et</strong></span> <span class='ocrx_word' id='word_1_413' title='bbox 1774 3640 1914 3695; x_wconf 77' lang='lat' dir='ltr'><strong>adsit</strong></span> <span class='ocrx_word' id='word_1_414' title='bbox 1930 3639 2025 3693; x_wconf 84' lang='lat' dir='ltr'><strong>tibi</strong></span> 
     </span>
    </p>
   </div>
   <div class='ocr_carea' id='block_1_57' title="bbox 440 3735 2023 3798">
    <p class='ocr_par' dir='ltr' id='par_1_57' title="bbox 440 3735 2023 3798">
     <span class='ocr_line' id='line_1_57' title="bbox 440 3735 2023 3798; baseline -0.005 -1"><span class='ocrx_word' id='word_1_415' title='bbox 440 3758 629 3798; x_wconf 85' lang='lat' dir='ltr'><strong>nomen</strong></span> <span class='ocrx_word' id='word_1_416' title='bbox 661 3740 760 3795; x_wconf 86' lang='lat' dir='ltr'><strong>Dei</strong></span> <span class='ocrx_word' id='word_1_417' title='bbox 785 3738 976 3794; x_wconf 77' lang='lat' dir='ltr'><strong>Iacob.</strong></span> <span class='ocrx_word' id='word_1_418' title='bbox 1023 3738 1122 3793; x_wconf 87' lang='lat' dir='ltr'><strong>Est</strong></span> <span class='ocrx_word' id='word_1_419' title='bbox 1159 3737 1311 3792; x_wconf 88' lang='lat' dir='ltr'><strong>enim</strong></span> <span class='ocrx_word' id='word_1_420' title='bbox 1345 3736 1472 3792; x_wconf 87' lang='lat' dir='ltr'><strong>talis</strong></span> <span class='ocrx_word' id='word_1_421' title='bbox 1495 3735 1773 3791; x_wconf 83' lang='lat' dir='ltr'><strong>invocatio</strong></span> <span class='ocrx_word' id='word_1_422' title='bbox 1793 3742 1849 3791; x_wconf 89' lang='lat' dir='ltr'><strong>et</strong></span> <span class='ocrx_word' id='word_1_423' title='bbox 1877 3750 2023 3791; x_wconf 87' lang='lat' dir='ltr'><strong>com-</strong></span> 
     </span>
    </p>
   </div>
   <div class='ocr_carea' id='block_1_58' title="bbox 431 3826 2022 3908">
    <p class='ocr_par' dir='ltr' id='par_1_58' title="bbox 431 3826 2022 3908">
     <span class='ocr_line' id='line_1_58' title="bbox 431 3826 2022 3908; baseline -0.004 -20"><span class='ocrx_word' id='word_1_424' title='bbox 431 3835 655 3908; x_wconf 87' lang='lat' dir='ltr'><strong>pellatio</strong></span> <span class='ocrx_word' id='word_1_425' title='bbox 689 3834 757 3888; x_wconf 87' lang='lat' dir='ltr'><strong>ad</strong></span> <span class='ocrx_word' id='word_1_426' title='bbox 805 3829 1209 3905; x_wconf 86' lang='lat' dir='ltr'><strong>propulsandos</strong></span> <span class='ocrx_word' id='word_1_427' title='bbox 1226 3844 1418 3885; x_wconf 90' lang='lat' dir='ltr'><strong>omnes</strong></span> <span class='ocrx_word' id='word_1_428' title='bbox 1438 3827 1696 3883; x_wconf 88' lang='lat' dir='ltr'><strong>inimicos</strong></span> <span class='ocrx_word' id='word_1_429' title='bbox 1712 3828 1869 3884; x_wconf 86' lang='lat' dir='ltr'><strong>satis.</strong></span> <span class='ocrx_word' id='word_1_430' title='bbox 1894 3826 2022 3882; x_wconf 84' lang='lat' dir='ltr'><strong>Haec</strong></span> 
     </span>
    </p>
   </div>
   <div class='ocr_carea' id='block_1_59' title="bbox 432 3918 2019 3995">
    <p class='ocr_par' dir='ltr' id='par_1_59' title="bbox 432 3918 2019 3995">
     <span class='ocr_line' id='line_1_59' title="bbox 432 3918 2019 3995; baseline -0.006 -11"><span class='ocrx_word' id='word_1_431' title='bbox 432 3940 543 3984; x_wconf 85' lang='lat' dir='ltr'><strong>non</strong></span> <span class='ocrx_word' id='word_1_432' title='bbox 572 3926 674 3982; x_wconf 86' lang='lat' dir='ltr'><strong>soli</strong></span> <span class='ocrx_word' id='word_1_433' title='bbox 701 3924 893 3981; x_wconf 85' lang='lat' dir='ltr'><strong>Davidi</strong></span> <span class='ocrx_word' id='word_1_434' title='bbox 921 3929 1257 3995; x_wconf 88' lang='lat' dir='ltr'><strong>competunt;</strong></span> <span class='ocrx_word' id='word_1_435' title='bbox 1280 3923 1374 3980; x_wconf 89' lang='lat' dir='ltr'><strong>sed</strong></span> <span class='ocrx_word' id='word_1_436' title='bbox 1404 3923 1568 3979; x_wconf 90' lang='lat' dir='ltr'><strong>etiam</strong></span> <span class='ocrx_word' id='word_1_437' title='bbox 1590 3920 1811 3976; x_wconf 87' lang='lat' dir='ltr'><strong>cuilibet</strong></span> <span class='ocrx_word' id='word_1_438' title='bbox 1839 3918 2019 3985; x_wconf 90' lang='lat' dir='ltr'><strong>alteri,</strong></span> 
     </span>
    </p>
   </div>
   <div class='ocr_carea' id='block_1_60' title="bbox 434 4012 2021 4089">
    <p class='ocr_par' dir='ltr' id='par_1_60' title="bbox 434 4012 2021 4089">
     <span class='ocr_line' id='line_1_60' title="bbox 434 4012 2021 4089; baseline -0.005 -15"><span class='ocrx_word' id='word_1_439' title='bbox 434 4020 531 4089; x_wconf 89' lang='lat' dir='ltr'><strong>qui</strong></span> <span class='ocrx_word' id='word_1_440' title='bbox 559 4018 614 4073; x_wconf 91' lang='lat' dir='ltr'><strong>in</strong></span> <span class='ocrx_word' id='word_1_441' title='bbox 635 4018 802 4075; x_wconf 84' lang='lat' dir='ltr'><strong>simili</strong></span> <span class='ocrx_word' id='word_1_442' title='bbox 830 4032 962 4073; x_wconf 89' lang='lat' dir='ltr'><strong>casu</strong></span> <span class='ocrx_word' id='word_1_443' title='bbox 985 4032 1084 4088; x_wconf 89' lang='lat' dir='ltr'><strong>per</strong></span> <span class='ocrx_word' id='word_1_444' title='bbox 1110 4016 1414 4072; x_wconf 86' lang='lat' dir='ltr'><strong>orationem</strong></span> <span class='ocrx_word' id='word_1_445' title='bbox 1450 4012 1756 4085; x_wconf 87' lang='lat' dir='ltr'><strong>spiritualia</strong></span> <span class='ocrx_word' id='word_1_446' title='bbox 1802 4018 1858 4068; x_wconf 89' lang='lat' dir='ltr'><strong>et</strong></span> <span class='ocrx_word' id='word_1_447' title='bbox 1882 4027 2021 4083; x_wconf 86' lang='lat' dir='ltr'><strong>pura</strong></span> 
     </span>
    </p>
   </div>
   <div class='ocr_carea' id='block_1_61' title="bbox 429 4105 2021 4178">
    <p class='ocr_par' dir='ltr' id='par_1_61' title="bbox 429 4105 2021 4178">
     <span class='ocr_line' id='line_1_61' title="bbox 429 4105 2021 4178; baseline -0.006 -11"><span class='ocrx_word' id='word_1_448' title='bbox 429 4107 544 4167; x_wconf 87' lang='lat' dir='ltr'><strong>Deo</strong></span> <span class='ocrx_word' id='word_1_449' title='bbox 575 4111 843 4167; x_wconf 80' lang='lat' dir='ltr'><strong>sacriﬁcia</strong></span> <span class='ocrx_word' id='word_1_450' title='bbox 878 4111 1111 4176; x_wconf 85' lang='lat' dir='ltr'><strong>emittit;</strong></span> <span class='ocrx_word' id='word_1_451' title='bbox 1144 4109 1231 4165; x_wconf 88' lang='lat' dir='ltr'><strong>cui</strong></span> <span class='ocrx_word' id='word_1_452' title='bbox 1254 4151 1271 4177; x_wconf 95' lang='lat'><strong>,</strong></span> <span class='ocrx_word' id='word_1_453' title='bbox 1315 4116 1377 4163; x_wconf 95' lang='lat' dir='ltr'><strong>ut</strong></span> <span class='ocrx_word' id='word_1_454' title='bbox 1415 4122 1517 4178; x_wconf 86' lang='lat' dir='ltr'><strong>par</strong></span> <span class='ocrx_word' id='word_1_455' title='bbox 1551 4115 1658 4171; x_wconf 83' lang='lat' dir='ltr'><strong>est,</strong></span> <span class='ocrx_word' id='word_1_456' title='bbox 1690 4120 1861 4161; x_wconf 71' lang='lat' dir='ltr'><strong>sacrm</strong></span> <span class='ocrx_word' id='word_1_457' title='bbox 1914 4105 2021 4159; x_wconf 69' lang='lat' dir='ltr'><strong>illm</strong></span> 
     </span>
    </p>
   </div>
   <div class='ocr_carea' id='block_1_62' title="bbox 431 4195 2017 4271">
    <p class='ocr_par' dir='ltr' id='par_1_62' title="bbox 431 4195 2017 4271">
     <span class='ocr_line' id='line_1_62' title="bbox 431 4195 2017 4271; baseline -0.002 -17"><span class='ocrx_word' id='word_1_458' title='bbox 431 4201 688 4264; x_wconf 78' lang='lat' dir='ltr'><strong>virtutes,</strong></span> <span class='ocrx_word' id='word_1_459' title='bbox 711 4211 767 4258; x_wconf 88' lang='lat' dir='ltr'><strong>et</strong></span> <span class='ocrx_word' id='word_1_460' title='bbox 787 4209 1105 4257; x_wconf 88' lang='lat' dir='ltr'><strong>sanctorum</strong></span> <span class='ocrx_word' id='word_1_461' title='bbox 1126 4200 1445 4271; x_wconf 76' lang='lat' dir='ltr'><strong>angelorum</strong></span> <span class='ocrx_word' id='word_1_462' title='bbox 1472 4197 1626 4252; x_wconf 90' lang='lat' dir='ltr'><strong>chori</strong></span> <span class='ocrx_word' id='word_1_463' title='bbox 1650 4211 1761 4251; x_wconf 90' lang='lat' dir='ltr'><strong>una</strong></span> <span class='ocrx_word' id='word_1_464' title='bbox 1796 4195 2017 4263; x_wconf 87' lang='lat' dir='ltr'><strong>adsunt,</strong></span> 
     </span>
    </p>
   </div>
   <div class='ocr_carea' id='block_1_63' title="bbox 431 4287 1979 4362">
    <p class='ocr_par' dir='ltr' id='par_1_63' title="bbox 431 4287 1979 4362">
     <span class='ocr_line' id='line_1_63' title="bbox 431 4287 1979 4362; baseline -0.004 -16"><span class='ocrx_word' id='word_1_465' title='bbox 431 4293 745 4348; x_wconf 88' lang='lat' dir='ltr'><strong>orationum</strong></span> <span class='ocrx_word' id='word_1_466' title='bbox 788 4308 853 4347; x_wconf 86' lang='lat' dir='ltr'><strong>ac</strong></span> <span class='ocrx_word' id='word_1_467' title='bbox 895 4292 1343 4362; x_wconf 89' lang='lat' dir='ltr'><strong>deprecationum</strong></span> <span class='ocrx_word' id='word_1_468' title='bbox 1395 4288 1530 4344; x_wconf 90' lang='lat' dir='ltr'><strong>socii</strong></span> <span class='ocrx_word' id='word_1_469' title='bbox 1585 4294 1641 4343; x_wconf 88' lang='lat' dir='ltr'><strong>et</strong></span> <span class='ocrx_word' id='word_1_470' title='bbox 1678 4287 1979 4357; x_wconf 87' lang='lat' dir='ltr'><strong>adjutores.</strong></span> 
     </span>
    </p>
   </div>
   <div class='ocr_carea' id='block_1_64' title="bbox 423 4378 2020 4440">
    <p class='ocr_par' dir='ltr' id='par_1_64' title="bbox 423 4378 2020 4440">
     <span class='ocr_line' id='line_1_64' title="bbox 423 4378 2020 4440; baseline -0.004 -3"><span class='ocrx_word' id='word_1_471' title='bbox 423 4426 426 4432; x_wconf 50' lang='grc' dir='ltr'>λ</span> <span class='ocrx_word' id='word_1_472' title='bbox 509 4382 678 4440; x_wconf 72' lang='lat' dir='ltr'><strong>Vsus.</strong></span> <span class='ocrx_word' id='word_1_473' title='bbox 740 4383 864 4438; x_wconf 81' lang='lat'><strong>5-7.</strong></span> <span class='ocrx_word' id='word_1_474' title='bbox 936 4382 1159 4437; x_wconf 89' lang='lat' dir='ltr'><strong>Tribuat</strong></span> <span class='ocrx_word' id='word_1_475' title='bbox 1229 4382 1324 4435; x_wconf 91' lang='lat' dir='ltr'><strong>tibi</strong></span> <span class='ocrx_word' id='word_1_476' title='bbox 1390 4380 1650 4435; x_wconf 85' lang='lat' dir='ltr'><strong>Dominus</strong></span> <span class='ocrx_word' id='word_1_477' title='bbox 1734 4378 2020 4433; x_wconf 88' lang='lat' dir='ltr'><strong>secundum</strong></span> 
     </span>
    </p>
   </div>
   <div class='ocr_carea' id='block_1_65' title="bbox 432 4469 2021 4545">
    <p class='ocr_par' dir='ltr' id='par_1_65' title="bbox 432 4469 2021 4545">
     <span class='ocr_line' id='line_1_65' title="bbox 432 4469 2021 4545; baseline -0.007 -10"><span class='ocrx_word' id='word_1_478' title='bbox 432 4497 526 4536; x_wconf 86' lang='lat' dir='ltr'><strong>cor</strong></span> <span class='ocrx_word' id='word_1_479' title='bbox 565 4489 735 4545; x_wconf 87' lang='lat' dir='ltr'><strong>tuum,</strong></span> <span class='ocrx_word' id='word_1_480' title='bbox 768 4485 819 4530; x_wconf 86' lang='lat' dir='ltr'><strong>et</strong></span> <span class='ocrx_word' id='word_1_481' title='bbox 845 4491 996 4529; x_wconf 89' lang='lat' dir='ltr'><strong>omne</strong></span> <span class='ocrx_word' id='word_1_482' title='bbox 1022 4474 1301 4529; x_wconf 84' lang='lat' dir='ltr'><strong>consilium</strong></span> <span class='ocrx_word' id='word_1_483' title='bbox 1334 4482 1483 4526; x_wconf 89' lang='lat' dir='ltr'><strong>tuum</strong></span> <span class='ocrx_word' id='word_1_484' title='bbox 1513 4472 1809 4540; x_wconf 81' lang='lat' dir='ltr'><strong>conﬁrmet.</strong></span> <span class='ocrx_word' id='word_1_485' title='bbox 1845 4469 2021 4525; x_wconf 72' lang='lat' dir='ltr'><strong>Laeta-</strong></span> 
     </span>
    </p>
   </div>
   <div class='ocr_carea' id='block_1_66' title="bbox 2130 2168 2310 2224">
    <p class='ocr_par' dir='ltr' id='par_1_66' title="bbox 2130 2168 2310 2224">
     <span class='ocr_line' id='line_1_66' title="bbox 2130 2168 2310 2224; baseline -0.006 -17"><span class='ocrx_word' id='word_1_486' title='bbox 2130 2168 2310 2224; x_wconf 86' lang='grc' dir='ltr'>μενος.</span> 
     </span>
    </p>
   </div>
   <div class='ocr_carea' id='block_1_67' title="bbox 2279 2261 3610 2331">
    <p class='ocr_par' dir='ltr' id='par_1_67' title="bbox 2279 2261 3610 2331">
     <span class='ocr_line' id='line_1_67' title="bbox 2279 2261 3610 2331; baseline 0.002 -14"><span class='ocrx_word' id='word_1_487' title='bbox 2279 2261 2395 2317; x_wconf 87' lang='grc' dir='ltr'><strong>ΕΙΣ</strong></span> <span class='ocrx_word' id='word_1_488' title='bbox 2425 2264 2514 2316; x_wconf 91' lang='grc' dir='ltr'><strong>ΤΟ</strong></span> <span class='ocrx_word' id='word_1_489' title='bbox 2552 2263 2795 2331; x_wconf 85' lang='grc' dir='ltr'><strong>ΤΕΛΟΣ,</strong></span> <span class='ocrx_word' id='word_1_490' title='bbox 2833 2262 3126 2317; x_wconf 72' lang='grc' dir='ltr'><strong>ΨΑΛΜΟΣ</strong></span> <span class='ocrx_word' id='word_1_491' title='bbox 3163 2265 3251 2321; x_wconf 81' lang='grc' dir='ltr'><strong>ΤΩ</strong></span> <span class='ocrx_word' id='word_1_492' title='bbox 3284 2263 3480 2318; x_wconf 81' lang='grc' dir='ltr'><strong>ΔΑΥΙΔ</strong></span> <span class='ocrx_word' id='word_1_493' title='bbox 3508 2265 3610 2319; x_wconf 86' lang='grc' dir='ltr'>ΙΘ¹.</span> 
     </span>
    </p>
   </div>
   <div class='ocr_carea' id='block_1_68' title="bbox 2206 2354 3714 2427">
    <p class='ocr_par' dir='ltr' id='par_1_68' title="bbox 2206 2354 3714 2427">
     <span class='ocr_line' id='line_1_68' title="bbox 2206 2354 3714 2427; baseline 0.004 -21"><span class='ocrx_word' id='word_1_494' title='bbox 2206 2354 2568 2411; x_wconf 83' lang='grc' dir='ltr'>Ἐπακούσαι</span> <span class='ocrx_word' id='word_1_495' title='bbox 2615 2373 2732 2410; x_wconf 85' lang='grc' dir='ltr'><strong>σου</strong></span> <span class='ocrx_word' id='word_1_496' title='bbox 2781 2357 3000 2424; x_wconf 84' lang='grc' dir='ltr'>Κύριος</span> <span class='ocrx_word' id='word_1_497' title='bbox 3054 2356 3125 2409; x_wconf 82' lang='grc' dir='ltr'>ἐν</span> <span class='ocrx_word' id='word_1_498' title='bbox 3168 2356 3360 2426; x_wconf 75' lang='grc' dir='ltr'>ἡμέρᾳ</span> <span class='ocrx_word' id='word_1_499' title='bbox 3420 2359 3714 2427; x_wconf 57' lang='grc' dir='ltr'>θλίψεως,</span> 
     </span>
    </p>
   </div>
   <div class='ocr_carea' id='block_1_69' title="bbox 2122 2448 3719 2518">
    <p class='ocr_par' dir='ltr' id='par_1_69' title="bbox 2122 2448 3719 2518">
     <span class='ocr_line' id='line_1_69' title="bbox 2122 2448 3719 2518; baseline 0.001 -17"><span class='ocrx_word' id='word_1_500' title='bbox 2122 2448 2535 2515; x_wconf 77' lang='grc' dir='ltr'>ὑπερασπίσαι</span> <span class='ocrx_word' id='word_1_501' title='bbox 2560 2465 2676 2502; x_wconf 88' lang='grc' dir='ltr'><strong>σου</strong></span> <span class='ocrx_word' id='word_1_502' title='bbox 2706 2448 2771 2502; x_wconf 86' lang='grc' dir='ltr'>τὸ</span> <span class='ocrx_word' id='word_1_503' title='bbox 2804 2448 2992 2518; x_wconf 81' lang='grc' dir='ltr'>ὄνομα</span> <span class='ocrx_word' id='word_1_504' title='bbox 3020 2449 3127 2503; x_wconf 88' lang='grc' dir='ltr'><strong>τοῦ</strong></span> <span class='ocrx_word' id='word_1_505' title='bbox 3155 2449 3304 2503; x_wconf 87' lang='grc' dir='ltr'>Θεοῦ</span> <span class='ocrx_word' id='word_1_506' title='bbox 3343 2449 3563 2503; x_wconf 75' lang='grc' dir='ltr'><strong>Ἰακὼϐ.</strong></span> <span class='ocrx_word' id='word_1_507' title='bbox 3602 2449 3719 2515; x_wconf 73' lang='grc' dir='ltr'><strong>Ἐξ-</strong></span> 
     </span>
    </p>
   </div>
   <div class='ocr_carea' id='block_1_70' title="bbox 2122 2541 3721 2614">
    <p class='ocr_par' dir='ltr' id='par_1_70' title="bbox 2122 2541 3721 2614">
     <span class='ocr_line' id='line_1_70' title="bbox 2122 2541 3721 2614; baseline 0.001 -18"><span class='ocrx_word' id='word_1_508' title='bbox 2122 2541 2479 2596; x_wconf 79' lang='grc' dir='ltr'>ἀποστείλαι</span> <span class='ocrx_word' id='word_1_509' title='bbox 2522 2558 2620 2596; x_wconf 85' lang='grc' dir='ltr'><strong>σοι</strong></span> <span class='ocrx_word' id='word_1_510' title='bbox 2665 2541 2960 2609; x_wconf 76' lang='grc' dir='ltr'>,βοήθειαν</span> <span class='ocrx_word' id='word_1_511' title='bbox 2999 2542 3069 2608; x_wconf 79' lang='grc' dir='ltr'><strong>ἐξ</strong></span> <span class='ocrx_word' id='word_1_512' title='bbox 3101 2544 3294 2614; x_wconf 79' lang='grc' dir='ltr'>ἁγίου,</span> <span class='ocrx_word' id='word_1_513' title='bbox 3338 2544 3437 2598; x_wconf 81' lang='grc' dir='ltr'><strong>καὶ</strong></span> <span class='ocrx_word' id='word_1_514' title='bbox 3465 2545 3536 2597; x_wconf 81' lang='grc' dir='ltr'><strong><em>ἐκ</em></strong></span> <span class='ocrx_word' id='word_1_515' title='bbox 3567 2543 3721 2598; x_wconf 80' lang='grc' dir='ltr'><strong>Σιὼν</strong></span> 
     </span>
    </p>
   </div>
   <div class='ocr_carea' id='block_1_71' title="bbox 2124 2630 3716 2703">
    <p class='ocr_par' dir='ltr' id='par_1_71' title="bbox 2124 2630 3716 2703">
     <span class='ocr_line' id='line_1_71' title="bbox 2124 2630 3716 2703; baseline 0.004 -18"><span class='ocrx_word' id='word_1_516' title='bbox 2124 2630 2505 2686; x_wconf 76' lang='grc' dir='ltr'>ὰντιλάϐοιτό</span> <span class='ocrx_word' id='word_1_517' title='bbox 2553 2648 2689 2688; x_wconf 87' lang='grc' dir='ltr'>σου.</span> <span class='ocrx_word' id='word_1_518' title='bbox 2729 2635 3041 2703; x_wconf 72' lang='grc' dir='ltr'>Μνησθείη</span> <span class='ocrx_word' id='word_1_519' title='bbox 3077 2634 3283 2703; x_wconf 82' lang='grc' dir='ltr'>πάσης</span> <span class='ocrx_word' id='word_1_520' title='bbox 3334 2636 3551 2703; x_wconf 82' lang='grc' dir='ltr'>θυσίας</span> <span class='ocrx_word' id='word_1_521' title='bbox 3579 2652 3716 2701; x_wconf 85' lang='grc' dir='ltr'>σου,</span> 
     </span>
    </p>
   </div>
   <div class='ocr_carea' id='block_1_72' title="bbox 2122 2724 3719 2799">
    <p class='ocr_par' dir='ltr' id='par_1_72' title="bbox 2122 2724 3719 2799">
     <span class='ocr_line' id='line_1_72' title="bbox 2122 2724 3719 2799; baseline 0.004 -22"><span class='ocrx_word' id='word_1_522' title='bbox 2122 2724 2223 2778; x_wconf 79' lang='grc' dir='ltr'><strong>καὶ</strong></span> <span class='ocrx_word' id='word_1_523' title='bbox 2246 2724 2312 2778; x_wconf 81' lang='grc' dir='ltr'>τὸ</span> <span class='ocrx_word' id='word_1_524' title='bbox 2335 2726 2726 2798; x_wconf 78' lang='grc' dir='ltr'>ὁλοκαύτωμὰ</span> <span class='ocrx_word' id='word_1_525' title='bbox 2752 2744 2869 2783; x_wconf 89' lang='grc' dir='ltr'><strong>σου</strong></span> <span class='ocrx_word' id='word_1_526' title='bbox 2894 2727 3179 2783; x_wconf 82' lang='grc' dir='ltr'>πιανὰτω.</span> <span class='ocrx_word' id='word_1_527' title='bbox 3206 2726 3540 2799; x_wconf 69' lang='grc' dir='ltr'>Διὰψαλμα.</span> <span class='ocrx_word' id='word_1_528' title='bbox 3564 2729 3719 2783; x_wconf 87' lang='grc' dir='ltr'>Ἔστι</span> 
     </span>
    </p>
   </div>
   <div class='ocr_carea' id='block_1_73' title="bbox 2126 2816 3722 2894">
    <p class='ocr_par' dir='ltr' id='par_1_73' title="bbox 2126 2816 3722 2894">
     <span class='ocr_line' id='line_1_73' title="bbox 2126 2816 3722 2894; baseline 0.004 -25"><span class='ocrx_word' id='word_1_529' title='bbox 2126 2817 2224 2887; x_wconf 81' lang='grc' dir='ltr'>μὲν</span> <span class='ocrx_word' id='word_1_530' title='bbox 2246 2816 2326 2889; x_wconf 84' lang='grc' dir='ltr'>τῷ</span> <span class='ocrx_word' id='word_1_531' title='bbox 2356 2818 2518 2873; x_wconf 78' lang='grc' dir='ltr'>Δαυῒδ</span> <span class='ocrx_word' id='word_1_532' title='bbox 2553 2820 2914 2892; x_wconf 83' lang='grc' dir='ltr'>ἀνακείμενος</span> <span class='ocrx_word' id='word_1_533' title='bbox 2949 2822 2978 2874; x_wconf 88' lang='grc' dir='ltr'>ὁ</span> <span class='ocrx_word' id='word_1_534' title='bbox 3009 2820 3244 2893; x_wconf 76' lang='grc' dir='ltr'>ψαλμὺς,</span> <span class='ocrx_word' id='word_1_535' title='bbox 3280 2821 3421 2876; x_wconf 87' lang='grc' dir='ltr'>κατά</span> <span class='ocrx_word' id='word_1_536' title='bbox 3454 2821 3553 2894; x_wconf 81' lang='grc' dir='ltr'><strong>τὴν</strong></span> <span class='ocrx_word' id='word_1_537' title='bbox 3586 2839 3722 2894; x_wconf 79' lang='grc' dir='ltr'>προ-</span> 
     </span>
    </p>
   </div>
   <div class='ocr_carea' id='block_1_74' title="bbox 2121 2912 3720 2986">
    <p class='ocr_par' dir='ltr' id='par_1_74' title="bbox 2121 2912 3720 2986">
     <span class='ocr_line' id='line_1_74' title="bbox 2121 2912 3720 2986; baseline 0.002 -23"><span class='ocrx_word' id='word_1_538' title='bbox 2121 2912 2358 2984; x_wconf 84' lang='grc' dir='ltr'>γραφήν.</span> <span class='ocrx_word' id='word_1_539' title='bbox 2403 2912 2727 2985; x_wconf 84' lang='grc' dir='ltr'>Ἐπίστησον</span> <span class='ocrx_word' id='word_1_540' title='bbox 2757 2913 2815 2967; x_wconf 76' lang='grc' dir='ltr'>δὲ</span> <span class='ocrx_word' id='word_1_541' title='bbox 2849 2914 3057 2985; x_wconf 81' lang='grc' dir='ltr'>μήποτε</span> <span class='ocrx_word' id='word_1_542' title='bbox 3078 2913 3154 2977; x_wconf 86' lang='grc' dir='ltr'>ὡς</span> <span class='ocrx_word' id='word_1_543' title='bbox 3183 2913 3321 2986; x_wconf 82' lang='grc' dir='ltr'>πρὸς</span> <span class='ocrx_word' id='word_1_544' title='bbox 3352 2913 3449 2985; x_wconf 84' lang='grc' dir='ltr'>τὴν</span> <span class='ocrx_word' id='word_1_545' title='bbox 3477 2912 3720 2986; x_wconf 81' lang='grc' dir='ltr'>ἱστορίαν</span> 
     </span>
    </p>
   </div>
   <div class='ocr_carea' id='block_1_75' title="bbox 2121 2999 3718 3079">
    <p class='ocr_par' dir='ltr' id='par_1_75' title="bbox 2121 2999 3718 3079">
     <span class='ocr_line' id='line_1_75' title="bbox 2121 2999 3718 3079; baseline 0.003 -24"><span class='ocrx_word' id='word_1_546' title='bbox 2121 3003 2255 3075; x_wconf 80' lang='grc' dir='ltr'>εὐχή</span> <span class='ocrx_word' id='word_1_547' title='bbox 2286 3021 2370 3068; x_wconf 87' lang='grc' dir='ltr'><strong>τις</strong></span> <span class='ocrx_word' id='word_1_548' title='bbox 2390 2999 2459 3076; x_wconf 86' lang='grc' dir='ltr'><strong>ῆν</strong></span> <span class='ocrx_word' id='word_1_549' title='bbox 2482 3006 2619 3077; x_wconf 83' lang='grc' dir='ltr'>αὑτὴ</span> <span class='ocrx_word' id='word_1_550' title='bbox 2649 3007 2911 3079; x_wconf 79' lang='grc' dir='ltr'>συνεργὸς</span> <span class='ocrx_word' id='word_1_551' title='bbox 2942 3009 3064 3071; x_wconf 85' lang='grc' dir='ltr'>ταῖς</span> <span class='ocrx_word' id='word_1_552' title='bbox 3091 3007 3185 3061; x_wconf 91' lang='grc' dir='ltr'><strong>τοῦ</strong></span> <span class='ocrx_word' id='word_1_553' title='bbox 3207 3005 3368 3060; x_wconf 78' lang='grc' dir='ltr'>Δαυῒδ</span> <span class='ocrx_word' id='word_1_554' title='bbox 3394 3006 3718 3079; x_wconf 80' lang='grc' dir='ltr'>ἱκετηρίαις.</span> 
     </span>
    </p>
   </div>
   <div class='ocr_carea' id='block_1_76' title="bbox 2124 3092 3721 3167">
    <p class='ocr_par' dir='ltr' id='par_1_76' title="bbox 2124 3092 3721 3167">
     <span class='ocr_line' id='line_1_76' title="bbox 2124 3092 3721 3167; baseline 0.001 -21"><span class='ocrx_word' id='word_1_555' title='bbox 2124 3092 2381 3163; x_wconf 84' lang='grc' dir='ltr'>δεομένου</span> <span class='ocrx_word' id='word_1_556' title='bbox 2409 3112 2470 3148; x_wconf 87' lang='grc' dir='ltr'><strong>τε</strong></span> <span class='ocrx_word' id='word_1_557' title='bbox 2502 3096 2595 3149; x_wconf 72' lang='grc' dir='ltr'>καὶ</span> <span class='ocrx_word' id='word_1_558' title='bbox 2624 3095 3033 3159; x_wconf 75' lang='grc' dir='ltr'>ἀντιϐολοῦντος</span> <span class='ocrx_word' id='word_1_559' title='bbox 3067 3096 3156 3149; x_wconf 86' lang='grc' dir='ltr'>διὰ</span> <span class='ocrx_word' id='word_1_560' title='bbox 3198 3095 3510 3167; x_wconf 80' lang='grc' dir='ltr'>προσευχῆς</span> <span class='ocrx_word' id='word_1_561' title='bbox 3536 3099 3721 3167; x_wconf 73' lang='grc' dir='ltr'>τυχεῖν</span> 
     </span>
    </p>
   </div>
   <div class='ocr_carea' id='block_1_77' title="bbox 2126 3186 3723 3261">
    <p class='ocr_par' dir='ltr' id='par_1_77' title="bbox 2126 3186 3723 3261">
     <span class='ocr_line' id='line_1_77' title="bbox 2126 3186 3723 3261; baseline 0.001 -21"><span class='ocrx_word' id='word_1_562' title='bbox 2126 3186 2261 3240; x_wconf 83' lang='grc' dir='ltr'>Θεοῦ</span> <span class='ocrx_word' id='word_1_563' title='bbox 2288 3188 2541 3258; x_wconf 84' lang='grc' dir='ltr'>Σωτῆρος</span> <span class='ocrx_word' id='word_1_564' title='bbox 2572 3189 2709 3258; x_wconf 80' lang='grc' dir='ltr'>πρὸς</span> <span class='ocrx_word' id='word_1_565' title='bbox 2740 3188 2967 3261; x_wconf 75' lang='grc' dir='ltr'>ἐχθροὺς</span> <span class='ocrx_word' id='word_1_566' title='bbox 2999 3189 3094 3242; x_wconf 78' lang='grc' dir='ltr'>καὶ</span> <span class='ocrx_word' id='word_1_567' title='bbox 3117 3188 3411 3259; x_wconf 87' lang='grc' dir='ltr'>πολεμίους</span> <span class='ocrx_word' id='word_1_568' title='bbox 3442 3204 3723 3259; x_wconf 84' lang='grc' dir='ltr'>παρατατ-</span> 
     </span>
    </p>
   </div>
   <div class='ocr_carea' id='block_1_78' title="bbox 2126 3277 3721 3353">
    <p class='ocr_par' dir='ltr' id='par_1_78' title="bbox 2126 3277 3721 3353">
     <span class='ocr_line' id='line_1_78' title="bbox 2126 3277 3721 3353; baseline 0 -20"><span class='ocrx_word' id='word_1_569' title='bbox 2126 3281 2377 3352; x_wconf 81' lang='grc' dir='ltr'>τομένου.</span> <span class='ocrx_word' id='word_1_570' title='bbox 2408 3281 2569 3345; x_wconf 79' lang='grc' dir='ltr'><strong>Εἰκὸς</strong></span> <span class='ocrx_word' id='word_1_571' title='bbox 2594 3281 2705 3353; x_wconf 84' lang='grc' dir='ltr'>γὰρ</span> <span class='ocrx_word' id='word_1_572' title='bbox 2736 3277 2806 3352; x_wconf 77' lang='grc' dir='ltr'>ἦν</span> <span class='ocrx_word' id='word_1_573' title='bbox 2841 3281 2991 3351; x_wconf 79' lang='grc' dir='ltr'>αὐτῷ</span> <span class='ocrx_word' id='word_1_574' title='bbox 3023 3280 3197 3336; x_wconf 88' lang='grc' dir='ltr'>ταῦτα</span> <span class='ocrx_word' id='word_1_575' title='bbox 3237 3281 3528 3352; x_wconf 83' lang='grc' dir='ltr'>πράττοντι</span> <span class='ocrx_word' id='word_1_576' title='bbox 3561 3281 3721 3351; x_wconf 83' lang='grc' dir='ltr'>χορὸν</span> 
     </span>
    </p>
   </div>
   <div class='ocr_carea' id='block_1_79' title="bbox 2126 3372 3721 3445">
    <p class='ocr_par' dir='ltr' id='par_1_79' title="bbox 2126 3372 3721 3445">
     <span class='ocr_line' id='line_1_79' title="bbox 2126 3372 3721 3445; baseline 0 -19"><span class='ocrx_word' id='word_1_577' title='bbox 2126 3372 2297 3441; x_wconf 86' lang='grc' dir='ltr'>ἁγίων</span> <span class='ocrx_word' id='word_1_578' title='bbox 2345 3373 2592 3442; x_wconf 86' lang='grc' dir='ltr'>ἀγγέλων</span> <span class='ocrx_word' id='word_1_579' title='bbox 2634 3374 2667 3445; x_wconf 80' lang='grc' dir='ltr'>ἢ</span> <span class='ocrx_word' id='word_1_580' title='bbox 2709 3374 2802 3427; x_wconf 72' lang='grc' dir='ltr'>καὶ</span> <span class='ocrx_word' id='word_1_581' title='bbox 2852 3374 3114 3444; x_wconf 75' lang='grc' dir='ltr'>θεοφιλῶν</span> <span class='ocrx_word' id='word_1_582' title='bbox 3154 3374 3384 3445; x_wconf 83' lang='grc' dir='ltr'>ἀνδρῶν,</span> <span class='ocrx_word' id='word_1_583' title='bbox 3435 3373 3614 3427; x_wconf 82' lang='grc' dir='ltr'>αὐτῶν</span> <span class='ocrx_word' id='word_1_584' title='bbox 3656 3372 3721 3445; x_wconf 82' lang='grc' dir='ltr'>δὴ</span> 
     </span>
    </p>
   </div>
   <div class='ocr_carea' id='block_1_80' title="bbox 2123 3464 3719 3539">
    <p class='ocr_par' dir='ltr' id='par_1_80' title="bbox 2123 3464 3719 3539">
     <span class='ocr_line' id='line_1_80' title="bbox 2123 3464 3719 3539; baseline 0 -20"><span class='ocrx_word' id='word_1_585' title='bbox 2123 3464 2234 3519; x_wconf 88' lang='grc' dir='ltr'><strong>τῶν</strong></span> <span class='ocrx_word' id='word_1_586' title='bbox 2275 3465 2434 3537; x_wconf 80' lang='grc' dir='ltr'>ἱερῶν</span> <span class='ocrx_word' id='word_1_587' title='bbox 2480 3468 2577 3520; x_wconf 78' lang='grc' dir='ltr'>καὶ</span> <span class='ocrx_word' id='word_1_588' title='bbox 2617 3467 2945 3539; x_wconf 84' lang='grc' dir='ltr'>λειτουργῶν</span> <span class='ocrx_word' id='word_1_589' title='bbox 2984 3465 3078 3520; x_wconf 85' lang='grc' dir='ltr'><strong>τοῦ</strong></span> <span class='ocrx_word' id='word_1_590' title='bbox 3114 3466 3251 3520; x_wconf 88' lang='grc' dir='ltr'>Θεοῦ</span> <span class='ocrx_word' id='word_1_591' title='bbox 3277 3467 3347 3521; x_wconf 80' lang='grc' dir='ltr'><strong>τά</strong></span> <span class='ocrx_word' id='word_1_592' title='bbox 3381 3467 3719 3538; x_wconf 87' lang='grc' dir='ltr'>προκείμενα</span> 
     </span>
    </p>
   </div>
   <div class='ocr_carea' id='block_1_81' title="bbox 2126 3550 3720 3631">
    <p class='ocr_par' dir='ltr' id='par_1_81' title="bbox 2126 3550 3720 3631">
     <span class='ocr_line' id='line_1_81' title="bbox 2126 3550 3720 3631; baseline 0.001 -20"><span class='ocrx_word' id='word_1_593' title='bbox 2126 3558 2302 3612; x_wconf 86' lang='grc' dir='ltr'>πάντα</span> <span class='ocrx_word' id='word_1_594' title='bbox 2362 3558 2716 3630; x_wconf 82' lang='grc' dir='ltr'>συνεύχεσθαι</span> <span class='ocrx_word' id='word_1_595' title='bbox 2761 3559 2911 3631; x_wconf 83' lang='grc' dir='ltr'>αὑτῷ</span> <span class='ocrx_word' id='word_1_596' title='bbox 2960 3559 3055 3614; x_wconf 54' lang='grc' dir='ltr'><strong>καὶ⁵</strong></span> <span class='ocrx_word' id='word_1_597' title='bbox 3100 3559 3280 3629; x_wconf 80' lang='grc' dir='ltr'>λέγειν</span> <span class='ocrx_word' id='word_1_598' title='bbox 3301 3577 3315 3590; x_wconf 72' lang='grc'>³</span> <span class='ocrx_word' id='word_1_599' title='bbox 3358 3550 3720 3616; x_wconf 76' lang='grc' dir='ltr'>Ἐπακούσαι</span> 
     </span>
    </p>
   </div>
   <div class='ocr_carea' id='block_1_82' title="bbox 2124 3652 3717 3724">
    <p class='ocr_par' dir='ltr' id='par_1_82' title="bbox 2124 3652 3717 3724">
     <span class='ocr_line' id='line_1_82' title="bbox 2124 3652 3717 3724; baseline 0 -19"><span class='ocrx_word' id='word_1_600' title='bbox 2124 3665 2241 3705; x_wconf 90' lang='grc' dir='ltr'><strong>σου</strong></span> <span class='ocrx_word' id='word_1_601' title='bbox 2269 3653 2487 3721; x_wconf 87' lang='grc' dir='ltr'>Κύριος</span> <span class='ocrx_word' id='word_1_602' title='bbox 2517 3653 2588 3706; x_wconf 79' lang='grc' dir='ltr'>ἐν</span> <span class='ocrx_word' id='word_1_603' title='bbox 2617 3653 2807 3724; x_wconf 77' lang='grc' dir='ltr'>ἡμέρᾳ</span> <span class='ocrx_word' id='word_1_604' title='bbox 2838 3654 3121 3721; x_wconf 72' lang='grc' dir='ltr'>θλίψεως,</span> <span class='ocrx_word' id='word_1_605' title='bbox 3162 3654 3257 3706; x_wconf 73' lang='grc' dir='ltr'><strong>καὶ</strong></span> <span class='ocrx_word' id='word_1_606' title='bbox 3286 3652 3354 3706; x_wconf 78' lang='grc' dir='ltr'>τὰ</span> <span class='ocrx_word' id='word_1_607' title='bbox 3382 3652 3508 3723; x_wconf 79' lang='grc' dir='ltr'>ἑξῆς</span> <span class='ocrx_word' id='word_1_608' title='bbox 3526 3669 3539 3682; x_wconf 75' lang='grc' dir='ltr'><strong>ο</strong></span> <span class='ocrx_word' id='word_1_609' title='bbox 3571 3652 3633 3706; x_wconf 82' lang='grc' dir='ltr'>τό</span> <span class='ocrx_word' id='word_1_610' title='bbox 3657 3668 3717 3704; x_wconf 83' lang='grc' dir='ltr'><strong>τε</strong></span> 
     </span>
    </p>
   </div>
   <div class='ocr_carea' id='block_1_83' title="bbox 2122 3742 3715 3816">
    <p class='ocr_par' dir='ltr' id='par_1_83' title="bbox 2122 3742 3715 3816">
     <span class='ocr_line' id='line_1_83' title="bbox 2122 3742 3715 3816; baseline 0 -18"><span class='ocrx_word' id='word_1_611' title='bbox 2122 3743 2200 3807; x_wconf 85' lang='grc' dir='ltr'><strong>δὲ,</strong></span> <span class='ocrx_word' id='word_1_612' title='bbox 2232 3744 2337 3799; x_wconf 77' lang='grc' dir='ltr'><strong>Καὶ</strong></span> <span class='ocrx_word' id='word_1_613' title='bbox 2363 3747 2701 3814; x_wconf 83' lang='grc' dir='ltr'>παρασταίη</span> <span class='ocrx_word' id='word_1_614' title='bbox 2729 3761 2828 3800; x_wconf 87' lang='grc' dir='ltr'><strong>σοι</strong></span> <span class='ocrx_word' id='word_1_615' title='bbox 2855 3746 2922 3799; x_wconf 83' lang='grc' dir='ltr'>τὸ</span> <span class='ocrx_word' id='word_1_616' title='bbox 2955 3746 3140 3816; x_wconf 70' lang='grc' dir='ltr'>ὄνομα</span> <span class='ocrx_word' id='word_1_617' title='bbox 3165 3744 3272 3798; x_wconf 85' lang='grc' dir='ltr'><strong>τοῦ</strong></span> <span class='ocrx_word' id='word_1_618' title='bbox 3307 3745 3454 3799; x_wconf 84' lang='grc' dir='ltr'>Θεοῦ</span> <span class='ocrx_word' id='word_1_619' title='bbox 3492 3742 3715 3800; x_wconf 76' lang='grc' dir='ltr'><strong>Ἰακώϐ.</strong></span> 
     </span>
    </p>
   </div>
   <div class='ocr_carea' id='block_1_84' title="bbox 2136 3836 3717 3911">
    <p class='ocr_par' dir='ltr' id='par_1_84' title="bbox 2136 3836 3717 3911">
     <span class='ocr_line' id='line_1_84' title="bbox 2136 3836 3717 3911; baseline 0.001 -21"><span class='ocrx_word' id='word_1_620' title='bbox 2136 3836 2403 3911; x_wconf 84' lang='grc' dir='ltr'>Ἀπαρκεῖ</span> <span class='ocrx_word' id='word_1_621' title='bbox 2436 3838 2546 3909; x_wconf 89' lang='grc' dir='ltr'><strong>γάρ</strong></span> <span class='ocrx_word' id='word_1_622' title='bbox 2585 3838 2723 3909; x_wconf 80' lang='grc' dir='ltr'>αὑτὴ</span> <span class='ocrx_word' id='word_1_623' title='bbox 2759 3840 2791 3910; x_wconf 81' lang='grc' dir='ltr'>ἡ</span> <span class='ocrx_word' id='word_1_624' title='bbox 2826 3837 3114 3909; x_wconf 81' lang='grc' dir='ltr'>ἐπίκλησις</span> <span class='ocrx_word' id='word_1_625' title='bbox 3155 3838 3247 3892; x_wconf 80' lang='grc' dir='ltr'>καὶ</span> <span class='ocrx_word' id='word_1_626' title='bbox 3294 3840 3327 3908; x_wconf 84' lang='grc' dir='ltr'><strong>ἡ</strong></span> <span class='ocrx_word' id='word_1_627' title='bbox 3375 3837 3717 3909; x_wconf 86' lang='grc' dir='ltr'>προσηγορία</span> 
     </span>
    </p>
   </div>
   <div class='ocr_carea' id='block_1_85' title="bbox 2123 3930 3718 4003">
    <p class='ocr_par' dir='ltr' id='par_1_85' title="bbox 2123 3930 3718 4003">
     <span class='ocr_line' id='line_1_85' title="bbox 2123 3930 3718 4003; baseline -0.001 -19"><span class='ocrx_word' id='word_1_628' title='bbox 2123 3930 2261 4003; x_wconf 83' lang='grc' dir='ltr'>πρὸς</span> <span class='ocrx_word' id='word_1_629' title='bbox 2285 3931 2499 4002; x_wconf 79' lang='grc' dir='ltr'>ἄμυναν</span> <span class='ocrx_word' id='word_1_630' title='bbox 2528 3931 2728 3996; x_wconf 83' lang='grc' dir='ltr'>παντὸς</span> <span class='ocrx_word' id='word_1_631' title='bbox 2766 3931 3032 3985; x_wconf 80' lang='grc' dir='ltr'>ἐναντίου.</span> <span class='ocrx_word' id='word_1_632' title='bbox 3064 3930 3250 3984; x_wconf 90' lang='grc' dir='ltr'>Ταῦτα</span> <span class='ocrx_word' id='word_1_633' title='bbox 3275 3931 3333 3983; x_wconf 85' lang='grc' dir='ltr'>δὲ</span> <span class='ocrx_word' id='word_1_634' title='bbox 3366 3931 3428 3983; x_wconf 87' lang='grc' dir='ltr'><strong>οὐ</strong></span> <span class='ocrx_word' id='word_1_635' title='bbox 3461 3931 3607 4001; x_wconf 83' lang='grc' dir='ltr'>μόνῳ</span> <span class='ocrx_word' id='word_1_636' title='bbox 3637 3930 3718 4000; x_wconf 82' lang='grc' dir='ltr'>τῷ</span> 
     </span>
    </p>
   </div>
   <div class='ocr_carea' id='block_1_86' title="bbox 2120 4021 3715 4094">
    <p class='ocr_par' dir='ltr' id='par_1_86' title="bbox 2120 4021 3715 4094">
     <span class='ocr_line' id='line_1_86' title="bbox 2120 4021 3715 4094; baseline -0.002 -17"><span class='ocrx_word' id='word_1_637' title='bbox 2120 4022 2303 4088; x_wconf 81' lang='grc' dir='ltr'>Δαυῒδ,</span> <span class='ocrx_word' id='word_1_638' title='bbox 2331 4024 2468 4079; x_wconf 85' lang='grc' dir='ltr'><strong>ἀλλά</strong></span> <span class='ocrx_word' id='word_1_639' title='bbox 2499 4025 2594 4079; x_wconf 78' lang='grc' dir='ltr'><strong>καὶ</strong></span> <span class='ocrx_word' id='word_1_640' title='bbox 2630 4025 2797 4079; x_wconf 71' lang='grc' dir='ltr'>παντὶ</span> <span class='ocrx_word' id='word_1_641' title='bbox 2833 4024 2911 4094; x_wconf 80' lang='grc' dir='ltr'><strong>τῷ</strong></span> <span class='ocrx_word' id='word_1_642' title='bbox 2937 4023 3058 4078; x_wconf 84' lang='grc' dir='ltr'>καθ’</span> <span class='ocrx_word' id='word_1_643' title='bbox 3084 4024 3344 4094; x_wconf 86' lang='grc' dir='ltr'>ὁμοίωσιν</span> <span class='ocrx_word' id='word_1_644' title='bbox 3376 4022 3584 4077; x_wconf 77' lang='grc' dir='ltr'>ἐκείνου</span> <span class='ocrx_word' id='word_1_645' title='bbox 3617 4021 3715 4085; x_wconf 90' lang='grc' dir='ltr'><strong>τάς</strong></span> 
     </span>
    </p>
   </div>
   <div class='ocr_carea' id='block_1_87' title="bbox 2120 4115 3714 4189">
    <p class='ocr_par' dir='ltr' id='par_1_87' title="bbox 2120 4115 3714 4189">
     <span class='ocr_line' id='line_1_87' title="bbox 2120 4115 3714 4189; baseline -0.003 -18"><span class='ocrx_word' id='word_1_646' title='bbox 2120 4116 2188 4171; x_wconf 78' lang='grc' dir='ltr'>δι’</span> <span class='ocrx_word' id='word_1_647' title='bbox 2221 4116 2398 4188; x_wconf 83' lang='grc' dir='ltr'>εὐχῶν</span> <span class='ocrx_word' id='word_1_648' title='bbox 2416 4117 2797 4189; x_wconf 81' lang='grc' dir='ltr'>ἀναπέμποντι</span> <span class='ocrx_word' id='word_1_649' title='bbox 2834 4116 2914 4186; x_wconf 82' lang='grc' dir='ltr'>τῷ</span> <span class='ocrx_word' id='word_1_650' title='bbox 2952 4115 3073 4186; x_wconf 80' lang='grc' dir='ltr'><strong>Θεῷ</strong></span> <span class='ocrx_word' id='word_1_651' title='bbox 3106 4115 3301 4188; x_wconf 72' lang='grc' dir='ltr'>νοερᾶς</span> <span class='ocrx_word' id='word_1_652' title='bbox 3335 4117 3427 4169; x_wconf 75' lang='grc' dir='ltr'>καὶ</span> <span class='ocrx_word' id='word_1_653' title='bbox 3466 4115 3714 4187; x_wconf 80' lang='grc' dir='ltr'>καθαρὰς</span> 
     </span>
    </p>
   </div>
   <div class='ocr_carea' id='block_1_88' title="bbox 2122 4208 3710 4281">
    <p class='ocr_par' dir='ltr' id='par_1_88' title="bbox 2122 4208 3710 4281">
     <span class='ocr_line' id='line_1_88' title="bbox 2122 4208 3710 4281; baseline 0.006 -19"><span class='ocrx_word' id='word_1_654' title='bbox 2122 4208 2332 4274; x_wconf 84' lang='grc' dir='ltr'>Θυσίας,</span> <span class='ocrx_word' id='word_1_655' title='bbox 2359 4209 2616 4281; x_wconf 84' lang='grc' dir='ltr'>δυνάμεις</span> <span class='ocrx_word' id='word_1_656' title='bbox 2644 4210 2824 4277; x_wconf 84' lang='grc' dir='ltr'>ἁγίας,</span> <span class='ocrx_word' id='word_1_657' title='bbox 2860 4209 2955 4262; x_wconf 73' lang='grc' dir='ltr'>καὶ</span> <span class='ocrx_word' id='word_1_658' title='bbox 2999 4209 3247 4276; x_wconf 80' lang='grc' dir='ltr'>ἀγγέλων</span> <span class='ocrx_word' id='word_1_659' title='bbox 3290 4209 3451 4280; x_wconf 84' lang='grc' dir='ltr'>ἱερῶν</span> <span class='ocrx_word' id='word_1_660' title='bbox 3495 4209 3710 4280; x_wconf 75' lang='grc' dir='ltr'>χοροὺς.</span> 
     </span>
    </p>
   </div>
   <div class='ocr_carea' id='block_1_89' title="bbox 2121 4298 3356 4372">
    <p class='ocr_par' dir='ltr' id='par_1_89' title="bbox 2121 4298 3356 4372">
     <span class='ocr_line' id='line_1_89' title="bbox 2121 4298 3356 4372; baseline -0.003 -18"><span class='ocrx_word' id='word_1_661' title='bbox 2121 4300 2268 4365; x_wconf 79' lang='grc' dir='ltr'>εἰκὸς</span> <span class='ocrx_word' id='word_1_662' title='bbox 2291 4300 2357 4355; x_wconf 80' lang='grc' dir='ltr'><strong>ἂν</strong></span> <span class='ocrx_word' id='word_1_663' title='bbox 2387 4299 2474 4372; x_wconf 79' lang='grc' dir='ltr'><strong>εἴη</strong></span> <span class='ocrx_word' id='word_1_664' title='bbox 2504 4299 2854 4370; x_wconf 85' lang='grc' dir='ltr'>συνεύχεσθαι</span> <span class='ocrx_word' id='word_1_665' title='bbox 2888 4300 2979 4352; x_wconf 71' lang='grc' dir='ltr'><strong>καὶ</strong></span> <span class='ocrx_word' id='word_1_666' title='bbox 3012 4298 3356 4370; x_wconf 80' lang='grc' dir='ltr'>ἐπεύχεσθαι.</span> 
     </span>
    </p>
   </div>
   <div class='ocr_carea' id='block_1_90' title="bbox 2192 4390 3709 4461">
    <p class='ocr_par' dir='ltr' id='par_1_90' title="bbox 2192 4390 3709 4461">
     <span class='ocr_line' id='line_1_90' title="bbox 2192 4390 3709 4461; baseline -0.001 -15"><span class='ocrx_word' id='word_1_667' title='bbox 2192 4391 2318 4461; x_wconf 82' lang='grc' dir='ltr'>Δῴη</span> <span class='ocrx_word' id='word_1_668' title='bbox 2370 4408 2469 4446; x_wconf 90' lang='grc' dir='ltr'><strong>σοι</strong></span> <span class='ocrx_word' id='word_1_669' title='bbox 2509 4393 2724 4460; x_wconf 86' lang='grc' dir='ltr'>Κύριος</span> <span class='ocrx_word' id='word_1_670' title='bbox 2772 4391 2923 4445; x_wconf 79' lang='grc' dir='ltr'>κατὰ</span> <span class='ocrx_word' id='word_1_671' title='bbox 2970 4390 3087 4459; x_wconf 81' lang='grc' dir='ltr'><strong>τὴν</strong></span> <span class='ocrx_word' id='word_1_672' title='bbox 3129 4391 3382 4459; x_wconf 77' lang='grc' dir='ltr'>καρδίαν</span> <span class='ocrx_word' id='word_1_673' title='bbox 3422 4408 3573 4454; x_wconf 83' lang='grc' dir='ltr'>σου,</span> <span class='ocrx_word' id='word_1_674' title='bbox 3611 4392 3709 4444; x_wconf 74' lang='grc' dir='ltr'>καί</span> 
     </span>
    </p>
   </div>
   <div class='ocr_carea' id='block_1_91' title="bbox 2122 4483 3713 4553">
    <p class='ocr_par' dir='ltr' id='par_1_91' title="bbox 2122 4483 3713 4553">
     <span class='ocr_line' id='line_1_91' title="bbox 2122 4483 3713 4553; baseline -0.002 -14"><span class='ocrx_word' id='word_1_675' title='bbox 2122 4484 2330 4541; x_wconf 81' lang='grc' dir='ltr'>πᾶσαν</span> <span class='ocrx_word' id='word_1_676' title='bbox 2361 4484 2477 4553; x_wconf 82' lang='grc' dir='ltr'>τὴν</span> <span class='ocrx_word' id='word_1_677' title='bbox 2515 4485 2754 4550; x_wconf 74' lang='grc' dir='ltr'>βουλήν</span> <span class='ocrx_word' id='word_1_678' title='bbox 2787 4499 2903 4538; x_wconf 90' lang='grc' dir='ltr'><strong>σου</strong></span> <span class='ocrx_word' id='word_1_679' title='bbox 2942 4483 3276 4551; x_wconf 81' lang='grc' dir='ltr'>πληρώσαι.</span> <span class='ocrx_word' id='word_1_680' title='bbox 3323 4484 3713 4552; x_wconf 71' lang='grc' dir='ltr'>Ἀγαιλιασόο</span> 
     </span>
    </p>
   </div>
   <div class='ocr_carea' id='block_1_92' title="bbox 434 4562 2021 4648">
    <p class='ocr_par' dir='ltr' id='par_1_92' title="bbox 434 4562 2020 4648">
     <span class='ocr_line' id='line_1_92' title="bbox 434 4562 2020 4648; baseline -0.007 -22"><span class='ocrx_word' id='word_1_681' title='bbox 434 4572 606 4626; x_wconf 90' lang='lat' dir='ltr'><strong>bimur</strong></span> <span class='ocrx_word' id='word_1_682' title='bbox 636 4570 691 4624; x_wconf 89' lang='lat' dir='ltr'><strong>in</strong></span> <span class='ocrx_word' id='word_1_683' title='bbox 723 4567 956 4648; x_wconf 67' lang='lat' dir='ltr'><strong>salutari</strong></span> <span class='ocrx_word' id='word_1_684' title='bbox 987 4576 1096 4630; x_wconf 82' lang='lat' dir='ltr'><strong>tuo,</strong></span> <span class='ocrx_word' id='word_1_685' title='bbox 1122 4573 1172 4620; x_wconf 80' lang='lat' dir='ltr'><strong>et</strong></span> <span class='ocrx_word' id='word_1_686' title='bbox 1209 4566 1265 4619; x_wconf 88' lang='lat' dir='ltr'><strong>in</strong></span> <span class='ocrx_word' id='word_1_687' title='bbox 1297 4565 1507 4619; x_wconf 81' lang='lat' dir='ltr'><strong>nomine</strong></span> <span class='ocrx_word' id='word_1_688' title='bbox 1536 4563 1755 4617; x_wconf 89' lang='lat' dir='ltr'><strong>Domini</strong></span> <span class='ocrx_word' id='word_1_689' title='bbox 1796 4562 1897 4617; x_wconf 88' lang='lat' dir='ltr'><strong>Dei</strong></span> <span class='ocrx_word' id='word_1_690' title='bbox 1924 4578 2020 4616; x_wconf 86' lang='lat' dir='ltr'><strong>no-</strong></span> 
     </span>
    </p>
   </div>
   <div class='ocr_carea' id='block_1_93' title="bbox 2123 4562 3713 4648">
    <p class='ocr_par' dir='ltr' id='par_1_93' title="bbox 2123 4575 3713 4648">
     <span class='ocr_line' id='line_1_93' title="bbox 2123 4575 3713 4648; baseline -0.001 -17"><span class='ocrx_word' id='word_1_691' title='bbox 2123 4578 2360 4648; x_wconf 77' lang='grc' dir='ltr'>μεθαὲν</span> <span class='ocrx_word' id='word_1_692' title='bbox 2389 4576 2470 4641; x_wconf 84' lang='grc' dir='ltr'>τῷ</span> <span class='ocrx_word' id='word_1_693' title='bbox 2500 4577 2772 4645; x_wconf 81' lang='grc' dir='ltr'>σωτηρίῳ</span> <span class='ocrx_word' id='word_1_694' title='bbox 2801 4591 2938 4641; x_wconf 89' lang='grc' dir='ltr'>σου,</span> <span class='ocrx_word' id='word_1_695' title='bbox 2969 4577 3066 4630; x_wconf 80' lang='grc' dir='ltr'><strong>καὶ</strong></span> <span class='ocrx_word' id='word_1_696' title='bbox 3096 4577 3166 4630; x_wconf 81' lang='grc' dir='ltr'>ἐν</span> <span class='ocrx_word' id='word_1_697' title='bbox 3196 4576 3276 4642; x_wconf 80' lang='grc' dir='ltr'>τῷ</span> <span class='ocrx_word' id='word_1_698' title='bbox 3299 4577 3539 4645; x_wconf 61' lang='grc' dir='ltr'>ὀνόμασι</span> <span class='ocrx_word' id='word_1_699' title='bbox 3564 4575 3713 4629; x_wconf 78' lang='grc' dir='ltr'>Θεοῦ</span> 
     </span>
    </p>
   </div>
   <div class='ocr_carea' id='block_1_94' title="bbox 433 4636 2020 4733">
    <p class='ocr_par' dir='ltr' id='par_1_94' title="bbox 433 4636 2020 4733">
     <span class='ocr_line' id='line_1_94' title="bbox 433 4636 2020 4733; baseline -0.006 -15"><span class='ocrx_word' id='word_1_700' title='bbox 433 4665 533 4718; x_wconf 89' lang='lat' dir='ltr'><strong>stri</strong></span> <span class='ocrx_word' id='word_1_701' title='bbox 561 4636 1044 4733; x_wconf 67' lang='lat' dir='ltr'><strong>magni/icabimur.</strong></span> <span class='ocrx_word' id='word_1_702' title='bbox 1075 4657 1301 4727; x_wconf 88' lang='lat' dir='ltr'><strong>Impleat</strong></span> <span class='ocrx_word' id='word_1_703' title='bbox 1317 4657 1575 4715; x_wconf 87' lang='lat' dir='ltr'><strong>Dominus</strong></span> <span class='ocrx_word' id='word_1_704' title='bbox 1601 4671 1783 4709; x_wconf 88' lang='lat' dir='ltr'><strong>omnes</strong></span> <span class='ocrx_word' id='word_1_705' title='bbox 1805 4655 2020 4725; x_wconf 84' lang='lat' dir='ltr'><strong>petitio-</strong></span> 
     </span>
    </p>
   </div>
   <div class='ocr_carea' id='block_1_95' title="bbox 435 4746 2018 4823">
    <p class='ocr_par' dir='ltr' id='par_1_95' title="bbox 435 4746 2018 4823">
     <span class='ocr_line' id='line_1_95' title="bbox 435 4746 2018 4823; baseline -0.006 -14"><span class='ocrx_word' id='word_1_706' title='bbox 435 4771 527 4809; x_wconf 83' lang='lat' dir='ltr'><strong>nes</strong></span> <span class='ocrx_word' id='word_1_707' title='bbox 558 4764 677 4809; x_wconf 86' lang='lat' dir='ltr'><strong>tuas</strong></span> <span class='ocrx_word' id='word_1_708' title='bbox 704 4771 722 4808; x_wconf 88' lang='lat'><strong><em>:</em></strong></span> <span class='ocrx_word' id='word_1_709' title='bbox 750 4770 888 4809; x_wconf 88' lang='lat' dir='ltr'><strong>nunc</strong></span> <span class='ocrx_word' id='word_1_710' title='bbox 923 4752 1136 4823; x_wconf 83' lang='lat' dir='ltr'><strong>cognovi</strong></span> <span class='ocrx_word' id='word_1_711' title='bbox 1166 4752 1415 4822; x_wconf 87' lang='lat' dir='ltr'><strong>quoniam</strong></span> <span class='ocrx_word' id='word_1_712' title='bbox 1440 4750 1647 4803; x_wconf 79' lang='lat' dir='ltr'><strong>salvum</strong></span> <span class='ocrx_word' id='word_1_713' title='bbox 1680 4747 1803 4817; x_wconf 78' lang='lat' dir='ltr'><strong>fecit</strong></span> <span class='ocrx_word' id='word_1_714' title='bbox 1836 4746 2018 4801; x_wconf 86' lang='lat' dir='ltr'><strong>Domi-</strong></span> 
     </span>
    </p>
   </div>
   <div class='ocr_carea' id='block_1_96' title="bbox 438 4842 2020 4916">
    <p class='ocr_par' dir='ltr' id='par_1_96' title="bbox 438 4842 2020 4916">
     <span class='ocr_line' id='line_1_96' title="bbox 438 4842 2020 4916; baseline -0.004 -14"><span class='ocrx_word' id='word_1_715' title='bbox 438 4864 537 4902; x_wconf 89' lang='lat' dir='ltr'><strong>nus</strong></span> <span class='ocrx_word' id='word_1_716' title='bbox 562 4844 831 4903; x_wconf 85' lang='lat' dir='ltr'><strong>Christum</strong></span> <span class='ocrx_word' id='word_1_717' title='bbox 854 4862 1028 4901; x_wconf 88' lang='lat' dir='ltr'><strong>suum.</strong></span> <span class='ocrx_word' id='word_1_718' title='bbox 1059 4847 1105 4900; x_wconf 86' lang='lat' dir='ltr'><strong>A</strong></span> <span class='ocrx_word' id='word_1_719' title='bbox 1132 4844 1491 4916; x_wconf 81' lang='lat' dir='ltr'><strong>diapsalmate</strong></span> <span class='ocrx_word' id='word_1_720' title='bbox 1518 4843 1631 4897; x_wconf 88' lang='lat' dir='ltr'><strong>orsi</strong></span> <span class='ocrx_word' id='word_1_721' title='bbox 1662 4842 1757 4912; x_wconf 91' lang='lat' dir='ltr'><strong>qui</strong></span> <span class='ocrx_word' id='word_1_722' title='bbox 1796 4856 2020 4911; x_wconf 88' lang='lat' dir='ltr'><strong>precan-</strong></span> 
     </span>
    </p>
   </div>
   <div class='ocr_carea' id='block_1_97' title="bbox 437 4933 2019 5010">
    <p class='ocr_par' dir='ltr' id='par_1_97' title="bbox 437 4933 2019 5010">
     <span class='ocr_line' id='line_1_97' title="bbox 437 4933 2019 5010; baseline -0.005 -16"><span class='ocrx_word' id='word_1_723' title='bbox 437 4947 550 5008; x_wconf 90' lang='lat' dir='ltr'><strong>tur,</strong></span> <span class='ocrx_word' id='word_1_724' title='bbox 576 4938 918 5010; x_wconf 87' lang='lat' dir='ltr'><strong>prophetiam</strong></span> <span class='ocrx_word' id='word_1_725' title='bbox 957 4939 1251 5005; x_wconf 87' lang='lat' dir='ltr'><strong>emittunt;</strong></span> <span class='ocrx_word' id='word_1_726' title='bbox 1282 4935 1430 5007; x_wconf 89' lang='lat' dir='ltr'><strong>quod</strong></span> <span class='ocrx_word' id='word_1_727' title='bbox 1475 4936 1526 4990; x_wconf 91' lang='lat' dir='ltr'><strong>ei</strong></span> <span class='ocrx_word' id='word_1_728' title='bbox 1545 4935 1639 5006; x_wconf 91' lang='lat' dir='ltr'><strong>qui</strong></span> <span class='ocrx_word' id='word_1_729' title='bbox 1670 4933 2019 4988; x_wconf 89' lang='lat' dir='ltr'><strong>rationabilia</strong></span> 
     </span>
    </p>
   </div>
   <div class='ocr_carea' id='block_1_98' title="bbox 432 5023 2018 5098">
    <p class='ocr_par' dir='ltr' id='par_1_98' title="bbox 432 5023 2018 5098">
     <span class='ocr_line' id='line_1_98' title="bbox 432 5023 2018 5098; baseline -0.004 -11"><span class='ocrx_word' id='word_1_730' title='bbox 432 5032 527 5087; x_wconf 89' lang='lat' dir='ltr'><strong>illa</strong></span> <span class='ocrx_word' id='word_1_731' title='bbox 556 5029 828 5088; x_wconf 86' lang='lat' dir='ltr'><strong>sacriﬁcia</strong></span> <span class='ocrx_word' id='word_1_732' title='bbox 852 5029 1081 5096; x_wconf 88' lang='lat' dir='ltr'><strong>obtulit,</strong></span> <span class='ocrx_word' id='word_1_733' title='bbox 1131 5044 1195 5085; x_wconf 89' lang='lat' dir='ltr'><strong>ea</strong></span> <span class='ocrx_word' id='word_1_734' title='bbox 1234 5029 1418 5083; x_wconf 88' lang='lat' dir='ltr'><strong>omnia</strong></span> <span class='ocrx_word' id='word_1_735' title='bbox 1447 5027 1745 5098; x_wconf 78' lang='lat' dir='ltr'><strong>largiturus</strong></span> <span class='ocrx_word' id='word_1_736' title='bbox 1770 5025 1842 5080; x_wconf 92' lang='lat' dir='ltr'><strong>sit</strong></span> <span class='ocrx_word' id='word_1_737' title='bbox 1872 5023 2018 5080; x_wconf 88' lang='lat' dir='ltr'><strong>Deus</strong></span> 
     </span>
    </p>
   </div>
   <div class='ocr_carea' id='block_1_99' title="bbox 432 5118 2019 5198">
    <p class='ocr_par' dir='ltr' id='par_1_99' title="bbox 432 5118 2019 5198">
     <span class='ocr_line' id='line_1_99' title="bbox 432 5118 2019 5198; baseline -0.004 -16"><span class='ocrx_word' id='word_1_738' title='bbox 432 5140 555 5198; x_wconf 65' lang='lat' dir='ltr'><strong>qua:</strong></span> <span class='ocrx_word' id='word_1_739' title='bbox 581 5131 766 5181; x_wconf 88' lang='lat' dir='ltr'><strong>mente</strong></span> <span class='ocrx_word' id='word_1_740' title='bbox 803 5131 860 5180; x_wconf 81' lang='lat' dir='ltr'><strong>et</strong></span> <span class='ocrx_word' id='word_1_741' title='bbox 889 5124 1072 5179; x_wconf 89' lang='lat' dir='ltr'><strong>animo</strong></span> <span class='ocrx_word' id='word_1_742' title='bbox 1110 5121 1445 5192; x_wconf 78' lang='lat' dir='ltr'><strong>postulavit;</strong></span> <span class='ocrx_word' id='word_1_743' title='bbox 1487 5127 1542 5174; x_wconf 90' lang='lat' dir='ltr'><strong>et</strong></span> <span class='ocrx_word' id='word_1_744' title='bbox 1569 5119 1862 5174; x_wconf 90' lang='lat' dir='ltr'><strong>consilium</strong></span> <span class='ocrx_word' id='word_1_745' title='bbox 1895 5118 2019 5187; x_wconf 89' lang='lat' dir='ltr'><strong>ejus</strong></span> 
     </span>
    </p>
   </div>
   <div class='ocr_carea' id='block_1_100' title="bbox 434 5212 2018 5290">
    <p class='ocr_par' dir='ltr' id='par_1_100' title="bbox 434 5212 2018 5290">
     <span class='ocr_line' id='line_1_100' title="bbox 434 5212 2018 5290; baseline -0.003 -17"><span class='ocrx_word' id='word_1_746' title='bbox 434 5218 803 5290; x_wconf 75' lang='lat' dir='ltr'><strong>perfecturus,</strong></span> <span class='ocrx_word' id='word_1_747' title='bbox 826 5218 872 5275; x_wconf 89' lang='lat' dir='ltr'><strong>si</strong></span> <span class='ocrx_word' id='word_1_748' title='bbox 895 5217 1116 5289; x_wconf 90' lang='lat' dir='ltr'><strong>quidem</strong></span> <span class='ocrx_word' id='word_1_749' title='bbox 1139 5232 1251 5273; x_wconf 89' lang='lat' dir='ltr'><strong>non</strong></span> <span class='ocrx_word' id='word_1_750' title='bbox 1291 5214 1455 5271; x_wconf 80' lang='lat' dir='ltr'><strong>fuerit</strong></span> <span class='ocrx_word' id='word_1_751' title='bbox 1484 5214 1619 5285; x_wconf 85' lang='lat' dir='ltr'><strong>ipsis</strong></span> <span class='ocrx_word' id='word_1_752' title='bbox 1648 5212 1741 5270; x_wconf 90' lang='lat' dir='ltr'><strong>Dei</strong></span> <span class='ocrx_word' id='word_1_753' title='bbox 1766 5214 2018 5269; x_wconf 90' lang='lat' dir='ltr'><strong>consiliis</strong></span> 
     </span>
    </p>
   </div>
   <div class='ocr_carea' id='block_1_101' title="bbox 436 5306 2020 5387">
    <p class='ocr_par' dir='ltr' id='par_1_101' title="bbox 436 5306 2020 5387">
     <span class='ocr_line' id='line_1_101' title="bbox 436 5306 2020 5387; baseline -0.003 -24"><span class='ocrx_word' id='word_1_754' title='bbox 436 5309 696 5368; x_wconf 82' lang='lat' dir='ltr'><strong>alienum.</strong></span> <span class='ocrx_word' id='word_1_755' title='bbox 720 5309 815 5375; x_wconf 83' lang='lat' dir='ltr'><strong>lis,</strong></span> <span class='ocrx_word' id='word_1_756' title='bbox 847 5310 1127 5381; x_wconf 90' lang='lat' dir='ltr'><strong>inquiunt,</strong></span> <span class='ocrx_word' id='word_1_757' title='bbox 1154 5319 1334 5364; x_wconf 88' lang='lat' dir='ltr'><strong>tecum</strong></span> <span class='ocrx_word' id='word_1_758' title='bbox 1376 5308 1533 5363; x_wconf 89' lang='lat' dir='ltr'><strong>bonis</strong></span> <span class='ocrx_word' id='word_1_759' title='bbox 1571 5306 1840 5387; x_wconf 78' lang='lat' dir='ltr'><strong>l‘ruemur,</strong></span> <span class='ocrx_word' id='word_1_760' title='bbox 1868 5307 2020 5361; x_wconf 59' lang='lat' dir='ltr'><strong>laeta-</strong></span> 
     </span>
    </p>
   </div>
   <div class='ocr_carea' id='block_1_102' title="bbox 436 5400 2015 5474">
    <p class='ocr_par' dir='ltr' id='par_1_102' title="bbox 436 5400 2015 5474">
     <span class='ocr_line' id='line_1_102' title="bbox 436 5400 2015 5474; baseline -0.003 -17"><span class='ocrx_word' id='word_1_761' title='bbox 436 5401 729 5474; x_wconf 82' lang='lat' dir='ltr'><strong>bimurque</strong></span> <span class='ocrx_word' id='word_1_762' title='bbox 785 5403 842 5457; x_wconf 90' lang='lat' dir='ltr'><strong>in</strong></span> <span class='ocrx_word' id='word_1_763' title='bbox 891 5402 1117 5458; x_wconf 86' lang='lat' dir='ltr'><strong>salutari</strong></span> <span class='ocrx_word' id='word_1_764' title='bbox 1165 5409 1301 5457; x_wconf 87' lang='lat' dir='ltr'><strong>tuo:</strong></span> <span class='ocrx_word' id='word_1_765' title='bbox 1344 5401 1499 5471; x_wconf 86' lang='lat' dir='ltr'><strong>gnari</strong></span> <span class='ocrx_word' id='word_1_766' title='bbox 1529 5400 1732 5470; x_wconf 90' lang='lat' dir='ltr'><strong>quippe</strong></span> <span class='ocrx_word' id='word_1_767' title='bbox 1787 5412 2015 5463; x_wconf 87' lang='lat' dir='ltr'><strong>sumus,</strong></span> 
     </span>
    </p>
   </div>
   <div class='ocr_carea' id='block_1_103' title="bbox 441 5489 2020 5562">
    <p class='ocr_par' dir='ltr' id='par_1_103' title="bbox 441 5489 2020 5562">
     <span class='ocr_line' id='line_1_103' title="bbox 441 5489 2020 5562; baseline -0.003 -15"><span class='ocrx_word' id='word_1_768' title='bbox 441 5492 647 5562; x_wconf 90' lang='lat' dir='ltr'><strong>Spiritu</strong></span> <span class='ocrx_word' id='word_1_769' title='bbox 681 5499 872 5549; x_wconf 82' lang='lat' dir='ltr'><strong>sancto</strong></span> <span class='ocrx_word' id='word_1_770' title='bbox 916 5494 1221 5558; x_wconf 83' lang='lat' dir='ltr'><strong>revelante,</strong></span> <span class='ocrx_word' id='word_1_771' title='bbox 1284 5492 1491 5562; x_wconf 88' lang='lat' dir='ltr'><strong>prolem</strong></span> <span class='ocrx_word' id='word_1_772' title='bbox 1523 5489 1673 5544; x_wconf 90' lang='lat' dir='ltr'><strong>illam</strong></span> <span class='ocrx_word' id='word_1_773' title='bbox 1703 5504 1767 5543; x_wconf 83' lang='lat' dir='ltr'><strong>ex</strong></span> <span class='ocrx_word' id='word_1_774' title='bbox 1802 5496 1858 5544; x_wconf 90' lang='lat' dir='ltr'><strong>te</strong></span> <span class='ocrx_word' id='word_1_775' title='bbox 1890 5502 2020 5558; x_wconf 88' lang='lat' dir='ltr'><strong>pro-</strong></span> 
     </span>
    </p>
   </div>
   <div class='ocr_carea' id='block_1_104' title="bbox 435 5582 2015 5648">
    <p class='ocr_par' dir='ltr' id='par_1_104' title="bbox 435 5582 2015 5648">
     <span class='ocr_line' id='line_1_104' title="bbox 435 5582 2015 5648; baseline -0.002 -9"><span class='ocrx_word' id='word_1_776' title='bbox 435 5583 696 5648; x_wconf 74' lang='lat' dir='ltr'><strong>dituram.</strong></span> <span class='ocrx_word' id='word_1_777' title='bbox 723 5585 1101 5640; x_wconf 81' lang='lat' dir='ltr'><strong>universorum</strong></span> <span class='ocrx_word' id='word_1_778' title='bbox 1130 5584 1416 5640; x_wconf 88' lang='lat' dir='ltr'><strong>hominum</strong></span> <span class='ocrx_word' id='word_1_779' title='bbox 1465 5583 1706 5638; x_wconf 87' lang='lat' dir='ltr'><strong>salutare</strong></span> <span class='ocrx_word' id='word_1_780' title='bbox 1751 5582 2015 5636; x_wconf 81' lang='lat' dir='ltr'><strong>futuram.</strong></span> 
     </span>
    </p>
   </div>
   <div class='ocr_carea' id='block_1_105' title="bbox 435 5674 2018 5750">
    <p class='ocr_par' dir='ltr' id='par_1_105' title="bbox 435 5674 2018 5750">
     <span class='ocr_line' id='line_1_105' title="bbox 435 5674 2018 5750; baseline -0.004 -16"><span class='ocrx_word' id='word_1_781' title='bbox 435 5677 557 5745; x_wconf 82' lang='lat' dir='ltr'><strong>Qua</strong></span> <span class='ocrx_word' id='word_1_782' title='bbox 604 5676 659 5732; x_wconf 90' lang='lat' dir='ltr'><strong>in</strong></span> <span class='ocrx_word' id='word_1_783' title='bbox 690 5693 749 5733; x_wconf 91' lang='lat' dir='ltr'><strong>re</strong></span> <span class='ocrx_word' id='word_1_784' title='bbox 778 5692 878 5735; x_wconf 89' lang='lat' dir='ltr'><strong>nos</strong></span> <span class='ocrx_word' id='word_1_785' title='bbox 906 5694 1124 5750; x_wconf 88' lang='lat' dir='ltr'><strong>quoque</strong></span> <span class='ocrx_word' id='word_1_786' title='bbox 1148 5678 1203 5733; x_wconf 90' lang='lat' dir='ltr'><strong>in</strong></span> <span class='ocrx_word' id='word_1_787' title='bbox 1233 5678 1455 5735; x_wconf 85' lang='lat' dir='ltr'><strong>nomine</strong></span> <span class='ocrx_word' id='word_1_788' title='bbox 1482 5676 1701 5733; x_wconf 86' lang='lat' dir='ltr'><strong>Domini</strong></span> <span class='ocrx_word' id='word_1_789' title='bbox 1723 5675 1817 5731; x_wconf 89' lang='lat' dir='ltr'><strong>Dei</strong></span> <span class='ocrx_word' id='word_1_790' title='bbox 1842 5674 2018 5731; x_wconf 90' lang='lat' dir='ltr'><strong>nostri</strong></span> 
     </span>
    </p>
   </div>
   <div class='ocr_carea' id='block_1_106' title="bbox 435 5769 2015 5845">
    <p class='ocr_par' dir='ltr' id='par_1_106' title="bbox 435 5769 2015 5845">
     <span class='ocr_line' id='line_1_106' title="bbox 435 5769 2015 5845; baseline -0.001 -19"><span class='ocrx_word' id='word_1_791' title='bbox 435 5769 931 5842; x_wconf 78' lang='lat' dir='ltr'><strong>magniﬁcabimur.</strong></span> <span class='ocrx_word' id='word_1_792' title='bbox 964 5771 1300 5844; x_wconf 87' lang='lat' dir='ltr'><strong>lmpleantur</strong></span> <span class='ocrx_word' id='word_1_793' title='bbox 1329 5773 1492 5830; x_wconf 86' lang='lat' dir='ltr'><strong>etiam</strong></span> <span class='ocrx_word' id='word_1_794' title='bbox 1538 5771 1829 5845; x_wconf 87' lang='lat' dir='ltr'><strong>petitiones</strong></span> <span class='ocrx_word' id='word_1_795' title='bbox 1861 5777 1970 5826; x_wconf 70' lang='lat' dir='ltr'><strong>tua:</strong></span> <span class='ocrx_word' id='word_1_796' title='bbox 2002 5788 2015 5825; x_wconf 90' lang='lat'><strong>:</strong></span> 
     </span>
    </p>
   </div>
   <div class='ocr_carea' id='block_1_107' title="bbox 438 5861 1323 5947">
    <p class='ocr_par' dir='ltr' id='par_1_107' title="bbox 438 5861 1323 5947">
     <span class='ocr_line' id='line_1_107' title="bbox 438 5861 1323 5947; baseline 0.003 -31"><span class='ocrx_word' id='word_1_797' title='bbox 438 5861 572 5934; x_wconf 71' lang='lat' dir='ltr'><strong>ipsae</strong></span> <span class='ocrx_word' id='word_1_798' title='bbox 599 5861 1161 5947; x_wconf 48' lang='grc' dir='ltr'>ςιλίρρορξορίειιέ</span> <span class='ocrx_word' id='word_1_799' title='bbox 1178 5871 1323 5947; x_wconf 69' lang='lat' dir='ltr'><strong>sunt.</strong></span> 
     </span>
    </p>
   </div>
   <div class='ocr_carea' id='block_1_108' title="bbox 2120 4666 3715 4739">
    <p class='ocr_par' dir='ltr' id='par_1_108' title="bbox 2120 4666 3715 4739">
     <span class='ocr_line' id='line_1_108' title="bbox 2120 4666 3715 4739; baseline -0.003 -17"><span class='ocrx_word' id='word_1_800' title='bbox 2120 4667 2293 4739; x_wconf 69' lang='grc' dir='ltr'>’ἡμῶν</span> <span class='ocrx_word' id='word_1_801' title='bbox 2308 4669 2909 4738; x_wconf 59' lang='grc' dir='ltr'>μετηλυνθησόμεθα.</span> <span class='ocrx_word' id='word_1_802' title='bbox 2943 4667 3260 4735; x_wconf 73' lang='grc' dir='ltr'>Πληρώσαι</span> <span class='ocrx_word' id='word_1_803' title='bbox 3284 4668 3500 4735; x_wconf 77' lang='grc' dir='ltr'>Κύριος</span> <span class='ocrx_word' id='word_1_804' title='bbox 3517 4666 3715 4719; x_wconf 78' lang='grc' dir='ltr'>πάντα</span> 
     </span>
    </p>
   </div>
   <div class='ocr_carea' id='block_1_109' title="bbox 2120 4758 3713 4830">
    <p class='ocr_par' dir='ltr' id='par_1_109' title="bbox 2120 4758 3713 4830">
     <span class='ocr_line' id='line_1_109' title="bbox 2120 4758 3713 4830; baseline -0.004 -15"><span class='ocrx_word' id='word_1_805' title='bbox 2120 4761 2193 4815; x_wconf 82' lang='grc' dir='ltr'>τὰ</span> <span class='ocrx_word' id='word_1_806' title='bbox 2223 4759 2515 4830; x_wconf 79' lang='grc' dir='ltr'>αὶτήματά</span> <span class='ocrx_word' id='word_1_807' title='bbox 2554 4774 2671 4813; x_wconf 89' lang='grc' dir='ltr'><strong>σου</strong></span> <span class='ocrx_word' id='word_1_808' title='bbox 2695 4776 2708 4790; x_wconf 89' lang='grc'><strong>·</strong></span> <span class='ocrx_word' id='word_1_809' title='bbox 2746 4759 2863 4813; x_wconf 77' lang='grc' dir='ltr'><strong>νῦν</strong></span> <span class='ocrx_word' id='word_1_810' title='bbox 2896 4758 3106 4829; x_wconf 73' lang='grc' dir='ltr'>ἔγνων,</span> <span class='ocrx_word' id='word_1_811' title='bbox 3148 4759 3238 4813; x_wconf 82' lang='grc' dir='ltr'><strong>ὅτι</strong></span> <span class='ocrx_word' id='word_1_812' title='bbox 3276 4760 3471 4814; x_wconf 70' lang='grc' dir='ltr'>ἔσωοέ</span> <span class='ocrx_word' id='word_1_813' title='bbox 3496 4760 3713 4827; x_wconf 83' lang='grc' dir='ltr'>Κύριος</span> 
     </span>
    </p>
   </div>
   <div class='ocr_carea' id='block_1_110' title="bbox 2121 4842 3704 4919">
    <p class='ocr_par' dir='ltr' id='par_1_110' title="bbox 2121 4842 3704 4919">
     <span class='ocr_line' id='line_1_110' title="bbox 2121 4842 3704 4919; baseline -0.005 -16"><span class='ocrx_word' id='word_1_814' title='bbox 2121 4850 2228 4903; x_wconf 81' lang='grc' dir='ltr'>τὸν</span> <span class='ocrx_word' id='word_1_815' title='bbox 2259 4848 2517 4919; x_wconf 80' lang='grc' dir='ltr'>Χριστὸν</span> <span class='ocrx_word' id='word_1_816' title='bbox 2552 4847 2757 4902; x_wconf 83' lang='grc' dir='ltr'>αὐτοῦ.</span> <span class='ocrx_word' id='word_1_817' title='bbox 2802 4846 2936 4901; x_wconf 82' lang='grc' dir='ltr'>Ἀπὸ</span> <span class='ocrx_word' id='word_1_818' title='bbox 2975 4847 3070 4900; x_wconf 89' lang='grc' dir='ltr'><strong>τοῦ</strong></span> <span class='ocrx_word' id='word_1_819' title='bbox 3114 4847 3486 4917; x_wconf 81' lang='grc' dir='ltr'>διαψάλματος</span> <span class='ocrx_word' id='word_1_820' title='bbox 3527 4845 3578 4897; x_wconf 78' lang='grc' dir='ltr'><strong>οἱ</strong></span> <span class='ocrx_word' id='word_1_821' title='bbox 3617 4842 3704 4896; x_wconf 78' lang='grc' dir='ltr'><strong>εὐ·</strong></span> 
     </span>
    </p>
   </div>
   <div class='ocr_carea' id='block_1_111' title="bbox 2122 4930 3713 5014">
    <p class='ocr_par' dir='ltr' id='par_1_111' title="bbox 2122 4930 3713 5014">
     <span class='ocr_line' id='line_1_111' title="bbox 2122 4930 3713 5014; baseline -0.005 -18"><span class='ocrx_word' id='word_1_822' title='bbox 2122 4942 2345 5014; x_wconf 81' lang='grc' dir='ltr'>ξάμενοι</span> <span class='ocrx_word' id='word_1_823' title='bbox 2399 4940 2863 5011; x_wconf 81' lang='grc' dir='ltr'>προφητεύουσιν,</span> <span class='ocrx_word' id='word_1_824' title='bbox 2909 4939 3060 5009; x_wconf 83' lang='grc' dir='ltr'>αὐτῷ</span> <span class='ocrx_word' id='word_1_825' title='bbox 3104 4940 3197 4992; x_wconf 90' lang='grc' dir='ltr'><strong>τὸν</strong></span> <span class='ocrx_word' id='word_1_826' title='bbox 3237 4939 3370 4993; x_wconf 85' lang='grc' dir='ltr'>Θεὸν</span> <span class='ocrx_word' id='word_1_827' title='bbox 3409 4938 3632 5003; x_wconf 81' lang='grc' dir='ltr'>δώσειν,</span> <span class='ocrx_word' id='word_1_828' title='bbox 3666 4930 3713 5005; x_wconf 78' lang='grc' dir='ltr'>ᾧ</span> 
     </span>
    </p>
   </div>
   <div class='ocr_carea' id='block_1_112' title="bbox 2120 5028 3712 5104">
    <p class='ocr_par' dir='ltr' id='par_1_112' title="bbox 2120 5028 3712 5104">
     <span class='ocr_line' id='line_1_112' title="bbox 2120 5028 3712 5104; baseline -0.004 -16"><span class='ocrx_word' id='word_1_829' title='bbox 2120 5035 2217 5098; x_wconf 77' lang='grc' dir='ltr'>τὰς</span> <span class='ocrx_word' id='word_1_830' title='bbox 2240 5032 2462 5102; x_wconf 83' lang='grc' dir='ltr'>λογικὰς</span> <span class='ocrx_word' id='word_1_831' title='bbox 2492 5031 2683 5097; x_wconf 84' lang='grc' dir='ltr'>θυσίας</span> <span class='ocrx_word' id='word_1_832' title='bbox 2724 5033 3117 5104; x_wconf 84' lang='grc' dir='ltr'>προσήνεγκεν,</span> <span class='ocrx_word' id='word_1_833' title='bbox 3160 5030 3264 5084; x_wconf 82' lang='grc' dir='ltr'><strong>ὅσα</strong></span> <span class='ocrx_word' id='word_1_834' title='bbox 3300 5028 3441 5083; x_wconf 83' lang='grc' dir='ltr'><strong>κατά</strong></span> <span class='ocrx_word' id='word_1_835' title='bbox 3472 5029 3712 5083; x_wconf 85' lang='grc' dir='ltr'>διάνοιαν</span> 
     </span>
    </p>
   </div>
   <div class='ocr_carea' id='block_1_113' title="bbox 2120 5122 3712 5198">
    <p class='ocr_par' dir='ltr' id='par_1_113' title="bbox 2120 5122 3712 5198">
     <span class='ocr_line' id='line_1_113' title="bbox 2120 5122 3712 5198; baseline -0.002 -20"><span class='ocrx_word' id='word_1_836' title='bbox 2120 5126 2325 5198; x_wconf 74' lang='grc' dir='ltr'>ᾔτησε,</span> <span class='ocrx_word' id='word_1_837' title='bbox 2359 5125 2453 5179; x_wconf 78' lang='grc' dir='ltr'><strong>καὶ</strong></span> <span class='ocrx_word' id='word_1_838' title='bbox 2490 5124 2769 5197; x_wconf 89' lang='grc' dir='ltr'>πλήρωσιν</span> <span class='ocrx_word' id='word_1_839' title='bbox 2804 5127 2870 5195; x_wconf 77' lang='grc' dir='ltr'>τῇ</span> <span class='ocrx_word' id='word_1_840' title='bbox 2903 5122 3086 5193; x_wconf 81' lang='grc' dir='ltr'>βουλῇ,</span> <span class='ocrx_word' id='word_1_841' title='bbox 3117 5123 3151 5193; x_wconf 78' lang='grc' dir='ltr'>ἢ</span> <span class='ocrx_word' id='word_1_842' title='bbox 3199 5124 3282 5175; x_wconf 84' lang='grc' dir='ltr'>ὅτι</span> <span class='ocrx_word' id='word_1_843' title='bbox 3323 5124 3397 5194; x_wconf 80' lang='grc' dir='ltr'>μὴ</span> <span class='ocrx_word' id='word_1_844' title='bbox 3451 5122 3712 5194; x_wconf 85' lang='grc' dir='ltr'>ἀλλότρια</span> 
     </span>
    </p>
   </div>
   <div class='ocr_carea' id='block_1_114' title="bbox 2120 5214 3708 5289">
    <p class='ocr_par' dir='ltr' id='par_1_114' title="bbox 2120 5214 3708 5289">
     <span class='ocr_line' id='line_1_114' title="bbox 2120 5214 3708 5289; baseline -0.004 -17"><span class='ocrx_word' id='word_1_845' title='bbox 2120 5217 2255 5272; x_wconf 89' lang='grc' dir='ltr'>Θεοῦ</span> <span class='ocrx_word' id='word_1_846' title='bbox 2283 5215 2352 5271; x_wconf 81' lang='grc' dir='ltr'><strong>τὰ</strong></span> <span class='ocrx_word' id='word_1_847' title='bbox 2379 5216 2800 5289; x_wconf 74' lang='grc' dir='ltr'>βεϐουλευμένα.</span> <span class='ocrx_word' id='word_1_848' title='bbox 2826 5214 3313 5286; x_wconf 81' lang='grc' dir='ltr'>Συναπολαύσομεν</span> <span class='ocrx_word' id='word_1_849' title='bbox 3332 5214 3390 5267; x_wconf 83' lang='grc' dir='ltr'>δέ</span> <span class='ocrx_word' id='word_1_850' title='bbox 3419 5230 3521 5274; x_wconf 88' lang='grc' dir='ltr'>σοι,</span> <span class='ocrx_word' id='word_1_851' title='bbox 3553 5214 3708 5284; x_wconf 82' lang='grc' dir='ltr'>φασὶ,</span> 
     </span>
    </p>
   </div>
   <div class='ocr_carea' id='block_1_115' title="bbox 2120 5304 3705 5379">
    <p class='ocr_par' dir='ltr' id='par_1_115' title="bbox 2120 5304 3705 5379">
     <span class='ocr_line' id='line_1_115' title="bbox 2120 5304 3705 5379; baseline -0.004 -15"><span class='ocrx_word' id='word_1_852' title='bbox 2120 5310 2230 5364; x_wconf 85' lang='grc' dir='ltr'><strong>τῶν</strong></span> <span class='ocrx_word' id='word_1_853' title='bbox 2278 5309 2536 5379; x_wconf 87' lang='grc' dir='ltr'>ἀγαθῶν,</span> <span class='ocrx_word' id='word_1_854' title='bbox 2590 5307 2988 5379; x_wconf 81' lang='grc' dir='ltr'>ἀγαλλιώμενοι</span> <span class='ocrx_word' id='word_1_855' title='bbox 3035 5307 3112 5378; x_wconf 86' lang='grc' dir='ltr'>τῷ</span> <span class='ocrx_word' id='word_1_856' title='bbox 3160 5307 3414 5379; x_wconf 81' lang='grc' dir='ltr'>σωτηρίῳ</span> <span class='ocrx_word' id='word_1_857' title='bbox 3467 5304 3547 5377; x_wconf 81' lang='grc' dir='ltr'>τῷ</span> <span class='ocrx_word' id='word_1_858' title='bbox 3596 5304 3705 5375; x_wconf 82' lang='grc' dir='ltr'><strong>σῷ·</strong></span> 
     </span>
    </p>
   </div>
   <div class='ocr_carea' id='block_1_116' title="bbox 2121 5396 3706 5474">
    <p class='ocr_par' dir='ltr' id='par_1_116' title="bbox 2121 5396 3706 5474">
     <span class='ocr_line' id='line_1_116' title="bbox 2121 5396 3706 5474; baseline -0.004 -17"><span class='ocrx_word' id='word_1_859' title='bbox 2121 5403 2366 5474; x_wconf 74' lang='grc' dir='ltr'>ἔγνωμεν</span> <span class='ocrx_word' id='word_1_860' title='bbox 2393 5403 2501 5474; x_wconf 84' lang='grc' dir='ltr'>γὰρ</span> <span class='ocrx_word' id='word_1_861' title='bbox 2527 5400 2588 5467; x_wconf 78' lang='grc' dir='ltr'>ἐξ</span> <span class='ocrx_word' id='word_1_862' title='bbox 2608 5401 2765 5470; x_wconf 84' lang='grc' dir='ltr'>ἁγίου</span> <span class='ocrx_word' id='word_1_863' title='bbox 2793 5399 3105 5470; x_wconf 87' lang='grc' dir='ltr'>Πνεύματος</span> <span class='ocrx_word' id='word_1_864' title='bbox 3143 5400 3206 5452; x_wconf 81' lang='grc' dir='ltr'><strong>τὸ</strong></span> <span class='ocrx_word' id='word_1_865' title='bbox 3248 5401 3312 5452; x_wconf 82' lang='grc' dir='ltr'><strong>ὲκ</strong></span> <span class='ocrx_word' id='word_1_866' title='bbox 3351 5396 3445 5452; x_wconf 89' lang='grc' dir='ltr'><strong>σοῦ</strong></span> <span class='ocrx_word' id='word_1_867' title='bbox 3477 5398 3706 5469; x_wconf 82' lang='grc' dir='ltr'>γενησό-</span> 
     </span>
    </p>
   </div>
   <div class='ocr_carea' id='block_1_117' title="bbox 2125 5483 3707 5567">
    <p class='ocr_par' dir='ltr' id='par_1_117' title="bbox 2125 5483 3707 5567">
     <span class='ocr_line' id='line_1_117' title="bbox 2125 5483 3707 5567; baseline -0.003 -19"><span class='ocrx_word' id='word_1_868' title='bbox 2125 5512 2283 5567; x_wconf 85' lang='grc' dir='ltr'>μενον</span> <span class='ocrx_word' id='word_1_869' title='bbox 2308 5496 2556 5565; x_wconf 83' lang='grc' dir='ltr'>γέννημα</span> <span class='ocrx_word' id='word_1_870' title='bbox 2605 5493 2823 5548; x_wconf 87' lang='grc' dir='ltr'>πάντων</span> <span class='ocrx_word' id='word_1_871' title='bbox 2861 5491 3165 5564; x_wconf 80' lang='grc' dir='ltr'>ἀνθρώπων</span> <span class='ocrx_word' id='word_1_872' title='bbox 3208 5493 3504 5563; x_wconf 68' lang='grc' dir='ltr'>σωτήριον*</span> <span class='ocrx_word' id='word_1_873' title='bbox 3540 5491 3623 5560; x_wconf 77' lang='grc' dir='ltr'><strong>ἐφ’</strong></span> <span class='ocrx_word' id='word_1_874' title='bbox 3661 5483 3707 5555; x_wconf 81' lang='grc' dir='ltr'><strong>ᾧ</strong></span> 
     </span>
    </p>
   </div>
   <div class='ocr_carea' id='block_1_118' title="bbox 2122 5580 3703 5659">
    <p class='ocr_par' dir='ltr' id='par_1_118' title="bbox 2122 5580 3703 5659">
     <span class='ocr_line' id='line_1_118' title="bbox 2122 5580 3703 5659; baseline -0.005 -18"><span class='ocrx_word' id='word_1_875' title='bbox 2122 5590 2215 5642; x_wconf 75' lang='grc' dir='ltr'>καὶ</span> <span class='ocrx_word' id='word_1_876' title='bbox 2239 5591 2403 5659; x_wconf 79' lang='grc' dir='ltr'>ἡμεῖς</span> <span class='ocrx_word' id='word_1_877' title='bbox 2431 5585 2953 5659; x_wconf 88' lang='grc' dir='ltr'>μεγαλυνθησόμεθα</span> <span class='ocrx_word' id='word_1_878' title='bbox 2984 5588 3041 5638; x_wconf 81' lang='grc' dir='ltr'><strong>ἐν</strong></span> <span class='ocrx_word' id='word_1_879' title='bbox 3074 5584 3151 5655; x_wconf 82' lang='grc' dir='ltr'><strong>τῷ</strong></span> <span class='ocrx_word' id='word_1_880' title='bbox 3181 5584 3403 5655; x_wconf 78' lang='grc' dir='ltr'>ὀνόματι</span> <span class='ocrx_word' id='word_1_881' title='bbox 3445 5581 3539 5637; x_wconf 89' lang='grc' dir='ltr'><strong>τοῦ</strong></span> <span class='ocrx_word' id='word_1_882' title='bbox 3568 5580 3703 5634; x_wconf 80' lang='grc' dir='ltr'>Θεοῦ</span> 
     </span>
    </p>
   </div>
   <div class='ocr_carea' id='block_1_119' title="bbox 2122 5670 3702 5753">
    <p class='ocr_par' dir='ltr' id='par_1_119' title="bbox 2122 5670 3702 5753">
     <span class='ocr_line' id='line_1_119' title="bbox 2122 5670 3702 5753; baseline -0.007 -18"><span class='ocrx_word' id='word_1_883' title='bbox 2122 5680 2298 5753; x_wconf 80' lang='grc' dir='ltr'>ἡμῶν.</span> <span class='ocrx_word' id='word_1_884' title='bbox 2335 5680 2517 5733; x_wconf 87' lang='grc' dir='ltr'>Ἔστω</span> <span class='ocrx_word' id='word_1_885' title='bbox 2540 5680 2597 5734; x_wconf 80' lang='grc' dir='ltr'>δέ</span> <span class='ocrx_word' id='word_1_886' title='bbox 2625 5696 2717 5733; x_wconf 88' lang='grc' dir='ltr'><strong>σου</strong></span> <span class='ocrx_word' id='word_1_887' title='bbox 2751 5680 2844 5733; x_wconf 75' lang='grc' dir='ltr'>καὶ</span> <span class='ocrx_word' id='word_1_888' title='bbox 2875 5677 2944 5731; x_wconf 81' lang='grc' dir='ltr'>τὰ</span> <span class='ocrx_word' id='word_1_889' title='bbox 2968 5677 3249 5749; x_wconf 78' lang='grc' dir='ltr'>αἰτήματα</span> <span class='ocrx_word' id='word_1_890' title='bbox 3269 5689 3285 5707; x_wconf 73' lang='grc' dir='ltr'><strong>ο</strong></span> <span class='ocrx_word' id='word_1_891' title='bbox 3313 5676 3406 5727; x_wconf 82' lang='grc' dir='ltr'><strong>καὶ</strong></span> <span class='ocrx_word' id='word_1_892' title='bbox 3444 5671 3555 5747; x_wconf 82' lang='grc' dir='ltr'>γὰρ</span> <span class='ocrx_word' id='word_1_893' title='bbox 3573 5670 3702 5738; x_wconf 71' lang='grc' dir='ltr'>ἀξια</span> 
     </span>
    </p>
   </div>
   <div class='ocr_carea' id='block_1_120' title="bbox 2120 5771 2468 5830">
    <p class='ocr_par' dir='ltr' id='par_1_120' title="bbox 2120 5771 2468 5830">
     <span class='ocr_line' id='line_1_120' title="bbox 2120 5771 2468 5830; baseline -0.011 0"><span class='ocrx_word' id='word_1_894' title='bbox 2120 5773 2292 5830; x_wconf 85' lang='grc' dir='ltr'>ταῦτα</span> <span class='ocrx_word' id='word_1_895' title='bbox 2311 5771 2468 5827; x_wconf 86' lang='grc' dir='ltr'>Θεοῦ.</span> 
     </span>
    </p>
   </div>
  </div>
