4100 6406
421 379 524 434 197

1556 370 2057 428 COMMENTARIA
2095 371 2169 427 IN
2205 370 2544 438 PSALMOS,

3584 382 3688 441 138

501 494 923 549 Ἐπακούσεται
956 493 1141 549 αὐτοῦ
1171 493 1241 557 ἐξ
1286 492 1547 562 οὐρανοῦ
1591 492 1764 562 ἁγίου
1792 492 1996 556 αὐτοῦ,

2176 492 2440 548 Exaudiet
2474 494 2627 547 illum
2654 493 2719 548 de
2740 493 2871 549 οοείο
2896 502 3081 548 sancto
3106 511 3223 561 suo,
3255 497 3308 550 in
3332 500 3682 567 potestatibus

417 589 489 643 ἐν
513 587 892 653 δυναστείαις
923 589 1187 656 σωτηρία
1226 586 1337 656 τῆς
1362 585 1565 652 δεξιᾶς
1602 586 1807 640 αὑτοῦ.
1845 584 1996 651 Δεξιὰ

2107 586 2254 641 satus
2280 584 2510 640 dexterae
2536 586 2675 653 ejus.
2717 583 2948 641 Dextera
2974 601 3191 652 manus,
3225 603 3524 660 omnesque
3548 591 3684 645 dex~

416 679 473 733 δὲ
503 680 643 751 χεὶρ,
668 679 761 734 καὶ
786 681 956 732 πᾶσαι
982 682 1037 732 αἱ
1065 680 1320 749 σωτήριοι
1356 679 1449 731 καὶ
1486 677 1656 743 δεξιαὶ
1696 676 1923 748 πράξεις
1948 679 1996 730 ἐν

2106 685 2235 731 teras
2286 684 2341 732 et
2400 677 2671 732 salutares
2727 676 2970 731 actiones
3022 677 3078 731 in
3113 680 3476 748 potestatibus
3534 689 3682 737 sunt.

417 774 772 838 δυναστείαις.
804 776 1072 845 Δυνάμεσι
1112 773 1219 845 γὰρ
1266 774 1361 828 καὶ
1413 773 1658 845 σημείοις
1690 774 1786 826 καὶ
1816 773 2002 843 τέρασι

417 863 515 928 τὰς
537 867 617 929 είς
642 864 959 936 ἀνθρώπους
989 866 1276 937 ποιήσεται
1301 863 1640 936 εὐεργεσίας.

490 952 665 1011 Οὗτοι
704 958 775 1010 ἐν
811 958 1073 1027 ἅρμασιν
1109 958 1210 1011 καὶ
1249 952 1413 1011 οὗτοι
1460 957 1530 1009 ἐν
1562 957 1787 1022 ἵπποις,
1830 955 1996 1024 ἡμεῖς

415 1046 483 1101 δὲ
512 1050 584 1101 ἐν
611 1051 851 1118 ὀνόματι
892 1050 1110 1118 Κυρίου
1141 1047 1286 1102 Θεοῦ
1311 1045 1479 1116 ἡμῶν
1500 1048 1995 1115 ἐπικαλεσόμεθα.

413 1141 593 1195 Αὐτοὶ
645 1141 1183 1209 συνεποδίσθησαν
1236 1138 1334 1192 καὶ
1389 1138 1652 1192 ἔπεσαν*
1715 1138 1887 1208 ἡμεῖς
1932 1136 2001 1190 δὲ

412 1231 754 1301 ἀνέστημεν
784 1232 880 1285 καὶ
912 1230 1353 1301 ἀνῳθώθημεν.
1397 1229 1627 1295 Σῶσον,
1663 1233 1859 1299 Κύριε,
1892 1231 2027 1287 τὸν.

406 1324 693 1388 βασιλέα,
724 1326 818 1379 καὶ
848 1324 1195 1379 ἐπάκουσον
1214 1324 1381 1395 ἡμῶν
1407 1324 1477 1378 ἐν
1502 1319 1544 1396 ᾗ
1566 1325 1643 1378 ἂν
1666 1324 2001 1394 ἡμέρςίέπι-

412 1417 788 1488 καλεσάμεθά
814 1432 905 1473 σε.
954 1418 1112 1473 Ἀλλὰ
1140 1420 1248 1490 γὰρ
1293 1422 1326 1491 ἡ
1373 1422 1538 1491 πεῖρα
1575 1418 1684 1473 τῶν
1735 1416 1997 1489 πραγμά-

410 1523 519 1565 των
550 1511 742 1580 γένοιτ’
772 1511 838 1566 ἂν
878 1512 1097 1584 ἐλεγχος
1143 1512 1236 1566 τοῦ
1280 1512 1607 1584 κρείττονος.
1650 1512 1716 1565 Οἱ
1751 1512 1849 1583 μὲν
1890 1510 1999 1582 γὰρ

412 1600 497 1655 σοὶ
519 1602 704 1675 ἐχθροὶ
729 1604 812 1673 ἐφ’
847 1604 1033 1667 ἵπποις
1059 1603 1153 1657 καὶ
1184 1603 1394 1676 ἅρμασι
1425 1602 1766 1666 πεποιθότες,
1797 1619 2001 1672 συμπο-

408 1693 679 1759 δισθέντες
712 1694 1000 1749 πεσοῦνται
1026 1695 1226 1766 ὁμοίως
1252 1696 1330 1767 τῷ
1359 1694 1559 1768 Φαραὼ
1585 1694 1678 1748 ἐπὶ
1705 1695 1804 1764 τῆς
1847 1695 2000 1766 Ἐρυ-

409 1782 546 1856 ορᾶς
572 1783 843 1857 θαλάττης
874 1784 1347 1839 καταπντωθὲντι
1367 1801 1379 1814 ·
1413 1787 1575 1856 ἡμεῖς
1601 1784 1659 1837 δὲ
1685 1785 1733 1836 oi
1784 1782 1864 1853 τῷ
1887 1783 2001 1837 ὀνό-

412 1893 545 1947 ματι
588 1878 794 1948 Κυρίου
830 1876 924 1930 τοῦ
950 1877 1086 1930 Θεοῦ
1115 1877 1271 1949 ἡμῶν
1301 1877 1653 1947 ὠπλισμένοι,
1679 1876 1775 1930 καὶ
1808 1878 1889 1929 σοὶ
1918 1877 1996 1949 τῷ

408 1968 509 2032 τὰς
542 1967 733 2033 θυσίας
771 1970 1148 2041 ἀναπέμποντι
1189 1971 1310 2033 ταῖς
1345 1970 1529 2040 εὐχαῖς
1562 1969 1995 2041 συναγωνιζόμε-

410 2077 512 2124 νοι,
563 2061 1013 2132 ἀναστησόμεθα,
1061 2064 1154 2115 καὶ
1200 2061 1726 2136 ἀνορθωθησόμεθα,
1774 2061 1867 2114 σοῦ
1897 2061 1995 2125 τὰς

408 2152 553 2207 κατά
579 2154 686 2207 τῶν
717 2154 927 2226 ἐχθρῶν
962 2155 1115 2218 νίκας
1142 2154 1440 2225 ἀραμένου.
1486 2152 1644 2206 Ἀλλὰ
1684 2151 1856 2206 ταῦτα
1897 2152 1995 2223 μὲν

409 2244 584 2311 ἔσται,
601 2247 755 2316 φασὶ,
775 2247 868 2300 καὶ
879 2246 973 2300 νῦν
992 2246 1135 2301 κατά
1145 2246 1235 2299 τὸν
1260 2247 1448 2318 καιρὸν
1469 2248 1567 2317 τῆς
1589 2245 1684 2299 τοῦ
1705 2238 1995 2298 ἀποδοθέν-

405 2356 499 2403 τος
519 2339 783 2411 σωτηρίου
812 2340 1152 2409 ἐπιφανείας.
1181 2338 1313 2392 Τότε
1342 2338 1451 2409 γὰρ
1482 2338 1718 2409 μάλιστα
1743 2339 1910 2391 πᾶσαι
1937 2338 1994 2391 αἱ

405 2428 780 2499 ἀντικείμεναι
818 2429 1106 2500 δυνάμεις,
1140 2432 1234 2482 καὶ
1271 2430 1320 2481 οἱ
1363 2428 1588 2497 ἀφανεῖς
1637 2428 1732 2482 καὶ
1772 2428 1994 2500 ἀόρατοι

404 2517 500 2574 τοῦ
528 2519 663 2573 Θεοῦ
690 2520 960 2591 πολέμιοι,
988 2521 1054 2574 δι’
1090 2518 1255 2575 αὐτοῦ
1279 2519 1371 2573 τοῦ
1404 2520 1673 2592 σωτηρίου
1699 2519 1997 2592 τροπούμε·

404 2626 506 2674 νοι,
538 2611 849 2668 πεσοῦνται.
876 2612 1085 2675 Πάντες
1113 2612 1171 2665 δὲ
1203 2613 1252 2665 οἱ
1283 2613 1346 2665 τὸ
1385 2613 1651 2683 σωτήριον
1686 2610 1994 2683 παραδεξά-

410 2719 582 2773 μενοι,
625 2701 716 2756 τοῦ
759 2704 926 2758 πάλαι
967 2702 1147 2756 αὐτῶν
1190 2702 1480 2774 πτώματος
1524 2702 1992 2773 διαναστήσονται.

406 2792 500 2846 Διὸ
529 2792 659 2864 περὶ
692 2792 855 2846 αὐτοῦ
898 2794 1121 2864 Συμεὼν
1165 2792 1380 2861 ἔλεγεν
1429 2792 1576 2846 Ἰδοὺ
1604 2789 1782 2858 οὗτος
1810 2791 1995 2846 κεῖται

403 2886 496 2950 εὶς
531 2885 763 2939 πτῶσιν
793 2885 892 2938 καὶ
941 2883 1283 2939 ἀνάστασιν
1319 2884 1566 2939 πολλῶν
1582 2901 1596 2915 ο
1644 2884 1850 2937 πτῶσιν
1897 2883 1995 2955 μὲν

406 2976 606 3048 δηλαδὴ
646 2976 754 3031 τῶν
790 2976 1001 3048 ἐχθρῶν
1040 2975 1205 3031 αὐτοῦ
1245 2978 1339 3030 καὶ
1381 2976 1488 3030 τῶν
1519 2975 1823 3047 πολεμίων·
1860 2975 1995 3029 ἀνά-

408 3083 597 3120 στασιν
630 3067 685 3119 δὲ
716 3066 823 3119 τῶν
856 3066 1025 3120 πάλαι
1059 3065 1448 3129 πεπτωκότων,
1478 3066 1544 3119 δι’
1572 3063 1736 3118 αὐτοῦ
1771 3064 1828 3117 δὲ
1861 3066 1992 3136 ἐγη-

404 3159 709 3230 γερμένων.
767 3160 877 3213 Καὶ
913 3158 1084 3212 ταῦτα
1119 3158 1220 3229 μὲν
1264 3158 1384 3211 τότε
1424 3159 1749 3229 γενήσεταιο
1785 3156 1881 3211 νῦν
1912 3156 1990 3221 δὲ,

404 3250 600 3323 Κύριε,
632 3250 773 3315 σῶζε
812 3254 942 3323 ἡμῖν
981 3250 1073 3305 τὸν
1120 3250 1347 3321 βασιλέα
1388 3249 1569 3313 Δαυῖδ,
1603 3250 1699 3304 καὶ
1733 3250 1791 3302 ἐν
1835 3249 1998 3303 παντὶ

402 3343 482 3415 τῷ
499 3345 612 3398 ὄντι
639 3343 838 3415 καιρῷ,
867 3345 962 3398 καὶ
980 3345 1038 3396 ὲν
1063 3337 1098 3417 ᾗ
1123 3342 1189 3396 ἂν
1217 3342 1400 3414 ἡμέρᾳ
1423 3339 1878 3411 ἐπικαλεσώμεθά
1910 3356 1991 3392 σε.

416 3436 670 3508 ’Λρμόζει
712 3436 769 3489 δὲ
807 3436 1010 3502 ταῦτα,
1051 3436 1126 3499 ὡς
1166 3434 1324 3499 ἄλλος
1365 3434 1527 3507 φησὶ,
1575 3434 1672 3488 καὶ
1713 3432 1807 3486 ἐπὶ
1846 3430 1996 3496 Ἐζε-

404 3528 530 3600 κίᾳ.
573 3529 804 3598 Νοήσεις
835 3528 893 3582 δὲ
928 3527 1099 3582 ταῦτα
1144 3527 1239 3582 καὶ
1273 3526 1412 3581 κατά
1446 3526 1538 3580 τὸν
1566 3525 1667 3597 τῆς
1705 3523 1998 3595 ἀναγωγῆς

406 3622 593 3692 νόμον.

510 3735 622 3788 ΕΙΣ
654 3735 742 3788 ΤΟ
779 3734 1035 3799 ΤΕΛΟΣ,
1072 3733 1366 3786 ΨΑΛΜΟΣ
1415 3732 1504 3784 ΤΩ
1545 3731 1745 3784 ΔΑΥῙΔ
1784 3731 1868 3783 K'.

476 3849 572 3913 Εἰς
595 3848 771 3903 αἴσιον
791 3846 898 3919 γὰρ
923 3844 1309 3915 ἀναπέμπεται
1329 3844 1398 3898 τὰ
1420 3843 1690 3915 λεγόμενα
1710 3844 1882 3910 τέλος,
1902 3849 1998 3901 καὶ

405 3941 513 3995 τῶν
539 3939 748 4012 ἐχθρῶν
772 3939 867 3992 τοῦ
894 3935 1030 3991 Θεοῦ
1060 3936 1313 4007 σημαίνει
1337 3936 1428 3988 τὸν
1458 3935 1701 4008 ὄλεθρον.
1733 3937 1827 3989 Διὸ
1854 3939 1998 3993 κατὰ

410 4033 508 4103 μὲν
540 4032 856 4104 Σύμμαχον,
908 4030 1234 4095 Ἐπινικιός
1257 4029 1431 4083 ἐστιν
1459 4026 1580 4096 ᾠδή
1603 4045 1617 4059 ·
1650 4029 1792 4082 κατά
1822 4029 1878 4082 δὲ
1906 4030 1998 4086 τὸν

421 4125 682 4195 Ἀκύλαν,
722 4124 806 4191 Τῷ
832 4123 1117 4189 νικοποιῷ
1142 4120 1487 4193 μελῴδημα.

479 4307 675 4375 Κύριε,
692 4305 762 4359 ἐν
773 4304 846 4375 τῇ
862 4303 1109 4373 δυνάμει
1129 4319 1246 4357 σου
1266 4301 1743 4370 εὐφρανθήσεται
1767 4304 1800 4356 ὁ
1814 4303 1999 4367 βασι-

404 4402 572 4468 λεύς.
598 4396 766 4473 Οἶμαι
789 4401 882 4454 καὶ
906 4398 1079 4453 ταῦτα
1092 4396 1349 4467 λέγεσθαι
1363 4394 1433 4463 τά
1451 4394 1787 4466 προκείμενα
1806 4396 1872 4448 ἐκ
1886 4392 1996 4447 τῶν

2105 766 2412 824 Virtutibus
2444 783 2681 839 namque
2702 808 2718 833 ,
2753 769 2925 839 signis
2964 776 3019 825 et
3071 769 3334 842 prodigiis
3356 811 3371 836 ,
3422 773 3685 830 beneﬁcia

2105 874 2204 916 sua
2235 860 2548 917 hominibus
2574 861 2939 933 dispensabit.

2174 951 2344 1007 Vens.
2381 953 2539 1009 8-10.
2582 952 2658 1007 Hi
2713 955 2769 1007 in
2828 953 3071 1009 curribus
3109 963 3160 1009 et
3192 955 3246 1008 hi
3284 957 3337 1009 in
3373 958 3541 1027 equis,
3592 976 3686 1014 nos

2102 1053 2276 1098 autem
2327 1047 2381 1099 in
2435 1045 2899 1100 nomineDomini
2940 1045 3041 1100 Dei
3080 1048 3251 1101 nostri
3301 1048 3683 1105 inuocabimus.

2102 1130 2218 1202 Ipsi
2240 1133 2479 1195 impediti
2504 1142 2626 1188 sunt
2660 1143 2713 1189 et
2746 1134 3044 1189 ceciderunt
3067 1175 3082 1202 ,
3121 1153 3216 1191 nos
3251 1146 3426 1191 autem
3453 1141 3689 1193 surrexi-

2099 1241 2214 1279 mus
2233 1233 2284 1278 et
2319 1227 2478 1279 erecti
2503 1243 2708 1282 sumus.
2741 1226 2965 1282 Domine
2987 1268 3002 1292 ,
3044 1228 3250 1282 salvum
3280 1229 3367 1299 fac
3396 1248 3565 1301 regem
3585 1271 3601 1296 ,
3635 1244 3687 1287 et

2097 1316 2292 1371 exaudi
2316 1335 2410 1372 nos
2442 1319 2494 1371 in
2532 1317 2619 1372 die
2648 1335 2753 1389 qua
2778 1320 3190 1373 invocaverimus
3228 1330 3295 1374 te.
3340 1320 3464 1392 Ipsa
3501 1338 3687 1378 rerum

2098 1409 2454 1479 experientia,
2490 1419 2873 1481 argumentum
2900 1427 3033 1467 sane
3069 1413 3231 1468 fuerit
3262 1414 3393 1483 quid
3439 1414 3494 1468 in
3520 1416 3687 1471 rebus

2098 1494 2446 1567 praestantius
2472 1498 2566 1553 sit.
2595 1498 2665 1551 At
2688 1498 2843 1561 enim,
2866 1500 3074 1555 inimici
3104 1501 3205 1567 tui,
3235 1503 3392 1572 equis
3421 1511 3477 1558 et
3509 1506 3688 1560 curri-

2099 1588 2204 1643 bus
2232 1587 2591 1654 contidentes,
2625 1590 2908 1660 praepediti
2955 1600 3214 1648 corruent
3243 1594 3471 1664 perinde
3523 1605 3689 1667 atque

2099 1678 2335 1745 Pharao,
2373 1681 2467 1753 qui
2497 1681 2552 1735 in
2583 1683 2722 1736 mari
2760 1682 2948 1739 Rubro
2980 1685 3268 1741 demersus
3310 1695 3415 1745 est.
3453 1688 3565 1745 Nos
3595 1705 3689 1745 au-

2102 1778 2213 1825 tem
2245 1772 2467 1827 nomine
2499 1772 2712 1828 Domini
2735 1774 2831 1830 Dei
2866 1776 3335 1833 nostri'instructi
3366 1786 3420 1834 et
3450 1782 3685 1847 armati,

2031 1849 2072 1904 Β
2102 1878 2168 1917 ac
2198 1872 2377 1918 tecum
2431 1864 2524 1935 qui
2576 1866 2847 1921 sacriﬁcia
2892 1867 3146 1924 immolas
3192 1869 3449 1939 precibus
3480 1871 3688 1927 nostris

2098 1965 2503 2023 concertantes,
2529 1972 2883 2029 resurgemus
2924 1969 3089 2030 atque
3122 1961 3429 2032 erigemur,
3457 1978 3582 2017 cum
3627 1970 3688 2019 tu

2102 2049 2170 2106 de
2198 2050 2438 2106 inimicis
2470 2052 2755 2107 victoriam
2778 2052 3053 2108 rctuleris.
3092 2052 3199 2108 Sed
3243 2044 3379 2121 liaac,
3405 2055 3686 2126 inquiunt,

2101 2145 2352 2199 evenient
2400 2153 2643 2216 tempore
2687 2146 2956 2203 Salutaris
2990 2148 3137 2203 illius
3184 2145 3470 2205 adventus.
3525 2148 3683 2205 Tunc

2101 2236 2246 2290 enim
2296 2237 2533 2294 maxime
2583 2253 2774 2295 omnes
2815 2238 3144 2295 adversariae
3178 2248 3479 2311 potestates
3515 2257 3579 2297 ac
3608 2243 3690 2296 la-

2101 2335 2282 2385 tentes
2327 2329 2405 2384 illi
2430 2337 2485 2385 et
2513 2331 2715 2385 occulti
2771 2330 2867 2386 Dei
2924 2331 3155 2395 inimici,
3190 2334 3259 2387 ab
3291 2333 3412 2403 ipso
3439 2332 3684 2390 Salutari

2102 2421 2157 2476 in
2208 2421 2390 2493 fugam
2426 2423 2589 2489 versi,
2626 2430 3065 2494 prosternentur.
3118 2422 3323 2481 Omnes
3377 2441 3542 2496 porro
3591 2428 3688 2498 qui

2104 2512 2356 2570 Salutare
2380 2515 2697 2584 hujusmodi
2726 2518 3057 2586 receperint,
3090 2533 3120 2572 a
3143 2518 3379 2587 pristino
3417 2518 3571 2589 lapsu
3599 2534 3689 2574 re-

2103 2614 2349 2675 surgent.
2382 2606 2593 2662 Idcirco
2622 2608 2696 2662 ita
2739 2607 2963 2665 Simeon
2987 2609 3056 2665 de
3079 2610 3199 2680 ipso
3229 2611 3473 2680 loquitur
3505 2630 3518 2665 :
3556 2610 3689 2667 Ecce

2099 2701 2302 2770 positus
2330 2707 2408 2755 est
2450 2699 2533 2753 hic
2566 2701 2622 2755 in
2672 2702 2884 2755 ruinam
2930 2711 2980 2756 et
3021 2704 3456 2758 resurrectionem
3481 2703 3676 2757 multo-

2101 2807 2222 2845 rum
2251 2792 2330 2846 “:
2365 2790 2582 2857 ruinam
2636 2789 2891 2846 videlicet
2938 2790 3287 2846 inimicorum
3343 2799 3399 2846 et
3444 2790 3687 2847 hostium

2101 2882 2257 2953 ejus;
2294 2882 2755 2939 resurrectionem
2787 2897 2918 2938 vero
2947 2897 3139 2938 eorum
3165 2884 3259 2952 qui
3281 2882 3412 2936 olim
3446 2881 3585 2950 lapsi
3616 2882 3688 2937 ab

2103 2975 2225 3045 ipso
2276 2975 2529 3032 suscitati
2581 2980 2731 3031 sunt.
2788 2973 2914 3029 Haec
2963 2974 3186 3046 quidem
3243 2982 3376 3029 tunc
3422 2984 3688 3031 eventura

2102 3074 2266 3135 sunt;
2292 3067 2407 3138 jam
2424 3082 2580 3132 vero,
2604 3073 2666 3122 tu
2688 3067 2939 3135 Domine,
2971 3067 3183 3123 salvum
3213 3066 3300 3122 fac
3320 3066 3483 3123 nobis
3500 3081 3687 3136 regem

2102 3157 2385 3228 Davidem,
2407 3167 2464 3216 et
2496 3160 2551 3213 in
2581 3159 2730 3214 omni
2758 3174 2988 3230 prorsus
3008 3167 3274 3229 tempore,
3302 3167 3356 3215 et
3379 3159 3437 3214 in
3464 3159 3554 3215 die
3576 3175 3686 3229 qua

2099 3253 2539 3309 invocaverimus
2564 3263 2616 3308 te
2643 3271 2657 3308 :
2695 3267 2818 3322 quae
2846 3251 2997 3316 item,
3024 3259 3085 3306 ut
3116 3253 3259 3308 alius
3286 3251 3487 3322 inquit,
3517 3251 3683 3306 etiam

2099 3342 2348 3400 Ezechiae
2373 3344 2488 3416 regi
2515 3352 2844 3417 congruunt.
2878 3342 3003 3398 Haec
3028 3358 3195 3415 porro
3220 3341 3542 3414 anagogico,
3569 3341 3686 3396 sive

2098 3433 2423 3502 reductitio,
2455 3450 2609 3491 more
2638 3433 2899 3506 accipias.

2268 3717 2322 3770 1.
2363 3714 2433 3770 ΙΝ
2473 3715 2722 3785 FINEM,
2761 3714 3091 3771 PSALMUS
3130 3714 3341 3770 DAVID
3378 3715 3499 3773 XX.

2170 3825 2304 3892 Quae
2332 3828 2423 3883 hic
2457 3827 2739 3895 dicuntur,
2771 3829 2840 3883 ad
2874 3828 3116 3883 faustum
3150 3826 3437 3884 referenda
3474 3828 3637 3885 ﬁnem
3665 3847 3678 3883 :

2099 3934 2228 3973 nam
2257 3918 2606 3975 inimicorum
2635 3920 2731 3975 Dei
2758 3922 2988 3976 exitium
3017 3920 3347 3993 signiﬁcant.
3378 3922 3561 3987 Quare
3588 3938 3681 3979 se—

2100 4008 2343 4064 cundum
2386 4009 2777 4080 Symmachum
2805 4051 2821 4076 ,
2857 4009 3200 4077 Triumphate
3239 4010 3547 4072 canticum;
3590 4024 3682 4064 se-

2100 4102 2344 4156 cundum
2374 4100 2631 4172 Aquilam
2660 4115 2812 4165 vero,
2852 4098 3099 4154 Victoria:
3125 4101 3332 4154 auctori
3359 4099 3681 4179 modulatio,

2102 4192 2452 4250 inscribitur.

2170 4282 2339 4340 Vens.
2380 4282 2436 4340 2.
2474 4282 2736 4351 Domine,
2786 4283 2841 4336 in
2884 4283 3078 4337 virtute
3124 4290 3218 4335 tua
3259 4282 3530 4336 laztabitur
3564 4298 3678 4336 rex.

2101 4378 2355 4433 Arbitror
2383 4378 2453 4431 ab
2482 4375 2681 4432 iisdem
2703 4417 2720 4444 ,
2745 4377 2838 4446 qui
2870 4376 3125 4447 superius
3155 4374 3352 4431 Davidi
3382 4377 3521 4431 bene
3548 4391 3678 4446 pre—

410 4493 587 4548 καὶτὰ
611 4493 717 4563 πρὸ
730 4492 919 4545 τούτου
938 4490 1015 4562 τῷ
1031 4488 1193 4543 Δαυῖδ
1212 4491 1343 4541 ἐπευ
1351 4486 1413 4551 ξα
1420 4485 1616 4557 μένων.
1642 4484 1846 4539 Μαθὼν
1866 4482 1996 4554 γοῦν

2101 4470 2212 4526 cati
2261 4469 2515 4533 fuerant,
2563 4468 2682 4523 haec
2732 4468 2901 4524 etiam
2952 4467 3165 4538 prolata
3209 4466 3402 4525 fuisse.
3439 4466 3576 4520 Cum
3611 4467 3681 4521 ab

408 4546 506 4639 is.
533 4546 751 4636 ιΑέὶυτδ
774 4580 884 4634 ἀπὸ
909 4546 1020 4632 τῶῖθ
1046 4578 1182 4651 πρὸς
1215 4546 1378 4632 αιτδκᾷ
1397 4546 1704 4647 γενομένων
1730 4546 1996 4647 χρησμῶν

2103 4562 2343 4619 oraculis
2383 4562 2489 4617 sibi
2530 4560 2692 4617 editis
2754 4560 3074 4616 edidicisset
3114 4559 3284 4615 David
3336 4572 3400 4613 ea
3439 4572 3561 4627 qua:
3593 4572 3681 4611 sa-

407 4675 479 4729 τὰ
499 4672 741 4745 περὶτοῦ
774 4674 839 4726 ἐκ
864 4671 1178 4742 σπέρματος
1203 4669 1367 4723 αὐτοῦ
1398 4667 1860 4740 προελευσομένου
1894 4685 1999 4722 σω-

407 4766 599 4838 τηρίου
622 4807 638 4834 ,
668 4766 763 4819 καὶ
787 4764 887 4835 τῆς
919 4766 976 4817 ἐν
1006 4761 1086 4834 τῷ
1116 4761 1367 4833 σωτηρίῳ
1396 4759 1681 4830 δυνάμεως
1700 4801 1714 4825 ,
1748 4760 1843 4814 ἐπὶ
1869 4761 1995 4815 τού-

407 4877 522 4923 τοις
552 4857 989 4930 εὐφρανθήσεται
1023 4856 1116 4909 καὶ
1149 4854 1539 4922 ἀγαλλιάσεται
1573 4853 1799 4926 σφόδρα.
1886 4854 1997 4908 Καὶ

406 4952 619 5016 τούτοις
648 4967 713 5021 γε
738 4949 976 5023 θαρσῶν,
1009 4945 1118 5000 τῶν
1145 4963 1206 4999 τε
1233 4946 1443 5019 ἐχθρῶν
1475 4947 1565 5002 διά
1598 4947 1805 5001 τούτων
1834 4963 1994 5019 περι-

408 5045 698 5116 γενόμενος
716 5082 731 5110 ,
754 5041 838 5096 σοὶ
858 5041 936 5113 τῷ
958 5036 1217 5108 νικοποιῷ
1236 5037 1356 5111 Θεῷ
1378 5039 1447 5093 τὰ
1470 5038 1697 5112 βραϐεῖα
1714 5038 1813 5109 τῆς
1833 5037 1990 5108 νίκης

407 5136 715 5209 ἀνατίθησι.
764 5135 956 5208 Χαίρει
987 5153 1047 5189 τε
1076 5139 1169 5193 καὶ
1203 5132 1649 5205 ὑπερϐαλλόντως
1675 5129 1987 5200 ἀγάλλεται,

410 5232 510 5303 τῆς
528 5228 637 5285 τῶν
656 5227 864 5302 ἐχθρῶν
887 5226 1174 5300 ἐπιϐουλῆς
1195 5228 1299 5282 ὐπὸ
1325 5225 1418 5279 σοῦ
1440 5222 1837 5294 διασωζόμενος
1854 5236 1870 5252 ο
1896 5220 1990 5273 καὶ

408 5324 509 5395 οὐχ
534 5322 704 5385 οὕτως
734 5323 826 5375 ἐπὶ
857 5323 922 5393 τῇ
953 5321 1146 5375 ἑαυτοῦ
1175 5319 1422 5392 σωτηρίᾳ
1454 5316 1690 5387 ἀγαλλιᾷ
1712 5356 1726 5382 ,
1758 5317 1882 5369 ὅσον
1908 5315 1991 5368 ὅτι

411 5415 562 5490 παρά
597 5415 690 5471 σοῦ
721 5415 784 5469 τὸ
813 5416 1077 5487 σωτήριον
1106 5412 1272 5468 αὐτοῦ
1306 5410 1682 5482 προσγίνεται.
1746 5407 1856 5461 Καὶ
1884 5406 1995 5477 γὰρ

410 5507 758 5581 ἐπιθυμήσας
788 5507 851 5561 τὸ
883 5506 1035 5578 παρά
1063 5504 1157 5558 σοῦ
1189 5505 1476 5575 σωτήριον,
1511 5500 1607 5555 καί
1639 5499 1770 5573 περὶ
1802 5499 1994 5552 τούτου

411 5601 523 5662 τοῖς
573 5586 808 5668 χείλεσιν
845 5597 1039 5653 ἑαυτοῦ
1092 5601 1150 5653 ἐν
1195 5599 1315 5661 ταῖς
1353 5594 1488 5668 πρὸς
1516 5593 1606 5647 τὸν
1640 5591 1774 5646 Θεὸν
1808 5590 1995 5661 εὐχαξ

416 5685 698 5759 ἱκετηρίαν
726 5689 1056 5761 ἀναπέμψας
1083 5730 1098 5757 ,
1151 5689 1252 5743 οὐκ
1274 5687 1592 5742 ἐκπεσεῖται
1620 5684 1720 5756 τῆς
1753 5681 1992 5747 ἐλπίδος,

482 5843 690 5902 "Luc.
736 5860 799 5912 ιι,
849 5843 941 5901 ⁵54.

2099 4656 2278 4711 lutare
2320 4654 2455 4710 illud
2500 4669 2568 4709 ex
2616 4653 2827 4710 semine
2873 4667 2976 4708 suo
3022 4651 3411 4723 proditurum,
3463 4661 3680 4702 necnon

2096 4748 2358 4804 salutaris
2383 4746 2631 4817 ejusdem
2656 4747 2919 4802 virtutem
2952 4744 3309 4816 Spectabant,
3338 4740 3406 4797 de
3438 4740 3509 4796 iis
3529 4781 3544 4805 ,
3574 4741 3677 4808 ait,

2096 4841 2367 4897 laetabitur
2389 4849 2445 4896 et
2466 4840 2768 4896 exsultabit
2792 4839 3162 4896 vehementer.
3195 4836 3378 4907 lisque
3402 4833 3646 4890 conﬁsus
3661 4871 3677 4897 ,

2096 4936 2456 5006 inimicisque
2488 4950 2681 4991 eorum
2714 4950 2819 5006 ope
2853 4933 3117 4998 devictis,
3151 4931 3253 4986 tibi
3288 4929 3401 4985 Deo
3432 4927 3680 4985 victoriae

2100 5027 2345 5095 auctori,
2388 5028 2639 5099 ejusdem
2681 5027 2931 5083 victoriae
2975 5024 3167 5080 brahia
3211 5020 3481 5077 attribuit.
3530 5019 3679 5075 Gau-

2098 5121 2299 5193 delque
2337 5122 2636 5178 admodum
2676 5129 2733 5177 et
2770 5120 3051 5182 exsultat,
3099 5117 3449 5171 inimicorum
3489 5112 3587 5167 abs
3627 5120 3680 5167 te

2098 5223 2328 5287 ereptus
2368 5214 2594 5271 insidiis
2616 5256 2631 5282 ,
2672 5228 2851 5285 neque
2891 5219 3104 5267 tantum
3134 5209 3203 5265 de
3232 5208 3410 5263 salute
3442 5219 3542 5261 sua
3580 5205 3673 5259 l2-

2099 5315 2267 5373 tatur,
2298 5315 2565 5379 quantum
2596 5306 2665 5362 de
2696 5306 2870 5361 misso
2899 5303 2999 5359 abs
3028 5309 3081 5357 te
3112 5297 3341 5356 salutari
3373 5312 3497 5353 suo.
3537 5295 3677 5351 Cum

2096 5402 2243 5456 enim
2281 5400 2427 5456 idem
2454 5400 2699 5457 salutare
2724 5405 2881 5454 tuum
2913 5395 3148 5453 summis
3173 5392 3315 5448 votis
3349 5387 3637 5461 expetierit
3656 5423 3675 5450 ,

2097 5502 2262 5567 atque
2288 5494 2451 5551 labiis
2483 5495 2603 5565 ipse
2632 5492 2751 5549 suis
2771 5531 2787 5556 ,
2814 5490 3015 5546 emissa
3050 5487 3365 5558 frequenter
3394 5482 3675 5543 oratione,

2095 5602 2198 5659 pro
2252 5584 2511 5641 salutaris
2558 5582 2807 5655 ejusdem
2847 5580 3085 5637 adventu
3113 5577 3213 5633 tibi
3256 5567 3678 5659 supplicaverit,

2097 5657 2444 5750 nequaquam
2469 5690 2567 5748 spe
2591 5676 2828 5743 labetur,
2853 5687 3033 5746 neque
3056 5670 3211 5759 irrita
3233 5661 3528 5737 postulatio
3553 5657 3678 5731 ejus
