4100 6388
470 335 573 391 £09

461 550 586 592 rum
613 536 852 592 emittet.

538 629 605 682 Et
659 645 819 698 super
865 628 1107 682 salutare
1163 635 1312 681 tuum
1363 624 1651 680 exsultabit
1705 625 2048 680 vehementer.

462 719 618 775 lllum
651 721 854 790 quippe
885 717 1031 774 Deus
1060 733 1277 772 summo
1307 716 1508 784 gaudio
1537 715 1769 786 replehit
1789 755 1805 781 ,
1830 711 2050 786 quando

461 812 606 870 facie
646 811 717 866 ad
757 811 954 866 faciem
989 811 1223 882 gloriam
1259 810 1380 880 ejus
1419 807 1781 878 contemplari
1821 820 2050 861 conces-

461 899 616 960 serit.
641 903 1008 971 Quamobrem
1038 903 1115 958 ait
1139 901 1542 974 Symmachus:
1575 898 1899 970 Lteti/icabis
1929 914 2050 952 eum

457 1000 515 1052 in
557 996 751 1071 gaudio
791 1013 824 1050 a
866 995 1014 1050 vultu
1059 1005 1170 1050 tuo.
1204 993 1340 1048 Nam
1383 995 1437 1048 iu
1484 1001 1731 1064 tempore
1773 991 2050 1063 iustiﬁca-

459 1091 662 1157 tionis,
697 1089 918 1160 quando
951 1087 1124 1143 David
1161 1088 1307 1144 inter
1343 1103 1440 1143 cos
1483 1086 1577 1158 qui
1623 1086 1856 1140 salutem
1899 1083 2046 1139 nacti

457 1191 591 1239 sunt
633 1182 847 1238 medius
893 1179 1241 1243 consistens,
1291 1180 1474 1248 magni
1519 1177 1686 1250 Regis
1717 1178 1928 1232 vultum
1961 1177 2049 1232 in-

456 1275 728 1340 tuebitur,
758 1281 813 1329 et
845 1286 1053 1327 corona
1101 1270 1170 1326 de
1212 1269 1394 1341 lapide
1435 1271 1677 1340 pretioso
1721 1278 1888 1340 caput
1925 1270 2046 1340 ejus

455 1367 786 1432 ornabitur;
823 1365 1002 1437 gloria
1044 1363 1563 1434 magniﬁcentiaque
1593 1361 1920 1428 decoratus,
1960 1363 2045 1418 di-

456 1460 584 1514 vino
610 1457 812 1528 gaudio
839 1464 893 1512 et
923 1455 1136 1511 caelesti
1166 1454 1356 1509 laetitia
1387 1453 1718 1526 replebitur.

523 1639 690 1697 Vens.
724 1641 839 1696 3-7.
879 1642 1209 1697 Desidet-ium
1238 1643 1412 1696 cordis
1440 1643 1554 1712 ejus
1599 1645 1834 1700 tribuisti
1866 1645 1938 1708 ei,
1977 1652 2030 1698 et

453 1735 716 1788 voluntate
741 1735 1000 1789 labiorum
1029 1736 1140 1805 ejus
1171 1753 1275 1789 non
1301 1736 1570 1806 fraudasti
1602 1754 1741 1790 eum.
1769 1736 2030 1807 Diapsal-

1170 331 1444 390 EUSEBll
1481 329 1971 390 CESARIENSIS
2008 331 2162 388 OPP.
2206 333 2388 389 PARS
2421 334 2514 391 111.
2551 367 2616 376 -
2660 335 3072 392 EXEGETICA.

461 452 568 508 erit
593 468 611 519 ;
643 432 946 505 imo-etiam
978 455 1168 518 optata
1196 455 1568 515 consecutus,
1596 447 1910 503 orationem
1940 445 2027 502 ite‘

2144 447 2264 500 οὐδὲ
2298 449 2694 520 στερηθήσεται
2722 450 2816 503 τοῦ
2853 451 3154 522 αίτήματος
3179 491 3194 516 ,

3622 341 3734 398 εοο

3252 450 3388 505 ἀλλὰ
3436 454 3552 506 κατ’
3589 451 3735 531 [atat]

2154 543 2320 613 εὐχὰς
2349 544 2580 614 παρέξει
2607 544 2928 616 τευξόμενος
2953 546 3054 616 τῆς
3083 545 3396 618 ἐπιθυμίας.

2221 637 2330 691 Καὶ
2361 638 2458 691 ἐπὶ
2478 637 2557 704 τῷ
2571 642 2841 708 σωτηρίῳ
2869 656 2986 694 σου
3013 640 3442 711 ἁγαλὶιὰσεται
3475 641 3732 711 σφόδρα.

2151 730 2445 800 Εὑφραίνει
2466 731 2574 803 γὰρ
2597 731 2757 784 αὑτὸν
2775 773 2791 796 ,
2819 732 3006 803 φησὶν,
3029 735 3057 786 ὀ
3079 733 3210 796 Θεὸς
3233 734 3289 786 ἐν
3315 735 3458 804 χαρᾷ
3474 774 3488 796 ,
3512 733 3736 789 ἐπειδὰν

2151 823 2442 893 πρόσωπον
2496 824 2631 896 πρὸς
2662 825 2951 896 πρόσωπον
2982 825 3081 896 τῆς
3108 824 3273 880 αὑτοῦ
3303 825 3461 897 δόξης
3489 828 3734 900 ἐπόπτην

2150 915 2310 968 αὑτὸν
2338 920 2766 990 καταστήσηται.
2797 919 2891 972 Διό
2921 936 3087 990 φησιν
3117 920 3146 972 ὁ
3177 920 3474 990 Σύμμαχος
3493 939 3506 950 ο
3544 923 3733 989 Χαρο-

2147 1007 2424 1076 ποιήσεις
2455 1009 2642 1063 αὐτὸν
2666 1010 2738 1063 ἐν
2780 1011 3128 1078 εὐφροσύνῃ
3168 1011 3328 1078 παρὰ
3357 1010 3462 1064 τοῦ
3504 1009 3736 1078 προσώ-

2147 1118 2266 1155 που
2305 1118 2441 1154 σου.
2502 1100 2592 1173 Τῷ
2626 1099 2735 1172 γὰρ
2767 1100 2942 1172 καιρῷ
2965 1100 3068 1154 -τοῦ
3094 1101 3480 1173 δικαιωτηρίου
3509 1140 3524 1166 ,
3577 1102 3729 1155 ἐπει-

2146 1193 2241 1247 δὰν
2266 1193 2326 1246 τὸ
2361 1194 2653 1265 πρόσωπον
2679 1191 2774 1246 τοῦ
2807 1194 3044 1264 μεγάλου
3075 1193 3338 1262 βασιλέως
3371 1194 3533 1266 μέσος
3559 1193 3732 1259 ἑστὼς

2145 1286 2174 1337 ὁ
2200 1284 2362 1338 Δαυῖδ
2394 1285 2503 1339 τῶν
2529 1286 2853 1357 σωζομένων
2879 1287 3125 1340 θεάσοιτο
3151 1327 3166 1351 ,
3191 1288 3284 1340 καὶ
3311 1287 3389 1358 τῷ
3410 1287 3576 1359 τιμίῳ
3600 1286 3732 1360 λίθῳ

2143 1377 2243 1450 τὴν
2275 1378 2515 1449 κεφαλὴν
2539 1364 2895 1450 ἐστεμμένος,
2926 1379 3053 1454 δόξῃ
3075 1397 3133 1433 τε
3165 1380 3258 1433 καὶ
3283 1379 3732 1452 μεγαλοπρέπεια

2145 1471 2589 1540 κεκοσμημένος,
2626 1471 2810 1525 ἐνθέου
2835 1474 3010 1546 χαρᾶς
3064 1472 3159 1527 καὶ
3183 1473 3435 1544 οὐρανίου
3467 1471 3731 1546 εὐφροσύ-

2143 1579 2241 1632 νης
2281 1563 2725 1637 πληρωθήσεται.
3583 1585 3590 1592 θ

2219 1654 2337 1724 Τὴν
2352 1658 2674 1727 ἐπιθυμίαν
2695 1658 2807 1727 τῆς
2827 1659 3072 1738 καρδίας
3097 1658 3283 1714 αὐτοῦ
3303 1659 3530 1726 ἔδωκας
3547 1656 3730 1725 αὐτῷ,

2144 1750 2241 1803 καί
2268 1751 2384 1820 τὴν
2409 1749 2627 1819 δέησιν
2647 1750 2765 1804 τῶν
2784 1751 3036 1821 χειλέων
3056 1751 3243 1805 αὑτοῦ
3264 1754 3373 1806 οὐκ
3393 1752 3724 1820 ἐστέρησας

451 1843 558 1879 ma.
591 1825 853 1892 Quoniam
876 1829 1175 1896 pra'venisti
1203 1844 1322 1882 eum
1352 1828 1408 1881 in
1432 1826 1882 1884 benedictionibus
1907 1826 2027 1882 dui-

2137 1817 2342 1898 αὑτόν.
2362 1817 2698 1914 Διάμλαλμα.
2717 1817 2844 1899 ’Ότι
2866 1845 3251 1914 προέφθασιις
3270 1846 3457 1900 αὑτὸν
3559 1817 3668 1900 sini
3681 1817 3732 1899 :-

447 1916 682 1982 cedinis,
727 1915 956 1987 posuisti
995 1916 1050 1968 in
1093 1917 1266 1985 capite
1308 1915 1424 1984 ejus
1465 1930 1718 1970 coronam
1748 1913 1814 1969 de
1859 1914 2035 1984 lapide

443 2009 692 2070 pretioso.
738 2007 913 2062 Vitam
945 2008 1092 2078 petiit
1125 2025 1160 2061 α
1192 2017 1240 2062 te
1263 2049 1278 2072 ,
1325 2017 1373 2061 et
1402 2007 1641 2061 tribuisti
1669 2007 1717 2062 ei
1744 2007 2037 2078 longitudi-

445 2121 564 2158 nem
603 2103 810 2158 dierum
848 2104 906 2156 in
949 2101 1204 2156 stvcuium
1248 2102 1456 2156 siccati.
1509 2099 1713 2171 Magna
1753 2109 1830 2155 est
1861 2100 2034 2171 gloria

443 2195 558 2265 ejus
595 2196 653 2249 in
692 2194 925 2250 salutari
966 2205 1091 2259 tuo,
1131 2193 1360 2264 gloriam
1393 2202 1444 2248 et
1501 2209 1753 2264 magnum
1793 2193 2034 2248 decorem

445 2293 681 2360 importes
721 2305 880 2358 super
916 2305 1056 2344 eum.
1103 2287 1371 2354 Quoniam
1400 2288 1554 2341 dabis
1584 2304 1704 2342 eum
1738 2289 1792 2342 in
1825 2287 2034 2345 benedi-

444 2383 674 2438 ctionem
700 2423 716 2448 ,
751 2391 860 2438 etc.
896 2381 1218 2437 Prmniissas
1254 2379 1446 2435 Davidi
1477 2381 1909 2451 pollicitationes
1938 2400 2035 2439 va-

445 2477 708 2532 ticinatus
726 2515 744 2542 ,
774 2483 1178 2545 consequenter
1203 2489 1427 2530 causam
1457 2473 1612 2529 aﬂert
1637 2490 1735 2530 cur
1761 2476 1878 2532 haec
1905 2493 2035 2534 con-

444 2576 738 2626 secuturus
780 2569 873 2625 sit.
925 2567 1253 2638 Ecqtueuam
1303 2567 1394 2620 illa
1433 2582 1634 2634 causa,
1666 2569 1772 2625 nisi
1809 2585 1936 2641 spes
1970 2571 2028 2626 in

443 2659 771 2726 Dominum,
806 2675 912 2732 qua
944 2657 1382 2715 misericordiam
1414 2667 1609 2716 nactus
1631 2702 1646 2728 ,
1681 2677 1778 2732 spe
1807 2661 1900 2716 illa
1929 2677 2030 2718 sua

443 2767 474 2806 a
505 2751 614 2810 Deo
645 2753 917 2810 altissimo
945 2755 1072 2810 data
1101 2771 1212 2810 non
1255 2753 1505 2822 decidet,
1549 2771 1728 2826 neque
1766 2759 1823 2811 in
1869 2757 2029 2813 ﬁrmo

440 2845 536 2900 illo
562 2861 627 2902 ac
654 2846 834 2902 solido
861 2855 1008 2906 statu
1039 2845 1372 2902 ﬂuctuabit?
1418 2844 1560 2900 Nam
1591 2862 1706 2917 spes
1750 2864 1854 2903 non
1901 2863 2028 2902 con-

441 2939 620 3008 fundit
651 2942 719 2996 ".

513 3035 684 3091 Vens.
723 3033 795 3098 9,
833 3035 920 3090 10.
967 3031 1282 3088 Inveniatur
1312 3049 1504 3088 manus
1535 3042 1629 3089 tua
1661 3033 1905 3090 omnibus
1931 3035 2030 3089 ini-

2135 1936 2292 2006 γίαις
2319 1938 2732 2005 χρηστότητος
2751 1976 2767 2000 ,
2797 1939 3020 2007 ἔθηκας
3051 1938 3152 1991 ἐπὶ
3177 1938 3293 2008 τὴν
3318 1937 3598 2008 κεφαλὴν
3621 1939 3731 1994 αὺ-

2133 2028 2242 2082 τοῦ
2265 2028 2572 2098 στέρανον
2591 2031 2660 2084 ἐκ
2686 2033 2862 2086 λίθου
2885 2033 3098 2095 τιμίου.
3144 2031 3317 2096 Ζωὴν
3337 2031 3610 2098 ᾐτήσατο
3631 2046 3727 2095 σε,

2134 2118 2237 2173 καὶ
2293 2120 2522 2187 ἔδωκας
2571 2114 2733 2188 αὐτῷ
2773 2125 3121 2192 μακρότητα
3150 2121 3386 2194 ἡμερῶν
3421 2125 3504 2189 εις
3545 2121 3732 2177 αἰῶνα

2132 2206 2370 2274 αἰῶνος.
2398 2209 2642 2278 Μεγάλη
2667 2213 2703 2279 η
2727 2211 2876 2277 δόξα
2897 2213 3083 2268 αὑτοῦ
3103 2215 3172 2268 ἐν
3193 2213 3274 2280 τῷ
3292 2216 3568 2284 σωτηρίῳ
3585 2230 3733 2279 σου,
3775 2284 3781 2290 ο

2131 2301 2322 2368 δόξαν
2351 2305 2448 2357 καὶ
2493 2307 3016 2376 μεγαλοπρέπειαν
3045 2307 3356 2374 ἐπιθήσεις
3385 2309 3478 2361 ἐπ’
3513 2307 3723 2361 αὐτόν.

2138 2395 2257 2450 ’Ότι
2314 2395 2530 2462 δώσεις
2581 2397 2743 2464 αὐτῷ
2797 2400 3106 2468 εὐλογίαν.
3173 2400 3284 2462 Τὰς
3339 2399 3728 2471 προλεχθείσας

2131 2486 2469 2556 ἐπαγγελίας
2504 2487 2767 2552 θεσπίσας
2798 2490 2827 2541 ὁ
2859 2489 3017 2557 λόγος
3052 2488 3128 2560 τῷ
3165 2489 3329 2542 Δαυῒδ
3355 2530 3371 2553 ,
3419 2488 3726 2551 ἀκολούθως

2131 2579 2229 2650 τὴν
2258 2581 2438 2633 αἰτίαν
2489 2579 2732 2652 διδάσκει
2785 2581 2856 2634 δι’
2887 2583 2955 2652 ἣν
2982 2581 3089 2634 τῶν
3137 2583 3405 2636 τοσούτων
3453 2579 3723 2647 τεύξεται.

2131 2671 2228 2737 Τίς
2259 2673 2316 2726 δὲ
2353 2669 2422 2745 ἦν
2454 2675 2487 2745 ὴ
2526 2675 2677 2728 αἰτία
2709 2674 2826 2729 ἀλλ’
2855 2675 3009 2739 ἐλπὶς
3049 2679 3080 2746 ἡ
3114 2677 3205 2729 ἐπὶ
3243 2677 3333 2729 τὸν
3373 2675 3576 2747 Κύριον
3602 2715 3617 2739 ,
3655 2675 3725 2729 δι’

2128 2766 2196 2838 ἢν
2227 2766 2378 2821 ἐλέου
2414 2766 2615 2839 τυχὼν,
2656 2767 2757 2838 τῆς
2788 2767 2942 2838 παρὰ
2967 2767 3100 2822 Θεοῦ
3130 2767 3224 2822 τοῦ
3257 2769 3481 2838 ὑψίστου
3511 2767 3726 2832 ἐλπίδος

2126 2860 2228 2914 οὐκ
2262 2861 2652 2925 ἁποπεσεῖται,
2693 2860 2812 2914 οὐδὲ
2843 2861 3237 2932 σαλευθήσεται
3263 2861 3363 2932 τῆς
3400 2859 3724 2931 ἐρρωμένης

2127 2953 2332 3024 ταύτης
2363 2954 2647 3019 στάσεως;
2691 2955 2762 3008 Ἦ
2789 2953 2899 3027 γὰρ
2926 2955 3103 3022 ἐλπὶς
3135 2956 3207 3009 οὺ
3241 2954 3653 3022 καταισχύνει.

2201 3048 2484 3115 Εὐρεθείη
2510 3049 2550 3116 ἡ
2580 3049 2711 3116 χείρ
2747 3062 2865 3102 σου
2895 3046 3046 3102 πᾶσι
3074 3047 3212 3113 τοῖςν
3235 3046 3471 3116 ἐχθροῖς
3497 3063 3612 3100 σου
3635 3085 3652 3110 ,
3683 3046 3724 3115 ἡ

439 3128 592 3182 micis
637 3127 780 3193 tuis,
823 3124 1045 3180 «lea-tera
1091 3134 1180 3179 tua
1211 3125 1442 3180 inveniat
1485 3141 1665 3182 onmes
1696 3127 1787 3198 qui
1821 3136 1869 3181 te
1898 3125 2027 3181 ode-

2132 3139 2304 3204 δεξιά
2335 3155 2452 3195 σου
2471 3140 2634 3209 εὖροι
2660 3140 2893 3206 πάντας
2919 3139 3064 3206 τοὺς
3089 3137 3426 3209 μισοῦντάς
3449 3151 3542 3191 σε.
3605 3137 3724 3204 Θή-

439 3226 585 3273 runt.
615 3216 786 3272 I’bnes
810 3233 897 3272 eos
927 3229 984 3270 ut
1016 3216 1287 3272 clibanum
1315 3217 1476 3289 ignis,
1510 3219 1565 3272 in
1593 3228 1822 3288 tempore
1851 3217 2027 3273 uultus

440 3311 521 3366 tui
545 3327 563 3364 :
595 3309 855 3364 Dominus
885 3309 937 3364 in
967 3309 1050 3363 ira
1084 3325 1184 3364 sua
1210 3309 1550 3364 conturbabit
1579 3327 1668 3366 eos
1689 3350 1704 3375 ,
1733 3320 1784 3366 et
1813 3311 2029 3366 deuora-

440 3403 516 3458 tit
549 3419 639 3458 eos
680 3400 838 3472 ignis.
883 3399 977 3457 Sic
1017 3399 1189 3456 Deum
1217 3401 1580 3472 alloquuntur
1601 3403 1698 3474 qui
1727 3418 1920 3475 preces
1948 3404 2030 3460 ef-

443 3495 719 3560 fundunt,
753 3510 818 3550 ac
849 3496 894 3552 si
927 3493 1216 3550 dicerent:
1265 3493 1498 3550 Etiamsi
1543 3495 1579 3550 ii
1620 3499 1715 3568 qui
1765 3513 1890 3554 sese
1930 3498 2028 3553 tibi

437 3587 553 3645 Deo
583 3588 835 3644 inimicos
867 3589 1313 3654 constituerunt,
1345 3590 1557 3646 animas
1585 3591 1685 3646 tibi
1735 3590 1987 3647 addietas
2008 3633 2022 3658 ,

442 3696 655 3736 necnon
709 3690 932 3736 sanctos
987 3695 1180 3738 omnes
1230 3683 1290 3736 in
1341 3681 1548 3736 familia
1603 3690 1697 3738 tua
1753 3684 2026 3754 ascriptos

437 3772 802 3844 oppugnandi
856 3773 1016 3830 tinem
1067 3787 1179 3828 non
1237 3772 1494 3843 faciunt;
1547 3785 1600 3831 at
1652 3776 2024 3833 inevitabilem

439 3880 666 3920 manum
707 3873 762 3922 et
805 3867 1068 3922 invictam
1111 3867 1371 3922 virtutem
1421 3874 1571 3922 tuam
1601 3884 1710 3922 non
1739 3868 2020 3939 etiugient.

436 3956 716 4016 llactenus
757 3961 903 4016 enim
947 3960 1076 4015 dum
1125 3961 1522 4030 permittuntur
1562 3963 1774 4018 inimici
1822 3962 1902 4017 illi
1941 3963 2022 4016 tui

435 4050 668 4108 athletas
709 4059 834 4108 tuos
880 4052 1220 4116 exercitare,
1251 4052 1393 4109 altos
1432 4063 1723 4110 assumunt
1766 4055 2017 4125 spiritus.

434 4141 705 4198 Caaterum
759 4159 886 4198 cum
932 4143 968 4198 ii
1018 4144 1082 4198 ad
1129 4143 1294 4200 breve
1347 4153 1565 4216 tempus
1607 4147 2016 4217 superbierint,

437 4249 548 4287 non
577 4233 670 4288 diu
699 4241 890 4305 postea
919 4249 1118 4290 manus
1149 4242 1242 4288 tua
1274 4234 1649 4306 deprehendet
1677 4253 1774 4293 eos
1795 4279 1812 4306 ,
1838 4253 1904 4292 ac
1935 4238 2022 4292 fu-

433 4323 648 4394 gientes
692 4325 914 4380 dextera
963 4332 1056 4380 tua
1109 4326 1438 4397 intercipiet.
1488 4328 1631 4395 Quid
1684 4345 1850 4400 porro
1898 4339 2022 4400 aget

434 4431 558 4473 cum
589 4418 1052 4488 apprehenderit?
1080 4419 1254 4475 Pones
1281 4437 1368 4474 eos
1398 4430 1454 4474 ut
1485 4422 1759 4476 clibanum
1791 4423 1928 4494 ignis
1961 4425 2014 4478 in

2135 3246 2269 3297 σεις
2317 3231 2540 3298 αὐτοὺς
2583 3232 2664 3296 ὡς
2712 3231 3011 3284 κλίϐανον
3040 3228 3231 3297 πυρὸς
3257 3230 3345 3294 εις
3377 3227 3586 3295 καιρὸν
3619 3228 3724 3280 τοῦ

2135 3321 2462 3392 προσώπου
2479 3338 2618 3378 σου.
2649 3322 2866 3392 Κύριος
2885 3322 2955 3375 ἐν
2975 3319 3123 3392 ὀργῇ
3146 3321 3334 3374 αὑτοῦ
3359 3317 3721 3387 συνταράξει

2134 3417 2357 3483 αὐτοὺς
2376 3455 2391 3478 ,
2423 3417 2520 3470 καὶ
2553 3415 2949 3486 καταφάγεται
2981 3414 3204 3480 αὐτοὺς
3235 3417 3268 3469 ὀ
3300 3413 3440 3482 πῦρ.
3491 3413 3721 3480 Λέγεται

2134 3508 2307 3563 ταῦτα
2335 3508 2472 3580 πρὸς
2497 3507 2588 3564 τὸν
2617 3508 2748 3561 Θεὸν
2781 3507 2888 3561 ὑπὸ
2910 3506 3019 3561 τῶν
3042 3506 3140 3578 τὴν
3173 3507 3337 3577 εὐχὴν
3366 3505 3719 3574 ἀναπεμπόν-

2134 3619 2262 3667 των,
2284 3602 2333 3655 οἳ
2351 3605 2445 3656 καὶ
2462 3600 2625 3672 φασίν
2647 3619 2658 3630 ·
2677 3602 2725 3654 εἰ
2743 3602 2836 3655 καὶ
2854 3600 2920 3653 τὰ
2938 3599 3170 3672 μάλιστα
3187 3601 3234 3652 οἱ
3253 3598 3475 3660 ἑαυτοὺς
3492 3595 3718 3665 ἐχθροὺς

2136 3693 2220 3747 col
2234 3694 2310 3766 τῷ
2325 3695 2443 3765 Θεῷ
2459 3695 2921 3765 καταστήσαντες,
2942 3693 3038 3756 τὰς
3058 3690 3422 3762 ἀνακειμένας
3442 3706 3524 3742 σοι
3539 3687 3718 3758 ψυχὰς

2133 3787 2227 3840 καὶ⁹
2278 3787 2405 3851 τοὺς
2461 3787 2649 3855 ἁγίους
2682 3786 2888 3848 πάντας
2918 3785 3045 3848 τούς
3074 3801 3156 3837 σοι
3195 3781 3718 3856 προσῳκειωμένους

2131 3878 2560 3950 ἐκπολεμοῦντες
2582 3879 2642 3932 ού
2667 3877 2930 3932 παύονται
2951 3895 2965 3908 ·
2990 3876 3105 3930 ἀλλ’
3126 3875 3187 3929 ού
3209 3873 3588 3944 διαφεύξονται
3618 3872 3720 3942 τὴν

2129 3972 2371 4042 ἄφυκτόν
2421 3990 2513 4026 σου
2560 3974 2716 4043 χεῖρα
2763 3970 2858 4024 καὶ
2896 3969 2995 4041 τὴν
3030 3967 3296 4041 ἀήττητόν
3341 3983 3432 4020 σου
3464 3964 3711 4034 δύναμιν.

2129 4062 2279 4127 Τέως
2314 4063 2412 4134 μὲν
2441 4062 2551 4132 γὰρ
2586 4063 2666 4126 εἰς
2697 4061 2820 4115 ὅσον
2848 4058 3146 4130 γυμνάζειν
3175 4059 3302 4120 τοὺς
3334 4057 3458 4118 σοὺς
3484 4054 3717 4114 οἰκεὲους

2127 4155 2314 4226 ὥσπερ
2344 4153 2581 4225 ἀθλητὰς
2607 4153 2998 4223 ἐπετράπησαν
3024 4150 3073 4203 οἱ
3099 4147 3282 4219 ἐχθροί
3309 4163 3402 4200 σου
3423 4185 3435 4206 ,
3468 4143 3718 4213 ἐπαίρονο

2126 4261 2249 4298 ται·
2306 4243 2446 4314 πλὴν
2500 4242 2635 4314 πρὸς
2683 4241 2865 4310 ὀλίγον
2912 4237 3249 4309 ἐπαρθέντας
3279 4235 3472 4297 αὐτοὺς
3503 4235 3602 4287 οὐκ
3636 4233 3716 4295 εἰς

2130 4335 2347 4408 μακρὰν
2373 4337 2407 4406 ὴ
2441 4335 2508 4406 σὴ
2544 4335 2666 4405 χεὶρ
2693 4330 3088 4402 καταλήψεται,
3115 4329 3208 4383 καὶ
3239 4329 3271 4399 ἡ
3308 4327 3374 4396 σὴ
3400 4324 3546 4390 δεξιὰ
3580 4322 3715 4392 φεύ-

2126 4447 2321 4499 γοντας
2344 4427 2621 4500 θηρεύσει.
2651 4426 2716 4478 Τί
2737 4423 2794 4478 δὲ
2816 4425 3030 4494 ποιήσει
3059 4419 3470 4483 καταλαϐοῦσα;
3497 4416 3715 4483 etiam:

435 4519 666 4578 tempore
691 4509 866 4563 vultus
903 4511 1000 4566 tui.
1031 4510 1244 4566 Etenim
1283 4528 1394 4584 quo
1425 4523 1670 4584 tempore
1703 4517 2015 4586 resplende—

2132 4521 2345 4588 τιὺτοὺς
2367 4521 2446 4587 ὠς
2474 4520 2764 4574 κλίϐανον
2789 4517 2979 4585 ττιιρὸς
3000 4517 3088 4582 εὶς
3113 4513 3322 4582 καιρὸν
3343 4511 3448 4566 τοῦ
3476 4507 3711 4578 προσώ-

431 4600 514 4655 bit
537 4600 724 4656 vultus
756 4600 847 4656 ille
877 4609 1006 4657 tuus
1028 4641 1042 4666 ,
1074 4617 1184 4672 quo
1218 4603 1430 4660 scilicet
1459 4620 1686 4674 regnum
1719 4613 1872 4660 tuum
1904 4621 2018 4660 ma-

433 4690 721 4750 nitestabis
745 4735 763 4761 ,
793 4693 1016 4750 eosdem
1047 4696 1141 4766 qui
1194 4696 1298 4750 sibi
1341 4696 1480 4766 ipsis
1521 4697 1784 4768 nequitiae
1833 4700 2013 4770 ignem

433 4783 807 4853 advexerunt,
847 4787 1110 4842 meritum
1158 4787 1264 4843 sibi
1306 4788 1638 4860 supplicium
1681 4791 2018 4848 succendere

431 4875 606 4932 facies
629 4917 644 4942 ,
668 4877 745 4932 ita
791 4886 852 4932 ut
882 4880 1100 4936 libanus
1128 4880 1270 4952 ignis
1299 4882 1656 4954 sibimetipsis
1686 4882 2012 4941 eiﬁciantur.

430 4968 625 5037 Qualia
659 4969 787 5026 item
815 4972 1098 5042 patiuntur
1126 4973 1220 5044 qui
1253 4974 1308 5028 in
1337 4976 1695 5047 aegritudine,
1744 4992 2012 5049 corporea

430 5061 572 5118 febri
601 5061 897 5120 laborant:
929 5066 1150 5122 nemine
1188 5067 1390 5138 quippe
1431 5069 1780 5126 extrinsecus
1827 5071 2011 5144 ignem

431 5153 796 5221 admovente,
818 5156 874 5210 in
903 5171 964 5212 se
993 5157 1130 5227 ipsis
1162 5159 1343 5229 ignem
1377 5157 1580 5216 fovent.
1617 5160 1821 5217 Eodem
1858 5178 2015 5232 pror-

431 5259 528 5301 sus
553 5247 717 5304 modo
745 5249 1004 5306 inimicos
1036 5259 1160 5306 tuos
1184 5290 1198 5313 ,
1230 5250 1447 5322 inquit,
1481 5262 1648 5325 atque
1676 5270 1774 5311 eos
1815 5256 1910 5326 qui
1962 5263 2016 5312 te

430 5338 695 5408 oderunt,
718 5359 890 5415 pones
917 5353 978 5399 ut
1019 5345 1299 5401 clibanum
1327 5345 1492 5418 ignis.
1539 5347 1913 5416 Quamobrem
1945 5350 2014 5406 iis

429 5430 684 5492 dicetur:
736 5437 1014 5494 Procedite
1063 5439 1130 5494 ad
1183 5441 1361 5496 lumen
1405 5442 1543 5515 ignis
1605 5445 1797 5515 vestri,
1847 5454 1896 5498 et
1943 5444 2013 5498 ad

429 5521 705 5594 ﬂammam
729 5547 890 5600 quam
921 5532 1264 5587 succendistis
1294 5533 1361 5588 ⁸⁷.

476 5614 672 5688 βήξας.
713 5621 800 5675 11.
843 5621 1103 5678 Fructum
1133 5641 1313 5678 eorum
1343 5625 1406 5680 de
1435 5635 1576 5680 terra
1603 5625 1788 5696 perdes
1809 5667 1824 5694 ,
1853 5637 1902 5682 ct
1931 5646 2013 5684 sc-

501 5799 548 5833 “
577 5797 740 5858 Rom.
795 5816 848 5868 v,
885 5799 938 5856 5.
1018 5801 1208 5876 “ﬁsa.
1249 5817 1311 5868 L,
1355 5803 1440 5858 ll.

2123 4630 2241 4668 που
2281 4628 2418 4666 σου.
2473 4611 2561 4664 Ἐν
2604 4609 2682 4681 τῷ
2733 4607 2912 4679 καιρῷ
2948 4608 3058 4680 γὰρ
3097 4608 3192 4678 τῆς
3229 4602 3582 4674 ἐπιλάμψεως
3614 4598 3711 4653 τοῦ

2122 4704 2418 4780 προσώπου
2470 4721 2596 4768 σου,
2651 4704 2709 4756 ἐν
2736 4694 2780 4770 ᾧ
2814 4701 2912 4774 τὴν
2958 4698 3156 4753 σαυτοῦ
3185 4695 3380 4761 δείξεις
3411 4693 3710 4766 βασιλείαν,

2121 4798 2321 4860 αὐτοὺς
2355 4798 2566 4860 ἑαυτοῖς
2597 4795 2658 4848 τὸ
2687 4795 2787 4866 τῆς
2823 4793 3020 4856 κακίας
3048 4790 3159 4861 πῦρ
3191 4787 3525 4854 συνάξαντας
3548 4825 3562 4844 .
3613 4784 3711 4856 τὴν

2121 4890 2242 4945 καθ’
2292 4888 2500 4944 ἑαυτῶν
2554 4889 2774 4942 κόλασιν
2803 4885 3000 4955 ἐξάψαι
3039 4885 3316 4955 ποιήσεις·
3380 4881 3528 4942 ὅπως
3557 4877 3712 4932 αὐτοὶ

2118 4982 2334 5044 ἑαυτοῖς
2357 4979 2607 5044 κλίϐανος
2635 4979 2804 5051 πυρὸς
2829 4978 3086 5047 γένοιντο.
3124 4975 3311 5027 Ὀποῑα
3336 4972 3636 5041 πάσχουσιν
3663 4970 3711 5020 οἱ

2117 5076 2176 5127 ἐν
2208 5075 2330 5137 ταῖς
2369 5072 2546 5137 νόσοις
2577 5071 2638 5125 τὺ
2691 5071 2852 5141 σῶμα
2893 5070 3250 5140 πυρέττοντες
3272 5083 3285 5096 ο
3339 5063 3567 5137 μηδενὸς
3602 5061 3712 5133 γὰρ

2118 5166 2318 5235 ἔξωθεν
2348 5166 2706 5230 ὑποκαίοντας
2727 5205 2740 5231 ,
2770 5164 2919 5217 ἔνδον
2945 5161 3006 5214 τὺ
3032 5160 3143 5233 πῦρ
3170 5159 3228 5225 ἐξ
3250 5159 3460 5213 ἑαυτῶν
3488 5157 3712 5224 ἐπάγον-

2117 5279 2228 5315 ται.
2256 5258 2448 5324 Οῦτως
2469 5255 2560 5314 οὖν
2586 5259 2681 5314 καὶ
2705 5258 2832 5322 τοὺς
2853 5255 3080 5328 ἐχθρούς
3106 5273 3198 5308 σου
3228 5254 3320 5308 καὶ
3347 5253 3474 5316 τοὺς
3498 5248 3713 5322 μισοῦν-

2119 5357 2218 5420 τάς
2247 5373 2306 5410 σε
2327 5395 2342 5420 ,
2384 5355 2519 5426 φησὶ
2543 5395 2558 5417 ,
2595 5354 2782 5424 θήσεις
2813 5352 2888 5414 ὡς
2921 5349 3172 5404 κλίϐανον
3201 5348 3394 5419 πυρός.
3462 5344 3554 5398 Διὺ
3585 5343 3709 5410 λεχ-

2118 5448 2345 5518 θήσεται
2374 5447 2512 5518 πρὸς
2534 5444 2729 5508 αὐτούς
2746 5445 3112 5512 ’Πορεύεσθε
3128 5441 3207 5508 τῷ
3225 5440 3371 5511 φωτὶ
3391 5439 3497 5494 τοῦ
3517 5435 3708 5503 πιφὸς

2119 5539 2308 5608 ὑμῶν,
2337 5539 2435 5592 καὶ
2472 5537 2546 5606 τῆ
2569 5539 2746 5608 φλογὶ
2769 5531 2810 5610 ᾗ
2835 5538 3226 5602 ἑξεκτιύσίιτε.

2197 5631 2306 5684 Τὸν
2336 5631 2569 5698 καρπὸν
2597 5630 2782 5685 αὑτὸν
2807 5629 2926 5688 ἀπὸ
2950 5629 3064 5698 γῆς
3089 5625 3370 5692 ἀπολεῖς,
3403 5621 3499 5675 καὶ
3522 5617 3704 5686 σπέρ-
