4100 6392
476 392 584 446 203
1207 379 1464 436 El7SEB||
1504 373 1979 432 CESARIENSIS
2015 370 2165 426 OPP.
2207 368 2386 425 PARS
2424 368 2510 423 Ill.
2538 400 2604 412 —
2645 365 3048 421 EXEGETICA.
3617 359 3723 414 904

482 501 665 574 populi
725 499 1124 570 prtescicntiam
1186 495 1576 565 complectens,
1639 507 1748 544 non
1806 488 2050 560 psalmus

2178 503 2341 540 ττασιν
2366 525 2382 549 ,
2421 483 2513 536 καὶ
2551 481 2659 534 τῶν
2698 479 2866 534 ἐθνῶν
2903 480 3156 533 ἁπάντων
3189 477 3284 546 τὴν
3325 472 3512 542 κλῆσιν
3537 471 3638 542 τῆς
3665 489 3723 524 τε

484 566 846 648 inscribatur‘l
893 589 971 643 De
1017 589 1084 642 iis
1126 586 1346 656 quippe,
1394 591 1579 653 utpote
1625 582 1691 635 de
1739 581 2049 651 ingentibus

2178 580 2343 641 ἐνεᾶς
2399 577 2491 629 καὶ
2545 574 2635 628 τοῦ
2669 573 3066 644 τεχθησομένου
3094 569 3225 622 λαοῦ
3254 567 3350 639 τὴν
3381 566 3723 638 πρόγνωσιν;

485 681 665 744 bonis,
692 679 938 752 gaudens
964 677 1200 748 Spiritus
1228 682 1453 729 sanctus
1482 671 1838 743 psalmodiam
1863 684 2052 740 aggre-

2181 671 2287 722 Επὶ
2332 668 2540 730 τούτοις
2586 666 2694 737 γάρ
2726 666 2801 728 ὼς
2833 664 2924 715 ἐπὶ
2959 661 3212 734 μεγάλοις
3243 657 3466 727 ἀγαθοῖς
3500 660 3727 726 συγχαῖο

483 777 648 828 ditur.
2157 780 2246 834 ρον
2273 761 2336 814 τὸ
2365 759 2588 829 Πνεῦμα
2617 757 2678 810 τὸ
2710 757 2862 826 ἅγιον
2891 755 2988 826 τὴν
3021 752 3338 824 ψαλμῳδίαν
3368 753 3615 804 ποιεῖται.

556 863 780 919 νειις.ἳ.
802 863 940 916 Deus
968 861 1101 914 Deus
1135 875 1298 919 meus,
1328 857 1522 920 respice
1546 859 1598 910 in
1630 873 1708 910 me
1733 871 1751 909 :
1788 871 1946 924 quare
1975 870 2053 908 me

2237 853 2298 906 Ὀ
2325 851 2468 918 Θεὸς
2487 854 2519 904 ό
2549 850 2690 915 Θεός
2701 865 2840 918 μου,
2867 849 3131 915 πρόσχες
3157 861 3292 915 μοι·
3315 846 3415 898 ἵνα
3452 845 3510 896 τί
3557 843 3734 912 ἐγκα-

486 957 854 1025 dereliquisti?
896 956 1043 1022 longe
1087 970 1120 1006 a
1160 952 1330 1006 salute
1380 967 1495 1005 mea
1538 949 1692 1004 verba
1741 947 2055 1002 delictorum

2178 943 2394 1009 ’ἐλιπές
2412 960 2487 1012 με
2505 957 2524 1005 ;
2544 939 2786 1010 μακρὰν
2815 939 2930 994 ἀπὸ
2959 937 3068 1005 τῆς
3089 937 3384 1004 σωτηρίας
3403 952 3523 1004 μου
3549 935 3729 988 al.16-

492 1065 744 1102 meorum.
785 1047 920 1101 Cum
954 1047 1008 1099 in
1041 1043 1310 1098 Hebraico
1339 1041 1636 1110 exemplari
1671 1040 1827 1102 illud,
1859 1039 2057 1108 respice

2178 1055 2246 1090 σοι
2279 1035 2398 1089 τῶν
2433 1031 2915 1102 παραπτωμάτων
2947 1047 3086 1099 μου.
3155 1028 3246 1098 Μὴ
3281 1025 3642 1099 προκειμένου
3671 1024 3730 1078 δὲ

490 1141 545 1191 in
583 1154 682 1199 me,
719 1152 829 1191 non
877 1142 1194 1204 compareat
1262 1133 1357 1188 sed
1415 1132 1468 1186 in
1517 1131 1650 1186 solis
1693 1113 2057 1200 'Sepluaginta

2178 1147 2214 1180 ιν
2241 1127 2318 1198 τῷ
2354 1123 2624 1196 Ἐϐραῖκῷ
2646 1122 2763 1190 τοῦ,
2779 1122 3042 1190 πρόσχες
3064 1137 3164 1189 μοι
3184 1157 3198 1182 ,
3227 1118 3254 1171 ὃ
3279 1117 3343 1188 δὴ
3373 1115 3514 1170 κατά
3540 1115 3730 1187 μόνους

492 1226 884 1298 lnterpretibus
931 1226 1106 1295 primo
1133 1223 1314 1277 versui
1338 1223 1642 1286 inseratur;
1665 1219 1787 1289 jure
1809 1235 1840 1273 a
1870 1218 2058 1272 Salva-

2178 1217 2280 1280 τοὺς
2339 1215 2737 1284 Ἐὅδομήκοντα
2789 1211 3112 1283 προσέκειτο
3155 1206 3232 1277 τῷ
3287 1206 3487 1278 πρώτῳ
3540 1205 3729 1276 στίχῳ,

492 1329 610 1374 tore
637 1325 830 1374 nostro
859 1317 974 1371 haec
1003 1314 1336 1370 vociferante
1362 1312 1787 1382 praetermissum
1813 1317 1916 1364 est.

2178 1306 2396 1378 ικριδῶς
2430 1305 2524 1358 καὶ
2558 1304 2661 1357 ὑπὸ
2692 1304 2790 1373 τῆς
2829 1303 3011 1372 φωνῆς
3036 1298 3128 1354 τοῦ
3158 1298 3411 1370 Σωτῆρος
3439 1296 3598 1368 ήμῶν
3627 1312 3733 1349 πα-

2162 1397 2525 1470 ραλέλειπται.

563 1497 642 1551 Ac
685 1497 840 1559 mihi,
890 1510 1095 1564 quaeso,
1147 1492 1450 1562 perpendas
1495 1504 1603 1560 quo
1650 1498 1810 1559 pacto
1866 1486 2059 1556 reliqui

2232 1491 2342 1543 Καὶ
2370 1489 2469 1542 θέα
2501 1489 2621 1542 τίνα
2646 1487 2845 1559 τρόπον
2873 1485 2930 1537 ἐν
2965 1487 3096 1538 πᾶσι
3121 1483 3328 1546 τούτοις
3360 1478 3598 1552 οὐδαμοῦ
3627 1495 3737 1534 πα-

495 1601 686 1640 omnes
721 1585 1044 1653 interpretes
1077 1582 1386 1638 delictorum
1413 1597 1517 1634 non
1545 1578 1890 1634 meminerint
1918 1596 1929 1630 :
1961 1592 2060 1630 ne-

2178 1579 2560 1649 ςαπτωμάτων
2611 1579 3024 1650 ἐμνημόνευσαν
3075 1577 3125 1628 oi
3157 1574 3339 1628 λοιποὶ
3369 1573 3732 1645 ἐρμηνευταί’

495 1694 602 1748 que
641 1680 785 1732 enim
828 1684 1258 1731 consentaneum
1307 1682 1425 1729 erat
1468 1685 1713 1742 personae
1762 1667 2062 1723 Salvatoris

2178 1673 2287 1725 γεδδέ
2320 1673 2427 1744 γὰρ
2465 1670 2672 1742 ἥρμοζε
2712 1669 3130 1742 παραπτώματα
3178 1667 3505 1738 ἐφαρμόζειν
3536 1665 3613 1736 τῷ
3644 1663 3738 1718 τοῦ

496 1770 669 1826 nostri
704 1769 898 1824 delicta
928 1769 1222 1830 ascribere,
1249 1767 1336 1836 qui
1360 1774 1630 1833 peccatum
1662 1780 1765 1818 non
1795 1762 1940 1832 fecit,
1972 1777 2063 1814 nec

2178 1765 2414 1836 Εωτῆρος
2437 1767 2468 1834 ή
2479 1764 2594 1835 μῶν
2628 1763 2903 1836 προσώπῳ
2922 1803 2936 1827 ,
2971 1762 3040 1828 ὃς
3070 1761 3366 1831 ἁμαρτίαν
3393 1762 3504 1814 οὐκ
3535 1758 3742 1827 ἐποίη-

470 1861 732 1918 ’ἱηυεηιαε
768 1871 845 1916 est
877 1861 1030 1914 dolus
1065 1863 1115 1913 in
1157 1876 1244 1914 ore
1280 1859 1393 1926 ejus
1417 1856 1484 1909 ⁸⁸.
1525 1855 1576 1911 ls
1617 1871 1748 1910 vero
1779 1869 1881 1924 pro
1925 1853 1993 1907 iis
2033 1868 2063 1907 e

2178 1873 2293 1922 rer,
2307 1830 2685 1924 baeééopéon'
2697 1830 2962 1919 δόλος-ἐν
2976 1851 3055 1918 τῷ
3070 1830 3318 1920 στόματι
3334 1852 3411 1903 αὐ
3419 1848 3541 1903 τοῦ.
3573 1846 3742 1916 ’Υπὲρ

492 1955 696 2025 populo
739 1954 830 2023 qui
880 1952 1134 2023 lacrymis
1185 1965 1249 2004 ac
1299 1948 1427 2003 ﬂetu
1477 1946 1641 2016 digna
1684 1945 2063 2010 admittebant,

2164 1945 2219 1998 δὲ
2259 1945 2368 1998 τῶν
2408 1945 2700 2015 κλαυθμῶν
2752 1944 2847 1997 καὶ⁷
2885 1943 3098 2015 θρήνων
3135 1942 3263 2008 ἄξια
3302 1940 3648 2012 πραττόντων
3685 1940 3742 1990 ἐν

482 2059 592 2114 _pro
615 2043 862 2114 apostolo
885 2057 985 2096 suo
1018 2040 1182 2104 Juda,
1218 2041 1374 2110 lapso
1399 2050 1454 2094 et
1495 2053 1525 2091 a
1557 2037 1776 2108 propria
1807 2035 2067 2105 dignitate

2178 2037 2242 2108 τῷ
2267 2037 2380 2108 λαῷ
2403 2077 2417 2101 ,
2483 2037 2622 2106 ὑπὲρ
2653 2037 2707 2090 δὲ
2734 2035 2827 2089 τοῦ
2858 2034 3156 2088 ἀποστόλου
3189 2031 3354 2086 αὑτοῦ
3401 2031 3603 2095 Ἰούδα,
3649 2027 3744 2082 τοῦ

485 2137 744 2206 depulso,
794 2135 986 2204 lugens
1028 2135 1142 2187 haec
1183 2131 1402 2187 assidue
1448 2128 1719 2184 clamabat
1758 2147 1771 2181 :
1823 2125 1994 2196 Longe
2033 2142 2066 2178 a

497 2228 673 2282 salute
703 2242 817 2279 mea
848 2225 1002 2279 verba
1035 2225 1321 2293 gemituum
1356 2234 1609 2274 meorum.
1638 2215 1837 2280 Voces,
1868 2216 2064 2286 inquit,

502 2326 556 2372 et
586 2317 746 2372 verba
780 2331 962 2370 rerum
997 2329 1028 2367 a
1060 2329 1145 2368 me
1176 2326 1390 2381 semper
1415 2325 1514 2380 pro
1543 2310 1742 2380 populo
1770 2316 2065 2379 gestarum,

501 2424 532 2461 a
563 2407 737 2464 salute
769 2422 887 2462 mea
915 2407 1300 2476 longe‘rcmota
1325 2411 1474 2467 sunt,
1503 2418 1627 2457 cum
1660 2401 1793 2456 nihil
1821 2400 2069 2454 utilitatis

501 2499 702 2570 populo
735 2497 1030 2553 accesserit
1075 2512 1142 2551 ex
1180 2511 1242 2550 ea
1278 2511 1437 2566 quam
1482 2494 1617 2564 ipsis
1656 2493 1942 2565 procuravi
1976 2507 2066 2547 sa-

505 2592 632 2645 lute.
666 2589 732 2644 At
765 2606 832 2645 ne
855 2589 1136 2644 videamur
1166 2603 1230 2643 ex
1261 2588 1480 2643 curiosa
1512 2587 1692 2656 aliqua
1726 2585 2069 2655 indagatione

501 2685 742 2754 reliquos
788 2684 1116 2754 interpretes
1166 2683 1362 2747 secuti,
1414 2697 1510 2737 eos
1554 2680 1646 2750 qui
1697 2679 1804 2733 alia
1857 2676 2069 2732 ratione

502 2775 771 2845 psalmum
802 2773 1229 2843 interpretantur
1253 2787 1571 2843 coarguere,
1605 2769 1960 2841 Septuaginta
1987 2766 2070 2822 vi-

2168 2130 2605 2202 ἐξολισθήσαντος
2647 2129 2870 2200 καὶτῆς
2919 2127 3126 2190 οἰκείας
3171 2125 3328 2190 ἀξίας
3356 2123 3744 2188 ἀποπεσόντος,

2168 2223 2486 2292 ὀδυρόμενος
2513 2221 2736 2274 διετέλει
2776 2219 2913 2290 βοῶν
2933 2236 2946 2250 ·
2983 2219 3234 2287 Μακρὰν
3262 2216 3380 2272 ἀπὸ
3414 2214 3523 2284 τῆς
3551 2231 3746 2282 σωτη-

2161 2315 2299 2383 ρίας
2323 2332 2442 2382 μου
2466 2317 2518 2368 οὶ
2543 2315 2711 2382 ,λόγοι
2738 2313 2856 2365 τῶν
2885 2310 3158 2379 όδιιομῶν
3181 2327 3318 2378 μου.
3352 2309 3415 2362 Oi
3443 2307 3550 2378 γὰρ
3575 2307 3746 2374 λόγοι,

2171 2407 2333 2476 φησὶ,
2369 2405 2476 2458 τῶν
2509 2405 2656 2476 ἐμῶν
2680 2445 2694 2470 ,
2730 2403 2838 2456 τῶν
2873 2402 3013 2473 ὑπὲρ
3043 2402 3136 2455 τοῦ
3170 2401 3300 2454 λαοῦ
3337 2401 3566 2454 πάντοτε
3599 2417 3746 2468 γινο-

2173 2500 2347 2570 μένων
2372 2537 2388 2562 ,
2418 2498 2516 2568 τῆς
2538 2498 2676 2568 ἐμῆς
2702 2497 2974 2567 σωτηρίας
3003 2493 3221 2566 μακρὰν
3250 2493 3535 2563 γεγόνασιν
3555 2531 3570 2556 ,
3598 2492 3749 2546 οὐδὲν

2169 2589 2538 2661 ὠφεληθέντος
2571 2589 2664 2642 τοῦ
2697 2586 2827 2642 λαοῦ
2861 2587 2968 2641 ἀπὸ
3010 2586 3109 2657 τῆς
3146 2585 3205 2651 ἐξ
3239 2583 3373 2656 ἐμοῦ
3403 2581 3751 2656 προξενηθεί-

2174 2698 2271 2751 σης
2295 2682 2476 2744 αὐτοῖς
2496 2678 2786 2750 σωτηρίας.
2820 2679 2935 2732 ’Ὶνα
2954 2677 3011 2730 δὲ
3046 2676 3121 2748 μὴ
3148 2676 3408 2746 δόξωμεν,
3437 2678 3550 2739 τοῖς
3572 2673 3751 2736 ἄλλοις

2171 2775 2532 2846 ἑρμηνευταῖς
2558 2771 2790 2826 ἐνταῦθα
2821 2771 3148 2842 κεχρημένοι
3181 2771 3246 2822 ἐκ
3273 2768 3550 2842 περινοίας
3575 2808 3590 2833 ,
3627 2766 3753 2829 τοὺς

501 2880 689 2921 rorum
745 2865 1194 2935 interpretatione
1245 2873 1485 2918 utemur.
1535 2859 1668 2915 Nam
1723 2860 1802 2915 illi
1852 2873 2070 2932 quoque

2178 2864 2370 2937 ἑτέρως
2399 2865 2489 2918 τὸν
2517 2863 2729 2935 ψαλμὸν
2762 2863 3176 2935 ήρμηνευκότας
3225 2861 3466 2934 ἐλέγχειν
3485 2901 3500 2926 ,
3551 2861 3617 2930 τῇ
3644 2855 3753 2911 τῶν

504 2960 644 3012 hanc
693 2956 986 3012 lectionem
1033 2958 1396 3010 observantes
1445 2961 1499 3008 et
1551 2953 2066 3018 animadvertentes,

2185 2955 2585 3027 Ἐδδομήκοντα
2615 2955 2879 3026 ἑρμηνείᾳ
2908 2952 3256 3025 χρησόμεθαο
3311 2951 3484 3023 ταύτῃ
3511 2950 3619 3020 γάρ
3648 2947 3753 3002 κά-

501 3050 650 3104 hunc
698 3047 967 3117 psalmum
1013 3046 1235 3100 Christo
1282 3060 1392 3099 non
1447 3059 1748 3114 congruere
1798 3042 2067 3099 dixerunt.

2178 3050 2340 3102 κεῖνοι
2372 3048 2599 3118 τηρήσει
2628 3045 3083 3116 προσεσχηκότες,
3102 3043 3202 3095 οὐκ
3231 3043 3438 3111 ἔφασαν
3465 3041 3758 3111 ἁρμόττειν

499 3139 738 3193 Audianl
768 3137 948 3207 itaque
973 3134 1234 3191 Joannem
1260 3135 1339 3188 sic
1359 3132 1687 3188 clamantem
1708 3153 1722 3187 :
1742 3131 1874 3186 Ecce
1890 3133 2072 3202 Agnus

2178 3139 2266 3191 τὸν
2295 3138 2508 3208 ψαλμὸν
2527 3136 2604 3206 τῷ
2619 3136 2825 3206 Κυρίῳ.
2859 3135 3278 3187 Ἀκουσάτωσαν
3305 3132 3486 3184 τοίνυν
3509 3129 3758 3184 Ἰωάννου

507 3228 620 3291 Dei,
643 3228 732 3298 qui
749 3228 884 3282 tollit
907 3237 1174 3297 peccatum
1206 3224 1387 3279 mundi
1407 3225 1460 3289 ¹;
1494 3233 1546 3279 et
1579 3222 1822 3278 divinum
1850 3221 2074 3276 Paulum

2182 3227 2408 3298 βοῶντος
2427 3245 2440 3258 ·
2468 3228 2590 3282 ’Ἴδε
2609 3230 2641 3281 ό
2659 3225 2848 3296 ἀμνὸς
2859 3225 2963 3278 τοῦ
2993 3223 3142 3278 Θεοῦ
3159 3261 3175 3287 ,
3194 3227 3226 3277 ό
3244 3224 3428 3292 αῑρων
3448 3222 3561 3290 τὴν
3579 3221 3760 3290 ἀμαρ-

504 3321 578 3374 ita
611 3321 918 3391 loquentem
948 3319 1087 3385 :Qui
1111 3325 1381 3388 peccatqu
1415 3333 1518 3370 non
1548 3322 1780 3378 nouerat,
1811 3329 1903 3384 pro
1930 3314 2076 3368 nobis

502 3423 772 3483 peccatum
797 3411 939 3480 fecit,
960 3421 1015 3464 ut
1034 3427 1128 3464 nos
1147 3408 1688 3479 eﬁiceremurjustitia
1709 3407 1801 3461 Dei
1822 3409 1874 3461 in
1898 3407 2008 3476 ipso
2022 3410 2076 3476 ’;

502 3513 558 3557 et
577 3519 796 3559 rursum
821 3523 834 3558 :
863 3502 1110 3558 Christus
1145 3519 1239 3555 uos
1273 3499 1488 3568 redemit
1522 3499 1585 3554 de
1618 3500 1896 3554 maledicto
1928 3501 2075 3570 legis,

499 3596 680 3665 [actus
710 3610 807 3662 pro
834 3594 981 3649 nobis
1009 3592 1404 3648 maledictum'.
1432 3590 1600 3662 Igitur
1619 3591 2076 3662 quemadmodum

506 3689 632 3742 fons
659 3687 890 3757 justiti-.e
917 3702 1042 3740 cum
1067 3685 1160 3751 sit,
1192 3694 1416 3756 peccata
1447 3686 1563 3756 ipse
1594 3691 1781 3740 nostra
1805 3683 2076 3754 suscepit;

505 3788 561 3838 et
586 3795 711 3835 cum
749 3781 821 3836 sit
854 3779 1252 3835 benedictionis
1277 3780 1522 3850 pelagus,
1551 3779 1894 3848 ingruentem
1920 3777 2078 3832 nobis

506 3872 944 3929 maledictionem
974 3872 1203 3940 accepit,
1230 3881 1390 3941 atque
1417 3871 1746 3942 contemptis
1767 3870 2078 3940 Opprobriis

504 3978 726 4020 crucem
758 3962 1055 4017 sustinuit:
1091 3963 1171 4016 sic
1207 3976 1303 4032 pro
1330 3960 1488 4016 nobis
1519 3960 1784 4015 rationem
1815 3959 2075 4016 reddidit.

509 4054 565 4110 Si
619 4055 764 4110 enim
809 4062 1066 4109 statutam
1121 4052 1281 4107 nobis
1310 4051 1656 4121 disciplinam
1716 4051 1910 4106 lubens
1962 4052 2079 4122 ipse

506 4146 712 4212 subiit;
758 4159 887 4200 nam
927 4145 1211 4214 disciplina
1251 4145 1397 4213 pacis
1441 4153 1635 4198 nostra:
1667 4159 1821 4213 super
1852 4160 1990 4211 eum,
2021 4154 2080 4200 ut

507 4241 582 4292 ait
608 4236 910 4308 propheta‘
939 4256 953 4290 :
984 4237 1157 4291 multo
1197 4235 1374 4306 magis
1424 4235 1668 4291 rationes
1714 4221 1829 4304 ipse
1859 4247 2078 4292 nostras

508 4343 606 4397 pro
638 4327 799 4382 nobis
826 4325 1032 4390 retulit,
1061 4333 1225 4395 atque
1256 4324 1477 4377 clamat:
1516 4322 1690 4392 Longe
1711 4339 1743 4375 a
1773 4322 1944 4375 salute
1967 4340 2080 4376 mea

505 4420 740 4474 rationes
787 4418 1099 4471 delictorum
1154 4430 1411 4469 meorum.
1461 4412 1560 4478 Ne,
1617 4413 1814 4482 inquit,
1874 4421 2081 4469 natura:

511 4518 735 4584 peccata
770 4509 1052 4580 respicias.

2179 3321 2312 3375 τίαν
2331 3319 2437 3373 τοῦ
2454 3319 2685 3387 κόσμου
2707 3335 2720 3348 ·
2743 3316 2835 3370 τοῦ
2859 3315 2914 3368 δέ
2936 3315 3222 3369 θεσπεσίου
3246 3315 3458 3369 Παύλου
3477 3313 3726 3382 λέγοντος
3741 3328 3755 3341 ·

2185 3414 2293 3469 Τὸν
2317 3413 2403 3482 μὴ
2439 3413 2656 3484 γνόντα
2693 3412 3017 3482 ἁμαρτίαν,
3071 3409 3222 3478 ὑπὲρ
3263 3409 3430 3479 ἡμῶν
3466 3405 3762 3476 ἁμαρτίαν

2177 3505 2486 3572 ἐποίησεν,
2504 3505 2603 3557 ἵνα
2631 3503 2800 3573 ἡμεῖς
2822 3502 3118 3574 γενώμεθα
3141 3501 3287 3556 Θεοῦ
3313 3499 3669 3565 δικαιοσύνη
3692 3497 3764 3550 ἐν

2178 3595 2365 3661 αὐτῷ’
2399 3598 2490 3650 καὶ
2522 3596 2681 3650 πάλιν
2700 3613 2713 3626 ο
2755 3588 3008 3664 Χριστὸς
3038 3593 3194 3664 ἡμᾶς
3221 3592 3524 3663 ἠγόρασεν
3555 3590 3623 3643 ἐκ
3649 3586 3761 3655 τῆς

2180 3687 2440 3756 κατάρας
2470 3687 2574 3741 τοῦ
2597 3689 2804 3756 νόμου,
2825 3688 3142 3756 γενόμενος
3161 3683 3310 3753 ὑπὲρ
3330 3684 3498 3754 ἡμῶν
3517 3677 3756 3748 κατάρα.

2187 3779 2486 3849 Τοιγαροῦν
2541 3779 2727 3852 ῶσπερ
2759 3778 3102 3849 δικαιοσύνης
3132 3776 3392 3848 ὑπάρχων
3447 3773 3626 3844 πηγὴ,
3666 3770 3763 3840 τὴν

2187 3871 2461 3942 ἡμετέραν
2494 3872 2764 3942 ἁμαρτίαν
2794 3871 3053 3935 ἀνέλαϐε,
3099 3870 3193 3923 καὶ
3218 3868 3466 3936 εὐλογίας
3493 3865 3566 3917 ὢν
3594 3861 3762 3914 πέλα-

2177 3947 2273 4032 γος
2303 4003 2318 4026 ,
2373 3963 2470 4034 τὴν
2506 3963 2856 4034 ἐπικειμένην
2895 3964 3030 4033 ήμῖν
3067 3960 3282 4025 ἐδέξατο
3320 3955 3566 4025 κατάραν
3593 3994 3611 4019 ,
3667 3951 3764 4006 καὶ

2180 4057 2410 4128 σταυρὸν
2430 4057 2715 4127 ὑπέμεινεν
2743 4055 3002 4125 αἰσχύνης
3031 4051 3446 4120 καταφρονήσας
3464 4065 3477 4078 °
3503 4047 3644 4101 οῦτω
3671 4047 3766 4101 καὶ

2181 4149 2306 4211 τοὺς
2336 4148 2477 4218 ὑπὲρ
2504 4147 2658 4217 ήμῶν
2692 4149 2982 4216 ἐποιήσατο
3013 4144 3223 4211 λόγους.
3257 4143 3318 4196 El
3348 4141 3456 4213 γὰρ
3478 4141 3575 4212 τὴν
3634 4140 3768 4212 ὠρι-

2182 4241 2387 4312 σμένην
2429 4244 2563 4312 ἡμῖν
2613 4239 2859 4293 παιδείαν
2893 4235 3132 4306 ὑπῆλθεν
3177 4233 3316 4288 ἑκὼν
3342 4272 3356 4295 ,
3383 4231 3621 4286 παιδεία
3657 4230 3767 4301 γὰρ

2179 4331 2424 4399 εἰρήνης
2447 4330 2618 4401 ἡμῶν
2641 4331 2733 4382 ἐπ’
2754 4328 2961 4390 αὑτὸν,
3052 4327 3215 4398 φησιν
3241 4329 3269 4380 ό
3297 4326 3611 4398 προφήτηςο
3639 4322 3765 4376 πολ-

2181 4422 2256 4492 λῷ
2281 4423 2479 4493 μᾶλλον
2499 4423 2608 4485 τοῖς
2624 4422 2762 4492 ὑπὲρ
2787 4419 2943 4491 ήμῶν
2969 4417 3082 4472 ἀνθ’
3104 4417 3260 4489 ἡμῶν
3282 4418 3549 4488 ἐχρήσατο
3568 4415 3762 4479 λόγοις,

2117 4497 2157 4551 D
2187 4515 2280 4566 καὶ
2315 4515 2430 4584 βοᾷ·
2483 4513 2731 4582 Μακρὰν
2758 4511 2873 4566 ἀπὸ
2907 4509 3010 4578 τῆς
3049 4510 3346 4578 σωτηρίας
3371 4526 3490 4578 μου
3518 4508 3572 4558 οἱ
3597 4504 3767 4573 λόγοι

506 4603 627 4660 τῶν
649 4602 1134 4674 παραπτωμάτων
1153 4619 1292 4672 μου.
1324 4601 1414 4672 Μή
1436 4599 1771 4674 ἀποϐλέψῃς,
1802 4603 1984 4672 φησιν,
2007 4606 2108 4672 είς,
2132 4605 2202 4660 τὰ
2227 4609 2326 4679 τῆς
2359 4607 2574 4674 φύσεως
2611 4607 3076 4678 πλημμελήματα.

580 4699 744 4755 Vens.
779 4701 834 4754 '5.
872 4698 1011 4754 Deus
1052 4714 1218 4762 meus,
1263 4696 1503 4752 clamabo
1545 4696 1612 4750 ad
1647 4705 1693 4751 te
1721 4715 1814 4767 per
1845 4697 2004 4763 diem,
2035 4709 2084 4753 et

511 4809 618 4846 non
640 4790 924 4856 exaudies;
959 4799 1008 4845 et
1039 4801 1211 4854 nocte,
1245 4799 1294 4843 et
1327 4807 1429 4844 non
1452 4788 1521 4843 ad
1549 4790 1906 4859 insipientiam
1936 4791 2086 4846 mihi.

507 4884 641 4939 Haec
669 4884 737 4939 de
761 4883 921 4939 nobis
944 4881 1228 4938 confessus
1253 4880 1524 4946 Salvator,
1551 4881 1627 4934 ait
1661 4902 1672 4936 :
1704 4881 1794 4936 Sic
1817 4881 2090 4938 clamante

516 4991 624 5039 me,
649 4974 1028 5029 exauditurum
1060 4981 1113 5028 te
1142 4973 1268 5027 novi
1303 4991 1315 5026 :
1348 4989 1473 5027 nam
1501 4987 1626 5026 cum
1652 4973 2091 5044 interpunctione

509 5067 822 5136 legendum.
839 5064 914 5118 .Et
937 5072 1097 5119 nocte
1121 5079 1341 5134 quoque
1370 5065 1640 5128 clamabo,
1666 5080 1844 5134 neque
1874 5064 1926 5118 id
1954 5064 2087 5118 mihi

509 5159 582 5213 ad
630 5156 1003 5228 insipientiam
1057 5163 1374 5226 reputetur;
1421 5156 1864 5227 quandoquidem
1904 5157 2087 5212 tristia

511 5250 720 5303 circum
749 5263 843 5303 me
877 5247 1055 5318 posita
1093 5254 1241 5303 sunt.
1279 5247 1432 5302 Multi
1469 5263 1602 5304 sane
1630 5249 1684 5304 in
1714 5247 1971 5318 perplexo
2003 5264 2090 5301 rc-

514 5356 637 5395 rum
662 5347 808 5395 statu
845 5340 1075 5411 caligine
1114 5339 1499 5402 obvolvuntur,
1538 5348 1596 5394 ut
1622 5343 1784 5394 etiam
1817 5343 1946 5410 quid
1979 5344 2091 5397 cla-

517 5434 687 5487 manti
735 5431 1027 5490 dicendum
1070 5432 1182 5489 Deo
1228 5435 1299 5490 sit
1349 5434 1644 5505 ignorent:
1679 5448 1742 5487 ac
1785 5450 1882 5504 ego
1923 5436 2092 5505 probe

517 5525 644 5578 novi
685 5539 792 5593 qua
835 5523 903 5578 de
955 5537 1120 5580 causa
1162 5532 1444 5581 nocturnae
1489 5524 1594 5579 illa:
1627 5525 1967 5582 calamitates
2003 5543 2089 5582 me

517 5617 974 5673 circumveniant.

2269 4705 2332 4757 '0
2355 4705 2498 4769 Θεός
2528 4721 2668 4773 μου,
2703 4701 3059 4770 κεκράξομαι
3096 4698 3318 4768 ἡμέρας
3349 4693 3498 4762 πρὸς
3533 4692 3628 4756 σὲ,
3669 4691 3770 4746 καί

2191 4796 2302 4848 οὐκ
2333 4795 2668 4861 είσακούσῃ
2688 4810 2701 4824 ⁸
2755 4793 2853 4846 καί
2893 4791 3114 4857 νυκτὸς
3133 4831 3147 4856 ,
3183 4789 3276 4842 καὶ
3309 4788 3419 4840 οὐκ
3451 4787 3536 4850 εὶς
3561 4783 3773 4837 ἄνοιαν

2188 4888 2338 4956 ἐμοί.
2375 4887 2558 4941 Ταῦτα
2581 4887 2635 4939 δὲ
2661 4888 2790 4958 περὶ
2815 4884 2968 4957 ἡμῶν
2995 4879 3501 4954 ἐξομολογούμενος,
3525 4877 3553 4929 δ
3580 4875 3772 4946 Σωτὴρ

2188 4979 2368 5048 λέγει·
2427 4977 2581 5032 Οῦτω
2609 4978 2664 5030 δέ
2698 4995 2798 5048 μου
2830 4977 3096 5048 βοῶντος,
3144 4968 3289 5038 οῖδα,
3325 4971 3407 5023 ὅτι
3439 4966 3768 5040 είσακούσῃ·

2195 5070 2315 5142 μεθ’
2350 5071 2694 5142 ύποστιγμῆς
2732 5071 2838 5141 γάρ
2876 5065 3271 5136 ἀναγνωστέον.
3339 5064 3448 5118 Καὶ
3485 5060 3678 5123 νυκτὸς
3713 5059 3772 5112 δὲ

2194 5163 2565 5236 κεκράξομαι,
2620 5163 2718 5216 οὐκ
2769 5161 2954 5222 ἀνοίας
3010 5175 3098 5229 μοι
3137 5154 3522 5225 λογιζομένηςο
3582 5152 3669 5204 ὅτε
3706 5151 3773 5204 τὰ

2197 5256 2594 5329 περιεττηκότα
2635 5255 2754 5308 ἐστὶ
2799 5250 3115 5323 σκυθρωπά.
3147 5249 3266 5301 Τῶν
3306 5244 3516 5299 πολλῶν
3555 5245 3612 5296 ἐν
3651 5243 3774 5304 ταῖς

2193 5350 2548 5428 περιστάσεσι
2580 5344 2978 5416 σκοτιζομένων
2996 5384 3010 5408 ,
3042 5341 3117 5404 ὡς
3144 5337 3399 5393 καὶάὑτὸ
3426 5333 3582 5387 τοῦτο
3613 5332 3665 5386 τί
3693 5332 3777 5385 δεῖ

2195 5423 2468 5517 κράζοντα
2509 5437 2644 5509 πρὸς
2677 5435 2809 5488 Θεὸν
2840 5434 3016 5500 λέγειν
3049 5430 3287 5498 ἀγνοεῖνο
3339 5427 3634 5496 ἐπίσταμαι
3667 5423 3774 5494 γὰρ

2196 5515 2305 5602 ἐγὼ
2330 5534 2468 5597 τίνος
2500 5535 2668 5588 ἕνεκα
2696 5525 2820 5596 περὶ
2849 5525 2948 5595 ἐμὲ
2973 5518 3258 5591 νυκτερινὴ
3281 5515 3610 5578 κατάστασίς
3637 5517 3769 5567 ἐστι.

588 5800 632 5830 ⁹⁹
671 5799 684 5852 Ι
723 5797 868 5853 Petr.
907 5813 981 5867 ιι,
1013 5797 1104 5855 2-2.
1185 5802 1199 5831 ι
1237 5799 1394 5855 Joan.
1431 5815 1479 5870 ι,
1513 5801 1603 5856 56.
1679 5804 1701 5835 ²
1742 5801 1784 5857 ll
1817 5802 1941 5858 Cor.
1974 5819 2040 5870 ι’,
2076 5815 2077 5824 ‘

2243 5804 2263 5836 ³
2299 5803 2434 5858 Gal..
2474 5809 2575 5861 ιιι,
2615 5795 2703 5852 £3.
2778 5791 2800 5827 ‘
2838 5789 2946 5847 lsa.
2983 5801 3079 5842 ιιιι
3103 5827 3117 5852 ,
3155 5785 3206 5839 5.
