4100 6398
461 376 572 433 209

1593 371 2103 431 COMMENTARIA
2142 370 2212 426 ΙΝ
2249 371 2586 433 PSALMOS.

3618 374 3724 431 2H)

461 487 610 560 αἷμα
659 490 845 545 αὐτοῦ
894 490 985 560 ἐφ’
1016 489 1175 560 ἡμᾶς
1217 490 1314 544 καὶ
1359 490 1457 544 ἐπὶ
1509 488 1583 543 τὰ
1626 487 1808 543 τέκνα
1858 485 2046 557 ἡμῶν.

2151 507 2245 561 per
2276 490 2467 546 liberos
2494 499 2703 545 nostros
2726 491 2788 542 “.
2811 489 3005 558 Aquila
3038 503 3188 550 vero,
3215 489 3365 544 Sicut
3398 488 3496 552 leo,
3523 488 3722 557 inquit,

479 580 711 645 Ἀκύλας
752 580 837 634 δέ·
883 581 976 648 Ὡς
1005 581 1184 649 λέων,
1218 582 1409 653 φησιν,
1447 581 1722 635 ἀλίσκων
1760 579 1860 633 καὶ
1899 579 2051 647 ,βρυ-

467 669 734 740 χώμενος
752 688 785 743 ἰ
803 670 944 725 κατὰ
957 671 1014 724 δὲ
1032 671 1124 725 τὸν
1144 670 1440 744 Σύμμαχον
1455 688 1469 701 ο
1499 671 1593 737 Ὡς
1609 669 1768 724 λέων
1786 670 2051 738 θηρεύων

461 760 866 840 βρυχώμενος.
893 763 955 816 0i
981 762 1093 834 γὰρ
1116 763 1347 834 αἵματος
1368 761 1648 831 διψῶντες,
1675 761 1902 825 καὶτοῖς
1927 763 2051 815 ἑαυ-

466 852 573 907 τῶν
600 853 810 918 τέκνοις
844 853 1218 926 ἐπισπώμενοι
1242 855 1302 908 τὸ
1323 853 1417 907 τοῦ
1444 852 1697 926 Σωτῆρος
1729 848 1890 925 αἷμα,
1918 853 2049 925 βρυ-

466 944 710 1017 χωμένου
737 944 950 1009 λέοντος
979 946 1134 1000 οὐδὲν
1164 945 1432 1018 διέφερον.

507 1035 657 1089 ,Ὅτι
700 1033 1059 1090 ἑκύκλωσάν
1102 1053 1178 1105 με
1221 1037 1404 1104 κύνες
1447 1036 1689 1100 πολλοὶ,
1726 1033 2047 1106 συναγωγὴ

463 1122 958 1192 πονηρευομένων
977 1125 1301 1193 περιέσχον
1320 1142 1417 1197 με.
1440 1125 1593 1180 Μετὰ
1612 1126 1739 1189 τοὺς
1767 1125 2049 1190 Ἰουδαίους

460 1214 572 1269 τῶν
609 1213 670 1281 ἐξ
712 1215 883 1269 ὲθνῶν
916 1216 1245 1288 μνημονεύει
1295 1216 1662 1288 στρατιωτῶν.
1692 1217 1915 1280 Τούτοις
1940 1217 2049 1288 γὰρ

464 1303 661 1358 ἐκεῖνοι
712 1305 1034 1377 παρέδοσαν.
1070 1306 1161 1359 Διὸ
1206 1307 1298 1359 καὶ
1344 1306 1443 1377 τὴν
1495 1306 1649 1371 τάξιν
1684 1306 2049 1378 ήπροφητεία

463 1394 571 1450 τῶν
617 1398 956 1468 πραγμάτων
1005 1395 1287 1467 ἐφύλαξεν.
1324 1398 1564 1463 Εἰκότως
1590 1400 1647 1452 δὲ
1675 1398 1910 1471 ταύρους
1949 1398 2047 1470 μὲν

466 1487 726 1554 ἐκείνους,
758 1488 923 1554 κύνας
951 1490 1009 1543 δὲ
1030 1490 1254 1555 τούτους
1272 1491 1584 1562 ὠνόμασενο
1611 1493 1660 1545 οἱ
1685 1492 1783 1563 μὲν
1810 1490 1918 1563 γὰρ
1943 1490 2049 1544 ὑπὸ

461 1577 553 1631 τὸν
595 1576 688 1633 τοῦ
725 1579 891 1650 νόμου
920 1576 1062 1651 ἦσαν
1094 1580 1289 1650 ζυγὸν,
1319 1582 1371 1635 εί
1403 1583 1500 1636 καὶ
1526 1581 1817 1654 προφανῶς
1843 1581 1933 1637 τὸν
1959 1581 2046 1634 νό-

464 1685 563 1741 μον
612 1669 939 1742 παρέϐαινον
959 1688 972 1702 ⁸
1012 1673 1061 1725 οἱ
1097 1672 1154 1726 δὲ
1193 1671 1336 1727 κατὰ
1361 1673 1525 1744 νόμον
1553 1669 1693 1745 ἦσαν
1723 1672 2044 1744 ἀκάθαρτοι.

461 1759 617 1814 υῦτω
637 1761 696 1814 δὲ
730 1761 824 1815 καὶ
849 1763 879 1814 ὁ
910 1762 1114 1835 Κύριος
1145 1764 1244 1834 τὴν
1274 1764 1586 1819 Χαναναίαν
1614 1764 2047 1835 ὠνόμασεν.οὺκ

2150 585 2358 653 capiens
2412 593 2463 639 et
2510 583 2751 654 rugiens;
2812 579 3196 652 Symmachus,
3244 579 3393 633 Sicut
3425 579 3502 635 leo
3531 596 3724 634 seuans

2150 678 2479 748 rugiensque.
2506 674 2644 729 Nam
2672 673 2767 745 qui
2803 671 3128 743 sanguinem
3156 670 3434 734 sitiebant,
3486 686 3727 742 suosque

2149 771 2357 826 liberos
2392 767 2699 824 Salvatoris
2735 765 3004 837 sanguine
3027 778 3163 820 reos
3181 778 3304 819 esse
3330 765 3729 836 procurabant,

2148 877 2180 916 a
2202 862 2359 918 leone
2383 860 2631 932 rugiente
2661 857 2799 914 nihil
2827 855 3177 912 diﬂ‘erebant.

2223 1035 2391 1091 Vsus.
2436 1033 2630 1089 17-19.
2684 1033 2950 1101 Quoniam
3005 1032 3465 1087 circumdederunt
3509 1049 3592 1087 me
3638 1049 3729 1087 ca-

2150 1145 2238 1182 ues
2292 1127 2468 1189 multi,
2538 1127 2819 1181 concilium
2893 1125 3304 1196 malignautium
3364 1123 3568 1179 obsedit
3621 1142 3727 1179 me.

2146 1219 2280 1277 Post
2317 1218 2557 1277 Iudaeos.
2587 1217 2873 1289 gentilium
2909 1216 3116 1273 milites
3150 1224 3565 1272 commemorat.
3591 1215 3729 1288 Ipsis

2147 1310 2294 1367 enim
2346 1308 2522 1365 Judaei
2573 1308 2856 1365 Christum
2903 1307 3271 1363 tradiderunt.
3314 1306 3497 1374 Quare
3542 1323 3726 1363 rerum

2146 1403 2398 1459 ordinem
2456 1400 2741 1472 prophetia
2795 1401 3055 1456 servavit.
3127 1398 3261 1455 Jure
3311 1407 3492 1456 autem
3538 1406 3730 1455 tauros

2147 1495 2295 1560 illos,
2328 1493 2495 1549 hosce
2538 1508 2706 1549 canes
2750 1492 3005 1559 vocavit;
3039 1492 3117 1546 illi
3168 1508 3406 1563 namque
3447 1493 3551 1548 sub
3596 1494 3730 1564 jugo

2148 1589 2284 1660 legis
2313 1597 2492 1655 erant,
2537 1587 2755 1643 etiamsi
2804 1585 3098 1642 manifeste
3150 1587 3324 1656 legem
3380 1587 3730 1658 transgredeo

2146 1690 2376 1749 rentur;
2409 1682 2464 1735 hi
2495 1695 2628 1735 vero
2655 1678 2962 1735 secundum
2989 1680 3160 1751 legem
3190 1679 3393 1749 impuri
3423 1688 3600 1736 erant.
3637 1678 3731 1735 Sic

2147 1774 2266 1844 ipse
2322 1772 2588 1827 Dominus
2632 1771 2998 1827 Chananaeam
3040 1771 3356 1842 appellavit.
3432 1769 3559 1826 Non
3611 1772 3729 1825 licet

458 1852 589 1907 ἔστι
619 1852 751 1924 γὰρ,
779 1855 1156 1924 φησὶ,λαϐε’ἰν
1183 1855 1292 1910 τὸν
1316 1856 1500 1925 ἄρτον
1528 1855 1648 1911 τῶν
1673 1856 1922 1921 τέκνων,
1947 1855 2046 1910 καὶ

2148 1867 2306 1930 enim,
2338 1866 2539 1935 inquit,
2572 1865 2806 1933 accipere
2826 1880 3019 1934 panem
3043 1863 3301 1933 filiorum,
3336 1872 3387 1919 et
3422 1863 3555 1919 dare
3582 1865 3733 1921 cani-

458 1943 681 1999 δοῦναι·
698 1945 822 2012 τοῖς
851 1946 1179 2015 κυναρίοις.
1199 1947 1337 2000 Ἀλλ’
1361 1948 1511 2020 ὅμως
1541 1948 1678 2019 μετὰ
1712 1949 1774 2002 τὸ
1806 1946 1976 2012 πάθος
1997 1950 2046 2001 οἱ

462 2033 825 2101 πάλαι⁸κύνες
856 2037 942 2091 διὰ
968 2038 1069 2108 τῆς
1093 2039 1328 2104 πίστεως
1350 2042 1431 2105 εἰς
1458 2042 1557 2111 τὴν
1586 2041 1718 2093 υἱῶν
1749 2039 2049 2112 μταὸεϐή-

461 2143 588 2180 κασι
611 2126 763 2192 τάξιν
782 2147 795 2160 ·
831 2132 878 2182 oi
903 2128 961 2182 δὲ
990 2129 1157 2183 πάλαι
1189 2129 1289 2202 τὴν
1317 2130 1426 2184 τῶν
1457 2129 1588 2184 υἱῶν
1616 2130 1912 2203 ἐσχηκότες
1944 2148 2046 2202 κη-

457 2216 732 2288 δεμονίαν,
761 2218 859 2291 τὴν
905 2219 1085 2273 κυνῶν
1135 2220 1505 2292 προσηγορίαν
1544 2220 1812 2285 ἐδέξαντο,
1841 2219 1937 2274 ἅτε
1981 2220 2046 2286 δὴ

459 2309 637 2363 κυνῶν
683 2310 841 2383 δίκην
890 2309 1031 2364 κατὰ
1062 2310 1155 2364 τοῦ
1189 2312 1460 2366 Δεσπότου
1493 2311 1875 2383 λυττήσαντες.
1912 2312 2049 2383 Περὶ

457 2401 662 2456 τούτων
681 2403 710 2455 ό
732 2401 1000 2475 μακάριος
1029 2402 1244 2467 Παῦλος
1279 2401 1378 2475 βοᾷ
1396 2420 1409 2434 ο
1441 2402 1639 2457 Βλέπε
1668 2402 1812 2470 τοὺς
1834 2405 2041 2468 κύνας*

452 2493 716 2559 ,βλέπετε
747 2494 891 2561 τοὺς
922 2495 1148 2561 κακοὺς
1179 2494 1431 2565 ἐργάτας
1450 2511 1465 2526 ο
1508 2493 1772 2560 βλέπετε
1803 2494 1920 2563 τὴν
1944 2510 2048 2548 κα-

456 2585 739 2656 τατομήν.
761 2587 819 2641 ’Θ
852 2587 1035 2658 μέντοι
1080 2588 1417 2658 προφητικὸς
1454 2587 1613 2657 λόγος
1670 2588 1842 2653 κύνας
1880 2605 2048 2661 προσ-

456 2676 763 2749 αγορεύσας
793 2676 897 2749 ἔφη
916 2693 931 2707 ο
975 2677 1297 2747 Συναγωγὴ
1342 2676 1837 2748 πονηρευομένων
1883 2693 2045 2746 περι-

455 2766 753 2837 έσχονμε*
781 2766 1021 2835 ὤρυξαν
1042 2767 1247 2837 χεῖράς
1266 2786 1385 2837 μου
1417 2770 1515 2823 καὶ
1543 2769 1731 2836 πόδας
1747 2787 1888 2840 μου,
1909 2769 2049 2839 ἐξη-

450 2859 759 2928 ρίθμησαν
790 2859 988 2914 πάντα
1020 2860 1094 2914 τὰ
1126 2844 1279 2916 ὀστᾶ
1301 2878 1440 2930 μου.
1471 2862 1581 2915 Καὶ
1608 2861 1767 2916 τοῦτο
1802 2862 1861 2916 δὲ
1891 2861 2048 2935 δῆλόν

458 2950 574 3003 ἐστι
607 2950 702 3005 καὶ
730 2950 900 3020 σαφὲς
922 2951 1150 3015 καὶτοῖς
1177 2951 1297 3006 λίαν
1325 2951 1720 3021 φιλονεικοῦσιν
1736 2970 1750 2985 ·
1777 2952 2047 3025 ἀκούομεν

458 3041 567 3114 γὰρ
590 3045 648 3098 ὲν
669 3045 783 3107 τοῖς
805 3045 969 3114 ἱεροῖς
994 3042 1347 3112 Εὑαγγελίοις
1377 3044 1544 3097 αὑτοῦ
1565 3043 1658 3097 τοῦ
1682 3045 1888 3116 Κυρίου
1912 3045 2049 3119 πρὸς

2148 1959 2244 2012 bus
2283 1959 2346 2012 η.
2391 1956 2645 2011 Attamen
2698 1963 2820 2026 post
2878 1955 3212 2026 passionem,
3244 1958 3337 2025 qui
3390 1955 3521 2010 olim
3562 1969 3734 2010 canes

2150 2049 2388 2115 fuerant,
2413 2064 2510 2119 per
2535 2047 2694 2104 Iidem
2726 2048 2782 2102 in
2811 2047 3045 2102 ﬁliorum
3073 2046 3444 2102 conditionem
3476 2046 3729 2102 translati

2148 2149 2318 2198 sunt:
2352 2155 2416 2195 ac
2437 2138 2532 2210 qui
2563 2139 2693 2193 olim
2742 2138 2978 2194 ﬁliorum
3022 2139 3144 2194 loco
3183 2139 3357 2210 probe
3396 2137 3583 2193 educti
3614 2138 3733 2192 fue—

2147 2239 2292 2297 rant,
2319 2246 2517 2286 canum
2545 2245 2742 2286 nomen
2772 2229 2958 2300 adepti
2998 2239 3146 2295 sunt,
3176 2237 3364 2299 utpote
3385 2228 3503 2300 qui,
3531 2241 3729 2283 canum

2149 2326 2572 2390 instar,-contra
2612 2321 2904 2378 Dominum
2955 2322 3137 2377 rabidi
3182 2321 3409 2377 iuerint.
3447 2318 3525 2375 De
3556 2320 3626 2375 iis
3653 2319 3737 2372 ita

2148 2414 2350 2471 clamat
2373 2413 2617 2469 Paulus:
2659 2412 2788 2467 Vide
2821 2429 2997 2475 canes.
3032 2412 3200 2468 videte
3228 2412 3398 2466 malos
3437 2409 3731 2480 operarios,

2148 2506 2315 2561 uidete
2365 2505 2723 2559 concisiouem
2762 2503 2828 2558 η.
2875 2502 3241 2573 Propheticus
3300 2504 3487 2573 itaque
3547 2515 3733 2556 sermo

2148 2606 2439 2670 postquam
2460 2610 2629 2651 canes
2650 2597 2886 2661 vocavit,
2916 2596 2989 2649 ita
3022 2597 3286 2665 loquitur,
3307 2594 3591 2664 Synagoga
3616 2609 3731 2646 πιο-

2149 2690 2469 2761 lignantium
2523 2686 2725 2742 obsedit
2775 2703 2896 2741 me:
2956 2687 3204 2757 foderunt
3260 2702 3451 2740 manus
3494 2703 3640 2740 meas
3679 2696 3731 2739 et

2148 2781 2303 2851 pedes
2335 2798 2499 2846 meos,
2529 2781 2993 2835 dinumeraoerunt
3023 2780 3204 2833 omnia
3239 2796 3365 2833 ossa
3402 2794 3538 2833 mea.
3574 2777 3730 2843 Quoi

2149 2872 2375 2944 quidem
2413 2872 2625 2927 clarum
2676 2878 2732 2926 et
2787 2877 3038 2942 apertum
3071 2868 3159 2924 vel
3206 2868 3732 2924 contentiosioribus

2150 2964 2338 3020 fuerit.
2364 2963 2500 3019 Nam
2549 2964 2607 3018 in
2657 2963 2833 3019 sacris
2879 2961 3191 3033 Evangeliis
3225 2962 3405 3032 ipsum
3437 2960 3730 3015 Dominqu

2151 3057 2409 3114 audimus
2441 3064 2666 3114 sanctos
2694 3055 2998 3125 discipulos
3034 3068 3169 3110 suos
3209 3054 3293 3110 sic
3324 3055 3728 3126 alloquentem;

457 3133 584 3196 τοὺς
610 3131 801 3201 ἁγίους
837 3131 1003 3185 αὐτοῦ
1042 3131 1292 3201 λέγοντος
1326 3132 1607 3206 μαθητάςο
1638 3134 1902 3190 Βλέπετε
1942 3137 2046 3204 τὰς

2160 3150 2343 3207 Videte
2385 3166 2576 3206 manus
2624 3165 2771 3205 meas
2801 3159 2849 3204 et
2883 3147 3036 3214 pedes
3071 3164 3212 3202 meos
3235 3188 3249 3214 ,
3293 3149 3421 3218 quia
3471 3162 3564 3218 ego
3622 3146 3732 3216 ipse

453 3221 666 3312 χεζρὰςῄ
692 3241 833 3293 μου,
861 3223 961 3277 καὶ
989 3222 1132 3290 τοὺς
1159 3222 1369 3291 πόδας,
1401 3223 1490 3277 ὅτι
1518 3225 1704 3292 αὐτὸς
1745 3224 1863 3298 ἐγώ
1903 3228 2042 3297 εἰμι.

2148 3258 2268 3299 sum
2299 3243 2364 3296 “.
2402 3241 2620 3298 Atenim
2655 3241 2760 3312 ipsi
2812 3239 3038 3296 Thoante
3065 3239 3347 3295 clavorum
3381 3238 3610 3309 vestigia
3641 3255 3727 3293 os-

456 3311 567 3366 Καὶ
602 3310 785 3385 μέντοι
806 3312 902 3368 καὶ
930 3312 1010 3380 τῷ
1032 3312 1204 3384 Θωμᾷ
1223 3312 1331 3367 τῶν
1357 3314 1501 3385 ἥλων
1523 3317 1649 3372 τοὺς
1685 3314 1892 3381 τύπους
1935 3317 2042 3371 ύπ-

454 3401 644 3470 έδειξε,
680 3402 774 3459 καὶ
805 3400 904 3475 τὴν
935 3403 1043 3458 ἀπὸ
1065 3403 1164 3475 τῆς
1181 3402 1383 3476 λόγχης
1407 3405 1642 3478 πληγήν·
1672 3406 1794 3461 τότε
1823 3406 1881 3461 δὲ
1909 3407 2047 3475 ἐξη-

426 3493 758 3564 ,ρίθμησαν
794 3492 992 3548 πάντα
1033 3493 1107 3548 τὰ
1154 3493 1308 3549 ὀστᾶ
1346 3513 1468 3565 μου
1492 3513 1507 3527 ο
1559 3496 1862 3565 τουτέστιν,
1900 3497 2046 3551 οὕτω

453 3583 717 3640 διέτειναν
745 3584 1168 3657 προσηλοῦντες,
1199 3583 1341 3640 ὥστε
1371 3586 1551 3659 ῥᾴδιον
1578 3583 1716 3642 εἶναι
1750 3588 1829 3660 τῷ
1860 3588 2044 3660 βουλο-

457 3677 605 3749 μένῳ
643 3676 736 3731 καὶ
767 3676 859 3731 τὸν
901 3675 1011 3731 τῶν
1040 3675 1212 3730 ὀστῶν
1248 3676 1480 3749 ἀριθμὸν
1521 3679 1838 3749 διαγνῶναι.
1866 3679 2044 3734 Αὐτοὶ

456 3767 525 3821 δὲ
550 3768 929 3837 κατενόησαν
952 3767 1054 3822 καὶ
1076 3767 1318 3822 answer
1338 3786 1417 3837 με
1435 3786 1448 3799 ·
1491 3770 1611 3826 ἀντὶ
1652 3770 1744 3824 τοῦ
1776 3771 2041 3825 ἐπιτωθά-

458 3858 644 3925 ζοντες
694 3860 790 3913 καὶ
838 3859 1139 3930 γελῶντες’
1183 3859 1535 3928 Διεμέρισαν
1584 3861 1657 3917 τὰ
1699 3860 1898 3933 ἱμάτιά
1923 3880 2045 3933 μου

455 3951 712 4019 ἑαυτοῖς,
738 3952 838 4007 καὶ
881 3952 982 4007 ἐπὶ
1027 3952 1137 4007 τὸν
1171 3952 1493 4022 ἱματισμὸν
1528 3952 1752 4009 ἔϐαλον
1792 3953 2043 4023 κλῆρον·

457 4043 554 4097 καὶ
599 4043 757 4098 τοῦτο
804 4042 860 4098 δὲ
911 4043 1241 4116 σαφέστερον
1280 4045 1315 4117 ἡ
1356 4042 1463 4098 τῶν
1512 4043 1674 4115 ἱερῶν
1702 4043 2047 4114 Εὑαγγελίων

458 4134 669 4208 ἱστορία
697 4134 960 4192 διδάσκει.

528 4231 594 4283 Οἱ
620 4230 978 4300 φοϐούμενοι
1003 4229 1110 4283 τὸν
1147 4228 1314 4294 Θεὸν,
1329 4227 1609 4283 αἱνέσατε
1636 4229 1823 4283 αὐτόν
1839 4244 1852 4259 ο
1884 4227 2049 4283 ἅπαν

454 4318 524 4374 τὸ
568 4319 806 4390 σπέρμα
841 4321 1058 4386 Ἰακὼϐ,
1081 4320 1382 4386 δοξάσατε
1426 4322 1646 4376 αὐτόν·
1697 4319 2046 4391 50061201510)-

455 4427 578 4469 σαν
614 4412 802 4468 αὐτὸν
839 4412 1001 4468 ἅπαν
1042 4412 1109 4467 τὸ
1141 4411 1382 4482 σπέρμα
1423 4410 1679 4480 Ἰσραήλ.
1709 4408 1816 4465 Τοῦ
1848 4412 2047 4476 παντὸς

468 4507 738 4562 Ἰουδαίων
764 4504 950 4570 ἔθνους
975 4506 1055 4571 είς
1082 4507 1210 4578 τρία
1238 4506 1495 4577 τάγματα
1521 4505 1873 4578 διῃρημένου,
1899 4504 2048 4575 πρῶ-

2146 3335 2346 3401 tendit,
2406 3348 2624 3391 necnon
2674 3330 2941 3387 inﬂictum
2988 3346 3019 3385 a
3071 3332 3265 3387 lancea
3304 3331 3526 3386 vulnus.
3576 3326 3733 3385 Tunc

2148 3444 2332 3501 porro,
2350 3427 2814 3482 diuumeraverunt
2841 3425 3020 3480 omnia
3044 3439 3168 3480 ossa
3195 3440 3332 3491 utea,
3353 3421 3631 3484 videlicet,
3656 3419 3742 3474 ita

2145 3521 2537 3586 extenderunt,
2570 3518 2702 3575 dum
2746 3532 2835 3572 me
2866 3517 3039 3572 clavis
3069 3515 3383 3587 aﬂigerent.
3417 3519 3478 3567 ut
3509 3511 3733 3567 cuilibet

2146 3614 2354 3672 volenti
2388 3613 2602 3671 ossium
2660 3624 2951 3667 numerum
2993 3615 3314 3680 computare
3360 3608 3570 3662 liceret.
3616 3603 3732 3674 Ipsi

2147 3722 2266 3761 uero
2300 3704 2768 3761 consideraverunt
2790 3712 2841 3758 et
2864 3703 3204 3771 inspea'esuut
3234 3715 3337 3763 me,
3370 3697 3422 3753 id
3452 3706 3572 3766 est,
3602 3695 3732 3751 illu—

2147 3807 2343 3853 serunt
2369 3805 2536 3868 atque
2571 3797 2906 3863 irriserunt;
2933 3794 3230 3849 diviserunt
3272 3790 3375 3847 sibi
3425 3789 3733 3846 uestimenta

2146 3906 2286 3955 mea,
2318 3898 2368 3943 et
2408 3903 2566 3956 super
2592 3896 2784 3942 uestem
2832 3902 3003 3940 meam
3033 3886 3288 3939 miserunt
3327 3892 3566 3951 sortem,
3583 3880 3732 3952 quod

2148 3979 2395 4050 apertius
2456 3984 2681 4033 enarrat
2738 3990 3026 4032 sacrorum
3088 3973 3509 4045 Evangeliorum
3561 3971 3734 4028 histo-

2148 4087 2252 4126 l‘la.

2220 4226 2388 4284 Vsus.
2413 4225 2505 4293 24,
2533 4223 2625 4281 25.
2652 4222 2758 4292 Qui
2785 4221 2976 4277 timetis
3002 4220 3308 4287 Dominum,
3341 4218 3557 4273 laudate
3581 4234 3730 4272 eum:

2148 4323 2447 4381 universum
2480 4334 2655 4373 semen
2674 4314 2868 4382 Jacob,
2898 4314 3197 4386 gloriﬁcale
3223 4329 3370 4367 eum:
3404 4312 3587 4365 timeat
3614 4325 3733 4365 eum

2148 4432 2302 4471 omne
2329 4430 2504 4469 semen
2550 4409 2748 4466 Israel.
2784 4409 2922 4464 Cum
2967 4406 3285 4463 Judaeorum
3336 4405 3486 4460 natio
3518 4410 3632 4458 tres
3678 4404 3733 4456 in

2148 4506 2375 4564 ordines
2421 4503 2718 4559 distributa
2764 4501 2860 4564 sit,
2911 4501 3090 4571 primo
3134 4498 3345 4554 scilicet
3391 4497 3446 4552 in
3492 4494 3732 4550 intimam

453 4614 552 4652 τον
582 4598 679 4670 μὲν
713 4600 795 4663 εἰς
822 4598 883 4651 τὸ
908 4598 1088 4652 κοινὸν
1120 4598 1323 4668 πλῆθος
1357 4596 1451 4651 τοῦ
1506 4596 1714 4662 ἔθνους,
1741 4598 1879 4669 ὅπερ
1917 4598 2046 4651 ἐκα-

2154 4601 2333 4672 gentis
2363 4598 2601 4668 plebem,
2643 4611 2765 4667 quae
2804 4595 3106 4651 vocabatur
3147 4590 3347 4659 Israel;
3397 4590 3639 4646 secundo
3678 4589 3733 4642 in

455 4687 603 4743 λεῐτο
653 4685 891 4763 Ἰσραήλ·
924 4687 1117 4745 ἔπειτα
1151 4690 1231 4753 είς
1270 4689 1334 4743 τὸ
1364 4687 1656 4761 ἱερατικὸν,
1690 4689 1829 4761 ὅπερ
1865 4683 1933 4762 ἦν
1965 4685 2046 4742 οἷ-

457 4800 552 4848 κος
595 4783 825 4856 Ἀαρὼν,
858 4783 951 4836 καὶ
992 4782 1172 4854 τρίτον
1216 4783 1296 4846 εἰς
1332 4781 1393 4835 τὺ
1417 4779 1528 4835 τῶν
1563 4779 1753 4851 ἱερέων
1787 4781 2049 4854 ὑπηρετι-

455 4874 573 4939 κὸν,
607 4876 746 4946 ὅπερ
771 4871 840 4947 ἦν
863 4871 1011 4938 οἶκος
1041 4873 1195 4931 Λευῒ.
1222 4872 1303 4927 Τὰ
1337 4874 1465 4946 τρία
1491 4872 2045 4946 καταριθμησάμενος

453 4965 642 5037 ἔτερος
666 4965 901 5038 ψαλμὺς,
930 4967 1118 5038 ἕτερον
1147 4965 1337 5037 τάγμα
1360 4964 1622 5037 τέταρτον
1649 4965 1802 5038 παρὰ
1823 4964 1892 5018 τὰ
1916 4982 2044 5036 προ-

457 5056 721 5128 ειρημένα
751 5056 984 5126 εἰσάγει,
1015 5057 1077 5110 τὸ
1133 5055 1242 5111 τῶν
1291 5054 1642 5128 φοϐουμένων
1681 5056 1772 5109 τὸν
1817 5053 2041 5127 Κύριον.

457 5150 629 5205 Τοῦτο
665 5150 721 5204 δὲ
765 5145 834 5221 ἦν
874 5148 935 5204 τδ
966 5148 1028 5215 ἐξ
1058 5149 1231 5204 ὲθνῶν
1260 5150 1355 5203 ἐπὶ
1383 5149 1474 5203 τὸν
1517 5149 1650 5203 Θεὸν
1687 5149 2044 5223 ἐπιστρεφόν-

456 5243 736 5314 των.Ἔφη
762 5241 894 5312 γόιρ⁸
912 5238 1087 5309 Οἶκος
1115 5241 1376 5312 Ἰσραὴλ,
1399 5239 1774 5311 εὐλογήσατε
1799 5242 1910 5295 τὸν
1934 5242 2043 5295 Κύ-

448 5350 613 5403 ριον·
649 5335 852 5405 ὁμοίως
889 5333 946 5386 δὲ
987 5334 1083 5388 καὶ
1125 5330 1272 5397 οἶκος
1313 5331 1541 5405 Ἀαρὼν,
1572 5332 1667 5387 καὶ
1696 5329 1845 5396 οἶκος
1875 5334 2043 5387 Λευῖο

459 5426 552 5479 ἐπὶ
585 5426 725 5480 τέλει
756 5426 811 5479 δὲ
839 5427 890 5479 οἱ
917 5426 1080 5496 φοὸού
1090 5443 1238 5497 μενοι
1266 5424 1358 5481 τὸν
1383 5424 1607 5496 Κύριον.
1625 5425 1764 5478 Ἀλλ’
1788 5426 1847 5477 ὲν
1874 5423 2048 5496 τούτῳ

460 5518 560 5588 μὲν
591 5519 982 5590 προετάττοντο
1008 5517 1116 5572 τῶν
1157 5517 1509 5589 φοϐουμένων
1541 5515 1631 5571 τὸν
1665 5514 1868 5588 Κύριον
1904 5517 1954 5571 οἱ
1983 5517 2048 5569 ἐκ

454 5608 549 5664 τοῦ
586 5610 802 5683 Ἰσραήλ
821 5626 833 5641 ο
856 5610 1091 5666 ἐνταῦθα
1112 5610 1171 5664 δὲ
1203 5610 1342 5682 μετὰ
1366 5610 1466 5682 τὴν
1494 5607 1791 5664 ἀνάστασιν
1817 5607 1911 5662 τοῦ
1942 5608 2049 5662 Σω-

2153 4670 2551 4748 έιιοεῦόοιιιιειη
2606 4687 2889 4752 ordinem',
2922 4701 3047 4757 quae
3104 4692 3224 4739 erat
3276 4681 3472 4737 domus
3522 4679 3732 4743 Aaron;

2152 4784 2315 4840 tertio
2349 4783 2406 4838 in
2459 4781 2807 4838 sacerdotum
2840 4778 3151 4837 ministros,
3203 4789 3324 4843 quae
3370 4780 3489 4828 erat
3538 4772 3735 4827 domus

2154 4875 2284 4931 Levi
2311 4895 2325 4929 :
2351 4881 2640 4945 postquam
2661 4871 2766 4926 tria
2802 4871 2892 4926 illa
2921 4884 3122 4941 genera
3153 4869 3292 4921 alius
3316 4867 3562 4937 psalmus
3592 4880 3729 4919 cnu-

2152 4969 2414 5033 meravit,
2466 4968 2637 5021 alium
2696 4964 2786 5019 hic
2843 4962 3123 5035 praedictis
3179 4968 3435 5030 quartum
3484 4957 3733 5013 ordinem

2151 5059 2390 5130 adjecit,
2429 5056 2687 5113 videlicet
2756 5053 3067 5109 timentium
3118 5050 3433 5105 Dominum.
3498 5046 3737 5116 Eratque

2151 5150 2244 5206 ille
2271 5166 2340 5206 ex
2392 5144 2788 5220 gentilibusad
2822 5142 3008 5213 Deum
3065 5141 3350 5197 conversis
3379 5138 3735 5194 constitutus.

2150 5241 2241 5297 Ait
2263 5241 2504 5313 quippe:
2553 5239 2749 5294 Domus
2788 5236 2987 5301 Israel,
3029 5234 3315 5290 benedirile
3352 5230 3745 5295 Dominum”;

2154 5334 2542 5403 similiterque,
2570 5330 2767 5386 domus
2794 5329 2980 5383 Aaron
3011 5336 3068 5381 et
3099 5327 3296 5381 domus
3329 5324 3454 5379 Levi
3481 5341 3495 5377 :
3536 5323 3592 5376 in
3631 5320 3739 5376 ﬁne

2155 5424 2376 5481 tandem
2420 5423 2677 5479 timentes
2726 5420 3022 5475 Dominum
3061 5416 3324 5472 annectit.
3383 5413 3491 5470 Sed
3537 5415 3594 5469 in
3645 5414 3745 5468 illo

2154 5515 2376 5588 quidem
2408 5514 2644 5586 psalmo,
2678 5512 2771 5582 qui
2807 5527 2873 5566 ex
2902 5510 3067 5565 domo
3100 5507 3319 5565 Israelis
3355 5515 3506 5573 sunt,
3541 5507 3739 5562 timen~

2151 5608 2324 5664 tibus.
2360 5606 2653 5662 Dominum
2708 5604 3146 5675 praemittuntur;
3200 5602 3291 5657 hic
3340 5607 3570 5665 contra,
3614 5606 3736 5670 post

533 5792 574 5823 ιι
616 5791 806 5848 Matth.
847 5810 1031 5863 xxvu,
1065 5795 1157 5851 23.
1238 5797 1280 5829 "
1321 5793 1510 5851 Matth.
1552 5812 1649 5863 xv,
1684 5796 1772 5852 26.
1856 5797 1896 5829 ¹³
1937 5793 2172 5865 Philipp.
2213 5807 2310 5858 ιιι,
2343 5789 2397 5849 2.
2479 5789 2520 5824 "
2559 5790 2694 5846 Luc.
2733 5805 2899 5857 xrlv,
2934 5787 3024 5845 59.
3104 5788 3145 5822 "
3189 5786 3333 5843 Psal.
3375 5799 3609 5848 cxxxxv,
3648 5776 3733 5840 l9.
