4100 6408
1036 350 1304 408 EUSEBII
1337 348 1819 405 CESARIENSIS
1858 349 1945 405 ΟΡ

2053 347 2238 445 r‘ans
2276 345 2365 404 111.
2392 344 2887 404 ~EXEGE1‘ICA.

3500 344 3608 398 οη

349 465 654 524 Salvatoris
691 464 1171 530 resurrectionem,
1207 464 1392 522 lsraeli
1430 475 1841 537 anteponuntur
1882 466 1917 519 ii

2048 464 2190 536 ῆρος
2219 464 2610 536 προτάττονται
2664 462 2760 517 τοῦ
2799 461 3016 534 Ἰσραὴλ
3059 463 3108 516 οἰ
3161 458 3481 530 φοόούμενοι
3516 458 3609 512 τὸν

350 560 443 629 ιιιιί
471 558 666 614 timent
695 555 1160 613 Dominum.Nam
1188 558 1314 628 quia
1352 558 1467 627 ipse
1501 556 1712 612 dixerat
1744 560 1921 626 (vers.

348 651 486 720 23):
516 648 766 721 Narrabo
791 665 978 709 numen
1006 658 1153 701 tuum
1193 647 1451 719 fratribus
1486 649 1636 712 uteie,
1671 650 1725 701 in
1758 647 1926 703 medio

351 741 606 800 Ecclesia:
627 740 857 797 laudabo
887 749 954 803 te,
992 733 1247 810 'Bportuit
1286 740 1463 810 primo
1509 739 1769 795 Ecclesia:
1816 755 1931 794 suae

351 833 567 905 populis
626 831 890 904 hymnum
937 830 1163 887 attribui
1203 850 1216 885 :
1276 832 1443 901 hique
1498 838 1655 886 erant
1700 831 1931 901 gentiles

351 925 528 996 ipsius
557 939 661 993 ope
694 923 927 978 salutem
973 923 1144 977 nacti.
1173 923 1323 988 Quos
1359 922 1444 976 his
1469 922 1649 977 verbis
1684 920 1927 987 adnotat,

352 1018 460 1084 Qui
497 1016 692 1071 timetis
724 1015 1033 1079 Dominum,
1062 1015 1278 1069 laudate
1305 1032 1443 1069 eum.
1485 1017 1657 1085 Atque
1685 1015 1933 1085 apposite

2028 558 2421 629 Κύριον.Ἕδει
2448 557 2577 627 γὰρ,
2610 555 2892 627 εἰρηκότος
2918 554 3082 608 αὑτοῦ
3103 570 3118 586 ο
3152 552 3517 623 Διηγήσομαι
3542 551 3611 607 τὸ

2030 649 2219 719 ὄνομά
2256 665 2373 704 σου
2410 648 2534 715 τοῖς
2570 647 2855 717 ἀδελφοῖς
2884 665 3027 717 μου,
3053 648 3125 702 ἐν
3155 645 3324 717 μέσῳ
3364 648 3613 714 Ἐκκλη-

2030 745 2171 810 σίας
2196 743 2448 813 ὑμνήσω
2479 757 2584 796 σε·
2618 740 2708 793 τὸν
2754 739 2921 809 ὕμνον
2963 740 3200 811 πρώτοις
3241 738 3611 811 παραδοθῆναι

2031 835 2142 897 τοῖς
2170 835 2271 905 τῆς
2297 833 2621 904 Ἐκκλησίας
2649 829 2837 885 αὑτοῦ.
2856 824 3016 885 Οὗτοι
3046 833 3103 885 δὲ
3125 827 3266 903 ἦσαν
3289 833 3339 885 οἰ
3361 829 3423 896 ἐξ
3442 829 3612 885 ὲθνῶν

2031 924 2098 978 δι’
2125 927 2288 980 αὑτὸν
2335 925 2699 996 σεσωσμένον
2751 923 2844 988 οὓς
2886 924 2951 996 δὴ
2994 925 3249 995 σημαίνει
3294 923 3500 993 λέγων·
3548 927 3611 978 οι

2031 1018 2387 1087 φοϐούμενοι
2437 1018 2547 1071 τὸν
2590 1019 2832 1085 Κύριον,
2856 1018 3135 1071 αἰνέσατε
3161 1018 3367 1071 αὐτόν.
3401 1016 3613 1087 Σφόδρα

353 1109 647 1165 admodum
675 1109 941 1163 fratribus
976 1124 1041 1162 ac
1064 1108 1357 1178 discipulis
1395 1108 1534 1173 suis,
1573 1115 1759 1176 utpote
1792 1122 1933 1177 prae-

2048 1109 2274 1181 ὶκριῆῶς
2299 1111 2413 1173 τοῖς
2455 1110 2554 1179 μὲν
2597 1108 2791 1163 ἑαυτοῦ
2834 1108 3082 1177 ἀδελφοῖς
3118 1108 3209 1162 καὶ
3260 1108 3529 1179 μαθηταῖς
3554 1109 3615 1162 τὸ

354 1204 720 1258 stantioribus
765 1218 831 1256 ac
863 1203 1064 1256 virtute
1098 1202 1304 1271 majore
1351 1201 1616 1271 praeditis,
1648 1211 1933 1270 paternum

2048 1205 2201 1275 ivopa
2231 1203 2533 1275 διηγεῖσθαι
2575 1204 2636 1257 τὸ
2670 1202 2956 1276 πατρικὸν,
2989 1204 3065 1267 ὡς
3098 1202 3165 1257 ἂν
3206 1203 3477 1274 κρείττοσι
3521 1201 3616 1256 καὶ

354 1310 553 1349 nomen
585 1301 970 1348 enarraturmn
1004 1308 1063 1348 se
1099 1292 1418 1362 pollicetur;
1453 1300 1509 1344 at
1540 1290 1798 1347 Ecclesiae
1824 1306 1937 1345 suae

2048 1298 2443 1370 Ξυνατωτέροις,
2472 1295 2897 1366 ἐπαγγέλλεταιο
2930 1297 3024 1348 ἐπὶ
3053 1296 3109 1349 δὲ
3155 1296 3255 1367 τῆς
3294 1294 3617 1366 Ἐκκλησίας

354 1386 651 1456 populique
685 1385 1028 1440 multitudini
1074 1400 1417 1455 nequaquam
1467 1392 1755 1454 paternum
1803 1384 1933 1438 illud

2048 1388 2200 1442 ιὺτοῦ
2243 1392 2337 1444 καὶ
2368 1389 2461 1443 τοῦ
2491 1389 2728 1461 πλήθους
2755 1389 2849 1443 τοῦ
2879 1387 3008 1442 λαοῦ
3033 1388 3217 1441 οὐκέτι
3257 1388 3319 1442 τὸ
3351 1388 3617 1460 πατρικὸν

353 1493 554 1537 nomen
615 1478 830 1533 tradit:
889 1493 1001 1532 non
1051 1478 1196 1533 enim
1254 1476 1332 1531 illi
1402 1474 1719 1546 recipiendo
1777 1490 1937 1545 pares

2048 1482 2207 1552 5νομα
2231 1482 2597 1553 παραδίδωσιν
2616 1499 2631 1514 ’
2659 1482 2721 1535 οὐ
2751 1481 2858 1554 γὰρ
2886 1481 3125 1553 ἐχώρουν
3155 1475 3299 1535 οὗτοι
3317 1497 3331 1509 ·
3362 1479 3528 1552 ὕμνον
3559 1479 3619 1534 δὲ

355 1577 561 1625 erant:
614 1570 708 1626 sed
770 1570 1031 1642 hymnum
1062 1568 1256 1624 edocet
1300 1568 1458 1635 illos;
1501 1568 1700 1624 deinde
1748 1582 1935 1622 semen

2048 1576 2233 1638 αὐτοὺς
2272 1574 2543 1628 διδάσκει⁹
2575 1573 2764 1629 ἔπειτα
2789 1574 2868 1644 τῷ
2912 1574 3186 1645 σπέρματι
3214 1572 3409 1627 Ἰακὼϐ
3442 1590 3520 1645 πρ
3553 1590 3616 1627 σ-

351 1659 524 1715 Jacob
553 1661 711 1729 jubet
745 1660 839 1716 Dei
885 1660 1114 1729 gloriam
1151 1659 1493 1730 praedicare;
1526 1659 1942 1730 secundumque

2048 1668 2220 1721 τάττει
2279 1666 2522 1733 δοξάζειν
2570 1668 2754 1733 αὐτὸν,
2805 1668 3060 1739 δεύτερον
3106 1668 3290 1738 τάγμα
3337 1666 3508 1730 τιθεὶς
3552 1665 3615 1721 τδ
3684 1667 3697 1676 “

353 1750 604 1811 ordinem
635 1752 789 1807 illum
835 1751 1122 1807 Judaicum
1156 1751 1466 1816 constituit,
1515 1750 1775 1805 nimirum
1817 1761 1942 1821 post

2055 1760 2364 1827 Ἰουδαϊκὸν,
2402 1760 2540 1832 μετὰ
2567 1762 2657 1814 τὸν
2693 1758 2753 1825 ἐξ
2788 1760 2955 1814 ὲθνῶν
2981 1760 3142 1814 λαόν·
3182 1757 3276 1822 οὒς
3305 1759 3399 1813 καὶ
3421 1757 3623 1829 ὀνομά-

354 1844 611 1913 gentilem
648 1845 931 1914 populum.
959 1841 1107 1908 Quos
1135 1842 1356 1913 quidem
1389 1841 1608 1898 Judzeos
1639 1858 1749 1897 non
1770 1817 1942 1897 Jacob

2048 1849 2125 1915 ζει
2171 1851 2271 1903 οὐκ
2314 1817 2528 1915 Ἰακὼϐ,
2560 1850 2699 1904 ἀλλὰ
2736 1817 2969 1921 σπέρμα
3014 1847 3207 1903 Ἰακὼὸ
3246 1817 3341 1902 καὶ
3383 1817 3621 1922 Ἰσραὴλ,

354 1937 629 2006 appellat;
658 1936 754 1992 sed
793 1951 979 1992 semen
1008 1934 1203 1991 Jacobi
1239 1945 1294 1991 et
1328 1934 1587 1990 lsraelis:
1621 1934 1787 2004 idque
1814 1949 1846 1989 e
1884 1948 1943 1990 re

351 2035 407 2083 et
432 2036 711 2092 accurate,
734 2035 958 2098 propter
978 2042 1168 2082 eorum
1202 2042 1266 2082 ex
1299 2027 1615 2098 patriarcha
1652 2027 1938 2097 originem.

352 2117 474 2175 Non
505 2121 654 2177 enim
698 2120 771 2176 ob
815 2127 1105 2191 paternum
1154 2118 1289 2174 illud
1332 2119 1609 2185 studium,
1646 2134 1823 2189 neque
1870 2117 1944 2173 ob

360 2210 600 2282 aliquam
625 2226 753 2273 eum
782 2216 940 2281 patre
971 2225 1074 2265 suo
1114 2208 1553 2273 similitudinem,
1590 2208 1743 2280 digni
1785 2216 1942 2263 erant

354 2302 449 2373 qui
511 2299 684 2361 Iacob
729 2308 1204 2370 nuncuparentur,
1241 2299 1340 2354 sed
1394 2300 1622 2357 seminis
1674 2314 1841 2356 causa
1886 2299 1943 2353 id

356 2393 601 2449 nominis
634 2392 1041 2448 sortiebantur:
1089 2391 1352 2459 Quoniam
1390 2408 1495 2447 non
1542 2393 1733 2462 sprevit
1781 2408 1943 2462 neque

356 2485 597 2555 despexit
630 2484 1050 2552 deprecationem
1079 2485 1364 2554 pauperis:
1404 2500 1496 2539 nec
1529 2485 1720 2539 avertit
1752 2484 1943 2552 faciem

359 2593 517 2631 suam
560 2593 593 2635 ιι
636 2592 751 2642 me,
785 2584 835 2629 et
883 2591 1002 2634 cum
1041 2575 1329 2633 clamarem
1386 2575 1456 2629 ad
1505 2590 1625 2630 eum
1674 2572 1943 2629 exaudivit

360 2685 464 2727 ηιθ.

436 2758 602 2819 Vsus.
631 2760 724 2826 26,
755 2761 846 2819 27.
893 2761 1065 2821 Edent
1093 2778 1348 2833 pauperes
1375 2772 1424 2817 et
1455 2760 1862 2825 saturabuntur,
1890 2770 1941 2815 et

359 2853 655 2910 laudabunt
682 2855 970 2911 Dominum
1005 2858 1094 2928 qui
1128 2858 1404 2927 requirunt
1443 2872 1582 2921 eum,
1618 2856 1785 2909 vivent
1826 2870 1945 2919 corp

359 2945 430 3003 da
456 2963 639 3002 eorum
682 2948 738 3001 in
771 2948 1026 3002 arculum
1060 2949 1266 3003 awcuti.
1319 2946 1420 3001 Hic
1452 2945 1607 3008 dicit,
1665 2944 1815 3000 vdent
1834 2960 1854 3007 ;
1885 2943 1942 2999 in

360 3039 721 3108 sequentibus
775 3055 902 3096 vero
935 3079 951 3105 ,
1000 3039 1453 3094 rnandueaverunt
1495 3049 1543 3094 et
1592 3038 1943 3092 adoraverunt

2046 1941 2250 2014 σφόδρα
2283 1942 2527 2015 ἀκριὸῶς
2553 1941 2642 1997 διὰ
2668 1942 2768 2014 τὴν
2798 1944 2861 1995 ὲκ
2895 1940 2989 1996 τοῦ
3018 1940 3356 2014 πατριάρχου
3384 1941 3618 2012 γένεσιν.

2043 2034 2118 2087 Οὐ
2146 2033 2254 2105 γὰρ
2273 2033 2361 2089 διά
2384 2034 2475 2088 τὸν
2505 2032 2664 2107 ζῆλον
2683 2035 2775 2089 τὸν
2800 2035 3087 2107 πατρικὸν,
3105 2036 3226 2089 οὐδὲ
3253 2034 3342 2088 διὰ
3363 2017 3471 2105 τὴν
3487 2032 3626 2105 πρὸς

2041 2126 2134 2179 τὸν
2178 2128 2392 2199 πατέρα
2439 2127 2699 2198 ὁμοίωσιν
2740 2128 2879 2194 ἄξιοι
2903 2125 3043 2200 ἦσαν
3068 2126 3365 2199 κεκλῆσθαι
3406 2125 3622 2190 Ἰακὼϐ,

2043 2218 2178 2273 ἀλλὰ
2215 2219 2309 2273 τοῦ
2360 2220 2674 2291 σπέρματος
2700 2221 2885 2277 ἕνεκεν
2908 2221 3097 2275 τοῦτον
3136 2217 3501 2293 ἐχρημάτιζον
3531 2218 3626 2274 τὸν

2041 2312 2241 2383 τρόπον
2261 2329 2274 2342 ·
2314 2312 2433 2365 Ὅτι
2462 2315 2573 2367 οὐκ
2606 2313 3016 2378 ἐξουδένωσεν
3066 2312 3207 2368 οὺδὲ
3247 2309 3627 2381 προσώχθισα

2044 2402 2119 2472 τῇ
2142 2402 2346 2470 δεήσει
2370 2405 2475 2460 τοῦ
2498 2406 2738 2476 πτωχοῦ
2756 2425 2769 2438 ·
2805 2405 2949 2460 οὐδὲ
2973 2405 3319 2477 ἀπέστρεψε
3340 2403 3406 2459 τὸ
3438 2404 3626 2473 πρόσ-

2043 2509 2207 2551 ωπον
2236 2497 2423 2552 αὐτοῦ
2463 2499 2564 2552 ἀπ’
2588 2499 2757 2569 ἐμοῦ,
2797 2499 2896 2554 καὶ
2927 2499 2998 2553 ἐν
3039 2496 3120 2565 τῷ
3163 2496 3518 2569 κεκραγέναι
3548 2512 3627 2567 με

2042 2588 2194 2659 πρὸς
2225 2590 2414 2646 αὑτὸν
2443 2590 2772 2658 εἰσήκοινσέ
2798 2609 2938 2662 μου.

2113 2768 2405 2839 Φάγονται
2466 2768 2721 2837 πένητες
2762 2769 2861 2823 καί
2911 2766 3481 2838 ἐμπλησθήσονται,
3529 2766 3630 2822 καί

2041 2858 2357 2913 αἰνέσουσι
2393 2861 2612 2927 Κύριον
2661 2861 2714 2913 οἰ
2752 2857 3140 2929 ὲκζητοῦντες
3188 2859 3396 2925 αὐτὸν,
3425 2852 3633 2927 ζήσον·

2041 2967 2135 3005 ται
2165 2953 2224 3004 αἱ
2256 2950 2490 3020 καρδίαι
2516 2949 2717 3005 αὐτῶν
2748 2954 2835 3017 εἰς
2865 2950 3049 3004 αἰῶνα
3086 2948 3320 3017 αἰῶνος.
3365 2947 3632 3003 Ἐνταῦθα

2046 3043 2147 3113 μέν
2187 3059 2320 3113 φησι
2349 3042 2674 3113 φάγονται·
2731 3041 3084 3105 ὑποκαταϐὰς
3133 3041 3211 3107 δὲ,
3238 3043 3484 3111 ἔφαγον,
3532 3039 3632 3095 καὶ

360 3145 540 3190 omnes
568 3130 784 3200 pingues
810 3141 986 3188 terra.
1024 3129 1131 3187 Sed
1171 3131 1209 3185 ii
1259 3138 1551 3201 postquam
1601 3128 1945 3184 manducaue-

2049 3137 2517 3204 προσεκύνησαν
2538 3134 2763 3200 πάντες
2788 3137 2843 3187 οἰ
2864 3134 3070 3198 πίονες
3094 3130 3204 3200 τῆς
3230 3131 3363 3202 τῆς.
3380 3131 3520 3185 Ἀλλ’
3543 3132 3632 3186 ὅτε

362 3229 509 3282 runt,
548 3220 778 3292 pingues
815 3220 991 3276 effecti
1031 3228 1181 3285 sunt,
1222 3222 1317 3291 qui
1373 3228 1666 3291 antequam
1699 3220 1945 3282 ederent,

365 3327 637 3383 pauperes
667 3316 1037 3376 vocabantur,
1079 3331 1218 3385 quos
1255 3315 1552 3385 pollicetur
1601 3313 1726 3369 cibo
1775 3314 1843 3368 ab
1888 3328 1947 3370 se

364 3404 786 3462 subministrato
837 3422 1036 3463 usuros
1081 3422 1226 3462 esse.
1282 3406 1500 3471 Edent,
1552 3405 1764 3475 inquit,
1813 3421 1946 3474 pau-

362 3512 531 3566 peres.
567 3496 632 3552 lli
657 3513 826 3570 porro
854 3509 1016 3554 erant
1049 3515 1187 3570 quos
1228 3500 1282 3554 in
1316 3497 1748 3554 heatitudinibus
1786 3507 1946 3553 caete.

364 3590 444 3646 ris
476 3592 742 3661 praeponit
792 3592 1022 3647 dicens:
1059 3592 1216 3646 Beati
1260 3607 1514 3661 pauperes
1554 3590 1777 3659 spiritu,
1817 3606 1947 3659 quo-

365 3682 510 3739 niam
546 3685 783 3752 ipsorum
813 3693 893 3738 est
923 3701 1140 3755 regnum
1168 3685 1421 3738 emtor-um
1443 3683 1486 3714 ¹⁶
1512 3702 1525 3737 :
1555 3682 1757 3753 quibus
1781 3682 1945 3737 etiam

365 3790 433 3831 ea
464 3776 737 3845 promittit
765 3791 887 3846 qua:
925 3792 1051 3831 mox
1093 3776 1468 3845 adjiciuntur:
1506 3775 1662 3831 Beati
1696 3777 1786 3846 qui
1826 3790 1948 3829 esu-

368 3869 518 3928 riunt
557 3877 607 3928 et
640 3868 829 3924 sitiunt
863 3869 1168 3938 justitiam,
1198 3870 1449 3939 quoniam
1492 3868 1595 3938 ipsi
1624 3868 1947 3922 saturabun.

370 3970 460 4013 tur-
483 3961 546 4015 ιτ.
579 3959 877 4032 Postquam
903 3969 1107 4027 autem,
1144 3961 1242 4027 ait,
1278 3961 1621 4018 comederint
1656 3977 1942 4032 pauperes.

369 4067 434 4105 ac
466 4052 590 4110 cibo
625 4052 848 4129 repleti,
882 4053 1019 4114 sive,
1067 4063 1127 4109 ut
1156 4054 1234 4107 ait
1288 4053 1686 4125 Symmachus,
1716 4057 1947 4109 saturati

369 4142 610 4208 fuerint,
662 4154 793 4200 tunc
842 4146 1137 4199 laudabunt
1185 4145 1473 4200 Dominum
1536 4147 1626 4217 qui
1677 4148 1946 4217 requirunt

365 4253 524 4292 eum:-
553 4237 820 4293 accibum
852 4238 957 4292 sibi
990 4238 1058 4292 ab
1098 4238 1217 4308 ipso
1246 4238 1724 4296 subministratum
1760 4234 1945 4294 come—

367 4333 565 4394 dentes
593 4338 648 4386 et
680 4332 1025 4401 requirentes
1056 4331 1261 4403 ipsum,
1292 4345 1492 4403 magno
1518 4331 1630 4395 illo,
1664 4331 1756 4400 qui
1786 4329 1946 4386 dein-

369 4438 501 4494 ceps
536 4422 890 4486 declaratur,
950 4421 1130 4476 fructu
1188 4421 1507 4492 potientur:
1561 4436 1721 4488 nam,
1780 4424 1948 4476 vivent

370 4514 535 4571 corda
581 4531 765 4571 eorum
810 4517 866 4569 in
914 4514 1168 4579 swculum
1199 4515 1402 4569 swculi.
1459 4512 1740 4585 Siquidem
1790 4514 1948 4585 panis

372 4608 463 4664 ille
487 4608 634 4670 vitae,
663 4609 734 4664 ab
760 4610 883 4679 ipso
930 4608 1189 4673 traditus,
1233 4607 1659 4662 immortalitatis
1704 4615 1951 4662 aeterna:-

373 4717 481 4771 que
514 4700 638 4755 vita:
681 4682 874 4756 auctor
917 4701 1053 4771 ipsis
1102 4700 1319 4756 futurus
1340 4707 1459 4765 est;
1489 4699 1947 4769 quemadmodum

372 4778 493 4862 ipse
523 4793 709 4848 docuit
763 4794 848 4850 his
880 4794 1101 4851 verbis:
1141 4792 1253 4864 Ego
1297 4810 1413 4847 sum
1452 4793 1608 4859 panis
1649 4794 1767 4846 vita:
1791 4830 1806 4854 ,
1858 4790 1949 4860 qui

372 4885 720 4951 descenditde
750 4887 901 4952 aceto,
932 4897 983 4942 et
1007 4888 1097 4959 qui
1123 4887 1216 4941 dat
1233 4891 1396 4943 vitam
1415 4884 1611 4941 mundo
1635 4887 1717 4938 ηε
1758 4894 1815 4939 et
1856 4886 1956 4939 ite-

375 4991 538 5032 rum:
578 4974 640 5041 Si
672 4976 790 5047 quia
829 4977 1229 5044 manducauerit
1261 4993 1326 5031 ea:
1381 4994 1516 5047 pane
1560 4992 1694 5039 meo,
1726 4975 1854 5028 vivet
1901 4975 1958 5026 in

373 5079 629 5123 veternum
656 5071 721 5136 ¹⁹,
743 5079 799 5126 et
828 5079 1044 5127 cetera.
1082 5068 1272 5125 Viden'
1312 5086 1421 5141 quo
1453 5077 1613 5139 pacto
1664 5068 1780 5121 haec
1826 5080 1959 5120 con-

374 5160 564 5216 einant
611 5176 739 5227 cum
798 5161 885 5217 his
927 5162 1124 5233 psalmi
1164 5162 1345 5217 verbis
1369 5203 1383 5227 ,
1409 5159 1581 5215 Edent
1615 5172 1865 5227 pauperes
1911 5167 1962 5211 et

376 5254 794 5321 eaturabuntur;
829 5263 917 5324 et,
961 5257 1133 5319 vivent
1183 5254 1345 5309 corda
1387 5270 1567 5308 eorum
1608 5253 1663 5305 in
1706 5249 1959 5308 malum

380 5347 561 5413 vinculi
578 5350 605 5403 Ρ

455 5437 616 5495 Vens.
656 5441 756 5506 28,
795 5442 886 5496 29.
936 5441 1349 5506 Reminiscentur
1393 5449 1443 5493 et
1485 5445 1843 5491 convertentur
1892 5433 1959 5488 ad

383 5528 666 5594 Dominum
705 5534 930 5587 universi
957 5535 1084 5602 ﬁnes
1133 5543 1307 5596 terraz,
1344 5542 1393 5585 et
1423 5527 1721 5583 adorabunt
1752 5526 1807 5579 in
1836 5541 1961 5579 con.-

384 5631 561 5697 tpcctu
598 5621 711 5691 ejus
740 5626 992 5680 universw
1031 5624 1253 5694 familiae
1281 5623 1528 5694 gentium.
1561 5618 1822 5685 Quoniam
1856 5617 1961 5670 Do~

2056 3227 2155 3298 μὲν
2179 3228 2423 3297 ἔφαγον,
2454 3226 2635 3291 πίονες
2668 3224 2945 3295 ἐγένοντοδ
2972 3224 3078 3296 πρὸ
3107 3224 3163 3276 δὲ
3188 3222 3281 3277 τοῦ
3315 3227 3508 3292 φαγεῖν
3536 3222 3634 3278 aut.

2051 3337 2210 3391 νητες
2241 3318 2615 3391 ὠνομάζοντο·
2643 3317 2738 3382 οὓς
2767 3316 3165 3388 ἐπαγγέλλεται
3193 3316 3394 3388 βρώσει
3426 3316 3636 3388 χρήσα-

2054 3411 2176 3465 σθαι
2213 3415 2277 3484 τῇ
2314 3411 2407 3464 ὑπ’
2435 3408 2600 3465 αὐτοῦ
2648 3407 3156 3482 χορηγηθησομὲνῃ.
3184 3406 3475 3476 Φάγονται
3501 3404 3633 3476 γὰρ,

2053 3503 2207 3574 φησὶ,
2247 3501 2519 3572 πένητες.
2550 3492 2710 3555 Οὗτοι
2740 3499 2796 3552 δὲ
2825 3494 2966 3570 ἦσαν
2999 3496 3092 3565 οὓς
3115 3497 3209 3550 καὶ
3233 3499 3290 3550 ὲν
3316 3499 3428 3561 τοῖς
3457 3512 3636 3567 μακα-

2057 3597 2268 3667 ρισμοῖς
2292 3595 2583 3665 προτάττει
2609 3591 2717 3646 τῶν
2740 3591 2942 3645 λοιπῶν
2968 3591 3192 3660 φάσκων
3210 3605 3222 3617 '
3258 3588 3548 3659 Μακάριοι
3578 3591 3633 3642 οἰ

2054 3691 2276 3760 πτωχοί
2296 3689 2377 3757 τῷ
2400 3691 2714 3758 πνεύματι,
2754 3687 2841 3741 ὅτι
2867 3684 3066 3741 αὐτῶν
3103 3688 3275 3740 ἐστιν
3296 3686 3334 3756 ἡ
3349 3683 3637 3748 ,βασιλεία

2053 3781 2170 3837 τῶν
2192 3781 2492 3851 οὐρανῶν
2520 3775 2602 3844 οἷς
2639 3778 2733 3834 καὶ
2752 3778 2821 3833 τά
2860 3776 2988 3849 ἑξῆς
3020 3774 3386 3849 ἐπηγγείλατο
3425 3774 3598 3844 λέγων
3620 3788 3633 3802 °

2051 3873 2341 3943 Μακάριοι
2365 3876 2419 3927 οἰ
2453 3870 2775 3938 πεινῶντες
2808 3872 2908 3926 καί
2938 3868 3235 3939 διψῶντες
3269 3866 3385 3935 τὴν
3417 3865 3639 3920 duram-

2052 3968 2275 4036 σύνην,
2305 3965 2395 4019 ὅτι
2422 3965 2590 4021 αὺτοί
2614 3962 3153 4033 χορτασθήσονται.
3172 3956 3422 4013 Ἐπειδὰν
3448 3955 3506 4008 δὲ
3533 3956 3638 4025 φά-

2052 4073 2212 4126 γωσι,
2241 4058 2426 4129 φησὶν,
2456 4058 2505 4110 οἰ
2540 4054 2791 4127 πένητες,
2819 4054 2915 4108 καὶ
2943 4053 3209 4122 φαγόντες
3230 4045 3637 4117 ἐμπλησθῶσιν,

2053 4149 2086 4220 ἣ
2119 4149 2514 4221 κορεσθῶσιν,
2546 4146 2689 4201 κατὰ
2716 4146 2809 4199 τὸν
2836 4143 3153 4214 Σύμμαχον,
3176 4138 3297 4191 τότε
3323 4135 3639 4192 αἰνέσουσι

2053 4241 2272 4310 Κύριον
2313 4238 2702 4309 ἐκζῆτοῦντες
2744 4234 2964 4291 αὐτόν’
3011 4230 3276 4301 φαγόντες
3322 4227 3380 4282 δὲ
3414 4227 3514 4300 τὴν
3547 4228 3638 4281 ὑπ’

2055 4331 2219 4386 αὐτοῦ
2251 4332 2499 4386 δοθεῖσαν
2520 4330 2703 4391 αὐτοῖς
2734 4324 2959 4398 βρῶσιν,
2979 4323 3072 4377 καὶ
3093 4321 3427 4393 ζητήσαντες
3453 4317 3636 4383 αὐτὸν,

2058 4425 2232 4497 μέγαν
2271 4423 2451 4489 ἕξουσι
2485 4419 2699 4492 καρπὸν
2728 4417 2824 4470 τὸν
2860 4416 2987 4486 ἑξῆς
3018 4410 3376 4491 δηλούμενον·
3405 4408 3638 4477 Ζήσον-

2054 4535 2145 4571 ται
2171 4516 2276 4588 γὰρ
2305 4517 2362 4568 αἰ
2389 4512 2622 4581 καρδίαι
2648 4506 2851 4563 αὐτῶν
2873 4508 2961 4572 εἰς
2987 4503 3171 4560 αἰῶνα
3191 4500 3429 4568 αἰῶνος.
3447 4500 3506 4553 Ὅ
3530 4497 3638 4568 γὰρ

2056 4610 2221 4683 ἄρτος
2251 4606 2420 4675 ζωῆς,
2450 4606 2479 4657 ὁ
2508 4603 2599 4657 ὑπ’
2649 4597 2816 4655 αὐτοῦ
2868 4595 3197 4670 χορηγηθεὶς
3241 4594 3442 4657 αὐτοῖς,
3469 4590 3639 4683 αἴτιος

2055 4678 2239 4764 αυτοῖς
2286 4699 2438 4751 ἔσται
2497 4692 2799 4755 ἀθανασίας
2842 4691 2936 4744 καὶ
2965 4687 3111 4758 ζωῆς
3147 4686 3365 4741 αἰωνίου
3386 4724 3401 4749 ,
3455 4678 3636 4743 καθὼς

2055 4785 2290 4851 ἐδίδαξεν
2303 4784 2463 4847 αὐτὸς
2480 4780 2649 4836 εἰπὼν
2664 4797 2678 4811 ’
2711 4777 2860 4850 Ἐγώ
2872 4781 2987 4849 εἰμι
3000 4780 3033 4830 ό
3046 4776 3226 4845 ἄρτος
3241 4770 3388 4842 ζωῆς
3411 4775 3444 4826 ό
3462 4787 3638 4825 κατα-

2053 4880 2275 4933 ϐαίνων
2287 4878 2357 4932 ἐκ
2370 4877 2477 4931 τοῦ
2489 4871 2769 4943 οὐρανοῦ,
2789 4871 2886 4925 καί
2900 4868 3104 4935 διδοὺς
3126 4865 3279 4934 ζωὴν
3298 4863 3379 4931 τῷ
3393 4866 3597 4933 κόσμῳ
3619 4880 3630 4895 ·

2054 4973 2148 5025 καὶ
2181 4969 2344 5024 πάλιν
2362 4986 2376 5001 ’
2425 4966 2568 5023 Ἐάν
2591 4983 2683 5032 τις
2708 4963 2869 5035 φάγῃ
2896 4964 2965 5017 ἐκ
3006 4959 3112 5014 τοῦ
3137 4957 3285 5027 ἐμοῦ
3310 4956 3516 5026 ἄρτου,
3539 4952 3636 5019 ζή-

2056 5079 2227 5118 σεται
2263 5064 2352 5127 εἰς
2393 5059 2501 5113 τὸν
2527 5057 2732 5125 αἰῶνα,
2765 5056 2861 5110 καὶ
2887 5053 2956 5107 τὰ
2983 5053 3131 5123 ἑξῆς.
3147 5048 3314 5122 Ὁρᾷς
3338 5049 3486 5110 ὅπως
3514 5063 3639 5100 συν-

2057 5156 2172 5225 ᾴδει
2204 5152 2377 5208 ταῦτα
2414 5150 2490 5223 τῷ
2515 5150 2775 5221 φάσκοντι
2805 5144 3004 5217 ψαλμῷ
3022 5158 3037 5177 ο
3069 5142 3362 5212 Φάγονται
3385 5138 3638 5204 πένητες

2066 5248 2166 5303 καὶ
2184 5245 2721 5318 ἐμπλησθήσονται
2739 5256 2753 5271 ⁸
2786 5237 3181 5307 καὶ,ζ’ήσονται
3207 5237 3266 5290 αἰ
3288 5231 3520 5302 καρδίαι
3543 5230 3642 5283 αὐη

2066 5341 2183 5396 τῶν
2210 5343 2299 5407 εἰς
2325 5338 2511 5393 αἰῶνα
2529 5335 2780 5401 αἰῶνος;

2134 5432 2607 5501 Μνησθήσονται
2635 5428 2733 5482 καὶ
2756 5422 3310 5494 ὲπιστραφήσονται
3342 5415 3493 5485 πρὸς
3520 5413 3636 5470 Κύ-

2058 5540 2194 5591 ριον
2233 5520 2430 5576 πάντα
2474 5519 2546 5573 τὰ
2575 5517 2800 5587 πέρατα
2826 5515 2936 5585 τῆς
2968 5513 3101 5585 γῆς,
3146 5509 3243 5563 καί
3292 5504 3642 5577 προσκυνή-

2067 5631 2290 5671 σουσιν
2341 5614 2598 5669 ἐνώπιον
2644 5609 2830 5668 αὑτοῦ
2881 5605 3070 5664 πᾶσαι
3116 5604 3176 5656 αἰ
3232 5597 3471 5669 πατριαὶ
3527 5595 3645 5651 τῶν

462 5804 505 5846 ⁸⁸
537 5803 727 5868 Matth.
764 5820 814 5873 ν,
841 5806 892 5861 3.
975 5806 1015 5837 ¹⁷
1055 5804 1186 5861 ibid.
1222 5804 1278 5867 6,
1358 5806 1400 5839 ¹⁸
1439 5802 1596 5867 Joan.
1631 5818 1722 5871 Vl,
1756 5801 1845 5859 53.
1924 5798 1968 5832 ¹⁹
2008 5797 2140 5853 ibid.
2181 5797 2270 5854 59.
