4100 6438
483 321 590 378 9J5

1581 316 2078 372 COMMENTARIA
2117 315 2185 371 IN
2237 314 2578 372 PSALMOS.

3649 321 3753 374 ΞΗ

485 438 695 494 ἐθνῶν.
733 435 862 490 Ὅτι
897 434 1004 490 τοῦ
1030 435 1252 504 Κυρίου
1292 411 1691 505 ήῗθασιλεία,
1736 438 1835 491 καὶ
1879 436 2062 503 αὐτὸς

2169 435 2295 489 mini
2339 445 2418 488 est
2458 450 2691 505 regnum,
2727 441 2776 490 et
2831 435 2938 504 ipse
2983 435 3291 490 dominatur
3331 436 3582 507 genti‘um.
3617 435 3750 490 Nam

482 526 760 590 δεσπόζει
790 527 907 582 τῶν
931 527 1140 583 ἐθνῶν.
1177 527 1282 582 Τοῦ
1318 528 1427 600 γὰρ
1458 530 1726 601 σωτηρίου
1761 530 1938 599 φωτὸς
1963 531 2060 583 αὐ-

483 623 600 686 τοῖς
634 620 1062 691 ἐπιλάμψαντος,
1087 621 1618 692 ἀναμνησθήσονται,
1643 622 1719 686 ὡς
1753 621 1861 694 ἄρα
1881 617 1948 694 ἦν
1980 641 2063 686 τις

488 712 673 776 αὐτοῖς
704 711 929 784 Κύριος,
953 712 980 765 ὅ
1001 728 1066 779 γε
1113 711 1330 782 ἀληθῶς
1362 716 1471 765 τῶν
1499 713 1636 767 ὂλων
1683 713 1950 786 δεσπότης
1969 733 1981 746 ’
2015 717 2063 770 οἱ

489 804 596 876 γὰρ
623 805 996 875 νενομισμένοι
1027 805 1207 868 αὐτοῖς
1223 801 1362 877 ἦσαν
1396 807 1601 878 Κυρίου
1619 823 1633 836 ·
1663 809 1742 870 εἰς
1761 808 2064 879 ἀνάμνησιν

485 895 542 949 δὲ
571 895 816 960 ἐλθόντες
846 895 942 949 τοῦ
978 884 1128 967 σφῶν
1153 897 1433 962 δεσπότου,
1471 899 1556 953 ἐπ’
1591 899 1754 953 αὑτὸν
1784 900 2062 971 καταφεύο

487 987 700 1054 ξονταιο
763 989 857 1042 καὶ
907 989 967 1042 ὃν
1020 989 1189 1042 πάλαι
1237 991 1702 1063 ἀπεστράφησαν,
1762 992 1902 1046 κατά
1943 1010 2064 1046 τινα

484 1082 694 1155 ἐχθρῶν
728 1082 1052 1154 ἐπιϐουλὴν,
1086 1082 1273 1137 τοῦτον
1310 1084 1512 1156 Κύριον
1545 1084 1724 1138 αὐτῶν
1763 1085 1892 1140 ὄντα
1940 1087 2061 1139 ἐπιι

473 1173 805 1244 γνώσονται,
841 1175 936 1230 καὶ
971 1177 1475 1260 ἐπιστραφήσονται
1520 1157 1657 1246 πρὸς
1699 1178 1879 1231 αὐτόν.
1926 1176 2063 1229 Ἀλλ’

482 1267 570 1321 ῐνα
609 1268 682 1338 μή
715 1283 800 1332 τις
838 1267 1080 1338 νομίσειε
1118 1267 1295 1321 ταῦτα
1341 1266 1592 1336 λέγεσθαι
1627 1267 1754 1338 περὶ
1792 1265 1886 1321 τοῦ
1935 1268 2065 1320 Ἰου-

482 1361 648 1414 δαίων
673 1358 878 1424 ἔθνους,
904 1359 1148 1430 ἀκριϐῶς
1173 1360 1202 1412 ό
1233 1359 1390 1428 λόγος
1432 1360 1810 1434 προστίθησιν,
1844 1360 1920 1424 ὡς
1956 1359 2065 1430 ἄρα

481 1450 656 1504 ταῦτα
690 1449 1107 1522 πληρωθήσεται
1155 1450 1248 1504 ἐπὶ
1285 1451 1465 1505 πάντα
1507 1452 1577 1506 τὰ
1627 1451 1747 1505 καθ’
1794 1451 1923 1523 ὅλης
1963 1451 2064 1522 τῆς

480 1542 808 1615 οἰκουμένης
848 1541 1006 1612 ἒθνηο
1054 1538 1152 1595 εἴτ’
1193 1543 1621 1616 ἐπιστραφέντες
1665 1545 1716 1597 τί
1752 1545 2064 1615 ποιήσουσιν

481 1634 711 1688 ἐνώπιον
744 1634 908 1689 αὑτοῦ
937 1637 1108 1689 πᾶσαι
1132 1636 1187 1690 αἱ
1219 1638 1446 1708 πατριαί
1486 1635 1594 1689 τῶν
1627 1635 1826 1690 ἐθνῶν·
1851 1635 1968 1691 ἀνθ’
2001 1629 2064 1687 οῦ

482 1727 778 1799 Σύμμαχος
806 1729 902 1782 καὶ
943 1729 1192 1793 Ἀκύλας,
1231 1729 1421 1784 πᾶσαι
1464 1733 1525 1784 αἱ
1563 1734 1906 1800 συγγένειαι
1949 1727 2066 1782 τῶν

2166 526 2394 584 salutari
2448 527 2652 581 lumine
2697 527 2847 596 ipsos
2887 529 3281 593 collustrante,
3332 527 3753 583 reminiscentur

2166 619 2268 676 sibi
2295 618 2584 674 Dominum
2617 636 2761 686 esse,
2800 621 3183 678 universorum
3228 637 3416 677 revera
3446 622 3755 678 dominato-

2165 726 2280 767 rem
2315 727 2326 762 :
2356 710 2444 764 cui
2474 711 2638 765 etiam
2677 709 2912 781 subjecti
2951 721 3109 768 erant
3159 712 3194 765 ii
3247 712 3339 782 qui
3384 712 3452 766 ab
3495 713 3627 783 ipsis
3655 712 3754 767 do-

2167 803 2300 856 mini
2331 801 2747 872 reputabantur.
2771 802 2908 858 Cum
2936 819 3102 874 porro
3126 803 3342 859 Domini
3369 803 3455 858 sui
3487 805 3754 859 memine-

2165 895 2296 959 rint,
2327 877 2395 948 ad
2429 893 2608 964 ipsum
2638 894 2993 967 confugient:
3026 911 3091 951 ac
3120 912 3282 968 quem
3314 898 3467 961 olim,
3500 897 3754 952 inimico-

2166 1002 2286 1042 rum
2337 985 2553 1041 insidiis
2607 987 3011 1053 circumventi,
3066 988 3300 1044 aversati
3356 997 3516 1054 sunt,
3571 989 3750 1058 ipsum

2166 1084 2467 1149 agnoscent
2497 1091 2619 1134 esse
2649 1079 2754 1134 sibi
2781 1078 3092 1147 Dominum,
3126 1090 3291 1151 atque
3316 1082 3380 1136 ad
3415 1081 3594 1151 ipsum
3620 1094 3751 1134 con-

2164 1179 2466 1229 vertentur.
2501 1171 2569 1225 At
2606 1186 2676 1227 ne
2699 1172 2826 1242 quis
2867 1172 3165 1226 arbitretur
3203 1173 3256 1228 id
3295 1173 3362 1229 de
3392 1172 3623 1228 Judaico
3658 1187 3754 1242 po-

2165 1266 2294 1337 pulo
2323 1267 2529 1323 dictum
2549 1309 2565 1334 ,
2594 1265 2842 1336 apposite
2875 1263 3133 1334 adjicitur
3165 1267 3282 1321 haec
3316 1266 3462 1336 apud
3506 1263 3750 1321 universi

2163 1359 2315 1415 orbis
2367 1360 2618 1414 nationes
2652 1355 2927 1426 implenda
2976 1371 3118 1412 esse.
3152 1357 3227 1412 Ac
3261 1356 3459 1412 deinde
3501 1357 3755 1412 enuntia-

2165 1458 2276 1515 tur,
2311 1451 2442 1522 quid
2477 1452 2532 1506 in
2564 1459 2862 1522 conspectu
2894 1452 3014 1522 ejus
3051 1451 3275 1506 factura:
3319 1451 3431 1507 sint
3471 1459 3596 1521 post
3622 1465 3755 1504 con-

2165 1547 2472 1601 versionem
2530 1545 2802 1600 universa:
2858 1545 3080 1600 familia:
3140 1545 3382 1616 gentium
3426 1563 3438 1597 :
3490 1558 3589 1613 pro
3643 1557 3754 1613 quo

2170 1637 2532 1710 Symmachus
2553 1648 2605 1692 et.
2626 1638 2842 1708 Aquila,
2864 1639 3119 1693 universa:
3140 1641 3476 1710 cognationes
3495 1639 3751 1708 gentium,

2167 1730 2492 1797 ediderunt,
2543 1738 2598 1785 et
2655 1732 2874 1802 quidem
2933 1731 3226 1786 admodum
3286 1740 3563 1787 accurate.
3623 1731 3756 1797 Quae

479 1819 692 1884 ἐθνῶν,
721 1822 972 1894 εἰρήκασι
1020 1822 1225 1892 σφόδρα
1274 1821 1536 1895 ἀκριϐῶς.
1567 1823 1727 1876 Ποῖον
1772 1823 1881 1894 γὰρ
1911 1821 2063 1884 ἔθνος

2169 1823 2362 1878 etenim
2419 1823 2569 1878 natio
2619 1837 2728 1876 non
2782 1823 2996 1890 aliquas
3046 1823 3404 1892 cognationes
3451 1821 3649 1876 habeat
3688 1819 3754 1874 ad

479 1910 600 1981 οὐχὶ
644 1912 962 1980 συγγενείας
1005 1911 1118 1982 ἔχει
1155 1912 1587 1982 ἐπιστραφείσας
1635 1913 1772 1984 πρὸς
1815 1913 1904 1966 τὸν
1951 1911 2060 1966 τῶν

480 1992 616 2056 ὅλων
642 2003 806 2066 Θεόν;
842 2002 977 2056 Ποία
1005 2003 1062 2056 δὲ
1112 2001 1287 2069 πόλις,
1323 2002 1355 2074 ἢ
1411 2003 1539 2058 ποία
1585 2003 1768 2076 χώρα,
1830 2003 1862 2075 ἢ
1912 2006 2062 2067 ποῖος

478 2094 625 2159 οἰκος
649 2096 748 2150 οὐκ
773 2095 885 2167 ἔχει
907 2096 1059 2160 τινὰς
1085 2099 1501 2170 ἀφωρισμένους
1534 2097 1626 2152 καὶ
1659 2097 2064 2169 ἐξειλεγμένους

477 2187 556 2260 τῷ
587 2188 742 2259 Θεῷ;
777 2187 904 2253 Πῶς
947 2189 992 2243 δ’
1027 2189 1251 2260 ἔμελλον
1286 2190 1635 2244 ἀποτίθεσθαι
1677 2191 1774 2261 μὲν
1807 2190 1906 2260 τὴν
1939 2191 2066 2242 ἐαυ-

475 2283 585 2336 τῶν
625 2282 815 2355 λήθην,
851 2283 1158 2354 ἀνάμνησιν
1201 2283 1258 2337 δὲ
1320 2283 1591 2338 ποιεῖσθαι
1644 2283 1738 2337 τοῦ
1771 2282 1882 2336 τῶν
1925 2284 2063 2337 ὅλων

476 2375 612 2429 Θεοῦ
649 2377 705 2430 αἰ
747 2375 1058 2445 συγγένειαι
1084 2375 1192 2430 τῶν
1233 2376 1403 2430 ἐθνῶν
1422 2396 1438 2410 ο
1469 2376 1588 2441 πῶς
1609 2377 1666 2430 δὲ
1710 2377 2062 2448 ἐπιστρέφειν
2093 2383 2098 2390 ’

480 2465 614 2535 πρὸς
640 2465 801 2520 αὐτὸν
828 2465 1007 2522 πάντα
1027 2466 1094 2521 τὰ
1127 2467 1338 2540 πέρατα
1355 2469 1454 2541 τῆς
1481 2469 1604 2540 γῆς,
1633 2469 1876 2540 ἐπιλέγει
1897 2470 2026 2541 ἐξῆς
2045 2488 2058 2501 ·

479 2557 609 2611 Ὅτι
630 2556 737 2612 τοῦ
757 2558 979 2628 Κυρίου
1019 2559 1058 2628 ἠ
1089 2559 1402 2627 βασιλεία,
1437 2559 1536 2614 καὶ
1579 2561 1762 2627 αὐτὸς
1788 2561 2064 2623 δεσπόζει

476 2646 594 2702 τῶν
622 2647 832 2703 ἐθνῶν.
865 2650 927 2703 οι
958 2649 1068 2720 γάρ
1096 2649 1264 2704 πάλαι
1284 2652 1660 2724 κρατήσαντες
1685 2651 1938 2723 δαίμονες
1969 2655 2065 2708 καὶ

474 2738 722 2802 διάϐολος
752 2739 1148 2811 κατελύθησαν,
1185 2742 1281 2794 καὶ
1323 2742 1460 2812 μόνη
1494 2743 1527 2813 ἡ
1576 2741 1669 2796 τοῦ
1712 2743 1803 2797 ἐπὶ
1846 2743 2064 2797 πάντων

461 2828 616 2904 ,Θεοῦ
650 2829 894 2900 βασιλεία
941 2831 1310 2902 ἐπεκράτησε.
1362 2831 1526 2898 Τάξει
1571 2827 1664 2886 οῦν
1708 2835 1736 2886 ό
1769 2832 1925 2902 λόγος
1972 2834 2067 2888 καὶ

477 2920 770 2992 ἀκολουθίᾳ
803 2921 1087 2993 κέχρηται,
1125 2921 1342 2994 πρῶτον
1397 2923 1606 2996 φήσας·
1663 2925 2069 2992 Μνησθήσον-

480 3029 596 3078 ται,
621 3009 739 3068 εἶτα
764 3013 1046 3086 δεύτερον,
1078 3015 1664 3086 ἐπιστραφήσονται,
1713 3016 1808 3070 καὶ
1846 3017 2065 3088 τρίτον,

480 3106 1004 3176 προσκυνήσουσι.
1056 3107 1240 3163 Ταῦτα
1273 3108 1328 3162 δὲ
1365 3108 1544 3162 πάντα
1577 3108 1753 3174 ἕσται,
1785 3112 1914 3172 ’Ὁτι
1958 3111 2066 3165 τοῦ

479 3199 702 3266 Κυρίου
753 3201 792 3270 ἡ
839 3201 1171 3266 βασιλεία.
1221 3202 1320 3256 καὶ
1377 3202 1560 3269 αὐτὸς
1617 3201 1890 3266 δεσπόζει
1946 3201 2065 3258 τῶν

476 3291 688 3346 ἐθνῶν.

551 3383 814 3455 Ἕςςαγον
839 3385 939 3440 καί
961 3390 1445 3457 ..προσεκύνησαν
1491 3389 1714 3458 πάντες
1759 3393 1814 3444 οί
1859 3390 2066 3458 πίονες

477 3471 586 3541 τῆς
607 3475 720 3544 γῆς
740 3494 753 3506 ·
802 3476 1059 3530 ἐνώπιον
1086 3479 1273 3533 αὑτοῦ
1312 3478 1801 3546 προσπεσοῦνται
1843 3477 2066 3543 πάντες

477 3570 533 3622 οἰ
562 3570 1023 3636 καταϐαίνοντες
1058 3573 1146 3636 εἰς
1182 3571 1297 3640 τὴν
1321 3571 1455 3642 γῆν.
1498 3573 1609 3626 Καὶ
1657 3575 1695 3640 ἡ
1735 3572 1907 3642 ψυχή
1946 3589 2066 3640 μου

479 3659 639 3726 αὐτῷ
672 3659 760 3730 ζῇ,
808 3661 1004 3716 καὶτὸ
1053 3663 1294 3732 σπέρμα
1340 3683 1461 3735 μου
1513 3664 1833 3720 δουλεύσει
1882 3663 2061 3729 αὐτῷ.

483 3749 640 3805 Ἔστι
663 3753 719 3805 δὲ
757 3753 878 3806 καθ’
920 3754 1157 3825 ἑκάστην
1189 3755 1558 3827 ἀναστάσιμον
1597 3755 1806 3826 ἡμέραν
1835 3755 1928 3808 τοῦ
1953 3757 2066 3807 Σω-

478 3843 644 3914 τῆρος
681 3844 860 3916 ήμῶν,
891 3847 988 3917 τὴν
1019 3839 1361 3920 καλουμένην
1400 3851 1668 3922 κυριακὴν
1688 3891 1703 3913 ,
1735 3851 1858 3921 ὄψει
1889 3867 2066 3920 παρα-

480 3933 666 3988 λαϐεῖν
692 3936 820 4000 τοὺς
839 3936 940 4006 τῆς
969 3938 1176 4008 τροφῆς
1202 3940 1300 4010 τῆς
1342 3940 1504 4008 ἁγίας
1543 3941 1639 3994 καὶ
1677 3943 1768 3994 τοῦ
1815 3940 2065 4011 σώματος

481 4025 574 4080 τοῦ
601 4027 871 4099 σωτηρίου
907 4030 1443 4101 μεταλαμϐάνοντας,
1481 4034 1572 4086 καὶ
1611 4033 1749 4104 μετὰ
1782 4032 1842 4086 τὸ
1873 4035 2067 4102 φαγεῖν

481 4120 920 4190 προσκυνοῦντας
947 4122 1038 4176 τὸν
1065 4123 1266 4196 δοτῆρα
1285 4126 1377 4178 καὶ
1407 4126 1640 4197 χορηγὸν
1663 4126 1763 4196 τῆς
1800 4124 2064 4189 ζωοποιοῦ

479 4213 707 4284 τροφῆς,
741 4212 1019 4285 θαυμάσαι
1044 4233 1103 4268 τε
1132 4217 1239 4270 τῶν
1268 4216 1440 4286 λόγων
1473 4218 1533 4270 τὸ
1565 4218 1931 4290 ἀποτέλεσμα,
1974 4222 2068 4274 καὶ

482 4304 604 4356 κατ’
637 4304 806 4376 αὐτὴν
835 4305 937 4376 τὴν
984 4307 1274 4379 πρόχειρον
1325 4307 1468 4374 λέξιν
1514 4308 1581 4361 δι’
1625 4308 1801 4378 ἔργων
1833 4309 2069 4383 πληρού-

486 4410 670 4463 μενον.
707 4394 853 4449 Ἀντὶ
876 4395 934 4449 δὲ
961 4398 1056 4450 τοῦ
1078 4416 1092 4429 ·
1117 4401 1172 4452 οί
1204 4399 1412 4464 πίονες
1431 4396 1542 4466 τῆς
1567 4397 1698 4469 γῆς,
1723 4399 2069 4471 ἡρμήνευσεν

2166 1915 2336 1970 Deum
2391 1916 2772 1970 universorum
2826 1915 3158 1970 conversas?
3190 1913 3324 1980 Quae
3377 1913 3592 1976 civitas,
3633 1913 3756 1982 quis

2167 2006 2344 2073 locus,
2397 2022 2518 2077 quae
2566 2005 2765 2061 domus
2814 2021 2923 2060 non
2972 2005 3258 2076 quospiam
3311 2005 3502 2059 saltem
3555 2004 3756 2057 habent

2165 2096 2276 2151 Deo
2330 2103 2644 2167 segregatos
2685 2104 2738 2151 et
2775 2097 3014 2152 electos?
3058 2096 3179 2162 Quo
3221 2101 3382 2164 pacto
3423 2101 3604 2147 autem
3649 2092 3757 2146 illm

2166 2190 2520 2260 cognationes
2542 2189 2783 2260 gentium
2817 2189 3147 2244 oblivionem
3177 2189 3326 2242 illam
3356 2201 3511 2242 suam
3541 2184 3758 2255 deposi-

2166 2290 2303 2338 tura:
2333 2283 2465 2348 sint,
2494 2293 2548 2338 et
2573 2281 2941 2338 recordatum
2971 2281 3142 2337 Deum
3175 2282 3589 2346 universorum;
3621 2293 3760 2348 quo-

2166 2375 2330 2432 modo
2357 2375 2486 2432 item
2511 2375 2865 2432 convertendi
2906 2373 2974 2430 ad
3020 2391 3148 2430 eum
3190 2375 3302 2431 sint
3343 2373 3583 2428 universi
3620 2371 3757 2427 ﬁnes

2165 2479 2360 2538 terrae;
2392 2469 2496 2526 sub
2539 2469 2656 2525 haec
2704 2471 2940 2540 explicat
2972 2469 3060 2525 his
3097 2468 3279 2524 Verbis
3311 2486 3324 2522 :
3356 2468 3606 2539 quoniam
3646 2467 3758 2522 Dc-

2168 2564 2298 2617 mini
2337 2571 2415 2617 est
2453 2579 2690 2634 regnum,
2734 2573 2784 2618 et
2831 2564 2940 2632 ipse
2984 2562 3295 2617 dominatur
3322 2560 3579 2632 gentium.
3620 2557 3758 2613 Nam

2167 2655 2260 2725 qui
2295 2654 2424 2709 olim
2460 2654 2763 2709 dominium
2795 2654 3116 2710 obtinebant
3143 2654 3424 2709 daamones
3447 2659 3611 2722 atque
3641 2650 3762 2706 dia:-

2167 2747 2350 2814 bolus,
2379 2748 2494 2816 jam
2527 2747 2773 2818 abrogati
2823 2755 2985 2812 sunt;
3029 2763 3094 2802 ac
3146 2747 3321 2802 solum
3361 2745 3607 2800 omnium
3647 2741 3758 2800 Do.

2169 2840 2304 2894 mini
2330 2839 2422 2895 Dei
2449 2855 2678 2911 regnum
2701 2839 2866 2910 viget.
2899 2838 3108 2895 Ordine
3135 2839 3304 2910 igitur
3328 2853 3392 2892 ac
3414 2851 3762 2908 consequen-

2170 2931 2246 2986 tia
2277 2946 2458 2988 sermo
2499 2938 2744 2998 constat;
2777 2946 2906 2986 nam
2937 2946 3062 2986 cum
3098 2931 3274 3001 primo
3304 2929 3555 2994 dixisset,
3591 2929 3759 2982 remi+

2170 3024 2468 3089 uiscentur;
2525 3023 2803 3091 secundo,
2858 3032 3222 3079 convertentur
3243 3039 3279 3088 ;.,
3321 3021 3481 3077 tertio
3537 3020 3758 3077 demum

2170 3115 2379 3187 adjicit,
2413 3116 2731 3172 adorabunt.
2767 3114 2894 3171 Haec
2925 3131 3091 3186 porro
3125 3115 3308 3170 omnia
3334 3114 3605 3179 evenient,
3636 3127 3762 3180 quo-

2169 3209 2317 3268 niam
2350 3208 2563 3265 Domini
2592 3218 2668 3264 est
2700 3223 2938 3280 regnum,
2965 3215 3015 3262 et
3043 3207 3151 3276 ipse
3174 3205 3481 3261 dominatur
3503 3202 3757 3276 gentium.

2239 3385 2406 3444 Vens.
2443 3387 2536 3452 '50,
2573 3387 2661 3441 3t.
2703 3385 3156 3441 Mariducaverunt
3180 3395 3227 3438 et
3267 3382 3616 3449 adoraverunt
3647 3397 3762 3436 om-

2167 3497 2256 3534 nes
2288 3480 2503 3550 pingues
2539 3488 2725 3544 terraz;
2762 3479 2818 3532 in
2865 3485 3142 3545 conspectu
3190 3475 3304 3542 eius
3348 3472 3535 3527 cadent
3582 3489 3759 3526 omnes

2165 3572 2256 3643 qui
2280 3570 2600 3626 descendunt
2629 3569 2681 3624 in
2715 3578 2931 3624 terram.
2965 3567 3031 3622 Et
3060 3569 3241 3622 anima
3274 3583 3386 3619 mea
3418 3565 3502 3618 illi
3534 3564 3677 3628 vivit,
3711 3574 3759 3617 et

2165 3681 2339 3719 semen
2391 3679 2564 3716 meum
2618 3664 2804 3717 serviet
2846 3663 2967 3731 ipsi.
3037 3659 3280 3728 Singulis
3339 3655 3760 3712 resurrectionis

2169 3752 2472 3808 Salvatoris
2505 3753 2681 3808 nostri
2719 3752 2932 3814 diebus,
2969 3765 3091 3822 quae
3137 3747 3432 3802 Dominicze
3463 3752 3754 3805 vocantur,

2167 3845 2302 3918 ipsis
2336 3848 2509 3903 oculis
2557 3863 2782 3904 cernere
2828 3853 2913 3902 est
2965 3860 3060 3900 eos
3105 3843 3199 3914 qui
3243 3855 3462 3897 sacrum
3495 3837 3677 3894 cibum
3704 3847 3757 3891 et

2168 3939 2405 3994 salutare
2430 3955 2629 4009 corpus
2655 3937 2952 4008 accipiunt,
2986 3943 3111 4006 post
3141 3934 3319 4004 ipsum
3363 3929 3760 3996 esum,vivilici

2168 4030 2412 4085 alimenti
2452 4031 2766 4100 largitorem
2802 4036 2856 4083 et
2894 4042 3145 4097 promum
3184 4026 3436 4089 adorare,
3469 4032 3634 4094 atque
3659 4025 3763 4077 mi-

2168 4119 2280 4174 rari
2300 4118 2591 4174 verborum
2613 4117 2926 4186 hujusmodi
2948 4128 3223 4178 eventum,
3243 4122 3297 4169 et
3321 4129 3378 4168 re
3396 4122 3568 4184 gesta,
3583 4113 3762 4183 quoad

2169 4211 2470 4282 planiorem
2519 4209 2650 4264 dicti
2691 4207 3049 4271 sententiam,
3091 4205 3372 4274 impletum
3420 4203 3760 4258 vaticinium.

2169 4301 2303 4374 Ejus
2332 4311 2512 4359 autem
2532 4304 2676 4368 loco,
2705 4302 2922 4372 pingues
2956 4309 3132 4364 terrm,
3159 4296 3763 4367 Symmachus,sagina~

2173 4407 2254 4453 tos
2287 4406 2476 4460 terrae,
2534 4396 2929 4464 interpretatus
2973 4400 3077 4448 est.
3125 4390 3330 4462 [lisque
3383 4387 3693 4444 indicantur
3726 4388 3761 4440 ii

481 4487 510 4539 ὁ
543 4485 856 4592 ξύμμαχος,
897 4489 952 4542 οἱ
996 4491 1236 4558 λιπαροὶ
1273 4489 1384 4558 τῆς
1425 4490 1557 4560 γῆς.
1607 4491 1969 4563 Σημαίνονται
2011 4492 2067 4544 δὲ

2173 4489 2266 4560 qui
2287 4505 2350 4544 ex
2369 4487 2578 4544 cmlesti
2601 4487 2748 4548 cibo,
2767 4487 2946 4556 opima
2971 4486 3170 4540 mentis
3194 4483 3514 4538 habitudine
3543 4496 3607 4536 ac
3630 4481 3766 4534 viri-

482 4573 570 4628 διὰ
602 4575 808 4630 τούτων
860 4578 911 4630 οἰ
960 4579 1024 4632 ἐκ
1069 4580 1168 4650 τῆς
1199 4581 1450 4652 οὐρανίου
1503 4583 1713 4654 τροφῆς
1767 4582 1866 4647 τὰς
1897 4582 2071 4654 ψυχὰς

484 4665 775 4737 εὐτραφεῖς
802 4667 898 4722 καὶ
921 4669 1214 4740 ῥωμαλέοι.
1256 4670 1396 4726 Ἀλλ’
1423 4667 1566 4726 οὗτοι
1600 4673 1696 4744 μὲν
1724 4673 1951 4744 ἔφαγον
1976 4673 2071 4726 καί

485 4763 979 4828 προσεκύνησαν.
1044 4762 1260 4835 Ἐπειδὴ
1312 4765 1369 4818 δὲ
1423 4765 1503 4818 δεῖ
1547 4766 1695 4837 αὐτῷ
1741 4766 1865 4822 πᾶν
1918 4769 2068 4836 γόνυ

485 4851 718 4923 κάμψαι
752 4853 1129 4923 ἐπουρανίων
1171 4859 1270 4912 καὶ
1317 4861 1594 4930 ἐπιγείων
1631 4862 1730 4915 καὶ
1780 4867 2069 4932 καταχθο-

484 4944 651 5009 νίων,
705 4947 932 5011 εἰκότως
969 4948 1098 5020 ἑξῆς
1140 4952 1498 5006 ἐπισυνάπτει
1545 4953 1744 5023 λέγων’
1789 4953 2068 5008 Ἑνώπιον

483 5035 672 5089 αὐτοῦ
709 5039 1204 5104 προσπεσοῦνται
1241 5041 1465 5108 πάντες
1512 5047 1567 5098 οἱ
1608 5045 2068 5111 καταϐαίνοντες

487 5131 574 5195 εἰς
603 5127 754 5198 γῆν·
795 5132 911 5186 ἀνθ’
957 5124 1021 5186 οῦ
1053 5135 1083 5186 ό
1135 5133 1233 5205 μὲν
1276 5134 1540 5201 Ἀκύλας·
1596 5141 1703 5204 Εἰς
1747 5141 2072 5208 πρόσωπον

487 5222 673 5276 αὐτοῦ
728 5222 1041 5292 κάμψουσι
1089 5225 1314 5292 πάντες
1356 5229 1410 5280 oi
1468 5231 1932 5296 καταϐαίνοντες
1985 5233 2105 5298 εἰς’

490 5315 663 5384 χοῦν,
696 5317 978 5371 ἐκδέδωκε.
1010 5319 1202 5388 Σαφῶς
1231 5321 1286 5374 δὲ
1319 5321 1406 5374 διά
1437 5322 1640 5377 τούτων
1668 5325 1762 5378 καὶ
1797 5325 1856 5378 τὸ
1887 5326 2073 5396 σχῆμα

489 5409 596 5462 τῶν
621 5410 749 5478 γόνυ
775 5409 1065 5465 κλινόντων
1102 5413 1159 5466 ἐν
1184 5416 1248 5484 τῇ
1293 5413 1588 5487 Ἐκκλησία
1626 5415 1718 5470 τοῦ
1764 5417 1900 5470 Θεοῦ
1938 5436 2076 5490 παρ-

495 5501 728 5566 ίσταται,
755 5496 1091 5579 ἐνῇγὸνατα
1145 5506 1443 5572 κλίναντες,
1485 5509 1577 5562 καὶ
1610 5509 1678 5562 τὰ
1724 5510 1950 5580 μέτωπα
1998 5513 2075 5574 εἰς

493 5593 600 5664 γῆν
628 5596 957 5666 ἐρείσαντες,
983 5598 1169 5653 τοῦτον
1215 5605 1539 5673 προσκυνεῖν
1573 5603 1795 5659 εἰώθασι
1833 5605 1922 5658 τὸν
1952 5603 2078 5674 τρό-

567 5778 608 5809 ²⁶
651 5775 882 5848 Philipp.
925 5794 994 5840 ιι,
1037 5776 1119 5842 ιο,

2179 4585 2283 4639 bus
2313 4583 2510 4638 valent.
2540 4581 2646 4637 Sed
2678 4581 2733 4635 bi
2763 4579 2983 4650 quidem
3013 4578 3462 4632 manducaverunt
3487 4585 3536 4629 et
3567 4573 3766 4628 adora-

2179 4685 2379 4731 verunt.
2406 4675 2675 4742 Quoniam
2707 4689 2840 4729 vero
2885 4687 3025 4743 opus
3065 4680 3151 4726 est
3197 4677 3257 4724 ut
3298 4669 3403 4739 ipsi
3451 4684 3600 4722 omne
3631 4683 3765 4737 genu

2175 4770 2421 4838 ﬂectatur
2444 4767 2750 4830 cmlestium,
2778 4765 3104 4819 terrestrium
3127 4773 3175 4815 et
3199 4760 3528 4830 infernorum
3552 4760 3620 4822 '°,
3643 4759 3767 4829 jure

2176 4869 2360 4931 postea
2388 4859 2625 4923 additur,
2673 4858 2728 4911 in
2765 4866 3044 4926 conspectu
3093 4853 3207 4922 ejus
3245 4851 3434 4906 cadent
3467 4868 3649 4906 omnes
3677 4853 3765 4921 qni

2175 4953 2495 5009 descendunt
2528 4953 2583 5006 in
2613 4963 2808 5006 terram
2850 4966 2867 5002 :
2912 4965 3012 5019 pro
3056 4963 3167 5016 quo
3217 4944 3436 5015 Aquila,
3467 4946 3524 4998 in
3567 4943 3764 4998 vultum

2174 5045 2288 5115 ejus
2318 5045 2526 5114 ﬂectent
2564 5059 2619 5096 se
2668 5057 2844 5094 omnes
2881 5038 2976 5108 qui
3020 5034 3339 5091 descendunt
3380 5035 3435 5086 in
3459 5032 3762 5100 pulverem.

2179 5137 2345 5205 Queis
2377 5134 2673 5192 manifeste
2707 5147 2896 5188 eorum
2936 5129 3027 5200 qui
3073 5128 3128 5182 in
3180 5125 3426 5182 Ecclesia
3463 5122 3559 5178 Dei
3587 5135 3764 5192 genua

2181 5229 2408 5284 flectunt
2437 5239 2645 5280 morem
2675 5224 2920 5279 declarat
2950 5239 2962 5273 :
2999 5217 3072 5273 ibi
3121 5218 3266 5272 enim
3313 5227 3490 5284 genua
3542 5209 3767 5265 ﬂecten-

2181 5328 2284 5385 tes,
2318 5327 2481 5389 atque
2525 5316 2798 5371 frontibus
2835 5313 2949 5369 suis
2989 5318 3148 5366 terra:
3188 5305 3591 5366 incumbentes,
3623 5301 3768 5354 hunc

2182 5412 2444 5469 adorandi
2479 5411 2642 5465 ritum
2675 5415 2912 5464 servant.
2945 5400 3149 5457 Deinde
3191 5399 3470 5468 adjicitur,
3503 5405 3555 5450 et
3585 5393 3768 5447 anima

2183 5525 2298 5562 mea
2325 5505 2408 5560 illi
2439 5504 2586 5567 vivit,
2624 5511 2673 5555 et
2704 5515 2875 5554 semen
2913 5512 3081 5550 meum
3122 5493 3306 5548 serviet
3341 5493 3459 5560 ipsi.
3494 5488 3626 5557 Quae
3654 5489 3771 5543 cla-

2183 5602 2301 5658 rius
2369 5594 2730 5672 Symmachus
2782 5593 2896 5648 htec
2953 5606 3060 5645 una
3118 5588 3388 5659 copulans
3439 5586 3757 5655 interpret.»
