4100 6414
387 299 492 353 215

1029 297 1300 354 EUSEBII
1338 299 1823 354 CAiSARlENSIS
1863 298 1947 354 ΟΡ

2055 297 2238 351 PARS
2279 295 2368 349 lli.
2409 325 2477 336 —
2510 294 2908 352 EXEGETICA.

3545 299 3650 353 916

387 423 496 477 tur,
530 421 652 466 ante
679 413 847 482 ipsum
887 427 1055 482 genua
1095 411 1300 479 flectent
1331 429 1506 468 omnes
1533 415 1622 484 qui
1655 413 1947 468 descendun

2075 428 2194 464 πον.
2223 406 2338 463 Εἶθ’
2368 409 2495 480 ἑξῆς
2525 408 2770 481 εἴρηται·
2800 410 2908 463 Καὶ
2935 411 2974 479 ἡ
3005 411 3176 480 ψυχή
3206 427 3319 475 μου
3364 408 3523 475 αὐτῷ
3547 407 3613 477 ζῆ
3633 423 3648 438 ’

383 507 438 558 in
495 512 735 558 terram:
786 502 936 571 cujus
986 503 1166 556 anima
1189 505 1338 567 vivet,
1387 521 1562 558 semen
1615 515 1788 558 autem
1840 505 1969 558 colet

382 598 576 661 ipsum.
619 594 701 648 Illi
748 609 961 656 omnes,
997 594 1202 664 inquit.
1256 597 1677 665 procumbentes
1709 604 1762 651 et
1794 612 1969 666 genua

382 689 659 744 ﬂectentes
689 689 1015 753 adorabunt,
1049 689 1248 760 quibus
1270 703 1396 759 spes
1431 696 1516 744 est
1563 698 1618 742 ut
1661 690 1841 742 anima
1887 688 1969 741 vi-

380 789 493 846 vat,
522 789 576 836 et
602 797 838 852 quorum
872 797 1058 838 semen
1081 782 1224 837 colet
1252 781 1454 851 ipsum.
1490 779 1647 847 Quod
1673 781 1874 850 siquis
1901 795 1967 835 ex

380 891 616 945 persona
678 875 980 929 Salvatoris
1033 874 1148 929 lucc
1211 873 1360 929 dicta
1403 874 1533 929 velit
1587 874 1870 942 excipere,
1916 882 1966 927 et

379 970 562 1022 anima
600 984 717 1022 mea
748 967 830 1020 illi
863 967 1007 1033 vivit,
1052 966 1352 1022 secundum
1387 966 1692 1020 versionem
1729 963 1966 1036 Septua-

379 1062 525 1130 ginta
570 1057 963 1129 lnterpretum;
1017 1066 1072 1114 et
1124 1058 1294 1123 illud,
1339 1075 1510 1112 semen
1562 1073 1731 1111 meum
1780 1058 1965 1110 serviet

378 1154 516 1220 ipsi;
547 1154 594 1209 is
625 1153 772 1206 dicat
807 1152 924 1206 haec
964 1167 993 1206 a
1033 1151 1317 1206 Salvatore
1358 1151 1725 1222 pronuntiari,
1757 1150 1850 1220 qui
1880 1160 1962 1204 to—

378 1256 492 1298 tum
525 1245 670 1299 hunc
696 1246 964 1315 psalmum
995 1245 1062 1300 de
1091 1245 1330 1314 qualibet
1369 1245 1550 1297 anima
1589 1243 1692 1298 sibi
1725 1242 1960 1306 addicta,

376 1351 587 1389 necnon
616 1336 683 1390 de
701 1335 910 1390 semine
941 1351 1061 1399 suo,
1080 1335 1387 1406 protulerit.
1416 1333 1613 1388 Semen
1641 1340 1822 1388 autem
1844 1333 1962 1401 ejus

376 1427 650 1495 quodnam
682 1443 807 1484 esse
836 1428 1062 1490 dixeris,
1094 1427 1199 1483 nisi
1235 1443 1332 1484 eos
1360 1427 1454 1498 qui
1484 1427 1585 1496 ipsi
1619 1442 1714 1496 per
1739 1439 1964 1496 genera-

376 1521 581 1575 tionem
607 1519 846 1591 Spiritus
879 1521 1053 1577 sancti
1092 1521 1184 1574 ﬁlii
1219 1521 1322 1576 orti
1364 1527 1536 1586 sunt;
1568 1519 1663 1588 qui
1697 1531 1820 1572 eum
1860 1517 1962 1571 Pa-

375 1621 514 1667 trem
573 1613 694 1681 ejus
745 1615 1036 1681 coluerint,
1089 1621 1351 1670 asternam
1398 1628 1463 1667 ac
1519 1612 1736 1668 beatam
1791 1610 1958 1665 vitam

373 1716 805 1777 consequentur.

2071 503 2169 557 καὶ
2210 503 2277 556 τὸ
2309 501 2545 571 σπέρμα
2580 519 2698 571 μου
2733 501 3052 555 δουλεύσει
3077 501 3252 567 αὐτῷ.
3292 503 3356 556 '0
3394 500 3458 572 δὴ
3487 499 3652 569 σαφέ-

2072 614 2262 669 στερον
2284 598 2627 667 ἡρμήνευσεν
2654 597 2682 648 6
2707 597 3002 666 Σύμμαχος
3036 595 3278 665 συνάψας
3311 595 3404 649 καὶ
3444 593 3646 647 εἰπών’

2074 693 2454 759 Ἕμπροσθεν
2480 689 2666 742 αὑτοῦ
2696 688 3074 742 ὀκλάσουσιν
3094 688 3355 754 ἅπαντες
3381 690 3434 742 οὶ
3473 703 3650 740 κατα-

2069 784 2376 847 ϐαίνοντες
2409 783 2496 846 είς
2529 781 2730 833 κόνιν·
2769 777 2839 836 οὗ
2881 782 2920 849 ἡ
2963 779 3134 849 ψυχὴ
3170 779 3365 846 ζήσει,
3411 778 3647 845 σπέρμα

2068 875 2136 928 δὲ
2163 874 2478 941 λατρεύσει
2506 872 2685 936 αὐτῷ.
2714 873 2919 936 Πάντες
2938 870 3045 941 γὰρ
3069 871 3241 933 αὐτοὶ,
3270 871 3453 941 φησὶν,
3483 869 3644 922 ὀκλά-

2070 983 2294 1030 σαντες,
2353 965 2446 1017 καὶ
2490 965 2618 1033 γόνυ
2679 963 2957 1027 κλίναντες
3011 964 3511 1035 προσκυνήσουσιν’
3569 955 3643 1014 ὧν

2067 1059 2222 1123 ἐλπὶς
2248 1058 2508 1131 ζήσεσθαι
2532 1060 2630 1130 τὴν
2653 1057 2852 1129 ψυχὴν,
2879 1059 2973 1111 καὶ
2995 1051 3068 1110 ὧν
3087 1058 3148 1111 τὸ
3175 1057 3394 1127 σπέρμα
3420 1055 3646 1128 λατρεύ-

2069 1168 2150 1204 σει
2179 1149 2346 1220 αύτῷ.
2376 1151 2439 1204 Et
2481 1150 2537 1202 δὲ
2575 1152 2641 1204 ἐκ
2672 1149 2962 1221 προσώπου
2993 1148 3083 1202 τοῦ
3113 1149 3362 1216 λέγοντος
3393 1147 3644 1218 Σωτῆρος

2067 1241 2310 1312 βούλοιτό
2330 1259 2413 1305 τις
2445 1241 2675 1295 ἀκοῦσαι
2707 1243 2795 1295 τό’
2830 1243 2940 1296 Καὶ
2972 1243 3009 1309 ἠ
3032 1240 3202 1310 ψυχή
3231 1257 3348 1309 μου
3375 1237 3534 1304 αὺτῷ
3554 1236 3641 1305 ζῆ,

2064 1334 2207 1386 κατὰ
2259 1335 2356 1405 τὴν
2413 1335 2522 1386 τῶν
2589 1333 2987 1404 Ἑϐδομήκοντα
3033 1332 3362 1403 ἑρμηνείαν·
3409 1330 3524 1395 καὶ,
3572 1327 3640 1381 Τὸ

2063 1426 2300 1496 σπέρμα
2334 1444 2452 1495 μου
2483 1426 2798 1481 δουλεύσει
2833 1426 3022 1492 αὐτῷ·
3073 1425 3216 1478 εἴποι
3247 1423 3312 1477 ἂν
3353 1421 3522 1476 ταῦτα
3552 1419 3640 1473 λέ-

2061 1517 2252 1584 γεσθαι
2283 1518 2387 1570 ὑπὸ
2427 1516 2520 1570 τοῦ
2557 1518 2828 1588 Σωτῆρος,
2875 1517 3062 1569 τοῦτον
3104 1516 3279 1569 πάντα
3319 1513 3408 1567 τὸν
3431 1509 3642 1581 ψαλμὸν

2059 1608 2346 1674 διεξιόντος
2370 1609 2498 1680 περὶ
2538 1610 2718 1681 πάσης
2750 1609 2930 1679 ψυχῆς
2958 1608 3107 1678 αὐτῷ
3135 1605 3518 1677 ἀνακειμένης,
3547 1601 3642 1654 καὶ

2061 1699 2308 1773 περὶτοῦ
2337 1699 2502 1753 αὐτοῦ
2534 1699 2866 1772 σπέρματος.
2899 1700 3128 1772 Σπέρμα
3173 1699 3230 1752 δὲ
3277 1695 3440 1752 αὐτοῦ
3481 1694 3532 1746 τί
3573 1691 3641 1746 ἂν

371 1798 597 1870 εἴποιςῆ
643 1799 768 1863 τοὺς
794 1799 881 1854 διὰ
914 1801 1216 1872 γεννήσεως
1247 1799 1399 1869 ἁγίου
1445 1800 1585 1852 Πνεύ
1595 1816 1761 1871 ματος
1799 1795 2174 1865 γεννωμένους
2211 1791 2360 1862 αὐτῷ
2384 1793 2551 1855 υἱοὺς,
2576 1793 2625 1844 οἳ
2647 1793 2740 1845 καὶ
2770 1791 3152 1856 δουλεύσαντες
3175 1790 3253 1862 τῷ
3279 1787 3441 1843 αὑτοῦ
3465 1787 3640 1856 Πατρὶ

369 1890 467 1960 τῆς
489 1889 704 1943 αἰωνίου
735 1890 828 1943 καὶ
859 1890 1135 1961 μακαρίας
1161 1890 1307 1960 ζωῆς
1339 1889 1690 1960 μεθέξουσιν;

439 1980 602 2035 Vens.
642 1981 731 2036 '52.
780 1981 1204 2035 Annuntiabitur
1253 1980 1480 2034 Domino
1521 1980 1790 2051 generatio
1837 1995 1958 2032 ven-
1992 1979 2032 2033 Β

368 2085 511 2144 tura,
535 2087 585 2129 et
625 2075 1020 2130 annuntiabunt
1053 2075 1172 2128 σιείί
1198 2074 1470 2144 justitiam
1494 2073 1608 2142 ejus
1645 2071 1836 2141 populo
1865 2071 1955 2141 qui

365 2177 630 2229 nascetur,
659 2182 812 2235 quem
858 2163 979 2232 fecit
1027 2163 1309 2217 Dominus.
1355 2162 1656 2230 Postquam
1701 2159 1956 2214 Servator

366 2274 552 2313 semen
582 2273 742 2313 suum
776 2257 1102 2311 memoravit
1138 2255 1225 2310 his
1253 2255 1456 2321 verbis,
1498 2263 1547 2308 et
1581 2267 1755 2306 semen
1782 2267 1953 2305 meum

365 2351 551 2404 serviet
575 2351 699 2420 ipsi,
725 2348 1001 2420 quodnam
1038 2347 1171 2402 illud
1207 2362 1394 2403 semen
1440 2346 1512 2402 sit
1557 2345 1726 2416 probe
1759 2342 1950 2414 aperit,

364 2458 490 2499 cum
537 2443 946 2515 generationem
991 2449 1302 2506 venturam,
1347 2448 1402 2496 et
1440 2439 1701 2511 populum
1733 2436 1824 2508 qui
1854 2451 1953 2490 na-

363 2542 549 2587 scetur
580 2539 991 2588 commemorat.
1029 2531 1497 2598 Quemadmodum
1546 2530 1690 2584 enim
1719 2543 1840 2600 quae
1870 2527 1953 2598 gi»

363 2633 608 2695 gnuntur
636 2640 701 2680 ex
732 2626 941 2680 semine
992 2624 1207 2679 initium
1249 2622 1550 2680 exsistendi
1592 2622 1819 2689 ducunt,
1855 2636 1950 2676 eo-

359 2716 482 2771 dem
512 2732 741 2787 prorsus
777 2717 943 2772 modo
968 2715 1604 2787 nasciturum‘populum
1635 2724 1688 2771 et
1718 2729 1948 2786 genera—

361 2812 564 2866 tionem
593 2818 902 2876 venturam,
933 2825 1133 2867 novam
1168 2811 1382 2867 scilicet
1426 2824 1491 2864 ac
1543 2817 1840 2875 recentem,
1879 2825 1947 2865 ex

361 2904 511 2958 nullo
542 2904 759 2959 initium
796 2911 1149 2975 accepturam
1198 2903 1462 2970 declarat,
1514 2903 1621 2958 nisi
1665 2917 1734 2958 ex
1779 2903 1947 2958 ratio-

359 2996 467 3051 nali
509 2997 720 3052 semine
769 3011 892 3061 suo,
921 2996 1064 3066 quod
1105 2996 1223 3066 ipse
1260 3010 1506 3066 prmsens
1543 3010 1640 3066 per
1669 2995 1944 3066 apostolos

360 3088 414 3141 in
467 3095 616 3144 terra
668 3088 1080 3155 disseminabat,
1106 3089 1360 3145 videlicet
1414 3089 1669 3159 spiritum
1699 3088 1946 3159 adoptio-

358 3182 466 3238 nis.
526 3181 670 3237 Loco
715 3181 901 3248 illius,
955 3181 1360 3236 annuntiabitur
1404 3180 1632 3235 Domino
1677 3181 1944 3252 generatio

2142 1969 2632 2038 Ἀναγγελήσεται
2672 1967 2754 2036 τῷ
2802 1970 2997 2037 Κυρίῳ
3028 1968 3201 2038 γενεὰ
3250 1968 3288 2036 ἡ
3323 1969 3636 2040 ἐρχομένην

2056 2061 2155 2114 καὶ
2185 2061 2590 2130 ἁναγγελοῦσι
2613 2060 2727 2129 τὴν
2751 2061 3150 2128 δικαιοσύνην
3185 2061 3372 2115 αὑτοῦ
3401 2061 3529 2129 ,ιιιῷ
3557 2063 3638 2130 τῷ

2054 2151 2494 2221 τεχθησομένῳ,
2518 2152 2593 2206 δν
2611 2153 2902 2220 ἐποίησεν
2924 2157 2957 2208 ὃ
2981 2155 3216 2222 Κύριος.
3249 2155 3637 2226 Προονομάσας

2057 2245 2282 2315 σπέρμα
2307 2243 2471 2298 αὑτοῦ
2506 2246 2534 2297 6
2558 2245 2748 2316 Σωτὴρ
2779 2246 2836 2297 ὲν
2867 2245 2975 2316 τῷε
3005 2246 3115 2302 Καὶ
3143 2246 3210 2300 τὸ
3239 2246 3479 2317 σπέρμα
3515 2267 3634 2318 μου

2053 2337 2373 2390 δουλεύσει
2404 2336 2589 2402 αὐτῷ·
2620 2336 2674 2390 τί
2703 2353 2831 2390 ποτε
2865 2337 2949 2408 εἴη
2975 2337 3130 2390 τοῦτο
3152 2339 3214 2392 τὸ
3265 2339 3485 2411 σπέρμα
3521 2340 3636 2394 δια-

2056 2432 2238 2500 σαφεῖ,
2269 2429 2461 2500 γενεάν
2495 2431 2799 2502 ἐρχομένην
2833 2430 3114 2502 ὀνομάζων
3154 2433 3250 2486 καὶ
3276 2432 3404 2487 λαὸν
3442 2434 3634 2506 τεχθη-

2055 2523 2299 2593 σόμενον.
2336 2523 2547 2593 Ὥσπερ
2574 2523 2682 2594 γὰρ
2708 2523 2777 2576 τὰ
2805 2523 3136 2596 γεννώμενα,
3168 2526 3276 2580 ἀπὸ
3305 2527 3634 2599 σπερμάτων

2051 2612 2150 2683 τὴν
2179 2612 2352 2684 ἀρχὴν
2381 2611 2484 2682 τῆς
2511 2613 2864 2678 ὑποστάσεως
2895 2615 3180 2686 λαμϐάνει,
3205 2617 3298 2671 τὸν
3319 2619 3482 2673 αὐτὸν
3508 2621 3634 2693 τρό-

2053 2719 2153 2756 πον
2175 2702 2266 2756 τὸν
2288 2701 2683 2773 τεχθησόμενον
2717 2703 2844 2757 λαὸν
2883 2706 2975 2758 καὶ
3009 2706 3107 2778 τὴν
3149 2705 3510 2780 ἐλευσομένην
3535 2726 3630 2778 γε-

2049 2801 2196 2864 νεὰν,
2231 2799 2356 2853 νέαν
2387 2795 2550 2854 οὖσαν
2597 2801 2692 2854 καὶ¹
2743 2802 2971 2873 καινὴν,
3013 2800 3314 2872 οὐδαμόθεν
3359 2801 3502 2868 ἕξειν
3531 2802 3632 2874 τὴν

2049 2891 2224 2965 ἀρχὴν
2251 2894 2580 2964 παρίστησιν
2599 2892 2713 2946 ἀλλ’
2738 2893 2771 2964 ἢ
2801 2895 2866 2946 ὲκ
2894 2893 3004 2947 τῶν
3026 2893 3189 2947 αὑτοῦ
3213 2894 3445 2962 λογικῶν
3468 2911 3632 2966 σπερ-

2052 2981 2258 3053 μάτων,
2283 2975 2358 3037 ὧν
2392 2984 2486 3037 ἐπὶ
2512 2984 2618 3055 γῆς
2642 2984 2834 3057 παρὼν
2860 2985 3222 3040 κατεϐάλλετο
3246 2986 3336 3040 διὰ
3359 2986 3469 3040 τῶν
3494 2988 3630 3041 ἁπο-

2051 3072 2251 3126 στόλων
2275 3073 2463 3138 αὐτοῦ,
2484 3074 2545 3129 τὸ
2572 3077 2788 3148 πνεῦμα
2809 3077 2909 3148 τῆς
2927 3076 3217 3140 υἱοθεσίας.
3249 3077 3392 3130 Ἀντὶ
3418 3077 3473 3130 δὲ
3495 3079 3590 3132 τοῦ
3609 3095 3626 3111 ο

2063 3165 2554 3236 Ἀναγιγελήσεται
2586 3167 2667 3234 τῷ
2687 3169 2881 3236 Κυρίῳ
2902 3169 3076 3237 γενεὰ
3093 3169 3132 3237 ἡ
3159 3168 3471 3238 ἐρχομένη.
3499 3171 3629 3240 σφό-

358 3285 600 3343 ventura,
624 3276 824 3330 mirum
853 3276 908 3329 in
948 3274 1171 3330 modum
1213 3274 1594 3348 Symmachus,
1622 3274 1945 3329 describetur

2049 3257 2151 3330 δρα
2197 3257 2523 3329 θαυμαστῶς
2566 3259 2596 3312 6
2639 3259 2967 3331 Σύμμαχοςο
3024 3260 3522 3330 Ἀναγραφήσεται
3559 3263 3631 3316 ἐν

362 3322 600 3343 --.ηηη
949 3322 1171 3330 ---ν---η
1214 3322 1594 3348 Ἵππηνηη,
1624 3322 1930 3329 ﬁmum“.

358 3371 412 3424 in
463 3369 599 3425 libro
644 3369 887 3426 Domino.
943 3367 1209 3424 Futurum
1260 3377 1379 3425 erat
1425 3377 1483 3424 ut
1527 3368 1944 3424 annuntiaretur

2049 3322 2259 3418 βὶελίφ
2302 3322 2383 3418 ἐῷ
2419 3322 2616 3421 Κυρίῳ
2668 3322 2775 3424 (ι’).’
2808 3322 3079 3425 ’ἤμελλεν
3122 3322 3545 3424 ἀναγγέλλεσθαι
3593 3358 3626 3427 ἡ

359 3462 639 3532 generatio
666 3469 894 3516 ventura
919 3480 933 3528 ;
968 3461 1100 3530 quin
1129 3461 1292 3516 etiam
1327 3459 1560 3515 Domino
1590 3474 1947 3515 consecrare.

2049 3440 2207 3510 γενεὰ
2248 3443 2282 3515 ἡ
2334 3443 2628 3516 ἐρχομένηο
2669 3443 2784 3498 ἀλλ’
2831 3444 3258 3516 ἀνατεθήσεσθαι
3308 3446 3386 3518 τῷ
3437 3446 3628 3519 Κυρίῳ

358 3563 448 3607 tur
487 3555 625 3610 liber
655 3554 954 3625 prophetia:
994 3554 1062 3609 de
1109 3556 1464 3626 generatione
1513 3560 1749 3609 ventura
1782 3568 1845 3608 ac
1879 3552 1946 3608 de

2049 3533 2224 3605 βίϐλος
2251 3539 2589 3610 προφητείας
2623 3538 2750 3611 περὶ
2787 3538 2889 3609 τῆς
2919 3541 3113 3608 γενεᾶς
3152 3541 3252 3613 τῆς
3303 3543 3624 3616 ἐρχομένης,

360 3649 559 3716 populo
597 3649 904 3704 nascituro.

749 3760 1076 3816 PSALMUS
1143 3759 1353 3814 DAVID
1411 3758 1584 3814 XXII.

429 3876 594 3933 Vens.
632 3878 688 3942 Ι,
722 3877 778 3932 2.
811 3880 1068 3933 Dominus
1091 3877 1261 3945 pascit
1294 3891 1394 3939 me,
1425 3883 1477 3929 et
1508 3873 1644 3929 nihil
1678 3873 1808 3928 mihi
1843 3872 1940 3929 de-

354 3971 478 4036 erit,
507 3972 562 4024 in
594 3970 708 4025 loco
735 3987 950 4041 pascua:
979 3969 1052 4024 ibi
1093 3985 1175 4023 me
1203 3968 1499 4022 collocavit.
1550 3965 1721 4036 Super
1746 3983 1939 4038 aquam

353 4063 652 4131 refectionis
695 4063 937 4118 educavit
996 4079 1106 4126 me,
1138 4061 1374 4115 animam
1426 4076 1599 4114 meam
1659 4059 1933 4114 convertit.

359 4153 586 4207 Deduxit
612 4171 710 4209 me.
745 4153 943 4209 Ovium
983 4153 1229 4208 conditio
1262 4168 1363 4209 ceu
1397 4153 1612 4208 medius
1651 4161 1828 4208 status
1852 4159 1936 4208 est

351 4245 496 4301 inter
539 4246 907 4316 perlectorum
958 4261 1342 4316 progressum,
1394 4254 1448 4300 et
1494 4261 1684 4300 eorum
1731 4253 1934 4300 statum

349 4338 445 4406 qui
478 4352 604 4391 cum
647 4339 702 4390 in
741 4335 1016 4405 profundo
1055 4337 1315 4406 nequitia:
1362 4337 1775 4407 provolvantur,
1812 4335 1934 4392 ideo

352 4427 643 4496 reptilibus
675 4427 919 4497 ferisque
943 4429 1254 4497 agrestibus
1298 4435 1712 4499 comparantur.
1748 4427 1932 4484 Perfe-

350 4529 475 4574 ctus
511 4534 748 4588 namque
795 4519 881 4571 vir
923 4519 971 4574 is
1026 4519 1210 4588 fuerit,
1257 4522 1418 4589 cujus
1454 4520 1636 4574 anima
1687 4520 1752 4574 ad
1795 4521 1929 4574 ima-

349 4614 529 4682 ginem
569 4622 623 4668 et
665 4613 1082 4668 similitudinem
1110 4613 1204 4668 Dei
1240 4613 1403 4674 facta,
1442 4613 1689 4668 moribus
1719 4615 1785 4668 ad
1821 4613 1928 4668 vir-

2043 3629 2136 3682 καὶ
2164 3630 2258 3684 τοῦ
2292 3631 2698 3702 τεχθησομένου
2726 3631 2878 3686 λαοῦ.

2421 3767 2714 3821 ΨΑΛΜΟΣ
2754 3769 2840 3822 ΤΩ
2878 3769 3078 3822 ΔΑΥΙΔ
3119 3769 3247 3822 ΚΒ’.

2110 3882 2328 3949 Κύριος
2359 3883 2653 3952 ποιμαίνει
2683 3901 2779 3952 με,
2806 3883 2904 3938 καὶ
2937 3883 3119 3938 οὐδέν
3147 3901 3225 3954 με
3261 3884 3621 3953 ὐστερήσει·

2037 3975 2125 4039 είς
2162 3975 2353 4027 τόπον
2403 3975 2598 4043 χλόης
2656 3975 2786 4028 ἐκεῖ
2842 3992 2920 4045 με
2973 3973 3475 4042 κατεσκήνωσεν-,ο
3523 3974 3622 4026 ἐπὶ

2036 4065 2255 4132 ὕδατος
2280 4066 2677 4134 ἀναπαύσεως
2700 4065 2985 4136 ἐξέθρεψέ
3000 4083 3077 4135 με
3092 4079 3105 4093 ·
3129 4064 3244 4132 τὴν
3267 4063 3480 4133 ψυχήν
3502 4081 3623 4132 μου

2034 4157 2426 4227 ἐπέστρεψεν.
2471 4159 2770 4229 Ὠδήγησέ
2809 4175 2906 4227 με.
2954 4157 3109 4227 Μέση
3154 4155 3412 4225 τυγχάνει
3456 4157 3624 4210 κατά-

2037 4268 2224 4315 στασις
2250 4252 2282 4322 ἡ
2307 4250 2416 4304 τῶν
2442 4250 2729 4323 προϐάτων
2749 4250 2848 4320 τῆς
2874 4265 2933 4301 τε
2965 4247 3072 4300 τῶν
3095 4245 3314 4300 τελείων
3341 4247 3622 4318 προκοπῆς

2033 4342 2126 4395 καὶ
2151 4341 2258 4395 τῶν
2285 4343 2342 4393 ἐν
2365 4340 2513 4412 βυθῷ
2538 4340 2738 4403 κακίας
2766 4337 3216 4408 καλινδουμένων,
3235 4337 3328 4390 καὶ
3353 4337 3442 4392 διὰ
3461 4337 3620 4391 τοῦτο

2032 4435 2282 4505 ἑρπετοῖς
2317 4434 2409 4486 καὶ
2459 4431 2668 4503 θηρίοις
2723 4430 2936 4503 ἀγρίοις
2983 4429 3498 4502 παραϐαλλομένων.
3557 4430 3617 4483 ’0

2033 4525 2132 4594 μὲν
2163 4524 2272 4596 γὰρ
2304 4522 2508 4586 τέλειος
2532 4522 2730 4589 γένοιτ’
2765 4521 2832 4575 ἂν
2876 4523 2904 4574 6
2951 4521 3094 4576 κατὰ
3131 4523 3233 4593 τὴν
3279 4522 3467 4576 εικόνι
3520 4522 3613 4574 τοῦ

2030 4613 2165 4666 Θεοῦ
2197 4613 2292 4667 καὶ
2330 4612 2430 4682 τὴν
2469 4611 2730 4683 ὁμοίωσιν
2773 4611 2938 4666 αὐτοῦ
2985 4613 3084 4684 τὴν
3129 4612 3306 4683 ψυχὴν
3348 4615 3460 4675 τοῖς
3496 4615 3614 4665 κατ’

348 4710 518 4758 tutem
568 4704 912 4758 concinnatis
968 4703 1230 4774 insignita
1273 4711 1355 4758 est
1393 4723 1405 4756 :
1453 4703 1544 4772 qui
1600 4702 1923 4768 Dominum,

2049 4705 2229 4779 ὶρετὴν
2250 4706 2474 4777 τρόποις
2489 4705 3104 4777 κεχαρακτηρισμένοις’
3126 4707 3154 4757 6
3174 4706 3266 4758 καὶ
3287 4703 3509 4774 βασιλέα
3524 4705 3614 4758 τὸν

349 4811 531 4864 regem
567 4797 693 4858 sibi,
729 4814 841 4853 non
873 4806 1180 4868 pastorem,
1223 4796 1494 4850 inscribit.
1544 4796 1646 4862 Qui
1689 4813 1820 4852 vero
1857 4812 1924 4851 ex

348 4887 664 4954 hujusmodi
699 4897 842 4944 statu
876 4890 1157 4958 delapsus,
1193 4897 1248 4943 et
1278 4888 1372 4960 qui
1408 4890 1628 4959 proprio
1655 4905 1718 4944 ac
1755 4890 1925 4946 libero

344 4979 647 5035 voluntatis
690 4981 919 5034 arbitrio
958 4980 1013 5035 in
1063 4979 1270 5036 ferinos
1323 4995 1504 5036 mores
1559 4987 1924 5035 commutatus

343 5079 450 5140 est,
479 5072 528 5127 is
557 5073 753 5126 merito
779 5088 953 5142 equus
976 5073 1322 5129 eﬂ‘eminatus
1348 5081 1592 5137 vocetur,
1620 5075 1734 5130 sive
1764 5074 1927 5143 lupus

345 5177 536 5232 rapax.
573 5161 887 5219 Istiusmodi
919 5174 1101 5219 autem
1129 5165 1402 5230 homines,
1436 5172 1741 5234 serpentes,
1775 5164 1929 5234 geni-

343 5255 490 5309 mina
523 5255 833 5326 viperarum
856 5298 869 5321 ,
910 5272 1134 5326 porcos,
1179 5273 1368 5320 canes,
1411 5258 1603 5328 vulpes
1639 5257 1926 5326 Scriptura

343 5346 484 5400 solet
519 5347 813 5416 appellare.
859 5346 963 5413 Qui
989 5363 1118 5402 vero
1146 5363 1213 5401 ex
1241 5347 1344 5401 hac
1376 5347 1577 5402 misera
1609 5345 1925 5399 conditione

345 5438 401 5491 in
438 5438 716 5492 meliorem
768 5455 827 5493 se
872 5440 1085 5508 frugem
1142 5439 1438 5508 recipiunt,
1489 5446 1605 5491 tum
1649 5437 1810 5506 quasi
1855 5435 1920 5490 ad

345 5530 654 5599 ingressum
691 5545 756 5585 ac
791 5531 1125 5585 vestibulum
1171 5531 1369 5586 divinae
1414 5529 1747 5600 cognitionis
1795 5544 1923 5599 pro-

310 5624 315 5629 ’
345 5625 550 5694 gressi,
582 5640 712 5680 oves
739 5625 830 5681 Dei
872 5626 994 5697 jure
1032 5634 1420 5696 nuncupentur
1449 5643 1462 5679 :
1499 5625 1562 5678 ad
1594 5623 1918 5694 perfectiora

426 5787 494 5853 (l)
529 5784 585 5840 lu
621 5785 888 5843 llcbraico
918 5786 1135 5858 legitur,
1172 5769 1325 5846 ’.ιπκὸ
1374 5793 1532 5842 Ἶῐῠδ.

2033 4797 2257 4868 Κύριον,
2273 4796 2387 4851 ἀλλ’
2404 4798 2464 4849 οὐ
2482 4797 2718 4867 ποιμένα
2744 4799 3178 4872 ἐπιγραφόμενος
3199 4816 3210 4827 ·
3236 4799 3263 4851 6
3282 4797 3338 4850 δὲ
3365 4796 3614 4851 ἐκπεσὼν

2031 4888 2255 4960 ταύτης,
2278 4890 2336 4956 ἐξ
2365 4891 2821 4961 αύτοπροαιρέτου
2842 4890 2896 4944 δὲ
2920 4889 3251 4962 διαστροφῆς
3275 4889 3366 4942 ἐπὶ
3392 4891 3490 4960 τὴν
3519 4887 3614 4959 θη-

2034 4980 2198 5053 ριώδη
2219 4981 2639 5053 μεταϐεϐληκὼς
2662 4983 2794 5050 ἓξιν,
2821 4985 2984 5046 ἵππος
3007 4982 3321 5054 θηλυμανὴς
3344 4983 3615 5054 χρηματί-

2031 5091 2112 5127 σοι
2132 5075 2218 5137 ἂν,
2241 5075 2336 5128 καὶ
2356 5074 2517 5140 λύκος
2533 5077 2887 5146 ἁρπακτικός.
2912 5079 3102 5146 Ὄφεις
3128 5077 3204 5141 δὲ,
3223 5077 3318 5130 καὶ
3336 5077 3498 5147 γεννή
3507 5093 3612 5146 μα-

2025 5182 2097 5219 τα
2121 5166 2468 5236 ὲχιδνῶν,καὶ
2487 5169 2720 5241 χοίρους,
2739 5173 2833 5224 καὶ
2854 5170 3041 5234 κύνας,
3059 5171 3150 5223 καὶ
3172 5167 3461 5232 ἀλώπεκας
3487 5169 3613 5232 τοὺς

2027 5254 2302 5321 τοιούτους
2320 5259 2508 5313 εἴωθεν
2528 5259 2814 5332 ὀνομάζειν
2839 5263 2873 5332 ἡ
2896 5262 3104 5334 Γραφή.
3124 5263 3187 5315 Oi.
3208 5261 3264 5313 δὲ
3290 5261 3355 5314 έκ
3374 5260 3474 5330 τῆς
3497 5276 3610 5311 τοι-

2030 5347 2201 5419 αύτης
2221 5350 2624 5416 καταπτώσεως
2645 5353 3070 5424 μεταϐάλλοντες
3088 5355 3180 5406 ἐπὶ
3202 5353 3303 5424 τὴν
3327 5352 3611 5422 κρείττονα

2032 5442 2381 5508 κατάστασιν,
2401 5446 2538 5509 τέως
2573 5449 2672 5517 μὲν
2704 5447 2892 5518 ὥσπερ
2915 5449 2972 5499 ὲν
3001 5448 3330 5514 εἰσαγωγαῖς
3351 5445 3447 5498 καὶ
3475 5460 3610 5513 προ-

2031 5533 2214 5604 οὔροις
2245 5537 2557 5607 γιγνόμενοι
2589 5539 2689 5610 τῆς
2721 5540 2863 5593 κατὰ
2888 5539 3021 5592 Θεὸν
3044 5537 3319 5608 γνώσεως,
3363 5535 3609 5606 πρόϐατα

2030 5625 2094 5678 ἂν
2145 5627 2367 5692 εἰκότως
2401 5628 2648 5698 κληθεῖεν
2679 5631 2845 5684 Θεοῦ·
2887 5630 3260 5700 προκόψαντες
3305 5627 3360 5681 δὲ
3410 5627 3502 5680 ἐπὶ
3547 5625 3608 5677 τὲ

1961 5750 2026 5779 σε.»
