4100 6394
415 323 522 380 217

1591 315 2102 373 ΟΟΜΜΕΝΤΔΒΙΑ
2141 315 2209 372 ΙΝ
2248 316 2597 376 PSALMOS.

3597 325 3705 381 218

416 444 773 518 τελειότερον,
815 443 1091 516 ἄνθρωποι
1139 439 1592 516 χρηματίζουσιν.
1638 439 1767 493 Ὅτε
1795 457 1861 510 γε
1906 438 2014 512 μὴν

2117 450 2299 497 autem
2361 441 2655 514 provecti,
2716 440 2969 519 homines
3027 452 3320 501 vocantur.
3393 444 3478 501 llli
3536 461 3707 517 porro

420 534 670 609 πρόϐατα
698 535 1078 607 τυγχάνουσιν,
1103 534 1209 587 ὑπὸ
1247 533 1466 605 ποιμένι
1494 531 1574 604 τῷ
1614 531 1703 586 διά
1751 531 2011 604 Ἰεζεκιὴλ

420 626 714 700 δηλωθέντι
757 625 941 692 Δαυῖδ,
990 626 1239 680 τουτέστι
1267 625 1347 697 τῷ
1396 628 1461 679 ὲκ
1503 624 1819 696 σπέρματος
1847 624 2012 678 Δαυῒδ

418 721 636 792 Σωτῆρι
672 719 831 792 ἡμῶν
874 720 970 774 καὶ
1002 718 1258 793 Χριστῷ,
1316 718 1618 791 ἀγόμενοι,
1666 716 2013 771 διδάσκονται

422 813 600 884 λέγειν
623 833 636 847 δ
662 814 878 882 Κύριος
916 814 1215 884 ποιμαίνει
1249 829 1347 882 με,
1372 810 1473 865 καί
1505 808 1687 865 οὐδέν
1724 827 1798 880 με
1835 812 2013 865 ὑστε-

413 906 615 976 ρήσει.
635 908 698 960 Ul
725 905 782 960 δὲ
812 906 966 961 αὐτοὶ
994 907 1094 977 τῆς
1121 906 1315 977 νοερᾶς
1343 905 1439 959 καὶ
1464 904 1658 976 καινῆς
1680 904 1889 977 τροφῆς
1920 905 2015 957 καὶ

424 996 559 1061 πόας
600 996 1125 1069 ἀντιλαμϐανόμενοι
1156 995 1257 1067 τῆς
1300 997 1357 1050 ὲν
1397 998 1512 1059 τοῖς
1558 996 1723 1068 ἱεροῖς
1768 995 2015 1065 Εὑαγγε-

421 1087 556 1154 λίοις
587 1089 836 1161 ἐροῦσιν·
868 1088 974 1156 Είς
1010 1090 1200 1144 τόπον
1219 1089 1413 1159 χλόης
1442 1086 1571 1142 ἐκεῖ
1599 1105 1679 1157 με
1720 1086 2016 1156 κατεσκή-

421 1200 639 1240 νωσεν.
656 1184 835 1239 Πίνων
853 1183 904 1237 δὲ
930 1182 1024 1237 τοῦ
1052 1182 1241 1247 ὓδατος
1266 1184 1293 1236 6
1316 1181 1669 1254 εἰσαγόμενος
1691 1183 1750 1235 ὲν
1769 1182 2012 1254 Χριστῷ,

421 1274 577 1330 οὔπω
598 1275 655 1330 δὲ
684 1275 780 1329 τοῦ
806 1275 947 1329 οἴνου
975 1273 1068 1328 τοῦ
1105 1275 1208 1345 τῆς
1233 1274 1490 1346 ἀληθινῆς
1527 1274 1772 1346 ἀμπέλου
1817 1270 1927 1339 οἷός
1956 1293 2016 1329 τε

422 1367 499 1422 ὣν
529 1367 988 1440 μεταλαμϐάνειν,
1018 1366 1107 1421 διὰ
1139 1366 1202 1420 τὸ
1238 1365 1319 1420 ἔτι
1361 1366 1637 1438 πρόϐατον
1672 1360 1832 1433 εῖναι,
1876 1366 2016 1431 τέως

422 1460 481 1514 δὲ
514 1460 593 1532 τῷ
616 1460 869 1533 σωτηρίῳ
915 1460 1248 1534 τρεφόμενος
1307 1458 1480 1525 ὕδατι,
1526 1459 1655 1531 περὶ
1701 1452 1763 1513 οῦ
1815 1458 1946 1512 ἐϐόα
1988 1459 2018 1511 ό

425 1552 618 1625 Σωτὴρ
642 1552 815 1622 λέγων
834 1569 848 1583 ο
891 1552 966 1607 El
994 1570 1086 1619 τις
1116 1546 1288 1621 διψᾷ,
1313 1550 1582 1621 ἐρχέσθω
1608 1552 1763 1621 πρός
1788 1568 1868 1621 με
1915 1550 2016 1604 καὶ

424 1644 672 1700 πινέτωο
699 1647 797 1700 καὶ
836 1644 1032 1700 πάλιν·
1069 1645 1134 1698 '0
1163 1644 1358 1699 πίνων
1410 1643 1480 1698 ἐκ
1527 1642 1635 1698 τοῦ
1675 1641 1896 1709 ὕδατος
1943 1636 2016 1698 οὗ

423 1735 540 1808 ἐγὼ
576 1737 749 1791 δώσω
780 1737 962 1805 αὐτῷ,
999 1736 1254 1806 ποταμοὶ
1287 1735 1358 1790 ἐκ
1407 1734 1519 1804 τῆς
1551 1735 1786 1802 κοιλίας
1831 1731 2019 1792 αὐτοῦ

2114 534 2335 604 quando
2362 548 2496 591 oves
2523 541 2688 601 sunt,
2733 550 2764 589 a
2795 543 3018 607 pastore
3064 554 3227 609 quem
3252 537 3506 596 Ezechiel
3541 538 3707 596 Davi-

2113 623 2201 680 dis
2252 624 2480 680 nomine
2534 623 2745 680 indicat
2779 627 2849 694 υ,
2882 627 2935 682 id
2982 635 3066 684 est
3119 628 3463 688 aSalvatore
3512 638 3705 686 nostro

2114 714 2339 773 Christo
2364 717 2539 785 ducti,
2570 718 2640 774 ad
2669 718 2787 774 haec
2812 718 3046 776 dicenda
3087 720 3480 788 instituuntur,
3516 722 3707 779 Domi-

2114 824 2212 863 nus
2238 810 2411 879 pascit
2446 827 2550 877 me,
2573 819 2624 865 et
2652 811 2789 866 nihil
2811 812 2942 866 mihi
2961 812 3151 870 deerit.
3202 813 3285 869 llli
3321 831 3451 871 vero
3478 816 3584 887 ipsi
3619 815 3706 872 in—

2115 898 2382 970 telligibili
2414 915 2479 956 ac
2504 916 2651 957 novo
2683 901 2943 959 alimento
2975 912 3141 975 atque
3167 904 3391 977 pascuis
3418 921 3703 963 sacrorum

2114 992 2538 1066 Evangeliorum
2595 997 2858 1062 enutriti,
2906 996 3114 1064 dicent,
3151 999 3207 1054 in
3243 997 3358 1054 loco
3388 1015 3603 1069 pascua
3630 999 3705 1055 ibi

2116 1103 2198 1141 me
2231 1086 2530 1142 collocavit.
2568 1086 2673 1154 Qui
2714 1096 2896 1145 autem
2935 1089 2991 1144 in
3023 1087 3248 1147 Christo
3277 1090 3548 1156 initiatur,
3582 1092 3707 1163 qui-

2115 1193 2225 1248 que
2258 1192 2457 1249 aquam
2483 1186 2661 1249 potat,
2689 1180 2835 1250 quod
2865 1181 3111 1237 nondum
3144 1182 3321 1240 valeat
3347 1184 3532 1240 vinum
3564 1200 3707 1240 verae

2117 1270 2247 1326 vitis
2286 1271 2498 1338 bibere,
2534 1272 2666 1344 quia
2704 1273 2885 1327 adhuc
2938 1273 2999 1339 in
3041 1273 3226 1329 ovium
3280 1289 3517 1331 numero
3554 1290 3708 1331 com-

2118 1367 2367 1435 putatur,
2414 1364 2511 1420 sed
2557 1371 2747 1420 tamen
2792 1365 3027 1421 salutari
3074 1366 3168 1420 illa
3207 1380 3351 1437 aqua
3396 1373 3704 1430 recreatur,

2118 1455 2187 1511 de
2213 1471 2321 1525 qua
2348 1453 2601 1511 Salvator
2646 1456 2764 1512 haec
2795 1458 3033 1513 clamat:
3069 1456 3131 1513 Si
3175 1460 3294 1529 quis
3341 1459 3494 1523 sitit,
3533 1461 3708 1515 veniat

2120 1546 2190 1602 ad
2220 1565 2300 1602 me
2331 1557 2383 1602 et
2416 1547 2560 1602 bibat
2614 1550 2697 1612 ";
2736 1560 2793 1606 et
2825 1550 3023 1607 iterum
3061 1569 3075 1605 :
3123 1550 3234 1618 Qui
3277 1550 3463 1606 biberit
3511 1568 3707 1623 aquam

2118 1656 2276 1712 quam
2325 1657 2419 1711 ego
2467 1641 2607 1697 dabo
2659 1643 2730 1707 ei,
2784 1643 3014 1711 ﬂumina
3061 1643 3125 1698 de
3174 1655 3349 1701 uentre
3395 1646 3509 1715 ejus
3540 1644 3708 1716 ﬂuent

2121 1751 2273 1809 aqua
2303 1736 2493 1790 vium”
2516 1754 2532 1804 ;
2558 1750 2623 1791 ac
2655 1751 2912 1793 rursum:
2947 1738 3052 1805 Qui
3084 1738 3272 1797 biberit
3293 1756 3358 1796 ea:
3380 1756 3521 1812 aqua
3545 1757 3708 1812 quam

416 1826 760 1894 ῥεύσουσιν
780 1826 1002 1895 ὕδατος
1027 1825 1240 1892 ζῶντος
1259 1842 1272 1856 ·
1303 1824 1400 1878 καὶ
1420 1820 1604 1889 αὖθις·
1641 1824 1704 1879 '0
1731 1825 1924 1878 πίνων
1949 1823 2015 1877 ἐκ

2120 1842 2213 1897 ego
2243 1824 2382 1881 dabo
2418 1827 2489 1892 ei,
2518 1844 2624 1884 non
2663 1828 2806 1884 sitiet
2826 1829 2894 1883 .in
2925 1837 3184 1886 aeternum
3210 1831 3293 1899 “;
3324 1832 3374 1887 is
3400 1833 3527 1903 jure
3553 1832 3709 1890 dixe-

429 1918 537 1974 τοῦ
587 1920 808 1989 ὕδατος
832 1917 905 1979 οὗ
951 1921 1067 1994 ἐγὼ
1107 1919 1281 1974 δώσω
1310 1919 1473 1986 αὐτῷ
1489 1959 1505 1986 ,
1541 1921 1614 1974 οὐ
1653 1918 1741 1989 μὴ
1777 1918 2013 1989 διψήσῃ

427 2015 517 2080 εις
554 2012 666 2068 τὸν
706 2013 921 2069 αἰῶνα*
972 2015 1115 2070 είποι
1152 2013 1218 2069 ἄν
1237 2031 1252 2045 ·
1317 2013 1442 2068 Ἐπὶ
1489 2011 1708 2079 ὕδατος
1745 2011 2016 2066 ἀναπαύ-

423 2118 583 2173 σεως
609 2105 898 2176 ἐξέθρεψέ
921 2123 1020 2177 με.
1046 2106 1206 2160 Ἀλλά
1226 2107 1321 2162 καὶ
1347 2107 1458 2160 πᾶν
1489 2103 1653 2176 ἄχθος
1681 2103 2016 2175 ἀποθέμενος

425 2198 534 2254 τῶν
550 2198 795 2255 παλαιῶν
816 2201 1229 2273 ἁμαρτημάτων
1247 2200 1336 2255 διὰ
1348 2198 1575 2271 λουτροῦ
1594 2197 2016 2267 παλιγγενεσίας

424 2292 522 2346 καὶ
551 2292 970 2357 ἀνακαινώσεως
1016 2293 1333 2365 Πνεύματος
1360 2292 1540 2362 ἁγίου,
1576 2292 1720 2353 εἴποι
1759 2290 1844 2344 ἄν’
1889 2289 2016 2343 Ἐπὶ

422 2383 643 2451 ὕδατος
694 2386 1095 2455 ἀναπαύσεως
1139 2385 1426 2456 ἐξέθρεψέ
1470 2403 1568 2456 με.
1632 2382 2016 2449 Ἀναπαύσεως

422 2476 532 2550 γὰρ
554 2478 631 2542 ὡς
657 2478 872 2551 ἀληθῶς
901 2480 1079 2535 ἐκεῖνο
1112 2481 1175 2534 τὸ
1199 2480 1365 2552 ὕδωρ,
1389 2479 1456 2534 δι’
1500 2472 1562 2534 οὗ
1607 2479 1671 2534 τὸ
1725 2477 1866 2550 βαρὺ
1921 2478 2016 2533 καὶ

422 2571 719 2642 ἐπίμοχθον
767 2573 986 2647 φορτίον
1038 2572 1147 2627 τῶν
1187 2572 1474 2646 ἁμαρτιῶν
1532 2573 1594 2626 τὸ
1656 2569 1879 2637 πιεζοῦν
1915 2571 2017 2644 τὴν

421 2663 601 2736 ψυχὴν
627 2665 940 2738 ἀπορρίψας
972 2683 1080 2732 τις,
1110 2667 1206 2723 καὶ
1251 2667 1431 2721 πάντα
1476 2664 1649 2737 ῥύπον
1679 2664 1775 2720 καὶ
1829 2664 2017 2719 σπίλον

424 2756 519 2811 καὶ
544 2756 737 2830 κηλίδα
758 2758 1130 2830 σμηξάμενος,
1165 2757 1384 2829 δεσμῶν
1409 2775 1471 2812 τε
1502 2757 1716 2820 ἀνεθεὶς
1752 2754 2020 2811 πολυπλό·

424 2869 573 2918 κων,
630 2854 1040 2927 συνῃσθημένος
1082 2854 1291 2908 τούτων
1361 2852 1621 2909 ἀπάντων
1679 2852 1824 2924 ὲρεῖο
1892 2847 2019 2904 Ἐπί

425 2941 648 3010 ὕδατος
676 2943 1076 3012 ἀναπαύσεως
1103 2943 1390 3014 ἐξέθρεψέ
1417 2961 1516 3014 με.
1554 2940 1668 2998 Εἶθ’
1702 2942 1893 3013 ῶσπερ
1927 2942 2020 2996 ὲκ-

425 3031 630 3088 λείπων
655 3034 826 3089 πάλαι
849 3035 949 3108 τὴν
970 3035 1173 3108 ψυχὴν,
1210 3035 1402 3089 ἔπειτα
1421 3034 1510 3091 διά
1534 3034 1634 3107 τῆς
1658 3031 2020 3104 ἀποδοθείσης

425 3126 589 3199 χλόης
610 3127 708 3182 ita}.
732 3127 828 3181 τοῦ
860 3126 1128 3200 σωτηρίου
1156 3125 1349 3192 ὕδατος
1371 3125 1656 3183 ἀναλαϐὼν
1682 3124 1896 3190 ἑαυτὸν,
1925 3122 2019 3179 καὶ

2118 1917 2214 1985 rit,
2257 1934 2417 1989 super
2454 1934 2651 1989 aquam
2689 1919 2888 1989 requiei
2936 1920 3179 1974 educauit
3236 1936 3338 1975 me.
3389 1920 3497 1976 Sed
3541 1920 3717 1977 etiam-

2120 2011 2301 2081 posita
2330 2026 2431 2082 per
2457 2011 2740 2067 lavacrum
2777 2012 3216 2082 regenerationis
3248 2020 3304 2068 et
3330 2014 3711 2069 renovationis

2124 2099 2366 2173 Spiritus
2413 2102 2592 2158 sancti
2637 2109 2881 2158 veterum
2922 2110 3277 2173 peccatorum
3328 2104 3569 2172 sarcina,
3614 2118 3710 2175 apo

2120 2194 2302 2265 posite
2357 2191 2531 2259 dicat,
2590 2207 2747 2261 super
2802 2208 2997 2263 aquam
3057 2192 3258 2264 requiei
3307 2191 3551 2248 educavit
3605 2211 3708 2249 me.

2121 2284 2351 2357 Requiei
2409 2283 2610 2340 etenim
2668 2299 2797 2340 vero
2847 2290 2934 2340 est
2992 2299 3136 2355 aqua
3197 2283 3550 2354 hujusmodi,
3603 2302 3713 2356 qua

2122 2378 2269 2451 quis,
2294 2377 2510 2448 abjecto
2536 2383 2887 2448 peccatorum
2913 2378 3067 2449 gravi
3095 2392 3442 2447 onerosoque
3472 2377 3716 2450 pondere

2122 2471 2362 2527 animam
2383 2470 2749 2540 opprimente,
2773 2470 2922 2524 omni
2960 2471 3172 2526 macula
3206 2477 3261 2527 et
3291 2471 3413 2526 labe
3438 2471 3711 2536 abstersa,

2124 2563 2430 2635 solutisque
2453 2562 2688 2619 vinculis
2733 2562 2843 2619 illis
2873 2564 3236 2634 complicatis,
3272 2564 3458 2645 laetitia
3481 2562 3714 2634 hujusce

2125 2672 2310 2714 rerum
2339 2670 2636 2712 successus
2664 2653 2897 2710 aﬂ‘cctus
2929 2654 3094 2721 dicet,
3113 2670 3270 2724 super
3292 2670 3488 2725 aquam
3518 2654 3714 2724 requiei

2121 2748 2365 2805 educavit
2412 2763 2514 2801 me.
2568 2745 2779 2802 Deinde
2825 2761 2976 2811 vero,
3028 2754 3218 2818 utpote
3264 2747 3359 2817 qui
3410 2760 3536 2801 cum
3580 2746 3711 2801 olim

2125 2843 2312 2899 animo
2353 2840 2646 2906 deﬁceret,
2692 2855 2791 2910 per
2842 2840 3075 2911 gratiam
3129 2840 3237 2896 sibi
3284 2839 3468 2894 datam
3509 2853 3575 2894 ac
3615 2854 3714 2910 per

2125 2936 2425 2993 salutarem
2471 2946 2671 3005 aquam
2717 2932 2774 2986 in
2812 2932 3097 2987 meliorem
3143 2947 3266 2989 sese
3309 2938 3516 2988 statum
3557 2943 3714 2985 rece-

2125 3027 2287 3097 perit,
2323 3023 2480 3096 quasi
2532 3037 2564 3077 a
2594 3028 2770 3077 morte
2811 3030 3103 3078 revocatus
3148 3021 3223 3077 sit
3258 3020 3434 3088 dicet,
3476 3020 3713 3075 animam

2125 3133 2300 3173 meam
2340 3116 2616 3172 conuertit.
2664 3113 2789 3169 Hae
2836 3115 3023 3170 omnia
3067 3116 3321 3173 evenient
3360 3115 3569 3171 homini
3615 3112 3713 3186 qui

423 3216 613 3294 ῶσπερ
647 3219 713 3274 ὲκ
741 3218 973 3276 θανάτου
997 3219 1468 3293 παλινδρομήσας,
1511 3220 1710 3292 φήσει·
1749 3216 1871 3287 Τὴν
1905 3218 2015 3286 ψυ-

2126 3226 2225 3282 per
2256 3215 2623 3265 memoratum
2654 3206 2917 3264 Davidem
2950 3223 2980 3263 a
3004 3206 3239 3264 Domino
3266 3207 3536 3279 pascitur.

420 3308 546 3383 χήν
575 3327 696 3382 μου
735 3309 1094 3382 ἐπέστρεψε.
1135 3311 1323 3366 Ταῦτα
1362 3310 1545 3366 πάντα
1576 3309 1810 3385 ὑπάρξει
1848 3307 1928 3381 τῷ
1988 3305 2079 3363 διὰ
2114 3303 2208 3359 τοῦ
2246 3301 2581 3376 δηλωθέντος
2633 3301 2798 3357 Δαυτδ
2834 3301 2941 3357 ὑπὸ
2989 3301 3086 3357 τοῦ
3155 3302 3365 3374 Κυρίου
3423 3315 3712 3374 ποιμαινόν-

426 3402 594 3476 μένῳ.

501 3493 798 3565 Ὧδήγησέ
834 3512 913 3567 με
954 3494 1056 3550 ἐπὶ
1092 3496 1334 3565 τρίϐους
1380 3495 1775 3565 δικαιοσύνης
1809 3494 2021 3550 ἕνεκεν

424 3588 530 3643 τοῦ
569 3589 861 3659 ὀνόματος
883 3589 1092 3646 αὐτοῦ.
1121 3588 1330 3654 Ταῦτα,
1363 3590 1528 3662 φησι,
1562 3589 1815 3663 πράττει,
1844 3588 1920 3654 ῶς
1952 3586 2021 3643 ἂν

425 3681 502 3755 μὴ
538 3680 927 3755 βλασφημῆται
964 3682 1131 3738 αὑτοῦ
1171 3683 1233 3737 τὸ
1275 3682 1467 3755 ὄνομα,
1517 3681 1629 3737 τῶν
1672 3681 1840 3738 αὐτοῦ
1887 3700 2022 3756 προ-

422 3770 605 3828 ϐάτων
636 3774 1046 3847 ἀπολλυμένων,
1080 3774 1114 3846 ἢ
1163 3774 1351 3838 κακῶς
1382 3773 1688 3847 ἀγομένων.
1741 3773 1879 3829 Ἐὰν
1906 3775 2020 3844 γὰρ

344 3928 348 3932 Α
422 3866 525 3922 καὶ
553 3865 821 3936 πορευθῶ
851 3868 921 3922 ἐν
964 3864 1136 3937 μέσῳ
1163 3866 1344 3932 σκιᾶς
1379 3865 1663 3930 θανάτου,
1711 3868 1785 3921 οὐ
1835 3867 2020 3935 φοϐη-

423 3959 683 4030 θήσομαι
707 3957 884 4024 κακὰ,
906 3958 998 4013 ὅτι
1030 3958 1112 4013 σὺ
1146 3958 1276 4029 μετ’
1304 3957 1451 4027 ἐμοῦ
1472 3954 1544 4012 εἷ.
1576 3956 1813 4030 Μακράν
1840 3956 1950 4031 γὰρ
1983 3960 2017 4030 ἡ

427 4052 673 4124 ἁμαρτία
713 4050 916 4115 παντὺς
944 4050 1196 4115 συνόντος
1235 4049 1376 4121 Θεῷ.
1429 4048 1601 4105 Σκιάν
1655 4049 1886 4105 θανάτου
1924 4050 2018 4105 τὸν

425 4142 602 4197 κοινόν
629 4159 763 4215 φησι
815 4142 1068 4207 θάνατον,
1116 4142 1213 4196 καὶ
1268 4142 1369 4215 τὴν
1421 4143 1520 4214 τῆς
1544 4141 1727 4214 ψυχῆς
1775 4141 1884 4196 ἀπὸ
1920 4142 2016 4197 τοῦ

426 4235 677 4307 σώματος
699 4234 873 4299 λύσιν,
910 4235 1048 4309 πρὸς
1076 4234 1485 4307 ἀντιδιαστολὴν
1520 4233 1616 4290 τοῦ
1658 4234 1887 4290 θανάτου
1914 4234 2017 4307 τῆς

419 4325 621 4399 ψυχῆς,
649 4328 770 4383 καθ’
802 4328 832 4383 ὃ
869 4328 1116 4401 εἴρηται·
1150 4327 1329 4400 Ψυχὴ
1375 4328 1827 4399 ἁμαρτάνουσα,
1862 4328 2015 4399 αὕτη

420 4420 805 4478 ἀποθανεῖται
824 4439 838 4453 ·
873 4422 989 4487 καὶ,
1019 4422 1226 4477 Ἔστιν
1268 4421 1525 4492 ἁμαρτία
1553 4421 1706 4492 πρὸς
1734 4420 2013 4478 θάνατον.

421 4515 538 4572 οὐκ
558 4515 672 4569 ἔστι
700 4515 810 4588 γάρ
845 4513 974 4570 σκιὰ
1008 4514 1240 4569 θανάτου
1258 4531 1274 4545 ο
1304 4514 1419 4569 ἀλλ’
1444 4513 1699 4587 ἀληθινὸς
1724 4514 1955 4580 θάνατος
1976 4516 2012 4587 ὴ

419 4608 522 4680 τῆς
545 4607 724 4680 ψυχῆς
742 4606 991 4663 ἀπώλεια
1013 4607 1293 4678 τυγχάνει.
1313 4608 1466 4662 Ἐπεὶ
1487 4604 1580 4663 οὖν
1604 4608 2012 4681 μεμαθήκασιν,

420 4698 499 4766 ὡς
542 4702 650 4774 ἄρα
680 4702 708 4755 6
741 4699 1012 4755 πιστεύων
1060 4700 1141 4764 είς
1184 4700 1278 4756 τὸν
1319 4701 1450 4756 Υίὸν
1490 4701 1587 4756 τοῦ
1637 4700 1773 4757 Θεοῦ
1825 4701 1887 4756 οὐ
1935 4700 2010 4773 μὴ

2194 3483 2364 3542 Vens.
2405 3485 2463 3551 5,
2504 3484 2559 3539 4.
2609 3482 2843 3537 Deduxit
2885 3496 2967 3535 me
3017 3496 3176 3551 super
3225 3482 3443 3537 semitas
3476 3481 3714 3552 justitia:

2119 3589 2333 3649 propter
2381 3593 2570 3632 nomen
2608 3592 2787 3631 suum.
2834 3572 2985 3639 Haec,
3030 3573 3231 3644 inquit,
3291 3573 3416 3630 ideo
3461 3575 3598 3648 agit,
3648 3584 3713 3632 ut

2118 3687 2210 3737 ne,
2247 3669 2472 3726 amissis
2505 3683 2571 3725 ac
2600 3667 2854 3739 perditis,
2884 3673 2981 3722 aut
3011 3666 3158 3723 male
3187 3666 3441 3723 deductis
3486 3668 3710 3735 ovibus,

2119 3778 2319 3820 nomen
2364 3779 2526 3817 suum
2556 3760 2990 3832 blasphemetur.
3040 3757 3184 3815 Nam
3218 3769 3268 3814 et
3295 3761 3344 3816 si
3371 3759 3713 3816 ambulavero

2118 3857 2175 3912 in
2204 3855 2378 3912 medio
2409 3855 2613 3910 umbrat
2642 3855 2856 3916 mortis,
2895 3870 3002 3908 non
3043 3852 3234 3908 timebo
3265 3853 3433 3919 mala,
3460 3854 3710 3925 quoniam

2119 3956 2177 4002 tu
2212 3964 2414 4002 mecum
2439 3963 2516 4002 es.
2551 3943 2753 4000 Procul
2778 3944 2926 4000 enim
2966 3951 3253 4014 peccatum
3298 3951 3384 4000 est
3412 3944 3483 3999 ab
3521 3958 3588 4001 eo
3616 3944 3712 4015 qui

2116 4037 2214 4094 Dei
2263 4037 2546 4093 consortio
2577 4034 2793 4091 fruitur.
2839 4034 3105 4090 Umbram
3137 4034 3335 4091 mortis
3367 4042 3529 4091 vocat
3560 4051 3714 4091 mor-

2118 4138 2227 4188 tem
2269 4129 2415 4185 illam
2459 4141 2829 4190 communem,
2865 4131 3030 4193 atque
3068 4125 3477 4196 separationem
3515 4126 3717 4183 animae

2116 4239 2148 4279 a
2176 4238 2442 4294 corpore,
2493 4222 2561 4277 ad
2586 4217 2952 4276 dill'erentiam
2991 4218 3190 4273 mortis
3232 4216 3450 4282 animai,
3500 4216 3569 4274 de
3601 4234 3713 4290 qua

2116 4318 2322 4375 dicitur
2356 4333 2372 4370 :
2404 4318 2603 4372 Anima
2649 4328 2767 4386 quat
2820 4311 3145 4382 peccaverit,
3198 4311 3316 4378 ipsa
3347 4310 3603 4365 morietur
3629 4312 3715 4378 ”;

2115 4418 2171 4469 et
2210 4427 2224 4464 :
2264 4410 2363 4466 Est
2408 4416 2684 4481 peccatum
2733 4403 2803 4458 ad
2858 4414 3081 4456 mortem
3127 4401 3193 4455 “.
3263 4400 3546 4473 Siquidem
3598 4416 3716 4457 non

2118 4513 2312 4569 umbra
2359 4504 2595 4569 mortis,
2646 4500 2744 4560 sed
2799 4516 2930 4559 vera
2982 4511 3133 4553 mors
3194 4500 3313 4558 est,
3361 4492 3454 4547 illa
3513 4493 3711 4550 anima:

2112 4598 2407 4676 pernicies.
2451 4592 2906 4664 Quandoquidem
2965 4589 3134 4661 igitur
3186 4583 3530 4649 didicerunt,
3584 4597 3698 4676 cre-

2114 4675 2332 4751 dentem
2391 4690 2448 4744 in
2492 4687 2693 4743 Filium
2753 4683 2847 4740 Dei
2896 4699 3009 4738 non
3065 4678 3395 4735 moriturum
3462 4690 3588 4731 esse
3653 4675 3707 4729 iu

417 4765 665 4866 ἀποθάνῃ
697 4795 777 4859 είς
807 4793 900 4849 τὸν
935 4795 1127 4861 αἰῶνα,
1159 4792 1504 4866 μεταϐέϐηκε
1547 4793 1605 4847 δὲ
1637 4793 1747 4848 ἀπὸ
1792 4792 1888 4847 τοῦ
1918 4765 2015 4846 0a:-

2118 4794 2409 4851 aeternum,
2446 4781 2543 4839 sed
2574 4778 2904 4836 translatum
2941 4789 3067 4831 esse
3097 4771 3164 4827 de
3197 4774 3374 4824 morte
3406 4765 3476 4821 ad
3501 4766 3666 4822 vitam
3688 4807 3708 4833 ,

419 4886 584 4941 νάτου
618 4888 699 4951 εἰς
729 4887 827 4960 τὴν
858 4887 1025 4961 ζωὴν,
1058 4889 1264 4963 σφόδρα
1299 4888 1544 4961 ἀκριϐῶς
1573 4887 1635 4942 οὐ
1676 4887 1812 4957 φασὶ
1853 4884 2012 4941 θάνα-

416 4996 511 5034 τον
539 4979 751 5033 ἐπιέναι
792 4982 977 5047 αὐτοῖς
1004 4983 1173 5056 ἀλλ’ἢ
1208 4985 1317 5057 ἄρα
1354 4982 1512 5037 σκιὰν
1538 4980 1771 5036 θανάτου
1792 4996 1806 5011 ·
1836 4979 2010 5053 ταύτῃ

418 5072 705 5144 δηλοῦντες
752 5073 881 5137 τοὺς
923 5073 1065 5128 κατὰ
1113 5072 1400 5147 ἄνθρωπον
1445 5071 1727 5138 κινδύνους
1775 5070 1870 5124 καὶ
1917 5069 2011 5124 τὸν

422 5166 730 5238 σωματικὸν
776 5164 1005 5220 θάνατον
1045 5165 1197 5221 οὐδὲν
1246 5165 1432 5239 ἕτερον
1481 5163 1677 5236 δνταῆ
1729 5161 2009 5237 χωρισμὸν

420 5257 598 5332 ψυχῆς
624 5259 733 5314 ἀπὸ
760 5258 1031 5330 σώματος.

501 5351 566 5408 Ἠ
587 5350 811 5420 ῥάϐδος
843 5365 960 5405 σου
986 5351 1084 5405 καὶ
1125 5354 1165 5422 ὴ
1205 5351 1508 5421 βακτηρία
1545 5363 1686 5414 σου,
1716 5343 1899 5404 αὗταί

418 5442 867 5515 παρεκάλεσαν.
886 5441 1072 5497 Ταῦτα
1100 5439 1194 5497 οὖν
1214 5443 1525 5517 παρακαλεῖ
1554 5442 1647 5499 τὸν
1672 5441 2010 5513 τυπτόμενον

420 5538 516 5593 καὶ
554 5536 647 5591 τὸν
692 5534 1074 5606 κολαζόμενον,
1123 5535 1511 5608 πεπεισμένον,
1542 5535 1626 5589 ὅτι
1678 5534 1936 5606 μαστιγοί
1981 5533 2011 5586 6

420 5630 552 5692 Θεὸς
578 5629 755 5684 πάντα
787 5628 904 5684 υἱὸν
929 5626 989 5683 ὃν
1013 5628 1405 5700 παραδέχεται.

527 5774 569 5804 ’ί
610 5770 810 5843 Ezech.
848 5787 1050 5839 xxxrv,
1088 5771 1180 5828 ‘25.
1259 5773 1303 5843 ξ’
1341 5769 1502 5827 Joan.
1543 5784 1617 5826 vu
1642 5808 1657 5838 ,
1693 5767 1784 5825 57.
1863 5766 1909 5802 ²³
1951 5764 2015 5823 ibi

2127 5761 2217 5819 '59.
2295 5756 2342 5790 ‘”
2380 5752 2540 5808 Joan.
2586 5765 2673 5818 Iv,
2718 5747 2802 5803 l3.

421 5842 581 5898 Joan.
612 5859 644 5896 ν
662 5881 677 5908 ,
713 5841 804 5897 l7.

2106 4880 2403 4938 admodum
2455 4879 2825 4946 congruenter
2866 4884 2976 4924 non
3009 4873 3264 4930 mortem,
3321 4861 3418 4919 sed
3449 4860 3704 4916 umbram

2106 4975 2307 5030 mortis
2346 4969 2451 5028 sibi
2487 4967 2763 5024 accidisse
2807 4968 3149 5025 memorant;
3204 4971 3315 5030 quo
3348 4955 3706 5011 declarantur

2106 5064 2350 5139 pericula
2386 5076 2509 5134 quae
2542 5058 2848 5115 secundum
2913 5051 3187 5107 hominem
3242 5045 3609 5139 contingunt,
3649 5046 3704 5094 et

2106 5135 2387 5212 indicatur
2443 5163 2768 5222 corpoream
2820 5149 3056 5199 mortem
3117 5139 3255 5195 nihil
3328 5135 3479 5193 aliud
3537 5146 3705 5195 esse,

2107 5263 2271 5320 quam
2317 5242 2722 5315 separationem
2778 5236 2974 5291 animae
3004 5248 3034 5286 a
3061 5244 3314 5302 corpore.

2189 5342 2355 5412 Virga
2390 5347 2482 5392 tua
2509 5346 2559 5391 et
2585 5331 2807 5389 baculus
2836 5339 2979 5393 tuus,
3004 5328 3122 5392 ipsa
3150 5340 3231 5379 me
3253 5320 3533 5377 consolata
3550 5328 3697 5375 sunt.

2109 5435 2237 5491 Haec
2282 5433 2452 5504 igitur
2479 5425 2843 5483 consolantur
2882 5435 3007 5475 eum
3041 5417 3136 5488 qui
3171 5415 3495 5473 verberibus
3524 5421 3579 5470 et
3605 5427 3701 5468 ca-

2110 5523 2500 5598 stigationibus
2532 5516 2790 5581 afﬁcitur,
2828 5518 3019 5582 utpote
3047 5511 3145 5582 qui
3177 5523 3383 5581 gnarus
3424 5507 3497 5564 sit
3526 5505 3705 5562 Deum

2112 5618 2406 5675 verberare
2439 5609 2611 5665 illium
2638 5621 2801 5677 quem
2834 5602 3200 5674 cooptdverit.

2921 5745 2965 5778 ’³
3009 5742 3210 5800 Ειεριι.
3250 5755 3428 5809 xviu,
3464 5739 3516 5796 It.
3595 5740 3642 5771 η
3677 5732 3707 5793 ἒ
