4100 6396
408 336 513 390 219

1076 330 1347 388 EUSEBII
1385 330 1862 388 CAESARIENSIS
1897 330 2048 388 OPP.
2091 329 2272 386 PARS
2312 330 2400 386 lII.
2440 362 2510 374 —
2541 332 2951 392 EXEGETICA.

3578 341 3685 397 2Ξο

480 448 648 506 Vens.
679 452 734 508 5.
782 450 1011 506 Parasti
1055 453 1111 506 in
1155 463 1436 524 conspectu
1465 469 1578 507 meo
1603 469 1859 514 mensam.
1903 451 1998 505 ad-

2187 452 2539 522 Ἡτοίμασας
2575 453 2832 508 ἐνώπιόν
2853 474 2974 525 μου
3007 455 3303 524 τράπεζαν
3340 456 3689 526 ἐξεναντίας

411 559 591 600 versus
642 560 730 599 eos
775 545 864 615 qui
915 543 1175 599 tribulant
1218 563 1319 600 me.
1375 545 1736 616 lmpinguasti
1788 544 1842 598 in
1883 543 1996 598 oleo

412 646 567 706 caput
599 653 807 702 meum,
839 645 889 692 et
918 637 1063 691 calix
1117 647 1237 691 tuus
1274 637 1543 692 inebrians
1577 654 1736 708 quam
1773 637 1997 706 ργασία-

411 746 505 785 rus
533 730 655 785 est!
695 729 910 786 Norunt
947 729 1095 785 enim
1135 729 1314 783 oleum
1359 729 1666 799 spirituale,
1691 744 1801 799 quo
1831 736 1997 800 caput

409 838 573 878 suum
627 823 1040 894 impinguatur,
1090 830 1255 892 atque
1307 821 1628 877 ebrietatem
1678 821 1830 876 illam
1875 837 1996 892 quae

409 913 637 968 roborat
684 928 794 968 non
839 912 1102 979 resolvit,
1134 925 1350 966 necnon
1389 912 1689 982 spiritalem
1723 911 1876 965 illum
1915 911 1997 964 ei-

412 1003 540 1059 bum
571 1020 732 1076 quem
779 1006 1003 1076 apponit
1026 1004 1187 1060 nobis
1236 1003 1326 1059 ille
1359 1003 1452 1075 qui
1488 1003 1554 1057 ad
1590 1003 1829 1073 pastoris
1871 1019 1993 1056 mu-

409 1113 518 1154 nus
553 1099 741 1170 sponsi
779 1098 1151 1154 conditionem
1196 1096 1408 1168 adjicit.
1446 1095 1566 1160 llis,
1605 1095 1803 1166 inquit,
1841 1095 1993 1150 frua-

411 1205 537 1244 mur
572 1190 770 1256 bonis,
820 1199 874 1246 et
915 1189 1278 1262 gaudeamus,
1330 1189 1462 1244 dum
1514 1189 1734 1243 interim
1785 1189 1994 1242 inimici

410 1275 586 1330 nostri
613 1276 800 1332 dolent
840 1292 905 1332 ac
931 1287 1304 1343 macerantur,
1331 1278 1459 1348 quia
1494 1277 1532 1332 ii
1563 1278 1657 1348 qui
1691 1278 1820 1332 olim
1853 1278 1993 1333 servi

410 1377 594 1434 erant,
627 1371 990 1426 mutationem
1019 1378 1232 1424 tantam
1262 1371 1471 1441 experti
1505 1377 1658 1435 sunt,
1698 1371 1995 1450 impingun-

411 1466 484 1516 sti
521 1463 577 1515 in
606 1463 719 1518 oleo
757 1472 912 1532 caput
943 1480 1140 1518 meum.

480 1552 650 1610 Vens.
692 1555 748 1610 6.
812 1554 882 1608 Et
941 1552 1308 1609 misericordia
1368 1562 1459 1606 tua
1523 1553 1867 1624 subsequatur
1913 1570 1994 1606 me

409 1644 653 1699 omnibus
686 1644 869 1700 diebus
899 1646 1018 1699 υξιω
1050 1662 1212 1711 meae,
1256 1655 1305 1698 et
1331 1654 1388 1698 ut
1422 1644 1709 1699 inhabitem
1753 1647 1807 1698 in
1836 1644 1993 1698 domo

417 1735 662 1801 Domini,
704 1737 759 1790 in
802 1735 1184 1806 longitudinem
1228 1736 1454 1790 dierum.
1505 1735 1993 1793 LIisericordiaa.et

2103 539 2221 593 τῶν
2249 544 2701 614 θλιϐόντωγομε.
2741 547 3071 616 Ἐλίπανας
3103 549 3173 603 ἐν
3210 550 3394 614 ἐλαίῳ
3437 549 3551 618 τὴν
3589 569 3687 605 κε-

2101 632 2311 701 φαλήν
2338 633 2619 702 μου,·καὶ
2666 634 2732 688 τὸ
2774 634 3064 704 ποτήριόν
3097 651 3214 690 σου
3256 636 3568 706 μεθύσκον
3606 637 3688 703 ὡς

2103 726 2470 796 κράτιστον]
2503 728 2680 782 Ἴσασι
2715 729 2824 798 γὰρ
2851 729 2944 782 καὶ
2979 727 3041 782 τὸ
3071 728 3434 800 πνευματικὸν
3489 728 3686 794 ἔλαιον,

2101 825 2130 877 ὂ
2157 826 2256 898 τὴν
2304 819 2547 892 κεφαλὴν
2599 819 2970 892 ὲπιάνθησαν,
3021 821 3113 875 καὶ
3146 823 3245 893 τὴν
3295 819 3685 892 κρατύνουσιν.

2103 921 2218 974 ἀλλ’
2251 918 2312 972 ού
2337 915 2661 970 διαλύουσαν
2691 913 2890 986 μέθην·
2924 915 3018 968 καὶ
3047 915 3148 986 τὴν
3174 915 3441 988 μυστικὴν
3457 915 3682 987 τροφὴν,

2101 1011 2168 1081 ἣν
2188 1008 2509 1080 προτίθησιν
2533 1008 2664 1077 ἡμῖν
2696 1007 2725 1058 ὁ
2753 1005 2890 1078 πρὸς
2913 1006 2974 1059 τὸ
3007 1007 3316 1078 ποιμαίνειν
3339 1007 3434 1060 καὶ
3455 1007 3686 1078 νυμφίος

2101 1099 2636 1173 γενόμενος.Τούτοις
2651 1098 2809 1170 δὲ,φη
2817 1099 2921 1163 civ,
2940 1100 3295 1170 ὲντρυφῶμεν
3314 1103 3427 1163 τοῖς
3438 1100 3688 1170 ἀγαθοῖς,

2099 1190 2208 1243 τῶν
2233 1189 2515 1262 δυσμενῶν
2540 1189 2856 1260 ἀνιωμένων
2885 1190 2978 1244 καί
2999 1190 3374 1261 τρυχομένων·
3403 1194 3484 1244 ὅτι
3507 1191 3558 1244 οἱ
3577 1191 3689 1245 πά·-

2100 1282 2208 1349 λαι,
2235 1282 2386 1355 φησὶ,
2408 1283 2750 1346 δουλεύοντες
2775 1283 3041 1354 τοσαύτης
3072 1284 3374 1354 μεταϐολῆς
3390 1287 3690 1357 τετυχήκαο

2104 1393 2208 1441 σιν,
2236 1377 2531 1442 ἐλίπανας
2552 1376 2622 1429 ἐν
2643 1376 2826 1439 ἐλαίῳ
2853 1375 2969 1444 τὴν
3001 1375 3278 1446 κεφαλήν
3295 1394 3434 1447 μου.

2168 1547 2279 1601 Kal
2307 1545 2372 1599 τὸ
2405 1547 2579 1612 ἔλεός
2607 1561 2724 1601 σου
2762 1545 3294 1620 καταδιώξεταίημε
3329 1548 3532 1616 πάσας
3576 1549 3687 1618 τὰς

2101 1639 2325 1708 ἡμέρας
2377 1637 2484 1707 τῆς
2535 1639 2684 1708 ζωῆς
2721 1658 2863 1708 μου,
2913 1641 3010 1694 καὶ
3056 1641 3122 1694 τὸ
3164 1642 3460 1696 κατοικεῖν
3490 1659 3568 1712 με
3615 1643 3686 1697 ἐν

2100 1731 2243 1796 οἴκῳ
2273 1731 2496 1798 Κυρίου
2529 1733 2616 1797 εις
2638 1733 2985 1801 μακρότητα
3012 1731 3266 1802 -ἰυιερῶνκ
3301 1734 3583 1799 Πεποιθὼς
3607 1733 3686 1804 τῷ

411 1830 600 1900 gratiae
657 1828 900 1885 conlisus
959 1837 1106 1892 tuze,
1162 1829 1290 1882 novi
1341 1842 1474 1882 sane
1527 1843 1634 1890 me,
1684 1827 1998 1883 institutum

2105 1823 2181 1895 σῷ
2214 1823 2373 1886 ἐλέει,
2415 1823 2510 1876 καὶ
2538 1826 2602 1895 τῇ
2634 1827 2699 1894 σῇ
2729 1824 2932 1896 χάριτι,
2967 1821 3061 1878 οἶδ’
3089 1826 3171 1878 ὅτι
3206 1827 3306 1879 ούκ
3341 1827 3686 1898 ὲκπεσοῦμαι

368 1936 376 1944 ·
409 1937 443 1975 a
478 1921 858 1978 misericordia
891 1930 982 1976 tua
1026 1921 1285 1977 omnibus
1335 1920 1532 1976 diebus
1560 1921 1684 1975 vitae
1717 1935 1870 1984 meae,
1901 1936 1998 1990 spe

411 2012 502 2067 illa
545 2015 599 2068 in
644 2021 700 2068 te
730 2016 907 2085 posita
960 2027 1242 2083 nunquam
1291 2013 1594 2082 Iapsurum.
1643 2010 1770 2067 Haec
1816 2012 2000 2082 itaque

407 2107 821 2172 misericordia,
867 2107 982 2161 haec
1017 2106 1195 2177 gratia
1232 2113 1326 2159 tua
1376 2104 1510 2160 mihi
1546 2104 1600 2159 id
1631 2104 1762 2160 boni
1803 2112 2000 2160 contu-

409 2198 554 2267 lere,
591 2206 652 2254 ut
683 2198 909 2255 domum
951 2207 1007 2254 et
1036 2197 1339 2254 Ecclesiam
1381 2207 1532 2251 tuam
1572 2199 1629 2252 in
1659 2197 1997 2254 domicilium

411 2290 787 2362 possiderem;
829 2291 922 2346 ubi
949 2297 1351 2356 commoratus,
1387 2297 1578 2362 utpote
1603 2290 1659 2345 in
1694 2290 1870 2345 sacris
1902 2287 1998 2345 Dei

411 2382 623 2438 aedibus
649 2389 706 2439 et
741 2383 798 2438 in
830 2390 1023 2438 sancto
1069 2383 1297 2454 templo,
1347 2382 1745 2454 longitudinem
1785 2380 1998 2437 dierum

414 2474 560 2546 apud
601 2483 656 2530 te
689 2483 745 2529 et
772 2477 942 2530 vitam
992 2482 1250 2531 atternam
1307 2489 1637 2546 consequar.
1685 2473 1822 2529 Nam
1852 2473 1998 2544 quod

415 2567 658 2622 domum-
687 2573 837 2622 tuam
887 2567 1150 2632 incolam,
1201 2583 1482 2638 nunquam
1527 2567 1656 2623 inde
1683 2567 1996 2638 egrediens,

414 2674 591 2730 neque
620 2659 904 2719 declinans
937 2659 1222 2724 aliorsum,
1255 2659 1357 2714 hoc
1394 2659 1530 2714 mihi
1581 2660 1636 2715 in
1667 2675 1837 2717 causa
1881 2660 2000 2716 fore

412 2750 654 2805 arbitror
684 2759 743 2805 ut
773 2749 1172 2822 longitudinem
1213 2751 1448 2817 dierum,
1479 2752 1601 2823 ipso
1649 2753 1855 2809 lumine
1893 2763 1988 2808 tuo

410 2843 647 2908 lucente,
673 2844 985 2899 nanciscar.
1020 2842 1127 2898 Pro
1163 2843 1256 2899 illo
1290 2852 1497 2908 autem,
1528 2845 1582 2898 in
1616 2843 1999 2914 longitudinem

409 2934 656 3000 dierum,
713 2934 1110 3008 Symmachus,
1164 2936 1220 2989 in
1267 2935 1674 2990 diuturnitatem
1724 2937 1998 3006 temporis,

412 3026 804 3098 interpretatus
840 3036 947 3092 est,
980 3028 1106 3082 vitae
1154 3027 1304 3084 illius
1356 3029 1666 3084 secundum
1701 3027 1872 3086 Deum
1915 3030 2001 3083 in-

411 3117 759 3173 terminabile
822 3119 1062 3190 spatium
1125 3126 1291 3190 atque
1356 3119 1828 3174 immortalitatem
1901 3120 2000 3176 de-

413 3217 637 3266 notans.

791 3323 1120 3380 PSALMUS
1161 3323 1371 3379 DAVID
1404 3323 1596 3382 XXIII.

416 3437 481 3492 In
509 3437 827 3510 quibusdam
861 3420 1272 3508 exemplaribus
1309 3441 1521 3494 inveni:
1561 3457 1582 3491 ι
1619 3438 1738 3492 Una
1793 3436 2002 3492 Sabba-

1086 3519 1278 3564 torum.
1322 3529 1341 3562 ι

484 3624 649 3678 Vens.
685 3626 736 3689 I,
759 3623 812 3678 2.
841 3622 1051 3677 Domini
1071 3634 1146 3678 est
1173 3632 1313 3677 terra
1341 3633 1388 3676 et
1409 3620 1679 3692 plenitudo
1706 3621 1840 3691 ejus,
1860 3619 2002 3673 orbis

419 3727 681 3771 terrarum
707 3725 755 3770 et
787 3717 1018 3770 universi
1042 3715 1132 3786 qui
1158 3715 1400 3768 habitant
1420 3717 1472 3768 in
1500 3731 1580 3770 eo.
1599 3713 1718 3782 Ipse
1735 3731 1888 3784 super
1906 3729 2015 3768 ma-

421 3809 504 3861 ria
529 3807 773 3877 fundavit
804 3823 946 3872 eum,
996 3817 1216 3876 etsuper
1239 3807 1464 3876 flumina
1512 3808 1831 3876 prwparavit
1858 3822 1998 3861 eum.

417 3897 533 3954 Nisi
573 3897 744 3962 enim,
779 3897 980 3967 inquit,
1032 3897 1280 3952 divinum
1315 3895 1556 3952 Verbum
1605 3897 1708 3966 ipsi
1747 3895 2000 3966 praefuis-

417 4000 522 4056 set,
563 4006 630 4047 ac
675 3991 780 4046 nisi
828 3989 1108 4061 Sapientia
1159 3990 1252 4045 Dei
1313 3990 1491 4061 ipsum
1556 3991 1660 4045 hoc
1715 3989 2001 4046 fundasset

416 4082 600 4152 modo,
623 4083 734 4152 jam
761 4083 918 4150 olim,
958 4083 1038 4138 vel
1074 4083 1314 4138 naturali
1356 4083 1702 4153 deprimente
1729 4083 1998 4153 pondere,

417 4178 474 4232 in
530 4175 862 4248 profundum
927 4177 1219 4232 demersus
1282 4175 1498 4231 fuisset.
1570 4174 1773 4230 Verum
1825 4175 2001 4229 multo

417 4270 770 4340 praestantior
800 4270 895 4323 illo
945 4278 1065 4325 erat
1113 4269 1290 4324 virtus
1323 4269 1413 4322 illa
1446 4267 1664 4322 Domini
1698 4267 1998 4321 miraculo-

417 4377 540 4417 rum
583 4375 648 4414 ac
689 4359 1070 4431 prodigiorum
1101 4359 1374 4426 eﬂectrix,
1405 4373 1526 4429 qua:
1556 4365 1764 4412 tantam
1797 4358 1997 4412 molem

417 4461 742 4524 tantamque
771 4461 931 4507 terra:
970 4452 1390 4521 plenitudinem,
1429 4468 1494 4508 ac
1523 4452 1710 4506 orbem
1742 4467 1868 4506 cum
1902 4451 2000 4506 ha-

2098 1917 2197 1986 τῆς
2225 1915 2375 1986 παρὰ
2405 1917 2488 1968 σοὶ
2535 1915 2750 1979 ἐλπίδος
2799 1916 3316 1988 παιδαγωγούμενος
3357 1919 3540 1982 πάσας
3583 1919 3684 1984 τὰς

2099 2007 2311 2078 ἡμέρας
2355 2007 2456 2078 τῆς
2507 2005 2654 2078 ζωῆς
2701 2027 2801 2079 μου
2833 2010 2939 2063 ὑπὸ
2985 2009 3078 2064 τοῦ
3126 2010 3220 2063 σοῦ
3265 2010 3467 2075 ἐλέους.
3515 2010 3687 2066 Τοῦτο

2098 2098 2230 2167 γοῦν
2259 2099 2320 2152 τὸ
2358 2099 2448 2152 σὸν
2476 2098 2625 2164 ἔλεος
2648 2103 2745 2154 καὶ
2785 2103 2922 2173 αὐτή
2964 2119 3060 2156 σου
3091 2103 3124 2173 ή
3176 2103 3338 2175 χάρις
3375 2102 3683 2175 κατηξίωσέ

2103 2207 2170 2260 με
2203 2192 2517 2262 οἰκητήριον
2557 2193 2861 2264 κτήσασθαι
2890 2195 2982 2248 τὸν
3019 2196 3110 2250 σὸν
3137 2192 3284 2249 οἷκον
3326 2198 3418 2250 καὶ¹
3447 2195 3546 2268 τὴν
3585 2197 3685 2267 σὴν

2112 2281 2468 2354 Ἐκκλησίαν·
2513 2285 2642 2338 ἔνθα
2685 2286 2785 2350 τὰς
2831 2287 3114 2360 διατριϐὰς
3157 2290 3475 2360 ποιούμενος
3505 2290 3581 2354 ὡς
3626 2291 3684 2342 έν

2097 2373 2233 2444 οἴκῳ
2253 2373 2413 2440 Θεοῦ,
2441 2377 2572 2448 ἱερῷ
2599 2379 2694 2432 καὶ
2722 2375 2861 2449 ἁγίῳ
2887 2377 3020 2450 ναῷ,
3044 2380 3383 2451 μακράτητος
3404 2382 3512 2435 τῶν
3536 2382 3687 2454 παρὰ

2101 2467 2186 2519 σοὶ
2213 2468 2436 2540 ἡμερῶν
2465 2469 2559 2523 καὶ
2589 2468 2735 2540 ζωῆς
2763 2471 2982 2524 αἰωνίου
3012 2469 3290 2542 τεύξομαι.
3315 2472 3388 2524 Τὸ
3412 2471 3520 2544 γὰρ
3553 2488 3681 2527 κατ-

2099 2561 2272 2610 οικεῖν
2318 2576 2386 2630 με
2417 2563 2476 2613 ὲν
2520 2560 2600 2630 τῷ
2631 2560 2708 2632 σῷ
2736 2561 2898 2634 οίκῳ,
2931 2563 3025 2616 καὶ
3085 2563 3352 2635 μηδέποτε
3395 2562 3560 2618 αὐτοῦ
3599 2564 3688 2630 ἐξ·

2103 2651 2350 2706 ίστασοαι
2379 2654 2515 2725 μηδὲ
2540 2655 2844 2720 ἀπονεύειν,
2871 2657 2958 2709 ἀεὶ
2979 2655 3034 2708 δὲ
3061 2656 3192 2709 είσω
3205 2655 3503 2727 περιϐόλων
3527 2657 3690 2728 ἱερῶν

2099 2733 2200 2810 τὰς
2229 2745 2512 2818 διατριϐὰς
2544 2747 2834 2805 ποιεῖσθαι.
2861 2746 3035 2802 ταῦτά
3067 2765 3158 2819 μοι
3185 2748 3334 2802 αἴτια
3366 2749 3688 2821 γενήσεσθαι

2101 2839 2344 2894 πιστεύω
2375 2840 2718 2912 μακρότητος
2756 2840 2980 2913 ⁴ἡμερῶν
3009 2841 3118 2894 τῶν
3151 2843 3214 2896 ὲκ
3253 2842 3347 2896 τοῦ
3381 2842 3474 2896 σοῦ
3513 2843 3692 2913 φωτὸς

2101 2933 2506 3004 ὑφισταμένων.
2543 2934 2689 2988 Ἀντὶ
2716 2934 2773 2987 δὲ
2806 2934 2922 2998 τοῦ,
2952 2937 3040 3002 εις
3066 2939 3406 3004 μακρότητα
3435 2936 3690 3006 ἡμερῶν,

2100 3027 2189 3090 εις
2239 3023 2435 3094 μῆκος
2477 3027 2705 3094 χρόνου
2757 3028 2787 3079 ὁ
2832 3026 3126 3097 Σύμμαχος
3173 3029 3485 3098 ἡρμήνευσε
3514 3069 3529 3092 ,
3593 3028 3690 3099 τῆς

2104 3115 2246 3170 κατὰ
2274 3116 2366 3170 τὸν
2397 3115 2531 3170 Θεὸν
2557 3116 2704 3187 ζωῆς
2737 3117 2799 3170 τὸ
2841 3118 3069 3190 ἄπειρον
3097 3119 3194 3171 καὶ
3223 3117 3488 3172 ἀθάνατον
3515 3123 3692 3190 σημη-

2104 3226 2223 3272 νας.

2465 3322 2759 3376 ΨΑΛΜΟΣ
2805 3321 2891 3376 ΤΩ
2951 3324 3150 3378 ΔΑΥΙΔ
3211 3325 3336 3380 ΚΡ.

2119 3435 2222 3490 Ἔν
2251 3435 2437 3504 ἐνίοις
2475 3436 2860 3508 ἀντιγράφοις
2906 3433 3107 3505 εὖρον
3176 3457 3193 3490 ι
3229 3437 3344 3506 Τῆς
3383 3438 3524 3508 μιᾶς
3576 3438 3695 3495 τῶν

2649 3507 2965 3561 Σαϐϐάτων
2989 3511 3086 3579 (Ι).
3103 3530 3120 3561 ο

2183 3620 2292 3674 Τοῦ
2316 3622 2538 3689 Κυρίου
2585 3623 2624 3689 ἠ
2677 3620 2753 3691 τῆ
2785 3623 2884 3676 καὶ
2939 3622 3006 3675 τὸ
3047 3623 3341 3693 πλήρωμα
3403 3623 3614 3691 αὐτῆς,
3653 3624 3694 3691 ἡ

2105 3713 2422 3784 οἰκουμένη
2453 3716 2551 3768 καὶ
2587 3713 2809 3780 πάντες
2837 3719 2891 3770 οἱ
2955 3716 3376 3784 κατοικοῦντες
3400 3718 3470 3771 ἐν
3513 3715 3694 3786 αὐτῇ.

2092 3808 2298 3874 ,Αὐτὸς
2327 3806 2428 3860 ἐπὶ
2461 3807 2795 3863 θαλασσῶν
2817 3809 3214 3878 ἑθεμελίωσεν
3235 3810 3449 3878 αὐτὴν,
3479 3811 3574 3864 καὶ
3599 3810 3699 3864 ἐπὶ

2104 3901 2388 3968 ποταμῶν
2407 3902 2738 3970 ἡτοίμασεν
2755 3899 2968 3968 αὐτήν.
2991 3902 3054 3954 Ei
3075 3901 3149 3972 μὴ
3175 3901 3288 3974 γὰρ
3312 3902 3483 3970 Λόγος
3504 3903 3698 3966 αὐτῆς.

2105 3996 2291 4066 φησὶν,
2327 3996 2612 4049 ἐπεστάτει
2642 3995 2805 4061 θεῖος,
2839 3995 2932 4049 καὶ
2979 3999 3028 4049 εἰ
3069 3995 3145 4066 μὴ
3196 3995 3360 4062 σοφία
3401 3995 3536 4047 Θεοῦ
3570 3997 3696 4048 τοῖιν

2103 4106 2194 4142 τον
2226 4064 2395 4160 αῦτὴν
2418 4087 2806 4160 τεθεμελιὼκει
2848 4089 2939 4141 τὸν
2986 4089 3206 4158 τρόπον,
3243 4085 3411 4139 πάλαι
3444 4079 3532 4139 ’ἂν
3593 4104 3696 4156 φυ-

2106 4182 2242 4253 σικῷ
2272 4181 2427 4254 βάρει
2461 4182 2612 4236 κάτω
2643 4199 2748 4235 που
2774 4180 3052 4252 φερομένη
3111 4178 3252 4232 κατὰ
3292 4178 3469 4250 βυθῶν
3521 4197 3696 4251 κεχω-

2110 4277 2286 4347 ρήκει.
2334 4275 2476 4327 Ἀλλ’
2499 4270 2568 4345 ἦν
2591 4274 2698 4345 ἄρα
2720 4273 2985 4343 κρείττων
3018 4271 3191 4341 αὐτῆς
3223 4273 3255 4343 ἡ
3283 4272 3698 4345 θαυματουργδς

2105 4367 2199 4419 καὶ
2226 4363 2660 4437 παραδοξοποιὺς
2680 4362 2773 4416 τοῦ
2805 4361 2910 4414 τῶν
2961 4361 3098 4415 ὅλων
3138 4362 3343 4435 Κυρίου
3375 4363 3627 4436 δύναμις,
3661 4364 3697 4435 ἦ

2106 4459 2198 4512 τὸν
2224 4457 2477 4510 τοσοῦτον
2502 4455 2665 4524 ὄγκον
2723 4454 2816 4506 καὶ
2863 4452 2922 4506 τὸ
2968 4451 3220 4508 τοσοῦτον
3278 4453 3381 4524 τῆς
3423 4454 3529 4524 γῆς
3558 4453 3698 4526 πλή-

416 4542 752 4597 bitatoribus
782 4541 926 4610 ejus.
960 4540 1251 4595 sublimem
1295 4541 1402 4612 agi,
1449 4551 1502 4596 et
1535 4557 1804 4612 aquarum
1835 4543 1998 4597 dorso

2114 4567 2294 4622 ρωμα,
2318 4549 2449 4621 ὅλην
2473 4565 2531 4600 τε
2559 4547 2659 4617 τὴν
2689 4545 3014 4616 οἰκουμένην
3043 4545 3286 4610 καὶτοὺς
3306 4545 3698 4609 κατοικοῦντας

420 4634 626 4705 imponi
657 4634 1002 4690 decreverat.
1064 4631 1410 4704 Quapropter
1447 4636 1577 4702 ipse,
1612 4634 1812 4704 inquit,
1844 4651 2002 4705 super

419 4726 595 4778 maria
623 4723 866 4793 fundavit
897 4739 1037 4778 eum.
1091 4721 1280 4793 Neque
1308 4725 1452 4779 enim
1492 4725 1608 4795 ipsa
1645 4733 1789 4780 terra
1818 4727 2001 4796 gravis

417 4823 472 4870 ct
502 4815 824 4881 inanimata,
858 4833 981 4872 sese
1005 4832 1172 4888 supra
1195 4819 1424 4889 abyssos
1457 4819 1854 4887 consolidavit;
1905 4820 2000 4876 sed

418 4906 663 4961 omnium
698 4907 880 4978 opifex
913 4907 1008 4964 Dei
1054 4908 1250 4975 Filius,
1306 4911 1400 4981 qui
1450 4911 1686 4967 solidum
1724 4928 2000 4984 grachue

417 5005 580 5052 terrae
621 4997 974 5066 elementum,
1013 5001 1198 5056 divina
1248 5003 1551 5068 creatione,
1609 5020 1777 5074 supra
1831 5005 2002 5058 maris

416 5087 584 5145 dorsa
639 5087 773 5146 ferri
813 5092 1010 5158 voluit,
1073 5109 1138 5148 ac
1197 5109 1367 5164 supra
1422 5094 1703 5150 humidam
1746 5104 2001 5150 naturam

417 5182 708 5249 constitui,
762 5184 1130 5256 atqueipsam
1184 5185 1290 5239 hoc
1339 5186 1502 5241 modo
1542 5185 1811 5242 fundavit.
1846 5187 2001 5242 Alio-

421 5288 526 5342 que
556 5276 923 5331 ratiocinandi
961 5278 1090 5344 ritu,
1123 5286 1325 5334 terram
1364 5294 1474 5333 non
1507 5294 1607 5333 sua
1641 5288 1836 5349 sponte
1868 5280 2004 5336 sub-

422 5367 630 5424 stitisse
665 5369 845 5433 docet,
892 5387 1070 5441 neque
1126 5382 1275 5428 sorte
1315 5373 1552 5442 quadam
1610 5375 1903 5429 temeraria
1938 5390 2002 5428 ac

424 5460 803 5527 irrationabili,
839 5465 932 5517 tali
967 5465 1207 5536 undique
1236 5466 1410 5521 forma
1443 5468 1792 5523 instructam.
1818 5467 2002 5532 Quare

424 5553 667 5624 subjicit,
698 5566 746 5610 et
774 5573 930 5626 super
947 5557 1178 5626 ﬂumina
1207 5563 1524 5632 praeparavit
1576 5577 1714 5616 eum.
1754 5558 1810 5615 Si
1847 5575 2001 5613 nam-

493 5782 569 5854 ίὲ)
605 5782 776 5850 Alius,
814 5786 1207 5857 μεγαλουργίᾳ.

2112 4643 2281 4714 αὐτὴν
2316 4643 2428 4696 ἄνω
2483 4640 2748 4714 φέρεσθαι
2798 4639 3070 4711 μετέωρον
3105 4640 3245 4710 ὑπὲρ
3284 4639 3350 4693 τὰ
3402 4640 3548 4693 νῶτα
3589 4640 3698 4694 τῶν

2112 4737 2320 4790 ὑδάτων
2383 4734 2726 4804 βεϐούληται.
2783 4733 2897 4798 Διὸ,
2952 4732 3139 4798 αὐτὸς
3191 4733 3292 4786 ἐπὶ
3368 4730 3700 4787 θαλασσῶν

2109 4828 2507 4898 ἑθεμελίωσεν
2538 4823 2755 4892 αὐτὴν,
2784 4824 3024 4896 εἴρηται.
3060 4823 3136 4875 Οὐ
3169 4821 3278 4892 γὰρ
3311 4820 3449 4892 αὐτὴ
3499 4821 3699 4893 ἑαυτὴν

2099 4925 2133 4992 ὴ
2174 4920 2366 4990 βαρεῖα
2393 4917 2488 4970 καὶ
2520 4916 2728 4987 ἄψυχος
2759 4918 2832 4986 γῆ
2867 4915 2961 4966 ἐπὶ
2993 4912 3103 4966 τῶν
3153 4912 3332 4983 βυθῶν
3393 4911 3698 4984 ἐστήριξεν,

2102 5010 2218 5066 ἀλλ’
2252 5012 2281 5062 ὁ
2305 5009 2523 5062 πάντων
2580 5005 2912 5079 δημιουργὸς
2970 5006 3000 5058 ὁ
3056 5002 3150 5056 τοῦ
3178 5001 3313 5056 Θεοῦ
3359 5002 3506 5069 Υἱὸς,
3556 5003 3614 5067 ὃς
3640 5003 3700 5056 τὸ

2105 5102 2425 5173 στερέμνιον
2469 5099 2564 5153 καὶ
2595 5098 2734 5169 βαρὺ
2764 5098 2866 5166 τῆς
2917 5097 3022 5167 γῆς
3079 5097 3340 5166 στοιχεῖον
3401 5095 3555 5166 θεῖκῇ
3607 5095 3702 5165 δη-

2111 5195 2370 5268 μιουργίᾳ
2426 5193 2502 5263 (2)
2559 5193 2702 5262 ὑπὲρ
2747 5189 2937 5244 νώτων
2983 5189 3227 5260 ὀχεῖσθαι
3279 5188 3556 5260 θαλάσσης
3606 5189 3698 5240 καὶ

2108 5283 2362 5355 ὑπεράνω
2387 5283 2485 5353 τῆς
2531 5282 2705 5353 ύγρᾶς
2736 5279 2953 5349 φύσεως
2988 5280 3209 5333 ἑστάναι
3255 5277 3560 5349 βουληθεὶς,
3605 5279 3698 5330 καὶ

2104 5376 2291 5432 τοῦτον
2326 5376 2495 5447 αὐτὴν
2525 5375 2863 5446 θεμελιώσας
2895 5373 2986 5426 τὸν
3015 5372 3236 5446 τρόπον.
3264 5370 3375 5424 Καὶ
3415 5369 3538 5423 καθ’
3575 5369 3694 5422 ἓτε-

2110 5487 2197 5540 ρον
2223 5468 2279 5521 δὲ
2310 5468 2569 5539 λογισμὸν
2600 5467 2894 5538 παρίστησι
2924 5466 2985 5520 τὸ
3015 5466 3090 5536 μὴ
3131 5463 3435 5534 αὐτόματον
3457 5461 3692 5533 ὑποστῆ-

2106 5579 2192 5614 ναι
2220 5561 2319 5631 τὴν
2351 5560 2475 5629 γῆν,
2503 5559 2636 5630 μηδὲ
2683 5559 2757 5621 ὡς
2802 5559 3010 5629 ἔτυχεν,
3063 5557 3184 5626 εἰκῆ
3221 5556 3314 5610 καὶ
3348 5556 3581 5626 ἀλόγως,
3631 5554 3697 5609 τὸ

498 5712 575 5844 (Ὗ
590 5711 832 5783 Idipsum
857 5727 1038 5770 monet
1061 5715 1456 5776 Theodorctus.
1493 5719 1550 5774 In
1585 5718 1856 5776 Hebrairo
1875 5718 2174 5790 exemplari
2208 5717 2345 5773 nihil
2378 5718 2443 5773 de
2480 5715 2736 5772 Sabbato.

498 5782 549 5844 [2
605 5784 776 5844 Alius.
814 5786 1207 5844 μεγαλουργίᾳ.
