4100 6422
431 358 532 413 221

1611 359 2121 416 COMMENTARIA
2159 361 2228 416 IN
2267 359 2614 417 PSALMOS.

3584 367 3697 424 222

428 473 672 529 τοιοῦτον
712 475 848 548 αὐτῇ
900 477 1324 550 περιϐεϐλῆσθαι
1357 477 1562 549 σχῆμα·
1616 478 1698 532 διὸ
1749 479 2011 549 ἐπιλέγει·

2121 495 2227 550 que
2258 487 2370 534 tota
2402 489 2457 535 et
2491 481 2545 534 in
2603 479 2863 536 omnibus
2890 481 2976 536 sui
3009 481 3282 552 partibus,
3325 472 3444 538 laevi
3466 485 3698 555 aequabi-

431 567 540 619 Καὶ
576 567 675 620 ἐπὶ
723 568 1003 639 ποταμῶν
1055 571 1386 639 ἡτοίμασεν
1429 569 1643 638 αὐτήν.
1685 572 1748 624 Ei
1785 572 1883 642 μὲν
1910 572 2019 643 γὰρ

433 659 528 729 ὅλη
556 660 624 713 δι’
656 659 778 714 ὅλου
804 660 924 715 λεία
948 662 1043 715 καὶ
1069 663 1247 734 ὁμαλὴ
1309 661 1450 716 κατά
1497 662 1598 734 τὴν
1654 665 1888 735 σφαῖραν
1909 664 2018 716 τῶν

444 749 709 822 Ἐλλήνων
731 752 996 824 ὑπῆρχεν,
1030 753 1130 807 οὐκ
1179 754 1243 809 ἄν
1276 771 1405 822 ποτε
1448 755 1548 826 τῆς
1593 754 1699 807 τῶν
1758 755 2018 826 ποταμῶν

437 845 744 912 συστάσεως
785 849 1006 922 δεκτικὴ
1041 851 1306 921 ἐγεγόνει·
1358 852 1468 904 οὐδ’
1497 850 1562 906 ἂν
1613 853 1693 916 είς
1741 853 2017 924 γεωργίαν

434 939 734 1011 ἐπιτηδεία,
781 942 1080 1014 ἐκρεόντων
1133 944 1507 1014 ἁπανταχόθεν
1555 945 1666 998 τῶν
1718 949 1798 1009 εἰς
1846 947 2015 1018 αὐτὴν

435 1031 747 1102 φερομένων
779 1033 1023 1105 ὄμϐρων·
1049 1035 1125 1099 ὡς
1175 1034 1242 1090 αὖ
1270 1037 1432 1089 πάλιν
1461 1038 1526 1091 ἐκ
1549 1035 1643 1089 τοῦ
1667 1039 1932 1105 ἐναντίου,
1965 1040 2016 1092 εί

434 1121 573 1189 πλάξ
605 1119 675 1194 ἦν
709 1125 806 1195 μία
853 1126 1149 1200 ἡπλωμένη
1196 1129 1288 1182 καὶ
1341 1130 1596 1201 ἀνειμένη
1635 1131 1713 1193 είς
1760 1131 2016 1195 πεδιάδας

430 1213 637 1287 χώρας,
671 1216 781 1270 οὐδ’
816 1216 990 1280 οὕτως
1039 1219 1371 1290 συνέστησαν
1412 1221 1470 1275 ὲν
1506 1222 1642 1293 αύτῇ
1675 1221 1930 1292 ποταμοί·
1965 1223 2019 1275 οἵ

430 1308 477 1360 τ’
505 1307 565 1374 ἐξ
591 1309 833 1363 ἀεννάων
864 1311 1054 1381 πηγῶν
1101 1312 1410 1383 φερόμενοι,
1441 1314 1496 1366 οἵ
1523 1330 1583 1367 τε
1604 1314 1668 1366 ὲκ
1697 1312 1804 1367 τῶν
1830 1330 2016 1384 χειμε-

435 1399 595 1472 ρινῶν
617 1401 838 1472 ὄμϐρων
890 1404 1287 1474 συνιστάμενοι·
1317 1405 1481 1459 πάλαι
1518 1405 1564 1458 δ’
1594 1404 1661 1458 ἂν
1689 1405 2015 1459 ὲπικλύσαν-

432 1512 522 1558 τες
549 1497 748 1561 πᾶσαν,
777 1493 901 1549 οὔτε
942 1497 1273 1570 σπέρμασιν,
1305 1497 1427 1552 οὕτε
1452 1503 1660 1570 φυτοῖς,
1690 1498 1814 1553 οὔτε
1840 1518 2016 1572 γεωρο

431 1587 580 1655 γίαις
603 1589 914 1660 ἐπιτηδείαν
947 1590 1114 1663 αὐτὴν
1162 1594 1441 1663 παρεῖχον·
1501 1591 1617 1645 ἀλλ’
1665 1593 1785 1646 οὐδὲ
1831 1593 2016 1657 αὐτοῖς

431 1681 546 1743 τοῖς
582 1680 893 1753 οἰκήτορσιν
938 1683 1150 1752 γεγόνει
1201 1683 1268 1737 ἂν
1299 1685 1587 1756 χρήσιμος,
1649 1686 1867 1741 πάντων
1897 1689 2015 1740 ἐπι-

432 1771 778 1845 κλυζομένων
822 1775 918 1827 καὶ
955 1776 1414 1847 κατασυρομένων
1471 1776 1577 1830 ὑπὸ
1619 1778 1719 1850 τῆς
1749 1777 1856 1832 τῶν
1886 1779 2014 1833 ὑδά-

428 1883 536 1920 των
567 1865 926 1940 πλημμύρας.
965 1865 1149 1920 Ταῦτα
1179 1857 1276 1938 μέν
1305 1865 1399 1922 οὖν
1436 1864 1526 1940 ἦν,
1561 1871 1610 1923 εἰ
1637 1870 1711 1942 μὴ
1746 1871 1903 1941 λόγος
1933 1888 2016 1936 τις

429 1955 819 2027 δημιουργικὸς
853 1958 949 2010 καὶ
974 1955 1109 2012 Θεοῦ
1139 1958 1299 2027 σοφία.
1334 1960 1594 2030 τεχνικῶς
1648 1960 1785 2032 αὐτῇ
1817 1961 2015 2014 τοιόνδε

434 2048 622 2118 σχῆμα
659 2047 1070 2120 περιϐεϐλήκει·
1115 2049 1232 2104 νυνὶ
1265 2049 1322 2104 δὲ
1374 2050 1548 2115 οὕτως
1578 2053 2014 2123 κατεσκευάσθη,

428 2139 503 2203 ῶς
534 2141 613 2204 είς
645 2139 747 2212 ὅρη
779 2140 871 2195 καὶ
925 2140 1124 2207 νάπας,
1181 2140 1402 2212 βουνούς
1464 2159 1524 2195 τε
1580 2144 1675 2197 καὶ
1725 2144 2016 2215 φάραγγας

429 2231 850 2303 ἐσχηματίσθαι·
869 2233 943 2296 ὡς
970 2233 1064 2285 καὶ
1089 2235 1366 2305 ποταμοὺς
1392 2233 1492 2298 τὰς
1521 2235 1731 2291 ἑαυτῶν
1751 2237 2014 2303 διεξόδους

429 2321 724 2387 ἀκωλύτως
749 2323 1040 2377 ’ποιεῖσθαι⁸
1073 2323 1173 2396 ὅρη
1200 2341 1258 2376 τε
1286 2325 1380 2378 καὶ
1410 2324 1548 2397 ἄλση
1569 2327 1662 2381 καὶ
1691 2327 1832 2398 φυτά
1855 2327 2015 2394 ζώοις

428 2414 817 2487 ἀπονέμεσθαι·
858 2415 1041 2489 χώρας
1073 2433 1134 2469 τε
1163 2417 1258 2470 καὶ
1281 2417 1537 2483 πεδιάδας
1555 2421 1636 2484 είς
1653 2421 1898 2493 οἰκήσεις
1921 2423 2015 2478 καὶ

427 2509 698 2581 γεωργίας
724 2508 1033 2581 ἀνθρώποις
1080 2508 1408 2582 ἀφωρίσθαι.
1452 2509 1549 2575 Τίς
1591 2513 1772 2568 τοίνυν
1821 2516 1922 2569 οὐκ
1949 2515 2014 2570 ἂν

426 2602 814 2674 ὁμολογήσειεν
833 2601 1051 2672 ἀληθῶς
1073 2601 1243 2672 σοφῆς
1263 2599 1402 2656 εἶναι
1428 2607 1771 2677 προμηθείας
1803 2607 1976 2662 ταῦτα
1997 2625 2012 2674 ;

424 2695 483 2766 ἢ,
522 2694 869 2767 προλαϐοῦσα
898 2695 959 2750 τὸ
1009 2697 1201 2768 μέλλον
1247 2700 1354 2771 πρὸ
1405 2699 1498 2752 τοῦ
1526 2697 1893 2771 πληρώματος
1918 2701 2015 2771 τῆς

426 2787 552 2857 γῆς,
589 2788 684 2841 καὶ
717 2789 823 2861 πρὸ
851 2789 947 2842 τού
979 2791 1243 2860 συστῆναι
1276 2792 1343 2844 τὰ
1372 2793 1430 2843 ὲν
1477 2792 1640 2861 αὐτῇ,
1683 2791 1892 2844 τοιάνδε
1920 2792 2016 2844 αὐ-

425 2878 524 2951 τὴν
551 2881 907 2951 ἐσχημάτισε,
935 2881 1257 2953 καταλλήλῳ
1286 2881 1688 2936 διαπλάττουσα
1717 2882 1894 2953 τύπῳ,
1939 2883 2016 2947 ὡς

428 2972 494 3026 ἂν
520 2976 633 3037 τοῖς
657 2975 790 3028 πᾶσι
812 2974 1020 3044 γένοιτο
1047 2974 1346 3045 ἐπιτηδεία.
1372 2974 1792 3045 Μυστικῶτερον
1816 2975 1873 3029 δὲ
1922 2975 2015 3030 τοῦ

427 3064 634 3134 Κυρίου
658 3065 882 3135 γέγονεν
905 3067 938 3136 ἠ
968 3065 1062 3136 γῆ.

501 3160 598 3226 Τίς
626 3159 992 3226 ἀναϐήσεται
1049 3161 1139 3226 εὶς
1176 3159 1244 3212 τὸ
1290 3159 1430 3228 ὄρος
1494 3159 1602 3214 τοῦ
1662 3161 1929 3230 Κυρίου;
1974 3161 2014 3232 ἢ
2042 3191 2084 3249 c

425 3251 516 3318 τίς
543 3252 834 3322 στήσεται
889 3253 960 3308 ἐν
1008 3253 1168 3321 τόπῳ
1226 3253 1373 3323 ἁγίῳ
1424 3253 1644 3315 αὐτούς
1691 3254 1751 3307 τὺ
1798 3253 2012 3310 τελικὸν

423 3345 626 3414 ἀγαθὸν
667 3346 762 3399 καὶ
791 3346 880 3399 τὸν
913 3345 1046 3399 Θεὸν
1079 3346 1251 3415 Λόγον
1283 3345 1523 3410 λεκτέον,
1557 3345 1642 3415 ἐφ’
1674 3345 1702 3396 ὅ
1730 3345 2009 3402 ἀναϐαίνει

422 3439 451 3488 ὁ
479 3437 564 3491 διὰ
597 3439 878 3510 προκοπῆς
928 3439 1020 3493 ἐπὶ
1073 3439 1171 3512 τὴν
1223 3438 1534 3510 ἀκρώρειαν
1591 3438 1753 3492 αὐτοῦ
1805 3439 2008 3509 φθάσαι

422 3531 764 3604 γλιχόμενος.
801 3533 1033 3597 Σπάνιος
1061 3532 1120 3586 δὲ
1149 3533 1178 3584 ὁ
1229 3530 1494 3595 τοιοῦτος·
1530 3529 1611 3582 διὸ
1633 3530 1866 3602 εἴρηται·
1914 3534 2009 3599 Τίς

422 3623 786 3690 ἀναϐήσεται
806 3626 893 3690 είς
919 3625 997 3677 τὸν
1021 3623 1159 3692 ὄρος
1181 3622 1287 3676 τοῦ
1325 3621 1582 3689 Κυρίου;
1605 3619 1641 3689 ἣ
1670 3621 1761 3687 τίς
1783 3623 2006 3690 στήσε-

424 3736 518 3772 ται
551 3719 620 3773 ἐν
658 3721 819 3786 τόπῳ
836 3719 982 3788 ἁγιῳ
1013 3717 1234 3783 aurai};

507 3809 713 3876 Ὰθῶος
759 3812 932 3880 χερσὶ
977 3810 1076 3864 καὶ
1117 3813 1377 3881 καθαρὸς
1410 3813 1487 3882 τῇ
1535 3816 1770 3884 καρδίᾳ,
1805 3815 1873 3881 ὃς
1896 3817 2007 3869 οὐκ

421 3903 640 3958 ἐίαϐεν
666 3903 766 3958 ἐπὶ
812 3904 1043 3973 ματαίῳ
1073 3903 1191 3973 τὴν
1249 3905 1464 3976 ψυχὴν
1490 3908 1697 3970 αὐτοῦ,
1750 3906 1848 3960 καί
1895 3910 2007 3962 οὐκ

423 3995 662 4064 ὤμοσεν
689 3996 787 4049 ἐπὶ
819 3995 980 4060 δόλῳ
1013 3995 1093 4062 τῷ
1121 3997 1393 4065 πλησίον
1413 3998 1620 4053 αὐτοῦ.
1654 3995 1843 4066 Οὗτος
1893 3998 2004 4067 λή-

426 4089 602 4155 ψεται
645 4085 932 4156 εὐλογίαν
959 4086 1118 4154 παρὰ
1149 4087 1403 4156 Κυρίου,
1438 4087 1539 4142 καί
1587 4087 2007 4158 ἐλεημοσύνην

424 4179 587 4248 παρά
635 4179 783 4234 Θεοῦ
846 4177 1118 4248 σωτῆρος
1164 4178 1372 4234 αὑτοῦ.
1426 4180 1585 4249 Αὕτη
1623 4182 1662 4249 η
1708 4180 1883 4251 γενεὰ
1910 4180 2005 4248 ζη-

423 4270 691 4325 τούντων
732 4269 917 4324 αὐτόν
940 4309 954 4334 ,
1017 4266 1348 4338 ζητούντων
1411 4271 1478 4326 τὸ
1524 4272 1844 4340 πρόσωπον
1899 4273 2005 4327 τοῦ

429 4360 577 4415 Θεοῦ
636 4359 860 4416 Ἰακώϐ.
930 4360 1264 4431 Διάψαλμα.
1318 4363 1523 4430 ’Ἄρατε
1561 4365 1780 4430 πύλας,
1830 4366 1884 4418 οἱ
1911 4362 2006 4432 ἅρ-

428 4469 662 4520 χοντες,
685 4453 874 4522 ὑμῶν,
911 4451 1012 4505 καί
1043 4451 1361 4520 ἐπάρθητε,
1394 4454 1584 4507 πύλαι
1628 4453 1878 4518 αὶώνιοι,
1906 4453 2006 4508 καὶ

425 4546 834 4601 εἰσελεύσεται
873 4548 907 4600 ό
951 4546 1252 4612 ,βασιλεὺς
1281 4545 1394 4616 τῆς
1431 4546 1636 4616 δόξης.
1693 4549 1787 4615 Τίς
1838 4549 2010 4605 ἐστιν
2039 4553 2084 4608 D

427 4631 605 4702 οὗτος
633 4638 666 4690 ὀ
691 4635 992 4702 ,ϐασιλεὺς
1037 4636 1148 4705 τῆς
1198 4636 1420 4705 δόξης;
1468 4639 1684 4706 Κύριος
1731 4639 2008 4707 κραταιὸς

426 4729 528 4783 καὶ
548 4728 827 4795 δυνατὸς,
858 4730 1074 4798 Κύριος
1113 4727 1373 4796 δυνατὸς
1425 4729 1495 4784 ἐν
1541 4731 1802 4800 πολέμῳ.
1849 4733 2008 4796 Ἴσως

424 4819 483 4872 δὲ
508 4819 596 4874 διὰ
623 4823 724 4892 τῆς
751 4819 999 4884 πεύσεως
1027 4820 1121 4874 καὶ
1156 4821 1500 4892 ἀποκρίσεως
1527 4821 1835 4876 διδάσκουσι
1869 4822 2006 4876 πάν-

425 4929 526 4977 τας
582 4911 904 4987 ἀνθρώπους
940 4912 1038 4985 τὴν
1087 4913 1404 4967 δεσποτείαν
1455 4912 1550 4966 τοῦ
1613 4914 1818 4987 Κυρίου
1847 4914 2007 4986 ἡμῶν

439 5003 616 5076 ’ἰησοῦ
647 5003 903 5077 Χριστοῦ·
933 5005 987 5057 εί
1015 5021 1079 5074 γε
1107 5005 1191 5067 τίς
1222 5004 1266 5057 δ’
1296 5005 1381 5076 οἵῃ
1427 5004 1631 5069 ταύτας
1662 5006 1736 5076 μὴ
1772 5006 2004 5074 ἀγνοεῖν.

426 5097 583 5161 Τινὲς
607 5096 782 5168 δὲτὴν
802 5096 1058 5170 δευτέραν
1103 5096 1295 5151 πεῦσιν
1329 5098 1422 5151 καὶ
1452 5097 1762 5170 ἀπόκρισιν,
1797 5099 1858 5151 ού
1889 5101 2008 5163 ταῖς

426 5190 507 5243 ἔτι
544 5191 801 5260 ἀνωτέρω
848 5189 1140 5261 δυνάμεσιν
1171 5189 1423 5261 εἰρῆσθαι
1477 5191 1658 5257 φασὶν,
1700 5189 1837 5244 ἀλλά
1888 5192 2007 5254 ταῖς

428 5283 636 5344 αὐταῖς.
679 5282 752 5334 Τό
779 5297 839 5333 τε
872 5281 1151 5352 διάψαλμα
1173 5282 1278 5353 πρὸ
1297 5281 1413 5334 τοῦ·
1448 5282 1653 5349 Ἄρατε
1682 5282 1901 5347 πύλας,
1953 5285 2006 5336 οἱ

426 5374 736 5444 ἄρχοντες,
774 5371 962 5442 ὑμῶν,
989 5373 1261 5444 κείμενον,
1286 5373 1385 5443 τῆς
1421 5371 1684 5443 μελῳδίας
1738 5371 1878 5424 ἔοικε
1909 5389 2006 5442 με-

425 5466 657 5537 ταϐολὴν
681 5463 1030 5535 πεποιῆσθαι·
1063 5465 1184 5518 ἐπεὶ
1237 5465 1333 5518 καὶ
1389 5463 1491 5534 τῆς
1547 5463 1786 5527 διανοίας
1814 5463 2003 5529 αὐτῆς.

439 5559 526 5615 Ἐν
551 5558 607 5620 δὲ
631 5556 710 5630 τῷ
733 5557 913 5627 λέγειν
938 5555 1338 5610 εἰσελεύσεσθαι
1359 5557 1542 5620 αὐτὸν,
1580 5553 1881 5626 λεληθότως
1914 5557 2006 5609 καὶ

428 5649 603 5718 ἔξοδον
636 5649 799 5703 αὑτοῦ
858 5647 1095 5720 ᾐνίξατο.
1122 5643 1234 5701 Εἶτ’
1281 5649 1404 5701 ἐπεὶ
1441 5647 1517 5719 μὴ
1574 5647 1732 5717 μόνος
1775 5645 2005 5719 ἤμελλεν

428 5743 650 5795 εἰσιέναι
677 5745 755 5805 εἰς
801 5742 899 5813 τὴν
924 5740 1089 5795 αὐτοῦ
1153 5741 1453 5812 βασιλείαν,
1507 5741 1686 5805 πάσας
1733 5740 2005 5794 ἀναπετα-

432 5835 620 5908 σθῆναι
650 5833 746 5900 τὰς
773 5835 944 5901 πύλας
972 5839 1000 5890 ὁ
1048 5836 1204 5906 λόγος
1250 5834 1674 5908 παρακελεύεται
1734 5833 1822 5890 διὰ
1882 5834 2003 5900 τοὺς

2121 573 2268 643 lique
2302 574 2612 643 superﬁcie,
2645 573 2948 630 secundum
2981 574 3130 628 illam
3164 573 3479 630 Graecorum
3514 577 3696 646 sphae-

2118 680 2259 730 ram,
2297 664 2514 730 fuisset,
2559 682 2837 737 nunquam
2885 664 3170 723 fluminum
3209 670 3692 741 congregationem

2117 757 2464 822 admisisset;
2497 774 2672 828 neque
2701 759 3054 830 agricultura:
3093 769 3218 831 apta
3248 760 3412 826 foret,
3447 762 3697 818 diﬁluen-

2117 850 2272 906 tibus
2313 851 2677 921 undequaque
2718 851 2952 922 pluviis:
2995 861 3054 906 ut
3099 869 3130 908 e
3162 869 3433 909 converso
3468 856 3693 920 iterum,

2119 941 2164 997 si
2189 943 2351 1012 plana
2379 951 2549 1007 esset,
2577 959 2796 1014 unaque
2825 944 3168 1014 superﬁcies,
3214 953 3444 1002 extensa
3483 948 3539 1001 in
3579 947 3695 1016 pla-

2117 1035 2282 1089 nities
2343 1045 2398 1089 et
2433 1050 2636 1106 agros;
2679 1052 3024 1106 nequaquam
3077 1035 3302 1091 ﬁumina
3340 1052 3407 1093 ex
3441 1040 3696 1109 perenni-

2116 1125 2221 1181 bus
2278 1126 2523 1183 fontibus
2585 1129 2861 1183 manantia
2924 1129 3037 1184 illic
3091 1128 3454 1196 exsisterent;
3515 1144 3697 1199 neque

2115 1217 2267 1274 ﬁuvii
2295 1221 2388 1290 qui
2407 1237 2473 1275 ex
2499 1220 2746 1276 hibernis
2777 1221 3045 1278 imbribus
3065 1223 3420 1289 coalescunt;
3449 1222 3698 1292 sedjam-

2115 1312 2208 1367 diu
2244 1321 2414 1368 totam
2436 1323 2640 1369 terram
2666 1316 3049 1382 inundassent,
3079 1316 3154 1370 ita
3185 1323 3242 1370 ut
3271 1331 3449 1386 neque
3471 1315 3693 1378 sationi,

2115 1417 2296 1473 neque
2327 1404 2532 1474 plantis
2563 1415 2618 1460 et
2645 1407 2958 1470 arboribus,
2993 1423 3170 1477 neque
3202 1407 3555 1477 agricultura
3577 1407 3687 1461 ido-

2116 1505 2278 1544 neam
2330 1494 2659 1562 praeberent.
2715 1495 2902 1566 Neque
2960 1498 3079 1566 ipsa
3145 1497 3341 1551 incolis
3393 1497 3510 1553 suis
3567 1503 3694 1568 apta

2118 1583 2381 1652 utilisque
2428 1584 2648 1650 fuisset,
2700 1602 2824 1642 cum
2892 1603 3157 1658 aquarum
3211 1588 3450 1643 colluvie
3509 1589 3697 1643 omnia

2117 1678 2521 1734 inundarentur
2547 1695 2612 1734 ac
2635 1680 2961 1737 diﬁluerent.
3021 1681 3148 1737 Haec
3176 1697 3311 1738 sane
3337 1681 3694 1746 accidissent,

2120 1771 2231 1826 nisi
2276 1771 2504 1826 verbum
2556 1773 2853 1843 quodpiam
2906 1773 3084 1844 Opifcx
3134 1790 3344 1841 rerum,
3376 1790 3440 1829 ac
3468 1772 3566 1830 Dei
3599 1790 3692 1829 sa-

2116 1861 2344 1934 pientia,
2373 1863 2607 1917 artiﬁcio
2635 1878 2832 1934 magno
2856 1864 3018 1918 talem
3051 1864 3155 1934 ipsi
3182 1865 3427 1936 undique
3459 1864 3693 1920 formam

2118 1951 2430 2008 indidisset.
2461 1951 2578 2006 Jam
2604 1967 2736 2006 vero
2760 1954 2841 2008 sic
2874 1955 3179 2024 composita
3207 1963 3314 2019 est,
3350 1962 3411 2009 ut
3443 1955 3499 2009 in
3534 1970 3698 2009 mon-

2119 2051 2201 2100 tes
2230 2051 2284 2099 et
2318 2044 2510 2109 clivos,
2561 2037 2732 2100 colles
2761 2053 2816 2099 et
2861 2047 3030 2102 valles
3079 2046 3472 2111 distribuatur,
3523 2055 3698 2118 utque

2118 2137 2366 2202 ﬁumina,
2394 2139 2549 2194 nullo
2583 2139 2759 2205 obice,
2788 2155 2920 2195 suos
2941 2141 3044 2196 sibi
3068 2141 3251 2197 exitus
3280 2148 3510 2211 parent;
3542 2157 3696 2196 mon-

2115 2239 2221 2294 tes,
2257 2230 2409 2284 silvm
2461 2235 2515 2285 et
2553 2230 2781 2286 arbores
2807 2233 3138 2288 animalibus
3171 2233 3540 2303 deputentur;
3577 2232 3695 2304 agri

2115 2328 2172 2377 et
2202 2320 2461 2391 planities
2488 2313 2809 2378 hominibus
2832 2321 2901 2377 ad
2930 2322 3271 2378 domicilium
3299 2332 3353 2379 et
3390 2324 3696 2394 agricultu-

2115 2427 2233 2468 ram
2267 2411 2544 2468 destinata
2575 2415 2709 2469 sint.
2745 2413 2883 2482 Quis
2913 2429 3048 2486 ergo
3081 2430 3192 2470 non
3220 2415 3551 2471 conﬁteatur
3578 2416 3697 2471 haec

2115 2517 2145 2557 a
2195 2504 2426 2574 sapienti
2487 2505 2724 2575 quadam
2767 2506 3114 2577 providentia
3187 2507 3515 2579 proﬁcisci?
3563 2505 3698 2575 Quae

2117 2595 2302 2651 futura
2363 2598 2710 2668 prospiciens
2756 2607 3052 2670 antequam
3108 2601 3392 2670 plenitudo
3437 2609 3596 2656 terra:
3641 2609 3699 2656 et

2115 2703 2238 2759 quas
2281 2689 2336 2742 in
2367 2704 2432 2743 ca
2465 2696 2593 2744 sunt
2623 2689 3012 2753 consisterent,
3043 2691 3140 2745 tali
3173 2707 3294 2746 eam
3321 2692 3494 2747 forma
3526 2708 3694 2748 exor-

2116 2779 2287 2844 navit,
2318 2779 2752 2849 cnngruentibus
2774 2779 3092 2851 mutuisque
3131 2781 3279 2834 illam
3322 2782 3503 2836 modis
3536 2780 3698 2836 eﬁ'or-

2117 2883 2296 2934 mans,
2361 2875 2422 2923 ut
2480 2869 2738 2925 omnibus
2780 2870 3070 2925 commoda
3122 2871 3400 2927 evaderet.
3463 2871 3697 2944 Mystico

2118 2968 2300 3015 autem
2329 2975 2488 3016 more
2515 2961 2631 3017 haec
2660 2969 2809 3017 terra
2839 2961 3055 3017 Domini
3093 2961 3259 3018 fuerit
3314 2963 3400 3036 [ea
3428 2964 3694 3019 nimirum

2117 3067 2238 3123 qua:
2268 3068 2391 3107 mox
2428 3051 2729 3126 indicatur]
2743 3094 2757 3108 .

2189 3143 2359 3200 Vens.
2389 3146 2443 3200 5.
2487 3145 2620 3212 Quis
2649 3145 2894 3200 ascendet
2924 3147 2980 3199 in
3021 3155 3247 3201 montem
3290 3146 3552 3205 Domini?
3601 3158 3698 3206 aut

2117 3236 2233 3306 quis
2267 3236 2435 3290 stabit
2465 3237 2520 3289 in
2549 3235 2664 3290 loco
2692 3245 2877 3290 sancto
2901 3236 3054 3305 ejus?
3084 3235 3142 3291 Id
3185 3237 3253 3293 de
3285 3237 3696 3308 perfectobono

2119 3342 2182 3382 ac
2211 3327 2278 3382 de
2309 3325 2420 3382 Deo
2451 3325 2631 3382 Verbo
2687 3327 3093 3398 explicandum,
3147 3329 3217 3383 ad
3262 3330 3408 3400 quod
3448 3332 3696 3388 ascendit

2117 3418 2373 3488 quisquis
2405 3432 2736 3489 progressus
2779 3433 3047 3473 cacumen
3076 3419 3195 3490 ejus
3233 3421 3502 3491 attingere
3528 3437 3695 3493 expe-

2115 3511 2202 3565 tit.
2249 3509 2357 3565 Sed
2389 3511 2500 3566 rari
2543 3510 2857 3580 hujusmodi
2892 3519 3059 3578 sunt;
3095 3526 3268 3582 quare
3294 3512 3530 3567 dicitur:
3561 3513 3694 3580 Quis

2114 3603 2355 3658 ascendet
2386 3603 2444 3658 in
2474 3613 2698 3659 montem
2735 3603 2944 3658 Domini
2970 3607 2995 3660 ?
3032 3618 3123 3657 aut
3153 3606 3270 3675 quis
3299 3603 3462 3660 stabit
3501 3605 3553 3659 in
3578 3605 3694 3660 loco

2113 3705 2297 3751 sancto
2325 3696 2438 3766 ejus
2457 3699 2483 3752 ?

2210 3787 2380 3846 Vens.
2427 3789 2547 3843 4-8.
2598 3788 2859 3844 Innocens
2904 3789 3148 3843 manibus
3227 3798 3278 3844 et
3328 3789 3524 3844 mund'o
3574 3795 3705 3842 cor-‘

2112 3881 2196 3943 de,
2227 3883 2316 3952 qui
2347 3898 2447 3935 non
2479 3884 2675 3950 accepit
2716 3883 2768 3935 in
2800 3898 2933 3936 vano
2962 3883 3194 3935 animam
3226 3899 3400 3947 suam,
3426 3898 3518 3937 nec
3534 3882 3693 3951 jura-

2113 3973 2183 4024 vit
2225 3973 2278 4024 in
2323 3971 2446 4024 dolo
2498 3967 2740 4040 proximo
2780 3989 2897 4026 suo.
2945 3971 3047 4025 Hic
3102 3973 3322 4041 accipiet
3374 3972 3694 4027 benedictio-

2113 4081 2229 4119 nem
2272 4080 2305 4117 a
2356 4062 2604 4129 Domino,
2665 4073 2714 4118 et
2745 4063 3166 4118 misericordiam
3230 4083 3264 4118 a
3301 4065 3412 4119 Deo
3459 4066 3693 4120 salutari

2115 4171 2234 4210 suo.
2269 4153 2400 4208 Han:
2449 4163 2527 4208 est
2559 4156 2829 4226 generatio
2873 4145 3219 4226 quwrentium
3265 4172 3405 4216 eum,
3451 4171 3693 4226 qua'ren-

2114 4251 2245 4303 tium
2278 4250 2469 4319 faciem
2501 4247 2599 4303 Dei
2648 4247 2838 4305 Iacob.
2897 4246 3234 4314 Diapsalma.
3283 4247 3526 4301 Attollite
3565 4264 3690 4318 par-

2114 4351 2219 4405 tas,
2280 4341 2563 4412 principes,
2600 4350 2844 4408 vestras,-
2877 4350 2926 4394 et
2972 4341 3270 4407 elevamini,
3297 4349 3466 4410 porta:
3533 4350 3690 4396 aeter-

2113 4436 2282 4500 nales,
2348 4445 2398 4490 et
2480 4435 2724 4490 introibit
2784 4419 2892 4488 Rea:
2954 4435 3161 4506 glorite.
3258 4434 3391 4501 Quis
3455 4444 3535 4489 est
3592 4435 3689 4489 iste

2115 4527 2224 4583 Rex
2273 4528 2506 4600 gloriw?
2579 4527 2840 4581 Dominus
2894 4526 3049 4595 fortis
3117 4536 3166 4580 et
3235 4535 3439 4597 potens,
3501 4525 3689 4582 Domi-

2113 4639 2212 4676 nus
2256 4632 2436 4692 potens
2496 4623 2550 4675 in
2601 4621 2808 4690 prwlio.
2850 4621 3111 4675 Fortasse
3146 4619 3183 4673 ii
3235 4635 3330 4689 per
3378 4620 3689 4689 interroga-

2109 4713 2312 4767 tionem
2373 4720 2426 4768 et
2473 4711 2890 4782 responsionem
2942 4723 3136 4764 omnes
3178 4708 3426 4763 homines
3478 4707 3547 4763 de
3589 4707 3688 4762 do-

2110 4803 2321 4857 minatu
2377 4801 2595 4857 Domini
2655 4801 2830 4856 nostri
2904 4800 3034 4854 Jesu
3089 4799 3295 4854 Christi
3347 4799 3683 4855 instituunt:

2111 4895 2158 4951 si
2193 4905 2416 4966 putetur
2464 4903 2652 4948 tamen
2691 4909 2786 4949 eas
2826 4894 2976 4964 ipsas
3022 4890 3301 4963 [caelestes
3356 4890 3686 4963 potestates]

2110 4987 2165 5042 id
2195 5003 2306 5042 non
2353 4987 2632 5058 ignorare.
2696 4983 2838 5039 Sunt
2884 4983 2978 5054 qui
3015 4984 3355 5038 arbitrentur
3386 4984 3684 5039 secundam

2109 5079 2600 5150 interrogationem
2640 5085 2696 5134 et
2735 5077 3154 5148 responsionem
3199 5090 3310 5129 non
3342 5075 3686 5130 sublimiori-
3743 5123 3748 5128 .

2109 5182 2212 5239 bus
2241 5181 2606 5253 potestatibus
2638 5179 2860 5245 factam,
2893 5179 2987 5232 sed
3018 5175 3214 5231 iisdem
3237 5182 3399 5245 atque
3421 5173 3681 5244 priorem.

2109 5275 2421 5344 Diapsalma
2463 5289 2589 5329 vero
2619 5283 2745 5328 ante
2779 5272 2934 5335 illud,
2973 5270 3216 5325 Attollite
3239 5278 3446 5334 portas,
3486 5267 3679 5336 priuci~

2108 5385 2218 5438 pes,
2254 5378 2479 5430 vestras,
2518 5366 2781 5438 positum,
2832 5365 3050 5420 videtur
3089 5363 3337 5418 melodia:
3368 5361 3546 5418 solum
3581 5360 3686 5413 im-

2109 5461 2470 5514 mutationem
2499 5459 2781 5522 induccre,
2837 5458 2967 5529 quia
2997 5455 3187 5512 eadem
3231 5457 3284 5511 in
3327 5455 3688 5526 sequentibus

2108 5553 2402 5609 sententia.
2449 5552 2585 5606 Cum
2620 5559 2803 5606 autem
2838 5551 3196 5605 introiturum
3217 5549 3404 5619 ipsum
3466 5547 3563 5616 ait,
3596 5563 3685 5602 ex-

2109 5646 2246 5701 itum
2281 5646 2446 5701 etiam
2482 5645 2602 5714 ejus
2630 5644 2864 5697 latenter
2897 5641 3264 5700 aduiuhravit.
3316 5639 3519 5696 Deinde
3553 5653 3683 5693 vero

2107 5739 2235 5808 quia
2270 5752 2381 5792 non
2414 5737 2532 5806 ipse
2580 5736 2732 5790 solus
2783 5735 3092 5789 intraturus
3143 5733 3199 5787 in
3248 5748 3475 5804 rcgnum
3521 5747 3681 5786 suum

2108 5841 2246 5898 erat,
2284 5839 2470 5904 portas
2503 5844 2692 5888 omnes
2721 5829 2888 5900 pandi
2915 5836 2966 5885 et
2993 5827 3192 5898 aperiri
3221 5827 3467 5900 iubetur,
3489 5835 3690 5883 eorum
