4100 6396
411 352 518 409 ἳὲδ
1030 355 1302 412 EUSEBII
1340 357 1711 415 CRISABIEN
1720 357 1825 414 SIS
1861 359 1982 415 OPP

2086 358 2235 413 'ABS
2273 357 2360 414 111.
2403 389 2473 401 -
2513 357 2928 416 ΕΧΕΟΕΤΙΟΑ.
3582 363 3689 420 νει

411 468 623 525 scilicet
652 484 821 525 causa
852 470 948 541 qui
985 485 1112 527 cum
1151 470 1246 526 Dci
1288 470 1430 528 Filio
1460 489 1689 545 regnum
1728 475 1982 530 calorum

2103 474 2399 546 μέλλοντας
2453 474 2811 548 κληρονομεῖν
2854 476 2955 546 τὴν
2984 474 3263 546 βασιλείαν
3303 475 3413 530 τῶν
3441 475 3689 549 οὐρανῶν

410 564 769 618 consecuturi
815 570 995 618 erant.
1053 561 1254 619 Multas
1294 564 1498 636 quippe
1534 581 1599 620 ac
1627 564 1878 622 diversas
1925 567 1982 619 ad

2096 568 2194 621 σὺν
2223 565 2299 638 τῷ
2323 566 2436 639 Υίῷ
2467 567 2562 620 τοῦ
2592 567 2752 621 Θεοῦ.
2787 566 2997 630 Πολλὰς
3024 568 3133 639 γὰρ
3155 566 3358 639 ἀνέῳξε
3385 569 3480 623 καὶ
3501 568 3688 639 διαφό-

407 656 564 727 regni
616 656 886 712 ccelorum
937 656 1145 712 aditum
1185 665 1376 727 portas
1403 659 1648 729 aperuit:
1686 675 1811 714 nam
1850 658 1982 728 apud

2097 677 2227 733 ρους
2260 658 2434 724 πύλας
2454 659 2552 731 τῆς
2588 662 2669 724 είς
2702 662 2826 726 τοὺς
2847 662 3111 731 οὐρανοὺς
3135 661 3371 716 εἰσόδου·
3426 663 3549 717 ἐπεὶ
3595 665 3690 721 καὶ

410 745 626 802 Patrem
685 748 1003 803 mansiones
1049 752 1235 805 multae
1287 753 1502 806 sunt".
1564 752 1644 805 Ac
1695 751 1991 823 perpende,

411 853 621 910 quaso,
681 856 814 895 num
874 840 964 895 hic
1029 842 1278 898 solvatur
1334 845 1567 914 quaestio
1619 845 1841 915 psalmi,
1896 844 1991 915 qui

410 931 495 988 sic
554 931 750 987 habet:
807 933 1061 988 Ascendit
1115 934 1254 989 Deus
1310 936 1365 990 in
1407 936 1757 1006 jubilatione,
1804 935 1994 990 Domi-

409 1040 509 1078 nus
533 1025 589 1078 in
621 1025 997 1082 vocetubre”.
1069 1025 1170 1082 llic
1211 1025 1452 1097 Spiritus
1516 1039 1741 1084 sanctus
1789 1028 1994 1099 jubila-

407 1117 615 1173 tionem
677 1133 742 1172 ac
780 1134 967 1174 vocem
1023 1120 1171 1177 tubae
1228 1120 1401 1177 dedit.
1459 1119 1595 1176 Nam
1643 1122 1701 1175 in
1744 1135 1985 1176 ascensu

411 1206 534 1264 Filii
568 1208 661 1265 Dei
697 1211 752 1264 in
781 1211 977 1277 caelos,
1024 1228 1120 1282 par
1150 1212 1254 1267 fuit
1294 1214 1399 1285 ipsi
1429 1213 1645 1269 obviam
1677 1214 1790 1270 isse
1825 1228 1992 1284 ange-

409 1301 518 1365 los,
575 1316 687 1356 suae
731 1317 833 1370 pro
884 1302 1204 1360 hominibus
1257 1304 1583 1359 mconomize
1609 1306 1988 1368 administros,

409 1403 575 1464 atque
623 1395 934 1450 cmlestium
968 1408 1253 1467 portarum
1310 1396 1456 1453 fores
1511 1397 1616 1467 ipsi
1683 1398 1989 1466 aperuisse,

406 1503 573 1543 voces
600 1489 991 1559 angelicosque
1020 1490 1313 1554 clamores,
1347 1492 1440 1561 qui
1472 1489 1526 1545 in
1545 1489 1759 1561 psalmo
1796 1488 1989 1544 ferun-

407 1590 517 1646 tur,
571 1582 861 1637 emisisse:
894 1597 1034 1653 quos
1065 1583 1447 1653 jubilationem
1499 1588 1554 1638 et
1589 1597 1779 1637 vocem
1835 1581 1984 1638 tubae

405 1679 689 1742 nuncupat
723 1672 915 1728 dicens
944 1690 957 1727 :
988 1672 1235 1728 Ascendit
1258 1672 1400 1727 Deus
1431 1672 1488 1726 in
1504 1668 1853 1741 jubilatione,
1888 1672 1990 1728 Do-

407 1763 584 1818 minus
612 1764 667 1818 in
695 1780 814 1819 uoce
841 1763 1001 1818 tubaz.

950 1959 1185 2015 DAVIDI
1225 1959 1419 2017 XXIV.

472 2053 608 2109 Cum
629 2069 807 2125 neque
836 2054 1103 2126 pSalmus,
1128 2070 1306 2125 neque
1333 2054 1633 2121 canticum,
1658 2070 1835 2124 neque
1856 2054 1986 2125 quid

402 2145 584 2202 simile
619 2145 976 2211 inscribatur,
1007 2159 1186 2215 neque
1216 2145 1273 2199 in
1311 2145 1472 2199 ﬁnem
1501 2144 1618 2198 inec
1646 2142 1984 2211 refcrantur;

402 2254 468 2293 ac
493 2238 715 2309 quidam
737 2253 1021 2295 sermones
1046 2238 1157 2293 sint
1184 2237 1239 2292 in
1264 2235 1471 2308 Spiritu
1499 2245 1692 2292 sancto
1721 2252 1751 2291 a
1786 2235 1988 2292 Davide

403 2330 731 2399 conscripti,
762 2330 886 2385 ideo
915 2344 945 2383 a
977 2330 1203 2400 reliquis
1233 2329 1628 2401 interpretibus
1650 2329 1869 2384 Davidis
1902 2330 1989 2384 in-

402 2421 687 2478 scribitur.
710 2420 842 2477 Jure
871 2422 1123 2477 dicamus
1153 2421 1331 2492 ipsum
1357 2421 1663 2477 doctrinam
1698 2422 1985 2493 complecti

399 2513 771 2570 confessionis
803 2513 914 2569 Deo
947 2513 1197 2582 emissae;
1231 2530 1339 2585 qua
1377 2514 1527 2585 prior
1557 2514 1777 2584 quidem
1816 2512 1987 2569 David

405 2622 542 2664 usus
577 2609 668 2673 sit,
702 2605 899 2662 deinde
929 2605 1089 2661 nobis
1116 2607 1361 2662 eamdem
1387 2605 1563 2677 ipsam
1585 2604 1898 2673 tradiderit,
1928 2614 1989 2660 ut

397 2699 624 2754 doceret
656 2714 766 2770 quo
794 2707 954 2769 pacto
996 2697 1272 2752 inﬁrmum
1305 2714 1580 2770 quemque
1613 2700 1852 2754 animam
1889 2715 1988 2754 cu-

397 2807 522 2848 rere
555 2807 711 2850 suam
743 2807 842 2864 per
870 2789 1277 2848 confessionem
1305 2799 1577 2862 Oportcat.

473 2969 637 3026 Vens.
667 2971 725 3038 2,
756 2972 810 3026 3.
849 2970 930 3024 Ad
953 2981 1021 3035 te,
1055 2971 1296 3035 Domine,
1327 2972 1493 3026 levavi
1532 2971 1768 3026 animam
1794 2988 1986 3040 meam;

399 3060 545 3115 Deus
575 3079 743 3126 meus,
772 3062 825 3116 in
854 3071 902 3116 te
925 3062 1155 3131 conﬁdo,
1183 3079 1287 3116 non
1311 3062 1612 3118 erubescam
1638 3079 1655 3117 :
1677 3080 1839 3135 neque
1861 3064 1988 3117 irri-

2096 751 2285 805 πολλαὶ
2322 751 2483 823 μοναὶ
2516 752 2668 825 παρά
2692 752 2769 824 τῷ
2794 753 2990 825 Πατρί.
3021 755 3163 825 Ὅρα
3187 753 3245 807 δὲ
3276 755 3325 808 εἰ
3362 754 3438 828 μὴ
3470 758 3530 810 ὲν
3561 756 3688 810 τού-

2091 861 2207 909 τοις
2231 843 2416 915 λυθείη
2446 842 2513 897 ἂν
2540 843 2600 897 τὸ
2634 843 2966 915 ζητούμενον
3000 846 3058 898 ὲν
3078 844 3159 915 τῷ
3183 844 3447 914 φάσκοντι
3463 845 3683 919 ψαλμῷο

2105 937 2303 1005 Ἀνέϐη
2335 940 2368 991 ό
2395 936 2540 1003 Θεὸς
2604 936 2675 989 ἐν
2722 935 3072 1007 ἀλαλαγμῷ,
3124 938 3344 1006 Κύριος
3398 938 3471 992 ἐν
3513 938 3687 1009 φωνῇ

2091 1025 2447 1097 σάλπιγγος.
2502 1027 2768 1081 Ἐνταῦθα
2796 1026 2905 1099 γὰρ
2953 1027 3015 1081 τὸ
3060 1028 3287 1100 Πνεῦμα
3317 1030 3378 1084 τὸ
3404 1029 3559 1102 ἆγιον
3593 1033 3689 1087 καὶ

2089 1118 2182 1172 τὸν
2205 1118 2520 1191 ἀλαλαγμὸν
2546 1118 2641 1173 καὶ
2673 1118 2771 1190 τὴν
2801 1120 2986 1191 φωνὴν
3039 1120 3141 1191 τῆς
3170 1120 3471 1192 σάλπιγγος
3496 1123 3689 1177 ἀποδί-

2089 1210 2272 1265 δωσιν.
2321 1212 2410 1265 Ἐν
2429 1210 2628 1283 γάρτῇ
2674 1211 2754 1274 εἰς
2773 1211 3039 1282 οὐρανοὺς
3082 1212 3347 1267 ἀναϐάσει
3398 1211 3492 1266 τοῦ
3550 1212 3685 1267 Υἰοῦ

2088 1297 2183 1353 τοῦ
2212 1298 2371 1363 Θεοῦ,
2401 1300 2528 1364 τοὺς
2556 1300 3056 1371 διακονησαμένους
3100 1300 3247 1372 αὐτῷ
3278 1301 3544 1370 ἀγγέλους
3584 1301 3685 1373 τὴν

2088 1388 2520 1461 εἰςὰνθρώπους
2575 1389 2890 1461 οἰκονομίαν
2940 1391 3268 1461 προτρέχειν
3318 1390 3467 1462 αύτῷ
3514 1392 3680 1456 εἰκὸς,

2088 1478 2310 1538 καὶτὰς
2339 1479 2625 1551 οὐρανίους
2664 1477 2839 1544 πύλας
2873 1478 3024 1549 αὐτῷ
3071 1480 3537 1551 παρασκευάζειν,
3572 1498 3683 1549 φω-

2086 1570 2186 1635 νάς
2214 1587 2274 1623 τε
2300 1571 2519 1641 ἀφιέναι
2546 1572 2641 1625 καί
2673 1569 2801 1641 βοὰς
2828 1571 3145 1640 ἀγγελικὰς,
3168 1571 3269 1635 τὰς
3287 1574 3347 1626 ὲν
3373 1571 3454 1644 τῷ
3480 1572 3679 1644 ψαλμῷ

2086 1662 2414 1733 φερομένας⁸
2442 1661 2510 1726 ἃς
2526 1661 2592 1735 δὴ
2623 1662 2942 1734 ἀλαλαγμὸν
2997 1663 3092 1717 καὶ
3146 1665 3331 1736 φωνὴν
3382 1664 3682 1733 σάλπιγγος

2087 1754 2337 1826 ὠνόμασε
2361 1755 2562 1826 φήσας⁸
2604 1754 2803 1823 Ἀνέϐη
2833 1759 2866 1821 ό
2899 1754 3046 1823 Θεὸς
3079 1755 3149 1809 ἐν
3175 1755 3525 1829 ἀλαλαγμῷ,
3566 1756 3681 1811 Κύ-

2020 1886 2064 1942 B
2082 1865 2214 1917 ριος
2244 1847 2313 1901 ἐν
2341 1845 2515 1917 φωνῇ
2539 1846 2893 1919 σάλπιγγος,

2636 1964 2725 2016 ΤΩ
2760 1964 2962 2017 ΔΑΥΙΔ
2999 1964 3101 2017 KA’
3121 2002 3136 2018 .

2169 2050 2325 2107 Ἐπεὶ
2355 2052 2497 2124 μήτε
2520 2050 2733 2123 ψαλμδς
2758 2053 3179 2124 ἐπιγέγραπται,
3208 2055 3346 2127 μήτε
3373 2053 3505 2127 ᾠδὴ,
3541 2055 3679 2127 μήτε

2085 2160 2140 2196 τι
2171 2141 2282 2196 τῶν
2327 2141 2748 2213 παραπλησίων,
2801 2142 2920 2195 ἀλλ’
2976 2143 3085 2197 οὐδ’
3133 2145 3215 2209 εἰς
3274 2145 3335 2199 τὺ
3368 2143 3519 2208 τέλος
3551 2145 3683 2198 ἀνα-

2089 2235 2366 2306 πέμπεται
2396 2233 2465 2287 τὰ
2486 2234 2839 2306 προκείμεναο
2868 2234 3016 2304 λόγοι
3034 2234 3089 2288 δέ
3107 2237 3243 2290 εἰσιν
3269 2238 3327 2290 ὲν
3347 2237 3491 2309 ἀγίῳ
3510 2237 3682 2290 Πνεύ-

2089 2345 2222 2400 ματι
2244 2327 2324 2399 τῷ
2347 2325 2510 2382 Δαυῒδ
2533 2327 3036 2399 συγγεγραμμένον
3056 2328 3136 2382 διὸ
3166 2329 3317 2400 παρά
3337 2330 3452 2393 τοῖς
3472 2328 3680 2392 λοιποῖς

2088 2421 2449 2493 ἑρμηνευταῖς
2483 2420 2589 2474 τοῦ
2613 2418 2795 2475 Δαυῒδ
2843 2421 3285 2494 προγέγραπταιθ
3320 2420 3545 2486 εἰκότως
3577 2423 3679 2492 φή-

2091 2529 2256 2584 σομεν
2278 2511 2626 2566 διδασκαλίαν
2659 2512 2937 2584 περιέχειν
2961 2512 3062 2583 τῆς
3110 2513 3248 2585 πρὸς
3279 2513 3372 2566 τὸν
3397 2512 3529 2568 Θεὸν
3560 2513 3678 2579 ἐξο-

2091 2596 2521 2677 μολογήσεως,ᾖ
2560 2603 2776 2674 πρῶτος
2813 2603 2911 2676 μὲν
2934 2605 3098 2669 αὐτὸς
3126 2607 3155 2659 ὁ
3182 2605 3345 2659 Δαυῖδ
3383 2606 3675 2679 ἐχρήσατο,

2089 2694 2280 2748 ἔπειτα
2335 2693 2395 2746 δὲ
2446 2694 2540 2747 καὶ
2602 2694 2734 2764 ἡμῖν
2794 2694 3170 2767 παραδέδωκε,
3232 2696 3503 2749 παιδεύων
3530 2695 3677 2761 ὅπως

2087 2785 2193 2859 χρὴ
2227 2786 2532 2857 νοσήσαντα
2559 2785 2657 2859 τὴν
2683 2786 2893 2841 ἑαυτῶν
2918 2787 3247 2859 θεραπεύειν
3269 2787 3448 2861 ψυχὴν
3466 2788 3533 2843 δι’
3564 2788 3679 2858 ἐξο-

2091 2878 2294 2950 μολογή
2302 2895 2459 2942 σεως.

2157 2970 2317 3041 Πρὸς
2344 2970 2441 3036 σὲ,
2470 2971 2669 3039 Κύριε,
2703 2966 2821 3043 ἦρα
2862 2971 2977 3041 τὴν
3018 2971 3234 3041 ψυχήν
3269 2991 3410 3043 μου·
3455 2974 3490 3027 ὁ
3532 2972 3679 3039 Θεός

2083 3080 2225 3132 μου,
2266 3061 2364 3115 ἐπὶ
2395 3060 2496 3115 σοὶ
2541 3063 2816 3126 πέποιθα,
2837 3062 2923 3133 μὴ
2971 3065 3477 3133 κατασχυνθείην·
3520 3063 3681 3135 μηδὲ

394 3151 555 3206 «(cont
582 3168 663 3206 me
689 3152 892 3207 inimici
917 3153 1040 3217 mei,
1064 3154 1254 3206 etenim
1283 3154 1514 3208 universi
1542 3156 1634 3225 qui
1654 3155 1915 3211 sustinent
1940 3164 1982 3209 te

2090 3153 2679 3223 καταγελασύτωσάν
2699 3174 2775 3226 με
2802 3160 2855 3211 οἱ
2888 3157 3090 3226 ἐχθροί
3107 3173 3247 3226 μου·
3273 3155 3374 3209 καὶ
3400 3156 3508 3227 γὰρ
3531 3154 3681 3210 πάν-

397 3261 502 3301 ηοιι
539 3243 949 3315 confundentur.
983 3243 1109 3300 Haec
1139 3245 1236 3311 ait,
1270 3248 1431 3316 quasi
1472 3246 1529 3302 in
1556 3248 1727 3302 altum
1758 3256 1982 3305 evectus

2086 3262 2187 3314 τες
2214 3249 2269 3301 οἱ
2316 3246 2729 3317 ὑπομένοντές
2772 3265 2848 3303 σε
2890 3251 2962 3304 οὐ
3008 3247 3095 3319 μὴ
3165 3249 3675 3318 καταισχυνθῶσι.

394 3351 449 3393 ct
479 3339 819 3405 translatus;
866 3346 926 3393 ut
959 3340 1051 3410 qui
1091 3341 1329 3396 animam
1364 3355 1520 3397 suam
1562 3340 1629 3396 ab
1658 3340 1865 3398 inﬁmis
1892 3357 1981 3398 re—

399 3431 503 3489 bus
531 3432 863 3486 abstractam
894 3432 1183 3488 sublimem
1215 3433 1410 3505 egerit,
1442 3443 1604 3503 atque
1632 3432 1831 3489 aﬁectu
1858 3448 1979 3490 eam

393 3538 616 3582 sin-sum
655 3539 722 3579 ac
764 3523 875 3581 Deo
907 3525 1147 3579 vicinam
1199 3525 1572 3592 constituerit,
1624 3531 1680 3580 et
1726 3525 1979 3580 mortalia

395 3617 747 3688 humanaque
778 3625 1090 3683 aversatus,
1140 3616 1209 3671 ad
1253 3616 1423 3673 Deum
1466 3632 1525 3673 se
1556 3617 1777 3673 sincero
1815 3617 1981 3675 corde

395 3711 750 3767 converterit.
781 3709 1097 3780 Deindeque
1130 3710 1243 3765 ait:
1268 3707 1388 3765 Non
1422 3710 1578 3775 mihi,
1615 3710 1713 3767 sed
1745 3710 1844 3766 tibi
1868 3709 1980 3766 Deo

395 3818 518 3859 meo
538 3802 802 3869 conﬁsus,
830 3803 1111 3874 multaque
1132 3818 1265 3858 usus
1296 3802 1516 3866 ﬁducia,
1544 3802 1708 3858 talem
1745 3818 1859 3857 rem
1892 3817 1981 3873 ag-

395 3910 621 3967 gressus
659 3910 799 3951 sum.
835 3894 936 3961 Qui
969 3895 1151 3949 omnia
1187 3910 1309 3966 quae
1337 3895 1439 3950 sub
1460 3902 1739 3965 aspectum
1770 3900 1824 3949 et
1852 3910 1980 3950 sen-

398 4002 519 4044 sum
550 3988 754 4043 cadunt
787 3988 1139 4058 contempsit,
1170 3996 1224 4045 et
1249 3989 1315 4042 ad
1347 3988 1733 4058 incorporeum
1771 3986 1979 4042 invisi—

392 4082 666 4153 bilemque
699 4081 869 4143 Deum
905 4082 1145 4137 animam
1177 4082 1374 4146 erexit,
1420 4080 1611 4149 Deum,
1658 4090 1717 4137 ut
1755 4096 1978 4153 posses-

393 4191 513 4233 sum
550 4176 650 4232 abs
689 4190 748 4231 se
790 4175 1017 4239 bonum,
1063 4173 1294 4230 ﬁdenter
1334 4174 1593 4244 invocat;
1643 4184 1979 4248 quapropter

390 4268 526 4324 dicit
567 4290 581 4323 :
615 4268 757 4325 Deus
789 4285 956 4332 meus,
1008 4269 1064 4323 in
1099 4278 1147 4322 te
1176 4267 1406 4338 conﬁdo.
1457 4266 1589 4334 Quae
1626 4268 1693 4322 ad
1729 4285 1817 4326 me
1844 4271 1975 4324 atti-

392 4365 544 4423 nent,
576 4359 776 4428 inquit,
814 4359 888 4413 ita
919 4374 979 4414 se
1011 4359 1235 4413 habent.
1263 4359 1531 4413 Craterum
1557 4360 1814 4431 precibus
1842 4362 1976 4416 mihi

392 4451 686 4520 divinoque
722 4458 818 4505 tuo
847 4450 1054 4505 auxilio
1085 4464 1225 4520 Opus
1246 4457 1354 4515 est,
1381 4459 1530 4506 utne
1553 4466 1583 4505 a
1619 4467 1786 4523 scopo
1817 4453 1976 4509 aber—

392 4559 529 4607 rem,
575 4558 711 4598 neve
753 4557 854 4597 ceu
887 4557 918 4596 a
946 4542 1173 4611 praealto
1211 4542 1494 4598 cacumine
1524 4543 1712 4615 lapsus
1746 4552 1968 4600 atterar.

392 4634 574 4701 Quare
604 4633 837 4689 obsecro
865 4648 1129 4704 rogoque,
1159 4649 1228 4689 ne
1250 4633 1320 4690 ab
1342 4634 1581 4692 inimicis
1607 4637 1745 4694 meis
1768 4637 1975 4710 pudore

393 4727 680 4784 suﬁ‘undar
709 4734 764 4782 et
795 4725 1029 4782 irridear
1061 4746 1074 4782 :
1106 4726 1252 4797 quod
1283 4744 1416 4784 sane
1441 4736 1534 4784 tuo
1564 4729 1658 4785 Dei
1688 4731 1792 4785 mei
1817 4733 1975 4786 auxi-

390 4820 466 4875 lio
494 4819 775 4873 obtinebo.
812 4817 947 4873 Nam
973 4820 1208 4891 pristina
1239 4821 1459 4891 quidem
1500 4838 1565 4877 ex
1612 4823 1834 4894 proprio
1879 4840 1975 4879 vo-

392 4911 621 4966 luntatis
646 4909 857 4966 delectu
882 4912 1392 4984 proﬁciscebantur,
1419 4920 1479 4967 ut
1500 4913 1712 4970 scilicet
1734 4915 1973 4972 animum

388 5018 566 5059 meam
609 5001 879 5057 arbitratu
930 5019 1052 5058 meo
1098 5020 1194 5059 sus
1238 5004 1415 5075 deque
1445 5019 1703 5078 agerem:
1736 5006 1977 5062 secunda

391 5091 700 5163 patrocinio
731 5099 785 5148 et
819 5092 1068 5149 subsidio
1101 5103 1265 5167 egent
1305 5102 1425 5152 tuo.

468 5357 630 5415 Vens.
663 5360 715 5414 4.
754 5359 1168 5431 Confundautur
1190 5363 1371 5435 iniqua
1396 5372 1606 5435 agentes
1633 5379 1970 5434 supervacue.

392 5450 682 5522 Proposito
712 5455 969 5511 insistere
1000 5456 1177 5511 solum
1220 5458 1499 5523 convenit,
1549 5473 1729 5529 neque
1759 5469 1975 5515 mutare

393 5544 743 5614 sententiam,
774 5548 859 5603 vel
889 5562 920 5603 a
960 5548 1066 5605 ﬁde
1093 5549 1349 5606 deﬁcere.
1380 5548 1518 5606 Nam
1550 5553 1645 5623 qui
1682 5555 1974 5612 instabiles

392 5637 729 5709 mobilesque
761 5647 909 5708 sunt,
960 5657 1024 5698 ac
1052 5642 1201 5698 omni
1232 5650 1394 5698 vento
1419 5644 1906 5715 circumferuntur,
1938 5648 1972 5703 ii

464 5797 508 5829 ⁸⁷
547 5795 702 5856 Joan.
738 5800 945 5875 xtv,_2.
1023 5801 1068 5833 "
1106 5799 1252 5856 Psal.
1294 5816 1453 5870 vat,
1491 5803 1544 5857 6.

2088 3335 2276 3391 Ταῦτά
2300 3354 2487 3410 φησιν,
2545 3339 2746 3393 ὠσανεί
2797 3338 3008 3412 ἐπάρας
3046 3342 3125 3404 εἰς
3172 3339 3307 3411 ὕψος
3337 3340 3590 3413 μεταθείς
3616 3357 3679 3395 τε

2087 3429 2180 3482 καὶ
2212 3427 2552 3503 μετεωρίσας
2577 3429 2688 3484 τῶν
2722 3430 2851 3503 τῇδε
2874 3433 3216 3505 πραγμάτων
3230 3433 3330 3506 τὴν
3360 3433 3555 3488 ἑαυτοῦ
3575 3432 3680 3506 ψυ-

2087 3522 2208 3594 χήψ
2244 3520 2357 3577 ἄνω
2377 3539 2438 3575 τε
2470 3523 2699 3595 πλησίον
2723 3523 2894 3595 αὐτὴν
2923 3524 3017 3578 τοῦ
3047 3524 3183 3579 Θεοῦ
3214 3528 3281 3599 τῇ
3306 3525 3543 3581 διαθέσει
3576 3544 3677 3581 κα-

2085 3619 2362 3689 ταστήσας
2388 3617 2458 3672 δι’
2498 3618 2852 3691 ἀποστροφῆς
2892 3619 2991 3692 μὲν
3023 3603 3131 3673 τῶν
3182 3618 3395 3692 θνητῶν
3442 3619 3537 3673 καὶ
3584 3619 3679 3672 ἀν-

2086 3708 2395 3782 θρωπίνων,
2426 3712 2762 3784 ἐπιστροφῆς
2810 3713 2867 3767 δὲ
2896 3712 3126 3785 γνησίας
3156 3713 3255 3785 τῆς
3305 3712 3443 3785 πρὸς
3491 3713 3674 3769 αὐτόν.

2088 3804 2329 3859 Ἐπειτά
2351 3822 2506 3878 φησι·
2527 3805 2698 3859 Τοῦτο
2726 3805 3026 3877 πεποίηκα,
3054 3804 3154 3859 ούκ
3184 3804 3407 3877 ἐμαυτῷ
3436 3802 3675 3877 θαρρῶν,

2085 3897 2199 3951 ἀλλ’
2227 3896 2320 3950 ἐπὶ
2355 3897 2439 3951 σοὶ
2467 3895 2545 3969 τῷ
2565 3896 2686 3969 Θεῷ
2711 3915 2813 3969 μου
2840 3897 3138 3961 πεποιθὼς,
3198 3896 3365 3968 πολλῇ
3396 3895 3679 3967 παρρησίᾳ

2083 3989 2385 4062 χρώμενος.
2434 3990 2494 4043 '0
2518 3992 2735 4046 πάντων
2766 3991 2866 4062 μὲν
2917 3990 3027 4043 τῶν
3077 3989 3350 4058 αἰσθητῶν
3388 3989 3484 4041 καὶ
3539 3989 3679 4058 ὁρω-

2087 4080 2266 4151 μένων
2295 4082 2735 4153 καταφρονήσας,
2768 4081 2862 4134 ἐπὶ
2880 4080 2937 4133 δὲ
2961 4079 3054 4133 τὸν
3076 4076 3366 4147 ἀσώματον
3392 4077 3487 4130 καὶ
3514 4076 3680 4149 ἀόρα-

2081 4186 2173 4225 τον
2201 4170 2334 4226 Θεὸν
2370 4170 2467 4244 τὴν
2490 4172 2687 4227 ἑαυτοῦ
2707 4171 2886 4242 ψυχὴν
2912 4169 3143 4240 ἐπάρας,
3203 4167 3280 4231 ὡς
3306 4166 3373 4223 ἂν
3398 4167 3529 4224 ἴδιον
3553 4169 3679 4222 ἑαυ-

2082 4263 2176 4317 τοῦ
2214 4265 2401 4337 κτῆμα
2445 4266 2737 4336 γενόμενον
2777 4263 2868 4316 τὸν
2901 4262 3032 4317 Θεὸν
3063 4260 3440 4315 ἐπικαλεῖσθαι
3463 4260 3672 4335 θαρρεῖ·

2082 4356 2163 4409 διὸ
2187 4356 2355 4426 λέγει·
2417 4357 2480 4410 Ὃ
2532 4358 2678 4422 Θεός
2699 4373 2845 4425 μου,
2871 4354 2969 4408 ἐπὶ
2999 4353 3098 4407 σοὶ
3158 4353 3434 4409 πέποιθα.
3472 4353 3581 4407 Καὶ
3606 4353 3676 4407 τὰ

2084 4451 2214 4521 παρ’
2236 4448 2371 4520 ἐμοῦ
2406 4449 2526 4520 μὲν,
2549 4448 2705 4520 φησί,
2736 4447 2929 4503 ταῦτα.
2966 4447 3163 4502 Λοιπὸν
3193 4447 3248 4501 δὲ
3269 4448 3435 4519 εὐχῆς
3468 4447 3673 4520 μοιδεῖ,

2084 4540 2179 4595 καὶ
2208 4540 2308 4611 τῆς
2342 4540 2497 4611 παρὰ
2517 4538 2613 4593 σοῦ
2652 4538 2747 4594 τοῦ
2802 4538 2940 4593 Θεοῦ
2969 4539 3309 4610 συνεργείας,
3341 4538 3478 4610 πρὸς
3511 4540 3570 4593 τὸ
3598 4540 3674 4612 μὴ

2081 4632 2342 4685 ἐκπεσεῖν
2394 4629 2489 4684 τοῦ
2517 4630 2745 4696 σκοποῦ,
2779 4630 2901 4703 μηδ’
2929 4629 3119 4703 ὥσπερ
3150 4631 3244 4701 ἀφ’
3265 4629 3474 4702 ὑψηλῆς
3500 4631 3678 4701 ἀκρω-

2085 4723 2238 4796 ρείας
2272 4722 2509 4777 πεσόντα
2539 4723 2945 4795 ἀπορραγῆναι.
2977 4723 3068 4776 Διὸ
3101 4722 3294 4793 δέομαι
3323 4723 3417 4776 καὶ
3448 4721 3676 4776 ἱκετεύω

2087 4818 2161 4890 μὴ
2193 4816 2678 4889 καταισχυνθῆναι,
2724 4816 2858 4888 μηδὲ
2899 4814 3376 4886 καταγελασθῆναι
3425 4815 3531 4868 ὑπὸ
3568 4814 3676 4867 τῶν

2083 4912 2293 4985 ἐχθρῶν
2318 4927 2442 4983 μου’
2479 4910 2651 4966 ταῦτα
2670 4909 2726 4963 δέ
2759 4927 2850 4980 μοι
2883 4908 3035 4962 ἔσται
3079 4908 3144 4959 ὲκ
3170 4906 3270 4976 τῆς
3295 4906 3397 4976 σῆς
3417 4905 3512 4959 τοῦ
3539 4905 3674 4959 Θεοῦ

2086 5022 2187 5077 μου
2221 5002 2494 5075 βοηθείας.
2526 5002 2608 5056 Τά
2634 5003 2731 5073 μὲν
2762 5001 2871 5073 γὰρ
2900 4998 3093 5072 πρῶτα
3133 4998 3192 5064 ὲξ
3222 4997 3364 5070 ἐμῆς
3396 4993 3463 5069 ῆν
3484 5014 3679 5069 προαι-

2085 5098 2308 5170 ρέσεως,
2335 5098 2398 5151 τὸ
2435 5097 2589 5166 ἄγειν
2614 5095 2708 5149 καὶ
2750 5096 2938 5166 φέρειν
2962 5093 3060 5164 τὴν
3092 5089 3330 5163 ἐμαυτοῦ
3368 5089 3546 5159 ψυχὴν
3569 5090 3675 5160 ὅπη

2081 5191 2175 5245 καὶ
2201 5190 2486 5264 βούλομαι·
2512 5188 2582 5243 τὰ
2607 5189 2665 5243 δὲ
2689 5187 2920 5258 δεύτερα
2953 5189 3053 5258 τῆς
3085 5184 3185 5255 σῆς
3213 5181 3554 5255 ἀντιλήψεως
3584 5183 3678 5235 καὶ

2080 5283 2397 5357 ωνεργείας
2420 5281 2610 5336 δεῖται.

2149 5371 2669 5443 Αἰσχυνθήτωσαν
2695 5373 2749 5425 οἱ
2777 5369 3146 5440 ἁνομοῦντες
3174 5364 3475 5435 διακενῆς.
3499 5364 3679 5419 Μόνον

2080 5464 2370 5536 ὑπομένειν
2395 5467 2462 5538 τῇ
2497 5462 2776 5536 προθέσει,
2809 5463 2945 5535 μηδὲ
2977 5460 3357 5534 μεταϐάλλειν,
3386 5461 3481 5514 καὶ
3522 5458 3677 5530 μεθξ-

2084 5557 2313 5612 στασθαι
2358 5558 2455 5629 τῆς
2485 5557 2741 5619 πίστεως.
2769 5556 2832 5609 Οί
2880 5554 2990 5627 γὰρ
3024 5554 3330 5626 εύρίπιστοι
3364 5552 3460 5607 καὶ
3512 5551 3672 5605 παντὶ

2083 5649 2270 5723 ἀνέμῳ
2298 5648 2722 5723 περιφερόμενοι
2750 5646 2971 5704 πάθοιεν
3000 5647 3065 5704 ἄν
3096 5663 3225 5702 ποτε
3255 5644 3323 5700 τὰ
3345 5646 3444 5718 τῆς
3474 5640 3671 5717 αἰσχύ·
