4100 6394
361 411 466 465 ἓῖὕ

1485 385 1990 448 COMMENTARIA
2030 382 2096 438 ΙΝ
2136 375 2476 437 PSALMOS.

3399 415 3414 428 ,
3507 361 3616 415 2‘26

359 541 470 596 mg'
496 523 558 576 οὐ
589 521 694 593 μὴν
719 521 811 574 καὶ
838 519 887 572 οἱ
927 519 1106 586 λέγειν
1151 513 1548 588 μεμαθηκότες·
1594 508 1941 579 ’Υπομὲνων

2059 509 2188 557 :erte
2235 499 2293 554 in
2344 493 2726 552 confusionem
2777 498 2832 546 et
2865 487 3220 560 opprobrium
3257 469 3615 542 delabentur:

2120 595 2129 596 ,
2405 590 2415 596 .
2480 589 2493 596 -
2559 587 2592 596 ..
2696 584 2752 596 ..
2919 581 2958 596 η.
3433 574 3600 596 ηψ,

359 613 644 684 ὑπέμεινα
672 611 780 665 τὸν
828 611 1062 678 Κύριον.
1101 607 1248 660 Ἀντὶ
1281 606 1338 659 δὲ
1390 604 1507 669 τοῦ,
1551 601 1939 671 ἀνομοῦντες,

355 711 400 760 οἱ
430 705 607 759 λοιποὶ
633 704 726 757 καὶ
757 706 789 774 ὴ
818 703 1039 774 πέμπτη
1072 701 1303 763 ἕκδοσις,
1347 700 1402 752 οἱ
1459 693 1944 756 ἀποστατοῢντες

357 797 784 871 ἡρμηνεύκασιν·
825 795 1011 864 σαφῶς
1060 794 1188 855 τοὺς
1236 789 1577 861 παραϐάτας,
1608 785 1702 839 καὶ
1737 784 1810 855 μὴ
1863 781 1944 852 τῷ

358 890 606 961 προτέρῳ
637 889 844 941 ἑαυτῶν
877 885 1063 956 σκοπῷ
1110 885 1445 956 ἐμμένοντας
1483 874 1946 946 καταισχυνθήσε-

360 982 481 1035 σθαι
525 981 959 1052 ἀποφηνάμενοι.
1024 979 1136 1048 Τῆς
1182 977 1291 1048 γὰρ
1342 971 1680 1035 ἀποστασίας
1738 965 1944 1021 ἑαυτῶν

361 1071 568 1144 καρπὸν
601 1072 862 1125 ὑπόκενον
890 1069 1162 1140 εὑρόντες,
1190 1067 1264 1130 ὡς
1296 1065 1362 1119 ἂν
1403 1061 1656 1131 διακενῆς
1705 1058 1942 1110 ἀποστα-

359 1165 620 1235 τήσαντες
643 1164 738 1217 τοῦ
772 1161 929 1227 Θεοῦ,
962 1157 1538 1230 καταισχυνθήσονται.

2041 595 2134 648 sed
2162 606 2273 646 non
2306 589 2529 661 perinde
2558 587 2594 640 ii
2617 585 2710 656 qui
2741 584 2857 637 haec
2881 581 3036 636 effari
3060 579 3392 643 didicerunt,
3425 574 3622 644 Exspe-

2044 697 2196 738 ctans
2251 680 2548 752 exspectavi
2601 677 2888 731 Dominum
2910 675 2976 728 '9.
3023 670 3198 740 Ilujus
3247 674 3428 720 autem
3475 665 3616 726 loco,

2044 778 2226 846 iniqua
2267 784 2497 845 agentes,
2536 768 2729 839 reliqui
2775 770 3095 835 interpretes
3129 775 3192 813 ac
3221 757 3420 824 Quinta
3453 755 3620 809 editio

2045 871 2343 939 deﬁcientes
2393 861 2736 933 interpretati
2777 866 2906 914 sunt
2951 877 2962 911 :
2996 869 3106 926 quo
3149 850 3620 922 praevaricatores,

2048 977 2262 1017 necnon
2309 975 2405 1015 eos
2443 959 2536 1028 qui
2571 957 2624 1010 in
2657 953 2894 1025 pristino
2941 964 3108 1018 scopo
3155 961 3219 1000 ac
3253 942 3484 998 consilio
3513 952 3622 992 non

2048 1056 2494 1124 perseverarunt,
2520 1047 2728 1116 pudore
2756 1041 3066 1096 alliciendos
3087 1052 3208 1092 esse
3232 1040 3416 1104 aperte
3441 1028 3623 1084 decla—

2049 1152 2194 1198 rant.
2219 1143 2517 1212 Postquam
2546 1137 2691 1193 enim
2718 1149 2920 1190 vanum
2947 1131 3273 1197 irritumque
3300 1119 3625 1180 defectionis

359 1275 474 1315 suae
507 1259 748 1314 fructum
791 1254 1272 1328 deprehenderint,
1312 1213 1499 1322 utpote
1529 1246 1624 1319 qui
1655 1244 1860 1300 frustra
1894 1255 1922 1294 a
1963 1236 2075 1293 Deo
2113 1235 2465 1300 désciverint,
2499 1234 2555 1288 in
2589 1231 2850 1303 pudorem
2885 1241 2950 1281 ac
3016 1218 3410 1292 turpitudinem
3469 1213 3624 1270 dela-

362 1353 582 1407 bentur.

437 1464 547 1530 Τὰς
579 1461 756 1529 ὁδούς
785 1477 922 1526 σου,
947 1462 1146 1530 Κύριε,
1182 1457 1483 1531 γνώρισόν
1510 1471 1632 1524 μοι,
1687 1450 1783 1504 καὶ
1836 1445 1945 1512 τὰς

363 1557 598 1623 τρίϐους
631 1570 746 1608 σου
776 1555 1026 1620 δίδαξον
1044 1570 1140 1624 με.
1201 1548 1530 1619 Ὀδαὶγησόν
1568 1561 1646 1614 με
1692 1541 1792 1596 ἐπὶ
1831 1539 1946 1606 τὴν

362 1646 652 1714 ἀλήθειάν
673 1662 788 1702 σου
817 1646 917 1701 καὶ
945 1645 1194 1709 δίδαξον
1235 1659 1331 1712 με,
1374 1640 1464 1693 ὅτι
1523 1637 1606 1692 σὺ
1636 1631 1696 1689 εἷ
1728 1636 1760 1688 ὀ
1802 1630 1947 1695 Θεὸς

361 1746 392 1793 ὸ
423 1739 626 1807 Σωτήρ
658 1757 798 1808 μου,
831 1739 930 1792 καὶ
985 1736 1060 1791 σὲ
1109 1733 1398 1804 ὑπέμεινα
1435 1730 1590 1796 ὅλην
1641 1725 1757 1795 τὴν
1805 1721 1950 1792 ’ὴμέ-

362 1848 492 1896 ραν.
525 1831 646 1883 Εἰσὶ
673 1830 730 1884 δὲ
761 1829 871 1883 ὁδοὶ
906 1827 999 1881 τοῦ
1028 1826 1234 1897 Κυρίου
1265 1826 1320 1876 αἱ
1356 1823 1454 1893 τῆς
1493 1815 1748 1892 προνοίας
1780 1812 1944 1868 αὐτοῦ
1978 1863 2019 1918 Β

363 1921 671 1991 διοικήσεις,
700 1919 820 1974 καθ’
850 1919 916 1982 ἃς
978 1918 1045 1970 τὰ
1101 1915 1392 1986 σύμπαντα
1437 1909 1782 1981 διακυϐερνᾷο
1817 1904 1944 1978 περὶ

364 2005 436 2066 ὧν
474 2015 501 2065 ὁ
535 2011 678 2076 θεῖος
732 2009 1049 2072 Ἀπόστολος
1095 2007 1358 2060 διδάσκων
1408 2002 1612 2072 ἔλεγεν·
1651 2000 1718 2053 Ὣ
1754 1997 1946 2062 βάθος

365 2104 632 2157 πλούτου
657 2102 756 2156 καὶ
776 2102 997 2171 σοφίας
1032 2099 1130 2154 καὶ
1162 2097 1436 2169 γνώσεως
1457 2091 1624 2149 Θεοῦο
1656 2092 1736 2156 ὡς
1766 2088 1944 2152 ἀνεξ-

366 2197 652 2265 ερεύνητα
700 2194 773 2249 τὰ
831 2195 1087 2264 κρίματα
1131 2190 1316 2246 αὐτοῦ
1357 2188 1457 2242 καὶ
1500 2184 1946 2254 ἀνεξιχνίαστοι

365 2291 422 2340 at
455 2285 580 2340 ὁδοὶ
609 2285 814 2342 αὐτοῦ.
850 2283 1005 2338 Οῦτω
1050 2283 1106 2335 δὲ
1159 2281 1252 2335 καὶ
1286 2278 1460 2351 τρίὸοι
1515 2273 1680 2328 αὐτοῦ
1737 2267 1845 2324 εἷεν
1889 2269 1945 2324 αἱ

365 2377 504 2431 κατὰ
542 2378 707 2450 μέρος
744 2376 1040 2446 διοικήσεις
1103 2373 1212 2426 τῶν
1263 2372 1420 2433 ὅλων,
1480 2367 1604 2422 καθ’
1642 2365 1710 2429 ἃς
1757 2363 1946 2434 ὥσπερ

365 2469 822 2541 ἐπιπορευόμενος
852 2465 920 2520 τά
947 2483 1007 2519 τε
1049 2466 1171 2518 κατ’
1206 2461 1433 2534 οὐρανὸν
1477 2459 1572 2514 καὶ
1608 2455 1677 2510 τὰ
1704 2454 1797 2510 ἐπὶ
1843 2453 1948 2524 γῆς

365 2563 426 2632 τῇ
458 2562 790 2633 προνοητικῇ
821 2558 1067 2630 δυνάμει,
1091 2555 1311 2628 τρίδους
1359 2549 1550 2607 ἑαυτοῦ
1592 2549 1689 2602 καὶ
1723 2545 1949 2618 πορείας

365 2654 473 2716 τοῖς
503 2653 643 2706 νοεῖν
667 2649 981 2721 δυναμένοις
1038 2647 1296 2700 δείκνυσιο
1354 2643 1433 2696 διὸ
1476 2640 1614 2694 κατὰ
1653 2638 1748 2691 τὸν
1799 2635 1948 2705 Σύμ-

367 2757 559 2810 μαχον,
591 2740 826 2811 εἴρηται,
879 2736 980 2790 καὶ
1013 2735 1120 2800 τὰς
1161 2733 1402 2801 πορείας
1424 2746 1541 2786 σου
1580 2725 1830 2790 δίδαξόν
1851 2740 1946 2794 με.

368 2830 551 2885 Ταῦτα
579 2830 635 2883 δέ
669 2847 735 2901 με
760 2829 1045 2890 διδάσκων,
1080 2825 1371 2896 ἑπίστησόν
1394 2841 1462 2895 με
1485 2825 1550 2892 τῇ
1581 2819 1807 2891 ἀληθείᾳ
1832 2834 1948 2880 σου,

369 2922 504 2988 πρὸς
547 2923 609 2975 τὸ
638 2921 712 2992 μὴ
775 2920 1103 2990 σφάλλεσθαι
1147 2916 1585 2989 ψευδοδοξοῦντα,
1640 2912 1736 2967 καὶ
1789 2911 1954 2981 ἕτερα

371 3013 484 3066 ἀνθ’
522 3013 720 3086 ἑτέρων
762 3016 819 3067 ἑν
870 3016 936 3084 τῇ
991 3011 1100 3065 τῶν
1153 3007 1398 3080 φυσικῶν
1433 3005 1635 3078 θεωρίᾳ
1685 3001 1952 3069 δοξάζειν,

372 3106 530 3158 ὁποῖα
559 3105 890 3158 πεπόνθασιν
917 3107 965 3157 οἱ
993 3103 1086 3157 σοῦ
1111 3101 1204 3156 τοῦ
1248 3099 1384 3154 Θεοῦ
1436 3097 1510 3169 μὴ
1537 3097 1790 3167 τυχόντες
1811 3091 1955 3145 διδα-

373 3196 593 3261 σκάλου,
637 3196 918 3268 λογισμοῖς
941 3197 998 3250 δὲ
1033 3196 1247 3266 θνητοῖς
1276 3192 1370 3246 καὶ
1402 3187 1766 3258 ἀνθρωπίνοις
1791 3203 1955 3240 κατα·
1983 3223 2025 3279 C

373 3287 764 3359 στοχασάμενοι
812 3286 920 3341 τῶν
986 3285 1362 3358 πραγμάτιον,
1416 3283 1511 3335 καὶ
1585 3278 1802 3351 μακρὰν
1856 3278 1956 3348 τῆς

373 3374 630 3446 ἀληθείας
669 3372 1162 3438 ἑξακοντισθέντες.
1224 3368 1502 3439 Διδαχθεὶς
1529 3363 1585 3418 δὲ
1636 3363 1789 3434 παρὰ
1838 3361 1954 3426 σοῦ,

373 3467 453 3519 ὅτι
487 3469 561 3539 μὴ
595 3467 755 3538 μόνον
790 3465 1012 3536 κτίστης
1052 3464 1148 3518 καὶ
1198 3457 1526 3532 δημιουργὸς
1556 3457 1651 3510 καὶ
1694 3455 1828 3518 Θεός
1856 3470 1955 3525 μου

374 3560 683 3632 τυγχάνεις,
714 3557 850 3612 ἀλλὰ
876 3557 968 3610 καὶ
1021 3555 1212 3626 Σωτήρ
1260 3569 1385 3625 μου,
1442 3551 1668 3612 εἰκότως
1721 3546 1797 3600 σὲ
1840 3548 1956 3599 ὑπ-

375 3656 577 3724 έμεινα
595 3651 748 3719 ὅλην
775 3650 891 3718 τὴν
926 3647 1174 3717 ἡμέραν,
1201 3644 1445 3698 τουτέστι
1476 3645 1656 3696 πᾶσαν
1684 3641 1783 3712 τὴν
1814 3638 1958 3709 ζωήν

378 3763 500 3816 μου,
536 3740 891 3816 μεμαθηκὼς,
935 3741 1016 3793 ὅτι
1066 3735 1290 3802 πάντες
1334 3739 1386 3790 οί
1442 3730 1852 3803 ὑπομένοντές
1886 3743 1962 3783 σε

377 3838 446 3891 οὐ
471 3835 557 3906 μὴ
593 3829 1133 3901 καταισχυνθῶσιν.

447 3928 760 3996 Μνήσθητι
787 3925 905 3979 τῶν
953 3919 1266 3990 οἰκτιρμῶν
1319 3932 1456 3981 σου,
1488 3915 1690 3984 Κύριε,
1737 3912 1838 3968 καὶ
1889 3914 1963 3966 τὰ

379 4022 517 4090 ἑλέη
552 4035 689 4084 σου,
717 4017 806 4071 ὅτι
860 4013 978 4071 ἀπὸ
1027 4014 1134 4067 τοῦ
1177 4009 1385 4075 αἰῶνός
1426 4009 1604 4061 εἰσιν.
1651 4003 1963 4073 Ἀμαρτίας

381 4113 658 4181 νεότητός
686 4128 827 4180 μου,
856 4108 954 4162 καὶ
1001 4105 1248 4175 ἀγνοίας
1267 4119 1386 4170 μου
1415 4097 1500 4168 μὴ
1523 4093 1826 4167 μνησθῇς.
1851 4093 1963 4162 Οὐχ

387 4207 619 4278 ἡγοῦμαι
656 4203 827 4257 ταῦτα
881 4199 959 4271 τῷ
1011 4195 1172 4250 Δαυῒδ
1225 4193 1476 4246 τοσοῦτον
1525 4186 1805 4259 ἁρμόζειν,
1840 4184 1962 4236 ὅσον

384 4275 491 4360 τοῖς
516 4275 951 4363 ἑξομολογεῖσθαι
1003 4289 1095 4341 ἑπὶ
1141 4286 1255 4347 τοῖς
1285 4281 1550 4353 πρότερον
1574 4275 1964 4347 ἁμαρτήμασιν

383 4389 589 4445 ἑαυτῶν
615 4362 1046 4455 διδασκομένοις.
1072 4379 1146 4432 Οὐ
1178 4376 1286 4447 γὰρ
1319 4373 1645 4445 εὑρίσκομεν
1687 4366 1780 4420 τὸν
1804 4362 1966 4417 Δαυῒδ

384 4484 440 4534 ἑν
466 4483 532 4552 τῇ
564 4479 778 4548 νεότητι
806 4469 971 4528 αὑτοῦ
1005 4466 1383 4540 ἡμαρτηκότα,
1417 4460 1524 4515 οὐδ’
1553 4462 1610 4512 ἑν
1635 4460 1701 4528 τῇ
1739 4455 1962 4525 παιδικῇ

386 4543 589 4643 ἡλικίᾳε
627 4543 740 4622 ἀλλ’
764 4567 873 4620 οὐδ’
898 4568 956 4618 ἑν
986 4562 1177 4632 ἀγνοίᾳ.
1213 4555 1601 4628 γεγενημένον.
1631 4548 1844 4620 Μήποτ*
1870 4543 1962 4599 οὖν
1998 4569 2040 4621 D

387 4666 420 4734 ἡ
452 4659 766 4716 διδασκαλία
791 4658 866 4720 ὼς
898 4654 1046 4726 παρὰ
1102 4648 1286 4722 ἰατροῦ
1320 4650 1434 4708 τοῖς
1485 4639 1822 4710 νενοσηκόσι,
1867 4638 1962 4690 καὶ

388 4725 446 4809 ἑΙν
466 4757 533 4824 τῇ
555 4752 655 4821 τῆς
681 4749 895 4822 ἡλικίας
937 4725 1090 4815 ἀκμῇ
1143 4741 1291 4802 ἑντδς
1312 4736 1624 4806 γενομένοις
1663 4728 1796 4783 θεοῦ
1824 4725 1965 4796 γνώ-

390 4865 546 4911 σεως,
571 4843 912 4913 νεωτερικοῖς
945 4836 1338 4910 ἁμαρτήμασιν
1371 4822 1854 4897 ὲγκαλινδηθεῖσιν,
1884 4819 1964 4872 δί-

393 4957 492 5010 κην
529 4937 820 5008 φαρμάκου
851 4929 1238 5003 παραδέδοται;
1265 4925 1338 4987 ὡς
1381 4921 1447 4976 ἂν
1481 4917 1741 4991 μαθόντες
1775 4914 1966 4984 ἐξομο-

394 5004 630 5098 λογοῖντο
650 5004 720 5080 τὰ
749 5028 807 5080 ἑν
836 5022 1028 5092 ἀγνοίᾳ
1067 5019 1248 5080 αὐτοῖς
1290 5009 1654 5082 πεπλημμελη
1664 5006 1820 5078 μένα,
1843 5004 1972 5058 ἁνα-

395 5119 760 5180 ιιαλύπτοντες
787 5115 866 5186 τῷ
890 5112 1027 5183 Θεῷ,
1059 5109 1154 5164 καὶ.
1198 5107 1386 5174 ὥσπερ
1435 5099 1638 5154 παλαιὰ
1677 5095 1968 5170 τραύματα

394 5211 492 5282 τῆς
523 5208 728 5263 ἑαυτῶν
758 5183 934 5276 ψυχῆς
955 5196 1394 5270 ἀπογυμνοῦντες
1436 5189 1604 5260 αὐτῷ,
1641 5183 1883 5256 δεόμενοί
1908 5199 1969 5234 τε

401 5274 594 5366 ἰάσεως
622 5302 717 5356 καὶ
744 5274 1038 5369 θεραπείας
1093 5292 1274 5361 τυχεῖν
1316 5285 1403 5340 διὰ
1427 5283 1519 5336 τοῦ
1549 5281 1732 5342 ἐλέους
1783 5274 1968 5339 αὑτοῦ,

399 5395 606 5449 ἕνεκεν
629 5396 742 5458 τῆς
778 5384 1184 5461 χρηστότητος
1210 5397 1348 5438 σου,
1385 5377 1582 5443 Κύριε.

475 5481 742 5552 Χρηστὸς
779 5460 885 5534 οιαὶ
935 5474 1114 5540 εὐθὺς
1140 5477 1171 5527 ό
1198 5473 1432 5538 Κύριος,
1464 5465 1560 5518 διὰ
1589 5460 1764 5516 τοῦτο
1793 5473 1971 5527 νομο-

404 5548 641 5646 arm—just
668 5571 1111 5643 ἁμαρτάνοντας
1138 5566 1207 5617 ὲν
1237 5561 1370 5626 ὁδῷ.
1414 5553 1722 5626 Ὀδηγήσει
1768 5548 1976 5618 πραεῖς

404 5671 475 5723 ἐν
495 5642 712 5737 κρίσει,
745 5663 969 5727 διδάξει
1009 5654 1215 5726 πραεῖς
1241 5653 1346 5718 τὰς
1367 5650 1546 5714 ὀδοὺς
1579 5643 1784 5700 αὐτοῦ.
1821 5642 1976 5711 Χρη-

481 5831 523 5862 "
564 5826 706 5882 I‘sal.
745 5838 945 5880 χχχιχ.
978 5819 1033 5872 9..
1111 5817 1156 5848 ³ο
1199 5813 1356 5866 Rom.
1396 5825 1485 5886 ξι,
1522 5809 1610 5862 55.

2117 1415 2284 1472 Vens.
2320 1416 2372 1470 5.
2415 1415 2541 1470 Vias
2575 1423 2716 1477 tuas,
2757 1410 3003 1472 Domine,
3048 1406 3355 1461 demonstra
3390 1403 3538 1467 mihi,
3572 1412 3624 1458 et

2046 1510 2260 1564 semitas
2303 1519 2423 1562 tuas
2454 1505 2610 1560 edoce
2645 1520 2743 1558 me.
2773 1502 2955 1570 Dirige
2989 1514 3070 1552 me
3111 1497 3166 1550 in
3203 1495 3419 1550 veritate
3453 1501 3544 1547 tua
3576 1502 3626 1548 et

2047 1603 2174 1656 doce
2196 1617 2296 1663 me,
2326 1601 2452 1670 quia
2483 1607 2538 1651 tu
2574 1614 2627 1651 es
2664 1595 2802 1649 Deus
2828 1592 3078 1647 Salvator
3106 1606 3272 1654 meus,
3309 1596 3358 1642 et
3391 1597 3439 1640 te
3459 1588 3625 1642 susti-

2051 1695 2142 1748 nui
2175 1703 2284 1747 tota
2321 1691 2424 1746 die.
2477 1689 2618 1744 Sunt
2663 1700 2828 1757 porro
2870 1683 2971 1739 vitae
2999 1679 3237 1741 Domini,
3273 1677 3624 1749 providentiae

2049 1788 2224 1859 ipsius
2277 1783 2803 1843 administrationes,
2861 1776 3018 1846 queis
3067 1774 3250 1828 omnia
3306 1771 3624 1842 gubernat:

2050 1894 2186 1950 quas
2218 1892 2320 1933 nos
2367 1877 2586 1931 divinus
2633 1871 2826 1928 edocet
2861 1866 3156 1938 Apostolus
3191 1865 3276 1920 liis
3315 1863 3498 1919 verbis
3530 1883 3543 1918 :
3584 1861 3626 1917 0

2051 1971 2280 2026 altitudo
2309 1969 2618 2023 divitiarum
2648 1963 2922 2034 sapientia:
2955 1969 3004 2014 et
3042 1958 3276 2013 scientia:
3311 1955 3447 2010 Dei!
3471 1970 3626 2025 quam

2050 2058 2599 2131 incomprehensibilia
2627 2063 2751 2110 sunt
2772 2052 2984 2123 judicia
3015 2050 3130 2118 ejus
3163 2055 3212 2101 et
3244 2044 3627 2116 investigabiles

2052 2158 2149 2210 via:
2185 2153 2299 2221 ejus
2326 2150 2407 2202 ‘°!
2441 2148 2645 2203 Eadem
2681 2159 2810 2201 vero
2853 2142 3066 2198 ratione
3104 2138 3312 2194 semitae
3340 2135 3483 2205 ejus,
3519 2133 3625 2189 sin-

2052 2247 2191 2318 gulae
2223 2243 2605 2299 universorum
2637 2234 3143 2292 administrationes
3173 2229 3398 2291 fuerint,
3431 2225 3629 2298 quibus

2053 2334 2302 2392 caelestia
2331 2341 2660 2400 terrenaque
2687 2343 2786 2382 ceu
2814 2337 3163 2396 percurrens,
3201 2316 3516 2372 hominibus
3549 2315 3618 2368 in-

2055 2425 2351 2496 telligentia
2391 2422 2633 2494 praeditis
2673 2418 2897 2475 semitas
2944 2423 3379 2486 progressusque
3407 2408 3630 2463 demon-

2056 2529 2196 2576 strat
2237 2532 2402 2582 suos;
2437 2511 2819 2583 quamobrem,
2869 2505 3172 2563 secundum
3219 2499 3631 2573 Symmachum,

2057 2612 2278 2673 (ﬁcitur,
2313 2617 2362 2662 et
2398 2618 2702 2675 progressus
2739 2610 2856 2654 tuos
2879 2597 3034 2653 edoce
3068 2613 3167 2651 me.
3195 2593 3309 2648 Hac
3335 2600 3519 2647 autem
3548 2606 3630 2646 me

2057 2702 2309 2759 doctrina
2344 2697 2661 2757 instituens,
2708 2691 2942 2746 veritate
2981 2698 3076 2742 tua
3119 2688 3382 2741 confirma
3419 2700 3535 2751 me;
3567 2699 3631 2738 nc

2059 2794 2212 2849 labar
2245 2790 2399 2846 falsis
2428 2783 2805 2857 opinionibus,
2849 2795 2956 2834 neu
2992 2779 3047 2832 in
3081 2775 3409 2830 naturalium
3452 2789 3633 2829 rerum

2061 2882 2434 2956 speculatione
2468 2878 2574 2931 alia
2605 2874 2870 2930 aestimem
2900 2885 3000 2940 pro
3025 2869 3168 2931 aliis,
3195 2866 3378 2936 qualia
3408 2865 3475 2920 iis
3495 2865 3627 2919 acci-

2061 2978 2259 3032 derunt
2287 2973 2380 3044 qui
2409 2978 2462 3026 te
2494 2969 2605 3023 Deo
2637 2963 2901 3035 magistro
2932 2977 3041 3016 non
3069 2966 3200 3015 sunt
3224 2956 3330 3020 usi,
3368 2955 3462 3010 sed
3493 2965 3638 3010 mor-

2063 3071 2264 3125 talibus
2319 3061 2686 3130 humanisque
2747 3054 3058 3111 ratiociniis
3117 3065 3148 3104 a
3203 3063 3388 3103 rerum
3449 3045 3640 3101 notitia

2064 3165 2410 3223 aberrarunt,
2444 3163 2499 3212 et
2537 3150 2728 3225 procul
2761 3164 2792 3202 a
2821 3148 3052 3203 veritate
3083 3141 3297 3212 disjecti
3333 3147 3484 3195 sunt.
3529 3139 3643 3190 Abs

2061 3264 2114 3312 te
2148 3255 2228 3312 sic
2262 3253 2513 3311 edoctus,
2557 3253 2610 3300 te
2646 3257 2760 3298 non
2801 3246 3107 3294 creatorem
3142 3233 3326 3296 modo,
3391 3227 3642 3296 Opificem

2060 3348 2252 3412 Deum,
2317 3342 2413 3400 sed
2459 3340 2622 3395 etiam
2661 3335 3006 3390 Servatorem
3043 3342 3165 3384 esse
3206 3339 3407 3386 meum,
3433 3322 3559 3392 jure
3591 3326 3642 3370 te

2059 3438 2290 3495 sustinui
2327 3444 2437 3490 tota
2472 3432 2577 3500 die,
2628 3428 2682 3483 id
2730 3433 2835 3490 est,
2885 3438 2985 3494 per
3020 3428 3192 3476 totum
3224 3418 3351 3472 vita)
3389 3423 3637 3484 tempus.

2060 3546 2264 3604 gnarus
2291 3528 2503 3584 scilicet
2545 3523 2716 3585 illius,
2751 3517 2981 3573 universi
3014 3515 3103 3585 qui
3141 3511 3398 3566 sustinent
3438 3515 3506 3568 te,
3539 3520 3646 3560 non

2061 3621 2470 3696 confunderetur.

2133 3893 2302 3946 Vens.
2355 3888 2412 3955 6,
2460 3888 2511 3942 7.
2563 3882 2914 3938 Reminiscere
2960 3871 3362 3929 miserationum
3409 3875 3638 3922 limitem.

2067 3986 2305 4046 Domine,
2344 3990 2392 4034 et
2441 3971 2932 4031 misericordiarum
2981 3976 3194 4018 tuarum
3227 3975 3345 4030 quae
3379 3975 3412 4011 a
3452 3959 3641 4011 auscultt

2063 4085 2209 4131 sunt.
2237 4072 2443 4126 Delicta
2469 4064 2766 4137 juventutis
2805 4074 2934 4114 mea:
2962 4065 3011 4110 et
3050 4050 3384 4124 ignorantias
3415 4064 3557 4101 meas
3585 4065 3641 4100 ne

2066 4164 2386 4222 memineris.
2410 4159 2536 4214 Haec
2557 4172 2667 4211 non
2692 4163 2802 4208 tam
2829 4147 3022 4204 Davidi
3054 4156 3356 4215 congruere
3385 4139 3644 4202 arbitror,

2065 4272 2228 4329 quam
2271 4254 2338 4307 iis
2373 4252 2466 4322 qui
2518 4246 2832 4303 didicerunt
2877 4237 3111 4310 pristina
3143 4239 3366 4304 peccata
3399 4227 3643 4282 confiteri

2068 4367 2188 4407 sua.
2220 4348 2340 4402 Non
2362 4321 2509 4401 enim
2543 4337 2852 4410 reperimus
2893 4329 3150 4387 Davidem
3189 4326 3244 4380 in
3281 4321 3643 4378 adolescentia

2070 4459 2168 4500 sua
2196 4453 2372 4509 neque
2397 4439 2450 4491 in
2477 4430 2703 4504 juvenili
2730 4435 2888 4482 aetate
2913 4435 3206 4494 peccasse;
3234 4415 3327 4473 sed
3355 4428 3530 4482 neque
3554 4428 3641 4482 per

2073 4503 2436 4606 ignorantiam
2467 4503 2786 4593 deliquisse.
2822 4516 2962 4570 Num
2992 4513 3159 4584 igitur
3182 4508 3432 4563 doctrina
3462 4503 3642 4559 isthmc

2070 4642 2172 4682 ceu
2211 4641 2241 4679 a
2283 4621 2495 4677 medico
2534 4615 2716 4686 :egris,
2753 4622 2807 4668 et
2852 4610 2918 4664 iis
2950 4606 3044 4676 qui
3085 4605 3139 4658 in
3173 4602 3350 4656 {etatis
3383 4598 3515 4652 ﬂore
3556 4594 3643 4649 Dei

2070 4717 2263 4773 notitia
2300 4709 2494 4767 imbuti
2537 4711 2688 4768 sunt,
2727 4711 2890 4770 atque
2933 4699 2989 4752 in
3031 4692 3364 4764 juvenilibus
3411 4688 3642 4757 peccatis

2070 4807 2322 4871 volutati,
2372 4801 2532 4874 quasi
2584 4794 2856 4852 medicina
2906 4787 3104 4844 tradita
3156 4782 3272 4837 est?
3314 4787 3372 4834 ut
3424 4777 3644 4842 eruditi,

2072 4909 2296 4974 peccata
2326 4873 2423 4953 sua
2456 4909 2553 4965 per
2592 4885 2958 4962 ignorantiam
2991 4877 3232 4933 admissa
3264 4873 3644 4932 confiteantur,

2074 4999 2302 5068 ipsaque
2351 4990 2462 5045 Deo
2509 4985 2772 5044 revolent,
2819 4995 2883 5032 ac
2923 4985 3181 5042 tanquam
3227 4975 3411 5024 vetera
3457 4966 3645 5019 anima:

2076 5105 2191 5146 suze
2216 5086 2441 5141 vulnera
2471 5078 2578 5149 ipsi
2608 5076 2884 5144 detegant,
2913 5062 3241 5120 medicinam
3275 5067 3328 5112 et
3358 5055 3645 5110 incolumi-

2076 5191 2240 5238 tatem
2270 5181 2525 5245 rogantes
2556 5185 2653 5240 per
2681 5159 3114 5220 misericordiam
3138 5153 3281 5223 ejus,
3315 5157 3528 5221 prapter
3557 5145 3644 5198 bo-

2076 5275 2297 5328 nitatem
2327 5277 2494 5329 tuam,
2527 5260 2770 5316 Domine.

2152 5448 2321 5504 Vens.
2349 5445 2402 5510 8,
2430 5443 2483 5497 9.
2515 5438 2699 5496 Dulcis
2730 5443 2778 5488 et
2809 5438 2981 5485 rectus
3009 5422 3290 5479 Dominus,
3319 5422 3530 5485 propter
3559 5412 3656 5465 hoc

2085 5546 2243 5614 legem
2269 5539 2418 5592 dabit
2446 5526 2862 5601 delinquentibus
2901 5523 2956 5575 in
2989 5518 3092 5572 via.
3117 5511 3320 5577 Diriget
3351 5511 3648 5559 mansuetos

2084 5597 2386 5704 invjudicio,
2413 5597 2614 5682 docebit
2657 5622 2806 5676 mites
2849 5616 2963 5671 vias
2994 5627 3140 5666 suas.
3193 5600 3378 5657 Dulcis
3400 5637 3418 5668 ,
3454 5597 3649 5667 inquit,
