  <div class='ocr_page' id='page_1' title='image "/cluster/home/n/w/nwhite01/storage/ocr_20150623/23:no.5/coo.31924054873033/129.png"; bbox 0 0 4100 6390; ppageno 0'>
   <div class='ocr_carea' id='block_1_1' title="bbox 449 353 549 410">
    <p class='ocr_par' dir='ltr' id='par_1_1' title="bbox 449 353 549 410">
     <span class='ocr_line' id='line_1_1' title="bbox 449 353 549 410; baseline -0.02 0"><span class='ocrx_word' id='word_1_1' title='bbox 449 353 549 410; x_wconf 67' lang='grc' dir='ltr'><strong>2ἳῖ</strong></span> 
     </span>
    </p>
   </div>
   <div class='ocr_carea' id='block_1_2' title="bbox 1185 351 3037 412">
    <p class='ocr_par' dir='ltr' id='par_1_2' title="bbox 1185 351 3037 412">
     <span class='ocr_line' id='line_1_2' title="bbox 1185 351 3037 412; baseline 0.003 -5"><span class='ocrx_word' id='word_1_2' title='bbox 1185 351 1452 408; x_wconf 82' lang='lat' dir='ltr'><strong>EUSEBII</strong></span> <span class='ocrx_word' id='word_1_3' title='bbox 1488 351 1962 409; x_wconf 73' lang='lat' dir='ltr'><strong>C/ESARIENSIS</strong></span> <span class='ocrx_word' id='word_1_4' title='bbox 1999 351 2147 408; x_wconf 87' lang='lat' dir='ltr'><strong>OPP.</strong></span> <span class='ocrx_word' id='word_1_5' title='bbox 2176 353 2354 409; x_wconf 79' lang='lat' dir='ltr'><strong>PARS</strong></span> <span class='ocrx_word' id='word_1_6' title='bbox 2391 353 2483 410; x_wconf 82' lang='lat' dir='ltr'><strong>Ill.</strong></span> <span class='ocrx_word' id='word_1_7' title='bbox 2525 386 2594 395; x_wconf 97' lang='lat'><em>—</em></span> <span class='ocrx_word' id='word_1_8' title='bbox 2633 355 3037 412; x_wconf 76' lang='lat' dir='ltr'><strong>EXEGETICA.</strong></span> 
     </span>
    </p>
   </div>
   <div class='ocr_carea' id='block_1_3' title="bbox 3589 360 3690 414">
    <p class='ocr_par' dir='ltr' id='par_1_3' title="bbox 3589 360 3690 414">
     <span class='ocr_line' id='line_1_3' title="bbox 3589 360 3690 414; baseline 0 0"><span class='ocrx_word' id='word_1_9' title='bbox 3589 360 3690 414; x_wconf 71' lang='lat'><strong>228</strong></span> 
     </span>
    </p>
   </div>
   <div class='ocr_carea' id='block_1_4' title="bbox 447 447 2007 543">
    <p class='ocr_par' dir='ltr' id='par_1_4' title="bbox 447 471 2007 543">
     <span class='ocr_line' id='line_1_4' title="bbox 447 471 2007 543; baseline -0.004 -12"><span class='ocrx_word' id='word_1_10' title='bbox 447 483 500 531; x_wconf 86' lang='lat' dir='ltr'><strong>et</strong></span> <span class='ocrx_word' id='word_1_11' title='bbox 526 482 710 529; x_wconf 85' lang='lat' dir='ltr'><strong>rectus</strong></span> <span class='ocrx_word' id='word_1_12' title='bbox 745 471 1007 528; x_wconf 89' lang='lat' dir='ltr'><strong>Dominus</strong></span> <span class='ocrx_word' id='word_1_13' title='bbox 1041 480 1147 536; x_wconf 86' lang='lat' dir='ltr'><strong>est,</strong></span> <span class='ocrx_word' id='word_1_14' title='bbox 1179 472 1272 542; x_wconf 87' lang='lat' dir='ltr'><strong>qui</strong></span> <span class='ocrx_word' id='word_1_15' title='bbox 1299 472 1469 542; x_wconf 91' lang='lat' dir='ltr'><strong>probe</strong></span> <span class='ocrx_word' id='word_1_16' title='bbox 1507 473 1690 528; x_wconf 86' lang='lat' dir='ltr'><strong>omnia</strong></span> <span class='ocrx_word' id='word_1_17' title='bbox 1716 474 2007 543; x_wconf 77' lang='lat' dir='ltr'><strong>dispensat,</strong></span> 
     </span>
    </p>
   </div>
   <div class='ocr_carea' id='block_1_5' title="bbox 2100 447 3696 543">
    <p class='ocr_par' dir='ltr' id='par_1_5' title="bbox 2121 447 3696 543">
     <span class='ocr_line' id='line_1_5' title="bbox 2121 447 3696 543; baseline 0.004 -21"><span class='ocrx_word' id='word_1_18' title='bbox 2121 470 2243 532; x_wconf 87' lang='grc' dir='ltr'>στός</span> <span class='ocrx_word' id='word_1_19' title='bbox 2273 472 2422 524; x_wconf 79' lang='grc' dir='ltr'>ἐστιν</span> <span class='ocrx_word' id='word_1_20' title='bbox 2459 447 2557 525; x_wconf 20' lang='grc' dir='ltr'>’καὶ</span> <span class='ocrx_word' id='word_1_21' title='bbox 2621 472 2801 539; x_wconf 71' lang='grc' dir='ltr'>εὑθὶς,</span> <span class='ocrx_word' id='word_1_22' title='bbox 2838 474 3019 543; x_wconf 80' lang='grc' dir='ltr'>φησὶν,</span> <span class='ocrx_word' id='word_1_23' title='bbox 3047 475 3075 526; x_wconf 87' lang='grc' dir='ltr'><strong>ό</strong></span> <span class='ocrx_word' id='word_1_24' title='bbox 3119 471 3340 542; x_wconf 88' lang='grc' dir='ltr'>Κύριος,</span> <span class='ocrx_word' id='word_1_25' title='bbox 3372 468 3432 528; x_wconf 77' lang='grc' dir='ltr'><strong>εὖ</strong></span> <span class='ocrx_word' id='word_1_26' title='bbox 3464 473 3696 530; x_wconf 80' lang='grc' dir='ltr'>διατιθέ-</span> 
     </span>
    </p>
   </div>
   <div class='ocr_carea' id='block_1_6' title="bbox 447 561 2016 632">
    <p class='ocr_par' dir='ltr' id='par_1_6' title="bbox 447 561 2016 632">
     <span class='ocr_line' id='line_1_6' title="bbox 447 561 2016 632; baseline -0.003 -13"><span class='ocrx_word' id='word_1_27' title='bbox 447 571 762 632; x_wconf 90' lang='lat' dir='ltr'><strong>rectamque</strong></span> <span class='ocrx_word' id='word_1_28' title='bbox 793 561 971 632; x_wconf 80' lang='lat' dir='ltr'><strong>diligit</strong></span> <span class='ocrx_word' id='word_1_29' title='bbox 995 562 1164 626; x_wconf 81' lang='lat' dir='ltr'><strong>viam,</strong></span> <span class='ocrx_word' id='word_1_30' title='bbox 1195 576 1258 614; x_wconf 90' lang='lat' dir='ltr'><strong>ac</strong></span> <span class='ocrx_word' id='word_1_31' title='bbox 1290 569 1538 616; x_wconf 91' lang='lat' dir='ltr'><strong>tortuosa</strong></span> <span class='ocrx_word' id='word_1_32' title='bbox 1572 563 1628 616; x_wconf 90' lang='lat' dir='ltr'><strong>in</strong></span> <span class='ocrx_word' id='word_1_33' title='bbox 1670 569 1876 617; x_wconf 86' lang='lat' dir='ltr'><strong>rectum</strong></span> <span class='ocrx_word' id='word_1_34' title='bbox 1903 561 2016 615; x_wconf 87' lang='lat' dir='ltr'><strong>cal-</strong></span> 
     </span>
    </p>
   </div>
   <div class='ocr_carea' id='block_1_7' title="bbox 447 651 2012 722">
    <p class='ocr_par' dir='ltr' id='par_1_7' title="bbox 447 651 2012 722">
     <span class='ocr_line' id='line_1_7' title="bbox 447 651 2012 722; baseline -0.004 -14"><span class='ocrx_word' id='word_1_35' title='bbox 447 655 548 710; x_wconf 86' lang='lat' dir='ltr'><strong>lem</strong></span> <span class='ocrx_word' id='word_1_36' title='bbox 576 652 820 709; x_wconf 90' lang='lat' dir='ltr'><strong>deducit.</strong></span> <span class='ocrx_word' id='word_1_37' title='bbox 850 651 1194 722; x_wconf 75' lang='lat' dir='ltr'><strong>Quapropter</strong></span> <span class='ocrx_word' id='word_1_38' title='bbox 1219 659 1538 718; x_wconf 83' lang='lat' dir='ltr'><strong>peccatores</strong></span> <span class='ocrx_word' id='word_1_39' title='bbox 1565 665 1680 704; x_wconf 84' lang='lat' dir='ltr'><strong>non</strong></span> <span class='ocrx_word' id='word_1_40' title='bbox 1707 659 2012 714; x_wconf 80' lang='lat' dir='ltr'><strong>aversatur,</strong></span> 
     </span>
    </p>
   </div>
   <div class='ocr_carea' id='block_1_8' title="bbox 446 742 2010 816">
    <p class='ocr_par' dir='ltr' id='par_1_8' title="bbox 446 742 2010 816">
     <span class='ocr_line' id='line_1_8' title="bbox 446 742 2010 816; baseline -0.005 -14"><span class='ocrx_word' id='word_1_41' title='bbox 446 762 624 816; x_wconf 89' lang='lat' dir='ltr'><strong>neque</strong></span> <span class='ocrx_word' id='word_1_42' title='bbox 648 743 874 815; x_wconf 88' lang='lat' dir='ltr'><strong>negligit</strong></span> <span class='ocrx_word' id='word_1_43' title='bbox 906 744 1103 799; x_wconf 89' lang='lat' dir='ltr'><strong>sinitve</strong></span> <span class='ocrx_word' id='word_1_44' title='bbox 1143 757 1238 795; x_wconf 92' lang='lat' dir='ltr'><strong>eos</strong></span> <span class='ocrx_word' id='word_1_45' title='bbox 1276 742 1517 808; x_wconf 86' lang='lat' dir='ltr'><strong>peccatis</strong></span> <span class='ocrx_word' id='word_1_46' title='bbox 1546 742 1823 812; x_wconf 84' lang='lat' dir='ltr'><strong>corrumpi</strong></span> <span class='ocrx_word' id='word_1_47' title='bbox 1856 743 1972 797; x_wconf 85' lang='lat' dir='ltr'><strong>suis</strong></span> <span class='ocrx_word' id='word_1_48' title='bbox 1999 761 2010 794; x_wconf 89' lang='lat'><strong>:</strong></span> 
     </span>
    </p>
   </div>
   <div class='ocr_carea' id='block_1_9' title="bbox 446 832 2015 908">
    <p class='ocr_par' dir='ltr' id='par_1_9' title="bbox 446 832 2015 908">
     <span class='ocr_line' id='line_1_9' title="bbox 446 832 2015 908; baseline -0.002 -16"><span class='ocrx_word' id='word_1_49' title='bbox 446 838 539 892; x_wconf 89' lang='lat' dir='ltr'><strong>sed</strong></span> <span class='ocrx_word' id='word_1_50' title='bbox 572 837 729 908; x_wconf 84' lang='lat' dir='ltr'><strong>quasi</strong></span> <span class='ocrx_word' id='word_1_51' title='bbox 757 836 1128 907; x_wconf 83' lang='lat' dir='ltr'><strong>perbumanus</strong></span> <span class='ocrx_word' id='word_1_52' title='bbox 1157 835 1444 904; x_wconf 89' lang='lat' dir='ltr'><strong>bonusque</strong></span> <span class='ocrx_word' id='word_1_53' title='bbox 1485 832 1743 889; x_wconf 84' lang='lat' dir='ltr'><strong>Servator</strong></span> <span class='ocrx_word' id='word_1_54' title='bbox 1772 834 2015 889; x_wconf 82' lang='lat' dir='ltr'><strong>inﬁrmo-</strong></span> 
     </span>
    </p>
   </div>
   <div class='ocr_carea' id='block_1_10' title="bbox 447 925 2010 1000">
    <p class='ocr_par' dir='ltr' id='par_1_10' title="bbox 447 925 2010 1000">
     <span class='ocr_line' id='line_1_10' title="bbox 447 925 2010 1000; baseline -0.003 -17"><span class='ocrx_word' id='word_1_55' title='bbox 447 945 566 983; x_wconf 89' lang='lat' dir='ltr'><strong>rum</strong></span> <span class='ocrx_word' id='word_1_56' title='bbox 631 929 756 1000; x_wconf 90' lang='lat' dir='ltr'><strong>plus</strong></span> <span class='ocrx_word' id='word_1_57' title='bbox 819 943 983 997; x_wconf 86' lang='lat' dir='ltr'><strong>quam</strong></span> <span class='ocrx_word' id='word_1_58' title='bbox 1036 927 1175 981; x_wconf 87' lang='lat' dir='ltr'><strong>bene</strong></span> <span class='ocrx_word' id='word_1_59' title='bbox 1230 925 1546 980; x_wconf 84' lang='lat' dir='ltr'><strong>habentium</strong></span> <span class='ocrx_word' id='word_1_60' title='bbox 1593 939 1781 979; x_wconf 90' lang='lat' dir='ltr'><strong>curam</strong></span> <span class='ocrx_word' id='word_1_61' title='bbox 1839 926 2010 994; x_wconf 91' lang='lat' dir='ltr'><strong>gerit,</strong></span> 
     </span>
    </p>
   </div>
   <div class='ocr_carea' id='block_1_11' title="bbox 447 1016 2009 1092">
    <p class='ocr_par' dir='ltr' id='par_1_11' title="bbox 447 1016 2009 1092">
     <span class='ocr_line' id='line_1_11' title="bbox 447 1016 2009 1092; baseline -0.003 -16"><span class='ocrx_word' id='word_1_62' title='bbox 447 1031 608 1092; x_wconf 84' lang='lat' dir='ltr'><strong>atque</strong></span> <span class='ocrx_word' id='word_1_63' title='bbox 650 1023 784 1092; x_wconf 89' lang='lat' dir='ltr'><strong>ipsis</strong></span> <span class='ocrx_word' id='word_1_64' title='bbox 814 1022 984 1090; x_wconf 90' lang='lat' dir='ltr'><strong>legem</strong></span> <span class='ocrx_word' id='word_1_65' title='bbox 1040 1021 1166 1082; x_wconf 90' lang='lat' dir='ltr'><strong>dat,</strong></span> <span class='ocrx_word' id='word_1_66' title='bbox 1221 1016 1555 1088; x_wconf 57' lang='lat' dir='ltr'><strong>pmnitentia‘.</strong></span> <span class='ocrx_word' id='word_1_67' title='bbox 1575 1016 1692 1072; x_wconf 80' lang='lat' dir='ltr'><strong>vias</strong></span> <span class='ocrx_word' id='word_1_68' title='bbox 1740 1017 2009 1081; x_wconf 89' lang='lat' dir='ltr'><strong>indicans,</strong></span> 
     </span>
    </p>
   </div>
   <div class='ocr_carea' id='block_1_12' title="bbox 447 1111 2013 1187">
    <p class='ocr_par' dir='ltr' id='par_1_12' title="bbox 447 1111 2013 1187">
     <span class='ocr_line' id='line_1_12' title="bbox 447 1111 2013 1187; baseline -0.003 -17"><span class='ocrx_word' id='word_1_69' title='bbox 447 1122 698 1187; x_wconf 77' lang='lat' dir='ltr'><strong>legesque</strong></span> <span class='ocrx_word' id='word_1_70' title='bbox 718 1129 926 1179; x_wconf 86' lang='lat' dir='ltr'><strong>ponens</strong></span> <span class='ocrx_word' id='word_1_71' title='bbox 961 1114 1097 1184; x_wconf 87' lang='lat' dir='ltr'><strong>ipsis</strong></span> <span class='ocrx_word' id='word_1_72' title='bbox 1119 1115 1188 1167; x_wconf 89' lang='lat' dir='ltr'><strong>ad</strong></span> <span class='ocrx_word' id='word_1_73' title='bbox 1219 1113 1448 1167; x_wconf 82' lang='lat' dir='ltr'><strong>salutem</strong></span> <span class='ocrx_word' id='word_1_74' title='bbox 1474 1120 1857 1181; x_wconf 75' lang='lat' dir='ltr'><strong>congruentes.</strong></span> <span class='ocrx_word' id='word_1_75' title='bbox 1877 1111 2013 1166; x_wconf 84' lang='lat' dir='ltr'><strong>Nam</strong></span> 
     </span>
    </p>
   </div>
   <div class='ocr_carea' id='block_1_13' title="bbox 447 1205 2009 1278">
    <p class='ocr_par' dir='ltr' id='par_1_13' title="bbox 447 1205 2009 1278">
     <span class='ocr_line' id='line_1_13' title="bbox 447 1205 2009 1278; baseline -0.001 -19"><span class='ocrx_word' id='word_1_76' title='bbox 447 1210 527 1264; x_wconf 80' lang='lat' dir='ltr'><strong>vel</strong></span> <span class='ocrx_word' id='word_1_77' title='bbox 564 1209 632 1264; x_wconf 90' lang='lat' dir='ltr'><strong>iis</strong></span> <span class='ocrx_word' id='word_1_78' title='bbox 658 1209 749 1278; x_wconf 89' lang='lat' dir='ltr'><strong>qui</strong></span> <span class='ocrx_word' id='word_1_79' title='bbox 794 1215 1026 1277; x_wconf 88' lang='lat' dir='ltr'><strong>peccant</strong></span> <span class='ocrx_word' id='word_1_80' title='bbox 1053 1206 1139 1259; x_wconf 86' lang='lat' dir='ltr'><strong>via</strong></span> <span class='ocrx_word' id='word_1_81' title='bbox 1169 1205 1414 1276; x_wconf 73' lang='lat' dir='ltr'><strong>quaedam</strong></span> <span class='ocrx_word' id='word_1_82' title='bbox 1465 1205 1658 1260; x_wconf 81' lang='lat' dir='ltr'><strong>salutis</strong></span> <span class='ocrx_word' id='word_1_83' title='bbox 1685 1205 2009 1269; x_wconf 84' lang='lat' dir='ltr'><strong>ostenditur,</strong></span> 
     </span>
    </p>
   </div>
   <div class='ocr_carea' id='block_1_14' title="bbox 446 1297 2010 1367">
    <p class='ocr_par' dir='ltr' id='par_1_14' title="bbox 446 1297 2010 1367">
     <span class='ocr_line' id='line_1_14' title="bbox 446 1297 2010 1367; baseline 0 -15"><span class='ocrx_word' id='word_1_84' title='bbox 446 1300 695 1354; x_wconf 80' lang='lat' dir='ltr'><strong>videlicet</strong></span> <span class='ocrx_word' id='word_1_85' title='bbox 729 1297 1143 1363; x_wconf 86' lang='lat' dir='ltr'><strong>conversionis,</strong></span> <span class='ocrx_word' id='word_1_86' title='bbox 1195 1297 1527 1367; x_wconf 64' lang='lat' dir='ltr'><strong>paenitentia:</strong></span> <span class='ocrx_word' id='word_1_87' title='bbox 1551 1336 1566 1360; x_wconf 92' lang='lat'><strong>,</strong></span> <span class='ocrx_word' id='word_1_88' title='bbox 1617 1297 2010 1361; x_wconf 79' lang='lat' dir='ltr'><strong>confessionis,</strong></span> 
     </span>
    </p>
   </div>
   <div class='ocr_carea' id='block_1_15' title="bbox 446 1387 2008 1463">
    <p class='ocr_par' dir='ltr' id='par_1_15' title="bbox 446 1387 2008 1463">
     <span class='ocr_line' id='line_1_15' title="bbox 446 1387 2008 1463; baseline -0.002 -18"><span class='ocrx_word' id='word_1_89' title='bbox 446 1409 561 1463; x_wconf 75' lang='lat' dir='ltr'><strong>qua:</strong></span> <span class='ocrx_word' id='word_1_90' title='bbox 598 1392 816 1462; x_wconf 85' lang='lat' dir='ltr'><strong>quidem</strong></span> <span class='ocrx_word' id='word_1_91' title='bbox 863 1391 966 1444; x_wconf 88' lang='lat' dir='ltr'><strong>alia</strong></span> <span class='ocrx_word' id='word_1_92' title='bbox 999 1398 1084 1445; x_wconf 89' lang='lat' dir='ltr'><strong>est</strong></span> <span class='ocrx_word' id='word_1_93' title='bbox 1115 1404 1144 1442; x_wconf 91' lang='lat' dir='ltr'><strong>a</strong></span> <span class='ocrx_word' id='word_1_94' title='bbox 1189 1389 1275 1442; x_wconf 87' lang='lat' dir='ltr'><strong>via</strong></span> <span class='ocrx_word' id='word_1_95' title='bbox 1315 1388 1573 1459; x_wconf 80' lang='lat' dir='ltr'><strong>perfectis</strong></span> <span class='ocrx_word' id='word_1_96' title='bbox 1611 1388 1744 1444; x_wconf 87' lang='lat' dir='ltr'><strong>viris</strong></span> <span class='ocrx_word' id='word_1_97' title='bbox 1789 1387 2008 1442; x_wconf 87' lang='lat' dir='ltr'><strong>tradita.</strong></span> 
     </span>
    </p>
   </div>
   <div class='ocr_carea' id='block_1_16' title="bbox 445 1481 2008 1555">
    <p class='ocr_par' dir='ltr' id='par_1_16' title="bbox 445 1481 2008 1555">
     <span class='ocr_line' id='line_1_16' title="bbox 445 1481 2008 1555; baseline -0.004 -16"><span class='ocrx_word' id='word_1_98' title='bbox 445 1485 576 1540; x_wconf 79' lang='lat' dir='ltr'><strong>Nam</strong></span> <span class='ocrx_word' id='word_1_99' title='bbox 600 1501 724 1541; x_wconf 90' lang='lat' dir='ltr'><strong>cum</strong></span> <span class='ocrx_word' id='word_1_100' title='bbox 760 1486 930 1555; x_wconf 88' lang='lat' dir='ltr'><strong>legem</strong></span> <span class='ocrx_word' id='word_1_101' title='bbox 956 1484 1050 1538; x_wconf 88' lang='lat' dir='ltr'><strong>dat</strong></span> <span class='ocrx_word' id='word_1_102' title='bbox 1079 1483 1240 1546; x_wconf 86' lang='lat' dir='ltr'><strong>Deus,</strong></span> <span class='ocrx_word' id='word_1_103' title='bbox 1275 1483 1417 1536; x_wconf 90' lang='lat' dir='ltr'><strong>viam</strong></span> <span class='ocrx_word' id='word_1_104' title='bbox 1448 1482 1803 1551; x_wconf 84' lang='lat' dir='ltr'><strong>peccantibus</strong></span> <span class='ocrx_word' id='word_1_105' title='bbox 1825 1481 2008 1544; x_wconf 87' lang='lat' dir='ltr'><strong>aliam,</strong></span> 
     </span>
    </p>
   </div>
   <div class='ocr_carea' id='block_1_17' title="bbox 445 1572 2012 1649">
    <p class='ocr_par' dir='ltr' id='par_1_17' title="bbox 445 1572 2012 1649">
     <span class='ocr_line' id='line_1_17' title="bbox 445 1572 2012 1649; baseline -0.004 -17"><span class='ocrx_word' id='word_1_106' title='bbox 445 1579 602 1632; x_wconf 88' lang='lat' dir='ltr'><strong>aliam</strong></span> <span class='ocrx_word' id='word_1_107' title='bbox 633 1593 662 1632; x_wconf 90' lang='lat' dir='ltr'><strong>a</strong></span> <span class='ocrx_word' id='word_1_108' title='bbox 693 1585 918 1649; x_wconf 86' lang='lat' dir='ltr'><strong>peccato</strong></span> <span class='ocrx_word' id='word_1_109' title='bbox 953 1593 1012 1632; x_wconf 87' lang='lat' dir='ltr'><strong>se</strong></span> <span class='ocrx_word' id='word_1_110' title='bbox 1050 1577 1514 1640; x_wconf 88' lang='lat' dir='ltr'><strong>convertentibus,</strong></span> <span class='ocrx_word' id='word_1_111' title='bbox 1546 1577 1707 1630; x_wconf 89' lang='lat' dir='ltr'><strong>aliam</strong></span> <span class='ocrx_word' id='word_1_112' title='bbox 1738 1575 1804 1628; x_wconf 88' lang='lat' dir='ltr'><strong>iis</strong></span> <span class='ocrx_word' id='word_1_113' title='bbox 1827 1573 1920 1644; x_wconf 87' lang='lat' dir='ltr'><strong>qui</strong></span> <span class='ocrx_word' id='word_1_114' title='bbox 1955 1572 2012 1627; x_wconf 93' lang='lat' dir='ltr'><strong>in</strong></span> 
     </span>
    </p>
   </div>
   <div class='ocr_carea' id='block_1_18' title="bbox 443 1668 2012 1742">
    <p class='ocr_par' dir='ltr' id='par_1_18' title="bbox 443 1668 2012 1742">
     <span class='ocr_line' id='line_1_18' title="bbox 443 1668 2012 1742; baseline -0.004 -16"><span class='ocrx_word' id='word_1_115' title='bbox 443 1673 644 1727; x_wconf 89' lang='lat' dir='ltr'><strong>virtute</strong></span> <span class='ocrx_word' id='word_1_116' title='bbox 668 1671 980 1742; x_wconf 86' lang='lat' dir='ltr'><strong>proﬁciunt,</strong></span> <span class='ocrx_word' id='word_1_117' title='bbox 1010 1672 1170 1726; x_wconf 90' lang='lat' dir='ltr'><strong>aliam</strong></span> <span class='ocrx_word' id='word_1_118' title='bbox 1201 1671 1418 1725; x_wconf 91' lang='lat' dir='ltr'><strong>demum</strong></span> <span class='ocrx_word' id='word_1_119' title='bbox 1450 1668 1865 1740; x_wconf 78' lang='lat' dir='ltr'><strong>perfectioribus</strong></span> <span class='ocrx_word' id='word_1_120' title='bbox 1901 1677 2012 1721; x_wconf 88' lang='lat' dir='ltr'><strong>tra-</strong></span> 
     </span>
    </p>
   </div>
   <div class='ocr_carea' id='block_1_19' title="bbox 445 1759 2012 1832">
    <p class='ocr_par' dir='ltr' id='par_1_19' title="bbox 445 1759 2012 1832">
     <span class='ocr_line' id='line_1_19' title="bbox 445 1759 2012 1832; baseline -0.004 -15"><span class='ocrx_word' id='word_1_121' title='bbox 445 1764 539 1817; x_wconf 88' lang='lat' dir='ltr'><strong>dit.</strong></span> <span class='ocrx_word' id='word_1_122' title='bbox 571 1762 936 1829; x_wconf 80' lang='lat' dir='ltr'><strong>Quamobrem</strong></span> <span class='ocrx_word' id='word_1_123' title='bbox 981 1762 1336 1831; x_wconf 85' lang='lat' dir='ltr'><strong>peccantibus</strong></span> <span class='ocrx_word' id='word_1_124' title='bbox 1382 1761 1600 1832; x_wconf 81' lang='lat' dir='ltr'><strong>quidem</strong></span> <span class='ocrx_word' id='word_1_125' title='bbox 1643 1759 1788 1814; x_wconf 90' lang='lat' dir='ltr'><strong>viam</strong></span> <span class='ocrx_word' id='word_1_126' title='bbox 1825 1765 2012 1813; x_wconf 85' lang='lat' dir='ltr'><strong>osten-</strong></span> 
     </span>
    </p>
   </div>
   <div class='ocr_carea' id='block_1_20' title="bbox 2121 563 3696 636">
    <p class='ocr_par' dir='ltr' id='par_1_20' title="bbox 2121 563 3696 636">
     <span class='ocr_line' id='line_1_20' title="bbox 2121 563 3696 636; baseline 0.004 -20"><span class='ocrx_word' id='word_1_127' title='bbox 2121 581 2280 634; x_wconf 88' lang='grc' dir='ltr'>μενος</span> <span class='ocrx_word' id='word_1_128' title='bbox 2306 563 2372 617; x_wconf 91' lang='grc' dir='ltr'><strong>τά</strong></span> <span class='ocrx_word' id='word_1_129' title='bbox 2405 563 2604 629; x_wconf 82' lang='grc' dir='ltr'>πάντα,</span> <span class='ocrx_word' id='word_1_130' title='bbox 2653 567 2746 618; x_wconf 70' lang='grc' dir='ltr'><strong>καὶ</strong></span> <span class='ocrx_word' id='word_1_131' title='bbox 2783 565 2880 636; x_wconf 82' lang='grc' dir='ltr'>τὴν</span> <span class='ocrx_word' id='word_1_132' title='bbox 2930 566 3142 620; x_wconf 68' lang='grc' dir='ltr'>εὐθεῖαν</span> <span class='ocrx_word' id='word_1_133' title='bbox 3173 565 3292 620; x_wconf 84' lang='grc' dir='ltr'>ὁδὸν</span> <span class='ocrx_word' id='word_1_134' title='bbox 3336 565 3583 634; x_wconf 87' lang='grc' dir='ltr'>ἀγαπῶν,</span> <span class='ocrx_word' id='word_1_135' title='bbox 3627 569 3696 622; x_wconf 70' lang='grc' dir='ltr'><strong>τά</strong></span> 
     </span>
    </p>
   </div>
   <div class='ocr_carea' id='block_1_21' title="bbox 2116 655 3675 732">
    <p class='ocr_par' dir='ltr' id='par_1_21' title="bbox 2116 655 3675 732">
     <span class='ocr_line' id='line_1_21' title="bbox 2116 655 3675 732; baseline 0.003 -24"><span class='ocrx_word' id='word_1_136' title='bbox 2116 673 2174 708; x_wconf 83' lang='grc' dir='ltr'><strong>τε</strong></span> <span class='ocrx_word' id='word_1_137' title='bbox 2198 655 2386 709; x_wconf 85' lang='grc' dir='ltr'>σκολιὰ</span> <span class='ocrx_word' id='word_1_138' title='bbox 2413 657 2493 720; x_wconf 83' lang='grc' dir='ltr'><strong>είς</strong></span> <span class='ocrx_word' id='word_1_139' title='bbox 2527 655 2739 711; x_wconf 76' lang='grc' dir='ltr'>εὐθεῖαν</span> <span class='ocrx_word' id='word_1_140' title='bbox 2769 657 2938 726; x_wconf 76' lang='grc' dir='ltr'>ἄγων.</span> <span class='ocrx_word' id='word_1_141' title='bbox 2984 657 3084 711; x_wconf 89' lang='grc' dir='ltr'>Διὰ</span> <span class='ocrx_word' id='word_1_142' title='bbox 3113 658 3272 713; x_wconf 83' lang='grc' dir='ltr'>τοῦτο</span> <span class='ocrx_word' id='word_1_143' title='bbox 3297 659 3398 712; x_wconf 88' lang='grc' dir='ltr'><strong>οὑκ</strong></span> <span class='ocrx_word' id='word_1_144' title='bbox 3421 660 3675 732; x_wconf 87' lang='grc' dir='ltr'>ἀποστρέ-</span> 
     </span>
    </p>
   </div>
   <div class='ocr_carea' id='block_1_22' title="bbox 2116 747 3689 824">
    <p class='ocr_par' dir='ltr' id='par_1_22' title="bbox 2116 747 3689 824">
     <span class='ocr_line' id='line_1_22' title="bbox 2116 747 3689 824; baseline 0.003 -24"><span class='ocrx_word' id='word_1_145' title='bbox 2116 765 2295 817; x_wconf 88' lang='grc' dir='ltr'>φεται,</span> <span class='ocrx_word' id='word_1_146' title='bbox 2329 747 2449 802; x_wconf 82' lang='grc' dir='ltr'>οὑδὲ</span> <span class='ocrx_word' id='word_1_147' title='bbox 2479 750 2694 822; x_wconf 73' lang='grc' dir='ltr'>παρορᾷ</span> <span class='ocrx_word' id='word_1_148' title='bbox 2721 751 3142 820; x_wconf 70' lang='grc' dir='ltr'>καταλιμπάνων</span> <span class='ocrx_word' id='word_1_149' title='bbox 3160 751 3360 816; x_wconf 80' lang='grc' dir='ltr'>αὑτοὺς</span> <span class='ocrx_word' id='word_1_150' title='bbox 3375 751 3689 824; x_wconf 78' lang='grc' dir='ltr'><strong>φθείρεσθαι</strong></span> 
     </span>
    </p>
   </div>
   <div class='ocr_carea' id='block_1_23' title="bbox 2115 837 3688 914">
    <p class='ocr_par' dir='ltr' id='par_1_23' title="bbox 2115 837 3688 914">
     <span class='ocr_line' id='line_1_23' title="bbox 2115 837 3688 914; baseline 0.003 -22"><span class='ocrx_word' id='word_1_151' title='bbox 2115 844 2235 904; x_wconf 86' lang='grc' dir='ltr'>ταῖς</span> <span class='ocrx_word' id='word_1_152' title='bbox 2281 841 2487 894; x_wconf 78' lang='grc' dir='ltr'>ἑαυτῶν</span> <span class='ocrx_word' id='word_1_153' title='bbox 2518 841 2846 913; x_wconf 75' lang='grc' dir='ltr'><strong>ἁμαρτ¹αις⁹</strong></span> <span class='ocrx_word' id='word_1_154' title='bbox 2901 843 3014 896; x_wconf 83' lang='grc' dir='ltr'>ἀλλ’</span> <span class='ocrx_word' id='word_1_155' title='bbox 3050 837 3137 895; x_wconf 73' lang='grc' dir='ltr'>οἷα</span> <span class='ocrx_word' id='word_1_156' title='bbox 3182 843 3562 914; x_wconf 84' lang='grc' dir='ltr'>φιλάνθρωπος</span> <span class='ocrx_word' id='word_1_157' title='bbox 3597 844 3688 897; x_wconf 70' lang='grc' dir='ltr'>καὶ</span> 
     </span>
    </p>
   </div>
   <div class='ocr_carea' id='block_1_24' title="bbox 2114 931 3689 1010">
    <p class='ocr_par' dir='ltr' id='par_1_24' title="bbox 2114 931 3689 1010">
     <span class='ocr_line' id='line_1_24' title="bbox 2114 931 3689 1010; baseline 0.003 -26"><span class='ocrx_word' id='word_1_158' title='bbox 2114 931 2316 1000; x_wconf 80' lang='grc' dir='ltr'>ἀγαθὸς</span> <span class='ocrx_word' id='word_1_159' title='bbox 2354 931 2542 1010; x_wconf 81' lang='grc' dir='ltr'>Σωτὴρ</span> <span class='ocrx_word' id='word_1_160' title='bbox 2585 933 2879 986; x_wconf 80' lang='grc' dir='ltr'><strong>νοσούντων</strong></span> <span class='ocrx_word' id='word_1_161' title='bbox 2915 932 3112 1003; x_wconf 79' lang='grc' dir='ltr'>μᾶλλον</span> <span class='ocrx_word' id='word_1_162' title='bbox 3142 933 3176 1004; x_wconf 76' lang='grc' dir='ltr'>ἢ</span> <span class='ocrx_word' id='word_1_163' title='bbox 3211 935 3558 1003; x_wconf 80' lang='grc' dir='ltr'>ὑγιαινόντων</span> <span class='ocrx_word' id='word_1_164' title='bbox 3589 935 3689 1006; x_wconf 77' lang='grc' dir='ltr'>τὴν</span> 
     </span>
    </p>
   </div>
   <div class='ocr_carea' id='block_1_25' title="bbox 2115 1023 3688 1098">
    <p class='ocr_par' dir='ltr' id='par_1_25' title="bbox 2115 1023 3688 1098">
     <span class='ocr_line' id='line_1_25' title="bbox 2115 1023 3688 1098; baseline 0.003 -22"><span class='ocrx_word' id='word_1_165' title='bbox 2115 1023 2370 1095; x_wconf 82' lang='grc' dir='ltr'><strong>φροντίδα</strong></span> <span class='ocrx_word' id='word_1_166' title='bbox 2401 1027 2664 1078; x_wconf 87' lang='grc' dir='ltr'>ποιεῖται·</span> <span class='ocrx_word' id='word_1_167' title='bbox 2700 1025 2796 1078; x_wconf 72' lang='grc' dir='ltr'><strong>καὶ</strong></span> <span class='ocrx_word' id='word_1_168' title='bbox 2820 1025 3030 1088; x_wconf 79' lang='grc' dir='ltr'>τούτοις</span> <span class='ocrx_word' id='word_1_169' title='bbox 3068 1026 3367 1096; x_wconf 87' lang='grc' dir='ltr'>νομοθετεῖ,</span> <span class='ocrx_word' id='word_1_170' title='bbox 3405 1027 3688 1098; x_wconf 79' lang='grc' dir='ltr'>μετανοίας</span> 
     </span>
    </p>
   </div>
   <div class='ocr_carea' id='block_1_26' title="bbox 2112 1115 3686 1190">
    <p class='ocr_par' dir='ltr' id='par_1_26' title="bbox 2112 1115 3686 1190">
     <span class='ocr_line' id='line_1_26' title="bbox 2112 1115 3686 1190; baseline 0.002 -21"><span class='ocrx_word' id='word_1_171' title='bbox 2112 1116 2266 1179; x_wconf 83' lang='grc' dir='ltr'><strong>όδοὺς</strong></span> <span class='ocrx_word' id='word_1_172' title='bbox 2299 1116 2615 1180; x_wconf 81' lang='grc' dir='ltr'><strong>ὑποδεικνὺς</strong></span> <span class='ocrx_word' id='word_1_173' title='bbox 2644 1117 2846 1182; x_wconf 87' lang='grc' dir='ltr'>αὑτοῖς,</span> <span class='ocrx_word' id='word_1_174' title='bbox 2869 1117 2962 1171; x_wconf 75' lang='grc' dir='ltr'>καὶ</span> <span class='ocrx_word' id='word_1_175' title='bbox 2992 1115 3187 1186; x_wconf 88' lang='grc' dir='ltr'>νόμους</span> <span class='ocrx_word' id='word_1_176' title='bbox 3203 1119 3328 1182; x_wconf 83' lang='grc' dir='ltr'>τοὺς</span> <span class='ocrx_word' id='word_1_177' title='bbox 3353 1118 3686 1190; x_wconf 79' lang='grc' dir='ltr'>ἁρμόζοντας</span> 
     </span>
    </p>
   </div>
   <div class='ocr_carea' id='block_1_27' title="bbox 2113 1207 3686 1281">
    <p class='ocr_par' dir='ltr' id='par_1_27' title="bbox 2113 1207 3686 1281">
     <span class='ocr_line' id='line_1_27' title="bbox 2113 1207 3686 1281; baseline 0.001 -21"><span class='ocrx_word' id='word_1_178' title='bbox 2113 1207 2296 1271; x_wconf 83' lang='grc' dir='ltr'>αὐτοῖς</span> <span class='ocrx_word' id='word_1_179' title='bbox 2323 1209 2462 1278; x_wconf 81' lang='grc' dir='ltr'>πρὸς</span> <span class='ocrx_word' id='word_1_180' title='bbox 2488 1207 2757 1280; x_wconf 81' lang='grc' dir='ltr'>σωτηρίαν</span> <span class='ocrx_word' id='word_1_181' title='bbox 2804 1207 3255 1279; x_wconf 87' lang='grc' dir='ltr'>παρατιθέμενος.</span> <span class='ocrx_word' id='word_1_182' title='bbox 3294 1209 3450 1262; x_wconf 88' lang='grc' dir='ltr'>Ἔστι</span> <span class='ocrx_word' id='word_1_183' title='bbox 3477 1209 3584 1281; x_wconf 89' lang='grc' dir='ltr'><strong>γάρ</strong></span> <span class='ocrx_word' id='word_1_184' title='bbox 3603 1226 3686 1274; x_wconf 89' lang='grc' dir='ltr'><strong>τις</strong></span> 
     </span>
    </p>
   </div>
   <div class='ocr_carea' id='block_1_28' title="bbox 2113 1299 3685 1372">
    <p class='ocr_par' dir='ltr' id='par_1_28' title="bbox 2113 1299 3685 1372">
     <span class='ocr_line' id='line_1_28' title="bbox 2113 1299 3685 1372; baseline 0.002 -21"><span class='ocrx_word' id='word_1_185' title='bbox 2113 1299 2207 1352; x_wconf 81' lang='grc' dir='ltr'>καὶ</span> <span class='ocrx_word' id='word_1_186' title='bbox 2231 1299 2348 1362; x_wconf 84' lang='grc' dir='ltr'>ὁδὸς</span> <span class='ocrx_word' id='word_1_187' title='bbox 2368 1301 2480 1363; x_wconf 87' lang='grc' dir='ltr'>τοῖς</span> <span class='ocrx_word' id='word_1_188' title='bbox 2518 1301 2917 1371; x_wconf 83' lang='grc' dir='ltr'>ἁμαρτάνουσιν</span> <span class='ocrx_word' id='word_1_189' title='bbox 2949 1300 3354 1372; x_wconf 81' lang='grc' dir='ltr'>ὲπιδεδειγμένη</span> <span class='ocrx_word' id='word_1_190' title='bbox 3397 1301 3685 1372; x_wconf 80' lang='grc' dir='ltr'>σωτηρίας,</span> 
     </span>
    </p>
   </div>
   <div class='ocr_carea' id='block_1_29' title="bbox 2111 1387 3683 1460">
    <p class='ocr_par' dir='ltr' id='par_1_29' title="bbox 2111 1387 3683 1460">
     <span class='ocr_line' id='line_1_29' title="bbox 2111 1387 3683 1460; baseline 0.001 -20"><span class='ocrx_word' id='word_1_191' title='bbox 2111 1389 2144 1458; x_wconf 81' lang='grc' dir='ltr'>ὴ</span> <span class='ocrx_word' id='word_1_192' title='bbox 2175 1387 2277 1457; x_wconf 86' lang='grc' dir='ltr'><strong>τῆς</strong></span> <span class='ocrx_word' id='word_1_193' title='bbox 2303 1389 2638 1460; x_wconf 75' lang='grc' dir='ltr'>ἐπιστροφῆς</span> <span class='ocrx_word' id='word_1_194' title='bbox 2671 1389 2766 1442; x_wconf 71' lang='grc' dir='ltr'><strong>καὶ</strong></span> <span class='ocrx_word' id='word_1_195' title='bbox 2798 1387 3083 1458; x_wconf 82' lang='grc' dir='ltr'>μετανοίας</span> <span class='ocrx_word' id='word_1_196' title='bbox 3111 1388 3204 1442; x_wconf 75' lang='grc' dir='ltr'><strong>καὶ</strong></span> <span class='ocrx_word' id='word_1_197' title='bbox 3226 1388 3683 1460; x_wconf 78' lang='grc' dir='ltr'>ὲξομολογήσεως,</span> 
     </span>
    </p>
   </div>
   <div class='ocr_carea' id='block_1_30' title="bbox 2112 1479 3683 1553">
    <p class='ocr_par' dir='ltr' id='par_1_30' title="bbox 2112 1479 3683 1553">
     <span class='ocr_line' id='line_1_30' title="bbox 2112 1479 3683 1553; baseline 0.001 -21"><span class='ocrx_word' id='word_1_198' title='bbox 2112 1481 2190 1542; x_wconf 82' lang='grc' dir='ltr'><strong>ὡς</strong></span> <span class='ocrx_word' id='word_1_199' title='bbox 2224 1480 2387 1553; x_wconf 79' lang='grc' dir='ltr'>ἑτέρα</span> <span class='ocrx_word' id='word_1_200' title='bbox 2442 1479 2577 1535; x_wconf 82' lang='grc' dir='ltr'>οὖσα</span> <span class='ocrx_word' id='word_1_201' title='bbox 2627 1483 2776 1552; x_wconf 86' lang='grc' dir='ltr'><strong>παρά</strong></span> <span class='ocrx_word' id='word_1_202' title='bbox 2817 1480 2916 1552; x_wconf 81' lang='grc' dir='ltr'>τὴν</span> <span class='ocrx_word' id='word_1_203' title='bbox 2959 1483 3070 1543; x_wconf 83' lang='grc' dir='ltr'>τοῖς</span> <span class='ocrx_word' id='word_1_204' title='bbox 3111 1480 3335 1544; x_wconf 82' lang='grc' dir='ltr'>τελείοις</span> <span class='ocrx_word' id='word_1_205' title='bbox 3377 1481 3683 1553; x_wconf 82' lang='grc' dir='ltr'><strong>δεδομένην.</strong></span> 
     </span>
    </p>
   </div>
   <div class='ocr_carea' id='block_1_31' title="bbox 2112 1571 3688 1646">
    <p class='ocr_par' dir='ltr' id='par_1_31' title="bbox 2112 1571 3688 1646">
     <span class='ocr_line' id='line_1_31' title="bbox 2112 1571 3688 1646; baseline 0.001 -21"><span class='ocrx_word' id='word_1_206' title='bbox 2112 1572 2438 1644; x_wconf 77' lang='grc' dir='ltr'>Νομοθετῶν</span> <span class='ocrx_word' id='word_1_207' title='bbox 2503 1573 2613 1645; x_wconf 82' lang='grc' dir='ltr'>γὰρ</span> <span class='ocrx_word' id='word_1_208' title='bbox 2654 1576 2682 1627; x_wconf 86' lang='grc' dir='ltr'><strong>ό</strong></span> <span class='ocrx_word' id='word_1_209' title='bbox 2731 1572 2884 1636; x_wconf 78' lang='grc' dir='ltr'>Θεὸς,</span> <span class='ocrx_word' id='word_1_210' title='bbox 2926 1571 3095 1645; x_wconf 79' lang='grc' dir='ltr'>ἄλλην</span> <span class='ocrx_word' id='word_1_211' title='bbox 3135 1573 3239 1644; x_wconf 78' lang='grc' dir='ltr'>μὲν</span> <span class='ocrx_word' id='word_1_212' title='bbox 3283 1573 3688 1646; x_wconf 81' lang='grc' dir='ltr'>ἁμαρτάνουσιν</span> 
     </span>
    </p>
   </div>
   <div class='ocr_carea' id='block_1_32' title="bbox 2110 1663 3679 1738">
    <p class='ocr_par' dir='ltr' id='par_1_32' title="bbox 2110 1663 3679 1738">
     <span class='ocr_line' id='line_1_32' title="bbox 2110 1663 3679 1738; baseline 0.003 -23"><span class='ocrx_word' id='word_1_213' title='bbox 2110 1663 2228 1716; x_wconf 80' lang='grc' dir='ltr'>ὁδὸν</span> <span class='ocrx_word' id='word_1_214' title='bbox 2255 1663 2543 1728; x_wconf 88' lang='grc' dir='ltr'>δείκνυσιν,</span> <span class='ocrx_word' id='word_1_215' title='bbox 2575 1664 2836 1735; x_wconf 82' lang='grc' dir='ltr'>έτέρανδὲ</span> <span class='ocrx_word' id='word_1_216' title='bbox 2862 1667 2975 1728; x_wconf 84' lang='grc' dir='ltr'>τοῖς</span> <span class='ocrx_word' id='word_1_217' title='bbox 3003 1664 3418 1736; x_wconf 78' lang='grc' dir='ltr'>ἐπιστρέφουσιν</span> <span class='ocrx_word' id='word_1_218' title='bbox 3434 1665 3492 1730; x_wconf 76' lang='grc' dir='ltr'><strong>ἐξ</strong></span> <span class='ocrx_word' id='word_1_219' title='bbox 3512 1667 3679 1738; x_wconf 87' lang='grc' dir='ltr'>ἁμαρ-</span> 
     </span>
    </p>
   </div>
   <div class='ocr_carea' id='block_1_33' title="bbox 2112 1755 3684 1829">
    <p class='ocr_par' dir='ltr' id='par_1_33' title="bbox 2112 1755 3684 1829">
     <span class='ocr_line' id='line_1_33' title="bbox 2112 1755 3684 1829; baseline 0.002 -22"><span class='ocrx_word' id='word_1_220' title='bbox 2112 1755 2252 1820; x_wconf 89' lang='grc' dir='ltr'>τίας,</span> <span class='ocrx_word' id='word_1_221' title='bbox 2307 1757 2400 1809; x_wconf 78' lang='grc' dir='ltr'><strong>καὶ</strong></span> <span class='ocrx_word' id='word_1_222' title='bbox 2453 1756 2619 1827; x_wconf 79' lang='grc' dir='ltr'>ἀλλην</span> <span class='ocrx_word' id='word_1_223' title='bbox 2650 1756 2812 1810; x_wconf 85' lang='grc' dir='ltr'>πάλιν</span> <span class='ocrx_word' id='word_1_224' title='bbox 2843 1759 2956 1820; x_wconf 84' lang='grc' dir='ltr'>τοῖς</span> <span class='ocrx_word' id='word_1_225' title='bbox 2985 1759 3043 1811; x_wconf 82' lang='grc' dir='ltr'>ὲν</span> <span class='ocrx_word' id='word_1_226' title='bbox 3089 1759 3256 1828; x_wconf 80' lang='grc' dir='ltr'>ἀρετῇ</span> <span class='ocrx_word' id='word_1_227' title='bbox 3294 1759 3684 1829; x_wconf 84' lang='grc' dir='ltr'>προκόπτουσι,</span> 
     </span>
    </p>
   </div>
   <div class='ocr_carea' id='block_1_34' title="bbox 444 1831 2007 1930">
    <p class='ocr_par' dir='ltr' id='par_1_34' title="bbox 444 1831 2007 1924">
     <span class='ocr_line' id='line_1_34' title="bbox 444 1831 2007 1924; baseline -0.005 -13"><span class='ocrx_word' id='word_1_228' title='bbox 444 1858 551 1923; x_wconf 83' lang='lat' dir='ltr'><strong>dit;</strong></span> <span class='ocrx_word' id='word_1_229' title='bbox 587 1863 908 1909; x_wconf 89' lang='lat' dir='ltr'><strong>mansuetos</strong></span> <span class='ocrx_word' id='word_1_230' title='bbox 960 1869 1084 1908; x_wconf 91' lang='lat' dir='ltr'><strong>cum</strong></span> <span class='ocrx_word' id='word_1_231' title='bbox 1121 1853 1329 1924; x_wconf 87' lang='lat' dir='ltr'><strong>judicio</strong></span> <span class='ocrx_word' id='word_1_232' title='bbox 1393 1831 1626 1924; x_wconf 77' lang='lat' dir='ltr'><strong>diriget,</strong></span> <span class='ocrx_word' id='word_1_233' title='bbox 1673 1865 2007 1921; x_wconf 82' lang='lat' dir='ltr'><strong>eorumque,</strong></span> 
     </span>
    </p>
   </div>
   <div class='ocr_carea' id='block_1_35' title="bbox 2100 1831 3662 1930">
    <p class='ocr_par' dir='ltr' id='par_1_35' title="bbox 2115 1847 3662 1920">
     <span class='ocr_line' id='line_1_35' title="bbox 2115 1847 3662 1920; baseline 0.001 -20"><span class='ocrx_word' id='word_1_234' title='bbox 2115 1847 2208 1900; x_wconf 79' lang='grc' dir='ltr'>καὶ</span> <span class='ocrx_word' id='word_1_235' title='bbox 2251 1848 2443 1918; x_wconf 74' lang='grc' dir='ltr'>ἑτέραν</span> <span class='ocrx_word' id='word_1_236' title='bbox 2480 1851 2593 1912; x_wconf 86' lang='grc' dir='ltr'>τοῖς</span> <span class='ocrx_word' id='word_1_237' title='bbox 2649 1848 3020 1920; x_wconf 86' lang='grc' dir='ltr'>τελειοτέροις.</span> <span class='ocrx_word' id='word_1_238' title='bbox 3051 1849 3142 1902; x_wconf 83' lang='grc' dir='ltr'><strong>Διὸ</strong></span> <span class='ocrx_word' id='word_1_239' title='bbox 3172 1852 3284 1912; x_wconf 87' lang='grc' dir='ltr'>τοῖς</span> <span class='ocrx_word' id='word_1_240' title='bbox 3314 1851 3412 1920; x_wconf 84' lang='grc' dir='ltr'><strong>μὲν</strong></span> <span class='ocrx_word' id='word_1_241' title='bbox 3443 1851 3662 1920; x_wconf 82' lang='grc' dir='ltr'>ἁμαρτά</span> 
     </span>
    </p>
   </div>
   <div class='ocr_carea' id='block_1_36' title="bbox 443 1947 2012 2021">
    <p class='ocr_par' dir='ltr' id='par_1_36' title="bbox 443 1947 2012 2021">
     <span class='ocr_line' id='line_1_36' title="bbox 443 1947 2012 2021; baseline -0.001 -19"><span class='ocrx_word' id='word_1_242' title='bbox 443 1959 628 2021; x_wconf 79' lang='lat' dir='ltr'><strong>utpote</strong></span> <span class='ocrx_word' id='word_1_243' title='bbox 660 1949 1046 2021; x_wconf 80' lang='lat' dir='ltr'><strong>perfectiorum</strong></span> <span class='ocrx_word' id='word_1_244' title='bbox 1071 1990 1085 2010; x_wconf 90' lang='lat'><strong>.</strong></span> <span class='ocrx_word' id='word_1_245' title='bbox 1132 1965 1320 2003; x_wconf 90' lang='lat' dir='ltr'><strong>curam</strong></span> <span class='ocrx_word' id='word_1_246' title='bbox 1377 1955 1561 2018; x_wconf 82' lang='lat' dir='ltr'><strong>geret:</strong></span> <span class='ocrx_word' id='word_1_247' title='bbox 1607 1961 1778 2017; x_wconf 88' lang='lat' dir='ltr'><strong>quare</strong></span> <span class='ocrx_word' id='word_1_248' title='bbox 1818 1947 2012 2016; x_wconf 83' lang='lat' dir='ltr'><strong>dignos</strong></span> 
     </span>
    </p>
   </div>
   <div class='ocr_carea' id='block_1_37' title="bbox 442 2023 2008 2110">
    <p class='ocr_par' dir='ltr' id='par_1_37' title="bbox 442 2023 2008 2110">
     <span class='ocr_line' id='line_1_37' title="bbox 442 2023 2008 2110; baseline -0.005 -15"><span class='ocrx_word' id='word_1_249' title='bbox 442 2056 533 2096; x_wconf 85' lang='lat' dir='ltr'><strong>eos</strong></span> <span class='ocrx_word' id='word_1_250' title='bbox 568 2041 661 2110; x_wconf 90' lang='lat' dir='ltr'><strong>qui</strong></span> <span class='ocrx_word' id='word_1_251' title='bbox 693 2040 835 2094; x_wconf 90' lang='lat' dir='ltr'><strong>beati</strong></span> <span class='ocrx_word' id='word_1_252' title='bbox 887 2038 1322 2108; x_wconf 64' lang='lat' dir='ltr'><strong>prmdicarentur</strong></span> <span class='ocrx_word' id='word_1_253' title='bbox 1361 2023 1673 2099; x_wconf 58' lang='lat' dir='ltr'><strong>aestimavit,</strong></span> <span class='ocrx_word' id='word_1_254' title='bbox 1711 2034 2008 2089; x_wconf 90' lang='lat' dir='ltr'><strong>secundum</strong></span> 
     </span>
    </p>
   </div>
   <div class='ocr_carea' id='block_1_38' title="bbox 442 2127 2011 2200">
    <p class='ocr_par' dir='ltr' id='par_1_38' title="bbox 442 2127 2011 2200">
     <span class='ocr_line' id='line_1_38' title="bbox 442 2127 2011 2200; baseline -0.004 -14"><span class='ocrx_word' id='word_1_255' title='bbox 442 2133 571 2187; x_wconf 77' lang='lat' dir='ltr'><strong>Illud</strong></span> <span class='ocrx_word' id='word_1_256' title='bbox 600 2127 631 2186; x_wconf 24' lang='lat'><strong>:1</strong></span> <span class='ocrx_word' id='word_1_257' title='bbox 663 2131 817 2186; x_wconf 89' lang='lat' dir='ltr'><strong>Beati</strong></span> <span class='ocrx_word' id='word_1_258' title='bbox 877 2132 1030 2184; x_wconf 81' lang='lat' dir='ltr'><strong>mites</strong></span> <span class='ocrx_word' id='word_1_259' title='bbox 1052 2171 1066 2194; x_wconf 95' lang='lat'><strong>,</strong></span> <span class='ocrx_word' id='word_1_260' title='bbox 1097 2130 1343 2200; x_wconf 85' lang='lat' dir='ltr'><strong>quoniam</strong></span> <span class='ocrx_word' id='word_1_261' title='bbox 1392 2129 1491 2196; x_wconf 81' lang='lat' dir='ltr'><strong>ipsi</strong></span> <span class='ocrx_word' id='word_1_262' title='bbox 1530 2128 1865 2197; x_wconf 83' lang='lat' dir='ltr'><strong>possidebunt</strong></span> <span class='ocrx_word' id='word_1_263' title='bbox 1905 2136 2011 2180; x_wconf 88' lang='lat' dir='ltr'><strong>ter-</strong></span> 
     </span>
    </p>
   </div>
   <div class='ocr_carea' id='block_1_39' title="bbox 442 2219 2008 2278">
    <p class='ocr_par' dir='ltr' id='par_1_39' title="bbox 442 2219 2008 2278">
     <span class='ocr_line' id='line_1_39' title="bbox 442 2219 2008 2278; baseline -0.001 -2"><span class='ocrx_word' id='word_1_264' title='bbox 442 2242 555 2278; x_wconf 89' lang='lat' dir='ltr'><strong>ram</strong></span> <span class='ocrx_word' id='word_1_265' title='bbox 599 2223 665 2278; x_wconf 81' lang='grc'><strong>⁸³.</strong></span> <span class='ocrx_word' id='word_1_266' title='bbox 708 2221 820 2277; x_wconf 85' lang='lat' dir='ltr'><strong>Hos</strong></span> <span class='ocrx_word' id='word_1_267' title='bbox 869 2223 1032 2277; x_wconf 90' lang='lat' dir='ltr'><strong>etiam</strong></span> <span class='ocrx_word' id='word_1_268' title='bbox 1085 2222 1247 2275; x_wconf 84' lang='lat' dir='ltr'><strong>docet</strong></span> <span class='ocrx_word' id='word_1_269' title='bbox 1272 2221 1390 2275; x_wconf 86' lang='lat' dir='ltr'><strong>vias</strong></span> <span class='ocrx_word' id='word_1_270' title='bbox 1435 2235 1582 2275; x_wconf 88' lang='lat' dir='ltr'><strong>suas.</strong></span> <span class='ocrx_word' id='word_1_271' title='bbox 1637 2219 1778 2274; x_wconf 78' lang='lat' dir='ltr'><strong>Loco</strong></span> <span class='ocrx_word' id='word_1_272' title='bbox 1829 2227 2008 2274; x_wconf 90' lang='lat' dir='ltr'><strong>autem</strong></span> 
     </span>
    </p>
   </div>
   <div class='ocr_carea' id='block_1_40' title="bbox 443 2312 2010 2384">
    <p class='ocr_par' dir='ltr' id='par_1_40' title="bbox 443 2312 2010 2384">
     <span class='ocr_line' id='line_1_40' title="bbox 443 2312 2010 2384; baseline -0.004 -14"><span class='ocrx_word' id='word_1_273' title='bbox 443 2317 613 2382; x_wconf 90' lang='lat' dir='ltr'><strong>illius,</strong></span> <span class='ocrx_word' id='word_1_274' title='bbox 646 2317 755 2370; x_wconf 83' lang='lat' dir='ltr'><strong>vias</strong></span> <span class='ocrx_word' id='word_1_275' title='bbox 787 2329 912 2369; x_wconf 81' lang='lat' dir='ltr'><strong>suas</strong></span> <span class='ocrx_word' id='word_1_276' title='bbox 939 2329 958 2366; x_wconf 91' lang='lat'><strong><em>:</em></strong></span> <span class='ocrx_word' id='word_1_277' title='bbox 987 2314 1179 2383; x_wconf 81' lang='lat' dir='ltr'><strong>Aquila</strong></span> <span class='ocrx_word' id='word_1_278' title='bbox 1207 2322 1261 2368; x_wconf 91' lang='lat' dir='ltr'><strong>et</strong></span> <span class='ocrx_word' id='word_1_279' title='bbox 1291 2312 1673 2384; x_wconf 79' lang='lat' dir='ltr'><strong>Symmachus,</strong></span> <span class='ocrx_word' id='word_1_280' title='bbox 1698 2313 1834 2366; x_wconf 80' lang='lat' dir='ltr'><strong>viam</strong></span> <span class='ocrx_word' id='word_1_281' title='bbox 1857 2329 2010 2366; x_wconf 85' lang='lat' dir='ltr'><strong>suam</strong></span> 
     </span>
    </p>
   </div>
   <div class='ocr_carea' id='block_1_41' title="bbox 443 2406 2011 2476">
    <p class='ocr_par' dir='ltr' id='par_1_41' title="bbox 443 2406 2011 2476">
     <span class='ocr_line' id='line_1_41' title="bbox 443 2406 2011 2476; baseline -0.003 -13"><span class='ocrx_word' id='word_1_282' title='bbox 443 2408 722 2464; x_wconf 77' lang='lat' dir='ltr'><strong>dixerunt.</strong></span> <span class='ocrx_word' id='word_1_283' title='bbox 760 2407 894 2460; x_wconf 87' lang='lat' dir='ltr'><strong>Nam</strong></span> <span class='ocrx_word' id='word_1_284' title='bbox 925 2423 986 2461; x_wconf 91' lang='lat' dir='ltr'><strong>ea</strong></span> <span class='ocrx_word' id='word_1_285' title='bbox 1022 2407 1138 2476; x_wconf 90' lang='lat' dir='ltr'><strong>ipsa</strong></span> <span class='ocrx_word' id='word_1_286' title='bbox 1161 2407 1246 2459; x_wconf 85' lang='lat' dir='ltr'><strong>via</strong></span> <span class='ocrx_word' id='word_1_287' title='bbox 1291 2406 1542 2460; x_wconf 80' lang='lat' dir='ltr'><strong>Salvator</strong></span> <span class='ocrx_word' id='word_1_288' title='bbox 1573 2406 1818 2469; x_wconf 87' lang='lat' dir='ltr'><strong>incessit,</strong></span> <span class='ocrx_word' id='word_1_289' title='bbox 1848 2414 2011 2475; x_wconf 89' lang='lat' dir='ltr'><strong>prout</strong></span> 
     </span>
    </p>
   </div>
   <div class='ocr_carea' id='block_1_42' title="bbox 443 2495 2009 2566">
    <p class='ocr_par' dir='ltr' id='par_1_42' title="bbox 443 2495 2009 2566">
     <span class='ocr_line' id='line_1_42' title="bbox 443 2495 2009 2566; baseline -0.001 -14"><span class='ocrx_word' id='word_1_290' title='bbox 443 2499 683 2552; x_wconf 89' lang='lat' dir='ltr'><strong>dicitur:</strong></span> <span class='ocrx_word' id='word_1_291' title='bbox 731 2497 930 2552; x_wconf 79' lang='lat' dir='ltr'><strong>Discite</strong></span> <span class='ocrx_word' id='word_1_292' title='bbox 977 2514 1009 2550; x_wconf 82' lang='grc' dir='ltr'><strong>α</strong></span> <span class='ocrx_word' id='word_1_293' title='bbox 1053 2513 1133 2550; x_wconf 88' lang='lat' dir='ltr'><strong>me</strong></span> <span class='ocrx_word' id='word_1_294' title='bbox 1176 2497 1302 2566; x_wconf 85' lang='lat' dir='ltr'><strong>quia</strong></span> <span class='ocrx_word' id='word_1_295' title='bbox 1341 2497 1486 2550; x_wconf 90' lang='lat' dir='ltr'><strong>mitis</strong></span> <span class='ocrx_word' id='word_1_296' title='bbox 1535 2514 1652 2551; x_wconf 87' lang='lat' dir='ltr'><strong>sum</strong></span> <span class='ocrx_word' id='word_1_297' title='bbox 1695 2505 1746 2551; x_wconf 84' lang='lat' dir='ltr'><strong>et</strong></span> <span class='ocrx_word' id='word_1_298' title='bbox 1794 2495 2009 2550; x_wconf 81' lang='lat' dir='ltr'><strong>humilis</strong></span> 
     </span>
    </p>
   </div>
   <div class='ocr_carea' id='block_1_43' title="bbox 443 2587 2011 2659">
    <p class='ocr_par' dir='ltr' id='par_1_43' title="bbox 443 2587 2011 2659">
     <span class='ocr_line' id='line_1_43' title="bbox 443 2587 2011 2659; baseline -0.001 -17"><span class='ocrx_word' id='word_1_299' title='bbox 443 2587 594 2642; x_wconf 85' lang='lat' dir='ltr'><strong>corde</strong></span> <span class='ocrx_word' id='word_1_300' title='bbox 617 2589 682 2643; x_wconf 83' lang='grc'><strong>³¹.</strong></span> <span class='ocrx_word' id='word_1_301' title='bbox 731 2587 928 2643; x_wconf 83' lang='lat' dir='ltr'><strong>Eadem</strong></span> <span class='ocrx_word' id='word_1_302' title='bbox 985 2588 1151 2659; x_wconf 88' lang='lat' dir='ltr'><strong>igitur</strong></span> <span class='ocrx_word' id='word_1_303' title='bbox 1209 2590 1326 2657; x_wconf 91' lang='lat' dir='ltr'><strong>ipsa</strong></span> <span class='ocrx_word' id='word_1_304' title='bbox 1385 2587 1468 2640; x_wconf 85' lang='lat' dir='ltr'><strong>via</strong></span> <span class='ocrx_word' id='word_1_305' title='bbox 1527 2589 1650 2642; x_wconf 92' lang='lat' dir='ltr'><strong>illos</strong></span> <span class='ocrx_word' id='word_1_306' title='bbox 1693 2587 1914 2642; x_wconf 89' lang='lat' dir='ltr'><strong>deducit</strong></span> <span class='ocrx_word' id='word_1_307' title='bbox 1956 2594 2011 2642; x_wconf 91' lang='lat' dir='ltr'><strong>et</strong></span> 
     </span>
    </p>
   </div>
   <div class='ocr_carea' id='block_1_44' title="bbox 441 2677 2003 2751">
    <p class='ocr_par' dir='ltr' id='par_1_44' title="bbox 441 2677 2003 2751">
     <span class='ocr_line' id='line_1_44' title="bbox 441 2677 2003 2751; baseline 0.001 -19"><span class='ocrx_word' id='word_1_308' title='bbox 441 2681 595 2750; x_wconf 85' lang='lat' dir='ltr'><strong>quasi</strong></span> <span class='ocrx_word' id='word_1_309' title='bbox 637 2695 797 2734; x_wconf 89' lang='lat' dir='ltr'><strong>manu</strong></span> <span class='ocrx_word' id='word_1_310' title='bbox 832 2679 1040 2750; x_wconf 79' lang='lat' dir='ltr'><strong>dirigit.</strong></span> <span class='ocrx_word' id='word_1_311' title='bbox 1092 2677 1300 2734; x_wconf 88' lang='lat' dir='ltr'><strong>Idcirco</strong></span> <span class='ocrx_word' id='word_1_312' title='bbox 1335 2687 1396 2733; x_wconf 91' lang='lat' dir='ltr'><strong>ut</strong></span> <span class='ocrx_word' id='word_1_313' title='bbox 1439 2680 1661 2750; x_wconf 87' lang='lat' dir='ltr'><strong>sapiens</strong></span> <span class='ocrx_word' id='word_1_314' title='bbox 1709 2679 2003 2751; x_wconf 88' lang='lat' dir='ltr'><strong>legislator,</strong></span> 
     </span>
    </p>
   </div>
   <div class='ocr_carea' id='block_1_45' title="bbox 440 2772 2010 2840">
    <p class='ocr_par' dir='ltr' id='par_1_45' title="bbox 440 2772 2010 2840">
     <span class='ocr_line' id='line_1_45' title="bbox 440 2772 2010 2840; baseline -0.001 -12"><span class='ocrx_word' id='word_1_315' title='bbox 440 2773 598 2828; x_wconf 81' lang='lat' dir='ltr'><strong>aliam</strong></span> <span class='ocrx_word' id='word_1_316' title='bbox 631 2773 1048 2840; x_wconf 87' lang='lat' dir='ltr'><strong>peccatoribus,</strong></span> <span class='ocrx_word' id='word_1_317' title='bbox 1093 2772 1320 2828; x_wconf 87' lang='lat' dir='ltr'><strong>mitibus</strong></span> <span class='ocrx_word' id='word_1_318' title='bbox 1367 2777 1593 2828; x_wconf 83' lang='lat' dir='ltr'><strong>alteram</strong></span> <span class='ocrx_word' id='word_1_319' title='bbox 1637 2772 1780 2827; x_wconf 84' lang='lat' dir='ltr'><strong>viam</strong></span> <span class='ocrx_word' id='word_1_320' title='bbox 1823 2780 2010 2828; x_wconf 88' lang='lat' dir='ltr'><strong>osten-</strong></span> 
     </span>
    </p>
   </div>
   <div class='ocr_carea' id='block_1_46' title="bbox 438 2865 536 2920">
    <p class='ocr_par' dir='ltr' id='par_1_46' title="bbox 438 2865 536 2920">
     <span class='ocr_line' id='line_1_46' title="bbox 438 2865 536 2920; baseline 0.031 -3"><span class='ocrx_word' id='word_1_321' title='bbox 438 2865 536 2920; x_wconf 71' lang='lat' dir='ltr'><strong>dit.</strong></span> 
     </span>
    </p>
   </div>
   <div class='ocr_carea' id='block_1_47' title="bbox 506 3125 2008 3189">
    <p class='ocr_par' dir='ltr' id='par_1_47' title="bbox 506 3125 2008 3189">
     <span class='ocr_line' id='line_1_47' title="bbox 506 3125 2008 3189; baseline -0.001 -9"><span class='ocrx_word' id='word_1_322' title='bbox 506 3125 674 3182; x_wconf 70' lang='lat' dir='ltr'><strong>Vnus.</strong></span> <span class='ocrx_word' id='word_1_323' title='bbox 713 3127 800 3182; x_wconf 72' lang='lat'><strong>10.</strong></span> <span class='ocrx_word' id='word_1_324' title='bbox 848 3125 1113 3181; x_wconf 70' lang='lat' dir='ltr'><strong>Universw</strong></span> <span class='ocrx_word' id='word_1_325' title='bbox 1150 3126 1246 3181; x_wconf 78' lang='lat' dir='ltr'><strong>via:</strong></span> <span class='ocrx_word' id='word_1_326' title='bbox 1283 3125 1521 3189; x_wconf 84' lang='lat' dir='ltr'><strong>Domini,</strong></span> <span class='ocrx_word' id='word_1_327' title='bbox 1547 3126 1917 3180; x_wconf 74' lang='lat' dir='ltr'><strong>misericordia</strong></span> <span class='ocrx_word' id='word_1_328' title='bbox 1958 3135 2008 3180; x_wconf 91' lang='lat' dir='ltr'><strong>et</strong></span> 
     </span>
    </p>
   </div>
   <div class='ocr_carea' id='block_1_48' title="bbox 439 3219 2009 3290">
    <p class='ocr_par' dir='ltr' id='par_1_48' title="bbox 439 3219 2009 3290">
     <span class='ocr_line' id='line_1_48' title="bbox 439 3219 2009 3290; baseline -0.001 -16"><span class='ocrx_word' id='word_1_329' title='bbox 439 3221 629 3276; x_wconf 75' lang='lat' dir='ltr'><strong>ueritas</strong></span> <span class='ocrx_word' id='word_1_330' title='bbox 673 3220 1058 3290; x_wconf 71' lang='lat' dir='ltr'><strong>requirentibus</strong></span> <span class='ocrx_word' id='word_1_331' title='bbox 1088 3227 1456 3275; x_wconf 80' lang='lat' dir='ltr'><strong>testamentum</strong></span> <span class='ocrx_word' id='word_1_332' title='bbox 1484 3219 1598 3289; x_wconf 90' lang='lat' dir='ltr'><strong>ejus</strong></span> <span class='ocrx_word' id='word_1_333' title='bbox 1619 3229 1670 3274; x_wconf 87' lang='lat' dir='ltr'><strong>et</strong></span> <span class='ocrx_word' id='word_1_334' title='bbox 1708 3220 2009 3273; x_wconf 75' lang='lat' dir='ltr'><strong>testimonia</strong></span> 
     </span>
    </p>
   </div>
   <div class='ocr_carea' id='block_1_49' title="bbox 439 3310 2011 3382">
    <p class='ocr_par' dir='ltr' id='par_1_49' title="bbox 439 3310 2011 3382">
     <span class='ocr_line' id='line_1_49' title="bbox 439 3310 2011 3382; baseline -0.003 -14"><span class='ocrx_word' id='word_1_335' title='bbox 439 3313 568 3382; x_wconf 76' lang='lat' dir='ltr'><strong>ejus.</strong></span> <span class='ocrx_word' id='word_1_336' title='bbox 599 3310 802 3376; x_wconf 65' lang='lat' dir='ltr'><strong>Multae,</strong></span> <span class='ocrx_word' id='word_1_337' title='bbox 834 3311 1034 3382; x_wconf 89' lang='lat' dir='ltr'><strong>inquit,</strong></span> <span class='ocrx_word' id='word_1_338' title='bbox 1055 3312 1156 3367; x_wconf 67' lang='lat' dir='ltr'><strong>vim</strong></span> <span class='ocrx_word' id='word_1_339' title='bbox 1184 3311 1404 3366; x_wconf 87' lang='lat' dir='ltr'><strong>Domini</strong></span> <span class='ocrx_word' id='word_1_340' title='bbox 1436 3318 1588 3374; x_wconf 88' lang='lat' dir='ltr'><strong>sunt,</strong></span> <span class='ocrx_word' id='word_1_341' title='bbox 1617 3326 1804 3366; x_wconf 89' lang='lat' dir='ltr'><strong>verum</strong></span> <span class='ocrx_word' id='word_1_342' title='bbox 1833 3310 2011 3367; x_wconf 85' lang='lat' dir='ltr'><strong>omni-</strong></span> 
     </span>
    </p>
   </div>
   <div class='ocr_carea' id='block_1_50' title="bbox 439 3401 2010 3477">
    <p class='ocr_par' dir='ltr' id='par_1_50' title="bbox 439 3401 2010 3477">
     <span class='ocr_line' id='line_1_50' title="bbox 439 3401 2010 3477; baseline -0.003 -17"><span class='ocrx_word' id='word_1_343' title='bbox 439 3406 540 3460; x_wconf 92' lang='lat' dir='ltr'><strong>bus</strong></span> <span class='ocrx_word' id='word_1_344' title='bbox 573 3405 862 3477; x_wconf 68' lang='lat' dir='ltr'><strong>praecurrit</strong></span> <span class='ocrx_word' id='word_1_345' title='bbox 888 3403 1269 3459; x_wconf 88' lang='lat' dir='ltr'><strong>misericordia</strong></span> <span class='ocrx_word' id='word_1_346' title='bbox 1292 3403 1448 3474; x_wconf 88' lang='lat' dir='ltr'><strong>ejus:</strong></span> <span class='ocrx_word' id='word_1_347' title='bbox 1485 3418 1610 3458; x_wconf 92' lang='lat' dir='ltr'><strong>cum</strong></span> <span class='ocrx_word' id='word_1_348' title='bbox 1631 3401 2010 3458; x_wconf 85' lang='lat' dir='ltr'><strong>misericordia</strong></span> 
     </span>
    </p>
   </div>
   <div class='ocr_carea' id='block_1_51' title="bbox 437 3496 2010 3567">
    <p class='ocr_par' dir='ltr' id='par_1_51' title="bbox 437 3496 2010 3567">
     <span class='ocr_line' id='line_1_51' title="bbox 437 3496 2010 3567; baseline -0.001 -17"><span class='ocrx_word' id='word_1_349' title='bbox 437 3513 601 3567; x_wconf 90' lang='lat' dir='ltr'><strong>porro</strong></span> <span class='ocrx_word' id='word_1_350' title='bbox 640 3497 844 3553; x_wconf 85' lang='lat' dir='ltr'><strong>veritas</strong></span> <span class='ocrx_word' id='word_1_351' title='bbox 883 3512 991 3551; x_wconf 89' lang='lat' dir='ltr'><strong>una</strong></span> <span class='ocrx_word' id='word_1_352' title='bbox 1021 3496 1307 3567; x_wconf 89' lang='lat' dir='ltr'><strong>procedit,</strong></span> <span class='ocrx_word' id='word_1_353' title='bbox 1333 3497 1626 3552; x_wconf 82' lang='lat' dir='ltr'><strong>miseretur</strong></span> <span class='ocrx_word' id='word_1_354' title='bbox 1663 3497 1865 3566; x_wconf 90' lang='lat' dir='ltr'><strong>quippe</strong></span> <span class='ocrx_word' id='word_1_355' title='bbox 1889 3511 2010 3549; x_wconf 91' lang='lat' dir='ltr'><strong>om-</strong></span> 
     </span>
    </p>
   </div>
   <div class='ocr_carea' id='block_1_52' title="bbox 437 3583 2007 3656">
    <p class='ocr_par' dir='ltr' id='par_1_52' title="bbox 437 3583 2007 3656">
     <span class='ocr_line' id='line_1_52' title="bbox 437 3583 2007 3656; baseline 0.001 -20"><span class='ocrx_word' id='word_1_356' title='bbox 437 3585 585 3638; x_wconf 90' lang='lat' dir='ltr'><strong>nium</strong></span> <span class='ocrx_word' id='word_1_357' title='bbox 614 3593 670 3640; x_wconf 89' lang='lat' dir='ltr'><strong>et</strong></span> <span class='ocrx_word' id='word_1_358' title='bbox 706 3584 843 3639; x_wconf 84' lang='lat' dir='ltr'><strong>nihil</strong></span> <span class='ocrx_word' id='word_1_359' title='bbox 881 3583 998 3640; x_wconf 92' lang='lat' dir='ltr'><strong>odit</strong></span> <span class='ocrx_word' id='word_1_360' title='bbox 1019 3599 1208 3640; x_wconf 90' lang='lat' dir='ltr'><strong>eorum</strong></span> <span class='ocrx_word' id='word_1_361' title='bbox 1235 3601 1357 3655; x_wconf 77' lang='lat' dir='ltr'><strong>qua:</strong></span> <span class='ocrx_word' id='word_1_362' title='bbox 1385 3585 1513 3641; x_wconf 83' lang='lat' dir='ltr'><strong>fecit</strong></span> <span class='ocrx_word' id='word_1_363' title='bbox 1535 3585 1580 3645; x_wconf 56' lang='grc' dir='ltr'><strong>’ἓ</strong></span> <span class='ocrx_word' id='word_1_364' title='bbox 1607 3605 1620 3640; x_wconf 87' lang='lat'><strong>:</strong></span> <span class='ocrx_word' id='word_1_365' title='bbox 1654 3600 1831 3656; x_wconf 90' lang='lat' dir='ltr'><strong>neque</strong></span> <span class='ocrx_word' id='word_1_366' title='bbox 1862 3586 2007 3639; x_wconf 88' lang='lat' dir='ltr'><strong>enim</strong></span> 
     </span>
    </p>
   </div>
   <div class='ocr_carea' id='block_1_53' title="bbox 438 3675 2010 3748">
    <p class='ocr_par' dir='ltr' id='par_1_53' title="bbox 438 3675 2010 3748">
     <span class='ocr_line' id='line_1_53' title="bbox 438 3675 2010 3748; baseline 0.001 -20"><span class='ocrx_word' id='word_1_367' title='bbox 438 3675 643 3746; x_wconf 82' lang='lat' dir='ltr'><strong>aliquid</strong></span> <span class='ocrx_word' id='word_1_368' title='bbox 673 3676 921 3730; x_wconf 90' lang='lat' dir='ltr'><strong>condidit</strong></span> <span class='ocrx_word' id='word_1_369' title='bbox 941 3676 1088 3745; x_wconf 91' lang='lat' dir='ltr'><strong>quod</strong></span> <span class='ocrx_word' id='word_1_370' title='bbox 1115 3676 1242 3732; x_wconf 91' lang='lat' dir='ltr'><strong>odio</strong></span> <span class='ocrx_word' id='word_1_371' title='bbox 1279 3677 1524 3732; x_wconf 84' lang='lat' dir='ltr'><strong>haberet.</strong></span> <span class='ocrx_word' id='word_1_372' title='bbox 1561 3675 1802 3748; x_wconf 90' lang='lat' dir='ltr'><strong>Singulis</strong></span> <span class='ocrx_word' id='word_1_373' title='bbox 1844 3677 2010 3747; x_wconf 79' lang='lat' dir='ltr'><strong>igitur</strong></span> 
     </span>
    </p>
   </div>
   <div class='ocr_carea' id='block_1_54' title="bbox 439 3766 2008 3835">
    <p class='ocr_par' dir='ltr' id='par_1_54' title="bbox 439 3766 2008 3835">
     <span class='ocr_line' id='line_1_54' title="bbox 439 3766 2008 3835; baseline 0.001 -15"><span class='ocrx_word' id='word_1_374' title='bbox 439 3768 635 3822; x_wconf 66' lang='lat' dir='ltr'><strong>divinae</strong></span> <span class='ocrx_word' id='word_1_375' title='bbox 673 3766 1168 3822; x_wconf 88' lang='lat' dir='ltr'><strong>administrationis</strong></span> <span class='ocrx_word' id='word_1_376' title='bbox 1210 3776 1262 3822; x_wconf 89' lang='lat' dir='ltr'><strong>et</strong></span> <span class='ocrx_word' id='word_1_377' title='bbox 1299 3766 1656 3835; x_wconf 64' lang='lat' dir='ltr'><strong>providentiae</strong></span> <span class='ocrx_word' id='word_1_378' title='bbox 1695 3768 1800 3824; x_wconf 88' lang='lat' dir='ltr'><strong>viis</strong></span> <span class='ocrx_word' id='word_1_379' title='bbox 1844 3769 2008 3822; x_wconf 78' lang='lat' dir='ltr'><strong>mise-</strong></span> 
     </span>
    </p>
   </div>
   <div class='ocr_carea' id='block_1_55' title="bbox 441 3857 2005 3928">
    <p class='ocr_par' dir='ltr' id='par_1_55' title="bbox 441 3857 2005 3928">
     <span class='ocr_line' id='line_1_55' title="bbox 441 3857 2005 3928; baseline 0.003 -18"><span class='ocrx_word' id='word_1_380' title='bbox 441 3857 676 3913; x_wconf 70' lang='lat' dir='ltr'><strong>rit-ordia</strong></span> <span class='ocrx_word' id='word_1_381' title='bbox 710 3858 1028 3928; x_wconf 70' lang='lat' dir='ltr'><strong>praecurrit,</strong></span> <span class='ocrx_word' id='word_1_382' title='bbox 1079 3859 1514 3913; x_wconf 88' lang='lat' dir='ltr'><strong>misericordiam</strong></span> <span class='ocrx_word' id='word_1_383' title='bbox 1549 3861 1751 3914; x_wconf 87' lang='lat' dir='ltr'><strong>veritas</strong></span> <span class='ocrx_word' id='word_1_384' title='bbox 1809 3860 2005 3915; x_wconf 80' lang='lat' dir='ltr'><strong>subse-</strong></span> 
     </span>
    </p>
   </div>
   <div class='ocr_carea' id='block_1_56' title="bbox 439 3946 2007 4019">
    <p class='ocr_par' dir='ltr' id='par_1_56' title="bbox 439 3946 2007 4019">
     <span class='ocr_line' id='line_1_56' title="bbox 439 3946 2007 4019; baseline 0.003 -20"><span class='ocrx_word' id='word_1_385' title='bbox 439 3947 641 4015; x_wconf 89' lang='lat' dir='ltr'><strong>quitur.</strong></span> <span class='ocrx_word' id='word_1_386' title='bbox 676 3946 746 4000; x_wconf 92' lang='lat' dir='ltr'><strong>lis</strong></span> <span class='ocrx_word' id='word_1_387' title='bbox 779 3955 960 4001; x_wconf 92' lang='lat' dir='ltr'><strong>autem</strong></span> <span class='ocrx_word' id='word_1_388' title='bbox 991 3947 1085 4017; x_wconf 92' lang='lat' dir='ltr'><strong>qui</strong></span> <span class='ocrx_word' id='word_1_389' title='bbox 1131 3947 1360 4002; x_wconf 89' lang='lat' dir='ltr'><strong>sollicite</strong></span> <span class='ocrx_word' id='word_1_390' title='bbox 1401 3949 1709 4019; x_wconf 88' lang='lat' dir='ltr'><strong>requirunt,</strong></span> <span class='ocrx_word' id='word_1_391' title='bbox 1749 3949 2007 4019; x_wconf 69' lang='lat' dir='ltr'><strong>quaestio-</strong></span> 
     </span>
    </p>
   </div>
   <div class='ocr_carea' id='block_1_57' title="bbox 438 4040 2004 4110">
    <p class='ocr_par' dir='ltr' id='par_1_57' title="bbox 438 4040 2004 4110">
     <span class='ocr_line' id='line_1_57' title="bbox 438 4040 2004 4110; baseline 0.003 -19"><span class='ocrx_word' id='word_1_392' title='bbox 438 4053 565 4091; x_wconf 90' lang='lat' dir='ltr'><strong>num</strong></span> <span class='ocrx_word' id='word_1_393' title='bbox 597 4054 781 4093; x_wconf 86' lang='lat' dir='ltr'><strong>veram</strong></span> <span class='ocrx_word' id='word_1_394' title='bbox 814 4040 1064 4094; x_wconf 90' lang='lat' dir='ltr'><strong>notitiam</strong></span> <span class='ocrx_word' id='word_1_395' title='bbox 1095 4041 1478 4097; x_wconf 88' lang='lat' dir='ltr'><strong>subministrat</strong></span> <span class='ocrx_word' id='word_1_396' title='bbox 1497 4041 1682 4110; x_wconf 88' lang='lat' dir='ltr'><strong>quiait</strong></span> <span class='ocrx_word' id='word_1_397' title='bbox 1716 4042 2004 4106; x_wconf 66' lang='lat' dir='ltr'><strong>:Quterite,</strong></span> 
     </span>
    </p>
   </div>
   <div class='ocr_carea' id='block_1_58' title="bbox 435 4131 2008 4201">
    <p class='ocr_par' dir='ltr' id='par_1_58' title="bbox 435 4131 2008 4201">
     <span class='ocr_line' id='line_1_58' title="bbox 435 4131 2008 4201; baseline 0.001 -17"><span class='ocrx_word' id='word_1_398' title='bbox 435 4139 482 4184; x_wconf 83' lang='lat' dir='ltr'><strong>et</strong></span> <span class='ocrx_word' id='word_1_399' title='bbox 512 4132 804 4195; x_wconf 81' lang='lat' dir='ltr'><strong>invenietis,</strong></span> <span class='ocrx_word' id='word_1_400' title='bbox 822 4133 1051 4201; x_wconf 83' lang='lat' dir='ltr'><strong>pulsate,</strong></span> <span class='ocrx_word' id='word_1_401' title='bbox 1070 4141 1120 4185; x_wconf 88' lang='lat' dir='ltr'><strong>et</strong></span> <span class='ocrx_word' id='word_1_402' title='bbox 1136 4133 1404 4201; x_wconf 85' lang='lat' dir='ltr'><strong>aperietur</strong></span> <span class='ocrx_word' id='word_1_403' title='bbox 1427 4133 1569 4186; x_wconf 83' lang='lat' dir='ltr'><strong>vobis</strong></span> <span class='ocrx_word' id='word_1_404' title='bbox 1594 4132 1659 4184; x_wconf 72' lang='lat'><strong>&quot;.</strong></span> <span class='ocrx_word' id='word_1_405' title='bbox 1687 4131 2008 4188; x_wconf 81' lang='lat' dir='ltr'><strong>Testamen-</strong></span> 
     </span>
    </p>
   </div>
   <div class='ocr_carea' id='block_1_59' title="bbox 435 4224 2006 4295">
    <p class='ocr_par' dir='ltr' id='par_1_59' title="bbox 435 4224 2006 4295">
     <span class='ocr_line' id='line_1_59' title="bbox 435 4224 2006 4295; baseline 0.001 -17"><span class='ocrx_word' id='word_1_406' title='bbox 435 4234 547 4278; x_wconf 90' lang='lat' dir='ltr'><strong>tum</strong></span> <span class='ocrx_word' id='word_1_407' title='bbox 585 4240 715 4280; x_wconf 90' lang='lat' dir='ltr'><strong>vero</strong></span> <span class='ocrx_word' id='word_1_408' title='bbox 747 4224 866 4294; x_wconf 83' lang='lat' dir='ltr'><strong>ejus</strong></span> <span class='ocrx_word' id='word_1_409' title='bbox 904 4225 958 4278; x_wconf 92' lang='lat' dir='ltr'><strong>in</strong></span> <span class='ocrx_word' id='word_1_410' title='bbox 995 4240 1192 4295; x_wconf 87' lang='lat' dir='ltr'><strong>genere</strong></span> <span class='ocrx_word' id='word_1_411' title='bbox 1233 4234 1538 4294; x_wconf 91' lang='lat' dir='ltr'><strong>acceptum,</strong></span> <span class='ocrx_word' id='word_1_412' title='bbox 1575 4233 1801 4280; x_wconf 88' lang='lat' dir='ltr'><strong>vocatur</strong></span> <span class='ocrx_word' id='word_1_413' title='bbox 1827 4226 2006 4280; x_wconf 80' lang='lat' dir='ltr'><strong>omnis</strong></span> 
     </span>
    </p>
   </div>
   <div class='ocr_carea' id='block_1_60' title="bbox 433 4314 2002 4386">
    <p class='ocr_par' dir='ltr' id='par_1_60' title="bbox 433 4314 2002 4386">
     <span class='ocr_line' id='line_1_60' title="bbox 433 4314 2002 4386; baseline 0.001 -16"><span class='ocrx_word' id='word_1_414' title='bbox 433 4315 698 4370; x_wconf 87' lang='lat' dir='ltr'><strong>divinitus</strong></span> <span class='ocrx_word' id='word_1_415' title='bbox 741 4316 1009 4386; x_wconf 83' lang='lat' dir='ltr'><strong>inspirata</strong></span> <span class='ocrx_word' id='word_1_416' title='bbox 1061 4314 1345 4386; x_wconf 87' lang='lat' dir='ltr'><strong>Scriptura</strong></span> <span class='ocrx_word' id='word_1_417' title='bbox 1406 4317 1720 4372; x_wconf 89' lang='lat' dir='ltr'><strong>hominibus</strong></span> <span class='ocrx_word' id='word_1_418' title='bbox 1779 4317 2002 4371; x_wconf 87' lang='lat' dir='ltr'><strong>tradita.</strong></span> 
     </span>
    </p>
   </div>
   <div class='ocr_carea' id='block_1_61' title="bbox 433 4407 2005 4478">
    <p class='ocr_par' dir='ltr' id='par_1_61' title="bbox 433 4407 2005 4478">
     <span class='ocr_line' id='line_1_61' title="bbox 433 4407 2005 4478; baseline 0.002 -16"><span class='ocrx_word' id='word_1_419' title='bbox 433 4407 769 4463; x_wconf 87' lang='lat' dir='ltr'><strong>Testimonia</strong></span> <span class='ocrx_word' id='word_1_420' title='bbox 796 4415 924 4463; x_wconf 89' lang='lat' dir='ltr'><strong>sunt</strong></span> <span class='ocrx_word' id='word_1_421' title='bbox 957 4415 1226 4478; x_wconf 87' lang='lat' dir='ltr'><strong>quotquot</strong></span> <span class='ocrx_word' id='word_1_422' title='bbox 1254 4410 1308 4463; x_wconf 92' lang='lat' dir='ltr'><strong>in</strong></span> <span class='ocrx_word' id='word_1_423' title='bbox 1349 4408 1650 4478; x_wconf 91' lang='lat' dir='ltr'><strong>Scripturis</strong></span> <span class='ocrx_word' id='word_1_424' title='bbox 1702 4410 1903 4465; x_wconf 89' lang='lat' dir='ltr'><strong>divinis</strong></span> <span class='ocrx_word' id='word_1_425' title='bbox 1937 4411 2005 4465; x_wconf 84' lang='lat' dir='ltr'><strong>de</strong></span> 
     </span>
    </p>
   </div>
   <div class='ocr_carea' id='block_1_62' title="bbox 2111 1940 3686 2012">
    <p class='ocr_par' dir='ltr' id='par_1_62' title="bbox 2111 1940 3686 2012">
     <span class='ocr_line' id='line_1_62' title="bbox 2111 1940 3686 2012; baseline -0.002 -19"><span class='ocrx_word' id='word_1_426' title='bbox 2111 1956 2292 1993; x_wconf 92' lang='grc' dir='ltr'>νουσιν</span> <span class='ocrx_word' id='word_1_427' title='bbox 2318 1940 2694 1994; x_wconf 84' lang='grc' dir='ltr'>ὑποδείκνυσιν</span> <span class='ocrx_word' id='word_1_428' title='bbox 2717 1940 2833 1994; x_wconf 81' lang='grc' dir='ltr'>ὁδόν</span> <span class='ocrx_word' id='word_1_429' title='bbox 2857 1959 2868 1970; x_wconf 93' lang='grc'><strong>·</strong></span> <span class='ocrx_word' id='word_1_430' title='bbox 2900 1940 3023 2004; x_wconf 77' lang='grc' dir='ltr'>τοὺς</span> <span class='ocrx_word' id='word_1_431' title='bbox 3054 1941 3110 1994; x_wconf 78' lang='grc' dir='ltr'>δὲ</span> <span class='ocrx_word' id='word_1_432' title='bbox 3137 1943 3328 2012; x_wconf 85' lang='grc' dir='ltr'>πραεῖς</span> <span class='ocrx_word' id='word_1_433' title='bbox 3349 1941 3602 2011; x_wconf 77' lang='grc' dir='ltr'>ὁδηγήσει</span> <span class='ocrx_word' id='word_1_434' title='bbox 3631 1942 3686 1994; x_wconf 84' lang='grc' dir='ltr'>ὲν</span> 
     </span>
    </p>
   </div>
   <div class='ocr_carea' id='block_1_63' title="bbox 2112 2031 3687 2106">
    <p class='ocr_par' dir='ltr' id='par_1_63' title="bbox 2112 2031 3687 2106">
     <span class='ocr_line' id='line_1_63' title="bbox 2112 2031 3687 2106; baseline -0.002 -20"><span class='ocrx_word' id='word_1_435' title='bbox 2112 2034 2287 2106; x_wconf 89' lang='grc' dir='ltr'>κρίσει</span> <span class='ocrx_word' id='word_1_436' title='bbox 2332 2033 2688 2104; x_wconf 83' lang='grc' dir='ltr'>κεκριμένως,</span> <span class='ocrx_word' id='word_1_437' title='bbox 2734 2032 2828 2086; x_wconf 78' lang='grc' dir='ltr'><strong>καὶ</strong></span> <span class='ocrx_word' id='word_1_438' title='bbox 2879 2033 3056 2086; x_wconf 89' lang='grc' dir='ltr'>αὑτῶν</span> <span class='ocrx_word' id='word_1_439' title='bbox 3089 2033 3342 2103; x_wconf 87' lang='grc' dir='ltr'>πρόνοιαν</span> <span class='ocrx_word' id='word_1_440' title='bbox 3369 2031 3687 2101; x_wconf 84' lang='grc' dir='ltr'>ποιούμενος</span> 
     </span>
    </p>
   </div>
   <div class='ocr_carea' id='block_1_64' title="bbox 2111 2123 3683 2196">
    <p class='ocr_par' dir='ltr' id='par_1_64' title="bbox 2111 2123 3683 2196">
     <span class='ocr_line' id='line_1_64' title="bbox 2111 2123 3683 2196; baseline -0.003 -18"><span class='ocrx_word' id='word_1_441' title='bbox 2111 2125 2186 2190; x_wconf 85' lang='grc' dir='ltr'>ὡς</span> <span class='ocrx_word' id='word_1_442' title='bbox 2218 2125 2531 2195; x_wconf 81' lang='grc' dir='ltr'>βελτιόνων·</span> <span class='ocrx_word' id='word_1_443' title='bbox 2601 2124 2681 2178; x_wconf 84' lang='grc' dir='ltr'><strong>διὸ</strong></span> <span class='ocrx_word' id='word_1_444' title='bbox 2735 2125 2828 2178; x_wconf 73' lang='grc' dir='ltr'><strong>καὶ</strong></span> <span class='ocrx_word' id='word_1_445' title='bbox 2883 2125 3244 2196; x_wconf 82' lang='grc' dir='ltr'>μακαρισμῶν</span> <span class='ocrx_word' id='word_1_446' title='bbox 3284 2124 3481 2188; x_wconf 82' lang='grc' dir='ltr'>αὑτοὺς</span> <span class='ocrx_word' id='word_1_447' title='bbox 3523 2123 3683 2189; x_wconf 78' lang='grc' dir='ltr'>ἀξιοῖ,</span> 
     </span>
    </p>
   </div>
   <div class='ocr_carea' id='block_1_65' title="bbox 2112 2217 3684 2286">
    <p class='ocr_par' dir='ltr' id='par_1_65' title="bbox 2112 2217 3684 2286">
     <span class='ocr_line' id='line_1_65' title="bbox 2112 2217 3684 2286; baseline -0.003 -14"><span class='ocrx_word' id='word_1_448' title='bbox 2112 2219 2352 2283; x_wconf 81' lang='grc' dir='ltr'>κατὰτὸ,</span> <span class='ocrx_word' id='word_1_449' title='bbox 2390 2217 2677 2286; x_wconf 81' lang='grc' dir='ltr'>Μακάριοι</span> <span class='ocrx_word' id='word_1_450' title='bbox 2725 2221 2780 2272; x_wconf 74' lang='grc' dir='ltr'>οἱ</span> <span class='ocrx_word' id='word_1_451' title='bbox 2818 2218 3041 2286; x_wconf 82' lang='grc' dir='ltr'>πραεῖς,</span> <span class='ocrx_word' id='word_1_452' title='bbox 3078 2217 3165 2271; x_wconf 82' lang='grc' dir='ltr'>ὅτι</span> <span class='ocrx_word' id='word_1_453' title='bbox 3201 2217 3369 2271; x_wconf 73' lang='grc' dir='ltr'>αὐτοὶ</span> <span class='ocrx_word' id='word_1_454' title='bbox 3399 2219 3684 2284; x_wconf 75' lang='grc' dir='ltr'>κληρονο-</span> 
     </span>
    </p>
   </div>
   <div class='ocr_carea' id='block_1_66' title="bbox 2105 2307 3684 2381">
    <p class='ocr_par' dir='ltr' id='par_1_66' title="bbox 2105 2307 3684 2381">
     <span class='ocr_line' id='line_1_66' title="bbox 2105 2307 3684 2381; baseline -0.002 -17"><span class='ocrx_word' id='word_1_455' title='bbox 2105 2311 2378 2381; x_wconf 82' lang='grc' dir='ltr'>μήσουσι</span> <span class='ocrx_word' id='word_1_456' title='bbox 2424 2311 2539 2378; x_wconf 74' lang='grc' dir='ltr'>τὴν</span> <span class='ocrx_word' id='word_1_457' title='bbox 2584 2311 2720 2381; x_wconf 74' lang='grc' dir='ltr'><strong>γῆν.</strong></span> <span class='ocrx_word' id='word_1_458' title='bbox 2755 2309 2988 2374; x_wconf 83' lang='grc' dir='ltr'>Τούτους</span> <span class='ocrx_word' id='word_1_459' title='bbox 3029 2310 3085 2363; x_wconf 81' lang='grc' dir='ltr'>δὲ</span> <span class='ocrx_word' id='word_1_460' title='bbox 3132 2312 3226 2364; x_wconf 76' lang='grc' dir='ltr'><strong>καὶ</strong></span> <span class='ocrx_word' id='word_1_461' title='bbox 3254 2310 3492 2364; x_wconf 84' lang='grc' dir='ltr'>διδάσκει</span> <span class='ocrx_word' id='word_1_462' title='bbox 3534 2307 3684 2371; x_wconf 80' lang='grc' dir='ltr'>ὁδοὺς</span> 
     </span>
    </p>
   </div>
   <div class='ocr_carea' id='block_1_67' title="bbox 2111 2399 3681 2468">
    <p class='ocr_par' dir='ltr' id='par_1_67' title="bbox 2111 2399 3681 2468">
     <span class='ocr_line' id='line_1_67' title="bbox 2111 2399 3681 2468; baseline -0.004 -12"><span class='ocrx_word' id='word_1_463' title='bbox 2111 2402 2298 2456; x_wconf 78' lang='grc' dir='ltr'>αὑτοῦ.</span> <span class='ocrx_word' id='word_1_464' title='bbox 2347 2403 2492 2456; x_wconf 75' lang='grc' dir='ltr'>Ἀντὶ</span> <span class='ocrx_word' id='word_1_465' title='bbox 2537 2402 2593 2455; x_wconf 78' lang='grc' dir='ltr'><strong>δὲ</strong></span> <span class='ocrx_word' id='word_1_466' title='bbox 2636 2401 2751 2468; x_wconf 78' lang='grc' dir='ltr'>τοῦ,</span> <span class='ocrx_word' id='word_1_467' title='bbox 2786 2401 2965 2468; x_wconf 84' lang='grc' dir='ltr'>ὀδοὺς</span> <span class='ocrx_word' id='word_1_468' title='bbox 2997 2401 3203 2464; x_wconf 82' lang='grc' dir='ltr'>αὐτοῦ,</span> <span class='ocrx_word' id='word_1_469' title='bbox 3245 2403 3274 2454; x_wconf 88' lang='grc' dir='ltr'>ὁ</span> <span class='ocrx_word' id='word_1_470' title='bbox 3320 2400 3550 2462; x_wconf 82' lang='grc' dir='ltr'>Ἀκύλας</span> <span class='ocrx_word' id='word_1_471' title='bbox 3589 2399 3681 2450; x_wconf 76' lang='grc' dir='ltr'><strong>καὶ</strong></span> 
     </span>
    </p>
   </div>
   <div class='ocr_carea' id='block_1_68' title="bbox 2111 2492 3682 2566">
    <p class='ocr_par' dir='ltr' id='par_1_68' title="bbox 2111 2492 3682 2566">
     <span class='ocr_line' id='line_1_68' title="bbox 2111 2492 3682 2566; baseline -0.003 -18"><span class='ocrx_word' id='word_1_472' title='bbox 2111 2497 2139 2548; x_wconf 87' lang='grc' dir='ltr'><strong>ό</strong></span> <span class='ocrx_word' id='word_1_473' title='bbox 2165 2493 2480 2565; x_wconf 85' lang='grc' dir='ltr'>Σύμμαχος,</span> <span class='ocrx_word' id='word_1_474' title='bbox 2510 2494 2652 2548; x_wconf 78' lang='grc' dir='ltr'><em>ὁδὸν</em></span> <span class='ocrx_word' id='word_1_475' title='bbox 2665 2493 2903 2557; x_wconf 80' lang='grc' dir='ltr'>ἑαυτοῦ,</span> <span class='ocrx_word' id='word_1_476' title='bbox 2925 2495 3143 2566; x_wconf 83' lang='grc' dir='ltr'>ἔφησεν.</span> <span class='ocrx_word' id='word_1_477' title='bbox 3167 2494 3381 2562; x_wconf 83' lang='grc' dir='ltr'>Ταύτην</span> <span class='ocrx_word' id='word_1_478' title='bbox 3398 2493 3505 2563; x_wconf 77' lang='grc' dir='ltr'><strong>γάρ</strong></span> <span class='ocrx_word' id='word_1_479' title='bbox 3524 2492 3682 2554; x_wconf 75' lang='grc' dir='ltr'>αὑτὸς</span> 
     </span>
    </p>
   </div>
   <div class='ocr_carea' id='block_1_69' title="bbox 2111 2583 3683 2658">
    <p class='ocr_par' dir='ltr' id='par_1_69' title="bbox 2111 2583 3683 2658">
     <span class='ocr_line' id='line_1_69' title="bbox 2111 2583 3683 2658; baseline -0.003 -18"><span class='ocrx_word' id='word_1_480' title='bbox 2111 2589 2139 2640; x_wconf 88' lang='grc' dir='ltr'><strong>ὁ</strong></span> <span class='ocrx_word' id='word_1_481' title='bbox 2167 2587 2360 2658; x_wconf 81' lang='grc' dir='ltr'>Σωτὴρ</span> <span class='ocrx_word' id='word_1_482' title='bbox 2405 2586 2608 2640; x_wconf 83' lang='grc' dir='ltr'>ὥδευσε</span> <span class='ocrx_word' id='word_1_483' title='bbox 2641 2587 2738 2658; x_wconf 76' lang='grc' dir='ltr'><strong>τὴν</strong></span> <span class='ocrx_word' id='word_1_484' title='bbox 2779 2586 2896 2639; x_wconf 85' lang='grc' dir='ltr'>ὁδὸν</span> <span class='ocrx_word' id='word_1_485' title='bbox 2927 2585 3068 2640; x_wconf 89' lang='grc' dir='ltr'><strong>κατὰ</strong></span> <span class='ocrx_word' id='word_1_486' title='bbox 3095 2585 3156 2639; x_wconf 79' lang='grc' dir='ltr'>τὸ</span> <span class='ocrx_word' id='word_1_487' title='bbox 3189 2585 3507 2656; x_wconf 80' lang='grc' dir='ltr'>λελεγμένον</span> <span class='ocrx_word' id='word_1_488' title='bbox 3535 2599 3548 2615; x_wconf 75' lang='grc'><strong><em>⁸</em></strong></span> <span class='ocrx_word' id='word_1_489' title='bbox 3569 2583 3683 2636; x_wconf 80' lang='grc' dir='ltr'><strong>Μά-</strong></span> 
     </span>
    </p>
   </div>
   <div class='ocr_carea' id='block_1_70' title="bbox 2111 2675 3682 2749">
    <p class='ocr_par' dir='ltr' id='par_1_70' title="bbox 2111 2675 3682 2749">
     <span class='ocr_line' id='line_1_70' title="bbox 2111 2675 3682 2749; baseline -0.001 -18"><span class='ocrx_word' id='word_1_490' title='bbox 2111 2680 2242 2732; x_wconf 83' lang='grc' dir='ltr'>θετε</span> <span class='ocrx_word' id='word_1_491' title='bbox 2270 2678 2370 2731; x_wconf 82' lang='grc' dir='ltr'>ἀπ’</span> <span class='ocrx_word' id='word_1_492' title='bbox 2393 2677 2538 2747; x_wconf 87' lang='grc' dir='ltr'>ἐμοῦ</span> <span class='ocrx_word' id='word_1_493' title='bbox 2573 2677 2660 2732; x_wconf 82' lang='grc' dir='ltr'>ὅτι</span> <span class='ocrx_word' id='word_1_494' title='bbox 2682 2677 2870 2748; x_wconf 81' lang='grc' dir='ltr'>πρᾶός</span> <span class='ocrx_word' id='word_1_495' title='bbox 2894 2682 3009 2749; x_wconf 76' lang='grc' dir='ltr'>ειμι</span> <span class='ocrx_word' id='word_1_496' title='bbox 3032 2678 3130 2732; x_wconf 77' lang='grc' dir='ltr'><strong>καί</strong></span> <span class='ocrx_word' id='word_1_497' title='bbox 3145 2678 3423 2744; x_wconf 83' lang='grc' dir='ltr'>ταπεινὸς</span> <span class='ocrx_word' id='word_1_498' title='bbox 3447 2675 3522 2745; x_wconf 76' lang='grc' dir='ltr'>τῇ</span> <span class='ocrx_word' id='word_1_499' title='bbox 3541 2693 3682 2743; x_wconf 65' lang='lat' dir='ltr'><strong>asap-</strong></span> 
     </span>
    </p>
   </div>
   <div class='ocr_carea' id='block_1_71' title="bbox 2110 2763 3683 2839">
    <p class='ocr_par' dir='ltr' id='par_1_71' title="bbox 2110 2763 3683 2839">
     <span class='ocr_line' id='line_1_71' title="bbox 2110 2763 3683 2839; baseline 0.001 -23"><span class='ocrx_word' id='word_1_500' title='bbox 2110 2763 2230 2832; x_wconf 81' lang='grc' dir='ltr'>δίᾳ.</span> <span class='ocrx_word' id='word_1_501' title='bbox 2257 2765 2415 2818; x_wconf 88' lang='grc' dir='ltr'><strong>Κατά</strong></span> <span class='ocrx_word' id='word_1_502' title='bbox 2444 2764 2653 2836; x_wconf 82' lang='grc' dir='ltr'>ταύτην</span> <span class='ocrx_word' id='word_1_503' title='bbox 2676 2763 2768 2820; x_wconf 86' lang='grc' dir='ltr'><strong>οὑν</strong></span> <span class='ocrx_word' id='word_1_504' title='bbox 2817 2767 2963 2837; x_wconf 81' lang='grc' dir='ltr'>ἀγων</span> <span class='ocrx_word' id='word_1_505' title='bbox 3005 2769 3221 2834; x_wconf 80' lang='grc' dir='ltr'>αὐτοὺς,</span> <span class='ocrx_word' id='word_1_506' title='bbox 3273 2767 3463 2839; x_wconf 84' lang='grc' dir='ltr'>ὁδηγὸς</span> <span class='ocrx_word' id='word_1_507' title='bbox 3504 2765 3683 2822; x_wconf 79' lang='grc' dir='ltr'>αὐτῶν</span> 
     </span>
    </p>
   </div>
   <div class='ocr_carea' id='block_1_72' title="bbox 2111 2856 3679 2932">
    <p class='ocr_par' dir='ltr' id='par_1_72' title="bbox 2111 2856 3679 2932">
     <span class='ocr_line' id='line_1_72' title="bbox 2111 2856 3679 2932; baseline 0.008 -25"><span class='ocrx_word' id='word_1_508' title='bbox 2111 2856 2205 2910; x_wconf 75' lang='grc' dir='ltr'>καὶ</span> <span class='ocrx_word' id='word_1_509' title='bbox 2229 2858 2567 2928; x_wconf 81' lang='grc' dir='ltr'>χειραγωγδς</span> <span class='ocrx_word' id='word_1_510' title='bbox 2591 2859 2796 2929; x_wconf 89' lang='grc' dir='ltr'>γίνεται</span> <span class='ocrx_word' id='word_1_511' title='bbox 2816 2876 2829 2890; x_wconf 76' lang='grc' dir='ltr'><strong>ο</strong></span> <span class='ocrx_word' id='word_1_512' title='bbox 2867 2861 3054 2932; x_wconf 84' lang='grc' dir='ltr'>διόπερ</span> <span class='ocrx_word' id='word_1_513' title='bbox 3079 2860 3155 2924; x_wconf 84' lang='grc' dir='ltr'>ὼς</span> <span class='ocrx_word' id='word_1_514' title='bbox 3182 2860 3342 2930; x_wconf 76' lang='grc' dir='ltr'>σοφὸς</span> <span class='ocrx_word' id='word_1_515' title='bbox 3367 2859 3679 2932; x_wconf 72' lang='grc' dir='ltr'>νομοθέτης,</span> 
     </span>
    </p>
   </div>
   <div class='ocr_carea' id='block_1_73' title="bbox 2111 2949 3680 3024">
    <p class='ocr_par' dir='ltr' id='par_1_73' title="bbox 2111 2949 3680 3024">
     <span class='ocr_line' id='line_1_73' title="bbox 2111 2949 3680 3024; baseline -0.001 -20"><span class='ocrx_word' id='word_1_516' title='bbox 2111 2949 2276 3020; x_wconf 77' lang='grc' dir='ltr'>ἀλλην</span> <span class='ocrx_word' id='word_1_517' title='bbox 2308 2951 2408 3022; x_wconf 81' lang='grc' dir='ltr'>μὲν</span> <span class='ocrx_word' id='word_1_518' title='bbox 2452 2952 2568 3006; x_wconf 84' lang='grc' dir='ltr'>ὁδὸν</span> <span class='ocrx_word' id='word_1_519' title='bbox 2621 2953 2952 3006; x_wconf 77' lang='grc' dir='ltr'>ἐπιδείκνυσι</span> <span class='ocrx_word' id='word_1_520' title='bbox 2978 2955 3089 3017; x_wconf 80' lang='grc' dir='ltr'>τοῖς</span> <span class='ocrx_word' id='word_1_521' title='bbox 3107 2953 3529 3024; x_wconf 84' lang='grc' dir='ltr'>ἁμαρτάνουσιν,</span> <span class='ocrx_word' id='word_1_522' title='bbox 3562 2950 3680 3004; x_wconf 79' lang='grc' dir='ltr'>ἑτέ.-</span> 
     </span>
    </p>
   </div>
   <div class='ocr_carea' id='block_1_74' title="bbox 2115 3041 2662 3114">
    <p class='ocr_par' dir='ltr' id='par_1_74' title="bbox 2115 3041 2662 3114">
     <span class='ocr_line' id='line_1_74' title="bbox 2115 3041 2662 3114; baseline 0.005 -21"><span class='ocrx_word' id='word_1_523' title='bbox 2115 3057 2214 3110; x_wconf 89' lang='grc' dir='ltr'><strong>ραν</strong></span> <span class='ocrx_word' id='word_1_524' title='bbox 2237 3041 2294 3094; x_wconf 83' lang='grc' dir='ltr'>δὲ</span> <span class='ocrx_word' id='word_1_525' title='bbox 2319 3044 2430 3106; x_wconf 86' lang='grc' dir='ltr'>τοῖς</span> <span class='ocrx_word' id='word_1_526' title='bbox 2448 3044 2662 3114; x_wconf 84' lang='grc' dir='ltr'>πράοις.</span> 
     </span>
    </p>
   </div>
   <div class='ocr_carea' id='block_1_75' title="bbox 2181 3131 3683 3202">
    <p class='ocr_par' dir='ltr' id='par_1_75' title="bbox 2181 3131 3683 3202">
     <span class='ocr_line' id='line_1_75' title="bbox 2181 3131 3683 3202; baseline -0.001 -17"><span class='ocrx_word' id='word_1_527' title='bbox 2181 3131 2380 3187; x_wconf 76' lang='grc' dir='ltr'>Πᾶσαι</span> <span class='ocrx_word' id='word_1_528' title='bbox 2425 3135 2486 3187; x_wconf 80' lang='grc' dir='ltr'>αι</span> <span class='ocrx_word' id='word_1_529' title='bbox 2527 3134 2655 3188; x_wconf 78' lang='grc' dir='ltr'>ὁδοὶ</span> <span class='ocrx_word' id='word_1_530' title='bbox 2686 3135 2908 3202; x_wconf 78' lang='grc' dir='ltr'>Κυρίου</span> <span class='ocrx_word' id='word_1_531' title='bbox 2943 3134 3117 3200; x_wconf 72' lang='grc' dir='ltr'>ἕλεος</span> <span class='ocrx_word' id='word_1_532' title='bbox 3147 3133 3244 3188; x_wconf 75' lang='grc' dir='ltr'><strong>καί</strong></span> <span class='ocrx_word' id='word_1_533' title='bbox 3285 3131 3533 3198; x_wconf 66' lang='grc' dir='ltr'>ἀλήθεια</span> <span class='ocrx_word' id='word_1_534' title='bbox 3558 3132 3683 3198; x_wconf 81' lang='grc' dir='ltr'>τοῖς</span> 
     </span>
    </p>
   </div>
   <div class='ocr_carea' id='block_1_76' title="bbox 2108 3220 3682 3295">
    <p class='ocr_par' dir='ltr' id='par_1_76' title="bbox 2108 3220 3682 3295">
     <span class='ocr_line' id='line_1_76' title="bbox 2108 3220 3682 3295; baseline 0 -21"><span class='ocrx_word' id='word_1_535' title='bbox 2108 3220 2420 3290; x_wconf 62' lang='grc' dir='ltr'>ἐπιζητοῦσι</span> <span class='ocrx_word' id='word_1_536' title='bbox 2467 3223 2583 3292; x_wconf 77' lang='grc' dir='ltr'><strong>τὴν</strong></span> <span class='ocrx_word' id='word_1_537' title='bbox 2617 3225 2912 3295; x_wconf 78' lang='grc' dir='ltr'>Διαθήκην</span> <span class='ocrx_word' id='word_1_538' title='bbox 2954 3225 3141 3279; x_wconf 80' lang='grc' dir='ltr'>αὑτοῦ</span> <span class='ocrx_word' id='word_1_539' title='bbox 3171 3224 3268 3279; x_wconf 81' lang='grc' dir='ltr'><strong>καί</strong></span> <span class='ocrx_word' id='word_1_540' title='bbox 3303 3226 3374 3278; x_wconf 85' lang='grc' dir='ltr'>τὰ</span> <span class='ocrx_word' id='word_1_541' title='bbox 3391 3225 3682 3293; x_wconf 79' lang='grc' dir='ltr'>μαρτύρια</span> 
     </span>
    </p>
   </div>
   <div class='ocr_carea' id='block_1_77' title="bbox 2108 3313 3683 3389">
    <p class='ocr_par' dir='ltr' id='par_1_77' title="bbox 2108 3313 3683 3389">
     <span class='ocr_line' id='line_1_77' title="bbox 2108 3313 3683 3389; baseline 0.001 -23"><span class='ocrx_word' id='word_1_542' title='bbox 2108 3313 2314 3368; x_wconf 83' lang='grc' dir='ltr'>αὑτοῦ.</span> <span class='ocrx_word' id='word_1_543' title='bbox 2339 3314 2540 3369; x_wconf 79' lang='grc' dir='ltr'>Πολλαὶ</span> <span class='ocrx_word' id='word_1_544' title='bbox 2569 3316 2689 3388; x_wconf 85' lang='grc' dir='ltr'>μὲν,</span> <span class='ocrx_word' id='word_1_545' title='bbox 2725 3317 2908 3388; x_wconf 75' lang='grc' dir='ltr'>φησὶν,</span> <span class='ocrx_word' id='word_1_546' title='bbox 2939 3319 2992 3371; x_wconf 86' lang='grc' dir='ltr'><strong>αί</strong></span> <span class='ocrx_word' id='word_1_547' title='bbox 3024 3317 3132 3371; x_wconf 74' lang='grc' dir='ltr'>ὁδοὶ</span> <span class='ocrx_word' id='word_1_548' title='bbox 3156 3315 3250 3370; x_wconf 80' lang='grc' dir='ltr'>τοῦ</span> <span class='ocrx_word' id='word_1_549' title='bbox 3280 3317 3503 3389; x_wconf 83' lang='grc' dir='ltr'>Κυρίου,</span> <span class='ocrx_word' id='word_1_550' title='bbox 3544 3316 3683 3388; x_wconf 75' lang='grc' dir='ltr'>πλὴν</span> 
     </span>
    </p>
   </div>
   <div class='ocr_carea' id='block_1_78' title="bbox 2109 3403 3682 3480">
    <p class='ocr_par' dir='ltr' id='par_1_78' title="bbox 2109 3403 3682 3480">
     <span class='ocr_line' id='line_1_78' title="bbox 2109 3403 3682 3480; baseline 0.003 -25"><span class='ocrx_word' id='word_1_551' title='bbox 2109 3403 2224 3456; x_wconf 83' lang='grc' dir='ltr'>ἀλλ’</span> <span class='ocrx_word' id='word_1_552' title='bbox 2243 3405 2302 3457; x_wconf 83' lang='grc' dir='ltr'>ὲν</span> <span class='ocrx_word' id='word_1_553' title='bbox 2330 3405 2532 3470; x_wconf 85' lang='grc' dir='ltr'>πάσαις</span> <span class='ocrx_word' id='word_1_554' title='bbox 2557 3406 2618 3461; x_wconf 85' lang='grc' dir='ltr'><strong>τδ</strong></span> <span class='ocrx_word' id='word_1_555' title='bbox 2645 3407 2793 3472; x_wconf 77' lang='grc' dir='ltr'>ἔλεος</span> <span class='ocrx_word' id='word_1_556' title='bbox 2821 3407 2986 3461; x_wconf 81' lang='grc' dir='ltr'>αὑτοῦ</span> <span class='ocrx_word' id='word_1_557' title='bbox 3013 3408 3331 3480; x_wconf 89' lang='grc' dir='ltr'>προτρέχει·</span> <span class='ocrx_word' id='word_1_558' title='bbox 3356 3407 3434 3480; x_wconf 86' lang='grc' dir='ltr'>τῷ</span> <span class='ocrx_word' id='word_1_559' title='bbox 3460 3425 3520 3461; x_wconf 92' lang='grc' dir='ltr'><strong>τε</strong></span> <span class='ocrx_word' id='word_1_560' title='bbox 3542 3406 3682 3461; x_wconf 81' lang='grc' dir='ltr'>ὲλέει</span> 
     </span>
    </p>
   </div>
   <div class='ocr_carea' id='block_1_79' title="bbox 2110 3494 3680 3570">
    <p class='ocr_par' dir='ltr' id='par_1_79' title="bbox 2110 3494 3680 3570">
     <span class='ocr_line' id='line_1_79' title="bbox 2110 3494 3680 3570; baseline -0.003 -18"><span class='ocrx_word' id='word_1_561' title='bbox 2110 3495 2483 3565; x_wconf 81' lang='grc' dir='ltr'>συμπαρορμᾷ</span> <span class='ocrx_word' id='word_1_562' title='bbox 2505 3496 2537 3565; x_wconf 85' lang='grc' dir='ltr'><strong>ή</strong></span> <span class='ocrx_word' id='word_1_563' title='bbox 2560 3494 2785 3567; x_wconf 79' lang='grc' dir='ltr'>ἀλήθεια</span> <span class='ocrx_word' id='word_1_564' title='bbox 2808 3513 2822 3527; x_wconf 90' lang='grc'><strong>·</strong></span> <span class='ocrx_word' id='word_1_565' title='bbox 2864 3495 3007 3550; x_wconf 75' lang='grc' dir='ltr'>ἐλεεῖ</span> <span class='ocrx_word' id='word_1_566' title='bbox 3037 3496 3144 3570; x_wconf 84' lang='grc' dir='ltr'>γὰρ</span> <span class='ocrx_word' id='word_1_567' title='bbox 3167 3497 3236 3550; x_wconf 90' lang='grc' dir='ltr'><strong>τὰ</strong></span> <span class='ocrx_word' id='word_1_568' title='bbox 3263 3497 3391 3550; x_wconf 76' lang='grc' dir='ltr'>ὄντα</span> <span class='ocrx_word' id='word_1_569' title='bbox 3412 3497 3507 3551; x_wconf 71' lang='grc' dir='ltr'>καὶ</span> <span class='ocrx_word' id='word_1_570' title='bbox 3527 3496 3680 3550; x_wconf 77' lang='grc' dir='ltr'>οὐδὲν</span> 
     </span>
    </p>
   </div>
   <div class='ocr_carea' id='block_1_80' title="bbox 2109 3579 3682 3660">
    <p class='ocr_par' dir='ltr' id='par_1_80' title="bbox 2109 3579 3682 3660">
     <span class='ocr_line' id='line_1_80' title="bbox 2109 3579 3682 3660; baseline 0.004 -26"><span class='ocrx_word' id='word_1_571' title='bbox 2109 3581 2450 3651; x_wconf 84' lang='grc' dir='ltr'>βδελύσσεται</span> <span class='ocrx_word' id='word_1_572' title='bbox 2509 3579 2584 3640; x_wconf 84' lang='grc' dir='ltr'>ὧν</span> <span class='ocrx_word' id='word_1_573' title='bbox 2618 3586 2899 3657; x_wconf 77' lang='grc' dir='ltr'>ἐποίησεν·</span> <span class='ocrx_word' id='word_1_574' title='bbox 2949 3587 3067 3640; x_wconf 81' lang='grc' dir='ltr'>οὑδὲ</span> <span class='ocrx_word' id='word_1_575' title='bbox 3108 3586 3215 3660; x_wconf 79' lang='grc' dir='ltr'>γὰρ</span> <span class='ocrx_word' id='word_1_576' title='bbox 3275 3586 3446 3659; x_wconf 85' lang='grc' dir='ltr'>μισῶν</span> <span class='ocrx_word' id='word_1_577' title='bbox 3469 3605 3521 3640; x_wconf 90' lang='grc' dir='ltr'><strong>τι</strong></span> <span class='ocrx_word' id='word_1_578' title='bbox 3550 3604 3682 3640; x_wconf 85' lang='grc' dir='ltr'>κατ-</span> 
     </span>
    </p>
   </div>
   <div class='ocr_carea' id='block_1_81' title="bbox 2107 3676 3680 3752">
    <p class='ocr_par' dir='ltr' id='par_1_81' title="bbox 2107 3676 3680 3752">
     <span class='ocr_line' id='line_1_81' title="bbox 2107 3676 3680 3752; baseline 0.004 -24"><span class='ocrx_word' id='word_1_579' title='bbox 2107 3676 2388 3732; x_wconf 88' lang='grc' dir='ltr'>εσκεύασε.</span> <span class='ocrx_word' id='word_1_580' title='bbox 2408 3679 2545 3732; x_wconf 86' lang='grc' dir='ltr'>Καθ’</span> <span class='ocrx_word' id='word_1_581' title='bbox 2569 3681 2804 3752; x_wconf 79' lang='grc' dir='ltr'>ἑκάστην</span> <span class='ocrx_word' id='word_1_582' title='bbox 2819 3681 2995 3736; x_wconf 89' lang='grc' dir='ltr'>τοίνυν</span> <span class='ocrx_word' id='word_1_583' title='bbox 3023 3681 3138 3735; x_wconf 80' lang='grc' dir='ltr'>ὁδὸν</span> <span class='ocrx_word' id='word_1_584' title='bbox 3155 3682 3255 3752; x_wconf 82' lang='grc' dir='ltr'>τῆς</span> <span class='ocrx_word' id='word_1_585' title='bbox 3276 3681 3368 3735; x_wconf 81' lang='grc' dir='ltr'>τοῦ</span> <span class='ocrx_word' id='word_1_586' title='bbox 3390 3681 3524 3735; x_wconf 89' lang='grc' dir='ltr'><strong>Θεοῦ</strong></span> <span class='ocrx_word' id='word_1_587' title='bbox 3551 3681 3680 3735; x_wconf 77' lang='grc' dir='ltr'>διοιο</span> 
     </span>
    </p>
   </div>
   <div class='ocr_carea' id='block_1_82' title="bbox 2107 3773 3680 3850">
    <p class='ocr_par' dir='ltr' id='par_1_82' title="bbox 2107 3773 3680 3850">
     <span class='ocr_line' id='line_1_82' title="bbox 2107 3773 3680 3850; baseline 0.003 -25"><span class='ocrx_word' id='word_1_588' title='bbox 2107 3773 2320 3842; x_wconf 82' lang='grc' dir='ltr'>κήσεὼς</span> <span class='ocrx_word' id='word_1_589' title='bbox 2358 3791 2418 3826; x_wconf 89' lang='grc' dir='ltr'><strong>τε</strong></span> <span class='ocrx_word' id='word_1_590' title='bbox 2459 3775 2550 3828; x_wconf 71' lang='grc' dir='ltr'>καὶ</span> <span class='ocrx_word' id='word_1_591' title='bbox 2597 3776 2852 3846; x_wconf 88' lang='grc' dir='ltr'>προνοίας</span> <span class='ocrx_word' id='word_1_592' title='bbox 2881 3775 2940 3830; x_wconf 85' lang='grc' dir='ltr'><strong>τὸ</strong></span> <span class='ocrx_word' id='word_1_593' title='bbox 2978 3775 3123 3841; x_wconf 80' lang='grc' dir='ltr'>ἔλεος</span> <span class='ocrx_word' id='word_1_594' title='bbox 3167 3777 3331 3830; x_wconf 80' lang='grc' dir='ltr'>αὑτοῦ</span> <span class='ocrx_word' id='word_1_595' title='bbox 3367 3777 3680 3850; x_wconf 85' lang='grc' dir='ltr'>προτρέχει,</span> 
     </span>
    </p>
   </div>
   <div class='ocr_carea' id='block_1_83' title="bbox 2107 3863 3678 3941">
    <p class='ocr_par' dir='ltr' id='par_1_83' title="bbox 2107 3863 3678 3941">
     <span class='ocr_line' id='line_1_83' title="bbox 2107 3863 3678 3941; baseline 0.004 -25"><span class='ocrx_word' id='word_1_596' title='bbox 2107 3863 2297 3919; x_wconf 77' lang='grc' dir='ltr'>ἕπεται</span> <span class='ocrx_word' id='word_1_597' title='bbox 2344 3865 2401 3918; x_wconf 85' lang='grc' dir='ltr'>δὲ</span> <span class='ocrx_word' id='word_1_598' title='bbox 2449 3867 2525 3938; x_wconf 84' lang='grc' dir='ltr'>τῷ</span> <span class='ocrx_word' id='word_1_599' title='bbox 2557 3867 2691 3938; x_wconf 73' lang='grc' dir='ltr'>ἐλέῳ</span> <span class='ocrx_word' id='word_1_600' title='bbox 2724 3870 2758 3939; x_wconf 81' lang='grc' dir='ltr'><strong>ἡ</strong></span> <span class='ocrx_word' id='word_1_601' title='bbox 2803 3869 3046 3939; x_wconf 81' lang='grc' dir='ltr'>ἀλήθεια.</span> <span class='ocrx_word' id='word_1_602' title='bbox 3086 3871 3212 3934; x_wconf 84' lang='grc' dir='ltr'>Τοῖς</span> <span class='ocrx_word' id='word_1_603' title='bbox 3258 3869 3302 3923; x_wconf 82' lang='grc' dir='ltr'>δ’</span> <span class='ocrx_word' id='word_1_604' title='bbox 3341 3869 3678 3941; x_wconf 76' lang='grc' dir='ltr'>ἐκζητοῦσιν,</span> 
     </span>
    </p>
   </div>
   <div class='ocr_carea' id='block_1_84' title="bbox 2107 3955 3676 4028">
    <p class='ocr_par' dir='ltr' id='par_1_84' title="bbox 2107 3955 3676 4028">
     <span class='ocr_line' id='line_1_84' title="bbox 2107 3955 3676 4028; baseline 0.002 -20"><span class='ocrx_word' id='word_1_605' title='bbox 2107 3955 2544 4028; x_wconf 88' lang='grc' dir='ltr'>ἀσχολουμένοις,</span> <span class='ocrx_word' id='word_1_606' title='bbox 2591 3960 2620 4012; x_wconf 88' lang='grc' dir='ltr'><strong>ό</strong></span> <span class='ocrx_word' id='word_1_607' title='bbox 2659 3958 2860 4012; x_wconf 77' lang='grc' dir='ltr'>εἰπών·</span> <span class='ocrx_word' id='word_1_608' title='bbox 2905 3961 3164 4028; x_wconf 81' lang='grc' dir='ltr'>Ζητεῖτε,</span> <span class='ocrx_word' id='word_1_609' title='bbox 3195 3960 3292 4013; x_wconf 80' lang='grc' dir='ltr'><strong>καί</strong></span> <span class='ocrx_word' id='word_1_610' title='bbox 3353 3959 3676 4026; x_wconf 82' lang='grc' dir='ltr'>εὑρήσετε,</span> 
     </span>
    </p>
   </div>
   <div class='ocr_carea' id='block_1_85' title="bbox 2107 4051 3678 4125">
    <p class='ocr_par' dir='ltr' id='par_1_85' title="bbox 2107 4051 3678 4125">
     <span class='ocr_line' id='line_1_85' title="bbox 2107 4051 3678 4125; baseline 0.01 -24"><span class='ocrx_word' id='word_1_611' title='bbox 2107 4051 2368 4116; x_wconf 79' lang='grc' dir='ltr'>κρούετε,</span> <span class='ocrx_word' id='word_1_612' title='bbox 2432 4052 2530 4105; x_wconf 75' lang='grc' dir='ltr'>καὶ</span> <span class='ocrx_word' id='word_1_613' title='bbox 2559 4054 3120 4124; x_wconf 63' lang='grc' dir='ltr'>ἀνοιπηξσεταιὺμῒν,</span> <span class='ocrx_word' id='word_1_614' title='bbox 3155 4053 3258 4124; x_wconf 77' lang='grc' dir='ltr'>τὴν</span> <span class='ocrx_word' id='word_1_615' title='bbox 3283 4054 3411 4125; x_wconf 80' lang='grc' dir='ltr'>περὶ</span> <span class='ocrx_word' id='word_1_616' title='bbox 3446 4053 3554 4107; x_wconf 82' lang='grc' dir='ltr'><strong>τῶν</strong></span> <span class='ocrx_word' id='word_1_617' title='bbox 3579 4052 3678 4122; x_wconf 74' lang='grc' dir='ltr'><strong>ζη-</strong></span> 
     </span>
    </p>
   </div>
   <div class='ocr_carea' id='block_1_86' title="bbox 2106 4141 3678 4217">
    <p class='ocr_par' dir='ltr' id='par_1_86' title="bbox 2106 4141 3678 4217">
     <span class='ocr_line' id='line_1_86' title="bbox 2106 4141 3678 4217; baseline 0.003 -25"><span class='ocrx_word' id='word_1_618' title='bbox 2106 4141 2383 4211; x_wconf 80' lang='grc' dir='ltr'>τουμένων</span> <span class='ocrx_word' id='word_1_619' title='bbox 2433 4143 2689 4215; x_wconf 84' lang='grc' dir='ltr'>ἀλήθειαν</span> <span class='ocrx_word' id='word_1_620' title='bbox 2747 4147 3128 4217; x_wconf 82' lang='grc' dir='ltr'>παραδίδωσιν.</span> <span class='ocrx_word' id='word_1_621' title='bbox 3157 4144 3398 4216; x_wconf 80' lang='grc' dir='ltr'>Διαθήκη</span> <span class='ocrx_word' id='word_1_622' title='bbox 3427 4143 3483 4197; x_wconf 84' lang='grc' dir='ltr'>δὲ</span> <span class='ocrx_word' id='word_1_623' title='bbox 3512 4144 3678 4198; x_wconf 75' lang='grc' dir='ltr'>αὐτού</span> 
     </span>
    </p>
   </div>
   <div class='ocr_carea' id='block_1_87' title="bbox 2107 4232 3680 4305">
    <p class='ocr_par' dir='ltr' id='par_1_87' title="bbox 2107 4232 3680 4305">
     <span class='ocr_line' id='line_1_87' title="bbox 2107 4232 3680 4305; baseline 0.003 -21"><span class='ocrx_word' id='word_1_624' title='bbox 2107 4232 2336 4299; x_wconf 81' lang='grc' dir='ltr'>γενικῶς</span> <span class='ocrx_word' id='word_1_625' title='bbox 2365 4235 2457 4287; x_wconf 73' lang='grc' dir='ltr'><strong>καὶ</strong></span> <span class='ocrx_word' id='word_1_626' title='bbox 2487 4236 2607 4288; x_wconf 80' lang='grc' dir='ltr'>καθ’</span> <span class='ocrx_word' id='word_1_627' title='bbox 2629 4236 2750 4289; x_wconf 80' lang='grc' dir='ltr'>ὅλου</span> <span class='ocrx_word' id='word_1_628' title='bbox 2787 4236 3096 4305; x_wconf 82' lang='grc' dir='ltr'>ὠνόμασται</span> <span class='ocrx_word' id='word_1_629' title='bbox 3128 4236 3276 4287; x_wconf 84' lang='grc' dir='ltr'>πᾶσα</span> <span class='ocrx_word' id='word_1_630' title='bbox 3309 4237 3341 4305; x_wconf 82' lang='grc' dir='ltr'>ἠ</span> <span class='ocrx_word' id='word_1_631' title='bbox 3373 4233 3680 4305; x_wconf 83' lang='grc' dir='ltr'>ἀνθρώποις</span> 
     </span>
    </p>
   </div>
   <div class='ocr_carea' id='block_1_88' title="bbox 2107 4324 3676 4397">
    <p class='ocr_par' dir='ltr' id='par_1_88' title="bbox 2107 4324 3676 4397">
     <span class='ocr_line' id='line_1_88' title="bbox 2107 4324 3676 4397; baseline 0 -21"><span class='ocrx_word' id='word_1_632' title='bbox 2107 4324 2470 4395; x_wconf 82' lang='grc' dir='ltr'>παραδοθεῖσα</span> <span class='ocrx_word' id='word_1_633' title='bbox 2501 4326 2850 4389; x_wconf 85' lang='grc' dir='ltr'>θεόπνευστος</span> <span class='ocrx_word' id='word_1_634' title='bbox 2872 4326 3081 4397; x_wconf 81' lang='grc' dir='ltr'>Γραφή.</span> <span class='ocrx_word' id='word_1_635' title='bbox 3107 4325 3394 4397; x_wconf 85' lang='grc' dir='ltr'>Μαρτύρια</span> <span class='ocrx_word' id='word_1_636' title='bbox 3421 4324 3478 4377; x_wconf 83' lang='grc' dir='ltr'>δὲ</span> <span class='ocrx_word' id='word_1_637' title='bbox 3515 4324 3676 4378; x_wconf 72' lang='grc' dir='ltr'>αὑτοῦ</span> 
     </span>
    </p>
   </div>
   <div class='ocr_carea' id='block_1_89' title="bbox 2105 4415 3677 4490">
    <p class='ocr_par' dir='ltr' id='par_1_89' title="bbox 2105 4415 3677 4490">
     <span class='ocr_line' id='line_1_89' title="bbox 2105 4415 3677 4490; baseline 0.001 -23"><span class='ocrx_word' id='word_1_638' title='bbox 2105 4415 2362 4485; x_wconf 76' lang='grc' dir='ltr'>τυγχάνει</span> <span class='ocrx_word' id='word_1_639' title='bbox 2399 4418 2516 4488; x_wconf 68' lang='grc' dir='ltr'>ἦτοι</span> <span class='ocrx_word' id='word_1_640' title='bbox 2535 4417 2604 4469; x_wconf 84' lang='grc' dir='ltr'><strong>τὰ</strong></span> <span class='ocrx_word' id='word_1_641' title='bbox 2629 4417 2978 4489; x_wconf 84' lang='grc' dir='ltr'>προφητικῶς</span> <span class='ocrx_word' id='word_1_642' title='bbox 3006 4419 3133 4490; x_wconf 80' lang='grc' dir='ltr'>περὶ</span> <span class='ocrx_word' id='word_1_643' title='bbox 3167 4417 3328 4470; x_wconf 82' lang='grc' dir='ltr'>αὑτοῦ</span> <span class='ocrx_word' id='word_1_644' title='bbox 3371 4419 3427 4470; x_wconf 82' lang='grc' dir='ltr'>ἐν</span> <span class='ocrx_word' id='word_1_645' title='bbox 3467 4420 3533 4488; x_wconf 80' lang='grc' dir='ltr'>τῇ</span> <span class='ocrx_word' id='word_1_646' title='bbox 3559 4417 3677 4487; x_wconf 71' lang='grc' dir='ltr'>θείᾳ</span> 
     </span>
    </p>
   </div>
   <div class='ocr_carea' id='block_1_90' title="bbox 439 4499 2007 4582">
    <p class='ocr_par' dir='ltr' id='par_1_90' title="bbox 439 4499 2001 4572">
     <span class='ocr_line' id='line_1_90' title="bbox 439 4499 2001 4572; baseline 0.003 -19"><span class='ocrx_word' id='word_1_647' title='bbox 439 4501 530 4554; x_wconf 91' lang='lat' dir='ltr'><strong>illo</strong></span> <span class='ocrx_word' id='word_1_648' title='bbox 566 4499 884 4570; x_wconf 90' lang='lat' dir='ltr'><strong>pr0phetice</strong></span> <span class='ocrx_word' id='word_1_649' title='bbox 935 4499 1220 4564; x_wconf 78' lang='lat' dir='ltr'><strong>feruntur,</strong></span> <span class='ocrx_word' id='word_1_650' title='bbox 1273 4509 1368 4556; x_wconf 90' lang='lat' dir='ltr'><strong>aut</strong></span> <span class='ocrx_word' id='word_1_651' title='bbox 1398 4519 1518 4572; x_wconf 76' lang='lat' dir='ltr'><strong>quae</strong></span> <span class='ocrx_word' id='word_1_652' title='bbox 1548 4503 1618 4558; x_wconf 89' lang='lat' dir='ltr'><strong>ab</strong></span> <span class='ocrx_word' id='word_1_653' title='bbox 1663 4502 1783 4570; x_wconf 85' lang='lat' dir='ltr'><strong>ipso</strong></span> <span class='ocrx_word' id='word_1_654' title='bbox 1813 4503 1880 4558; x_wconf 91' lang='lat' dir='ltr'><strong>iis</strong></span> <span class='ocrx_word' id='word_1_655' title='bbox 1909 4504 2001 4572; x_wconf 91' lang='lat' dir='ltr'><strong>qui</strong></span> 
     </span>
    </p>
   </div>
   <div class='ocr_carea' id='block_1_91' title="bbox 2100 4499 3676 4582">
    <p class='ocr_par' dir='ltr' id='par_1_91' title="bbox 2107 4508 3676 4582">
     <span class='ocr_line' id='line_1_91' title="bbox 2107 4508 3676 4582; baseline 0 -20"><span class='ocrx_word' id='word_1_656' title='bbox 2107 4511 2296 4582; x_wconf 84' lang='grc' dir='ltr'>Γραφῇ</span> <span class='ocrx_word' id='word_1_657' title='bbox 2353 4508 2840 4580; x_wconf 84' lang='grc' dir='ltr'>μεμαρτυρημένα,</span> <span class='ocrx_word' id='word_1_658' title='bbox 2898 4509 2930 4581; x_wconf 80' lang='grc' dir='ltr'>ἢ</span> <span class='ocrx_word' id='word_1_659' title='bbox 2984 4508 3052 4562; x_wconf 81' lang='grc' dir='ltr'>τὰ</span> <span class='ocrx_word' id='word_1_660' title='bbox 3099 4509 3240 4563; x_wconf 75' lang='grc' dir='ltr'>κατὰ</span> <span class='ocrx_word' id='word_1_661' title='bbox 3284 4509 3676 4581; x_wconf 87' lang='grc' dir='ltr'>διαμαρτυρίαν</span> 
     </span>
    </p>
   </div>
   <div class='ocr_carea' id='block_1_92' title="bbox 437 4592 2001 4660">
    <p class='ocr_par' dir='ltr' id='par_1_92' title="bbox 437 4592 2001 4660">
     <span class='ocr_line' id='line_1_92' title="bbox 437 4592 2001 4660; baseline 0.001 -13"><span class='ocrx_word' id='word_1_662' title='bbox 437 4594 490 4648; x_wconf 91' lang='lat' dir='ltr'><strong>in</strong></span> <span class='ocrx_word' id='word_1_663' title='bbox 509 4594 673 4649; x_wconf 86' lang='lat' dir='ltr'><strong>rebus</strong></span> <span class='ocrx_word' id='word_1_664' title='bbox 689 4593 890 4648; x_wconf 91' lang='lat' dir='ltr'><strong>divinis</strong></span> <span class='ocrx_word' id='word_1_665' title='bbox 922 4592 1302 4658; x_wconf 89' lang='lat' dir='ltr'><strong>instituuntur,</strong></span> <span class='ocrx_word' id='word_1_666' title='bbox 1321 4595 1704 4650; x_wconf 81' lang='lat' dir='ltr'><strong>testiﬁcatione</strong></span> <span class='ocrx_word' id='word_1_667' title='bbox 1735 4594 2001 4660; x_wconf 87' lang='lat' dir='ltr'><strong>adhibita,</strong></span> 
     </span>
    </p>
   </div>
   <div class='ocr_carea' id='block_1_93' title="bbox 434 4694 879 4757">
    <p class='ocr_par' dir='ltr' id='par_1_93' title="bbox 434 4694 879 4757">
     <span class='ocr_line' id='line_1_93' title="bbox 434 4694 879 4757; baseline 0 -15"><span class='ocrx_word' id='word_1_668' title='bbox 434 4694 699 4757; x_wconf 73' lang='lat' dir='ltr'><strong>praecepta</strong></span> <span class='ocrx_word' id='word_1_669' title='bbox 731 4695 879 4742; x_wconf 91' lang='lat' dir='ltr'><strong>sunt.</strong></span> 
     </span>
    </p>
   </div>
   <div class='ocr_carea' id='block_1_94' title="bbox 502 4796 2006 4870">
    <p class='ocr_par' dir='ltr' id='par_1_94' title="bbox 502 4796 2006 4870">
     <span class='ocr_line' id='line_1_94' title="bbox 502 4796 2006 4870; baseline 0 -18"><span class='ocrx_word' id='word_1_670' title='bbox 502 4796 668 4853; x_wconf 71' lang='lat' dir='ltr'><strong>Vens.</strong></span> <span class='ocrx_word' id='word_1_671' title='bbox 697 4799 783 4862; x_wconf 73' lang='grc'><strong>12,</strong></span> <span class='ocrx_word' id='word_1_672' title='bbox 819 4801 905 4853; x_wconf 77' lang='grc'><strong>15.</strong></span> <span class='ocrx_word' id='word_1_673' title='bbox 951 4798 1084 4865; x_wconf 84' lang='lat' dir='ltr'><strong>Quis</strong></span> <span class='ocrx_word' id='word_1_674' title='bbox 1116 4809 1192 4853; x_wconf 84' lang='lat' dir='ltr'><strong>est</strong></span> <span class='ocrx_word' id='word_1_675' title='bbox 1219 4799 1370 4852; x_wconf 87' lang='lat' dir='ltr'><strong>homo</strong></span> <span class='ocrx_word' id='word_1_676' title='bbox 1395 4801 1484 4870; x_wconf 87' lang='lat' dir='ltr'><strong>qui</strong></span> <span class='ocrx_word' id='word_1_677' title='bbox 1515 4801 1661 4854; x_wconf 84' lang='lat' dir='ltr'><strong>timet</strong></span> <span class='ocrx_word' id='word_1_678' title='bbox 1682 4799 2006 4854; x_wconf 81' lang='lat' dir='ltr'><strong>Dominum?</strong></span> 
     </span>
    </p>
   </div>
   <div class='ocr_carea' id='block_1_95' title="bbox 432 4889 2003 4960">
    <p class='ocr_par' dir='ltr' id='par_1_95' title="bbox 432 4889 2003 4960">
     <span class='ocr_line' id='line_1_95' title="bbox 432 4889 2003 4960; baseline 0.001 -17"><span class='ocrx_word' id='word_1_679' title='bbox 432 4889 594 4960; x_wconf 82' lang='lat' dir='ltr'><strong>legem</strong></span> <span class='ocrx_word' id='word_1_680' title='bbox 623 4898 816 4942; x_wconf 87' lang='lat' dir='ltr'><strong>statuet</strong></span> <span class='ocrx_word' id='word_1_681' title='bbox 845 4891 892 4942; x_wconf 92' lang='lat' dir='ltr'><strong>ei</strong></span> <span class='ocrx_word' id='word_1_682' title='bbox 917 4890 968 4943; x_wconf 85' lang='lat' dir='ltr'><strong>in</strong></span> <span class='ocrx_word' id='word_1_683' title='bbox 999 4891 1113 4946; x_wconf 87' lang='lat' dir='ltr'><strong>via.</strong></span> <span class='ocrx_word' id='word_1_684' title='bbox 1141 4906 1298 4960; x_wconf 85' lang='lat' dir='ltr'><strong>quam</strong></span> <span class='ocrx_word' id='word_1_685' title='bbox 1335 4891 1507 4960; x_wconf 86' lang='lat' dir='ltr'><strong>elegit.</strong></span> <span class='ocrx_word' id='word_1_686' title='bbox 1559 4892 1754 4945; x_wconf 80' lang='lat' dir='ltr'><strong>Anima</strong></span> <span class='ocrx_word' id='word_1_687' title='bbox 1790 4893 1903 4960; x_wconf 81' lang='lat' dir='ltr'><strong>ejus</strong></span> <span class='ocrx_word' id='word_1_688' title='bbox 1948 4893 2003 4944; x_wconf 86' lang='lat' dir='ltr'><strong>in</strong></span> 
     </span>
    </p>
   </div>
   <div class='ocr_carea' id='block_1_96' title="bbox 429 4981 2002 5052">
    <p class='ocr_par' dir='ltr' id='par_1_96' title="bbox 429 4981 2002 5052">
     <span class='ocr_line' id='line_1_96' title="bbox 429 4981 2002 5052; baseline 0.002 -17"><span class='ocrx_word' id='word_1_689' title='bbox 429 4983 576 5037; x_wconf 81' lang='lat' dir='ltr'><strong>bonis</strong></span> <span class='ocrx_word' id='word_1_690' title='bbox 611 4981 990 5046; x_wconf 85' lang='lat' dir='ltr'><strong>demorabitur,</strong></span> <span class='ocrx_word' id='word_1_691' title='bbox 1013 4993 1061 5035; x_wconf 90' lang='lat' dir='ltr'><strong>et</strong></span> <span class='ocrx_word' id='word_1_692' title='bbox 1086 4998 1258 5035; x_wconf 85' lang='lat' dir='ltr'><strong>semen</strong></span> <span class='ocrx_word' id='word_1_693' title='bbox 1287 4983 1399 5052; x_wconf 86' lang='lat' dir='ltr'><strong>ejus</strong></span> <span class='ocrx_word' id='word_1_694' title='bbox 1429 4983 1758 5038; x_wconf 77' lang='lat' dir='ltr'><strong>Itwreditabit</strong></span> <span class='ocrx_word' id='word_1_695' title='bbox 1783 4993 2002 5038; x_wconf 87' lang='lat' dir='ltr'><strong>terram.</strong></span> 
     </span>
    </p>
   </div>
   <div class='ocr_carea' id='block_1_97' title="bbox 429 5075 2002 5146">
    <p class='ocr_par' dir='ltr' id='par_1_97' title="bbox 429 5075 2002 5146">
     <span class='ocr_line' id='line_1_97' title="bbox 429 5075 2002 5146; baseline 0.002 -19"><span class='ocrx_word' id='word_1_696' title='bbox 429 5075 651 5141; x_wconf 83' lang='lat' dir='ltr'><strong>Audiat,</strong></span> <span class='ocrx_word' id='word_1_697' title='bbox 687 5075 894 5144; x_wconf 86' lang='lat' dir='ltr'><strong>inquit.</strong></span> <span class='ocrx_word' id='word_1_698' title='bbox 925 5075 1174 5144; x_wconf 90' lang='lat' dir='ltr'><strong>quisquis</strong></span> <span class='ocrx_word' id='word_1_699' title='bbox 1205 5075 1360 5130; x_wconf 88' lang='lat' dir='ltr'><strong>timet</strong></span> <span class='ocrx_word' id='word_1_700' title='bbox 1389 5075 1699 5141; x_wconf 88' lang='lat' dir='ltr'><strong>Dominum,</strong></span> <span class='ocrx_word' id='word_1_701' title='bbox 1732 5089 1895 5146; x_wconf 80' lang='lat' dir='ltr'><strong>atque</strong></span> <span class='ocrx_word' id='word_1_702' title='bbox 1948 5075 2002 5130; x_wconf 89' lang='lat' dir='ltr'><strong>in</strong></span> 
     </span>
    </p>
   </div>
   <div class='ocr_carea' id='block_1_98' title="bbox 430 5164 2004 5236">
    <p class='ocr_par' dir='ltr' id='par_1_98' title="bbox 430 5164 2004 5236">
     <span class='ocr_line' id='line_1_98' title="bbox 430 5164 2004 5236; baseline 0.001 -18"><span class='ocrx_word' id='word_1_703' title='bbox 430 5180 558 5228; x_wconf 92' lang='lat' dir='ltr'><strong>una,</strong></span> <span class='ocrx_word' id='word_1_704' title='bbox 596 5179 758 5235; x_wconf 92' lang='lat' dir='ltr'><strong>quam</strong></span> <span class='ocrx_word' id='word_1_705' title='bbox 788 5164 970 5234; x_wconf 82' lang='lat' dir='ltr'><strong>elegit,</strong></span> <span class='ocrx_word' id='word_1_706' title='bbox 1006 5165 1095 5218; x_wconf 91' lang='lat' dir='ltr'><strong>via</strong></span> <span class='ocrx_word' id='word_1_707' title='bbox 1136 5165 1362 5229; x_wconf 88' lang='lat' dir='ltr'><strong>incedit,</strong></span> <span class='ocrx_word' id='word_1_708' title='bbox 1405 5165 1665 5236; x_wconf 89' lang='lat' dir='ltr'><strong>quidnam</strong></span> <span class='ocrx_word' id='word_1_709' title='bbox 1703 5167 1803 5236; x_wconf 87' lang='lat' dir='ltr'><strong>ipsi</strong></span> <span class='ocrx_word' id='word_1_710' title='bbox 1841 5181 2004 5221; x_wconf 87' lang='lat' dir='ltr'><strong>even-</strong></span> 
     </span>
    </p>
   </div>
   <div class='ocr_carea' id='block_1_99' title="bbox 431 5254 2004 5326">
    <p class='ocr_par' dir='ltr' id='par_1_99' title="bbox 431 5254 2004 5326">
     <span class='ocr_line' id='line_1_99' title="bbox 431 5254 2004 5326; baseline -0.001 -16"><span class='ocrx_word' id='word_1_711' title='bbox 431 5267 612 5310; x_wconf 89' lang='lat' dir='ltr'><strong>turum</strong></span> <span class='ocrx_word' id='word_1_712' title='bbox 646 5257 738 5311; x_wconf 87' lang='lat' dir='ltr'><strong>sit.</strong></span> <span class='ocrx_word' id='word_1_713' title='bbox 773 5255 839 5309; x_wconf 87' lang='lat' dir='ltr'><strong>Et</strong></span> <span class='ocrx_word' id='word_1_714' title='bbox 873 5271 1020 5311; x_wconf 91' lang='lat' dir='ltr'><strong>nunc</strong></span> <span class='ocrx_word' id='word_1_715' title='bbox 1054 5255 1271 5326; x_wconf 88' lang='lat' dir='ltr'><strong>quidem</strong></span> <span class='ocrx_word' id='word_1_716' title='bbox 1302 5257 1392 5312; x_wconf 90' lang='lat' dir='ltr'><strong>ille</strong></span> <span class='ocrx_word' id='word_1_717' title='bbox 1429 5257 1587 5312; x_wconf 86' lang='lat' dir='ltr'><strong>malis</strong></span> <span class='ocrx_word' id='word_1_718' title='bbox 1623 5254 1906 5318; x_wconf 78' lang='lat' dir='ltr'><strong>aﬂicietur,</strong></span> <span class='ocrx_word' id='word_1_719' title='bbox 1943 5264 2004 5309; x_wconf 93' lang='lat' dir='ltr'><strong>ut</strong></span> 
     </span>
    </p>
   </div>
   <div class='ocr_carea' id='block_1_100' title="bbox 431 5346 2003 5419">
    <p class='ocr_par' dir='ltr' id='par_1_100' title="bbox 431 5346 2003 5419">
     <span class='ocr_line' id='line_1_100' title="bbox 431 5346 2003 5419; baseline -0.001 -19"><span class='ocrx_word' id='word_1_720' title='bbox 431 5363 530 5418; x_wconf 86' lang='lat' dir='ltr'><strong>par</strong></span> <span class='ocrx_word' id='word_1_721' title='bbox 555 5356 660 5412; x_wconf 89' lang='lat' dir='ltr'><strong>est,</strong></span> <span class='ocrx_word' id='word_1_722' title='bbox 692 5349 894 5419; x_wconf 89' lang='lat' dir='ltr'><strong>quippe</strong></span> <span class='ocrx_word' id='word_1_723' title='bbox 925 5349 1018 5418; x_wconf 92' lang='lat' dir='ltr'><strong>qui</strong></span> <span class='ocrx_word' id='word_1_724' title='bbox 1065 5348 1346 5418; x_wconf 87' lang='lat' dir='ltr'><strong>religionis</strong></span> <span class='ocrx_word' id='word_1_725' title='bbox 1391 5361 1456 5401; x_wconf 91' lang='lat' dir='ltr'><strong>ac</strong></span> <span class='ocrx_word' id='word_1_726' title='bbox 1482 5347 1705 5417; x_wconf 89' lang='lat' dir='ltr'><strong>pietatis</strong></span> <span class='ocrx_word' id='word_1_727' title='bbox 1746 5346 2003 5400; x_wconf 86' lang='lat' dir='ltr'><strong>certami-</strong></span> 
     </span>
    </p>
   </div>
   <div class='ocr_carea' id='block_1_101' title="bbox 433 5438 2000 5510">
    <p class='ocr_par' dir='ltr' id='par_1_101' title="bbox 433 5438 2000 5510">
     <span class='ocr_line' id='line_1_101' title="bbox 433 5438 2000 5510; baseline -0.001 -17"><span class='ocrx_word' id='word_1_728' title='bbox 433 5439 596 5494; x_wconf 89' lang='lat' dir='ltr'><strong>nibus</strong></span> <span class='ocrx_word' id='word_1_729' title='bbox 625 5447 964 5496; x_wconf 78' lang='lat' dir='ltr'><strong>exerceatur.</strong></span> <span class='ocrx_word' id='word_1_730' title='bbox 1015 5441 1084 5494; x_wconf 84' lang='lat' dir='ltr'><strong>At</strong></span> <span class='ocrx_word' id='word_1_731' title='bbox 1113 5441 1219 5496; x_wconf 89' lang='lat' dir='ltr'><strong>erit</strong></span> <span class='ocrx_word' id='word_1_732' title='bbox 1247 5447 1460 5510; x_wconf 90' lang='lat' dir='ltr'><strong>tempus</strong></span> <span class='ocrx_word' id='word_1_733' title='bbox 1503 5454 1612 5509; x_wconf 91' lang='lat' dir='ltr'><strong>quo</strong></span> <span class='ocrx_word' id='word_1_734' title='bbox 1658 5438 1840 5492; x_wconf 89' lang='lat' dir='ltr'><strong>anima</strong></span> <span class='ocrx_word' id='word_1_735' title='bbox 1880 5438 2000 5507; x_wconf 85' lang='lat' dir='ltr'><strong>ejus</strong></span> 
     </span>
    </p>
   </div>
   <div class='ocr_carea' id='block_1_102' title="bbox 433 5531 2002 5603">
    <p class='ocr_par' dir='ltr' id='par_1_102' title="bbox 433 5531 2002 5603">
     <span class='ocr_line' id='line_1_102' title="bbox 433 5531 2002 5603; baseline -0.003 -15"><span class='ocrx_word' id='word_1_736' title='bbox 433 5534 489 5588; x_wconf 90' lang='lat' dir='ltr'><strong>in</strong></span> <span class='ocrx_word' id='word_1_737' title='bbox 521 5533 679 5587; x_wconf 87' lang='lat' dir='ltr'><strong>bonis</strong></span> <span class='ocrx_word' id='word_1_738' title='bbox 719 5532 1126 5588; x_wconf 87' lang='lat' dir='ltr'><strong>demorabitur:</strong></span> <span class='ocrx_word' id='word_1_739' title='bbox 1174 5534 1500 5603; x_wconf 87' lang='lat' dir='ltr'><strong>quibusnam</strong></span> <span class='ocrx_word' id='word_1_740' title='bbox 1563 5533 1616 5585; x_wconf 90' lang='lat' dir='ltr'><strong>in</strong></span> <span class='ocrx_word' id='word_1_741' title='bbox 1677 5531 1856 5594; x_wconf 89' lang='lat' dir='ltr'><strong>bonis,</strong></span> <span class='ocrx_word' id='word_1_742' title='bbox 1894 5531 2002 5585; x_wconf 88' lang='lat' dir='ltr'><strong>nisi</strong></span> 
     </span>
    </p>
   </div>
   <div class='ocr_carea' id='block_1_103' title="bbox 431 5622 2000 5696">
    <p class='ocr_par' dir='ltr' id='par_1_103' title="bbox 431 5622 2000 5696">
     <span class='ocr_line' id='line_1_103' title="bbox 431 5622 2000 5696; baseline -0.004 -16"><span class='ocrx_word' id='word_1_743' title='bbox 431 5625 499 5680; x_wconf 90' lang='lat' dir='ltr'><strong>de</strong></span> <span class='ocrx_word' id='word_1_744' title='bbox 525 5623 726 5696; x_wconf 88' lang='lat' dir='ltr'><strong>quibus</strong></span> <span class='ocrx_word' id='word_1_745' title='bbox 762 5625 970 5679; x_wconf 87' lang='lat' dir='ltr'><strong>dictum</strong></span> <span class='ocrx_word' id='word_1_746' title='bbox 1009 5632 1129 5679; x_wconf 84' lang='lat' dir='ltr'><strong>est:</strong></span> <span class='ocrx_word' id='word_1_747' title='bbox 1165 5623 1297 5689; x_wconf 75' lang='lat' dir='ltr'><strong>Qua:</strong></span> <span class='ocrx_word' id='word_1_748' title='bbox 1329 5624 1511 5678; x_wconf 77' lang='lat' dir='ltr'><strong>ocatur</strong></span> <span class='ocrx_word' id='word_1_749' title='bbox 1548 5639 1651 5676; x_wconf 87' lang='lat' dir='ltr'><strong>non</strong></span> <span class='ocrx_word' id='word_1_750' title='bbox 1687 5622 1814 5676; x_wconf 83' lang='lat' dir='ltr'><strong>uidit</strong></span> <span class='ocrx_word' id='word_1_751' title='bbox 1845 5622 1912 5687; x_wconf 84' lang='grc'><strong>³⁵,</strong></span> <span class='ocrx_word' id='word_1_752' title='bbox 1947 5629 2000 5675; x_wconf 90' lang='lat' dir='ltr'><strong>et</strong></span> 
     </span>
    </p>
   </div>
   <div class='ocr_carea' id='block_1_104' title="bbox 503 5778 1566 5843">
    <p class='ocr_par' dir='ltr' id='par_1_104' title="bbox 503 5778 1566 5843">
     <span class='ocr_line' id='line_1_104' title="bbox 503 5778 1566 5843; baseline -0.001 -11"><span class='ocrx_word' id='word_1_753' title='bbox 503 5781 544 5812; x_wconf 83' lang='grc'><strong>⁸¹</strong></span> <span class='ocrx_word' id='word_1_754' title='bbox 581 5778 770 5834; x_wconf 75' lang='lat' dir='ltr'><strong>Matth.</strong></span> <span class='ocrx_word' id='word_1_755' title='bbox 809 5795 839 5833; x_wconf 86' lang='lat' dir='ltr'><strong>v</strong></span> <span class='ocrx_word' id='word_1_756' title='bbox 864 5820 876 5839; x_wconf 91' lang='lat'><strong>,</strong></span> <span class='ocrx_word' id='word_1_757' title='bbox 914 5779 968 5832; x_wconf 72' lang='lat'><strong>4.</strong></span> <span class='ocrx_word' id='word_1_758' title='bbox 1046 5779 1088 5810; x_wconf 78' lang='grc'>³³</span> <span class='ocrx_word' id='word_1_759' title='bbox 1132 5778 1318 5834; x_wconf 72' lang='lat' dir='ltr'><strong>Matth.</strong></span> <span class='ocrx_word' id='word_1_760' title='bbox 1359 5796 1446 5843; x_wconf 74' lang='lat' dir='ltr'><strong>XI,</strong></span> <span class='ocrx_word' id='word_1_761' title='bbox 1479 5779 1566 5832; x_wconf 81' lang='lat'><strong>‘29.</strong></span> 
     </span>
    </p>
   </div>
   <div class='ocr_carea' id='block_1_105' title="bbox 2113 4598 3678 4673">
    <p class='ocr_par' dir='ltr' id='par_1_105' title="bbox 2113 4598 3678 4673">
     <span class='ocr_line' id='line_1_105' title="bbox 2113 4598 3678 4673; baseline -0.001 -18"><span class='ocrx_word' id='word_1_762' title='bbox 2113 4603 2202 4655; x_wconf 79' lang='grc' dir='ltr'>ὑπ’</span> <span class='ocrx_word' id='word_1_763' title='bbox 2249 4600 2414 4654; x_wconf 78' lang='grc' dir='ltr'>αὑτοῦ</span> <span class='ocrx_word' id='word_1_764' title='bbox 2467 4602 2577 4663; x_wconf 88' lang='grc' dir='ltr'>τοῖς</span> <span class='ocrx_word' id='word_1_765' title='bbox 2613 4599 2682 4654; x_wconf 82' lang='grc' dir='ltr'>τὰ</span> <span class='ocrx_word' id='word_1_766' title='bbox 2728 4598 2846 4652; x_wconf 85' lang='grc' dir='ltr'>θεῖα</span> <span class='ocrx_word' id='word_1_767' title='bbox 2898 4600 3303 4670; x_wconf 85' lang='grc' dir='ltr'>παιδευομένοις</span> <span class='ocrx_word' id='word_1_768' title='bbox 3367 4602 3678 4673; x_wconf 84' lang='grc' dir='ltr'>παρηγγελ-</span> 
     </span>
    </p>
   </div>
   <div class='ocr_carea' id='block_1_106' title="bbox 2114 4693 2269 4763">
    <p class='ocr_par' dir='ltr' id='par_1_106' title="bbox 2114 4693 2269 4763">
     <span class='ocr_line' id='line_1_106' title="bbox 2114 4693 2269 4763; baseline -0.013 -17"><span class='ocrx_word' id='word_1_769' title='bbox 2114 4693 2269 4763; x_wconf 89' lang='grc' dir='ltr'>μένα.</span> 
     </span>
    </p>
   </div>
   <div class='ocr_carea' id='block_1_107' title="bbox 2186 4804 3677 4876">
    <p class='ocr_par' dir='ltr' id='par_1_107' title="bbox 2186 4804 3677 4876">
     <span class='ocr_line' id='line_1_107' title="bbox 2186 4804 3677 4876; baseline 0.002 -17"><span class='ocrx_word' id='word_1_770' title='bbox 2186 4805 2280 4870; x_wconf 87' lang='grc' dir='ltr'><strong>Τίς</strong></span> <span class='ocrx_word' id='word_1_771' title='bbox 2310 4806 2482 4858; x_wconf 83' lang='grc' dir='ltr'>ἐστιν</span> <span class='ocrx_word' id='word_1_772' title='bbox 2507 4804 2816 4873; x_wconf 77' lang='grc' dir='ltr'>ἄνθρωπος</span> <span class='ocrx_word' id='word_1_773' title='bbox 2843 4809 2875 4860; x_wconf 82' lang='grc' dir='ltr'><em>ὁ</em></span> <span class='ocrx_word' id='word_1_774' title='bbox 2899 4807 3268 4876; x_wconf 72' lang='grc' dir='ltr'>φοϐούμενος</span> <span class='ocrx_word' id='word_1_775' title='bbox 3293 4807 3400 4861; x_wconf 84' lang='grc' dir='ltr'><strong>τὸν</strong></span> <span class='ocrx_word' id='word_1_776' title='bbox 3422 4810 3677 4876; x_wconf 79' lang='grc' dir='ltr'>Κύριον;</span> 
     </span>
    </p>
   </div>
   <div class='ocr_carea' id='block_1_108' title="bbox 2108 4890 3676 4966">
    <p class='ocr_par' dir='ltr' id='par_1_108' title="bbox 2108 4890 3676 4966">
     <span class='ocr_line' id='line_1_108' title="bbox 2108 4890 3676 4966; baseline 0 -16"><span class='ocrx_word' id='word_1_777' title='bbox 2108 4895 2495 4965; x_wconf 72' lang='grc' dir='ltr'>νομοθετήσει</span> <span class='ocrx_word' id='word_1_778' title='bbox 2523 4895 2682 4960; x_wconf 87' lang='grc' dir='ltr'>αὐτῷ</span> <span class='ocrx_word' id='word_1_779' title='bbox 2700 4895 2770 4948; x_wconf 79' lang='grc' dir='ltr'><strong>ἐν</strong></span> <span class='ocrx_word' id='word_1_780' title='bbox 2792 4895 2928 4961; x_wconf 82' lang='grc' dir='ltr'>ὀδῷ,</span> <span class='ocrx_word' id='word_1_781' title='bbox 2950 4890 2990 4966; x_wconf 82' lang='grc' dir='ltr'><em>ᾖ</em></span> <span class='ocrx_word' id='word_1_782' title='bbox 3020 4896 3358 4963; x_wconf 74' lang='grc' dir='ltr'>ᾑρετίσατο.</span> <span class='ocrx_word' id='word_1_783' title='bbox 3401 4897 3470 4952; x_wconf 84' lang='grc' dir='ltr'><em>Ἠ</em></span> <span class='ocrx_word' id='word_1_784' title='bbox 3503 4895 3676 4966; x_wconf 72' lang='grc' dir='ltr'><strong>ψυχὴ</strong></span> 
     </span>
    </p>
   </div>
   <div class='ocr_carea' id='block_1_109' title="bbox 2105 4986 3680 5056">
    <p class='ocr_par' dir='ltr' id='par_1_109' title="bbox 2105 4986 3680 5056">
     <span class='ocr_line' id='line_1_109' title="bbox 2105 4986 3680 5056; baseline 0 -16"><span class='ocrx_word' id='word_1_785' title='bbox 2105 4987 2293 5040; x_wconf 82' lang='grc' dir='ltr'>αὐτοῦ</span> <span class='ocrx_word' id='word_1_786' title='bbox 2323 4987 2394 5040; x_wconf 80' lang='grc' dir='ltr'>ἐν</span> <span class='ocrx_word' id='word_1_787' title='bbox 2427 4987 2665 5056; x_wconf 78' lang='grc' dir='ltr'>ἀγαθοῖς</span> <span class='ocrx_word' id='word_1_788' title='bbox 2715 4986 3174 5052; x_wconf 76' lang='grc' dir='ltr'>αὑλισθήσεται,</span> <span class='ocrx_word' id='word_1_789' title='bbox 3203 4988 3301 5041; x_wconf 73' lang='grc' dir='ltr'>καὶ</span> <span class='ocrx_word' id='word_1_790' title='bbox 3339 4987 3404 5040; x_wconf 86' lang='grc' dir='ltr'>τὸ</span> <span class='ocrx_word' id='word_1_791' title='bbox 3443 4989 3680 5055; x_wconf 77' lang='grc' dir='ltr'>σπέρμα</span> 
     </span>
    </p>
   </div>
   <div class='ocr_carea' id='block_1_110' title="bbox 2105 5076 3680 5148">
    <p class='ocr_par' dir='ltr' id='par_1_110' title="bbox 2105 5076 3680 5148">
     <span class='ocr_line' id='line_1_110' title="bbox 2105 5076 3680 5148; baseline 0 -17"><span class='ocrx_word' id='word_1_792' title='bbox 2105 5078 2292 5134; x_wconf 81' lang='grc' dir='ltr'>αὑτοῦ</span> <span class='ocrx_word' id='word_1_793' title='bbox 2335 5079 2778 5148; x_wconf 71' lang='grc' dir='ltr'>κληρονομήσει</span> <span class='ocrx_word' id='word_1_794' title='bbox 2809 5078 2946 5148; x_wconf 77' lang='grc' dir='ltr'>γῆν.</span> <span class='ocrx_word' id='word_1_795' title='bbox 3006 5076 3294 5139; x_wconf 79' lang='grc' dir='ltr'>Ἀκουέτω,</span> <span class='ocrx_word' id='word_1_796' title='bbox 3332 5079 3486 5148; x_wconf 66' lang='grc' dir='ltr'>φησι,</span> <span class='ocrx_word' id='word_1_797' title='bbox 3523 5081 3680 5141; x_wconf 84' lang='grc' dir='ltr'>πᾶςό</span> 
     </span>
    </p>
   </div>
   <div class='ocr_carea' id='block_1_111' title="bbox 2107 5168 3680 5241">
    <p class='ocr_par' dir='ltr' id='par_1_111' title="bbox 2107 5168 3680 5241">
     <span class='ocr_line' id='line_1_111' title="bbox 2107 5168 3680 5241; baseline 0.001 -19"><span class='ocrx_word' id='word_1_798' title='bbox 2107 5169 2442 5241; x_wconf 79' lang='grc' dir='ltr'>φοϐούμενος</span> <span class='ocrx_word' id='word_1_799' title='bbox 2489 5170 2579 5223; x_wconf 85' lang='grc' dir='ltr'><strong>τὸν</strong></span> <span class='ocrx_word' id='word_1_800' title='bbox 2623 5170 2847 5240; x_wconf 87' lang='grc' dir='ltr'>Κύριον,</span> <span class='ocrx_word' id='word_1_801' title='bbox 2896 5169 3022 5240; x_wconf 87' lang='grc' dir='ltr'>μίαν</span> <span class='ocrx_word' id='word_1_802' title='bbox 3049 5186 3108 5221; x_wconf 86' lang='grc' dir='ltr'><strong>τε</strong></span> <span class='ocrx_word' id='word_1_803' title='bbox 3129 5168 3243 5222; x_wconf 76' lang='grc' dir='ltr'>ὁδὸν</span> <span class='ocrx_word' id='word_1_804' title='bbox 3270 5169 3336 5240; x_wconf 73' lang='grc' dir='ltr'>ἣν</span> <span class='ocrx_word' id='word_1_805' title='bbox 3395 5169 3461 5222; x_wconf 82' lang='grc' dir='ltr'>ἂν</span> <span class='ocrx_word' id='word_1_806' title='bbox 3507 5169 3680 5223; x_wconf 70' lang='grc' dir='ltr'>ἕλοιτο</span> 
     </span>
    </p>
   </div>
   <div class='ocr_carea' id='block_1_112' title="bbox 2102 5259 3679 5334">
    <p class='ocr_par' dir='ltr' id='par_1_112' title="bbox 2102 5259 3679 5334">
     <span class='ocr_line' id='line_1_112' title="bbox 2102 5259 3679 5334; baseline -0.001 -20"><span class='ocrx_word' id='word_1_807' title='bbox 2102 5261 2576 5334; x_wconf 84' lang='grc' dir='ltr'>διαπορευόμενος,</span> <span class='ocrx_word' id='word_1_808' title='bbox 2611 5260 2663 5312; x_wconf 91' lang='grc' dir='ltr'><strong>τί</strong></span> <span class='ocrx_word' id='word_1_809' title='bbox 2697 5259 2860 5313; x_wconf 84' lang='grc' dir='ltr'>αὑτὸν</span> <span class='ocrx_word' id='word_1_810' title='bbox 2899 5259 3204 5329; x_wconf 85' lang='grc' dir='ltr'>περιμένει.</span> <span class='ocrx_word' id='word_1_811' title='bbox 3242 5259 3356 5312; x_wconf 83' lang='grc' dir='ltr'><strong>Νῦν</strong></span> <span class='ocrx_word' id='word_1_812' title='bbox 3390 5259 3488 5328; x_wconf 85' lang='grc' dir='ltr'>μὲν</span> <span class='ocrx_word' id='word_1_813' title='bbox 3515 5275 3679 5312; x_wconf 85' lang='grc' dir='ltr'>κακο-</span> 
     </span>
    </p>
   </div>
   <div class='ocr_carea' id='block_1_113' title="bbox 2111 5348 3678 5425">
    <p class='ocr_par' dir='ltr' id='par_1_113' title="bbox 2111 5348 3678 5425">
     <span class='ocr_line' id='line_1_113' title="bbox 2111 5348 3678 5425; baseline -0.002 -19"><span class='ocrx_word' id='word_1_814' title='bbox 2111 5353 2363 5425; x_wconf 80' lang='grc' dir='ltr'>παθήσει,</span> <span class='ocrx_word' id='word_1_815' title='bbox 2395 5350 2484 5406; x_wconf 73' lang='grc' dir='ltr'>οἷα</span> <span class='ocrx_word' id='word_1_816' title='bbox 2529 5353 2695 5416; x_wconf 83' lang='grc' dir='ltr'>είκὸς,</span> <span class='ocrx_word' id='word_1_817' title='bbox 2745 5348 3214 5420; x_wconf 78' lang='grc' dir='ltr'>ὲγγυμναζόμενος</span> <span class='ocrx_word' id='word_1_818' title='bbox 3235 5353 3345 5413; x_wconf 80' lang='grc' dir='ltr'>τοῖς</span> <span class='ocrx_word' id='word_1_819' title='bbox 3364 5350 3463 5418; x_wconf 79' lang='grc' dir='ltr'>τῆς</span> <span class='ocrx_word' id='word_1_820' title='bbox 3497 5351 3678 5404; x_wconf 87' lang='grc' dir='ltr'>θεοσε-</span> 
     </span>
    </p>
   </div>
   <div class='ocr_carea' id='block_1_114' title="bbox 2110 5439 3677 5512">
    <p class='ocr_par' dir='ltr' id='par_1_114' title="bbox 2110 5439 3677 5512">
     <span class='ocr_line' id='line_1_114' title="bbox 2110 5439 3677 5512; baseline -0.002 -15"><span class='ocrx_word' id='word_1_821' title='bbox 2110 5445 2258 5508; x_wconf 74' lang='grc' dir='ltr'>ϐείας</span> <span class='ocrx_word' id='word_1_822' title='bbox 2282 5445 2462 5506; x_wconf 80' lang='grc' dir='ltr'>ἄθλοις</span> <span class='ocrx_word' id='word_1_823' title='bbox 2482 5461 2496 5474; x_wconf 88' lang='grc'><strong>·</strong></span> <span class='ocrx_word' id='word_1_824' title='bbox 2529 5442 2682 5495; x_wconf 69' lang='grc' dir='ltr'>ἔσται</span> <span class='ocrx_word' id='word_1_825' title='bbox 2710 5441 2766 5492; x_wconf 84' lang='grc' dir='ltr'>δὲ</span> <span class='ocrx_word' id='word_1_826' title='bbox 2803 5441 2992 5512; x_wconf 85' lang='grc' dir='ltr'>καιρὸς</span> <span class='ocrx_word' id='word_1_827' title='bbox 3018 5442 3255 5512; x_wconf 88' lang='grc' dir='ltr'>ὁπηνίκα</span> <span class='ocrx_word' id='word_1_828' title='bbox 3289 5443 3320 5511; x_wconf 75' lang='grc' dir='ltr'>ἡ</span> <span class='ocrx_word' id='word_1_829' title='bbox 3344 5439 3488 5512; x_wconf 67' lang='grc' dir='ltr'>ψυχὴ</span> <span class='ocrx_word' id='word_1_830' title='bbox 3513 5440 3677 5494; x_wconf 82' lang='grc' dir='ltr'>αὑτοῦ</span> 
     </span>
    </p>
   </div>
   <div class='ocr_carea' id='block_1_115' title="bbox 2108 5529 3676 5602">
    <p class='ocr_par' dir='ltr' id='par_1_115' title="bbox 2108 5529 3676 5602">
     <span class='ocr_line' id='line_1_115' title="bbox 2108 5529 3676 5602; baseline -0.004 -15"><span class='ocrx_word' id='word_1_831' title='bbox 2108 5536 2165 5589; x_wconf 84' lang='grc' dir='ltr'>ὲν</span> <span class='ocrx_word' id='word_1_832' title='bbox 2203 5534 2422 5602; x_wconf 82' lang='grc' dir='ltr'>ἀγαθοῖς</span> <span class='ocrx_word' id='word_1_833' title='bbox 2459 5531 2840 5601; x_wconf 82' lang='grc' dir='ltr'>αὑλισθήσεται</span> <span class='ocrx_word' id='word_1_834' title='bbox 2864 5547 2876 5559; x_wconf 92' lang='grc'>·</span> <span class='ocrx_word' id='word_1_835' title='bbox 2931 5529 3104 5592; x_wconf 83' lang='grc' dir='ltr'>ποίοις</span> <span class='ocrx_word' id='word_1_836' title='bbox 3135 5530 3191 5582; x_wconf 80' lang='grc' dir='ltr'>δὲ</span> <span class='ocrx_word' id='word_1_837' title='bbox 3223 5529 3445 5597; x_wconf 85' lang='grc' dir='ltr'>ἀγαθοῖς</span> <span class='ocrx_word' id='word_1_838' title='bbox 3483 5529 3515 5600; x_wconf 83' lang='grc' dir='ltr'><strong>ἣ</strong></span> <span class='ocrx_word' id='word_1_839' title='bbox 3550 5531 3676 5600; x_wconf 77' lang='grc' dir='ltr'>περὶ</span> 
     </span>
    </p>
   </div>
   <div class='ocr_carea' id='block_1_116' title="bbox 2107 5617 3675 5696">
    <p class='ocr_par' dir='ltr' id='par_1_116' title="bbox 2107 5617 3675 5696">
     <span class='ocr_line' id='line_1_116' title="bbox 2107 5617 3675 5696; baseline -0.003 -19"><span class='ocrx_word' id='word_1_840' title='bbox 2107 5617 2181 5678; x_wconf 76' lang='grc' dir='ltr'>ὧν</span> <span class='ocrx_word' id='word_1_841' title='bbox 2201 5623 2415 5696; x_wconf 80' lang='grc' dir='ltr'>εἴρηται</span> <span class='ocrx_word' id='word_1_842' title='bbox 2437 5640 2452 5653; x_wconf 83' lang='lat'><strong><em>°</em></strong></span> <span class='ocrx_word' id='word_1_843' title='bbox 2500 5626 2558 5678; x_wconf 81' lang='grc' dir='ltr'><strong><em>Ἃ</em></strong></span> <span class='ocrx_word' id='word_1_844' title='bbox 2609 5622 2912 5693; x_wconf 69' lang='grc' dir='ltr'>ὀφθαλμὸς</span> <span class='ocrx_word' id='word_1_845' title='bbox 2939 5624 3050 5677; x_wconf 75' lang='grc' dir='ltr'>οὐκ</span> <span class='ocrx_word' id='word_1_846' title='bbox 3094 5617 3248 5685; x_wconf 77' lang='grc' dir='ltr'>εἶδε,</span> <span class='ocrx_word' id='word_1_847' title='bbox 3291 5620 3382 5674; x_wconf 77' lang='grc' dir='ltr'><strong>καὶ</strong></span> <span class='ocrx_word' id='word_1_848' title='bbox 3416 5619 3483 5672; x_wconf 77' lang='grc' dir='ltr'>τὰ</span> <span class='ocrx_word' id='word_1_849' title='bbox 3515 5620 3675 5693; x_wconf 75' lang='grc' dir='ltr'>ὲξῆςς</span> 
     </span>
    </p>
   </div>
   <div class='ocr_carea' id='block_1_117' title="bbox 1649 5777 3252 5845">
    <p class='ocr_par' dir='ltr' id='par_1_117' title="bbox 1649 5777 3252 5845">
     <span class='ocr_line' id='line_1_117' title="bbox 1649 5777 3252 5845; baseline 0.004 -15"><span class='ocrx_word' id='word_1_850' title='bbox 1649 5778 1692 5812; x_wconf 74' lang='grc'>³³</span> <span class='ocrx_word' id='word_1_851' title='bbox 1736 5779 1865 5845; x_wconf 85' lang='lat' dir='ltr'><strong>Sap.</strong></span> <span class='ocrx_word' id='word_1_852' title='bbox 1902 5795 1990 5842; x_wconf 72' lang='lat' dir='ltr'><strong>XI,</strong></span> <span class='ocrx_word' id='word_1_853' title='bbox 2027 5777 2118 5833; x_wconf 72' lang='lat'><strong>25.</strong></span> <span class='ocrx_word' id='word_1_854' title='bbox 2197 5779 2242 5811; x_wconf 66' lang='grc'>³⁵</span> <span class='ocrx_word' id='word_1_855' title='bbox 2283 5778 2471 5834; x_wconf 74' lang='lat' dir='ltr'><strong>Matth.</strong></span> <span class='ocrx_word' id='word_1_856' title='bbox 2510 5794 2607 5842; x_wconf 77' lang='lat' dir='ltr'><strong>vn,</strong></span> <span class='ocrx_word' id='word_1_857' title='bbox 2649 5779 2701 5836; x_wconf 90' lang='lat'><strong>7.</strong></span> <span class='ocrx_word' id='word_1_858' title='bbox 2779 5781 2822 5813; x_wconf 77' lang='grc'><strong>³³</strong></span> <span class='ocrx_word' id='word_1_859' title='bbox 2865 5779 2882 5832; x_wconf 94' lang='lat' dir='ltr'><strong>l</strong></span> <span class='ocrx_word' id='word_1_860' title='bbox 2917 5779 3043 5835; x_wconf 88' lang='lat' dir='ltr'><strong>Cor.</strong></span> <span class='ocrx_word' id='word_1_861' title='bbox 3082 5791 3119 5832; x_wconf 83' lang='lat' dir='ltr'><strong>ll</strong></span> <span class='ocrx_word' id='word_1_862' title='bbox 3147 5817 3161 5840; x_wconf 85' lang='lat'><strong>.</strong></span> <span class='ocrx_word' id='word_1_863' title='bbox 3200 5778 3252 5831; x_wconf 82' lang='lat'><strong>9.</strong></span> 
     </span>
    </p>
   </div>
  </div>
