4100 6428
459 410 568 467 229

1580 403 2086 458 COMMENTARIA
2123 401 2190 457 IN
2232 396 2567 455 PSALMOS.

3599 400 3706 457 250

445 530 520 583 Τό
546 545 609 597 γε
635 527 733 598 μὲν
760 525 977 595 σπέρμα
1001 564 1017 588 ,
1063 524 1199 594 ὅπερ
1233 521 1560 575 κατεϐάλετο
1609 525 1666 575 ἐν
1693 526 1760 594 τῇ
1793 526 1863 594 γῇ
1898 524 2019 577 καθ’

2130 520 2358 576 caetera?
2408 518 2607 574 Semen
2641 532 2809 588 porro
2841 519 2992 589 ejus,
3037 519 3183 589 quod
3227 520 3281 574 in
3329 528 3532 575 terram
3574 521 3708 589 jccit

446 621 506 674 ὃν
535 616 874 672 ἐπολιτεύετο
904 615 995 668 ἐπὶ
1034 616 1135 686 γῆς
1179 615 1390 685 χρόνον,
1422 613 1648 676 πολλοὺς
1679 615 1780 685 κλη
1792 617 2023 687 ρονομή-

451 729 552 773 σει,
582 708 850 780 σωτηρίας
886 707 1056 759 αἴτιον
1110 706 1394 776 γινόμενον
1430 705 1663 769 πολλοῖς.
1708 707 1938 777 Σπέρμα
1966 706 2025 760 δὲ

447 803 500 855 τί
528 801 592 855 ἂν
623 799 796 863 εἴποις
835 799 868 870 ἢ
911 798 1009 870 τὴν
1048 796 1398 851 διδασκαλίαν
1429 797 1522 850 καὶ
1553 798 1683 859 τοὺς
1714 796 1904 865 λόγους
1933 797 2025 850 καὶ

448 894 517 948 τά
568 894 995 965 συγγράμματα,
1055 892 1089 963 ἢ
1145 892 1272 956 τοὺς
1302 891 1442 945 κατά
1488 891 1619 945 Θεὸν
1660 891 1808 962 αύτῷ
1833 908 2026 962 γεννη-

449 987 642 1049 θέντας
682 987 776 1038 καὶ
826 984 1262 1055 μαθητευθέντας
1288 984 1527 1055 ἄνδρας;
1567 983 1634 1036 δι’
1659 979 1733 1041 ῶν
1765 985 1858 1037 καὶ
1888 983 2025 1054 μετά

445 1078 544 1150 τὴν
560 1081 618 1132 ἐν
640 1079 864 1143 ἀγαθοῖς
892 1079 1197 1132 ἀνάπαυσιν
1239 1078 1404 1131 αὐτοῦ
1441 1079 1622 1151 μυρίοι
1645 1080 1744 1150 τῆς
1772 1079 1924 1152 παρά
1946 1080 2025 1150 τῷ

446 1169 566 1242 Θεῷ
622 1170 987 1242 κληρονομίας
1052 1169 1366 1235 τεύξονται,
1429 1170 1526 1225 ἆτε
1581 1171 1802 1240 ἀγαθῶν
1853 1189 2024 1244 σπερ-

449 1263 634 1333 μάτων
662 1263 912 1334 τυχόντες
965 1264 1057 1317 καὶ
1111 1263 1448 1336 ὠφελημένοι
1481 1263 1579 1336 τὴν
1607 1263 1788 1318 ἔνθεον
1819 1282 2026 1336 καρπο-

449 1355 661 1428 φορίαν.

519 1447 865 1516 Κραταίωμα
895 1447 1107 1515 Κύριος
1137 1446 1254 1500 τῶν
1277 1447 1662 1516 φοϐουμένων
1692 1447 1899 1511 αὐτὸν,
1925 1447 2026 1504 καί

448 1536 487 1602 ἡ
535 1537 790 1604 Διαθήκη
838 1536 1024 1592 αὐτοῦ
1079 1537 1186 1591 τοῦ
1235 1537 1505 1606 δηλῶσαι
1549 1539 1773 1606 αὐτοῖς.
1826 1541 1883 1592 '0
1927 1539 2026 1610 μὲν

460 1629 709 1694 Ἀκύλας,
731 1632 1068 1700 ἀπόρῤητον
1090 1633 1310 1700 Κυρίου
1337 1632 1713 1704 (1)ἐξέδωκεν“
1748 1634 1776 1686 ὁ
1797 1635 1853 1688 δὲ
1876 1637 1946 1688 Σύ
1955 1655 2024 1706 μ’

449 1739 641 1792 μαχος,
677 1723 880 1793 ὁμιλία
893 1724 1133 1791 Κυρίου·
1164 1727 1192 1778 ὁ
1210 1725 1267 1778 δέ
1296 1725 1587 1779 Θεοδοτίων
1609 1727 1703 1780 καὶ
1731 1730 1763 1797 ἡ
1799 1728 2023 1798 πέμπτη

445 1812 673 1879 εκδοσις,
701 1813 1039 1884 μυστήριον
1061 1817 1300 1884 Κυρίου.
1337 1815 1615 1871 Ἐντεῦθεν
1647 1817 1754 1888 γάρ
1788 1819 1868 1881 εἰς
1902 1836 2024 1872 τοσ-

2131 617 2260 671 dum
2297 615 2354 668 in
2381 629 2446 668 ea
2489 621 2836 676 versaretur,
2870 613 3074 667 multos
3113 612 3428 668 haereditate
3454 615 3704 684 accipiet,

2129 705 2329 777 quibus
2360 717 2529 760 causa
2555 703 2751 758 salutis
2784 701 3000 757 evadet.
3039 700 3238 757 Semen
3262 717 3391 756 vero
3430 702 3705 773 quodnam

2129 812 2254 852 esse
2283 796 2510 859 dixeris.
2537 795 2645 852 nisi
2673 795 2980 851 doctrinam
3001 835 3016 858 ,
3054 809 3336 851 sermones
3356 835 3371 859 ,
3417 797 3622 866 scripta
3653 804 3708 850 et

2131 889 2384 946 homines
2423 891 2517 960 qui
2568 887 2873 945 secundum
2924 887 3095 944 Deum
3133 887 3237 957 ipsi
3285 887 3401 942 nati
3441 895 3606 958 atque
3637 889 3709 942 ab

2131 996 2198 1036 eo
2225 983 2462 1038 instituti
2509 982 2674 1038 sunt?
2707 979 2814 1048 Qui
2847 997 3081 1036 numero
3127 995 3281 1051 paene
3327 979 3550 1043 inﬁniti,
3583 988 3709 1051 post

2130 1076 2305 1148 ipsius
2335 1075 2378 1130 il.
2445 1077 2602 1131 bonis
2631 1074 2883 1145 adeptam
2924 1074 3190 1144 requiem,
3240 1081 3428 1142 utpote
3466 1089 3534 1128 ex
3565 1073 3712 1128 bono

2130 1171 2236 1224 orti
2291 1171 2535 1235 semine,
2572 1183 2636 1224 ac
2661 1169 2846 1223 divina
2897 1168 2989 1222 illa
3031 1167 3260 1238 utilique
3300 1167 3405 1222 sibi
3451 1165 3710 1237 prosapia

2130 1262 2424 1333 progeniti,
2454 1260 2824 1317 hereditatem
2848 1276 2877 1315 a
2909 1259 3020 1316 Deo
3048 1269 3475 1332 consequentur.

2201 1438 2367 1495 Vsus.
2404 1439 2487 1494 Μ.
2536 1439 2962 1494 Firmamentum
2993 1446 3071 1492 est
3105 1437 3365 1492 Dominus
3403 1435 3710 1492 timentibus

2130 1547 2270 1598 eum,
2306 1541 2355 1585 et
2414 1539 2783 1586 testamentum
2827 1531 2993 1600 ipsius
3039 1540 3097 1584 ut
3144 1530 3512 1600 manifestetur
3573 1528 3706 1583 illis.

2131 1623 2350 1693 Aquila,
2377 1632 2634 1677 secretum
2651 1622 2887 1687 Domini,
2914 1623 3116 1688 edidit;
3144 1621 3524 1694 Symmachus,
3542 1621 3712 1676 collo-

2130 1716 2310 1786 quium
2349 1715 2594 1778 Domini;
2629 1714 2932 1771 Theodotio
2962 1723 3018 1769 ct
3043 1713 3244 1781 Quinta
3275 1713 3466 1780 editio,
3505 1723 3698 1784 myste-

2131 1812 2269 1864 rium
2301 1809 2558 1864 Domini:
2590 1809 2717 1864 inde
2760 1809 2906 1864 enim
2945 1810 3037 1866 ille
3075 1810 3328 1879 superius
3364 1817 3702 1864 memoratus

447 1905 619 1978 αύτην
687 1906 854 1978 ἤλασε
900 1907 1272 1978 μακαριότητα
1319 1908 1348 1960 ὁ
1391 1908 1647 1980 ἀνωτέρω
1712 1909 2028 1980 προλεχθεὶς

2130 1902 2223 1973 qui
2253 1902 2408 1957 timet
2431 1901 2739 1966 Dominum,
2769 1901 2838 1957 ad
2866 1912 3072 1957 tantam
3101 1901 3409 1958 felicitatem
3437 1904 3707 1972 pervenit,

449 1997 784 2068 φοϐούμενος
812 1997 1017 2069 Κύριον
1062 1999 1126 2050 ἐκ
1159 1996 1251 2051 τοῦ
1297 1997 1511 2069 ὁμιλίαν
1548 1999 1642 2052 τοῦ
1677 1999 1902 2072 Κυρίου,
1935 2001 2029 2053 καὶ

450 2089 761 2160 ἀπόρρητον
793 2087 989 2154 αὐτοῦ,
1031 2089 1123 2141 καὶ
1165 2088 1228 2141 τὺ
1260 2091 1554 2161 μυστήριον
1585 2089 1748 2144 αὑτοῦ
1787 2090 2027 2159 γνωστὸν

451 2176 600 2248 αὐτῷ
618 2178 918 2246 γεγονέναι,
969 2179 1063 2231 καὶ
1090 2177 1160 2231 τὰ
1188 2179 1244 2231 ἐν
1283 2181 1351 2250 τῇ
1395 2179 1639 2252 Διαθήκῃ
1668 2181 1853 2245 αὑτοῦ,
1883 2181 2026 2234 τοῦτ’

449 2270 597 2324 ἔστιν
625 2273 682 2323 ἐν
706 2274 770 2342 τῇ
806 2270 925 2342 θείᾳ
950 2272 1161 2342 Γραφῇ,
1193 2270 1558 2342 περιεχόμενα
1587 2272 1883 2343 μυστήρια.

523 2366 586 2416 Οἱ
615 2362 909 2432 ὀφθαλμοί
928 2379 1048 2430 μου
1075 2360 1172 2413 διὰ
1216 2360 1444 2426 παντὸς
1471 2361 1622 2428 πρὸς
1656 2359 1763 2414 τὸν
1785 2360 2024 2429 Κύριον,

450 2455 540 2509 ὅτι
571 2455 754 2522 αὐτὸς
787 2454 1085 2508 ἐκσπάσει
1116 2455 1185 2507 ἐκ
1216 2453 1470 2524 παγίδος
1502 2453 1645 2519 τοὺς
1673 2453 1863 2520 πόδας
1883 2471 2023 2524 μου.

460 2551 821 2619 Ἐπίϐλεψον
857 2549 949 2602 ἐπ’
977 2547 1081 2618 ἐμὲ
1107 2549 1205 2602 καί
1251 2545 1516 2616 ἐλέησόν
1536 2564 1634 2617 με,
1666 2547 1757 2602 ὅτι
1781 2565 2029 2618 μονογε-

445 2643 560 2713 νὴς
582 2642 680 2698 καί
703 2643 938 2712 πτωχός
964 2645 1080 2712 ειμι
1110 2641 1243 2712 ἐγώ.
1284 2643 1355 2695 Al
1380 2642 1618 2710 θλίψεις
1640 2641 1750 2710 τῆς
1779 2640 2030 2710 καρδίας

440 2752 560 2806 μου
586 2735 1083 2803 ἐπληθύνθησαν,
1113 2735 1182 2788 ἐκ
1202 2733 1320 2787 τῶν
1333 2731 1614 2802 ἀναγκῶν
1628 2749 1750 2802 μου
1775 2731 2030 2804 ὲξάγατέ

441 2843 536 2895 με.
575 2828 648 2880 Οὐ
681 2825 769 2879 διὰ
789 2826 858 2879 τὰ
880 2824 1279 2896 κατορθώματα
1323 2823 1511 2896 ῶσπερ
1543 2823 1898 2896 ὀφειλομένην
1929 2827 2030 2897 τὴν

451 2917 727 2988 σωτηρίαν
772 2915 920 2987 αὐτῷ
944 2933 957 2946 ο
989 2912 1108 2969 οῖδα
1157 2915 1287 2986 γάρ,
1329 2916 1433 2980 ὅτι,
1485 2915 1664 2968 πάντα
1702 2917 1935 2988 ποιήσας
1961 2916 2032 2972 τά

451 3011 580 3081 παρ’
635 3008 894 3080 ἐμαυτοῦ,
952 3007 1032 3062 ἔτι
1063 3007 1156 3062 τοῦ
1190 3007 1282 3062 σοῦ
1322 3008 1504 3072 ἐλέους
1537 3007 1748 3079 δέομαι.
1783 3009 1873 3062 Διὸ
1902 3008 2030 3063 ἐπί-

451 3105 682 3170 6λεψον
731 3102 824 3155 ἐπ’
870 3101 995 3170 ἐμὲ,
1033 3100 1132 3154 καὶ
1190 3100 1454 3169 ἐλέησόν
1499 3118 1595 3169 με.
1658 3101 1883 3155 Σύνοιδα
1921 3100 2030 3174 γάρ

448 3191 672 3264 ἐμαυτῷ
718 3191 919 3263 πτωχῷ
953 3193 1046 3246 καὶ
1097 3191 1386 3263 ἀϐοηθήτῳ
1425 3193 1518 3246 καὶ
1571 3191 1646 3265 μὴ
1699 3193 2030 3264 ἐπαρχοῦντι
2058 3233 2100 3291 C

449 3301 584 3362 προς
611 3286 905 3359 σωτηρίαν.
951 3285 1110 3340 Ἰδιόν
1135 3286 1194 3338 τέ
1235 3287 1353 3339 ἐστι
1397 3285 1613 3339 πάντων
1633 3284 1741 3339 τῶν
1767 3284 2029 3356 θεοφιλῶν

447 3380 509 3432 τὸ
534 3379 762 3442 ἑαυτοὺς
799 3377 1003 3432 κακοῦν
1043 3379 1101 3431 ἐν
1126 3376 1390 3447 θλίψεσιν,
1413 3378 1471 3430 ἐν
1505 3376 1794 3447 ἀνάγκαις,
1825 3379 1883 3429 ἐν
1913 3394 2032 3431 στε-

447 3473 755 3544 νοχωρίαις,
784 3471 880 3524 καὶ
901 3471 1161 3542 διωγμοῖς
1178 3487 1193 3502 ο
1222 3469 1336 3524 ἀλλ’
1350 3469 1412 3523 οὐ
1435 3469 1529 3523 καὶ
1550 3468 1803 3538 ἀγνοοῦσι
1833 3467 1893 3522 τὸ
1906 3469 2029 3523 τού-

450 3581 559 3618 των
585 3564 772 3629 τέλος·
809 3564 890 3618 διὸ
936 3564 1120 3633 τυχεῖν
1175 3560 1341 3615 αὐτοῦ
1406 3560 1557 3632 παρά
1611 3559 1703 3614 τοῦ
1749 3559 1884 3613 Θεοῦ
1921 3560 2031 3613 ἱκε-

449 3655 663 3710 τεύουσι
687 3655 938 3724 λέγοντες
963 3673 976 3686 ·
1017 3656 1112 3708 Ἐκ
1163 3653 1285 3707 τῶν
1327 3651 1607 3722 ἀναγκῶν
1632 3669 1752 3722 μου
1777 3651 2032 3722 ἐξάγαγέ

445 3763 552 3815 με·
584 3745 659 3810 ὡς
689 3745 754 3800 ἂν
781 3744 1080 3808 διελθόντες
1106 3745 1206 3807 τάς
1241 3742 1336 3796 τοῦ
1378 3743 1490 3813 βίου
1535 3743 1801 3811 ἀνάγκας,
1827 3743 1927 3806 τάς
1969 3741 2029 3795 δέ

453 3838 738 3910 συμφορὰς
789 3838 883 3890 καὶ
937 3837 1038 3899 τὰς
1096 3835 1466 3906 περιστάσεις,
1505 3836 1678 3887 εἰπεῖν
1707 3851 1835 3887 ποτε
1867 3834 2028 3904 δυνη-

451 3928 592 3981 θεῖεν
615 3945 629 3958 ο
666 3927 995 3996 Διήλθομεν
1020 3913 1117 3980 διὰ
1144 3925 1329 3994 πυρὸς
1353 3924 1453 3980 καὶ
1482 3925 1719 3991 ὕδατος,
1758 3925 1855 3979 καὶ
1887 3923 2028 3991 ἐξή-

450 4031 630 4084 ταγες
661 4014 820 4083 ἡμᾶς
851 4017 938 4080 εις
970 4012 1317 4084 ἀναψυχήν.

528 4107 640 4161 Ἴδε
670 4107 786 4175 τὴν
811 4106 1176 4160 ταπείνωσίν
1206 4123 1324 4176 μου
1365 4105 1464 4159 καὶ
1519 4105 1627 4160 τὸν
1673 4107 1863 4160 κόπον
1885 4123 2025 4175 μου,

450 4200 548 4254 καὶ
609 4199 758 4267 ἅφερ
810 4199 1013 4264 πάσας
1062 4197 1166 4264 τὰς
1206 4198 1495 4267 ἁμαρτίας
1539 4215 1678 4268 μου.
1723 4199 1834 4252 Ἴδε
1889 4197 2029 4263 τοὺς

448 4293 700 4362 ἐχθρούς
719 4309 856 4361 μου,
880 4291 968 4344 ὅτι
986 4291 1478 4359 ἐπληθύνθησαν,
1500 4291 1601 4344 καὶ
1617 4290 1798 4360 μῖσος
1819 4292 2030 4346 ἄδικον

447 4381 752 4452 ἐμίσησάν
783 4398 872 4450 με.
907 4382 1187 4445 Φύλαξον
1236 4380 1349 4449 τὴν
1376 4380 1590 4450 ψυχήν
1627 4399 1747 4452 μου
1791 4384 1891 4438 καὶ
1917 4385 2029 4452 ῥῦ-

448 4475 557 4529 σαί
580 4490 688 4544 με·
725 4472 811 4543 μὴ
858 4473 1384 4542 καταισχυνθειην,
1422 4472 1511 4526 ὅτι
1539 4472 1772 4542 ἤλπισα
1798 4475 1896 4529 ἐπὶ
1931 4475 2024 4531 σέ.

2132 1995 2259 2065 quia
2303 1995 2636 2066 colloquium
2685 1994 2920 2063 Domini,
2952 2002 3223 2050 secretum
3279 2010 3346 2050 ac
3389 1996 3710 2066 mysterium

2131 2086 2274 2155 ejus,
2304 2096 2494 2140 notum
2524 2086 2626 2156 ipsi
2657 2096 2795 2150 erat,
2829 2094 2958 2141 nota
3001 2087 3130 2142 item
3164 2103 3226 2142 ea
3261 2103 3382 2157 quae
3425 2088 3479 2142 in
3512 2087 3708 2143 Testa-

2133 2185 2316 2232 mento
2345 2178 2486 2248 ejus,
2507 2177 2560 2232 id
2585 2186 2696 2244 est,
2721 2177 2776 2232 in
2803 2179 3004 2234 divinis
3031 2178 3334 2250 Scripturis
3357 2181 3712 2236 continentur

2131 2270 2412 2341 mysteria.

2208 2358 2374 2417 Vens.
2415 2362 2595 2417 l5-l7.
2653 2361 2809 2417 Oculi
2837 2363 2937 2417 mei
3007 2379 3208 2433 semper
3275 2362 3344 2416 ad
3401 2362 3708 2428 Dominum,

2131 2455 2380 2524 quoniam
2410 2456 2520 2524 ipse
2552 2455 2734 2510 evellet
2769 2455 2834 2510 de
2875 2457 3059 2527 laqueo
3094 2457 3247 2526 pedes
3291 2473 3453 2512 meos.
3496 2455 3712 2525 Respice

2133 2546 2186 2598 in
2217 2562 2297 2599 me
2335 2557 2382 2600 et
2431 2548 2677 2601 miserere
2725 2549 2848 2610 mei,
2893 2548 3021 2618 quia
3068 2549 3255 2603 unicus
3277 2557 3327 2603 et
3362 2563 3560 2618 pauper
3594 2565 3712 2603 sum

2131 2655 2243 2709 ego.
2286 2637 2678 2694 Tribulationes
2710 2639 2884 2694 cordis
2934 2642 3036 2696 mei
3076 2643 3446 2712 multiplicata:
3476 2653 3620 2708 sunt,
3646 2643 3712 2697 de

2133 2729 2532 2784 necessitatibus
2580 2730 2708 2784 meis
2752 2747 2875 2785 erue
2922 2749 3023 2787 me.
3080 2731 3198 2789 Non
3243 2735 3314 2790 ob
3366 2743 3516 2790 recte
3566 2734 3712 2790 facta

2131 2835 2298 2890 opera
2335 2822 2496 2892 quasi
2528 2822 2768 2878 debitam
2827 2825 3062 2881 salutem
3110 2826 3242 2882 mihi
3294 2829 3548 2898 postulo;
3584 2829 3711 2884 novi

2132 2911 2279 2968 enim
2308 2927 2416 2978 me,
2450 2914 2701 2983 quamvis
2727 2914 2910 2969 omnia
2941 2931 3040 2988 pro
3075 2915 3334 2973 facultate
3364 2920 3589 2990 egerim,
3613 2927 3712 2975 tuo

2133 3012 2318 3060 tamen
2365 3021 2526 3075 egere
2557 3007 2784 3064 auxilio.
2817 3006 3182 3073 Quamobrem
3210 3011 3403 3078 respice
3440 3013 3495 3066 in
3527 3029 3628 3077 me,
3659 3023 3712 3068 et

2134 3098 2379 3153 miserere
2394 3101 2513 3152 mei.
2534 3097 2664 3153 Nam
2685 3114 2770 3154 me
2785 3115 3099 3171 pauperem,
3123 3102 3273 3157 nulla
3289 3103 3482 3157 fultum
3497 3119 3620 3176 ope,
3643 3121 3710 3162 ac

2133 3191 2294 3246 saluti
2317 3190 2450 3244 mihi
2475 3191 2836 3261 procurandae
2859 3191 3120 3262 imparem
3139 3193 3276 3248 scio.
3294 3193 3580 3266 Proprium
3612 3211 3711 3251 au-

2132 3289 2244 3337 tem
2288 3281 2548 3338 omnibus
2599 3281 2708 3352 piis
2755 3298 2820 3338 ac
2852 3281 2962 3338 Deo
3012 3283 3208 3340 amicis
3251 3284 3386 3341 viris
3439 3295 3542 3349 est,
3589 3302 3714 3344 sese

2130 3375 2391 3430 mammis
2421 3375 2678 3447 alnigere,
2717 3376 2772 3432 in
2821 3377 3273 3443 necessitatibus,
3317 3379 3375 3434 in
3413 3382 3708 3450 angusuis.

2133 3467 2188 3522 in
2218 3468 2698 3539 persecutionibus
2722 3469 2970 3537 versari;
3003 3471 3100 3526 sed
3134 3470 3228 3544 qui
3256 3475 3330 3528 sit
3358 3488 3548 3530 eorum
3582 3475 3711 3532 finis

2130 3575 2241 3614 non
2287 3561 2541 3632 ignorant
2585 3576 2810 3631 :quare
2853 3561 3002 3618 illius
3043 3565 3371 3634 assequendi
3421 3581 3552 3637 ergo
3598 3566 3710 3622 Deo

2131 3654 2440 3725 supplicant
2486 3655 2572 3710 his
2601 3655 2818 3719 verbis,
2859 3654 2924 3709 de
2963 3657 3362 3712 necessitatibus
3407 3660 3534 3714 meis
3585 3676 3712 3715 erue

2130 3763 2248 3814 me;
2281 3753 2357 3808 ut,
2385 3749 2657 3817 superatis
2689 3749 2807 3802 vitae
2827 3748 3266 3814 necessitatibus,
3281 3750 3707 3816 calamitatibus,

2129 3839 2424 3903 aerumnis,
2469 3839 2654 3894 dicere
2709 3839 3003 3909 aliquando
3048 3841 3300 3912 possint:
3347 3845 3708 3900 Transivimus

2127 3943 2219 3996 per
2267 3931 2438 4000 ignem
2478 3940 2528 3984 et
2577 3946 2804 4000 aquam,
2850 3942 2900 3985 et
2948 3931 3179 3988 eduxisti
3234 3951 3328 3990 nos
3382 3937 3434 3991 in
3485 3938 3705 4009 refrige-

2130 4023 2269 4076 rium
2296 4024 2364 4077 ⁸³.

2204 4113 2366 4170 Vens.
2417 4114 2602 4170 l8-‘20.
2681 4115 2808 4170 i'ide
2872 4119 3224 4173 humilitatem
3283 4136 3454 4174 meam
3509 4132 3560 4175 et
3621 4124 3706 4178 la-

2131 4205 2307 4259 borem
2336 4222 2528 4271 meum,
2546 4217 2594 4260 et
2617 4206 2825 4260 dimitte
2855 4208 3100 4262 universa
3121 4208 3315 4262 delicta
3339 4226 3476 4266 mea.
3493 4209 3710 4282 Respice

2129 4297 2371 4350 inimicos
2405 4313 2545 4351 meos
2599 4298 2850 4367 quoniam
2901 4297 3242 4367 multiplicati
3287 4309 3439 4365 sunt,
3483 4312 3533 4354 et
3584 4302 3708 4357 odio

2128 4391 2308 4461 iniquo
2342 4388 2564 4444 oderunt
2604 4406 2703 4444 me.
2749 4383 2973 4445 Custodi
3015 4392 3248 4446 animam
3285 4408 3453 4446 meam
3504 4405 3552 4448 et
3584 4411 3709 4452 erue

2129 4497 2249 4536 me:
2283 4498 2388 4535 non
2421 4484 2726 4536 erubescam
2749 4484 3000 4550 quoniam
3031 4483 3235 4549 speravi
3263 4483 3320 4536 in
3352 4493 3421 4540 te.
3448 4482 3603 4552 Quod
3636 4485 3706 4540 ad

449 4566 531 4620 Τά
558 4567 655 4638 μὲν
686 4567 814 4638 παρ’
847 4566 982 4637 ἐμοῦ
1014 4562 1391 4631 σπουδάζεται,
1423 4565 1492 4618 τά
1520 4565 1577 4618 δέ
1615 4566 1767 4638 παρά
1810 4566 1904 4619 σοῦ
1930 4585 2026 4620 τυ-

2133 4588 2219 4628 me
2273 4579 2506 4644 spectat,
2560 4574 2990 4631 sollicitudinem
3037 4576 3143 4631 mei
3176 4591 3342 4646 gero;
3394 4577 3490 4632 sed
3545 4593 3702 4647 opem

447 4661 562 4729 χεῖν
585 4656 742 4722 ἀξιῶ.
785 4656 924 4725 Ἐγὼ
945 4656 1043 4728 μὲν
1063 4653 1156 4710 οὖν
1186 4657 1420 4727 ἐμαυτὸν
1451 4656 1685 4721 κολάζω,
1717 4659 1812 4711 καὶ
1836 4658 2026 4731 ὥσπερ

447 4751 602 4820 δίκην
647 4748 1139 4820 είσπρατττόμενος
1186 4741 1262 4800 ὧν
1295 4749 1560 4820 πρότερον
1605 4748 2024 4823 ἐπλημμέλησα,

450 4841 682 4914 ἐμαυτὸν
699 4840 1066 4912 τιμωροῦμαι,
1095 4840 1364 4894 ταπεινῶν
1393 4840 1628 4911 ἐμαυτὸν
1644 4843 1700 4895 ἐν
1711 4843 1901 4907 κόποις
1934 4845 2029 4898 καὶ⁵

449 4935 734 4998 πόνοιςοσὺ
772 4933 856 4998 δὲ,
887 4935 916 4987 ό
938 4932 1092 4998 Θεὸς,
1121 4927 1210 4987 οἷά
1242 4949 1326 4996 τις
1368 4933 1728 5004 ἀγωνοθέτης,
1763 4934 1854 4989 τὸν
1895 4937 2028 5007 ἐμὸν

450 5024 635 5094 ἀγῶνα
645 5023 864 5095 θεωρῶν
883 5025 1115 5087 καὶτοὺς
1130 5023 1296 5094 ἐμοὺς
1309 5022 1607 5093 καμάτους,
1623 5023 1765 5078 δίδου
1780 5025 1878 5097 τὴν
1897 5025 2028 5096 ἀφε-

453 5134 538 5171 σιν
563 5115 672 5170 τῶν
700 5115 1132 5186 ἁμαρτημάτων,
1147 5113 1242 5167 καὶ
1281 5111 1668 5184 συγχώρειόσα
1685 5112 1905 5169 πώποτε
1921 5115 2029 5169 διε-

451 5207 744 5282 πραξάμην
777 5207 834 5260 ἐν
863 5205 1176 5278 ἁμαρτίαις.
1219 5204 1379 5258 Ἀλλά
1411 5204 1504 5257 καὶ
1532 5203 1867 5276 θεασάμενος
1898 5207 2027 5271 τοὺς

452 5303 617 5373 ἐμοὺς
642 5301 870 5373 ἐχθροὺς
911 5299 1098 5353 ὁπόσοι
1123 5297 1274 5361 ὄντες
1305 5296 1680 5360 ἐπεϐούλευον,
1711 5299 1805 5352 καὶ
1833 5300 1909 5363 ὼς
1937 5304 2027 5372 μῖ-

454 5411 544 5458 σος
568 5394 750 5448 ἄδικον
773 5391 1042 5465 ἐμίσησάν
1069 5408 1157 5464 με,
1175 5389 1350 5459 φύλαξ
1369 5387 1529 5459 γενοῦ
1544 5388 1643 5459 τῆς
1672 5390 1809 5461 ἐμῆς
1827 5391 2032 5464 ψυχῆς,

522 5549 568 5580 ³⁸
617 5546 761 5604 Psal.
795 5563 898 5602 uv
921 5586 938 5612 ,
978 5547 1065 5600 12.

523 5705 599 5775 (l)
639 5703 903 5759 llebraica
936 5709 1084 5775 sunt_
1115 5709 1364 5775 Amm
1386 5742 1400 5764 ,
1455 5716 1484 5754 a
1519 5698 1863 5756 Theodoreto
1896 5715 2019 5775 _au-

455 5772 563 5829 tvm
603 5777 763 5829 lectio
816 5773 1127 5845 Sylltlnafhi
1159 5775 1239 5828 sic
1265 5775 1523 5845 allertur,
1553 5775 1846 5845 μυστήριον
1896 5772 2011 5822 Κυ-

457 5848 593 5919 ρίου.
630 5845 760 5910 Quae
790 5840 994 5916 pariter
1014 5842 1404 5899 Thcodotionis
1433 5840 1563 5898 esse
1585 5840 1784 5897 ibidem
1822 5840 2014 5896 fertur.

2129 4665 2363 4735 imploro
2390 4673 2559 4720 tuam.
2591 4665 2705 4736 Ego
2732 4666 2952 4735 quidem
2978 4659 3359 4740 memetipsum
3390 4671 3617 4741 castigo,
3650 4679 3706 4726 et

2130 4755 2288 4826 quasi
2343 4757 2673 4828 supplicium
2737 4758 2808 4814 de
2863 4760 3111 4829 pristinis
3162 4760 3378 4816 delictis
3441 4777 3702 4827 sumens,

2132 4849 2372 4905 ulciscor
2404 4849 2710 4920 meipsum,
2764 4866 2853 4906 me
2893 4852 3165 4921 abiectum
3213 4853 3495 4908 laboribus
3541 4863 3706 4925 atque

2131 4939 2392 4995 arumnis
2428 4940 2727 4996 constituo.
2755 4940 2836 4995 Tu
2859 4957 3010 5006 vero,
3035 4941 3198 5003 Deus,
3230 4959 3332 5000 ceu
3369 4946 3495 5015 quis
3527 4954 3706 5001 certa-

2133 5032 2342 5087 minum
2373 5033 2688 5104 pnefectus,
2721 5040 2776 5089 et
2805 5050 3042 5105 pugnam
3072 5042 3128 5090 et
3149 5036 3364 5094 labores
3391 5053 3542 5093 meos
3572 5052 3708 5092 con-

2127 5122 2455 5191 templatus,
2487 5123 2704 5179 veniam
2736 5139 2955 5194 quaeso,
2999 5125 3266 5180 scelerum
3315 5126 3623 5193 concedite,
3651 5135 3706 5182 et

2129 5225 2471 5281 quaecunque
2499 5211 2555 5265 in
2595 5213 2839 5282 peccatis
2883 5212 3028 5267 edidi
3072 5214 3355 5268 remittito.
3389 5211 3497 5268 Sed
3538 5213 3701 5269 etiam

2131 5302 2386 5359 inimicos
2437 5317 2587 5359 meos
2621 5304 2997 5374 conspicatus,
3029 5313 3162 5374 quot
3199 5302 3447 5359 videlicet
3475 5319 3704 5361 numero

2127 5393 2358 5450 insidias
2383 5394 2519 5450 mihi
2550 5402 2764 5466 parent,
2799 5401 2854 5450 et
2889 5395 3036 5465 quod
3071 5410 3157 5451 me
3189 5395 3316 5451 odio
3351 5395 3538 5468 iniquo
3581 5412 3702 5470 per-

2125 5699 2235 5756 Nos
2260 5702 2530 5780 saniorem
2558 5701 2844 5758 lectionem
2873 5719 2939 5760 ex
2967 5721 3103 5764 mss.
3135 5711 3412 5780 omnibus,
3473 5728 3585 5770 uno
3608 5729 3708 5771 ex-

2125 5781 2310 5842 οεριο,
2352 5779 2688 5826 mutuamur.
