4100 6400
409 331 510 384 ΞΞΙ

1124 331 1390 391 EUSEBII
1424 335 1904 396 CASSARIENSIS
1936 341 2087 401 OPP.
2131 346 2312 403 PARS
2351 346 2516 404 Ill.—-
2555 350 2967 411 EXEGETICA.

3574 365 3683 420 252

423 455 750 515 sequantur,
780 454 970 504 custos
1001 459 1118 505 esto
1151 452 1347 507 animae
1394 469 1548 521 meas,
1590 463 1647 511 et
1694 457 1764 512 ab
1813 459 1967 515 inimi

2099 465 2194 517 καὶ
2220 465 2381 536 ῥῦσαί
2414 485 2482 538 με
2518 469 2619 540 τῆς
2637 472 2747 524 τῶν
2777 474 3054 546 πολεμίων
3083 476 3394 548 ἐπιϐουλῆς.
3431 480 3682 534 Τοσαῦτα

413 553 605 592 corum
660 539 877 596 insidiis
922 558 1054 597 erue
1102 559 1210 601 me.
1251 545 1348 602 His
1394 563 1560 617 porro
1607 555 1809 620 gestis,
1860 554 1987 608 tali-

413 630 627 699 basque
657 633 916 702 precibus
957 635 1209 700 emissis,
1256 654 1326 692 ne
1375 639 1683 696 confundar
1729 643 1984 716 etilagito.

407 720 545 776 Cum
579 724 725 778 enim
757 733 811 780 te
840 742 992 796 spem
1024 743 1201 782 meam
1234 732 1637 800 constituerim,
1669 737 1838 804 probe
1871 738 1986 793 scio

409 831 473 869 ac
504 832 828 887 persuasum
859 820 1054 883 habeo,
1089 825 1234 892 quod
1275 842 1400 896 spes
1426 843 1533 882 non
1599 831 1920 887 confundat.

483 908 650 966 Vens.
703 913 813 976 21,
861 913 952 968 22.
1006 913 1314 971 Inuocentes
1371 929 1420 972 et
1471 921 1600 974 recti
1652 922 1985 977 adlueserunt

411 1002 559 1067 mihi,
594 1005 718 1073 quia
754 1007 983 1060 sustinui
1029 1017 1092 1062 te.
1131 1007 1345 1074 Libera,
1379 1011 1542 1078 Deus,
1579 1012 1753 1068 Israel
1782 1031 1846 1069 ex
1875 1033 1989 1070 om-

409 1093 565 1148 nibus
596 1095 1031 1153 tribulationibus
1063 1102 1196 1155 suis.
1229 1101 1344 1158 lloc
1378 1118 1408 1156 a
1441 1120 1527 1160 me
1567 1114 1780 1176 gestum
1823 1123 1985 1178 Opus,

409 1201 536 1239 cum
581 1189 790 1244 caeteris
846 1190 1127 1256 collatum,
1181 1209 1539 1266 permagnum
1591 1197 1716 1263 fuit,
1777 1200 1988 1271 tibique

410 1277 521 1334 Deo
554 1289 835 1352 acceptum
862 1299 876 1348 ;
911 1283 1098 1338 multis
1129 1287 1274 1340 enim
1305 1290 1614 1358 exemplum
1659 1292 1982 1359 tolerantur,

408 1372 533 1425 vita:
574 1373 780 1442 probas,
829 1375 1167 1444 pteniteutize
1221 1385 1276 1432 et
1332 1379 1699 1437 confessionis
1753 1385 1981 1440 exstiti:

409 1470 741 1532 quapropter
784 1463 1106 1520 innocentes
1139 1475 1192 1520 et
1238 1471 1372 1522 recti
1424 1470 1526 1523 viri
1561 1473 1692 1526 mihi
1728 1489 1826 1528 ceu
1859 1475 1984 1545 glu-

407 1550 522 1604 tine
575 1553 855 1621 conjuncti
898 1556 1266 1623 adhaeserunt,
1314 1575 1603 1632 meumque
1646 1566 1982 1619 consortium

407 1643 823 1711 expetiverunt;
851 1646 1001 1699 nulla
1031 1661 1164 1703 sane
1194 1650 1296 1702 alia
1327 1650 1394 1705 de
1428 1666 1615 1717 causa,
1660 1670 1822 1724 quam
1854 1656 1983 1725 quia

413 1737 819 1804 perseverando
848 1738 1109 1806 sustinui,
1143 1749 1196 1794 et
1227 1741 1357 1794 nihil
1382 1757 1489 1796 non
1515 1758 1809 1813 perpessus
1837 1755 1982 1810 sum,

2093 557 2150 610 δὲ
2183 558 2399 629 πράξας
2453 563 2548 615 καὶ
2589 564 2825 618 τοσαῦτα
2851 567 3083 637 δεηθεὶς,
3111 571 3184 641 μὴ
3218 573 3678 642 καταισχυνθῆνσι

2095 649 2250 716 ἀξιῶ.
2284 652 2350 704 Σὲ
2377 653 2486 724 γὰρ
2509 654 2696 708 ἐλπίδα
2742 659 2979 728 ἐμαυτοῦ
3004 661 3249 733 θέμενος,
3288 665 3531 736 ἀκριϐῶς
3562 661 3680 721 οἶδα

2094 742 2188 795 καὶ
2209 743 2535 816 πέπεισμαι,
2560 748 2641 800 ὅτι
2675 751 2708 820 ἠ
2746 750 2900 816 ἐλπὶς
2927 753 2987 806 ού
3020 755 3392 826 καταισχύνει.

2168 929 2403 982 Ἆκακοι
2427 929 2523 983 καί
2542 931 2738 998 εὐθεῖς
2766 931 3113 990 ἐκολλῶντό
3125 956 3247 1008 μοι,
3270 940 3361 996 ὅτι
3382 945 3676 1015 ὑπέμεινά

2091 1033 2184 1073 σε.
2239 1021 2572 1089 Λύτρωσαι,
2620 1027 2653 1078 d
2694 1025 2858 1092 Θεὸς,
2899 1027 3008 1081 τὸν
3062 1031 3300 1100 Ἰσραὴλ
3343 1036 3414 1090 ἐκ
3461 1039 3675 1094 πασῶν

2090 1109 2209 1164 τῶν
2230 1113 2497 1182 θλίψεων
2514 1117 2720 1171 αὐτοῦ.
2750 1120 2860 1172 Καὶ
2888 1121 3048 1176 τοῦτὸ
3065 1142 3166 1195 ,μοι
3194 1129 3331 1200 πρὸς
3357 1135 3470 1196 τοῖς
3494 1134 3674 1200 ἄλλοις

2091 1203 2476 1276 κατορθώμασι
2531 1209 2678 1278 μέγα
2727 1210 2956 1281 ὑπῆρξε,
2996 1215 3090 1267 καὶ
3122 1218 3204 1270 σοὶ
3233 1220 3310 1290 τῷ
3333 1221 3452 1293 Θεῷ
3485 1226 3636 1294 φίλον
3655 1244 3670 1257 ·

2093 1295 2310 1360 πολλοῖς
2348 1298 2458 1370 γὰρ
2512 1300 2773 1371 ἐγινόμην
2809 1303 3172 1378 ὑπογραμμὸς
3209 1315 3524 1385 καρτερίας,
3556 1317 3670 1386 βίου

2089 1407 2150 1442 τε
2215 1390 2411 1460 σεμνοῦ
2463 1393 2558 1446 καὶ
2598 1397 2884 1463 μετανοίας
2940 1401 3032 1452 καὶ
3080 1401 3550 1478 ἐξομολογήσεως·
3591 1410 3670 1464 διὸ

2088 1482 2284 1536 ἄκακοι
2315 1484 2503 1557 ἄνδρες
2530 1489 2622 1540 καὶ
2648 1490 2825 1554 εύθεῖς
2851 1494 3184 1563 συνήπτοντο
3207 1515 3295 1567 μοι
3319 1500 3668 1572 κολλώμενοι,

2089 1575 2182 1627 καὶ
2211 1576 2472 1646 συμϐιοῦν
2496 1577 2792 1645 ἀξιοῦντες,
2819 1582 2883 1635 δι’
2911 1584 3060 1638 οὐδὲν
3089 1585 3275 1658 ἕτερον
3297 1590 3328 1660 ἢ
3351 1592 3430 1644 ὅτι
3461 1595 3665 1665 ὑπέμε-

2089 1685 2178 1722 νον
2202 1671 2506 1742 καρτερῶν,
2547 1674 2641 1726 καὶ
2673 1675 2851 1729 πάντα
2874 1677 3166 1750 ὑπέφερον,
3202 1683 3259 1735 σὲ
3299 1684 3395 1755 τὴν
3429 1687 3667 1756 ἐμαυτοῦ

2087 1761 2275 1816 ἐλπίδα
2328 1764 2788 1836 προϐεϐλημένος.
2855 1769 3078 1835 Τούτοις
3139 1772 3342 1830 ἅπασιν
3393 1779 3664 1848 ἐπιλέγειο

405 1826 550 1895 quod
582 1834 635 1880 te
667 1844 815 1898 spem
849 1845 1023 1884 meam
1055 1834 1456 1890 constituerim.
1490 1832 1587 1890 His
1625 1837 1740 1892 haec
1774 1837 1967 1894 subnet

2079 1826 2409 1924 Λύτρωσαι,
2456 1860 2490 1911 ό
2550 1826 2714 1926 Θεὸς,
2747 1826 2868 1914 ⁷τὸν
2912 1826 3148 1932 Ἰσραὴλ
3189 1867 3258 1920 ἐκ
3299 1869 3512 1924 πασῶν
3550 1826 3664 1926 τῶν

404 1919 525 1983 ctit,
542 1915 750 1985 Libera,
783 1921 946 1988 Deus,
982 1920 1157 1978 Israel
1183 1940 1248 1978 ex.
1277 1925 1518 1981 omnibus
1550 1927 1978 1984 tribulationibus

401 2011 544 2065 suis:
574 2025 695 2066 sese
730 2013 942 2068 scilicet
983 2014 1240 2070 lsracletn
1273 2016 1344 2070 ob
1378 2019 1633 2086 superius
1680 2029 1980 2076 memorata

411 2108 564 2169 gesta
591 2111 898 2172 nuncupat.
930 2102 1081 2159 Talis
1120 2106 1265 2161 enim
1293 2114 1377 2162 est
1404 2109 1657 2178 quisquis
1683 2111 1752 2165 ab
1785 2113 1982 2167 anima:

401 2208 514 2247 sue
559 2193 877 2249 conditione
929 2196 1144 2251 lsraelis
1179 2213 1378 2251 nomen
1440 2199 1668 2254 obtinet.
1716 2201 1826 2256 Aut
1872 2203 1980 2257 alia

400 2281 632 2350 ratione,
667 2298 791 2337 cum
843 2285 917 2337 ita
949 2284 1236 2341 institutus
1269 2288 1361 2352 sit,
1419 2295 1480 2341 ut
1523 2305 1632 2344 non
1679 2291 1764 2346 sui
1805 2293 1979 2348 solius

399 2375 706 2430 custodiam
737 2384 912 2447 gerat,
946 2386 1040 2431 aut
1087 2379 1170 2433 sui
1211 2387 1425 2441 tantum
1459 2384 1748 2450 sollicitus,
1790 2401 1891 2456 pro
1919 2403 1980 2444 se

399 2467 519 2522 solo
551 2466 718 2522 Deum
752 2477 1040 2538 precetur;
1066 2479 1188 2538 post
1231 2486 1344 2526 rem
1377 2472 1515 2528 bene
1544 2486 1775 2544 gestam,
1823 2485 1978 2547 post-

397 2572 560 2626 quam
612 2571 710 2611 sua
756 2565 905 2613 recte
960 2561 1290 2630 composuit,
1332 2579 1433 2632 pro
1478 2565 1735 2622 universo
1772 2570 1976 2639 p0pulo

396 2645 490 2701 Dei
527 2647 954 2717 supplicationes
993 2651 1214 2716 emittit,
1258 2662 1546 2724 rogatque,
1591 2666 1674 2722 ut,
1711 2661 1976 2728 quemad-

395 2740 618 2794 modum
666 2755 725 2795 se
759 2742 991 2798 antehac
1040 2759 1107 2798 ex
1142 2747 1403 2802 arumnis
1447 2755 1503 2803 et
1549 2753 1817 2822 angustiis
1861 2755 1968 2810 eri-

394 2846 522 2901 pere
569 2831 825 2902 dignatus
873 2843 978 2898 est,
1029 2834 1084 2888 id
1126 2835 1304 2904 ipsum
1343 2847 1469 2908 agat
1497 2854 1627 2911 erga
1659 2849 1838 2898 totum
1876 2844 1972 2901 Dei

393 2926 676 2997 p0pulum,
724 2927 824 2997 qui
870 2928 1210 2999 intelligendi
1260 2931 1500 3002 quadam
1553 2936 1765 2994 ratione
1801 2938 1973 2999 Israel

395 3026 766 3088 nuncupatur.

797 3129 1126 3187 PSALMUS
1158 3133 1365 3188 DAVID
1390 3136 1556 3193 XXV.

2081 1949 2348 2016 θλίψεων
2366 1951 2554 2005 αὐτοῦ
2572 1969 2587 1983 ·
2616 1954 2734 2024 ἦτοι
2769 1954 2931 2018 αὐτὸς
2949 1957 3144 2010 ἑαυτὸν
3175 1957 3664 2034 ἐξομολογούμενος

2089 2042 2303 2112 Ἰσραὴλ
2329 2043 2610 2114 ὀνομάζων
2641 2046 2730 2100 διὰ
2753 2047 2823 2099 τὰ
2852 2048 3221 2120 προλεχθέντα
3258 2053 3424 2108 αὑτοῦ
3463 2074 3664 2130 κατορ-

2081 2129 2308 2203 θώματα
2329 2150 2343 2163 ·
2371 2135 2611 2200 τοιοῦτος
2632 2139 2741 2208 γάρ
2779 2141 2925 2192 ἐστιν
2963 2143 2992 2193 ὀ
3037 2142 3177 2195 κατὰ
3218 2143 3396 2214 ψυχὴν
3425 2129 3660 2219 Ἰσραήλ.

2083 2220 2157 2274 Ἦ
2189 2221 2384 2288 ἄλλως,
2412 2223 2798 2297 διδασκόμενος
2839 2229 2913 2301 μὴ
2945 2231 3136 2286 ἐαυτὸν
3168 2234 3328 2302 μόνον
3355 2235 3660 2304 φυλάττειν,

2082 2313 2216 2384 μηδὲ
2253 2314 2403 2386 αύτῷ
2432 2317 2578 2388 μόνῳ
2623 2319 2964 2385 σπουδάζειν,
2992 2325 3086 2376 καὶ
3116 2326 3244 2395 περὶ
3285 2327 3443 2395 μόνου
3470 2329 3660 2385 ἑαυτοῦ

2076 2409 2169 2460 τὸν
2218 2408 2350 2461 Θεὸν
2403 2409 2664 2465 ἱκετεύειν
2688 2429 2702 2442 ·
2738 2413 2876 2483 μετά
2911 2415 2968 2468 δὲ
3005 2415 3067 2468 τὸ
3096 2417 3438 2489 κατορθῶσαι
3472 2423 3564 2475 καὶ
3597 2419 3659 2479 εὖ

2075 2495 2145 2550 τά
2174 2498 2295 2551 καθ’
2319 2499 2511 2554 ἐαυτὸν
2552 2500 2848 2569 διαθέσθαι,
2885 2504 3025 2576 ὑπὲρ
3053 2503 3148 2558 τοῦ
3184 2509 3384 2572 παντὸς
3409 2510 3538 2565 λαοῦ
3563 2513 3658 2568 τοῦ

2075 2586 2212 2641 Θεοῦ
2263 2589 2362 2652 τὰς
2407 2590 2778 2663 παρακλήσεις
2808 2595 3157 2665 ἀναπέμπει·
3213 2600 3443 2654 ἱκετεύει
3478 2620 3558 2667 τε,
3592 2605 3658 2659 ἵν’

2074 2679 2224 2734 ῶσπε
2233 2699 2264 2754 ρ
2289 2682 2546 2756 ἀνωτέρω
2577 2687 2768 2741 ἑαυτὸν
2789 2686 2940 2757 ἠξίου
2973 2691 3234 2763 ρυσθῆναι
3267 2695 3375 2748 ἀπὸ
3398 2697 3507 2750 τῶν
3530 2701 3656 2753 ἐαυ-

2073 2780 2168 2834 τοῦ
2221 2781 2490 2852 θλίψεων,
2535 2785 2676 2840 οὕτω
2730 2789 2826 2842 καὶ
2884 2790 3061 2845 πάντα
3103 2794 3198 2846 τὸν
3227 2794 3324 2848 τοῦ
3358 2795 3495 2849 Θεοῦ
3527 2795 3656 2849 λαὸν

2074 2871 2218 2926 κατά
2248 2873 2488 2930 διάνοιαν
2534 2879 2749 2952 Ἰσραὴλ
2778 2882 3198 2956 ὀνομαζόμενον.

2455 3097 2758 3185 animo}:
2783 3134 2870 3185 To
2903 3134 3104 3187 ΑΑΥΙΔ
3134 3136 3265 3191 KE'.

463 3218 630 3275 Vens.
652 3220 702 3273 l.
726 3218 923 3274 Iudico
973 3238 1074 3287 me,
1124 3223 1363 3291 Domine,
1403 3228 1652 3296 quoniam
1683 3245 1776 3301 ego
1803 3232 1859 3285 in
1891 3234 1967 3287 in-

2144 3220 2364 3288 Κρῒνόν
2381 3238 2480 3291 με,
2515 3225 2712 3291 Κύριε,
2741 3224 2829 3277 ὅτι
2853 3226 2968 3295 ἐγὼ
3000 3227 3070 3280 ἐν
3106 3228 3326 3298 ἀκακίςι
3356 3247 3476 3300 μου
3517 3230 3653 3286 ἐπο-

391 3310 634 3364 noceutia
659 3325 776 3364 mea
814 3327 1124 3381 progressus
1155 3329 1294 3378 sum,
1325 3323 1375 3367 et
1404 3315 1460 3368 in
1501 3315 1727 3370 Domino
1757 3335 1967 3387 sperans

2071 3313 2314 3379 ρεύθην,
2337 3313 2438 3366 καὶ
2458 3313 2555 3367 ἐπὶ
2576 3315 2656 3381 τῷ
2672 3318 2863 3384 Κιφίῳ
2878 3316 3134 3378 ἐλπίζων
3150 3321 3222 3374 οὐ
3246 3320 3332 3389 μὴ
3351 3321 3652 3378 σαλευθῶ.

390 3420 496 3459 non
513 3405 890 3459 commovebar.
913 3404 1170 3462 Fortasse
1197 3409 1470 3478 quispiam
1495 3409 1611 3463 base
1624 3409 1768 3465 dicta
1782 3411 1973 3470 Davidi

389 3497 634 3554 referens
666 3499 914 3569 apposite
943 3499 1165 3562 dixerit,
1194 3501 1377 3571 ipsum
1403 3503 1680 3572 supplices
1707 3502 1820 3560 Deo
1841 3522 1968 3576 pre-

387 3604 482 3645 ces
505 3589 782 3646 ell‘undere
812 3606 912 3660 pro
940 3593 1050 3645 vita
1079 3607 1198 3647 sua.
1241 3590 1376 3647 Nam
1405 3610 1533 3648 cum
1571 3607 1798 3652 sanctus
1823 3599 1972 3670 Apo-

389 3680 566 3734 stolus
595 3680 743 3734 dicat
769 3699 782 3734 :
813 3680 1030 3750 Oportet
1051 3683 1284 3751 primum
1312 3686 1547 3740 omnium
1576 3687 1695 3757 ﬁeri
1726 3690 1970 3746 obsecra-

390 3770 576 3833 tiones,
599 3771 886 3836 orationes,
903 3773 1305 3842 postuiationes,
1328 3777 1624 3845 gratiarum
1638 3782 1871 3837 actiones
1886 3785 1928 3816 ³⁷
1947 3803 1961 3852 ;

388 3875 454 3914 ac
504 3861 766 3931 praedicta
814 3864 869 3917 in
919 3872 1155 3933 quatuor
1191 3868 1405 3935 species
1449 3869 1815 3938 distribuerit,
1868 3889 1966 3944 par

386 3961 471 4008 est
499 3969 600 4008 nos
635 3969 696 4008 ea
719 3969 840 4025 qua:
868 3954 922 4007 in
949 3956 1282 4024 psalmorum
1324 3957 1466 4014 libro
1504 3959 1757 4017 ieruntur
1782 3975 1964 4022 mente

386 4046 749 4116 perpendere,
802 4054 965 4117 atque
1007 4048 1254 4105 indicare
1281 4051 1506 4120 quinam
1560 4069 1753 4110 eorum
1800 4058 1961 4115 obse-

383 4139 679 4222 crationes,
714 4141 806 4211 qui
850 4142 1151 4205 orationes,
1183 4144 1276 4214 qui
1323 4147 1747 4228 postulationes,
1779 4155 1960 4206 maxi-

381 4247 576 4302 meque
609 4215 713 4302 'qui
760 4235 1061 4303 gratiarum
1097 4236 1344 4291 actiones
1392 4219 1727 4307 praeferant:
1761 4243 1959 4312 quidve

381 4325 530 4380 aliud
569 4327 638 4378 ab
673 4326 781 4379 alio
815 4325 1052 4392 differat,
1081 4337 1244 4398 atque
1275 4344 1338 4383 ex
1378 4338 1491 4384 toto
1523 4333 1857 4401 psalmorum
1895 4337 1958 4390 li-

380 4417 482 4471 bro
512 4431 677 4486 supra
707 4415 982 4470 dictorum
1013 4421 1374 4488 proprietates
1404 4423 1665 4493 seligere;
1695 4434 1778 4489 ut,
1804 4428 1956 4483 verbi

379 4523 566 4575 causa,
597 4509 1032 4576 obsecrationes,
1062 4527 1130 4565 ex
1158 4512 1227 4566 iis
1256 4514 1486 4583 psalmis
1517 4518 1609 4587 qui
1651 4517 1956 4574 invocatio-

2086 3403 2252 3468 Ἰδίως
2288 3404 2352 3458 ἄν
2380 3423 2464 3469 τις
2503 3407 2598 3459 ἐπὶ
2641 3407 2731 3460 τὸν
2757 3407 2921 3462 Δαυῖδ
2968 3411 3253 3481 ἀναφέρων
3276 3413 3400 3478 τοὺς
3432 3431 3654 3486 προκειυ

2074 3495 2268 3564 μένους
2297 3495 2507 3566 λόγους,
2531 3498 2672 3551 είποι
2693 3498 2759 3552 ἂν
2780 3501 3030 3570 ἐντυχίαν
3043 3501 3206 3555 αὐτὸν
3225 3505 3494 3559 ποιεῖσθαι
3516 3506 3651 3578 πρὸς

2069 3584 2158 3638 τὸν
2184 3585 2316 3639 Θεὸν
2349 3587 2477 3658 περὶ
2503 3587 2595 3641 τοῦ
2625 3588 2751 3641 ἰδίου
2785 3589 2918 3659 βίου.
2951 3591 3057 3646 Τοῦ
3076 3593 3183 3666 γὰρ
3206 3595 3352 3667 ἱεροῦ
3392 3597 3650 3651 Ἀποστά-

2069 3674 2160 3728 λου
2192 3678 2492 3748 φήσαντος·
2538 3678 2778 3748 Πρῶτον
2816 3681 3052 3738 πάντων
3079 3686 3174 3739 δεῖ
3192 3689 3485 3743 ποιεῖσθαι
3514 3689 3650 3758 δεή-

2067 3783 2219 3833 σεις,
2269 3772 2649 3840 προσευχὰς,
2683 3774 3021 3843 ἐντεύξεις,
3060 3780 3480 3848 εὐχαριστίας-ο
3554 3782 3650 3835 κα)Ι

2064 3859 2328 3925 διελόντος
2373 3863 2441 3917 τὰ
2488 3865 2854 3936 προλεχθέντα
2901 3872 2980 3934 εἰς
3034 3872 3148 3944 εἴδη
3193 3873 3454 3945 τέσσαρα,
3495 3877 3645 3945 ἡμᾶς

2065 3956 2331 4028 προσήκει
2358 3957 2458 4028 τὴν
2490 3957 2725 4013 διάνοιαν
2752 3965 2864 4025 1:07.;
2897 3965 2955 4017 ἐν
2981 3968 3048 4034 τῇ
3075 3965 3244 4035 βίϐλῳ
3276 3967 3383 4018 τῶν
3399 3965 3645 4034 Ψαλμῶν

2063 4046 2459 4118 ἐμφερομένοις
2506 4051 2734 4123 ἐφιστᾷν
2777 4053 2868 4105 τὸν
2915 4054 3058 4119 νοῦν,
3115 4055 3643 4124 ἐπισημαινομένους
3743 4079 3745 4081 ί

2061 4137 2202 4201 τίνες
2231 4140 2326 4209 μὲν
2351 4141 2529 4195 αὐτῶν
2570 4145 2888 4215 περιέχουσι
2913 4145 3145 4214 δεήσεις,
3177 4145 3270 4198 καὶ
3299 4145 3441 4210 τίνες
3472 4164 3642 4218 προσ-

2060 4229 2242 4299 ευχὰς,
2295 4233 2388 4285 καὶ
2425 4235 2570 4299 τίνες
2614 4235 2904 4300 ἐντεύξεις,
2937 4237 3028 4288 καὶ
3055 4237 3147 4289 ἐπὶ
3191 4239 3323 4291 πᾶσι
3357 4239 3500 4304 τίνες
3553 4242 3642 4295 εὐ-

2059 4325 2376 4394 χαριστίας·
2412 4325 2464 4377 τί
2491 4344 2549 4378 τε
2594 4327 2842 4398 διαφέρει
2899 4327 3126 4399 θάτερον
3157 4329 3408 4402 θατέρου,
3449 4333 3643 4386 ἀναλέ-

2058 4415 2248 4482 γεσθαί
2305 4434 2365 4468 τε
2419 4418 2526 4470 ἀπὸ
2567 4419 2748 4488 πάσης
2793 4420 2894 4490 τῆς
2935 4421 3118 4489 βίϐλου
3149 4423 3257 4475 τῶν
3297 4424 3542 4495 Ψαλμῶν
3570 4425 3640 4479 τὰ

2061 4508 2326 4580 ἰδιώματα
2357 4510 2467 4564 τῶν
2493 4512 2800 4581 εἰρημένων
2828 4531 2840 4542 ·
2876 4509 2986 4567 οἷον
3033 4515 3132 4578 τὰς
3163 4517 3262 4587 μὲν
3293 4519 3506 4590 δεήσεις
3531 4519 3640 4573 ἀπὸ

377 4616 475 4657 nes
519 4611 574 4656 et
630 4603 1060 4673 supplicationes
1120 4607 1580 4676 complectuntur,
1643 4612 1698 4666 in
1755 4614 1953 4683 quibus

2071 4601 2167 4654 τῶν
2201 4603 2563 4672 περιεχόντων
2593 4604 2990 4677 παρακλήσεις,
3020 4609 3113 4661 καὶ
3133 4611 3435 4684 ἱκετηρίας,
3471 4615 3529 4666 ἐν
3549 4609 3638 4677 αἷς

375 4702 594 4749 exstant
631 4696 793 4749 etiam
836 4695 1249 4762 confessiones;
1301 4701 1479 4769 qualis
1531 4713 1615 4758 est
1654 4705 1951 4774 vigesimus

374 4791 606 4854 quartus
645 4787 908 4854 psalmus,
939 4788 1034 4857 qui
1065 4804 1240 4858 neque
1283 4791 1580 4856 canticum.
1608 4809 1784 4862 neque
1805 4796 1952 4863 psal-

373 4892 519 4940 mus,
556 4890 732 4946 neque
762 4877 1018 4948 hymnus,
1061 4896 1240 4951 neque
1283 4881 1462 4939 simile
1501 4884 1804 4955 quidpiam,
1847 4888 1946 4942 sed

372 4966 561 5024 Davidi
591 4971 772 5024 solum
797 4971 1135 5029 inscribitur.
1167 4974 1459 5032 Orationes
1489 4985 1639 5043 sunt,
1678 4987 1947 5050 quotquot

371 5061 565 5130 psalmi
598 5063 653 5115 in
685 5062 844 5116 titulo
873 5065 1152 5121 orationes
1183 5067 1476 5133 dicuntur;
1511 5070 1825 5138 cuiusmodi
1865 5081 1950 5126 est

370 5151 615 5208 decimus
645 5165 856 5220 sextus,
889 5159 1257 5227 octogesimus
1289 5161 1541 5230 quintus,
1573 5164 1947 5232 octogesimus

370 5259 570 5310 nonus,
619 5249 954 5304 centesimus
996 5251 1230 5319 primus,
1275 5253 1610 5308 centesimus
1640 5259 1946 5326 quadrage-

371 5337 542 5396 simus
580 5338 813 5408 primus.
861 5341 1176 5398 Gratiarum
1218 5345 1466 5401 actiones
1513 5356 1662 5414 sunt,
1693 5350 1786 5417 qui
1823 5349 1942 5419 pani

368 5430 582 5484 ratione
609 5445 672 5484 ac
703 5432 1038 5488 centesimus
1070 5435 1345 5489 secundus
1369 5437 1666 5506 conscripti
1704 5449 1854 5503 sunt,
1884 5441 1939 5494 in

367 5536 476 5588 quo
517 5521 596 5575 sic
639 5522 877 5592 legitur:
904 5522 1152 5588 Benedic,
1201 5527 1384 5580 anima
1417 5543 1554 5593 mea,
1607 5527 1860 5591 Domino,
1889 5541 1939 5585 et

364 5613 476 5665 noli
532 5612 768 5668 oblivisci
809 5631 988 5671 omnes
1031 5617 1401 5673 retributiones
1433 5619 1583 5688 ejus,
1629 5629 1684 5674 et
1715 5630 1934 5677 caetera.

433 5768 477 5804 ³⁷
519 5769 537 5822 l
572 5769 714 5824 Tim.
751 5788 826 5832 ιι.
865 5773 917 5827 i.
961 5771 1096 5829 Vide
1129 5789 1290 5840 supra
1322 5775 1519 5842 psalm.
1558 5791 1669 5842 vn,
1704 5776 1766 5843 l,
1805 5775 1856 5831 5.

2057 4689 2232 4744 δὲςκαὶ
2255 4691 2670 4764 ἐξομολογήσεις
2707 4696 2962 4766 φέρονται
2988 4716 3000 4729 ·
3033 4701 3216 4763 ὁποῖός
3247 4704 3396 4755 ἐστιν
3421 4706 3450 4756 ὀ
3487 4707 3636 4758 εἱκο-

2060 4781 2184 4844 στὸς
2201 4783 2474 4864 τέταρτος
2517 4786 2751 4857 ψαλμὺς,
2788 4790 2910 4844 οὔτε
2937 4792 3068 4863 ᾠδὴ,
3098 4793 3222 4846 οὒτε
3247 4794 3481 4864 ψαλμὸς,
3513 4796 3634 4851 οὔτε

2056 4876 2243 4947 ὕμνος,
2277 4878 2401 4932 οὔτε
2428 4897 2480 4933 τι
2520 4883 2789 4936 τοιοῦτον
2839 4885 2955 4938 ἀλλ’
2991 4886 3177 4950 ἁπλῶς
3211 4887 3286 4958 τῷ
3316 4889 3480 4943 Δαυῒδ
3513 4893 3638 4944 ἐπι-

2053 4975 2458 5045 γεγραμμένος.
2527 4979 2834 5052 Προσευχαὶ
2871 4982 2928 5034 δέ
2979 4983 3138 5045 εἰσιν,
3165 4983 3278 5037 ὅσοι
3309 4987 3367 5040 ἐν
3395 4991 3460 5057 τῇ
3505 5005 3638 5057 προ-

2051 5069 2236 5137 γραφῇ
2293 5070 2610 5140 προσευχῶν
2659 5074 3086 5144 ἐπιγράφουσιν·
3118 5069 3230 5128 οίον
3267 5079 3295 5130 ὀ
3327 5077 3386 5143 ἒξ
3435 5081 3529 5132 καὶ
3549 5081 3637 5133 δέ-

2051 5173 2236 5220 κατος,
2267 5159 2362 5211 καὶ
2387 5161 2415 5212 ὀ
2447 5160 2801 5233 ὀγδοηκοστὸς
2842 5163 3113 5234 πέμπτος,
3150 5170 3241 5221 καὶ
3274 5169 3633 5239 ὀγδοηκοστὸς

2048 5245 2283 5312 ἕννατος,
2325 5249 2419 5302 καὶ
2463 5251 2753 5316 ἐκατοστὺς
2787 5253 3023 5325 πρῶτος,
3058 5257 3154 5310 καὶ
3184 5259 3473 5321 ἐκατοστὺς
3505 5276 3632 5312 τεσ-

2047 5346 2382 5415 σαρακοστὸς
2425 5345 2658 5417 πρῶτος.
2695 5347 3046 5417 Εὐχαριστίαι
3069 5349 3130 5402 δέ
3169 5351 3306 5403 εἰσιν
3339 5353 3387 5404 οἱ
3431 5352 3630 5422 ὁμοίως

2047 5439 2260 5512 ἔχοντες
2274 5442 2351 5511 τῷ
2366 5441 2640 5511 ἑκατοστῷ
2657 5442 2913 5514 δευτέρῳ,
2931 5445 2988 5496 ἐν
3080 5444 3293 5516 εἴρηται
3312 5462 3325 5476 ·
3352 5449 3625 5515 Εὺλόγει,

2046 5535 2085 5601 ἡ
2105 5535 2273 5602 ψυχή
2293 5551 2434 5603 μου,
2485 5536 2592 5588 τὸν
2645 5537 2884 5603 Κύριον,
2949 5539 3050 5592 καὶ
3083 5538 3170 5607 μὴ
3220 5537 3626 5593 ἐπιλανθάνου

2047 5623 2248 5690 πάσας
2297 5627 2403 5693 τὰς
2435 5626 2871 5695 ἀνταποδόσεις
2931 5629 3154 5694 αὐτοῦ,
3213 5631 3305 5682 καὶ
3361 5629 3428 5683 τὰ
3477 5628 3620 5699 ἑξῆς.
