4100 6386
397 380 502 433 233

1512 367 2014 425 COMMENTARIA
2054 368 2121 423 lN
2158 366 2491 422 PSALMOS.

3521 354 3630 411 2M

398 493 677 559 Ἐντευξιν
696 493 752 547 δὲ
780 491 1021 563 περιέχει
1036 491 1066 543 ό
1096 489 1232 560 μετά
1255 491 1460 561 χεῖρας,
1481 489 1538 541 ὲν
1554 480 1599 556 ᾧ
1622 487 1964 558 γέγραπται·

2082 484 2467 541 Postulationes
2510 480 2753 536 continet
2798 493 3040 549 praesens
3092 478 3377 549 psalmus,
3427 478 3485 532 in
3526 493 3637 546 quo

394 584 617 654 Κρῒνόν
656 600 752 653 με,
809 583 1004 646 Κύριε,
1035 581 1128 634 ὅτι
1180 580 1295 650 ἐγὼ
1326 581 1398 633 ἐν
1438 579 1655 645 ἀκακία
1677 595 1797 647 μου
1825 577 1965 630 ἐπο-

2082 579 2333 650 scriptum
2369 586 2451 632 est
2480 595 2493 630 :
2518 573 2717 630 Indica
2747 590 2850 637 me,
2899 572 3145 636 Domine,
3175 572 3425 642 quoniam
3461 587 3555 641 ego
3581 572 3637 623 in

394 677 634 745 ρεύθην,
667 673 763 728 καὶ
802 672 870 727 τά
902 671 1049 743 ἐξῆς.

483 766 657 837 Ἐρεῖς
686 758 801 830 οὖν,
853 763 1042 834 ἐπειδὴ
1097 761 1267 825 ὅντως
1305 759 1508 832 ῆρξατο
1542 762 1572 813 ό
1607 759 1792 823 Δαυῒδ,
1821 759 1896 822 ὡς
1916 759 1966 812 οἱ

398 856 658 927 θεοφιλεῖς
701 855 893 927 ἄνδρες
921 857 979 909 ἐν
1029 857 1142 919 τοῖς
1170 854 1376 908 ἑαυτῶν
1407 851 1499 907 τοῦ
1534 851 1650 923 βίου
1691 850 1967 924 κατορθώ-

400 966 560 1021 μασιν
610 944 755 1019 εἷχόν
796 965 918 1001 τινα
960 946 1411 1017 πλεονεκτήματα
1454 942 1730 1015 ἐξαίρετα.
1778 943 1837 995 ἐν
1885 937 1967 1005 οἷς

396 1040 623 1103 ἕκαστος
668 1038 847 1094 αὑτῶν
898 1037 1041 1102 ἰδίως
1090 1035 1400 1109 διαπρεπὴς
1445 1034 1694 1104 γέγονεν’
1730 1028 1841 1088 οἷον
1889 1032 1968 1096 ὡς

395 1130 489 1185 ἐπὶ
517 1131 973 1204 παραδείγματος,
1031 1132 1230 1201 Ἰωσὴφ
1269 1131 1328 1183 ἐν
1359 1128 1704 1200 σωφροσύνῃ,
1755 1124 1871 1178 Ἰὼὸ
1898 1127 1965 1197 τῇ

395 1220 499 1275 τῶν
524 1220 710 1275 δεινῶν
738 1222 1002 1293 ὑπομονῇ,
1030 1219 1278 1293 Σολομὼν
1305 1221 1363 1275 ἐν
1386 1218 1548 1290 σοφίᾳ
1572 1218 1666 1271 καὶ
1686 1217 1964 1288 φρονήσεν

409 1312 657 1385 Ἀϐραὰμ
675 1311 762 1366 διά
788 1313 888 1384 τῆς
919 1313 1151 1378 πίστεως
1175 1310 1554 1367 δεδικαιῶσθαι
1593 1309 1837 1379 λέγεται⁸
1871 1307 1970 1362 καὶ

392 1405 553 1470 ἄλλος
584 1405 745 1459 πάλιν
783 1407 842 1459 ἐν
876 1404 1020 1477 ἄλλῳ
1073 1405 1274 1477 ἀρετῆς
1321 1403 1496 1474 ἀγῶνι
1544 1402 1967 1475 μεμαρτύρηται

392 1497 719 1569 διαλάμψας.
766 1496 988 1561 Τούτοις
1032 1492 1126 1552 οὖν
1173 1497 1376 1569 ὁμοίως
1402 1496 1498 1551 καὶ
1523 1498 1553 1551 ὁ
1571 1493 1733 1549 Δαυῖδ
1759 1492 1971 1564 ἐξαίρε-

394 1600 485 1637 τον
520 1584 721 1657 ἀρετὴν
763 1585 1104 1657 κτησάμενος
1152 1585 1566 1659 ἀναγέγραπται
1591 1585 1690 1657 τὴν
1716 1582 1969 1648 ἀνεξικα-

394 1676 519 1733 κίαν
537 1693 551 1706 ·
581 1677 728 1750 δι’ἥν
758 1677 854 1733 καὶ
882 1677 972 1733 τὸν
1000 1677 1174 1733 Σαοὺλ
1196 1679 1420 1750 ἤνεγκε,
1457 1676 1628 1751 μυρία
1658 1677 1779 1733 κατ’
1805 1674 1970 1730 αὑτοῦ

390 1764 706 1837 δεδρακότα,
742 1766 887 1841 ἅπερ
917 1766 1109 1839 πράως
1147 1770 1241 1822 καὶ
1283 1768 1620 1834 ἀνεξικάκως
1665 1766 1970 1839 ὑπομείνας

2067 670 2366 725 innocentia
2396 684 2512 724 mea
2533 682 2842 738 progressus
2867 680 3007 729 sum,
3041 671 3148 718 etc.

2138 764 2300 820 Dicas
2324 764 2489 834 igitur
2514 763 2643 834 quia
2674 759 2842 816 David
2882 773 2950 814 eo
2983 773 3044 814 se
3076 755 3242 811 modo
3264 769 3456 826 gerere
3490 754 3639 807 ince-

2068 856 2167 925 pit,
2197 854 2484 924 religiosos
2516 854 2667 908 viros
2699 852 2754 906 in
2783 849 3045 920 operibus
3070 847 3170 902 abs
3201 861 3260 901 se
3288 846 3471 906 editis,
3502 857 3642 913 quo-

2069 947 2195 1002 dam
2226 945 2487 1001 virtutum
2520 959 2717 1015 genere
2747 941 3138 1013 prmcelluisse,
3172 939 3230 993 in
3263 952 3374 1008 quo
3402 936 3640 1007 quisque

2069 1037 2315 1106 ipsorum
2347 1036 2645 1107 praeclarus
2670 1034 2880 1099 evasit;
2926 1040 3010 1096 ut,
3046 1030 3280 1100 exempli
3319 1042 3508 1091 causa,
3539 1023 3638 1079 Jo-

2066 1131 2198 1200 seph
2220 1128 2578 1193 continentia,
2595 1125 2698 1182 Job
2720 1125 2977 1196 patientia
2999 1123 3054 1179 in
3077 1121 3356 1188 adversis;
3380 1120 3636 1176 Salomon

2067 1222 2330 1292 sapientia
2354 1231 2409 1276 et
2426 1219 2709 1290 prudentia
2727 1236 2741 1285 ;
2759 1216 3030 1272 Abraham
3052 1215 3157 1270 ﬁde
3172 1213 3502 1284 justiﬁeatus
3517 1228 3640 1268 esse

2065 1315 2263 1371 dicitur
2287 1330 2301 1366 :
2328 1322 2383 1369 et
2409 1313 2550 1367 alius
2579 1312 2775 1366 iterum
2803 1310 2910 1365 alio
2939 1307 3156 1363 virtutis
3179 1305 3474 1362 certamine
3496 1304 3636 1360 emi-

2066 1406 2249 1463 cuisse
2268 1404 2612 1476 praedicatur.
2636 1402 3011 1471 Similiterque
3030 1397 3198 1453 David
3220 1396 3487 1468 praecipua
3510 1411 3640 1465 qua-

2065 1500 2189 1555 dam
2212 1498 2433 1561 virtute,
2465 1496 2671 1552 scilicet
2687 1494 3011 1564 injuriarum
3028 1491 3323 1556 oblivione,
3344 1488 3639 1544 emicuisse

2072 1586 2282 1658 scripto
2322 1584 2595 1650 traditur;
2648 1597 2761 1654 qua
2791 1579 3014 1637 Saulem
3042 1579 3319 1651 patienter
3350 1577 3498 1639 tulit,
3551 1573 3645 1645 qui

2073 1678 2346 1737 sexcentis
2370 1693 2493 1734 eum
2521 1676 2678 1731 malis
2702 1674 2977 1741 all‘ecerat,
3007 1683 3061 1728 et
3084 1672 3200 1727 haec
3224 1671 3340 1742 ipse
3362 1669 3645 1724 moderate

2075 1787 2141 1827 ac
2178 1772 2300 1828 sine
2336 1768 2713 1840 indignatione
2746 1768 2939 1822 tulisse
2974 1766 3031 1820 in
3060 1763 3343 1834 Scriptura
3368 1767 3647 1816 narratur.

394 1854 825 1925 ἀναγέγραπται.
876 1860 1029 1913 Ἐπεὶ
1087 1860 1268 1913 τοίνυν
1340 1859 1616 1932 ἐξαίρετος
1692 1854 1762 1930 ἦν
1832 1856 1971 1928 αὔτη

2082 1862 2215 1930 Quia
2241 1863 2408 1933 igitur
2439 1861 2556 1916 haec
2586 1858 2812 1914 Davidis
2833 1857 3109 1929 praecipua
3132 1856 3309 1909 virtus
3337 1860 3479 1913 erat,
3504 1865 3653 1905 man-

391 1947 485 2001 τοῦ
514 1947 676 2002 Δαυῒδ
701 1950 890 2023 ἀρετὴ,
931 1949 1077 2020 λέγω
1111 1952 1169 2006 δὲ
1196 1953 1231 2024 ἡ
1260 1952 1358 2023 τῆς
1394 1951 1701 2025 πραότητος
1727 1952 1821 2007 καὶ
1866 1966 1968 2005 ται-ἰ

393 2039 822 2112 πεινοφροσύνης
847 2041 941 2096 καὶ
983 2042 1355 2108 ἀνεξικακίας,
1402 2041 1574 2097 ταῦτα
1609 2042 1788 2097 πάντα
1830 2040 1966 2113 ὁμοῦ

395 2127 703 2200 περιλαϐὼν
733 2131 967 2189 ἀκακίαν
992 2132 1131 2187 αὐτὰ
1168 2132 1451 2206 ώνόμασε’
1487 2134 1582 2188 καὶ
1605 2133 1681 2198 ώς
1708 2134 1766 2187 ἐν
1795 2132 1969 2204 τούτῳ

396 2221 629 2291 μάλιστα
660 2223 738 2296 τῷ
782 2225 937 2297 μέρει
978 2225 1349 2298 κατορθώσας,
1378 2231 1529 2301 ἐνητῇ
1562 2228 1701 2301 πρὸς
1725 2228 1817 2281 τὸν
1836 2227 1969 2282 Θεὸν

393 2313 630 2379 ἐντεύξει
647 2316 779 2388 φησί
796 2333 810 2347 ’
845 2316 1067 2386 Κρῖνόν
1083 2334 1185 2387 με,
1215 2320 1412 2388 Κύριε,
1436 2319 1656 2390 ὅτιὲγὼ
1675 2320 1972 2387 ἐνάκακίᾳ

391 2421 507 2472 μου
565 2406 912 2476 ἐπορεύθην.
952 2408 1104 2463 Ἐπεὶ
1149 2410 1208 2465 δὲ
1251 2410 1397 2482 μέγα
1442 2411 1572 2483 περὶ
1612 2410 1804 2465 ἐαυτοῦ
1842 2411 1972 2465 ἀπε-

392 2497 618 2568 φήνατο,
649 2497 837 2571 ὥσπερ
877 2502 1359 2575 ἐγκαυχησάμενος
1382 2502 1461 2575 τῷ
1480 2504 1744 2578 ἐξαιρέτῳ
1776 2501 1970 2557 ἑαυτοῦ

393 2588 778 2661 κατορθώματι
801 2590 905 2662 τῆς
944 2592 1234 2665 ἀκακίαςῆ
1258 2595 1356 2665 τῆς
1387 2595 1711 2667 ἁπλότητος,
1747 2595 1975 2668 ἐπιλαμ-

392 2679 613 2737 ϐάνεται
636 2685 798 2750 αὑτὸς
833 2687 1025 2743 ἐαυτοῦ
1060 2688 1153 2743 καὶ
1178 2688 1421 2755 ἐπιλέγει
1444 2689 1759 2757 ἀναγκαίως
1811 2688 1970 2761 ἑξῆς·

397 2773 507 2826 Καὶ
523 2775 618 2827 ἐπὶ
636 2776 717 2842 τῷ
732 2780 927 2847 Κυρίῳ
951 2779 1205 2841 ἐλπίζων
1218 2782 1290 2835 οὐ
1303 2781 1390 2850 μὴ
1412 2780 1751 2851 ἀσθενήσω.
1784 2782 1977 2851 Ἀναγ-

394 2863 565 2928 καίως
578 2862 670 2920 οὖν
692 2869 1011 2935 συνέπλεξεν
1024 2871 1214 2925 ἑαυτὸν
1236 2875 1302 2944 τῇ
1337 2873 1433 2925 ἐπὶ
1453 2872 1543 2926 τὸν
1559 2873 1764 2945 Κύριον
1778 2874 1974 2940 ἐλπίδι,

396 2955 489 3009 καὶ
510 2957 704 3011 ἐαυτοῦ
752 2965 1063 3034 κατηγορεῖ,
1099 2964 1175 3027 ὡς
1200 2963 1497 3035 δυναμένου
1530 2965 1858 3038 σαλευθῆναι
1882 2966 1977 3022 καὶ

397 3049 737 3121 ἐκτραπῆναι
770 3053 863 3106 καὶ
897 3054 1278 3127 ἐξασθενῆσαι.
1316 3056 1463 3129 Πλὴν
1507 3059 1660 3112 οὐδὲν
1695 3058 1978 3114 πείσεσθαι

395 3138 485 3195 διά
498 3141 595 3213 τὴν
615 3145 693 3208 εἰς
711 3143 842 3198 θεὸν
864 3146 1053 3201 ἐλπίδα
1069 3147 1288 3220 θαρρῶν
1309 3148 1693 3204 διεϐεϐαιοῦτσ
1714 3150 1831 3223 ᾔδει
1845 3149 1974 3224 γάρ,

396 3233 474 3288 ὅτι
497 3236 531 3305 ἠ
559 3235 712 3300 ἐλπὶς
728 3238 789 3291 οὑ
809 3239 1185 3310 καταισχύνει,
1224 3240 1364 3295 κατὰ
1388 3242 1480 3296 τὸν
1526 3242 1871 3298 Ἀπόστολον.

459 3328 799 3398 Δοκίμασόν
821 3348 920 3401 με,
954 3333 1150 3402 Κύριε,
1188 3334 1289 3388 καί
1318 3334 1614 3403 πείρασόν
1641 3351 1721 3405 με
1739 3352 1753 3365 ο
1783 3336 1982 3404 πύρω-

395 3431 510 3471 σον
536 3419 679 3488 τοὺς
701 3424 960 3492 νεφρούς
977 3441 1098 3494 μου
1130 3424 1230 3480 καί
1260 3424 1375 3495 τὴν
1405 3425 1659 3495 καρδίαν
1689 3444 1837 3497 μου.
1861 3429 1983 3481 ’Ότι

395 3508 461 3563 τὸ
487 3512 660 3578 ἔλεός
686 3530 804 3568 σου
831 3513 1149 3570 κατέναντι
1179 3516 1299 3572 τῶν
1329 3515 1656 3587 ὀφθαλμῶν
1679 3536 1801 3587 μου
1824 3518 1980 3583 ἐστὶ,

397 3601 498 3656 καὶ
534 3602 919 3673 εὺτιρέστησα
949 3606 1020 3660 ἐν
1048 3606 1124 3676 τῇ
1151 3608 1405 3676 ἀληθείᾳ
1432 3624 1570 3663 σου.
1607 3610 1719 3681 Οὑχ
1751 3609 1826 3674 ὡς
1847 3609 1983 3664 ἀλα-

396 3692 766 3766 ζονευόμενος,
794 3698 901 3750 οὐδ’
928 3698 1284 3768 ἐπαιρόμενος
1322 3698 1479 3767 ἔλεγε
1507 3699 1569 3752 τό
1586 3716 1600 3729 ο
1637 3699 1985 3768 Δοκίμασόν

397 3802 487 3856 με,
522 3788 720 3855 Κύριε,
760 3788 860 3843 καί
892 3789 1186 3857 πείρασόν
1220 3807 1333 3859 με’
1379 3791 1666 3859 πύρωσον
1708 3790 1852 3857 τοὺς
1883 3806 1983 3845 νε-

397 3876 588 3945 φρούς
609 3894 729 3946 μου
762 3877 862 3931 καί
889 3877 1004 3947 τὴν
1030 3877 1283 3947 καρδίαν
1318 3896 1441 3949 μου
1460 3894 1476 3910 ο
1511 3879 1625 3934 ἀλλ’
1652 3878 1728 3943 ὡς
1757 3883 1816 3934 ἐν
1849 3880 1984 3952 εὐχῇ

399 3967 731 4040 παρακαλῶν
762 3969 868 4023 ὑπὸ
895 3969 989 4024 τοῦ
1014 3968 1150 4024 Θεοῦ
1184 3970 1526 4045 καθαρθῆναι
1559 3970 1649 4025 διά
1674 3971 1777 4042 τῆς
1808 3969 1986 4043 πυρώ-

400 4078 558 4125 σεως,
591 4061 641 4113 εί
685 4059 857 4115 δέοιτο
887 4061 1226 4135 καθάρσεως.
1262 4063 1580 4136 Παρακαλεῖ
1617 4064 1796 4119 τοίνυν
1840 4064 1988 4118 δοκι-

403 4151 677 4224 μασθῆναι
708 4154 802 4208 κα)⁸
847 4154 1207 4228 πειρασθῆναι
1240 4155 1337 4228 τὴν
1385 4154 1778 4227 προλεχθεῖσαν
1818 4156 1985 4210 αὑτοῦ

399 4245 621 4318 ἀρετὴν,
670 4245 792 4301 καθ’
836 4247 904 4318 ἣν
956 4247 1262 4319 διαπρέψας
1314 4247 1717 4313 ἀποδέδεικται,
1753 4249 1855 4303 οὑκ
1899 4251 1987 4319 ἐφ’

400 4338 578 4410 ἐαυτῷ
621 4338 917 4404 πεποιθὼς,
943 4339 1056 4394 ἀλλ’
1094 4341 1189 4394 ἐπὶ
1218 4339 1296 4410 τῷ
1338 4338 1430 4394 τοῦ
1464 4340 1602 4394 Θεοῦ
1638 4339 1799 4411 ἐλέῳ.
1830 4340 1989 4394 Οὖτις)

398 4430 550 4500 γοῦν,
586 4431 740 4503 φησὶ,
761 4432 850 4486 διά
876 4431 1078 4496 παντὸς
1125 4432 1184 4486 σὲ
1210 4432 1300 4486 τὸν
1331 4432 1462 4486 Θεὸν
1490 4434 1583 4487 καὶ
1607 4433 1700 4488 τὸν
1728 4432 1819 4486 σὸν
1843 4433 1989 4486 ἔλεον

401 4524 509 4596 πρὸ
535 4524 825 4597 ὀφθαλμῶν
850 4523 1011 4596 ἔχων,
1038 4524 1216 4579 πάντα
1244 4524 1335 4579 τὸν
1357 4524 1597 4597 ἐμαυτοῦ
1624 4525 1738 4597 βίον
1765 4525 1859 4579 καὶ
1883 4523 1988 4579 πά-

2076 1953 2308 2012 suetudo
2344 1968 2561 2024 nempe,
2591 1950 2895 2019 humilitas,
2929 1957 2984 2004 et
3014 1947 3305 2003 tolerantia
3335 1965 3347 1998 :
3376 1945 3493 1999 haec
3533 1956 3651 1995 om-

2078 2049 2171 2104 nia
2214 2061 2323 2102 una
2355 2044 2750 2115 complectens,
2793 2040 3169 2097 innocentiam
3201 2037 3439 2092 vocavit.
3472 2034 3540 2088 Et
3567 2041 3654 2087 ut-

2076 2147 2205 2211 pote
2234 2139 2327 2210 qui
2358 2138 2464 2192 hac
2488 2137 2761 2207 praecipue
2791 2135 2845 2189 in
2881 2144 3036 2205 parte
3065 2147 3125 2188 se
3158 2130 3418 2202 praeclare
3451 2126 3655 2198 gessis-

2079 2238 2184 2295 set,
2216 2230 2273 2285 in
2301 2230 2671 2300 postulatione
2696 2241 2796 2282 sua
2823 2227 2898 2281 ita
2923 2224 3091 2280 Deum
3123 2218 3656 2292 compellatdsdira

2077 2341 2180 2391 me,
2214 2323 2460 2391 Domine,
2495 2321 2741 2394 quoniam
2786 2336 2880 2389 ego
2925 2318 2981 2371 in
3025 2315 3323 2370 innocentia
3366 2327 3482 2366 mea
3533 2326 3656 2380 pro-

2079 2434 2289 2493 gressus
2320 2433 2458 2471 sum.
2505 2412 2961 2483 Quandoquidem
3004 2423 3262 2481 magnum
3287 2406 3356 2462 de
3395 2421 3455 2461 se
3498 2403 3659 2474 quid-

2080 2510 2225 2582 piam
2262 2510 2668 2581 pronuntiarat,
2702 2506 2861 2577 quasi
2889 2501 3260 2574 iactabundus
3291 2499 3359 2553 de
3397 2497 3658 2568 praeclara

2082 2615 2185 2656 sua
2218 2598 2549 2655 innocentiae
2574 2604 2629 2651 et
2663 2592 3037 2666 simplicitatis
3069 2591 3293 2653 virtute,
3333 2603 3457 2642 sese
3485 2584 3662 2654 repri-

2083 2692 2185 2747 mit
2215 2700 2270 2746 et
2298 2689 2457 2760 quasi
2492 2686 2821 2744 necessitate
2851 2683 3113 2738 inductus
3143 2680 3352 2749 adjicit,
3385 2687 3435 2731 et
3465 2679 3519 2731 in
3549 2675 3663 2730 Do-

2085 2784 2230 2840 mino
2268 2797 2488 2852 sperans
2535 2796 2641 2835 non
2689 2776 3072 2833 commovebar.
3121 2771 3446 2829 Necessario
3494 2769 3663 2840 igitur

2084 2891 2184 2948 spe
2220 2891 2276 2930 In
2305 2873 2475 2929 Deum
2511 2888 2571 2929 se
2600 2870 2872 2934 munivit,
2926 2881 3159 2937 seseque
3190 2865 3428 2927 incusat,
3461 2867 3521 2915 ut
3566 2859 3663 2929 qui

2084 2965 2443 3031 commoveri,
2489 2964 2682 3026 everti,
2718 2977 2781 3017 ac
2814 2959 3081 3015 inﬁrmari
3120 2956 3317 3012 valeat.
3355 2953 3552 3009 Verum
3593 2952 3661 3005 ﬁ-

2086 3058 2279 3116 denter
2300 3073 2380 3123 se,
2413 3057 2487 3112 ob
2516 3070 2668 3128 spem
2702 3054 2758 3108 in
2788 3053 2981 3113 Deum,
3030 3049 3167 3106 nihil
3219 3047 3347 3103 mali
3368 3059 3661 3116 passurum

2088 3151 2441 3208 asseverabat
2473 3167 2487 3206 :
2524 3154 2755 3204 noverat
2777 3144 2925 3201 enim
2955 3158 3108 3216 spem
3157 3158 3265 3196 non
3301 3136 3662 3200 confundere,

2011 3231 2054 3289 (ἶ
2089 3241 2390 3299 secundum
2416 3239 2739 3312 Apostolum
2764 3237 2839 3291 ³⁸.

2152 3336 2322 3391 Vens.
2352 3334 2409 3395 2,
2438 3334 2493 3388 3.
2526 3331 2708 3389 Proba
2730 3348 2830 3397 me,
2861 3329 3106 3396 Domine,
3136 3336 3186 3384 et
3228 3334 3373 3382 tenta
3409 3339 3491 3378 me
3516 3337 3535 3377 :
3566 3336 3663 3374 ure

2082 3445 2231 3485 renes
2258 3443 2399 3482 meos
2439 3434 2489 3480 et
2521 3441 2614 3480 cor
2638 3439 2832 3479 meum.
2863 3420 3131 3487 Quoniam
3170 3413 3541 3474 misericordia
3572 3420 3666 3464 tua

2083 3530 2206 3577 ante
2231 3519 2411 3575 oculos
2444 3533 2586 3573 meos
2614 3525 2714 3581 est,
2764 3525 2815 3570 et
2854 3511 3152 3582 complacui
3199 3510 3257 3563 in
3297 3506 3514 3563 ueritate
3548 3513 3661 3556 tua.

2083 3610 2204 3666 Non
2250 3608 2409 3682 quasi
2450 3605 2824 3678 iactabundus
2872 3612 2928 3659 et
2975 3603 3155 3658 elatus
3190 3597 3376 3653 animo
3423 3594 3532 3650 hoc
3558 3592 3660 3654 ait,

2083 3703 2266 3761 Proba
2311 3718 2415 3766 me,
2449 3696 2695 3765 Domine,
2723 3708 2773 3755 et
2802 3706 2948 3753 tanta
2972 3712 3055 3750 me
3088 3711 3105 3749 :
3147 3709 3241 3747 ure
3270 3706 3418 3746 renes
3444 3703 3586 3744 meos
3616 3694 3668 3740 et

2083 3815 2176 3853 cor
2203 3813 2399 3861 meum,
2435 3795 2530 3850 sed
2560 3793 2721 3866 quasi
2773 3793 2830 3847 in
2882 3790 3135 3847 oratione
3163 3782 3495 3857 postulando
3549 3795 3609 3835 se
3636 3794 3668 3831 a

2086 3888 2200 3945 Deo
2220 3890 2347 3960 igne
2367 3886 2612 3958 purgari.
2641 3886 2690 3941 si
2723 3883 2942 3954 quidem
2976 3879 3302 3951 purgatione
3328 3882 3509 3947 egeat.
3553 3871 3668 3926 Ro-

2085 3991 2179 4054 gat
2206 3981 2374 4052 igitur
2405 3976 2629 4049 probari
2662 3986 2717 4030 et
2741 3971 3045 4029 examinari
3095 3984 3263 4038 supra
3306 3973 3667 4022 memoratam

2089 4089 2246 4131 suam
2267 4074 2550 4134 virtutem,
2570 4082 2677 4138 qua
2703 4064 3002 4138 prahclarus
3026 4066 3498 4116 commonstratus
3540 4062 3625 4109 est
3650 4070 3668 4120 ;

2088 4183 2199 4223 non
2235 4164 2362 4233 sibi,
2395 4161 2492 4218 sed
2536 4159 2631 4216 Dei
2667 4153 3061 4214 misericordiae
3112 4149 3378 4207 conﬁsus.
3431 4146 3531 4210 Ita,
3590 4145 3671 4198 in-

2090 4258 2231 4330 quit,
2266 4265 2319 4313 te
2350 4255 2541 4321 Deum,
2573 4260 2838 4320 tuamque
2867 4241 3304 4303 misericordiam
3333 4254 3447 4311 pra:
3491 4237 3670 4292 oculis

2091 4364 2310 4420 semper
2343 4346 2572 4409 habens,
2602 4345 2770 4399 vitam
2800 4354 2977 4395 meam
3008 4334 3377 4403 universaque
3400 4341 3566 4401 opera
3591 4325 3672 4381 sic

2090 4441 2326 4506 institui,
2374 4448 2434 4495 ut
2462 4437 2862 4508 complacerem
2915 4432 2973 4487 in
3030 4428 3257 4484 veritate
3314 4432 3429 4481 tua.
3483 4420 3672 4490 Neque

2090 4537 2238 4593 enim
2277 4548 2402 4590 cum
2424 4529 2777 4588 simulatione
2798 4524 3060 4598 quadam,
3094 4520 3188 4579 sed
3218 4522 3273 4575 in
3302 4517 3534 4574 veritate
3556 4527 3673 4568 am-

404 4595 504 4681 σας
533 4635 636 4688 μου
668 4595 768 4682 τάς
795 4616 1022 4689 πράξεις
1056 4595 1491 4687 ἐπαιδαγώγουν,
1520 4617 1595 4681 ὼς
1626 4595 1978 4691 εὐαρεστῆσαι

2096 4624 2279 4682 bulavi
2310 4639 2375 4679 ac
2407 4628 2663 4679 versatus
2719 4632 2863 4689 sum,
2920 4614 3127 4685 unique
3166 4610 3279 4665 Deo
3307 4607 3524 4679 placere
3555 4610 3674 4657 stu-
3750 4605 3754 4609 '

404 4707 463 4761 ἐν
491 4712 558 4781 τῇ
585 4709 813 4783 ἀληθείᾳ
845 4727 959 4785 σου.
986 4710 1060 4764 Οὐ
1099 4709 1207 4782 γὰρ
1241 4709 1358 4782 μεθ’
1388 4710 1751 4782 ὑποκρίσεως,
1778 4710 1893 4765 ἀλλ’
1928 4714 1986 4764 ἐν

405 4802 633 4875 ἀληθείᾳ
663 4802 1043 4876 περιεπάτησα
1072 4802 1166 4856 καὶ
1197 4802 1564 4875 ἀνεστράφην,
1598 4802 1746 4875 μόνῳ
1768 4801 1847 4874 τῷ
1869 4801 1989 4873 Θεῷ

405 4894 771 4967 εὐαρεστῆσαι
800 4894 1136 4960 σπουδάζων.

480 5009 604 5063 οὐκ
628 5007 885 5064 ἐκάθισα
908 5008 1059 5079 μετὰ
1088 5009 1411 5079 συνεδρίου
1442 5011 1859 5080 ματαιότητος,
1892 5008 1991 5064 καὶ

404 5099 553 5170 μετά
594 5102 1102 5170 παρανομούντων
1137 5103 1209 5157 οὐ
1245 5099 1332 5172 μὴ
1372 5102 1644 5158 ωσέλθω.
1692 5102 1991 5172 Ἐμίσησα

404 5191 742 5259 ἐκκλησίαν
778 5192 1293 5264 πονηρευομένων,
1337 5195 1437 5249 καί
1459 5193 1611 5264 μετά
1655 5191 1894 5249 ἀσεϐῶν
1919 5193 1991 5247 οὐ

402 5281 491 5353 μὴ
524 5283 769 5338 καθίσω.
804 5282 872 5338 Et
894 5301 998 5338 που
1023 5284 1202 5339 τοίνυν
1235 5286 1563 5358 συνήρχοντο
1594 5283 1737 5338 κατά
1766 5283 1828 5337 τὸ
1861 5282 1994 5336 αὑτὸ

410 5370 605 5440 ἄνδρες
644 5371 708 5427 οὑ
752 5372 1052 5439 σπουδαῖοι,
1081 5374 1190 5427 οὐδ’
1219 5375 1315 5431 ἐπὶ
1354 5374 1665 5440 σπουδαίοις
1703 5373 1994 5449 πράγμασι

386 5462 858 5536 ,υαθςδριὺυντες,
893 5465 987 5519 ἐπὶ
1032 5467 1282 5537 ματαίοις
1326 5468 1385 5522 δὲ
1410 5468 1506 5522 καὶ
1536 5467 1638 5521 οὑκ
1675 5467 1996 5536 ἀναγκαίοις

412 5555 723 5629 ποιούμενοι
744 5558 844 5629 τὴν
864 5557 1099 5612 σύνοδονο
1126 5558 1370 5627 τούτους,
1394 5561 1580 5633 φησιν,
1607 5558 1830 5630 ἔφυγον,
1853 5560 1997 5618 ὥστε

417 5648 491 5721 μὴ
525 5647 1062 5720 ωμπεριπλέκεσθαι
1102 5648 1281 5705 αὐτῶν
1323 5653 1391 5722 τῇ
1447 5650 1789 5723 ματαιότητι,
1816 5650 1876 5672 ““
1921 5647 1998 5712 ὡς

484 5803 529 5836 ⁸³
566 5801 723 5860 Rom.
758 5820 822 5867 ν,
856 5804 908 5859 5.

698 5894 973 5955 ΡΑτιιοι..
1006 5894 1123 5956 Gn.
1179 5888 1421 5955 XXIII.

2090 4714 2206 4770 dui.

2168 4994 2337 5052 Vens.
2371 4994 2427 5057 Δ,
2460 4994 2514 5048 5.
2551 4990 2677 5046 Non
2717 4988 2829 5043 sedi
2875 5001 2993 5040 cum
3041 4981 3266 5035 concilio
3312 4979 3591 5040 vanitatis,
3621 4984 3677 5030 et

2099 5106 2217 5144 cum
2243 5089 2429 5159 iniqua
2466 5082 2765 5156 gerentibus
2792 5096 2898 5135 non
2933 5073 3182 5131 introibo.
3213 5071 3368 5127 0divi
3397 5068 3678 5124 ecclesiam

2098 5180 2528 5253 malignantium,
2557 5184 2609 5230 et
2630 5191 2748 5229 cum
2768 5170 2944 5242 impiis
2977 5186 3081 5224 non
3102 5164 3307 5222 sedebo.
3345 5159 3533 5216 Sicubi
3565 5172 3676 5212 una

2099 5250 2457 5330 convenirent
2474 5269 2578 5324 viri
2606 5282 2714 5322 non
2746 5263 2910 5335 frugi,
2938 5275 3115 5331 neque
3137 5258 3206 5313 de
3232 5255 3391 5311 bonis
3416 5250 3679 5323 operibus

2101 5367 2395 5426 consilium
2432 5363 2726 5434 agitantes,
2762 5356 2859 5413 sed
2884 5355 2951 5410 de
2977 5352 3134 5408 vanis
3178 5365 3243 5405 ac
3272 5363 3383 5403 non
3416 5358 3675 5400 necessa-

2101 5450 2202 5519 riis
2231 5461 2397 5517 rebus
2426 5458 2484 5512 in
2509 5462 2657 5512 coetu
2681 5465 2783 5509 suo
2808 5451 3236 5519 pertractantes;
3265 5442 3335 5496 ab
3357 5440 3446 5504 iis,
3471 5437 3674 5506 inquit,

2101 5552 2462 5623 refugiebam,
2497 5555 2557 5602 ut
2584 5561 2656 5601 ne
2702 5543 2891 5607 talium
2941 5539 3223 5595 hominum
3264 5530 3492 5589 vanitati
3524 5543 3677 5584 com-

2104 5618 2389 5711 miscerer,
2418 5643 2484 5664 “'
2519 5646 2581 5692 ut
2608 5634 2737 5708 quid
2771 5640 2967 5703 praeter
2989 5630 3227 5687 divinam
3251 5628 3424 5697 legem
3458 5618 3681 5692 aggredi

3328 5875 3373 5933 8
