4100 6386
467 348 574 407 235
1205 355 1471 413 EUSEBII
1509 356 1986 414 CASSARIENSIS
2023 380 2024 387 η

2123 359 2176 413 Ρ.
2219 359 2411 412 PARS.
2436 359 2597 411 Ill.—
2631 360 3040 410 ωδωιίιιιε.
3604 363 3710 414 230

464 471 750 539 auderent,
778 477 953 531 multo
985 478 1160 549 magis
1209 480 1279 535 ab
1328 476 1398 536 iis
1429 482 1792 546 declinaham,
1820 483 2024 538 erroris

2128 482 2220 535 καὶ
2243 480 2392 552 παρὰ
2416 481 2507 534 τὸν
2532 479 2673 533 θεῖον
2695 481 2857 551 νόμον
2889 480 3092 550 τολμᾷν
3117 480 3240 533 τινὰ
3263 481 3394 551 δρᾷν
3419 498 3431 510 ·
3467 482 3558 535 καὶ
3583 482 3706 535 τού-

466 580 577 621 una
604 580 729 621 cum
751 568 819 625 iis
852 569 1249 626 adeundiviam
1272 572 1568 644 refugiens.
1603 575 1758 640 Quod
1783 576 1831 630 si
1853 591 2024 645 quan-

2128 590 2251 636 τους
2315 572 2394 625 ἐτι
2450 571 2648 641 μᾶλλον
2702 571 2924 641 ἔφυγον,
2977 571 3409 643 παραιτούμενος
3448 572 3546 644 τὴν
3592 574 3710 643 ἅμα

465 656 538 712 do
558 656 799 715 viderem
822 661 1035 732 aliquos
1060 671 1259 719 emtum
1282 673 1527 737 agentes,
1554 667 1647 737 qui
1671 682 1777 722 non
1813 682 1915 737 pro
1935 683 2024 722 va-

2128 665 2308 727 αὕτοῖς
2349 666 2428 727 είς
2473 664 2573 734 τὴν
2606 664 2811 734 πλάνην
2858 665 3080 718 εἴσοδον.
3125 666 3234 718 Καὶ
3264 665 3317 717 εἴ
3351 682 3478 718 ποτε
3514 665 3573 719 δὲ
3604 666 3707 719 ἑώ-

463 750 637 807 nitate
676 766 778 808 nec
802 768 902 824 pro
934 755 1199 826 improbis
1230 759 1491 828 operibus
1515 760 1894 824 convenirent,
1930 760 2024 816 sed

2132 772 2238 826 ρων
2293 754 2746 824 ὲκκλησιάζοντάς
2801 771 2985 819 τινας,
3044 756 3135 808 καὶ¹
3190 756 3290 809 οὐκ
3329 757 3421 809 ἐπὶ
3476 759 3707 827 ματαιό-

464 856 564 914 pro
594 849 777 913 pravis
796 852 849 901 et
877 846 1060 918 impiis
1079 848 1425 920 dogmatibus
1453 852 1507 906 in
1547 852 1781 908 ecclesia
1806 867 2030 923 congre-

466 943 747 1003 garentur,
782 937 884 993 hos
918 939 1207 1011 plusquam
1259 956 1423 1013 supra
1450 942 1629 1000 dictos
1662 942 1790 999 odio
1830 943 2028 1014 dignos

464 1025 648 1081 rebar.
679 1028 842 1085 Aliud
867 1045 998 1086 vero
1022 1046 1053 1086 a
1076 1047 1243 1104 supra
1268 1035 1582 1090 memoratis
1620 1034 1904 1089 hominum
1934 1051 2030 1106 ge-

463 1130 571 1173 nus
602 1120 976 1190 conspicatus,
1018 1122 1314 1194 impiorum
1352 1124 1627 1189 videlicet,
1656 1132 1712 1181 et
1736 1128 1829 1197 qui
1854 1125 2026 1181 Deum
2058 1162 2066 1170 -

463 1223 575 1264 non
603 1219 853 1277 nossent,
884 1228 949 1268 ac
980 1214 1075 1284 qui
1104 1214 1159 1269 in
1181 1230 1369 1271 errore
1397 1224 1451 1272 et
1474 1216 1782 1273 idololatria
1812 1219 2026 1273 voluta-

463 1307 673 1367 rentur,
706 1302 776 1358 ab
806 1303 873 1359 iis
898 1305 1246 1374 secedeham;
1286 1308 1362 1361 ita
1388 1316 1449 1362 ut
1481 1325 1550 1365 ne
1582 1310 1773 1366 sedere
1805 1311 2027 1382 quidem

463 1407 588 1449 cum
618 1393 687 1451 iis
716 1395 938 1463 vellem,
968 1411 1067 1453 nec
1095 1397 1190 1453 diu
1239 1414 1363 1454 cum
1397 1401 1466 1455 iis
1519 1403 1743 1465 morari,
1792 1417 1862 1458 ne
1918 1418 2026 1473 qua

462 1483 596 1538 mihi
627 1498 691 1540 ex
723 1499 914 1540 eorum
963 1500 1261 1559 congressu
1304 1490 1603 1560 impietatis
1630 1493 1887 1565 contagio
1915 1493 2019 1549 hae-

463 1582 625 1631 reret.
659 1574 840 1642 Quane
861 1578 987 1632 dico
1023 1597 1036 1632 :
1059 1586 1115 1633 et
1136 1594 1253 1633 cum
1282 1580 1463 1650 impiis
1491 1598 1596 1636 non
1618 1580 1822 1639 sedebo.

530 1878 690 1937 Vens.
765 1880 884 1938 6-8.
968 1882 1177 1938 Lavabo
1247 1885 1385 1939 inter
1462 1886 1757 1941 innocentes
1836 1903 2025 1942 manus

460 1987 622 2037 meas,
673 1982 726 2027 et
753 1973 1092 2029 circumdabo
1126 1975 1298 2029 altare
1327 1986 1496 2041 tuum,
1535 1977 1757 2033 Domine
1788 1995 1806 2033 :
1837 1988 1895 2032 ut
1929 1995 2026 2033 au-

460 2062 602 2119 diam
629 2080 800 2121 vocem
849 2067 1050 2133 laudis,
1105 2078 1155 2123 et
1210 2086 1449 2125 enarrem
1482 2072 1724 2125 universa
1752 2070 2023 2125 mirabilia

460 2154 851 2237 tua.‘Domine,
880 2158 1046 2213 dilexi
1080 2158 1319 2214 decorem
1344 2159 1531 2216 domus
1576 2170 1700 2225 tum,
1747 2171 1798 2216 et
1853 2162 2023 2216 locum

459 2227 814 2304 habiiationis.
839 2250 1024 2320 gloria:
1051 2260 1174 2307 tuae.
1208 2249 1266 2306 In
1302 2253 1539 2307 circuitu
1575 2251 1912 2308 tabernaculi
1942 2254 2021 2310 tui

460 2337 880 2403 obambulando,
914 2338 1147 2411 hymnos
1196 2342 1511 2397 emittebam
1561 2357 1661 2413 pro
1713 2342 2020 2409 sacriﬁciis,

461 2435 519 2481 ut
551 2428 621 2483 ab
644 2428 960 2486 hominibus
994 2447 1025 2486 e
1079 2432 1265 2489 vicino
1299 2434 1495 2504 positis
1531 2434 1894 2506 audirentur,
1946 2437 2020 2491 ita

461 2524 521 2571 ut
551 2533 743 2577 omnes
794 2536 985 2577 vocem
1031 2538 1206 2579 meam
1238 2532 1291 2581 te
1318 2525 1707 2592 celebrantem,
1767 2541 1833 2582 ac
1857 2541 2021 2583 enar-

459 2616 669 2666 rantem
702 2610 956 2667 universa
988 2612 1257 2669 mirabilia
1313 2623 1408 2668 tua
1457 2614 1849 2671 auscultarent.
1883 2615 2020 2671 Nam

458 2699 513 2755 in
541 2699 759 2772 hymnis
810 2701 879 2756 ad
928 2701 1008 2758 tui
1038 2702 1250 2759 laudem
1298 2706 1663 2775 concinnatis,
1698 2707 2021 2764 admiranda

456 2803 604 2865 gesta
634 2800 729 2849 tua
762 2810 870 2850 una
899 2796 1320 2865 complectebar,
1375 2814 1499 2869 quae
1541 2800 1766 2870 proavis
1815 2801 2021 2857 nostris

456 2883 771 2942 exhibuisti.
803 2885 990 2959 Neque
1017 2887 1281 2945 duntaxat
1312 2888 1482 2946 altare
1504 2902 1659 2947 tuum
1693 2892 2018 2960 circuibam,

457 2975 549 3032 sed
578 2983 752 3032 totam
781 2993 998 3050 quoque
1042 2979 1263 3036 domum
1321 2989 1470 3035 tuam
1521 2981 1708 3052 dilexi,
1768 2982 2017 3049 Domine,

459 3065 800 3138 maximeque
826 3066 1077 3128 decorem
1115 3069 1260 3140 ejus,
1298 3072 1392 3141 qui
1435 3071 1491 3127 in
1536 3073 1643 3144 piis
1671 3074 2019 3146 dogmatibus

2127 862 2287 915 τητος
2324 847 2773 915 συνερχομένους,
2798 846 2914 899 ἀλλ’
2948 846 3055 899 οὐδ’
3098 847 3191 899 ἐπὶ
3243 849 3580 919 παρανόμοις
3617 850 3707 921 ἔρ-

2127 954 2281 1006 γοις,
2319 937 2434 990 ἀλλ’
2480 939 2575 990 ἐπὶ
2608 941 2867 1009 πονηροῖς
2911 939 3006 992 καὶ
3050 940 3272 993 ἀσεϐέσι
3314 941 3595 1012 δόγμασιν,
3649 946 3707 996 ὲν

2128 1026 2388 1098 ἐκκλησίᾳ
2430 1027 2592 1098 δῆθεν
2636 1030 3157 1101 συγκροτουμένους,
3223 1030 3444 1095 τούτους
3491 1034 3555 1104 δὴ
3602 1035 3707 1105 μά-

2129 1117 2283 1169 λιστα
2314 1116 2465 1188 παρά
2508 1119 2634 1181 τοὺς
2674 1118 3071 1194 πῳλεχθέντας
3114 1120 3307 1190 μίσους
3333 1121 3515 1186 ἀξίους
3543 1125 3707 1195 ἡγού-

2131 1224 2258 1279 μην.
2285 1209 2396 1263 Καὶ
2435 1208 2621 1281 ἕτερον
2661 1210 2719 1263 δὲ
2762 1210 2949 1282 τάγμα
2996 1213 3151 1283 παρά
3188 1213 3259 1266 τά
3300 1213 3705 1287 προλελεγμένα

2129 1298 2301 1364 εἰδὼς,
2333 1301 2395 1355 τὸ
2425 1302 2534 1354 τῶν
2581 1301 2811 1367 ἀσεϐῶν,
2860 1303 2969 1357 τῶν
3010 1304 3101 1357 τὸν
3147 1303 3281 1359 Θεὸν
3338 1304 3413 1376 μὴ
3461 1306 3701 1373 εἰδότων,

2127 1391 2590 1466 είδωλολατρείαις
2613 1395 2708 1447 καὶ
2731 1394 2907 1468 πλάνῃ
2929 1395 3378 1466 καλινδουμένων,
3398 1397 3707 1469 ἀνεχώρουν

2126 1483 2325 1550 αὐτῶν,
2377 1485 2452 1549 ὡς
2502 1485 2637 1558 μηδὲ
2682 1486 2967 1558 βούλεσθαι
3016 1489 3198 1553 αὐτοῖς
3251 1490 3703 1558 συγκαθέζεσθαι,

2083 1641 2089 1652 Ι
2130 1576 2253 1647 μηδ’
2294 1576 2388 1630 ἐπὶ
2436 1577 2569 1631 πολὺ
2606 1580 2998 1652 συγχρονίξειν,
3041 1581 3115 1653 μὴ
3159 1581 3267 1652 ἄρα
3300 1599 3385 1647 τις
3427 1583 3487 1651 ἐξ
3524 1585 3705 1639 αὐτῶν

2127 1669 2334 1738 γένοιτό
2364 1688 2455 1742 μοι
2485 1671 2767 1742 μετάδοσις
2789 1673 3045 1739 ἀσεδείας
3063 1692 3076 1705 ·
3107 1674 3188 1728 διὸ
3212 1675 3354 1746 φημί
3376 1691 3391 1705 ο
3413 1668 3523 1731 κλει
3552 1676 3704 1747 μετὰ

2130 1763 2367 1818 ἀσεϐῶν
2391 1765 2464 1819 οὐ
2494 1764 2582 1835 μὴ
2616 1765 2861 1821 καθίσω.

2055 1848 2103 1908 Β
2194 1877 2456 1947 Νἷψομαι
2484 1878 2554 1932 ἐν
2602 1877 2815 1946 ἀθώοις
2861 1878 2971 1947 τὰς
3017 1880 3221 1951 χεῖράς
3262 1900 3403 1952 μου,
3458 1884 3559 1938 καὶ
3597 1901 3703 1938 κυ-

2124 1966 2339 2022 κλώσω
2367 1967 2435 2023 τὸ
2458 1970 2893 2039 θυσιαστήριόν
2933 1988 3071 2036 σου,
3099 1974 3294 2042 Κύριε,
3314 1974 3421 2028 τοῦ
3445 1974 3702 2029 ἀκοῦσαι

2123 2058 2326 2129 φωνῆς
2349 2060 2657 2129 αἰνέσεως,
2690 2063 2787 2117 καὶ
2816 2062 3218 2135 διηγήσασθαι
3242 2065 3439 2121 πάντα
3468 2067 3541 2121 τὰ
3562 2071 3703 2122 θαυ-

2116 2152 2309 2220 μάσιά
2353 2168 2490 2209 σου.
2541 2156 2740 2223 Κύριε,
2792 2156 3081 2227 ἠγάπησα
3127 2159 3486 2228 εὐπρέπειαν
3523 2161 3697 2215 οἴκου

2122 2260 2258 2310 σου,
2303 2246 2403 2301 καί
2433 2249 2622 2302 τόπον
2647 2248 3039 2320 σκηνώματα·
3066 2251 3249 2321 δόξης
3288 2269 3427 2307 σου.
3468 2252 3701 2307 κυκλῶν

2125 2352 2219 2390 σου
2251 2335 2314 2391 τὸ
2337 2337 2741 2412 θυσιαστήριον,
2770 2340 2971 2413 ὕμνους
3002 2343 3313 2414 ἀνέπεμπον
3345 2344 3463 2399 ἀντὶ
3485 2344 3696 2410 θυσίας,

2122 2428 2216 2481 καὶ
2237 2429 2337 2500 τὴν
2359 2429 2497 2501 ἐμὴν
2522 2431 2702 2504 φωνὴν
2726 2432 2995 2504 ἀκουστὴν
3021 2435 3237 2487 ἐποίουν
3250 2437 3361 2498 τοίς
3382 2433 3701 2506 πλησιάζου-

2124 2533 2229 2583 σιν,
2263 2515 2405 2572 ὥστε
2438 2519 2645 2585 πάντας
2671 2520 2891 2574 ἀκούειν
2930 2521 3027 2592 τῆς
3056 2521 3196 2592 ἐμῆς
3234 2522 3417 2592 φωνῆς
3444 2520 3699 2593 αίνούσης

2123 2626 2183 2663 σε
2230 2609 2322 2663 τὸν
2363 2610 2493 2665 Θεὸν
2537 2614 2633 2666 καὶ
2677 2612 3038 2685 διηγουμένης
3084 2614 3261 2667 πάντα
3302 2612 3373 2667 τά
3419 2612 3698 2684 θαυμάσιά

2123 2718 2235 2756 σου.
2292 2702 2379 2755 Ἐν
2409 2703 2518 2774 γὰρ
2551 2705 2663 2768 τοῖς
2721 2706 2799 2769 είς
2832 2705 2893 2758 σὲ
2934 2704 3124 2776 ὕμνοις
3172 2705 3696 2778 συμπαρελάμδανον

2119 2793 2221 2858 τὰς
2245 2793 2556 2866 θαυμασίας
2588 2812 2682 2849 σου
2715 2797 2961 2868 πράξεις,
2987 2797 3054 2860 ἃς
3081 2797 3327 2865 ἐνεδείξω
3350 2801 3462 2863 τοῖς
3501 2796 3697 2870 ἡμετέ-

2127 2903 2240 2958 ροις
2272 2886 2663 2960 προπάτορσιν.
2700 2890 2772 2943 Οὐ
2826 2890 2985 2961 μόνον
3009 2891 3065 2944 δὲ
3091 2890 3153 2944 τὸ
3197 2891 3575 2963 θυσιαστήριον
3601 2906 3694 2943 σου

2125 2976 2407 3042 ἑκύκλουν,
2453 2977 2588 3031 ἀλλά
2627 2979 2723 3032 καὶ
2769 2978 2946 3033 πάντα
2978 2980 3068 3033 τὸν
3098 2975 3245 3035 οἶκόν
3290 2997 3382 3033 σου
3412 2980 3693 3051 ἠγάπησα,

2120 3069 2294 3140 Κύριε
2315 3086 2330 3099 ο
2367 3070 2463 3123 καὶ
2492 3070 2681 3123 τούτου
2723 3070 2957 3141 μάλιστα
2982 3070 3080 3143 τὴν
3105 3071 3436 3143 εὐπρέπειαν
3462 3071 3697 3143 θεωρου-

459 3164 511 3211 et
546 3157 910 3223 sermonibus,
942 3174 1156 3217 necnon
1190 3162 1247 3217 in
1271 3160 1536 3221 divinitus
1567 3165 1784 3222 traditis
1829 3166 2022 3222 lectio-

2127 3161 2293 3234 μένην
2320 3163 2378 3215 ὲν
2402 3161 2652 3215 εὐσεϐέσι
2674 3161 2905 3233 δόγμασι
2928 3164 3022 3216 καὶ
3044 3161 3241 3231 λόγοις,
3274 3161 3331 3216 ἐν
3352 3180 3410 3217 τε
3439 3166 3550 3228 τοῖς
3580 3163 3697 3217 θεο-

459 3249 620 3305 nibus
651 3257 948 3321 spectatur.
982 3250 1155 3309 Decor
1205 3262 1388 3309 autem
1430 3254 1630 3313 domus
1681 3256 1776 3312 Dei
1833 3256 2018 3324 fuerit,

458 3341 898 3398 convenientium
927 3351 1179 3410 ornatus,
1217 3345 1496 3419 inculpata
1533 3347 1665 3416 vita,
1717 3330 2024 3405 muftitudi-

458 3430 542 3486 nis
571 3430 852 3498 honestas,
900 3443 1203 3492 concentus
1254 3443 1309 3491 et
1354 3436 1647 3493 concordia
1687 3454 2022 3495 concurren-

457 3523 614 3579 tium.
634 3521 749 3581 Sed
783 3526 1040 3596 quoniam
1078 3527 1165 3583 vel
1191 3528 1323 3597 ipsae
1352 3528 1549 3585 domus
1576 3531 1755 3597 sedes,
1782 3532 1851 3588 ob
1872 3547 2024 3588 amo-

457 3614 532 3670 ris
562 3630 690 3687 erga
720 3615 890 3673 Deum
916 3619 1310 3689 praestantiam,
1340 3619 1614 3690 religiosis
1642 3623 1839 3678 animis
1871 3638 2026 3679 ama-

457 3703 596 3761 biles
650 3713 801 3772 sunt,
847 3708 1059 3763 etiamsi
1102 3708 1331 3765 diversae
1377 3711 1488 3766 sint
1534 3725 1566 3764 a
1597 3711 1797 3767 tradito
1825 3712 2023 3769 domus

458 3793 553 3849 Dei
584 3796 802 3863 decore,
842 3798 1037 3855 merito
1084 3799 1303 3872 adjecit,
1354 3809 1407 3856 et
1459 3802 1635 3857 locum
1678 3803 2023 3861 habitationis

457 3886 639 3959 gloriae
669 3898 792 3945 tuae.

527 3999 693 4059 Vens.
723 4003 811 4070 ii,
860 4003 948 4060 12.
989 4002 1102 4077 Ego
1146 4017 1323 4063 autem
1368 4008 1425 4063 in
1453 4010 1758 4065 innocentia
1790 4026 1907 4065 mea
1941 4010 2025 4065 in-

456 4108 663 4162 gressus
692 4110 809 4148 sum
849 4110 868 4149 :
911 4096 1110 4152 redime
1137 4114 1240 4166 me,
1271 4097 1517 4166 Domine,
1548 4109 1599 4155 et
1627 4101 1872 4156 miserere
1902 4102 2023 4155 mei.

457 4183 555 4240 Pes
580 4201 723 4241 meus
755 4188 896 4242 stetit
925 4188 981 4242 in
1015 4187 1237 4257 directo,
1265 4190 1320 4245 in
1348 4191 1585 4246 ecclesiis
1621 4191 1921 4248 benediram
1956 4202 2023 4259 te,

456 4275 694 4366 Domine.
730 4279 1184 4352 Quandoquidem
1226 4282 1397 4352 igitur
1427 4298 1535 4353 qua
1578 4297 1837 4341 mensura
1866 4285 2027 4339 meti-

455 4384 597 4435 mur,
625 4372 924 4429 remetietur
951 4374 1125 4437 nobis.
1155 4381 1212 4429 et
1244 4374 1301 4428 in
1327 4389 1437 4444 quo
1455 4373 1667 4444 judicio
1688 4374 2023 4445 iudicamus,

454 4462 510 4517 in
538 4463 1121 4535 eodem'judicabimur
1145 4465 1228 4532 ³⁹;
1258 4464 1383 4520 ideo
1422 4464 1736 4536 frequenter
1760 4467 2026 4523 innocen-

2124 3252 2411 3317 πνεύστοις
2434 3251 2874 3323 ἀναγνώσμασιν.
2899 3252 3216 3325 Εὺπρέπεια
3237 3252 3293 3306 δὲ
3320 3252 3403 3324 εἴη
3426 3253 3520 3307 τοῦ
3546 3254 3694 3308 οἴκου

2122 3343 2216 3398 τοῦ
2241 3344 2376 3399 Θεοῦ
2411 3345 2505 3398 καὶ
2525 3346 2555 3398 ό
2574 3345 2683 3398 τῶν
2710 3345 3114 3416 συνερχομένων
3135 3345 3357 3416 κόσμος,
3392 3345 3421 3398 ὃ
3445 3363 3503 3399 τε
3532 3344 3645 3415 βίος
3665 3346 3696 3399 ό

2124 3435 2490 3506 ἀνεπίληπτος
2513 3435 2608 3489 καὶ
2634 3435 2695 3489 τὸ
2726 3435 2950 3507 κόσμιον
2977 3436 3072 3490 τοῦ
3099 3436 3354 3508 πλήθους,
3379 3437 3476 3490 καὶ
3505 3439 3538 3509 ἠ
3563 3439 3695 3507 ὀμο-

2123 3526 2366 3599 φροσύνη
2421 3526 2532 3582 τῶν
2574 3529 2998 3601 συνερχομένων.
3056 3528 3192 3583 Ἀλλ’
3249 3529 3369 3582 ἐπεὶ
3422 3529 3516 3582 καὶ
3565 3529 3697 3582 αὐτὸ

2124 3622 2320 3692 ἔδαφος
2351 3622 2417 3675 δι’
2443 3622 2747 3696 ὑπερϐολὴν
2772 3624 2873 3696 τῆς
2901 3624 3035 3695 πρὸς
3061 3623 3194 3677 Θεὸν
3226 3623 3446 3694 ἀγάπης
3477 3623 3697 3693 ἀγαπη-

2123 3711 2216 3766 τὸν
2238 3711 2493 3782 τυγχάνει
2513 3712 2632 3776 ταῖς
2665 3711 2929 3780 φιλοθέοις
2965 3711 3184 3783 ψυχαῖς,
3210 3711 3395 3782 ἕτερον
3439 3709 3499 3763 δν
3545 3705 3698 3779 παρὰ

2123 3803 2222 3877 τὴν
2253 3803 2602 3858 ἀποδοθεῖσαν
2625 3804 2755 3875 ἡμῖν
2778 3805 3103 3877 εὐπρέπειαν
3125 3802 3218 3856 τοῦ
3241 3803 3393 3858 οἴκου
3414 3801 3508 3855 τοῦ
3535 3799 3695 3864 Θεοῦ,

2125 3893 2347 3960 εἰκότως
2365 3894 2623 3965 ἐπιλέγει·
2645 3895 2755 3951 Καὶ
2770 3896 2956 3950 τόπον
2964 3894 3345 3964 σκηνώματος
3359 3891 3542 3959 δόξης
3556 3905 3694 3943 σου.

2211 4007 2355 4077 Ἐγὼ
2388 4006 2456 4061 δὲ
2494 4007 2563 4063 ἐν
2591 4009 2809 4076 ἀκακία
2843 4026 2963 4079 μου
3003 4007 3365 4075 ἐπορεύθην·
3395 4001 3699 4070 λύτρωσαι

2123 4118 2218 4171 με,
2253 4101 2451 4169 Κύριε,
2479 4100 2577 4155 καὶ
2608 4100 2867 4167 ἐλέησόν
2896 4114 2993 4168 με.
3037 4098 3091 4149 '0
3125 4094 3279 4159 ποῦς
3301 4108 3420 4163 μου
3449 4092 3597 4158 ἔστη
3629 4092 3699 4145 ἐν

2126 4194 2424 4263 εὐθύτητι,
2476 4192 2547 4245 ἐν
2588 4190 2942 4257 ἐκκλησίαις
2984 4184 3301 4255 εὐλογήσω
3345 4198 3442 4247 σε,
3498 4185 3694 4252 Κύριε.

2138 4286 2292 4343 Ἐπεὶ
2315 4286 2495 4339 τοίνυν
2531 4277 2575 4351 ᾧ
2609 4282 2790 4353 μέτρῳ
2816 4267 3699 4346 μετροῦμνὰντιμετρηθήσεται

2130 4372 2291 4443 ἡμῖν,
2318 4372 2411 4427 καὶ
2455 4373 2513 4424 ὲν
2551 4364 2596 4438 ᾧ
2628 4368 2854 4441 κρίματι
2883 4365 3161 4435 κρίνομεν,
3190 4362 3585 4435 κριθησόμεθα,
3610 4360 3700 4415 διά

2126 4463 2283 4519 τοῦτο
2328 4460 2565 4533 συνεχῶς
2605 4462 2704 4531 τὴν
2746 4457 2979 4513 ἀκακίαν
3022 4456 3401 4531 προϐάλλεται,
3454 4455 3699 4509 τουτέστι

453 4552 583 4607 tiam
615 4555 888 4625 proponit,
920 4554 975 4610 id
1000 4562 1107 4619 est,
1139 4554 1409 4608 malorum
1437 4553 1789 4620 oblivionem,
1815 4562 1871 4611 et
1887 4557 2024 4612 tole-

2130 4558 2227 4629 τὴν
2254 4554 2557 4627 ἀμνηστίαν
2593 4551 2801 4618 κακῶν,
2844 4551 2939 4605 καὶ
2968 4549 3067 4622 τὴν
3098 4549 3233 4622 πρὸς
3272 4550 3398 4612 τοὺς
3430 4550 3511 4613 είς
3538 4548 3699 4603 αὐτὸν

455 4646 689 4701 rautiam
735 4646 1328 4717 mansuetudinemque
1358 4661 1485 4719 erga
1517 4662 1614 4703 eos
1645 4649 1739 4719 qui
1795 4648 1849 4702 in
1916 4648 2027 4705 sei-

454 4751 612 4806 psum
647 4746 1044 4809 peccaverant,
1104 4745 1166 4793 ut
1189 4753 1373 4808 parem
1410 4747 1465 4793 ct
1509 4739 1627 4809 ipse
1657 4754 1757 4810 pro
1786 4738 2025 4797 admisso

454 4836 638 4881 errato
670 4826 1061 4899 indulgentiam
1113 4826 1209 4882 Dei
1264 4830 1640 4884 nanciscatur.
1696 4828 1788 4884 Sic
1828 4845 2023 4900 preca-

454 4927 569 4981 tus,
616 4916 804 4972 divino
853 4920 1029 4975 sancti
1062 4928 1121 4976 et
1171 4919 1475 4991 prophetici
1516 4918 1754 4992 Spiritus
1798 4923 2025 4979 numine

454 5008 690 5075 amatus,
734 5011 809 5064 ita
859 5013 1053 5085 pergit,
1085 5028 1176 5083 pes
1204 5029 1347 5068 meus
1386 5016 1530 5070 stetit
1571 5017 1628 5070 in
1662 5016 1862 5072 directo
1903 5034 1922 5071 :
1970 5018 2026 5072 in

453 5102 684 5159 ecclesiis
715 5102 1014 5161 benedicam
1038 5116 1108 5170 te,
1132 5105 1375 5162 Domine.
1398 5106 1745 5165 Vaticinatur
1765 5110 1911 5166 enim
1941 5126 2022 5176 se,

454 5195 556 5251 etsi
616 5195 848 5266 pedibus
905 5213 1301 5269 nonnunquam
1352 5202 1709 5267 vacillaverit,
1742 5217 1808 5258 ac
1841 5210 2025 5260 motus

455 5302 861 5360 succussusque
896 5289 1083 5354 fuerit,
1107 5306 1386 5362 nunquam
1417 5295 1599 5348 ta’men
1628 5293 1683 5348 in
1719 5293 1805 5350 his
1835 5294 2025 5364 lapsu-

455 5392 597 5449 rum,
648 5378 743 5434 sed
774 5382 1138 5437 constitutum
1188 5384 1241 5436 in
1276 5382 1510 5448 directo,
1559 5392 1723 5454 atque
1773 5383 2021 5438 futurum

455 5484 577 5525 esse
603 5477 662 5524 ut
686 5469 741 5523 in
771 5472 1020 5528 ecclesiis
1041 5473 1324 5530 benedicat
1353 5473 1617 5541 Domino;
1648 5474 1739 5531 his
1767 5489 2025 5546 praenun-

456 5560 595 5617 tians
644 5560 884 5618 futuram
935 5565 1024 5621 sui
1076 5567 1133 5623 in
1183 5567 1431 5624 ecclesiis
1481 5567 1577 5623 Dei
1632 5568 1953 5624 memoriam
2006 5587 2019 5621 :

525 5767 571 5799 ³⁹
610 5767 798 5825 Matth.
830 5785 906 5825 vn
927 5811 945 5840 ,
974 5770 1031 5826 2.

2126 4648 2513 4722 ἡμαρτηκότας
2540 4644 2887 4712 ἀνεξικακίαν
2905 4661 2920 4675 ·
2954 4643 3029 4708 ὡς
3050 4643 3115 4697 ἂν
3143 4644 3235 4696 καὶ
3257 4643 3416 4707 αὐτὸς
3448 4643 3547 4713 τῆς
3579 4644 3700 4713 ῐσης

2128 4745 2279 4817 παρά
2303 4744 2399 4798 τοῦ
2444 4743 2578 4797 Θεοῦ
2605 4742 2756 4813 τύχοι
2782 4742 3084 4814 ἀμνηστίας
3113 4742 3205 4795 ἐπὶ
3228 4739 3306 4812 τῷ
3336 4740 3703 4812 συμδεῦηκότι

2127 4836 2275 4908 αὐτῷ
2310 4836 2601 4907 σφάλματι.
2631 4834 2741 4888 Καὶ
2780 4833 2950 4888 ταῦτα
2985 4832 3267 4896 ἱκετεύσας
3300 4831 3596 4897 ὲπιθειάξει
3624 4832 3704 4903 τῷ

2127 4926 2269 4997 ἁγίῳ
2300 4925 2395 4979 καὶ
2421 4921 2744 4995 προφητικῷ
2761 4921 3039 4993 Πνεύματι
3073 4918 3247 4988 λέγων
3271 4918 3395 4990 ἑξῆς
3412 4934 3426 4949 ·
3469 4919 3522 4971 Ὀ
3548 4918 3704 4984 ποῦς

2127 5035 2246 5087 μου
2274 5017 2423 5085 ἔστη
2458 5016 2529 5070 ἐν
2562 5016 2856 5083 εὐθύτητι,
2901 5014 2973 5067 ἐν
2999 5011 3353 5079 ἐκκλησίαις
3390 5006 3706 5077 εὐλογήσω

2131 5124 2228 5173 σε,
2266 5110 2461 5176 Κύριε.
2494 5105 2834 5179 Προφητεύει
2874 5103 3006 5175 γὰρ,
3044 5103 3148 5165 ὅτι,
3177 5103 3226 5154 εί
3255 5101 3350 5155 καί
3383 5116 3514 5154 ποτε
3544 5099 3705 5167 γέγο-

2130 5218 2219 5254 νεν
2244 5203 2303 5255 ὲν
2334 5203 2448 5263 τοῖς
2484 5200 2641 5255 ποσὶν
2675 5196 2841 5251 αὐτοῦ
2876 5194 3038 5257 σάλος
3069 5193 3163 5246 καὶ
3193 5191 3379 5254 κλόνος
3415 5189 3511 5243 καὶ
3553 5188 3705 5259 κίνη-

2132 5310 2251 5358 σις’
2294 5290 2409 5345 ἀλλ’
2440 5290 2500 5343 οὐ
2544 5291 2793 5342 πεσεῖται
2835 5286 2928 5339 ἐπὶ
2970 5283 3201 5347 τούτοις,
3253 5281 3510 5351 στήσεται
3553 5277 3612 5331 δὲ
3648 5281 3706 5331 ὲν

2131 5385 2403 5455 εὐθύτητι,
2450 5381 2658 5454 μέλλων
2702 5382 2761 5433 ὲν
2794 5375 3112 5448 ἐκκλησίαις
3145 5375 3383 5441 εὐλογεῖν
3423 5370 3515 5424 τὸν
3551 5370 3705 5433 Θεὸν,

2129 5477 2227 5548 τὴν
2257 5474 2346 5529 διὰ
2376 5472 2565 5528 πασῶν
2590 5471 2699 5525 τῶν
2722 5469 3027 5542 ἐκκλησιῶν
3055 5467 3150 5522 τοῦ
3171 5465 3309 5520 Θεοῦ
3345 5467 3562 5535 μνήμην
3583 5461 3709 5514 ἑαυ-

2129 5566 2224 5622 τοῦ
2256 5566 2721 5639 προαναφωνήσας
2746 5580 2759 5593 ο
2802 5564 2882 5627 είς
2907 5561 2989 5615 ἔτι
3014 5558 3144 5630 γοῦν
3174 5558 3269 5611 καὶ⁵
3310 5557 3549 5627 σήμερον
3585 5549 3706 5606 καθ’
