4100 6382
441 382 544 439 231

1556 365 2055 426 COMMENTARIA
2090 362 2157 419 ΙΝ
2191 356 2526 417 PSALMOS.

3577 346 3683 403 258

443 497 572 570 ὅλης
600 496 698 568 τῆς
741 491 1061 564 οἰκουμένης
1103 489 1161 543 ἐν
1192 489 1310 552 ταῖς
1357 486 1593 559 Χριστοῦ
1632 484 1948 557 ἐκκλησίαις
1988 486 2018 538 6

2137 494 2243 536 iam
2298 478 2368 532 ad
2419 472 2747 529 hodiernum
2808 482 2981 538 usque
3042 465 3178 521 diem
3238 479 3332 535 per
3371 462 3680 519 universam

447 583 608 644 ΔαυἜὸ
631 585 838 655 εὐλογεῖ
858 583 947 637 τὸν
982 581 1206 654 Κύριον.

975 795 1061 847 'ro
1096 793 1295 847 AAYIA
1338 791 1483 859 και.

516 890 730 958 Κύριος
773 887 1075 958 φωτισμός
1120 903 1261 955 μου,
1311 882 1410 936 καὶ
1458 881 1656 949 σωτήρ
1704 896 1845 949 μου,
1882 878 2015 931 τίνα

341 996 347 1001 '
444 979 895 1050 φοϐηθήσομαις
938 978 1156 1045 Κύριος
1204 972 1664 1043 ὑπερασπιστὴς
1709 969 1821 1039 τῆς
1869 967 2016 1035 ζωῆς

444 1089 580 1141 μου,
609 1071 729 1127 ἀπὸ
768 1070 933 1136 τίνος
975 1065 1291 1131 (Sedratyra;
1321 1066 1432 1120 Καὶ
1470 1065 1559 1119 διὰ
1589 1062 1745 1117 τοῦτο
1791 1062 1844 1116 τί
1876 1061 2017 1114 διδά-

448 1180 569 1220 σκει
592 1163 654 1217 τὸ
686 1160 912 1233 Πνεῦμα
933 1162 993 1215 τὸ
1018 1157 1390 1232 προφητικόνς
1420 1158 1608 1221 Ὅπως
1640 1154 1904 1227 προσήκει
1928 1151 2020 1204 τὸν

444 1253 524 1325 τῷ
569 1253 689 1326 θεῷ
738 1252 1096 1324 ἀνακείμενον
1138 1249 1477 1322 εὐχαριστεῖν
1519 1245 1686 1317 αὐτῷ,
1720 1245 1814 1300 καὶ
1862 1244 2020 1297 ὁποῖα

447 1342 601 1416 παρὰ
636 1343 730 1397 τοῦ
764 1342 897 1398 Θεοῦ
945 1343 1136 1396 αἰτεῖν.
1179 1340 1428 1412 Περιέχει
1465 1339 1522 1393 δέ
1546 1339 1575 1391 ό
1612 1337 1767 1406 λόγος
1799 1337 2012 1406 εὐχαρι-

450 1435 621 1491 στίαν.
657 1434 894 1499 Εἰκότως
934 1435 1112 1489 τοίνυν
1139 1431 1264 1487 οῦτε
1304 1431 1536 1503 ψαλμδς,
1566 1430 1689 1484 οῦτε
1720 1429 1851 1501 ᾠδὴ,
1894 1425 2017 1480 οὔτε

447 1545 499 1582 τι
531 1527 640 1582 τῶν
683 1526 1077 1599 παραπλησίων
1120 1526 1553 1596 ἐπιγέγραπται·
1597 1522 1811 1591 Κύριος
1843 1534 2017 1589 φωτι-

447 1621 603 1691 σμός
628 1636 749 1689 μου
777 1618 874 1672 καὶ
911 1616 1110 1685 σωτήρ
1136 1635 1277 1686 μου,
1309 1616 1446 1669 τίνα
1470 1613 1917 1684 φοϐηθήσομαι;
1960 1608 2019 1661 Ὀ

451 1711 550 1782 μέν
593 1710 693 1782 τὴν
722 1708 897 1780 ψυχὴν
940 1709 999 1762 ἐν
1047 1709 1203 1762 νυκτὶ
1234 1707 1330 1760 καὶ
1368 1707 1543 1776 σκότῳ
1587 1702 2018 1773 καλινδούμενος,

448 1801 548 1856 οὒκ
569 1802 724 1868 εἰδὼς
755 1803 877 1857 ὅποι
911 1800 1139 1872 φέρεται
1172 1801 1267 1853 καὶ
1291 1800 1439 1861 ὅπως
1465 1797 1819 1869 προσκόπτει,
1854 1794 2021 1866 μυρία

450 1893 597 1948 κακὰ
635 1893 1020 1965 φοϐηθήσεται,
1065 1892 1141 1956 ὡς
1178 1891 1244 1945 ἂν
1285 1891 1560 1954 παντελῶς
1609 1886 2022 1958 ἐπισπώμενος-ο

452 1983 574 2037 ὅθεν
599 1983 773 2069 πάντα
815 1982 978 2053 φόϐον
1018 1982 1336 2053 ὑπιδόμενος
1373 1981 1771 2052 καταπτήσσει.
1802 1979 1896 2033 καὶ
1929 1978 2028 2049 τῆς

453 2074 534 2139 είς
556 2072 646 2128 τὸν
670 2073 803 2128 Θεὸν
826 2074 1114 2145 ὁμολογίας
1138 2073 1358 2141 ἔξαρνος
1377 2073 1601 2142 γίνεται.
1632 2072 1691 2125 '0
1712 2070 1770 2124 δὲ
1795 2070 1896 2140 τῆς
1923 2069 2021 2139 ψυα

454 2165 558 2237 χῆς
580 2166 706 2229 τοὺς
737 2165 1049 2236 ὀφθαλμοὺς
1073 2164 1179 2218 ὑπὸ
1208 2165 1306 2235 τῆς
1329 2163 1533 2235 Κυρίου
1563 2161 1883 2232 ἐλλάμψεως
1917 2177 2030 2229 φω-

453 2258 660 2324 τισθεὶς
691 2258 907 2331 πρῶτον
950 2260 1048 2329 μὲν
1076 2259 1328 2313 ἁπάντων
1371 2255 1532 2309 αὐτὸν
1569 2254 1660 2308 τὸν
1692 2252 1857 2307 αὑτοῦ
1898 2250 2031 2323 πρό-

457 2368 628 2423 μαχον
654 2352 749 2406 καὶ
772 2352 995 2423 σωτῆρα
1021 2350 1217 2414 ὁπόσος
1237 2350 1322 2412 τίς
1356 2350 1470 2401 ἐστι
1495 2347 1720 2417 θεωρεϊ’
1760 2340 1858 2397 εἴτ’
1884 2342 2029 2414 ἔργῳ

455 2442 807 2514 παραλαϐὼν,
829 2442 906 2507 ὡς
931 2443 960 2495 6
988 2440 1096 2495 τῶν
1113 2440 1370 2496 ἁπάντων
1393 2437 1659 2507 δεσπότης
1687 2436 1782 2489 καὶ
1801 2431 2026 2507 Κύριος,

456 2533 646 2605 θυρεὸς
683 2533 848 2588 αὐτοῦ
894 2533 991 2588 καὶ
1029 2532 1191 2586 ὅπλον
1232 2531 1443 2602 ἄμαχον
1475 2529 1569 2584 καὶ
1618 2527 2032 2600 ὑπερασπιστὴς

455 2625 812 2698 καθέστηκεν,
847 2626 1091 2697 ἀτρεμὴς
1133 2624 1362 2693 γίνεται,
1406 2623 1501 2676 καὶ
1542 2621 1637 2675 ἆτε
1674 2616 1801 2684 τοὺς
1832 2618 2032 2689 ὀφθαλ-

464 2716 597 2787 μοὺς
621 2717 719 2787 τῆς
743 2716 918 2787 ψυχῆς
951 2717 1208 2786 ἀτρεμεῖς
1234 2712 1393 2784 ἔχων,
1435 2714 1533 2765 καὶ
1565 2709 2030 2781 πεφωτισμένους,

462 2806 670 2870 πάντας
690 2807 818 2871 τοὺς
841 2805 1034 2860 ἐαυτοῦ
1061 2805 1309 2876 ἐχθροὺς,
1337 2803 1446 2857 εἴτε
1465 2803 1590 2867 τοὺς
1612 2803 1703 2856 τὸν
1728 2801 1861 2855 Θεὸν
1883 2801 2036 2870 ἀγνο-

460 2897 654 2960 οῦντας
693 2896 1029 2968 ἀνθρώπους,
1061 2895 1173 2950 εἴτε
1220 2894 1321 2958 τὰς
1351 2894 1616 2967 άοράτους
1656 2894 1751 2948 καὶ
1792 2891 2035 2964 πονηράς

461 2988 738 3058 δυνάμεις,
778 2989 1019 3060 ἐρήμους
1056 2989 1160 3061 ὁρᾷ
1197 2987 1293 3041 τοῦ
1339 2986 1596 3041 τοσούτου
1644 2985 1889 3058 σωτῆρος
1940 2983 2036 3038 καὶ

465 3073 680 3146 βοηθοῦ,
708 3074 805 3129 καὶ
835 3076 910 3139 ὡς
943 3076 1046 3147 ἤδη
1079 3076 1437 3139 πεπτωκότας
1472 3075 1667 3148 θεωρεῖ
1687 3092 1702 3105 ⁸
1736 3074 1817 3128 διὸ
1854 3074 2035 3144 πάσης

2115 577 2320 626 terram
2375 566 2431 620 in
2476 561 2722 620 ecclesiis
2768 558 2975 614 Christi
3036 555 3206 611 David
3255 553 3526 609 benedici:
3572 550 3685 607 Do-

2118 662 2287 717 mino.

2675 768 2885 826 DAVID
2910 765 3105 822 XXVI.

2192 868 2361 924 Vsus.
2398 868 2452 930 1,
2481 865 2536 920 9..
2577 863 2837 919 Dominus
2867 857 3189 914 illuminatio
3216 869 3353 915 mea,
3382 860 3431 907 et
3455 851 3688 906 salvator

2122 979 2288 1022 meus.
2309 976 2459 1031 quem
2484 957 2714 1011 timebo?
2753 953 3009 1008 Dominus
3036 957 3298 1018 protector
3327 946 3448 1000 vita,
3479 959 3626 1001 mere.
3657 958 3690 994 a

2120 1071 2221 1126 quo
2246 1049 2555 1120 trepidabo?
2586 1046 2685 1103 His
2715 1059 2879 1116 porro
2906 1041 3040 1113 quid
3073 1038 3310 1110 Spiritus
3340 1034 3690 1106 prOpheticus

2119 1148 2316 1203 docet?
2347 1144 2633 1212 Quomodo
2660 1146 2909 1212 oporteat
2943 1137 3218 1193 hominem
3267 1134 3379 1189 Deo
3415 1130 3690 1185 addictum

2122 1239 2225 1309 ipsi
2265 1238 2470 1309 gratias
2524 1250 2709 1307 agere,
2738 1242 2793 1288 et
2822 1231 3002 1303 qualia
3030 1245 3127 1301 par
3155 1227 3227 1283 sit
3254 1227 3323 1281 ab
3352 1225 3472 1296 ipso
3504 1229 3695 1294 postu-

2122 1332 2255 1385 iare.
2288 1329 2389 1385 ilic
2416 1343 2547 1384 sane
2576 1340 2758 1382 sermo
2786 1323 3083 1395 gratiarum
3120 1320 3388 1375 actionem
3429 1314 3692 1371 continet.

2123 1422 2304 1489 Quare
2326 1421 2449 1491 jure
2472 1432 2536 1473 ac
2577 1416 2775 1473 merito
2802 1430 2979 1485 neque
3003 1412 3250 1484 psalmus
3268 1451 3284 1475 ,
3314 1424 3492 1480 neque
3518 1405 3696 1462 canti—

2123 1530 2271 1578 cum,
2296 1528 2472 1584 neque
2498 1510 2776 1583 quidpiam
2820 1508 2998 1564 simile
3046 1502 3366 1561 inscribitur
3398 1520 3411 1556 :
3438 1499 3696 1555 Dominus

2124 1605 2446 1661 illuminatio
2475 1619 2592 1658 mea
2642 1610 2692 1657 et
2747 1600 2984 1656 salvator
3031 1613 3211 1658 meus,
3261 1610 3413 1666 quem
3467 1589 3699 1645 timebo?

2126 1699 2229 1767 Qui
2252 1700 2306 1753 in
2326 1705 2485 1752 nocte
2512 1709 2577 1749 ac
2614 1693 2859 1749 tenebris
2903 1690 3087 1745 animo
3108 1688 3385 1743 volutatur
3413 1724 3429 1748 ,
3479 1682 3700 1739 nescius

2130 1803 2239 1860 quo
2262 1790 2487 1852 feratur,
2513 1784 2656 1841 etin
2705 1780 2850 1852 quod
2889 1779 3190 1850 impingat,
3250 1784 3507 1832 Sescenta
3558 1772 3702 1828 maia

2133 1878 2489 1953 pertimescit,
2519 1882 2709 1948 utpote
2739 1873 2833 1945 qui
2867 1871 2975 1926 huc
3006 1870 3136 1925 illuc
3160 1868 3378 1940 penitus
3409 1866 3700 1933 trahatur;

2128 1988 2298 2045 quare
2350 1971 2562 2026 nullum
2615 1983 2727 2023 non
2783 1962 3088 2019 formidinis
3143 1975 3316 2033 genus
3367 1959 3700 2030 suspicatus,

2127 2061 2489 2123 exhorrescit,
2518 2066 2683 2129 atque
2735 2054 3137 2112 confessionem
3185 2050 3295 2107 Deo
3348 2050 3598 2121 abnegat.
3633 2047 3706 2103 At

2128 2154 2223 2225 qui
2257 2151 2456 2208 mentis
2485 2149 2661 2205 oculis
2693 2163 2724 2202 a
2750 2145 2965 2201 Domini
3009 2143 3299 2216 splendore
3332 2142 3701 2204 iiiuminatur,

2131 2242 2309 2314 primo
2340 2241 2561 2312 quidem
2591 2253 2656 2293 ae
2687 2252 2799 2307 pne
2842 2237 3098 2292 omnibus
3144 2240 3600 2306 propugnatorem
3642 2246 3707 2286 ac

2132 2337 2476 2394 Servatorem
2509 2348 2670 2391 suum
2693 2372 2710 2398 ,
2765 2338 3007 2402 quantus
3034 2328 3284 2385 videlicet
3321 2328 3430 2394 sit,
3461 2336 3708 2381 contem—

2133 2412 2365 2503 platur;v
2394 2426 2592 2483 deinde
2621 2439 2753 2481 vero
2786 2433 3075 2494 postquam
3129 2421 3213 2478 vel
3243 2435 3308 2476 ex
3354 2418 3490 2489 ipsis
3535 2416 3706 2486 gestis

2132 2522 2299 2577 rebus
2331 2518 2598 2580 edidicit,
2644 2515 3027 2571 universorum
3077 2511 3366 2568 Dominum
3412 2518 3468 2565 et
3519 2515 3708 2580 patro.

2131 2628 2287 2675 num,
2318 2610 2570 2682 clypeum
2601 2606 2733 2673 sibi,
2779 2614 3111 2661 armaturam
3146 2600 3618 2674 inexpugnabilem
3641 2611 3710 2656 ac

2133 2712 2498 2776 protectorem
2527 2714 2683 2766 esse;
2712 2704 2848 2753 tunc
2897 2696 3211 2753 formidinis
3252 2709 3484 2765 expers,
3515 2707 3581 2748 ac
3618 2696 3710 2747 ut-

2135 2805 2264 2869 pote
2313 2793 2512 2850 mentis
2538 2791 2727 2847 oculos
2778 2788 3082 2859 intrepidos
3136 2787 3580 2855 illuminatosque
3608 2784 3709 2838 ha-

2134 2889 2294 2947 bens.
2328 2899 2518 2941 omnes
2549 2882 2802 2938 inimicos
2857 2894 3023 2945 suos,
3071 2879 3187 2934 sive
3238 2875 3490 2931 homines
3536 2873 3707 2929 Deum

2136 2979 2472 3050 ignorantes,
2511 2976 2625 3031 sive
2654 2973 2956 3029 invisibiles
2988 2971 3361 3042 malignasque
3390 2975 3708 3039 potestates,

2138 3068 2453 3140 huiusmodi
2481 3074 2760 3124 servatore
2810 3065 3165 3135 adjutoreque
3213 3076 3439 3124 vacuos,
3471 3060 3707 3130 aspicit,

461 3166 642 3222 αὐτῶν
688 3166 799 3237 τῆς»
826 3166 1118 3239 ἐπιϐουλῆς
1156 3166 1431 3239 καταγελᾷ
1462 3165 1678 3239 θαρσῶν
1720 3164 1797 3238 τῷ
1842 3165 2035 3220 ἐαυτοῦ

2140 3174 2194 3219 et
2221 3161 2379 3234 quasi
2399 3161 2512 3231 jam
2536 3160 2721 3229 lapsos
2751 3158 3027 3220 intuetur;
3061 3169 3233 3226 quare
3274 3151 3548 3208 defensori
3579 3167 3713 3206 con-

462 3257 765 3330 ὑπερμάχῳ
789 3274 805 3289 ο
849 3256 930 3311 διό
983 3273 1178 3329 φησιν’
1220 3258 1284 3310 Et
1325 3257 1424 3329 μὲν
1465 3258 1538 3329 μή
1578 3273 1669 3328 μοι
1709 3259 1738 3311 6
1783 3255 2037 3320 τοσοῦτος

462 3349 647 3421 παρῆν
698 3348 911 3421 βοηθὸς,
956 3349 1208 3418 φωτίζων
1259 3366 1360 3421 μου
1395 3349 1496 3421 τὴν
1526 3348 1702 3421 ψυχὴν
1733 3350 1829 3404 xui.
1868 3350 2039 3421 ὑπερ-

462 3438 708 3505 ασπίζων
745 3457 847 3512 μου
869 3440 966 3512 τῆς
980 3439 1148 3511 ζωῆς,
1175 3440 1399 3505 εἰκότως
1413 3441 1688 3514 ἐφοϐήθην
1703 3441 1769 3495 ἂν
1795 3440 1904 3509 τὰς
1933 3442 2038 3509 ἀρ-

463 3530 578 3600 χὰς
621 3531 722 3587 καὶ
765 3532 876 3600 τὰς
911 3531 1200 3601 ἐξουσίας
1236 3533 1336 3588 καί
1372 3533 1516 3601 τοὺς
1556 3533 2039 3603 κοσμοκράτορας

463 3621 571 3675 τοῦ
620 3622 883 3688 σκότους
934 3623 1171 3687 τούτου,
1235 3623 1333 3677 καὶ
1386 3623 1460 3678 τὰ
1508 3624 1880 3695 πνευματικὰ
1927 3623 2040 3691 τῆς

464 3713 777 3779 πονηρίας,
815 3711 942 3776 τούς
983 3731 1043 3766 τε
1086 3713 1192 3766 ὑπὸ
1224 3713 1430 3768 τούτων
1466 3716 1911 3788 ἐνεργουμένους,
1946 3717 2042 3770 καὶ

465 3803 606 3857 κατὰ
626 3802 736 3856 τῶν
758 3803 855 3857 τοῦ
874 3804 1014 3858 Θεοῦ
1044 3804 1291 3875 ἀθλητῶν
1315 3806 1798 3878 ἐπανισταμένους.
1846 3809 2043 3862 Ἱκανοὶ

464 3895 575 3968 γὰρ
604 3890 744 3967 ἦσαν
770 3887 916 3949 οῦτοι
951 3895 1249 3969 θορυϐῆσαι
1278 3896 1377 3968 τὴν
1400 3897 1579 3968 ψυχήν
1616 3915 1717 3969 μου
1750 3899 1824 3971 μὴ
1854 3916 2044 3968 πεφω-

463 3986 725 4058 τισμένην
748 4003 762 4018 ·
799 3987 922 4041 ἐπεὶ
944 3986 1002 4040 δέ
1025 3987 1186 4052 αὐτὸς
1216 3990 1245 4041 ὀ
1271 3988 1380 4042 τῶν
1410 3988 1547 4043 ὅλων
1572 3990 1862 4062 δεσπότης,
1894 3993 1922 4044 6
1949 3990 2042 4045 τοῦ

463 4079 600 4133 Θεοῦ
620 4080 769 4145 Υίὸς,
798 4078 1076 4151 φωτισμδς
1102 4081 1377 4151 τυγχάνει,
1402 4082 1431 4134 ό
1463 4081 1625 4145 αὐτὸς
1650 4082 1706 4135 δὲ
1744 4083 1836 4136 καὶ
1861 4084 2044 4155 σωτήρ

471 4190 570 4243 μου
608 4172 777 4237 ἐστὶν,
805 4170 1031 4235 εἰκότως
1057 4172 1286 4242 φήσαιμ’
1312 4170 1397 4237 ἄν,
1434 4172 1574 4227 Τίνα
1599 4172 2046 4242 φοϐηθήσομαι;

468 4263 671 4318 Οὐδένα
713 4263 822 4336 γὰρ
863 4264 1338 4335 ἐπιστραφήσομαι
1367 4261 1477 4317 τῶν
1498 4263 1767 4317 τοσούτων
1814 4264 2044 4336 ἐχθρῶν,

467 4356 589 4410 οὐδὲ
637 4354 744 4409 ἀπό
785 4372 927 4419 τινος
957 4354 1161 4409 τούτων
1191 4355 1465 4419 δειλιάσω,
1515 4354 1731 4428 θαρσῶν
1769 4356 1847 4428 τῷ
1880 4358 2050 4431 ὑπερ-

468 4444 709 4515 ασπιστῇ
738 4444 837 4514 τῆς
873 4441 1020 4515 ζωῆς
1052 4460 1175 4515 μου.
1213 4443 1394 4497 ’Πάλιν
1425 4444 1470 4496 δ’
1498 4444 1734 4499 ἐνταῦθα
1761 4447 2044 4518 τηρήσεις,

468 4535 541 4600 ὡς
594 4534 677 4598 τὺ,
728 4534 931 4603 Σωτήρ
972 4553 1112 4604 μου,
1170 4536 1229 4589 ἐν
1282 4535 1362 4607 τῷ
1416 4535 1707 4608 Ἐϐραῖκῷ,
1760 4539 1822 4593 τὸ
1874 4540 2047 4611 ὄνομα

471 4626 560 4680 τοῦ
592 4626 846 4699 Σωτῆρος
866 4625 1024 4699 ἡμῶν
1055 4626 1228 4697 Ἰησοῦ
1250 4628 1487 4698 Χριστοῦ
1521 4629 1704 4695 αὐτοῖς
1730 4632 2047 4704 χαρακτῆρ-

470 4740 554 4775 σιν
595 4721 902 4796 Ἕϐραῖκοῖς
943 4721 1207 4793 περιέχει,
1240 4723 1298 4776 ἐν
1339 4717 1421 4788 οἷς
1464 4722 1531 4777 ἄν
1561 4735 1644 4781 τις
1674 4719 1779 4788 ,τὸν
1811 4722 2049 4792 Ἰησοῦν

470 4814 748 4887 γράψειεν.

549 4907 608 4964 ’0
637 4907 695 4960 δὲ
730 4905 903 4962 ταῦτα
942 4906 1115 4976 λέγων
1150 4906 1388 4961 διδάσκει
1424 4886 1609 4961 όποίου
1643 4907 1926 4982 πειραθεὶς
1950 4907 2047 4961 τοῦ

470 4999 662 5055 ἐαυτοῦ
699 5000 961 5073 σωτῆρος,
993 4999 1096 5070 τῆς
1128 4998 1237 5053 τῶν
1261 4997 1354 5069 ἐχο
1365 4999 1470 5068 ρῶν
1496 5000 1785 5072 ἐπιϐουλῆς
1810 5000 2044 5069 κατεγέι-

471 5101 628 5147 λασε·
655 5090 738 5146 διό
769 5108 932 5161 φησιν
955 5108 969 5122 ’
1007 5093 1110 5146 Ἑν
1137 5091 1220 5157 τῷ
1245 5091 1493 5162 ἐγγίζειν
1519 5093 1614 5147 ἐπ’
1645 5092 1752 5159 ἐμὲ
1791 5093 2048 5148 κακοῦν·-

473 5202 598 5250 rae,
638 5182 744 5238 τοῦ
786 5183 998 5252 φαγεῖν
1037 5185 1145 5251 τὰς
1189 5184 1423 5253 σάρκας
1467 5204 1608 5255 μου,
1649 5188 1702 5239 οἱ
1742 5186 2049 5253 θλίϐοντες

471 5275 571 5329 καὶ
604 5276 660 5329 οἱ
699 5274 904 5344 ἐχθροί
918 5291 1059 5343 μου,
1084 5276 1254 5329 αὐτοὶ
1276 5274 1630 5344 ἠσθένησαν
1668 5275 1768 5328 καὶ
1798 5276 2047 5330 ἔπεσαν.

472 5368 533 5420 Οἱ
570 5367 668 5439 μὲν
696 5365 920 5421 ἐπίεσάν
956 5384 1045 5437 μοι
1071 5367 1275 5438 θηρίων
1301 5366 1609 5421 ἁτιθάσσων
1636 5366 1812 5437 δίκην,
1861 5384 2053 5438 μονον-

473 5457 593 5528 ουχὶ
625 5460 908 5512 καταπιεῖν
956 5474 1024 5527 με
1063 5456 1373 5530 βουλόμενοι
1402 5460 1494 5514 καὶ
1526 5459 1696 5523 αὐτάς
1738 5476 1838 5531 μου
1882 5476 2051 5515 κατα-

477 5549 821 5621 μασήσασθαι
840 5548 940 5614 τὰς
962 5549 1187 5621 σάρκας.
1217 5551 1308 5605 Διὸ
1336 5551 1585 5606 λέλεκται
1628 5550 1780 5622 παρὰ
1799 5550 1877 5623 τῷ
1902 5552 2050 5621 ,Συμ-

478 5641 665 5712 μάχῳ·
716 5640 818 5695 Ἐν
861 5641 941 5708 τῷ
986 5639 1234 5712 ἐγγίζειν
1272 5643 1365 5697 ἐπ’
1399 5644 1505 5713 ἐμὲ
1549 5644 1919 5715 κακούργους
1964 5645 2050 5709 εἰς

585 5796 631 5827 ⁸⁸
674 5794 876 5860 Euhes.
909 5813 999 5856 vl.
1040 5796 1124 5851 12.

2139 3254 2274 3310 ﬁsus
2301 3267 2403 3310 suo
2438 3251 2709 3323 quaslibet
2738 3249 2983 3320 ipsorum
3012 3245 3226 3303 deridet
3254 3245 3503 3307 insidias.
3560 3241 3714 3299 ideo-

2139 3364 2247 3419 que
2269 3342 2345 3402 ait
2372 3366 2385 3402 :
2434 3345 2553 3402 Nisi
2586 3345 2719 3399 mihi
2750 3344 2879 3398 talis
2919 3340 3138 3411 adjutor
3166 3339 3403 3401 adesset,
3430 3335 3710 3391 illumina-

2142 3449 2229 3497 tor
2261 3440 2473 3500 animae,
2508 3452 2574 3493 ac
2605 3444 2884 3508 protector
2910 3435 3055 3497 vitae,
3076 3430 3270 3487 merito
3298 3426 3712 3483 reformidarem

2140 3533 2466 3605 principatus
2512 3539 2562 3584 et
2599 3536 2881 3597 potestates
2937 3534 2986 3579 et
3013 3520 3196 3577 mundi
3218 3528 3444 3575 rectores
3474 3513 3714 3570 tenebra--

2143 3643 2263 3680 rum
2290 3625 2500 3687 harum,
2523 3629 2573 3676 et
2599 3619 2904 3686 spiritantia
2953 3615 3199 3687 nequitias
3244 3613 3292 3647 ⁸⁸
3313 3652 3329 3677 ν
3373 3623 3589 3667 necnon
3620 3622 3720 3663 eos

2144 3717 2239 3787 qui
2269 3716 2424 3772 hisce
2448 3713 2677 3769 interius
2724 3711 3020 3783 agitantur,
3051 3714 3107 3763 et
3139 3712 3332 3761 contra
3360 3702 3457 3759 Dei
3485 3701 3719 3756 athletas

2144 3811 2456 3878 insurgunt.
2486 3804 2622 3860 Nam
2652 3804 2690 3858 ii
2733 3804 2872 3859 tales
2916 3808 3073 3857 erant
3104 3799 3197 3870 qui
3249 3798 3488 3852 animam
3539 3808 3714 3848 meam

2144 3899 2473 3955 conturbare
2503 3901 2747 3967 possent,
2779 3894 2828 3949 si
2877 3908 2988 3947 non
3038 3891 3340 3946 iiiuminata
3385 3886 3617 3951 fuisset;
3665 3891 3723 3938 at

2146 3990 2403 4062 quoniam
2437 3989 2554 4057 ipse
2581 3985 2962 4040 universorum
2989 3982 3250 4036 Dominus
3274 3980 3370 4035 Dei
3397 3978 3568 4032 Filius
3595 3976 3723 4030 illu-

2145 4082 2376 4139 minatio
2407 4095 2526 4137 mea
2550 4085 2655 4141 est,
2686 4078 2912 4148 ipseque
2945 4073 3203 4130 Servator
3219 4085 3395 4133 meus,
3416 4071 3540 4141 jure
3566 4068 3721 4123 dixe-

2145 4175 2274 4237 rim,
2301 4172 2470 4239 Quem
2500 4169 2730 4225 timebo?
2761 4167 2840 4223 Ex
2870 4172 2950 4221 tot
2968 4165 3168 4236 quippe
3197 4162 3436 4217 inimicis
3459 4176 3529 4216 ne
3549 4175 3722 4215 unum

2147 4264 2366 4336 quidem
2398 4262 2802 4333 pertimescam,
2834 4272 3012 4328 neque
3058 4254 3293 4324 aliquem
3325 4267 3513 4309 eorum
3544 4251 3723 4306 refor-

2149 4353 2389 4417 midabo,
2413 4351 2709 4422 protectori
2738 4350 2862 4403 vitae
2892 4361 3026 4402 mea:
3051 4343 3313 4400 confisus.
3370 4341 3471 4397 Hic
3526 4342 3724 4396 iterum

2149 4448 2410 4504 observes
2439 4443 2623 4505 velim,
2656 4442 2814 4506 illud,
2846 4440 3094 4496 Saluator
3125 4455 3269 4494 meus
3289 4480 3304 4503 ,
3359 4436 3417 4491 in
3456 4434 3726 4490 Hebraico

2077 4521 2124 4576 Ῐ)
2152 4539 2469 4610 exemplari,
2499 4535 2798 4591 Saivatoris
2851 4532 3029 4589 nostri
3076 4531 3205 4588 Jcsu
3249 4530 3453 4586 Christi
3493 4541 3725 4591 nomen,

2146 4631 2443 4703 ipsissimis
2487 4626 2859 4685 caracteribus
2890 4622 3176 4680 Hebraicis
3226 4619 3551 4691 exprimere,
3569 4615 3729 4687 queis

2150 4737 2350 4779 nomen
2377 4719 2533 4775 Iesus
2567 4715 2916 4775 describitur.

2225 4898 2332 4967 Qui
2369 4897 2487 4953 haec
2536 4893 2814 4966 loquitur,
2862 4893 3083 4946 enarrat
3125 4884 3338 4956 qualem
3394 4887 3731 4939 servatorem
3828 4895 3842 4912 ι

2149 5001 2408 5064 expertus
2431 4989 2780 5045 inimicorum
2808 4983 3038 5040 insidias
3075 4978 3350 5042 deriserit,
3375 4976 3733 5048 quamobrem

2148 5086 2261 5140 ait:
2297 5083 2440 5137 Dum
2468 5079 2784 5150 appropiant
2805 5090 2960 5145 super
2985 5089 3065 5128 me
3107 5080 3349 5125 nocentes
3375 5108 3390 5132 ,
3447 5075 3509 5120 ut
3570 5065 3731 5119 edant

2150 5189 2336 5230 carnes
2366 5186 2544 5235 meas;
2572 5169 2662 5238 qui
2694 5165 2954 5221 tribulam
2987 5178 3069 5215 me
3110 5158 3312 5214 inimici
3343 5155 3465 5222 mei,
3493 5153 3598 5225 ipsi
3647 5153 3731 5205 in-

2153 5266 2355 5335 ﬁrmati
2384 5272 2508 5319 sunt
2547 5271 2597 5317 et
2640 5259 2958 5316 ceciderunt.
3002 5252 3088 5309 Illi
3116 5250 3333 5324 quidem
3380 5249 3556 5304 instar
3590 5245 3733 5302 fera-

2152 5378 2275 5417 rum
2316 5356 2746 5415 intractabilium
2786 5366 2876 5406 me
2907 5345 3121 5403 adorati
3151 5350 3322 5409 sunt,
3363 5347 3578 5396 tantum
3621 5354 3735 5393 non

2158 5453 2401 5525 aggressi
2430 5457 2490 5506 ut
2508 5449 2835 5505 devorarent
2864 5452 2918 5498 et
2949 5441 3099 5512 ipsas
3127 5451 3322 5494 carnes
3359 5432 3732 5490 comederent.

2159 5547 2339 5614 Quare
2391 5544 2535 5615 apud
2584 5536 2972 5613 Symmachum
3000 5532 3202 5589 dicitur
3231 5549 3245 5585 :
3279 5528 3421 5583 Dum
3460 5525 3736 5598 appropin-

2157 5650 2322 5711 quant
2377 5636 2505 5692 mihi
2552 5632 2880 5703 facinerosi,
2942 5638 3000 5683 ut
3061 5626 3300 5682 devorent
3351 5636 3535 5679 carnes
3566 5632 3736 5678 meas,
