  <div class='ocr_page' id='page_1' title='image "/cluster/home/n/w/nwhite01/storage/ocr_20150623/23:no.5/coo.31924054873033/135.png"; bbox 0 0 4100 6412; ppageno 0'>
   <div class='ocr_carea' id='block_1_1' title="bbox 432 364 542 421">
    <p class='ocr_par' dir='ltr' id='par_1_1' title="bbox 432 364 542 421">
     <span class='ocr_line' id='line_1_1' title="bbox 432 364 542 421; baseline 0 0"><span class='ocrx_word' id='word_1_1' title='bbox 432 364 542 421; x_wconf 68' lang='lat'><strong>259</strong></span> 
     </span>
    </p>
   </div>
   <div class='ocr_carea' id='block_1_2' title="bbox 1174 358 3048 419">
    <p class='ocr_par' dir='ltr' id='par_1_2' title="bbox 1174 358 3048 419">
     <span class='ocr_line' id='line_1_2' title="bbox 1174 358 3048 419; baseline 0.001 -1"><span class='ocrx_word' id='word_1_2' title='bbox 1174 362 1444 419; x_wconf 79' lang='lat' dir='ltr'><strong>EUSEBll</strong></span> <span class='ocrx_word' id='word_1_3' title='bbox 1479 360 1956 419; x_wconf 68' lang='lat' dir='ltr'><strong>CESARIENSIS</strong></span> <span class='ocrx_word' id='word_1_4' title='bbox 1993 358 2146 417; x_wconf 81' lang='lat' dir='ltr'><strong>OPP.</strong></span> <span class='ocrx_word' id='word_1_5' title='bbox 2186 359 2367 416; x_wconf 76' lang='lat' dir='ltr'><strong>PARS</strong></span> <span class='ocrx_word' id='word_1_6' title='bbox 2406 362 2492 416; x_wconf 89' lang='lat' dir='ltr'><strong>Ill.</strong></span> <span class='ocrx_word' id='word_1_7' title='bbox 2533 396 2602 405; x_wconf 92' lang='lat'><strong><em>—</em></strong></span> <span class='ocrx_word' id='word_1_8' title='bbox 2637 362 3048 419; x_wconf 82' lang='lat' dir='ltr'><strong>EXEGETICA.</strong></span> 
     </span>
    </p>
   </div>
   <div class='ocr_carea' id='block_1_3' title="bbox 3574 367 3681 420">
    <p class='ocr_par' dir='ltr' id='par_1_3' title="bbox 3574 367 3681 420">
     <span class='ocr_line' id='line_1_3' title="bbox 3574 367 3681 420; baseline 0 -1"><span class='ocrx_word' id='word_1_9' title='bbox 3574 367 3681 420; x_wconf 67' lang='grc'><strong>240</strong></span> 
     </span>
    </p>
   </div>
   <div class='ocr_carea' id='block_1_4' title="bbox 435 476 1981 551">
    <p class='ocr_par' dir='ltr' id='par_1_4' title="bbox 435 477 1981 550">
     <span class='ocr_line' id='line_1_4' title="bbox 435 477 1981 550; baseline -0.005 -12"><span class='ocrx_word' id='word_1_10' title='bbox 435 481 636 538; x_wconf 79' lang='lat' dir='ltr'><strong>Verum</strong></span> <span class='ocrx_word' id='word_1_11' title='bbox 675 478 770 550; x_wconf 92' lang='lat' dir='ltr'><strong>qui</strong></span> <span class='ocrx_word' id='word_1_12' title='bbox 823 477 954 533; x_wconf 89' lang='lat' dir='ltr'><strong>talia</strong></span> <span class='ocrx_word' id='word_1_13' title='bbox 988 486 1178 534; x_wconf 90' lang='lat' dir='ltr'><strong>contra</strong></span> <span class='ocrx_word' id='word_1_14' title='bbox 1234 495 1321 535; x_wconf 91' lang='lat' dir='ltr'><strong>me</strong></span> <span class='ocrx_word' id='word_1_15' title='bbox 1351 478 1648 534; x_wconf 81' lang='lat' dir='ltr'><strong>machinati</strong></span> <span class='ocrx_word' id='word_1_16' title='bbox 1684 484 1848 543; x_wconf 89' lang='lat' dir='ltr'><strong>sunt,</strong></span> <span class='ocrx_word' id='word_1_17' title='bbox 1888 491 1981 532; x_wconf 80' lang='lat' dir='ltr'><strong>cur</strong></span> 
     </span>
    </p>
   </div>
   <div class='ocr_carea' id='block_1_5' title="bbox 2081 476 3682 551">
    <p class='ocr_par' dir='ltr' id='par_1_5' title="bbox 2081 476 3682 551">
     <span class='ocr_line' id='line_1_5' title="bbox 2081 476 3682 551; baseline 0.001 -17"><span class='ocrx_word' id='word_1_18' title='bbox 2081 476 2183 534; x_wconf 66' lang='lat' dir='ltr'><strong>.rd</strong></span> <span class='ocrx_word' id='word_1_19' title='bbox 2230 479 2592 551; x_wconf 61' lang='grc' dir='ltr'>καταφαγεῖν</span> <span class='ocrx_word' id='word_1_20' title='bbox 2632 481 2738 547; x_wconf 81' lang='grc' dir='ltr'>τὰς</span> <span class='ocrx_word' id='word_1_21' title='bbox 2782 479 3014 550; x_wconf 81' lang='grc' dir='ltr'>σάρκας</span> <span class='ocrx_word' id='word_1_22' title='bbox 3053 497 3191 550; x_wconf 83' lang='grc' dir='ltr'>μου.</span> <span class='ocrx_word' id='word_1_23' title='bbox 3232 479 3370 536; x_wconf 78' lang='grc' dir='ltr'>Ἀλλ’</span> <span class='ocrx_word' id='word_1_24' title='bbox 3414 481 3463 536; x_wconf 88' lang='grc' dir='ltr'><strong>οί</strong></span> <span class='ocrx_word' id='word_1_25' title='bbox 3509 480 3682 535; x_wconf 87' lang='grc' dir='ltr'>ταῦτα</span> 
     </span>
    </p>
   </div>
   <div class='ocr_carea' id='block_1_6' title="bbox 429 569 2007 643">
    <p class='ocr_par' dir='ltr' id='par_1_6' title="bbox 429 569 2007 643">
     <span class='ocr_line' id='line_1_6' title="bbox 429 569 2007 643; baseline -0.001 -16"><span class='ocrx_word' id='word_1_26' title='bbox 429 573 541 643; x_wconf 89' lang='lat' dir='ltr'><strong>jam</strong></span> <span class='ocrx_word' id='word_1_27' title='bbox 573 569 811 643; x_wconf 78' lang='lat' dir='ltr'><strong>proximi</strong></span> <span class='ocrx_word' id='word_1_28' title='bbox 849 570 1109 627; x_wconf 88' lang='lat' dir='ltr'><strong>carnibus</strong></span> <span class='ocrx_word' id='word_1_29' title='bbox 1142 572 1279 629; x_wconf 87' lang='lat' dir='ltr'><strong>meis</strong></span> <span class='ocrx_word' id='word_1_30' title='bbox 1312 572 1582 628; x_wconf 76' lang='lat' dir='ltr'><strong>instarent</strong></span> <span class='ocrx_word' id='word_1_31' title='bbox 1610 611 1626 637; x_wconf 92' lang='lat'><strong>,</strong></span> <span class='ocrx_word' id='word_1_32' title='bbox 1680 570 1869 627; x_wconf 83' lang='lat' dir='ltr'><strong>nescio</strong></span> <span class='ocrx_word' id='word_1_33' title='bbox 1898 584 2007 641; x_wconf 89' lang='lat' dir='ltr'><strong>quo</strong></span> 
     </span>
    </p>
   </div>
   <div class='ocr_carea' id='block_1_7' title="bbox 432 664 2006 738">
    <p class='ocr_par' dir='ltr' id='par_1_7' title="bbox 432 664 2006 738">
     <span class='ocr_line' id='line_1_7' title="bbox 432 664 2006 738; baseline -0.001 -19"><span class='ocrx_word' id='word_1_34' title='bbox 432 673 594 735; x_wconf 89' lang='lat' dir='ltr'><strong>pacto</strong></span> <span class='ocrx_word' id='word_1_35' title='bbox 621 680 742 736; x_wconf 68' lang='lat' dir='ltr'><strong>qum</strong></span> <span class='ocrx_word' id='word_1_36' title='bbox 770 665 829 721; x_wconf 87' lang='lat' dir='ltr'><strong>in</strong></span> <span class='ocrx_word' id='word_1_37' title='bbox 864 680 954 721; x_wconf 90' lang='lat' dir='ltr'><strong>me</strong></span> <span class='ocrx_word' id='word_1_38' title='bbox 989 673 1303 738; x_wconf 88' lang='lat' dir='ltr'><strong>perpetrare</strong></span> <span class='ocrx_word' id='word_1_39' title='bbox 1344 665 1589 722; x_wconf 87' lang='lat' dir='ltr'><strong>meditati</strong></span> <span class='ocrx_word' id='word_1_40' title='bbox 1633 664 1887 729; x_wconf 78' lang='lat' dir='ltr'><strong>fuerant,</strong></span> <span class='ocrx_word' id='word_1_41' title='bbox 1941 677 2006 719; x_wconf 88' lang='lat' dir='ltr'><strong>ea</strong></span> 
     </span>
    </p>
   </div>
   <div class='ocr_carea' id='block_1_8' title="bbox 333 754 2004 831">
    <p class='ocr_par' dir='ltr' id='par_1_8' title="bbox 333 754 2004 831">
     <span class='ocr_line' id='line_1_8' title="bbox 333 754 2004 831; baseline 0 -19"><span class='ocrx_word' id='word_1_42' title='bbox 333 828 336 831; x_wconf 94' lang='lat'><em>_</em></span> <span class='ocrx_word' id='word_1_43' title='bbox 432 757 550 828; x_wconf 88' lang='lat' dir='ltr'><strong>ipsa</strong></span> <span class='ocrx_word' id='word_1_44' title='bbox 573 758 818 830; x_wconf 81' lang='lat' dir='ltr'><strong>perpessi</strong></span> <span class='ocrx_word' id='word_1_45' title='bbox 846 766 992 815; x_wconf 90' lang='lat' dir='ltr'><strong>sunt.</strong></span> <span class='ocrx_word' id='word_1_46' title='bbox 1021 754 1157 813; x_wconf 88' lang='lat' dir='ltr'><strong>Nam</strong></span> <span class='ocrx_word' id='word_1_47' title='bbox 1203 772 1310 824; x_wconf 90' lang='lat' dir='ltr'><strong>me,</strong></span> <span class='ocrx_word' id='word_1_48' title='bbox 1340 757 1538 828; x_wconf 88' lang='lat' dir='ltr'><strong>inquit,</strong></span> <span class='ocrx_word' id='word_1_49' title='bbox 1565 770 1756 814; x_wconf 87' lang='lat' dir='ltr'><strong>contra</strong></span> <span class='ocrx_word' id='word_1_50' title='bbox 1788 772 1887 813; x_wconf 91' lang='lat' dir='ltr'><strong>eos</strong></span> <span class='ocrx_word' id='word_1_51' title='bbox 1914 757 2004 812; x_wconf 88' lang='lat' dir='ltr'><strong>ni-</strong></span> 
     </span>
    </p>
   </div>
   <div class='ocr_carea' id='block_1_9' title="bbox 430 849 2000 921">
    <p class='ocr_par' dir='ltr' id='par_1_9' title="bbox 430 849 2000 921">
     <span class='ocr_line' id='line_1_9' title="bbox 430 849 2000 921; baseline 0 -17"><span class='ocrx_word' id='word_1_52' title='bbox 430 849 509 905; x_wconf 86' lang='lat' dir='ltr'><strong>hil</strong></span> <span class='ocrx_word' id='word_1_53' title='bbox 540 850 921 921; x_wconf 76' lang='lat' dir='ltr'><strong>aggrediente,</strong></span> <span class='ocrx_word' id='word_1_54' title='bbox 952 851 1055 921; x_wconf 85' lang='lat' dir='ltr'><strong>ipsi</strong></span> <span class='ocrx_word' id='word_1_55' title='bbox 1093 851 1353 921; x_wconf 78' lang='lat' dir='ltr'><strong>inﬁrmati</strong></span> <span class='ocrx_word' id='word_1_56' title='bbox 1383 858 1536 916; x_wconf 88' lang='lat' dir='ltr'><strong>sunt,</strong></span> <span class='ocrx_word' id='word_1_57' title='bbox 1589 860 1640 905; x_wconf 90' lang='lat' dir='ltr'><strong>et</strong></span> <span class='ocrx_word' id='word_1_58' title='bbox 1683 849 2000 905; x_wconf 84' lang='lat' dir='ltr'><strong>ceciderunt.</strong></span> 
     </span>
    </p>
   </div>
   <div class='ocr_carea' id='block_1_10' title="bbox 431 939 2004 1015">
    <p class='ocr_par' dir='ltr' id='par_1_10' title="bbox 431 939 2004 1015">
     <span class='ocr_line' id='line_1_10' title="bbox 431 939 2004 1015; baseline 0.004 -22"><span class='ocrx_word' id='word_1_59' title='bbox 431 939 746 1008; x_wconf 82' lang='lat' dir='ltr'><strong>Enimvero,</strong></span> <span class='ocrx_word' id='word_1_60' title='bbox 788 953 848 999; x_wconf 91' lang='lat' dir='ltr'><strong>ut</strong></span> <span class='ocrx_word' id='word_1_61' title='bbox 879 951 1062 1014; x_wconf 86' lang='lat' dir='ltr'><strong>aperte</strong></span> <span class='ocrx_word' id='word_1_62' title='bbox 1091 944 1292 1015; x_wconf 84' lang='lat' dir='ltr'><strong>liquet,</strong></span> <span class='ocrx_word' id='word_1_63' title='bbox 1326 943 1468 1000; x_wconf 85' lang='lat' dir='ltr'><strong>lucis</strong></span> <span class='ocrx_word' id='word_1_64' title='bbox 1494 959 1627 1000; x_wconf 74' lang='lat' dir='ltr'><strong>meae</strong></span> <span class='ocrx_word' id='word_1_65' title='bbox 1680 944 2004 1000; x_wconf 85' lang='lat' dir='ltr'><strong>servatoris-</strong></span> 
     </span>
    </p>
   </div>
   <div class='ocr_carea' id='block_1_11' title="bbox 427 1036 2005 1109">
    <p class='ocr_par' dir='ltr' id='par_1_11' title="bbox 427 1036 2005 1109">
     <span class='ocr_line' id='line_1_11' title="bbox 427 1036 2005 1109; baseline 0.004 -22"><span class='ocrx_word' id='word_1_66' title='bbox 427 1049 534 1103; x_wconf 90' lang='lat' dir='ltr'><strong>que</strong></span> <span class='ocrx_word' id='word_1_67' title='bbox 562 1037 667 1091; x_wconf 88' lang='lat' dir='ltr'><strong>mei</strong></span> <span class='ocrx_word' id='word_1_68' title='bbox 708 1052 910 1093; x_wconf 78' lang='lat' dir='ltr'><strong>arcana</strong></span> <span class='ocrx_word' id='word_1_69' title='bbox 949 1036 1242 1109; x_wconf 84' lang='lat' dir='ltr'><strong>divinaque</strong></span> <span class='ocrx_word' id='word_1_70' title='bbox 1283 1038 1483 1093; x_wconf 80' lang='lat' dir='ltr'><strong>virtute</strong></span> <span class='ocrx_word' id='word_1_71' title='bbox 1524 1037 1779 1093; x_wconf 87' lang='lat' dir='ltr'><strong>dcbellati</strong></span> <span class='ocrx_word' id='word_1_72' title='bbox 1812 1044 1868 1093; x_wconf 88' lang='lat' dir='ltr'><strong>et</strong></span> <span class='ocrx_word' id='word_1_73' title='bbox 1907 1037 2005 1093; x_wconf 87' lang='lat' dir='ltr'><strong>de-</strong></span> 
     </span>
    </p>
   </div>
   <div class='ocr_carea' id='block_1_12' title="bbox 428 1125 2001 1203">
    <p class='ocr_par' dir='ltr' id='par_1_12' title="bbox 428 1125 2001 1203">
     <span class='ocr_line' id='line_1_12' title="bbox 428 1125 2001 1203; baseline 0.004 -25"><span class='ocrx_word' id='word_1_74' title='bbox 428 1125 570 1194; x_wconf 85' lang='lat' dir='ltr'><strong>pulsi</strong></span> <span class='ocrx_word' id='word_1_75' title='bbox 604 1136 763 1194; x_wconf 88' lang='lat' dir='ltr'><strong>sunt,</strong></span> <span class='ocrx_word' id='word_1_76' title='bbox 796 1137 857 1184; x_wconf 86' lang='lat' dir='ltr'><strong>ut</strong></span> <span class='ocrx_word' id='word_1_77' title='bbox 887 1147 993 1186; x_wconf 91' lang='lat' dir='ltr'><strong>una</strong></span> <span class='ocrx_word' id='word_1_78' title='bbox 1022 1146 1124 1203; x_wconf 75' lang='lat' dir='ltr'><strong>ego</strong></span> <span class='ocrx_word' id='word_1_79' title='bbox 1162 1134 1231 1188; x_wconf 90' lang='lat' dir='ltr'><strong>ab</strong></span> <span class='ocrx_word' id='word_1_80' title='bbox 1261 1130 1476 1187; x_wconf 87' lang='lat' dir='ltr'><strong>insidiis</strong></span> <span class='ocrx_word' id='word_1_81' title='bbox 1505 1145 1695 1187; x_wconf 90' lang='lat' dir='ltr'><strong>eorum</strong></span> <span class='ocrx_word' id='word_1_82' title='bbox 1722 1130 2001 1201; x_wconf 87' lang='lat' dir='ltr'><strong>eriperer;</strong></span> 
     </span>
    </p>
   </div>
   <div class='ocr_carea' id='block_1_13' title="bbox 425 1218 2003 1297">
    <p class='ocr_par' dir='ltr' id='par_1_13' title="bbox 425 1218 2003 1297">
     <span class='ocr_line' id='line_1_13' title="bbox 425 1218 2003 1297; baseline 0.005 -25"><span class='ocrx_word' id='word_1_83' title='bbox 425 1218 670 1293; x_wconf 84' lang='lat' dir='ltr'><strong>nihilque</strong></span> <span class='ocrx_word' id='word_1_84' title='bbox 698 1223 884 1279; x_wconf 90' lang='lat' dir='ltr'><strong>damni</strong></span> <span class='ocrx_word' id='word_1_85' title='bbox 915 1224 1240 1296; x_wconf 69' lang='lat' dir='ltr'><strong>acciperem,</strong></span> <span class='ocrx_word' id='word_1_86' title='bbox 1270 1233 1325 1282; x_wconf 91' lang='lat' dir='ltr'><strong>et</strong></span> <span class='ocrx_word' id='word_1_87' title='bbox 1356 1225 1467 1283; x_wconf 87' lang='lat' dir='ltr'><strong>illis</strong></span> <span class='ocrx_word' id='word_1_88' title='bbox 1496 1240 1716 1297; x_wconf 88' lang='lat' dir='ltr'><strong>quoque</strong></span> <span class='ocrx_word' id='word_1_89' title='bbox 1747 1225 2003 1280; x_wconf 83' lang='lat' dir='ltr'><strong>utilitatis</strong></span> 
     </span>
    </p>
   </div>
   <div class='ocr_carea' id='block_1_14' title="bbox 424 1311 2004 1388">
    <p class='ocr_par' dir='ltr' id='par_1_14' title="bbox 424 1311 2004 1388">
     <span class='ocr_line' id='line_1_14' title="bbox 424 1311 2004 1388; baseline 0.004 -24"><span class='ocrx_word' id='word_1_90' title='bbox 424 1311 703 1383; x_wconf 86' lang='lat' dir='ltr'><strong>quidpiam</strong></span> <span class='ocrx_word' id='word_1_91' title='bbox 725 1314 1039 1384; x_wconf 89' lang='lat' dir='ltr'><strong>obveniret;</strong></span> <span class='ocrx_word' id='word_1_92' title='bbox 1074 1331 1137 1372; x_wconf 88' lang='lat' dir='ltr'><strong>ac</strong></span> <span class='ocrx_word' id='word_1_93' title='bbox 1167 1316 1450 1372; x_wconf 88' lang='lat' dir='ltr'><strong>debilitata</strong></span> <span class='ocrx_word' id='word_1_94' title='bbox 1468 1318 1784 1373; x_wconf 88' lang='lat' dir='ltr'><strong>eorumdem</strong></span> <span class='ocrx_word' id='word_1_95' title='bbox 1813 1316 2004 1388; x_wconf 84' lang='lat' dir='ltr'><strong>nequi-</strong></span> 
     </span>
    </p>
   </div>
   <div class='ocr_carea' id='block_1_15' title="bbox 429 1402 1999 1480">
    <p class='ocr_par' dir='ltr' id='par_1_15' title="bbox 429 1402 1999 1480">
     <span class='ocr_line' id='line_1_15' title="bbox 429 1402 1999 1480; baseline 0.004 -25"><span class='ocrx_word' id='word_1_96' title='bbox 429 1402 526 1466; x_wconf 83' lang='lat' dir='ltr'><strong>tia,</strong></span> <span class='ocrx_word' id='word_1_97' title='bbox 552 1403 608 1457; x_wconf 91' lang='lat' dir='ltr'><strong>id</strong></span> <span class='ocrx_word' id='word_1_98' title='bbox 630 1405 827 1462; x_wconf 83' lang='lat' dir='ltr'><strong>saltem</strong></span> <span class='ocrx_word' id='word_1_99' title='bbox 857 1406 996 1462; x_wconf 90' lang='lat' dir='ltr'><strong>lucri</strong></span> <span class='ocrx_word' id='word_1_100' title='bbox 1043 1409 1420 1480; x_wconf 86' lang='lat' dir='ltr'><strong>perciperent,</strong></span> <span class='ocrx_word' id='word_1_101' title='bbox 1469 1416 1530 1464; x_wconf 92' lang='lat' dir='ltr'><strong>ut</strong></span> <span class='ocrx_word' id='word_1_102' title='bbox 1577 1424 1646 1465; x_wconf 86' lang='lat' dir='ltr'><strong>ne</strong></span> <span class='ocrx_word' id='word_1_103' title='bbox 1686 1409 1759 1465; x_wconf 94' lang='lat' dir='ltr'><strong>ob</strong></span> <span class='ocrx_word' id='word_1_104' title='bbox 1789 1408 1999 1463; x_wconf 88' lang='lat' dir='ltr'><strong>illatum</strong></span> 
     </span>
    </p>
   </div>
   <div class='ocr_carea' id='block_1_16' title="bbox 425 1495 1999 1573">
    <p class='ocr_par' dir='ltr' id='par_1_16' title="bbox 425 1495 1999 1573">
     <span class='ocr_line' id='line_1_16' title="bbox 425 1495 1999 1573; baseline 0.006 -25"><span class='ocrx_word' id='word_1_105' title='bbox 425 1495 558 1550; x_wconf 87' lang='lat' dir='ltr'><strong>mihi</strong></span> <span class='ocrx_word' id='word_1_106' title='bbox 613 1496 1034 1565; x_wconf 86' lang='lat' dir='ltr'><strong>detrimentum,</strong></span> <span class='ocrx_word' id='word_1_107' title='bbox 1086 1517 1279 1558; x_wconf 88' lang='lat' dir='ltr'><strong>eorum</strong></span> <span class='ocrx_word' id='word_1_108' title='bbox 1334 1502 1652 1573; x_wconf 89' lang='lat' dir='ltr'><strong>improbitas</strong></span> <span class='ocrx_word' id='word_1_109' title='bbox 1714 1516 1999 1557; x_wconf 87' lang='lat' dir='ltr'><strong>accresce-</strong></span> 
     </span>
    </p>
   </div>
   <div class='ocr_carea' id='block_1_17' title="bbox 422 1582 1998 1662">
    <p class='ocr_par' dir='ltr' id='par_1_17' title="bbox 422 1582 1998 1662">
     <span class='ocr_line' id='line_1_17' title="bbox 422 1582 1998 1662; baseline 0.006 -25"><span class='ocrx_word' id='word_1_110' title='bbox 422 1591 526 1640; x_wconf 89' lang='lat' dir='ltr'><strong>ret.</strong></span> <span class='ocrx_word' id='word_1_111' title='bbox 561 1582 620 1639; x_wconf 91' lang='lat' dir='ltr'><strong>ln</strong></span> <span class='ocrx_word' id='word_1_112' title='bbox 649 1587 978 1658; x_wconf 87' lang='lat' dir='ltr'><strong>quibusdam</strong></span> <span class='ocrx_word' id='word_1_113' title='bbox 999 1591 1404 1662; x_wconf 79' lang='lat' dir='ltr'><strong>exemplaribus</strong></span> <span class='ocrx_word' id='word_1_114' title='bbox 1437 1592 1796 1649; x_wconf 87' lang='lat' dir='ltr'><strong>inscribitur:</strong></span> <span class='ocrx_word' id='word_1_115' title='bbox 1831 1592 1998 1647; x_wconf 87' lang='lat' dir='ltr'><strong>Psal-</strong></span> 
     </span>
    </p>
   </div>
   <div class='ocr_carea' id='block_1_18' title="bbox 422 1678 1419 1755">
    <p class='ocr_par' dir='ltr' id='par_1_18' title="bbox 422 1678 1419 1755">
     <span class='ocr_line' id='line_1_18' title="bbox 422 1678 1419 1755; baseline 0.008 -24"><span class='ocrx_word' id='word_1_116' title='bbox 422 1694 537 1733; x_wconf 84' lang='lat' dir='ltr'><strong>mus</strong></span> <span class='ocrx_word' id='word_1_117' title='bbox 567 1678 788 1736; x_wconf 82' lang='lat' dir='ltr'><strong>Davidis</strong></span> <span class='ocrx_word' id='word_1_118' title='bbox 817 1685 1124 1755; x_wconf 74' lang='lat' dir='ltr'><strong>priusquam</strong></span> <span class='ocrx_word' id='word_1_119' title='bbox 1157 1685 1419 1740; x_wconf 78' lang='lat' dir='ltr'><strong>(iniretur.</strong></span> 
     </span>
    </p>
   </div>
   <div class='ocr_carea' id='block_1_19' title="bbox 491 1769 1993 1850">
    <p class='ocr_par' dir='ltr' id='par_1_19' title="bbox 491 1769 1993 1850">
     <span class='ocr_line' id='line_1_19' title="bbox 491 1769 1993 1850; baseline 0.005 -25"><span class='ocrx_word' id='word_1_120' title='bbox 491 1769 657 1828; x_wconf 66' lang='lat' dir='ltr'><strong>Vens.</strong></span> <span class='ocrx_word' id='word_1_121' title='bbox 696 1774 751 1829; x_wconf 75' lang='grc' dir='ltr'><strong>ι.</strong></span> <span class='ocrx_word' id='word_1_122' title='bbox 800 1772 971 1830; x_wconf 87' lang='lat' dir='ltr'><strong>Unam</strong></span> <span class='ocrx_word' id='word_1_123' title='bbox 999 1777 1177 1846; x_wconf 85' lang='lat' dir='ltr'><strong>petiia</strong></span> <span class='ocrx_word' id='word_1_124' title='bbox 1204 1776 1432 1831; x_wconf 85' lang='lat' dir='ltr'><strong>Domino</strong></span> <span class='ocrx_word' id='word_1_125' title='bbox 1454 1817 1469 1842; x_wconf 98' lang='lat'><strong>,</strong></span> <span class='ocrx_word' id='word_1_126' title='bbox 1505 1778 1641 1832; x_wconf 82' lang='lat' dir='ltr'><strong>hanc</strong></span> <span class='ocrx_word' id='word_1_127' title='bbox 1688 1778 1955 1850; x_wconf 77' lang='lat' dir='ltr'><strong>requiram</strong></span> <span class='ocrx_word' id='word_1_128' title='bbox 1977 1818 1993 1845; x_wconf 93' lang='lat'><strong>,</strong></span> 
     </span>
    </p>
   </div>
   <div class='ocr_carea' id='block_1_20' title="bbox 408 1864 1994 1926">
    <p class='ocr_par' dir='ltr' id='par_1_20' title="bbox 408 1864 1994 1926">
     <span class='ocr_line' id='line_1_20' title="bbox 408 1864 1994 1926; baseline 0.008 -12"><span class='ocrx_word' id='word_1_129' title='bbox 408 1871 475 1915; x_wconf 69' lang='lat' dir='ltr'><strong>«ut</strong></span> <span class='ocrx_word' id='word_1_130' title='bbox 506 1864 789 1921; x_wconf 76' lang='lat' dir='ltr'><strong>inhabilem</strong></span> <span class='ocrx_word' id='word_1_131' title='bbox 818 1867 873 1921; x_wconf 86' lang='lat' dir='ltr'><strong>in</strong></span> <span class='ocrx_word' id='word_1_132' title='bbox 902 1868 1058 1923; x_wconf 84' lang='lat' dir='ltr'><strong>domo</strong></span> <span class='ocrx_word' id='word_1_133' title='bbox 1107 1868 1323 1923; x_wconf 84' lang='lat' dir='ltr'><strong>Domini</strong></span> <span class='ocrx_word' id='word_1_134' title='bbox 1361 1871 1604 1925; x_wconf 85' lang='lat' dir='ltr'><strong>omnibus</strong></span> <span class='ocrx_word' id='word_1_135' title='bbox 1636 1870 1820 1925; x_wconf 86' lang='lat' dir='ltr'><strong>diebus</strong></span> <span class='ocrx_word' id='word_1_136' title='bbox 1874 1871 1994 1926; x_wconf 69' lang='lat' dir='ltr'><strong>vitae</strong></span> 
     </span>
    </p>
   </div>
   <div class='ocr_carea' id='block_1_21' title="bbox 413 1956 1992 2030">
    <p class='ocr_par' dir='ltr' id='par_1_21' title="bbox 413 1956 1992 2030">
     <span class='ocr_line' id='line_1_21' title="bbox 413 1956 1992 2030; baseline 0.006 -22"><span class='ocrx_word' id='word_1_137' title='bbox 413 1971 577 2019; x_wconf 67' lang='lat' dir='ltr'><strong>mea,</strong></span> <span class='ocrx_word' id='word_1_138' title='bbox 625 1966 685 2011; x_wconf 81' lang='lat' dir='ltr'><strong>ut</strong></span> <span class='ocrx_word' id='word_1_139' title='bbox 724 1956 930 2013; x_wconf 74' lang='lat' dir='ltr'><strong>rideam</strong></span> <span class='ocrx_word' id='word_1_140' title='bbox 988 1959 1308 2030; x_wconf 77' lang='lat' dir='ltr'><strong>voluptatem</strong></span> <span class='ocrx_word' id='word_1_141' title='bbox 1362 1960 1619 2027; x_wconf 79' lang='lat' dir='ltr'><strong>Domini,</strong></span> <span class='ocrx_word' id='word_1_142' title='bbox 1680 1971 1733 2016; x_wconf 88' lang='lat' dir='ltr'><strong>et</strong></span> <span class='ocrx_word' id='word_1_143' title='bbox 1789 1963 1992 2017; x_wconf 76' lang='lat' dir='ltr'><strong>uisitem</strong></span> 
     </span>
    </p>
   </div>
   <div class='ocr_carea' id='block_1_22' title="bbox 415 2045 1991 2121">
    <p class='ocr_par' dir='ltr' id='par_1_22' title="bbox 415 2045 1991 2121">
     <span class='ocr_line' id='line_1_22' title="bbox 415 2045 1991 2121; baseline 0.004 -23"><span class='ocrx_word' id='word_1_144' title='bbox 415 2045 666 2116; x_wconf 73' lang='lat' dir='ltr'><strong>templum</strong></span> <span class='ocrx_word' id='word_1_145' title='bbox 709 2048 847 2118; x_wconf 79' lang='lat' dir='ltr'><strong>ejus.</strong></span> <span class='ocrx_word' id='word_1_146' title='bbox 883 2047 1098 2105; x_wconf 89' lang='lat' dir='ltr'><strong>Domini</strong></span> <span class='ocrx_word' id='word_1_147' title='bbox 1145 2050 1518 2121; x_wconf 83' lang='lat' dir='ltr'><strong>pulchritudo,</strong></span> <span class='ocrx_word' id='word_1_148' title='bbox 1553 2067 1615 2107; x_wconf 89' lang='lat' dir='ltr'><strong>ac</strong></span> <span class='ocrx_word' id='word_1_149' title='bbox 1641 2052 1808 2108; x_wconf 89' lang='lat' dir='ltr'><strong>decor</strong></span> <span class='ocrx_word' id='word_1_150' title='bbox 1832 2051 1991 2106; x_wconf 87' lang='lat' dir='ltr'><strong>volu-</strong></span> 
     </span>
    </p>
   </div>
   <div class='ocr_carea' id='block_1_23' title="bbox 410 2140 1989 2214">
    <p class='ocr_par' dir='ltr' id='par_1_23' title="bbox 410 2140 1989 2214">
     <span class='ocr_line' id='line_1_23' title="bbox 410 2140 1989 2214; baseline 0.004 -23"><span class='ocrx_word' id='word_1_151' title='bbox 410 2145 679 2210; x_wconf 89' lang='lat' dir='ltr'><strong>ptasque,</strong></span> <span class='ocrx_word' id='word_1_152' title='bbox 731 2141 789 2195; x_wconf 87' lang='lat' dir='ltr'><strong>in</strong></span> <span class='ocrx_word' id='word_1_153' title='bbox 841 2140 1006 2198; x_wconf 90' lang='lat' dir='ltr'><strong>domo</strong></span> <span class='ocrx_word' id='word_1_154' title='bbox 1055 2140 1155 2198; x_wconf 86' lang='lat' dir='ltr'><strong>Dei</strong></span> <span class='ocrx_word' id='word_1_155' title='bbox 1186 2143 1565 2214; x_wconf 88' lang='lat' dir='ltr'><strong>conspicitur,</strong></span> <span class='ocrx_word' id='word_1_156' title='bbox 1629 2143 1880 2199; x_wconf 81' lang='lat' dir='ltr'><strong>videlicet</strong></span> <span class='ocrx_word' id='word_1_157' title='bbox 1933 2142 1989 2197; x_wconf 92' lang='lat' dir='ltr'><strong>in</strong></span> 
     </span>
    </p>
   </div>
   <div class='ocr_carea' id='block_1_24' title="bbox 411 2229 1990 2322">
    <p class='ocr_par' dir='ltr' id='par_1_24' title="bbox 411 2229 1990 2322">
     <span class='ocr_line' id='line_1_24' title="bbox 411 2229 1990 2322; baseline 0.004 -39"><span class='ocrx_word' id='word_1_158' title='bbox 411 2229 656 2287; x_wconf 82' lang='lat' dir='ltr'><strong>Ecclesia</strong></span> <span class='ocrx_word' id='word_1_159' title='bbox 687 2231 841 2302; x_wconf 86' lang='lat' dir='ltr'><strong>ejus;</strong></span> <span class='ocrx_word' id='word_1_160' title='bbox 900 2233 1064 2304; x_wconf 85' lang='lat' dir='ltr'><strong>idque</strong></span> <span class='ocrx_word' id='word_1_161' title='bbox 1095 2243 1318 2305; x_wconf 90' lang='lat' dir='ltr'><strong>propter</strong></span> <span class='ocrx_word' id='word_1_162' title='bbox 1348 2233 1610 2322; x_wconf 87' lang='lat' dir='ltr'><strong>divinitus</strong></span> <span class='ocrx_word' id='word_1_163' title='bbox 1638 2235 1869 2290; x_wconf 87' lang='lat' dir='ltr'><strong>traditas</strong></span> <span class='ocrx_word' id='word_1_164' title='bbox 1886 2250 1990 2322; x_wconf 80' lang='lat' dir='ltr'><strong>_sa-</strong></span> 
     </span>
    </p>
   </div>
   <div class='ocr_carea' id='block_1_25' title="bbox 408 2320 1987 2392">
    <p class='ocr_par' dir='ltr' id='par_1_25' title="bbox 408 2320 1987 2392">
     <span class='ocr_line' id='line_1_25' title="bbox 408 2320 1987 2392; baseline 0.001 -19"><span class='ocrx_word' id='word_1_165' title='bbox 408 2335 647 2391; x_wconf 80' lang='lat' dir='ltr'><strong>orasque</strong></span> <span class='ocrx_word' id='word_1_166' title='bbox 695 2320 1056 2392; x_wconf 81' lang='lat' dir='ltr'><strong>disciplinas,</strong></span> <span class='ocrx_word' id='word_1_167' title='bbox 1109 2323 1308 2392; x_wconf 88' lang='lat' dir='ltr'><strong>quibus</strong></span> <span class='ocrx_word' id='word_1_168' title='bbox 1339 2337 1467 2377; x_wconf 89' lang='lat' dir='ltr'><strong>vera</strong></span> <span class='ocrx_word' id='word_1_169' title='bbox 1522 2321 1663 2378; x_wconf 88' lang='lat' dir='ltr'><strong>inest</strong></span> <span class='ocrx_word' id='word_1_170' title='bbox 1716 2320 1987 2377; x_wconf 86' lang='lat' dir='ltr'><strong>sermonis</strong></span> 
     </span>
    </p>
   </div>
   <div class='ocr_carea' id='block_1_26' title="bbox 406 2412 1987 2486">
    <p class='ocr_par' dir='ltr' id='par_1_26' title="bbox 406 2412 1987 2486">
     <span class='ocr_line' id='line_1_26' title="bbox 406 2412 1987 2486; baseline 0.001 -19"><span class='ocrx_word' id='word_1_171' title='bbox 406 2412 780 2483; x_wconf 86' lang='lat' dir='ltr'><strong>pulchritudo,</strong></span> <span class='ocrx_word' id='word_1_172' title='bbox 810 2424 973 2470; x_wconf 82' lang='lat' dir='ltr'><strong>verus</strong></span> <span class='ocrx_word' id='word_1_173' title='bbox 1003 2415 1188 2480; x_wconf 86' lang='lat' dir='ltr'><strong>decor,</strong></span> <span class='ocrx_word' id='word_1_174' title='bbox 1216 2415 1271 2471; x_wconf 92' lang='lat' dir='ltr'><strong>in</strong></span> <span class='ocrx_word' id='word_1_175' title='bbox 1309 2431 1419 2486; x_wconf 90' lang='lat' dir='ltr'><strong>quo</strong></span> <span class='ocrx_word' id='word_1_176' title='bbox 1447 2415 1531 2471; x_wconf 89' lang='lat' dir='ltr'><strong>vel</strong></span> <span class='ocrx_word' id='word_1_177' title='bbox 1572 2419 1688 2485; x_wconf 89' lang='lat' dir='ltr'><strong>ipse</strong></span> <span class='ocrx_word' id='word_1_178' title='bbox 1717 2413 1862 2470; x_wconf 91' lang='lat' dir='ltr'><strong>Deus</strong></span> <span class='ocrx_word' id='word_1_179' title='bbox 1890 2413 1987 2469; x_wconf 89' lang='lat' dir='ltr'><strong>de-</strong></span> 
     </span>
    </p>
   </div>
   <div class='ocr_carea' id='block_1_27' title="bbox 410 2504 1982 2578">
    <p class='ocr_par' dir='ltr' id='par_1_27' title="bbox 410 2504 1982 2578">
     <span class='ocr_line' id='line_1_27' title="bbox 410 2504 1982 2578; baseline 0.001 -21"><span class='ocrx_word' id='word_1_180' title='bbox 410 2504 644 2559; x_wconf 82' lang='lat' dir='ltr'><strong>lectatur</strong></span> <span class='ocrx_word' id='word_1_181' title='bbox 682 2520 747 2560; x_wconf 88' lang='lat' dir='ltr'><strong>ac</strong></span> <span class='ocrx_word' id='word_1_182' title='bbox 795 2517 1066 2562; x_wconf 88' lang='lat' dir='ltr'><strong>versatur.</strong></span> <span class='ocrx_word' id='word_1_183' title='bbox 1098 2505 1286 2578; x_wconf 88' lang='lat' dir='ltr'><strong>Neque</strong></span> <span class='ocrx_word' id='word_1_184' title='bbox 1317 2521 1347 2561; x_wconf 91' lang='lat' dir='ltr'><strong>a</strong></span> <span class='ocrx_word' id='word_1_185' title='bbox 1380 2522 1508 2562; x_wconf 79' lang='lat' dir='ltr'><strong>vero</strong></span> <span class='ocrx_word' id='word_1_186' title='bbox 1539 2506 1909 2568; x_wconf 88' lang='lat' dir='ltr'><strong>aberraveris,</strong></span> <span class='ocrx_word' id='word_1_187' title='bbox 1934 2504 1982 2561; x_wconf 91' lang='lat' dir='ltr'><strong>si</strong></span> 
     </span>
    </p>
   </div>
   <div class='ocr_carea' id='block_1_28' title="bbox 403 2592 1983 2667">
    <p class='ocr_par' dir='ltr' id='par_1_28' title="bbox 403 2592 1983 2667">
     <span class='ocr_line' id='line_1_28' title="bbox 403 2592 1983 2667; baseline 0.003 -20"><span class='ocrx_word' id='word_1_188' title='bbox 403 2592 658 2650; x_wconf 89' lang='lat' dir='ltr'><strong>decorem</strong></span> <span class='ocrx_word' id='word_1_189' title='bbox 692 2594 847 2650; x_wconf 90' lang='lat' dir='ltr'><strong>illum</strong></span> <span class='ocrx_word' id='word_1_190' title='bbox 878 2595 1084 2653; x_wconf 80' lang='lat' dir='ltr'><strong>dixeris</strong></span> <span class='ocrx_word' id='word_1_191' title='bbox 1105 2611 1229 2653; x_wconf 83' lang='lat' dir='ltr'><strong>esse</strong></span> <span class='ocrx_word' id='word_1_192' title='bbox 1261 2604 1614 2667; x_wconf 89' lang='lat' dir='ltr'><strong>temperatam</strong></span> <span class='ocrx_word' id='word_1_193' title='bbox 1643 2596 1983 2666; x_wconf 89' lang='lat' dir='ltr'><strong>probamque</strong></span> 
     </span>
    </p>
   </div>
   <div class='ocr_carea' id='block_1_29' title="bbox 404 2685 1982 2760">
    <p class='ocr_par' dir='ltr' id='par_1_29' title="bbox 404 2685 1982 2760">
     <span class='ocr_line' id='line_1_29' title="bbox 404 2685 1982 2760; baseline 0.002 -21"><span class='ocrx_word' id='word_1_194' title='bbox 404 2685 593 2752; x_wconf 86' lang='lat' dir='ltr'><strong>vitam,</strong></span> <span class='ocrx_word' id='word_1_195' title='bbox 629 2701 697 2742; x_wconf 88' lang='lat' dir='ltr'><strong>ac</strong></span> <span class='ocrx_word' id='word_1_196' title='bbox 729 2695 978 2743; x_wconf 88' lang='lat' dir='ltr'><strong>sanctum</strong></span> <span class='ocrx_word' id='word_1_197' title='bbox 1029 2689 1339 2746; x_wconf 85' lang='lat' dir='ltr'><strong>institutum</strong></span> <span class='ocrx_word' id='word_1_198' title='bbox 1377 2690 1659 2746; x_wconf 84' lang='lat' dir='ltr'><strong>hominum</strong></span> <span class='ocrx_word' id='word_1_199' title='bbox 1712 2689 1804 2760; x_wconf 89' lang='lat' dir='ltr'><strong>qui</strong></span> <span class='ocrx_word' id='word_1_200' title='bbox 1852 2689 1982 2744; x_wconf 88' lang='lat' dir='ltr'><strong>reli—</strong></span> 
     </span>
    </p>
   </div>
   <div class='ocr_carea' id='block_1_30' title="bbox 403 2778 1275 2852">
    <p class='ocr_par' dir='ltr' id='par_1_30' title="bbox 403 2778 1275 2852">
     <span class='ocr_line' id='line_1_30' title="bbox 403 2778 1275 2852; baseline 0.007 -19"><span class='ocrx_word' id='word_1_201' title='bbox 403 2778 566 2850; x_wconf 77' lang='lat' dir='ltr'><strong>gione</strong></span> <span class='ocrx_word' id='word_1_202' title='bbox 595 2794 661 2835; x_wconf 90' lang='lat' dir='ltr'><strong>ac</strong></span> <span class='ocrx_word' id='word_1_203' title='bbox 690 2781 892 2852; x_wconf 87' lang='lat' dir='ltr'><strong>pietate</strong></span> <span class='ocrx_word' id='word_1_204' title='bbox 915 2791 1275 2842; x_wconf 77' lang='lat' dir='ltr'><strong>exornantur.</strong></span> 
     </span>
    </p>
   </div>
   <div class='ocr_carea' id='block_1_31' title="bbox 470 2938 1982 3028">
    <p class='ocr_par' dir='ltr' id='par_1_31' title="bbox 470 2938 1982 3028">
     <span class='ocr_line' id='line_1_31' title="bbox 470 2938 1982 3028; baseline 0.005 -18"><span class='ocrx_word' id='word_1_205' title='bbox 470 2938 639 3013; x_wconf 59' lang='grc' dir='ltr'>ναις.</span> <span class='ocrx_word' id='word_1_206' title='bbox 679 2959 735 3020; x_wconf 84' lang='lat'><strong>5.</strong></span> <span class='ocrx_word' id='word_1_207' title='bbox 771 2958 827 3015; x_wconf 87' lang='lat'><strong>6.</strong></span> <span class='ocrx_word' id='word_1_208' title='bbox 868 2960 1132 3028; x_wconf 75' lang='lat' dir='ltr'><strong>Quoniam</strong></span> <span class='ocrx_word' id='word_1_209' title='bbox 1183 2961 1460 3017; x_wconf 82' lang='lat' dir='ltr'><strong>abscondit</strong></span> <span class='ocrx_word' id='word_1_210' title='bbox 1504 2979 1586 3017; x_wconf 85' lang='lat' dir='ltr'><strong>me</strong></span> <span class='ocrx_word' id='word_1_211' title='bbox 1631 2964 1685 3016; x_wconf 87' lang='lat' dir='ltr'><strong>in</strong></span> <span class='ocrx_word' id='word_1_212' title='bbox 1733 2963 1982 3017; x_wconf 84' lang='lat' dir='ltr'><strong>tabernu-</strong></span> 
     </span>
    </p>
   </div>
   <div class='ocr_carea' id='block_1_32' title="bbox 402 3050 1979 3125">
    <p class='ocr_par' dir='ltr' id='par_1_32' title="bbox 402 3050 1979 3125">
     <span class='ocr_line' id='line_1_32' title="bbox 402 3050 1979 3125; baseline 0.004 -21"><span class='ocrx_word' id='word_1_213' title='bbox 402 3050 520 3105; x_wconf 74' lang='lat' dir='ltr'><strong>culo</strong></span> <span class='ocrx_word' id='word_1_214' title='bbox 546 3066 566 3106; x_wconf 90' lang='lat'><strong><em>:</em></strong></span> <span class='ocrx_word' id='word_1_215' title='bbox 595 3052 650 3104; x_wconf 88' lang='lat' dir='ltr'><strong>in</strong></span> <span class='ocrx_word' id='word_1_216' title='bbox 672 3051 759 3106; x_wconf 73' lang='lat' dir='ltr'><strong>die</strong></span> <span class='ocrx_word' id='word_1_217' title='bbox 778 3052 1040 3107; x_wconf 83' lang='lat' dir='ltr'><strong>malorum</strong></span> <span class='ocrx_word' id='word_1_218' title='bbox 1082 3055 1311 3125; x_wconf 72' lang='lat' dir='ltr'><strong>protexit</strong></span> <span class='ocrx_word' id='word_1_219' title='bbox 1349 3070 1430 3108; x_wconf 90' lang='lat' dir='ltr'><strong>me</strong></span> <span class='ocrx_word' id='word_1_220' title='bbox 1459 3055 1514 3109; x_wconf 88' lang='lat' dir='ltr'><strong>in</strong></span> <span class='ocrx_word' id='word_1_221' title='bbox 1548 3054 1859 3111; x_wconf 80' lang='lat' dir='ltr'><strong>abscondito</strong></span> <span class='ocrx_word' id='word_1_222' title='bbox 1895 3064 1979 3110; x_wconf 81' lang='lat' dir='ltr'><strong>ta-</strong></span> 
     </span>
    </p>
   </div>
   <div class='ocr_carea' id='block_1_33' title="bbox 403 3139 1979 3213">
    <p class='ocr_par' dir='ltr' id='par_1_33' title="bbox 403 3139 1979 3213">
     <span class='ocr_line' id='line_1_33' title="bbox 403 3139 1979 3213; baseline 0.004 -21"><span class='ocrx_word' id='word_1_223' title='bbox 403 3139 675 3195; x_wconf 79' lang='lat' dir='ltr'><strong>bernaculi</strong></span> <span class='ocrx_word' id='word_1_224' title='bbox 703 3144 809 3198; x_wconf 76' lang='lat' dir='ltr'><strong>sui.</strong></span> <span class='ocrx_word' id='word_1_225' title='bbox 856 3143 922 3198; x_wconf 86' lang='lat' dir='ltr'><strong>In</strong></span> <span class='ocrx_word' id='word_1_226' title='bbox 954 3155 1107 3213; x_wconf 81' lang='lat' dir='ltr'><strong>petra</strong></span> <span class='ocrx_word' id='word_1_227' title='bbox 1158 3145 1415 3200; x_wconf 73' lang='lat' dir='ltr'><strong>exultavit</strong></span> <span class='ocrx_word' id='word_1_228' title='bbox 1465 3161 1565 3201; x_wconf 86' lang='lat' dir='ltr'><strong>me.</strong></span> <span class='ocrx_word' id='word_1_229' title='bbox 1618 3143 1746 3201; x_wconf 67' lang='lat' dir='ltr'><strong>Haec</strong></span> <span class='ocrx_word' id='word_1_230' title='bbox 1791 3145 1979 3200; x_wconf 84' lang='lat' dir='ltr'><strong>omnia</strong></span> 
     </span>
    </p>
   </div>
   <div class='ocr_carea' id='block_1_34' title="bbox 402 3232 1980 3309">
    <p class='ocr_par' dir='ltr' id='par_1_34' title="bbox 402 3232 1980 3309">
     <span class='ocr_line' id='line_1_34' title="bbox 402 3232 1980 3309; baseline 0.003 -23"><span class='ocrx_word' id='word_1_231' title='bbox 402 3232 535 3289; x_wconf 87' lang='lat' dir='ltr'><strong>mihi</strong></span> <span class='ocrx_word' id='word_1_232' title='bbox 583 3232 834 3291; x_wconf 86' lang='lat' dir='ltr'><strong>Salvator</strong></span> <span class='ocrx_word' id='word_1_233' title='bbox 866 3250 1022 3293; x_wconf 90' lang='lat' dir='ltr'><strong>meus</strong></span> <span class='ocrx_word' id='word_1_234' title='bbox 1060 3238 1289 3309; x_wconf 77' lang='lat' dir='ltr'><strong>largitus</strong></span> <span class='ocrx_word' id='word_1_235' title='bbox 1319 3246 1439 3302; x_wconf 86' lang='lat' dir='ltr'><strong>est,</strong></span> <span class='ocrx_word' id='word_1_236' title='bbox 1485 3237 1615 3292; x_wconf 80' lang='lat' dir='ltr'><strong>dum</strong></span> <span class='ocrx_word' id='word_1_237' title='bbox 1663 3240 1980 3307; x_wconf 75' lang='lat' dir='ltr'><strong>appropiant</strong></span> 
     </span>
    </p>
   </div>
   <div class='ocr_carea' id='block_1_35' title="bbox 402 3326 1982 3398">
    <p class='ocr_par' dir='ltr' id='par_1_35' title="bbox 402 3326 1982 3398">
     <span class='ocr_line' id='line_1_35' title="bbox 402 3326 1982 3398; baseline 0.002 -20"><span class='ocrx_word' id='word_1_238' title='bbox 402 3339 559 3393; x_wconf 73' lang='lat' dir='ltr'><strong>super</strong></span> <span class='ocrx_word' id='word_1_239' title='bbox 584 3342 666 3381; x_wconf 87' lang='lat' dir='ltr'><strong>me</strong></span> <span class='ocrx_word' id='word_1_240' title='bbox 689 3334 950 3394; x_wconf 74' lang='lat' dir='ltr'><strong>nocentes,</strong></span> <span class='ocrx_word' id='word_1_241' title='bbox 979 3338 1037 3382; x_wconf 82' lang='lat' dir='ltr'><strong>ut</strong></span> <span class='ocrx_word' id='word_1_242' title='bbox 1076 3329 1238 3383; x_wconf 85' lang='lat' dir='ltr'><strong>edant</strong></span> <span class='ocrx_word' id='word_1_243' title='bbox 1265 3345 1452 3383; x_wconf 86' lang='lat' dir='ltr'><strong>carnes</strong></span> <span class='ocrx_word' id='word_1_244' title='bbox 1481 3344 1647 3383; x_wconf 86' lang='lat' dir='ltr'><strong>meas.</strong></span> <span class='ocrx_word' id='word_1_245' title='bbox 1686 3326 1794 3398; x_wconf 87' lang='lat' dir='ltr'><strong>Ipsi</strong></span> <span class='ocrx_word' id='word_1_246' title='bbox 1826 3342 1982 3382; x_wconf 92' lang='lat' dir='ltr'><strong>nam-</strong></span> 
     </span>
    </p>
   </div>
   <div class='ocr_carea' id='block_1_36' title="bbox 399 3418 1981 3493">
    <p class='ocr_par' dir='ltr' id='par_1_36' title="bbox 399 3418 1981 3493">
     <span class='ocr_line' id='line_1_36' title="bbox 399 3418 1981 3493; baseline -0.009 -6"><span class='ocrx_word' id='word_1_247' title='bbox 399 3432 508 3487; x_wconf 75' lang='lat' dir='ltr'><strong>‘llle</strong></span> <span class='ocrx_word' id='word_1_248' title='bbox 528 3418 790 3476; x_wconf 80' lang='lat' dir='ltr'><strong>inﬁrmati</strong></span> <span class='ocrx_word' id='word_1_249' title='bbox 820 3428 952 3477; x_wconf 85' lang='lat' dir='ltr'><strong>sunt</strong></span> <span class='ocrx_word' id='word_1_250' title='bbox 986 3429 1043 3477; x_wconf 88' lang='lat' dir='ltr'><strong>et</strong></span> <span class='ocrx_word' id='word_1_251' title='bbox 1069 3422 1388 3478; x_wconf 88' lang='lat' dir='ltr'><strong>ceciderunt</strong></span> <span class='ocrx_word' id='word_1_252' title='bbox 1419 3440 1432 3477; x_wconf 91' lang='lat'><strong>:</strong></span> <span class='ocrx_word' id='word_1_253' title='bbox 1469 3436 1570 3493; x_wconf 72' lang='lat' dir='ltr'><strong>ego</strong></span> <span class='ocrx_word' id='word_1_254' title='bbox 1600 3427 1781 3476; x_wconf 89' lang='lat' dir='ltr'><strong>autem</strong></span> <span class='ocrx_word' id='word_1_255' title='bbox 1813 3420 1868 3475; x_wconf 91' lang='lat' dir='ltr'><strong>in</strong></span> <span class='ocrx_word' id='word_1_256' title='bbox 1896 3426 1981 3474; x_wconf 87' lang='lat' dir='ltr'><strong>ta-</strong></span> 
     </span>
    </p>
   </div>
   <div class='ocr_carea' id='block_1_37' title="bbox 400 3510 1979 3586">
    <p class='ocr_par' dir='ltr' id='par_1_37' title="bbox 400 3510 1979 3586">
     <span class='ocr_line' id='line_1_37' title="bbox 400 3510 1979 3586; baseline 0.001 -21"><span class='ocrx_word' id='word_1_257' title='bbox 400 3510 700 3569; x_wconf 88' lang='lat' dir='ltr'><strong>bernaculo</strong></span> <span class='ocrx_word' id='word_1_258' title='bbox 729 3512 987 3571; x_wconf 87' lang='lat' dir='ltr'><strong>habitans</strong></span> <span class='ocrx_word' id='word_1_259' title='bbox 1010 3513 1240 3570; x_wconf 83' lang='lat' dir='ltr'><strong>dextcra</strong></span> <span class='ocrx_word' id='word_1_260' title='bbox 1285 3515 1408 3586; x_wconf 88' lang='lat' dir='ltr'><strong>ejus</strong></span> <span class='ocrx_word' id='word_1_261' title='bbox 1447 3512 1780 3585; x_wconf 71' lang='lat' dir='ltr'><strong>contegebar</strong></span> <span class='ocrx_word' id='word_1_262' title='bbox 1801 3551 1816 3578; x_wconf 92' lang='lat'><strong>,</strong></span> <span class='ocrx_word' id='word_1_263' title='bbox 1851 3513 1979 3583; x_wconf 91' lang='lat' dir='ltr'><strong>quia</strong></span> 
     </span>
    </p>
   </div>
   <div class='ocr_carea' id='block_1_38' title="bbox 399 3603 1974 3678">
    <p class='ocr_par' dir='ltr' id='par_1_38' title="bbox 399 3603 1974 3678">
     <span class='ocr_line' id='line_1_38' title="bbox 399 3603 1974 3678; baseline 0.001 -21"><span class='ocrx_word' id='word_1_264' title='bbox 399 3603 610 3661; x_wconf 87' lang='lat' dir='ltr'><strong>scilicet</strong></span> <span class='ocrx_word' id='word_1_265' title='bbox 657 3605 718 3662; x_wconf 91' lang='lat' dir='ltr'><strong>in</strong></span> <span class='ocrx_word' id='word_1_266' title='bbox 760 3606 994 3662; x_wconf 84' lang='lat' dir='ltr'><strong>desertis</strong></span> <span class='ocrx_word' id='word_1_267' title='bbox 1049 3606 1185 3663; x_wconf 88' lang='lat' dir='ltr'><strong>locis</strong></span> <span class='ocrx_word' id='word_1_268' title='bbox 1217 3614 1350 3663; x_wconf 90' lang='lat' dir='ltr'><strong>tunc</strong></span> <span class='ocrx_word' id='word_1_269' title='bbox 1384 3606 1647 3678; x_wconf 89' lang='lat' dir='ltr'><strong>temporis</strong></span> <span class='ocrx_word' id='word_1_270' title='bbox 1678 3605 1974 3670; x_wconf 82' lang='lat' dir='ltr'><strong>versabar,</strong></span> 
     </span>
    </p>
   </div>
   <div class='ocr_carea' id='block_1_39' title="bbox 397 3697 1979 3768">
    <p class='ocr_par' dir='ltr' id='par_1_39' title="bbox 397 3697 1979 3768">
     <span class='ocr_line' id='line_1_39' title="bbox 397 3697 1979 3768; baseline 0.001 -17"><span class='ocrx_word' id='word_1_271' title='bbox 397 3697 545 3767; x_wconf 91' lang='lat' dir='ltr'><strong>quod</strong></span> <span class='ocrx_word' id='word_1_272' title='bbox 578 3697 823 3754; x_wconf 89' lang='lat' dir='ltr'><strong>nondum</strong></span> <span class='ocrx_word' id='word_1_273' title='bbox 851 3699 1087 3755; x_wconf 85' lang='lat' dir='ltr'><strong>excitata</strong></span> <span class='ocrx_word' id='word_1_274' title='bbox 1113 3698 1311 3755; x_wconf 88' lang='lat' dir='ltr'><strong>domus</strong></span> <span class='ocrx_word' id='word_1_275' title='bbox 1344 3697 1560 3756; x_wconf 89' lang='lat' dir='ltr'><strong>Domini</strong></span> <span class='ocrx_word' id='word_1_276' title='bbox 1585 3705 1770 3763; x_wconf 87' lang='lat' dir='ltr'><strong>esset,</strong></span> <span class='ocrx_word' id='word_1_277' title='bbox 1800 3712 1979 3768; x_wconf 89' lang='lat' dir='ltr'><strong>neque</strong></span> 
     </span>
    </p>
   </div>
   <div class='ocr_carea' id='block_1_40' title="bbox 397 3788 1977 3863">
    <p class='ocr_par' dir='ltr' id='par_1_40' title="bbox 397 3788 1977 3863">
     <span class='ocr_line' id='line_1_40' title="bbox 397 3788 1977 3863; baseline 0.001 -21"><span class='ocrx_word' id='word_1_278' title='bbox 397 3789 664 3859; x_wconf 88' lang='lat' dir='ltr'><strong>templum</strong></span> <span class='ocrx_word' id='word_1_279' title='bbox 683 3790 805 3862; x_wconf 79' lang='lat' dir='ltr'><strong>ejus</strong></span> <span class='ocrx_word' id='word_1_280' title='bbox 834 3798 1093 3849; x_wconf 76' lang='lat' dir='ltr'><strong>exstaret.</strong></span> <span class='ocrx_word' id='word_1_281' title='bbox 1124 3789 1231 3847; x_wconf 90' lang='lat' dir='ltr'><strong>Sed</strong></span> <span class='ocrx_word' id='word_1_282' title='bbox 1271 3792 1391 3863; x_wconf 88' lang='lat' dir='ltr'><strong>ipse</strong></span> <span class='ocrx_word' id='word_1_283' title='bbox 1428 3792 1666 3862; x_wconf 87' lang='lat' dir='ltr'><strong>protexit</strong></span> <span class='ocrx_word' id='word_1_284' title='bbox 1690 3806 1777 3847; x_wconf 93' lang='lat' dir='ltr'><strong>me</strong></span> <span class='ocrx_word' id='word_1_285' title='bbox 1808 3791 1863 3845; x_wconf 91' lang='lat' dir='ltr'><strong>in</strong></span> <span class='ocrx_word' id='word_1_286' title='bbox 1887 3788 1977 3845; x_wconf 91' lang='lat' dir='ltr'><strong>die</strong></span> 
     </span>
    </p>
   </div>
   <div class='ocr_carea' id='block_1_41' title="bbox 397 3880 1975 3955">
    <p class='ocr_par' dir='ltr' id='par_1_41' title="bbox 397 3880 1975 3955">
     <span class='ocr_line' id='line_1_41' title="bbox 397 3880 1975 3955; baseline 0.002 -20"><span class='ocrx_word' id='word_1_287' title='bbox 397 3880 688 3947; x_wconf 88' lang='lat' dir='ltr'><strong>malorum,</strong></span> <span class='ocrx_word' id='word_1_288' title='bbox 733 3880 789 3938; x_wconf 94' lang='lat' dir='ltr'><strong>id</strong></span> <span class='ocrx_word' id='word_1_289' title='bbox 817 3893 921 3949; x_wconf 89' lang='lat' dir='ltr'><strong>est,</strong></span> <span class='ocrx_word' id='word_1_290' title='bbox 957 3890 1204 3955; x_wconf 90' lang='lat' dir='ltr'><strong>tempore</strong></span> <span class='ocrx_word' id='word_1_291' title='bbox 1233 3885 1679 3955; x_wconf 87' lang='lat' dir='ltr'><strong>persecutionum</strong></span> <span class='ocrx_word' id='word_1_292' title='bbox 1710 3891 1767 3939; x_wconf 91' lang='lat' dir='ltr'><strong>et</strong></span> <span class='ocrx_word' id='word_1_293' title='bbox 1796 3889 1975 3939; x_wconf 89' lang='lat' dir='ltr'><strong>tenta-</strong></span> 
     </span>
    </p>
   </div>
   <div class='ocr_carea' id='block_1_42' title="bbox 395 3973 1977 4048">
    <p class='ocr_par' dir='ltr' id='par_1_42' title="bbox 395 3973 1977 4048">
     <span class='ocr_line' id='line_1_42' title="bbox 395 3973 1977 4048; baseline 0.003 -22"><span class='ocrx_word' id='word_1_294' title='bbox 395 3973 638 4042; x_wconf 89' lang='lat' dir='ltr'><strong>tionum;</strong></span> <span class='ocrx_word' id='word_1_295' title='bbox 696 3989 805 4031; x_wconf 89' lang='lat' dir='ltr'><strong>non</strong></span> <span class='ocrx_word' id='word_1_296' title='bbox 848 3975 957 4031; x_wconf 79' lang='lat' dir='ltr'><strong>alio</strong></span> <span class='ocrx_word' id='word_1_297' title='bbox 1004 3975 1059 4031; x_wconf 91' lang='lat' dir='ltr'><strong>in</strong></span> <span class='ocrx_word' id='word_1_298' title='bbox 1090 3976 1231 4043; x_wconf 84' lang='lat' dir='ltr'><strong>loco,</strong></span> <span class='ocrx_word' id='word_1_299' title='bbox 1263 3990 1426 4048; x_wconf 80' lang='lat' dir='ltr'><strong>quam</strong></span> <span class='ocrx_word' id='word_1_300' title='bbox 1460 3976 1513 4031; x_wconf 91' lang='lat' dir='ltr'><strong>in</strong></span> <span class='ocrx_word' id='word_1_301' title='bbox 1539 3975 1866 4033; x_wconf 84' lang='lat' dir='ltr'><strong>abscondito</strong></span> <span class='ocrx_word' id='word_1_302' title='bbox 1894 3983 1977 4031; x_wconf 87' lang='lat' dir='ltr'><strong>ta-</strong></span> 
     </span>
    </p>
   </div>
   <div class='ocr_carea' id='block_1_43' title="bbox 396 4064 1971 4141">
    <p class='ocr_par' dir='ltr' id='par_1_43' title="bbox 396 4064 1971 4141">
     <span class='ocr_line' id='line_1_43' title="bbox 396 4064 1971 4141; baseline 0.003 -21"><span class='ocrx_word' id='word_1_303' title='bbox 396 4064 677 4123; x_wconf 88' lang='lat' dir='ltr'><strong>bernaculi</strong></span> <span class='ocrx_word' id='word_1_304' title='bbox 707 4068 816 4125; x_wconf 90' lang='lat' dir='ltr'><strong>sui.</strong></span> <span class='ocrx_word' id='word_1_305' title='bbox 849 4067 1091 4140; x_wconf 80' lang='lat' dir='ltr'><strong>Hujusce</strong></span> <span class='ocrx_word' id='word_1_306' title='bbox 1121 4084 1287 4141; x_wconf 93' lang='lat' dir='ltr'><strong>porro</strong></span> <span class='ocrx_word' id='word_1_307' title='bbox 1303 4069 1437 4126; x_wconf 87' lang='lat' dir='ltr'><strong>dicti</strong></span> <span class='ocrx_word' id='word_1_308' title='bbox 1466 4069 1971 4140; x_wconf 86' lang='lat' dir='ltr'><strong>interpretationem</strong></span> 
     </span>
    </p>
   </div>
   <div class='ocr_carea' id='block_1_44' title="bbox 395 4155 1973 4233">
    <p class='ocr_par' dir='ltr' id='par_1_44' title="bbox 395 4155 1973 4233">
     <span class='ocr_line' id='line_1_44' title="bbox 395 4155 1973 4233; baseline 0.005 -24"><span class='ocrx_word' id='word_1_309' title='bbox 395 4155 737 4214; x_wconf 85' lang='lat' dir='ltr'><strong>mutuaberis</strong></span> <span class='ocrx_word' id='word_1_310' title='bbox 788 4174 858 4214; x_wconf 86' lang='lat' dir='ltr'><strong>ex</strong></span> <span class='ocrx_word' id='word_1_311' title='bbox 920 4158 990 4216; x_wconf 84' lang='lat' dir='ltr'><strong>iis</strong></span> <span class='ocrx_word' id='word_1_312' title='bbox 1042 4175 1167 4231; x_wconf 67' lang='lat' dir='ltr'><strong>qua:</strong></span> <span class='ocrx_word' id='word_1_313' title='bbox 1219 4159 1433 4233; x_wconf 81' lang='lat' dir='ltr'><strong>Moyses</strong></span> <span class='ocrx_word' id='word_1_314' title='bbox 1491 4160 1561 4216; x_wconf 92' lang='lat' dir='ltr'><strong>de</strong></span> <span class='ocrx_word' id='word_1_315' title='bbox 1619 4160 1973 4218; x_wconf 79' lang='lat' dir='ltr'><strong>tabernaculo</strong></span> 
     </span>
    </p>
   </div>
   <div class='ocr_carea' id='block_1_45' title="bbox 392 4248 1973 4325">
    <p class='ocr_par' dir='ltr' id='par_1_45' title="bbox 392 4248 1973 4325">
     <span class='ocr_line' id='line_1_45' title="bbox 392 4248 1973 4325; baseline 0.004 -24"><span class='ocrx_word' id='word_1_316' title='bbox 392 4248 761 4321; x_wconf 87' lang='lat' dir='ltr'><strong>conscripsit,</strong></span> <span class='ocrx_word' id='word_1_317' title='bbox 820 4265 1036 4307; x_wconf 89' lang='lat' dir='ltr'><strong>necnon</strong></span> <span class='ocrx_word' id='word_1_318' title='bbox 1085 4252 1155 4308; x_wconf 90' lang='lat' dir='ltr'><strong>de</strong></span> <span class='ocrx_word' id='word_1_319' title='bbox 1210 4253 1551 4309; x_wconf 87' lang='lat' dir='ltr'><strong>tabernaculi</strong></span> <span class='ocrx_word' id='word_1_320' title='bbox 1603 4252 1811 4310; x_wconf 88' lang='lat' dir='ltr'><strong>intimis</strong></span> <span class='ocrx_word' id='word_1_321' title='bbox 1852 4269 1973 4325; x_wconf 89' lang='lat' dir='ltr'><strong>par-</strong></span> 
     </span>
    </p>
   </div>
   <div class='ocr_carea' id='block_1_46' title="bbox 389 4338 1968 4412">
    <p class='ocr_par' dir='ltr' id='par_1_46' title="bbox 389 4338 1968 4412">
     <span class='ocr_line' id='line_1_46' title="bbox 389 4338 1968 4412; baseline 0.004 -20"><span class='ocrx_word' id='word_1_322' title='bbox 389 4338 569 4405; x_wconf 84' lang='lat' dir='ltr'><strong>tibus,</strong></span> <span class='ocrx_word' id='word_1_323' title='bbox 601 4356 723 4412; x_wconf 71' lang='lat' dir='ltr'><strong>quae</strong></span> <span class='ocrx_word' id='word_1_324' title='bbox 758 4343 1017 4400; x_wconf 89' lang='lat' dir='ltr'><strong>omnibus</strong></span> <span class='ocrx_word' id='word_1_325' title='bbox 1042 4344 1595 4412; x_wconf 64' lang='lat' dir='ltr'><strong>inaccessae,Sancta</strong></span> <span class='ocrx_word' id='word_1_326' title='bbox 1652 4353 1968 4403; x_wconf 86' lang='lat' dir='ltr'><strong>sanctorum</strong></span> 
     </span>
    </p>
   </div>
   <div class='ocr_carea' id='block_1_47' title="bbox 390 4433 1965 4495">
    <p class='ocr_par' dir='ltr' id='par_1_47' title="bbox 390 4433 1965 4495">
     <span class='ocr_line' id='line_1_47' title="bbox 390 4433 1965 4495; baseline 0.003 -9"><span class='ocrx_word' id='word_1_327' title='bbox 390 4433 751 4489; x_wconf 85' lang='lat' dir='ltr'><strong>vocabantur.</strong></span> <span class='ocrx_word' id='word_1_328' title='bbox 825 4433 952 4491; x_wconf 69' lang='lat' dir='ltr'><strong>Haec</strong></span> <span class='ocrx_word' id='word_1_329' title='bbox 1012 4443 1170 4493; x_wconf 86' lang='lat' dir='ltr'><strong>erant</strong></span> <span class='ocrx_word' id='word_1_330' title='bbox 1227 4437 1546 4495; x_wconf 85' lang='lat' dir='ltr'><strong>abscondita</strong></span> <span class='ocrx_word' id='word_1_331' title='bbox 1607 4436 1965 4494; x_wconf 88' lang='lat' dir='ltr'><strong>tabernaculi.</strong></span> 
     </span>
    </p>
   </div>
   <div class='ocr_carea' id='block_1_48' title="bbox 2108 570 3683 643">
    <p class='ocr_par' dir='ltr' id='par_1_48' title="bbox 2108 570 3683 643">
     <span class='ocr_line' id='line_1_48' title="bbox 2108 570 3683 643; baseline 0.003 -22"><span class='ocrx_word' id='word_1_332' title='bbox 2108 571 2229 622; x_wconf 88' lang='grc' dir='ltr'>κατ’</span> <span class='ocrx_word' id='word_1_333' title='bbox 2264 570 2396 640; x_wconf 91' lang='grc' dir='ltr'>ἐμοῦ</span> <span class='ocrx_word' id='word_1_334' title='bbox 2439 570 2831 641; x_wconf 82' lang='grc' dir='ltr'><strong>διανοηθέντες,</strong></span> <span class='ocrx_word' id='word_1_335' title='bbox 2863 572 2957 626; x_wconf 74' lang='grc' dir='ltr'>καὶ</span> <span class='ocrx_word' id='word_1_336' title='bbox 2998 571 3099 642; x_wconf 74' lang='grc' dir='ltr'>ἢδη</span> <span class='ocrx_word' id='word_1_337' title='bbox 3142 571 3367 643; x_wconf 82' lang='grc' dir='ltr'><strong>πλησίον</strong></span> <span class='ocrx_word' id='word_1_338' title='bbox 3402 571 3683 643; x_wconf 82' lang='grc' dir='ltr'>γενόμενοι</span> 
     </span>
    </p>
   </div>
   <div class='ocr_carea' id='block_1_49' title="bbox 2103 658 3682 735">
    <p class='ocr_par' dir='ltr' id='par_1_49' title="bbox 2103 658 3682 735">
     <span class='ocr_line' id='line_1_49' title="bbox 2103 658 3682 735; baseline 0.003 -24"><span class='ocrx_word' id='word_1_339' title='bbox 2103 658 2212 712; x_wconf 88' lang='grc' dir='ltr'><strong>τῶν</strong></span> <span class='ocrx_word' id='word_1_340' title='bbox 2244 660 2392 730; x_wconf 83' lang='grc' dir='ltr'>ἐμῶν</span> <span class='ocrx_word' id='word_1_341' title='bbox 2427 662 2665 732; x_wconf 81' lang='grc' dir='ltr'><strong>σαρκῶν,</strong></span> <span class='ocrx_word' id='word_1_342' title='bbox 2701 662 2802 715; x_wconf 85' lang='grc' dir='ltr'><strong>οὐκ</strong></span> <span class='ocrx_word' id='word_1_343' title='bbox 2841 658 2936 716; x_wconf 74' lang='grc' dir='ltr'>οἷδ’</span> <span class='ocrx_word' id='word_1_344' title='bbox 2964 663 3112 726; x_wconf 88' lang='grc' dir='ltr'>ὃπως</span> <span class='ocrx_word' id='word_1_345' title='bbox 3151 661 3295 734; x_wconf 79' lang='grc' dir='ltr'>ἆπερ</span> <span class='ocrx_word' id='word_1_346' title='bbox 3325 662 3528 735; x_wconf 80' lang='grc' dir='ltr'>πρᾶξαι</span> <span class='ocrx_word' id='word_1_347' title='bbox 3559 664 3682 717; x_wconf 79' lang='grc' dir='ltr'>κατ’</span> 
     </span>
    </p>
   </div>
   <div class='ocr_carea' id='block_1_50' title="bbox 2105 752 3677 827">
    <p class='ocr_par' dir='ltr' id='par_1_50' title="bbox 2105 752 3677 827">
     <span class='ocr_line' id='line_1_50' title="bbox 2105 752 3677 827; baseline 0.001 -22"><span class='ocrx_word' id='word_1_348' title='bbox 2105 752 2242 823; x_wconf 86' lang='grc' dir='ltr'>ἐμοῦ</span> <span class='ocrx_word' id='word_1_349' title='bbox 2290 754 2647 826; x_wconf 86' lang='grc' dir='ltr'>διανενόηντο,</span> <span class='ocrx_word' id='word_1_350' title='bbox 2693 755 2868 809; x_wconf 90' lang='grc' dir='ltr'>ταῦτα</span> <span class='ocrx_word' id='word_1_351' title='bbox 2910 755 3273 810; x_wconf 71' lang='grc' dir='ltr'>πεπόνθασιψ</span> <span class='ocrx_word' id='word_1_352' title='bbox 3330 754 3511 810; x_wconf 75' lang='grc' dir='ltr'>Αὐτοὶ</span> <span class='ocrx_word' id='word_1_353' title='bbox 3548 757 3677 827; x_wconf 78' lang='grc' dir='ltr'>γὰρ,</span> 
     </span>
    </p>
   </div>
   <div class='ocr_carea' id='block_1_51' title="bbox 2102 836 3681 919">
    <p class='ocr_par' dir='ltr' id='par_1_51' title="bbox 2102 836 3681 919">
     <span class='ocr_line' id='line_1_51' title="bbox 2102 836 3681 919; baseline 0.004 -23"><span class='ocrx_word' id='word_1_354' title='bbox 2102 843 2289 914; x_wconf 75' lang='grc' dir='ltr'>φησὶν,</span> <span class='ocrx_word' id='word_1_355' title='bbox 2335 845 2689 914; x_wconf 79' lang='grc' dir='ltr'>ἠσθένησαν</span> <span class='ocrx_word' id='word_1_356' title='bbox 2703 888 2718 914; x_wconf 91' lang='grc'><strong>,</strong></span> <span class='ocrx_word' id='word_1_357' title='bbox 2748 847 2847 902; x_wconf 76' lang='grc' dir='ltr'>καὶ</span> <span class='ocrx_word' id='word_1_358' title='bbox 2884 846 3134 913; x_wconf 76' lang='grc' dir='ltr'>ἔπεσαν,</span> <span class='ocrx_word' id='word_1_359' title='bbox 3187 848 3337 903; x_wconf 80' lang='grc' dir='ltr'>οὐδὲν</span> <span class='ocrx_word' id='word_1_360' title='bbox 3378 848 3515 919; x_wconf 88' lang='grc' dir='ltr'>ἐμοῦ</span> <span class='ocrx_word' id='word_1_361' title='bbox 3560 836 3681 903; x_wconf 83' lang='grc' dir='ltr'>κατ’</span> 
     </span>
    </p>
   </div>
   <div class='ocr_carea' id='block_1_52' title="bbox 2100 936 3680 1013">
    <p class='ocr_par' dir='ltr' id='par_1_52' title="bbox 2100 936 3680 1013">
     <span class='ocr_line' id='line_1_52' title="bbox 2100 936 3680 1013; baseline 0.003 -22"><span class='ocrx_word' id='word_1_362' title='bbox 2100 936 2280 992; x_wconf 78' lang='grc' dir='ltr'>αὐτῶν</span> <span class='ocrx_word' id='word_1_363' title='bbox 2321 939 2682 1012; x_wconf 70' lang='grc' dir='ltr'>ἐνηργηκότοι,</span> <span class='ocrx_word' id='word_1_364' title='bbox 2705 957 2720 971; x_wconf 70' lang='grc' dir='ltr'><strong>θ</strong></span> <span class='ocrx_word' id='word_1_365' title='bbox 2761 940 2897 994; x_wconf 84' lang='grc' dir='ltr'>ἀλλὰ</span> <span class='ocrx_word' id='word_1_366' title='bbox 2936 940 3137 1013; x_wconf 83' lang='grc' dir='ltr'>δηλαδὴ</span> <span class='ocrx_word' id='word_1_367' title='bbox 3182 941 3275 996; x_wconf 90' lang='grc' dir='ltr'><strong>τοῦ</strong></span> <span class='ocrx_word' id='word_1_368' title='bbox 3323 941 3457 1012; x_wconf 82' lang='grc' dir='ltr'>ἐμοῦ</span> <span class='ocrx_word' id='word_1_369' title='bbox 3506 943 3680 1012; x_wconf 80' lang='grc' dir='ltr'>φωτὸς</span> 
     </span>
    </p>
   </div>
   <div class='ocr_carea' id='block_1_53' title="bbox 2101 1029 3679 1106">
    <p class='ocr_par' dir='ltr' id='par_1_53' title="bbox 2101 1029 3679 1106">
     <span class='ocr_line' id='line_1_53' title="bbox 2101 1029 3679 1106; baseline 0.004 -23"><span class='ocrx_word' id='word_1_370' title='bbox 2101 1031 2197 1083; x_wconf 77' lang='grc' dir='ltr'><strong>καὶ</strong></span> <span class='ocrx_word' id='word_1_371' title='bbox 2231 1029 2327 1085; x_wconf 89' lang='grc' dir='ltr'><strong>τοῦ</strong></span> <span class='ocrx_word' id='word_1_372' title='bbox 2369 1030 2505 1103; x_wconf 87' lang='grc' dir='ltr'>ἐμοῦ</span> <span class='ocrx_word' id='word_1_373' title='bbox 2549 1033 2790 1105; x_wconf 90' lang='grc' dir='ltr'>σωτῆρος</span> <span class='ocrx_word' id='word_1_374' title='bbox 2818 1034 3112 1106; x_wconf 74' lang='grc' dir='ltr'>ἀπορρήτῳ</span> <span class='ocrx_word' id='word_1_375' title='bbox 3137 1034 3231 1088; x_wconf 79' lang='grc' dir='ltr'><strong>καὶ</strong></span> <span class='ocrx_word' id='word_1_376' title='bbox 3260 1035 3413 1106; x_wconf 79' lang='grc' dir='ltr'>θεῖκῇ</span> <span class='ocrx_word' id='word_1_377' title='bbox 3452 1034 3679 1106; x_wconf 82' lang='grc' dir='ltr'><strong>δυνάμει</strong></span> 
     </span>
    </p>
   </div>
   <div class='ocr_carea' id='block_1_54' title="bbox 2102 1121 3679 1196">
    <p class='ocr_par' dir='ltr' id='par_1_54' title="bbox 2102 1121 3679 1196">
     <span class='ocr_line' id='line_1_54' title="bbox 2102 1121 3679 1196; baseline 0.003 -23"><span class='ocrx_word' id='word_1_378' title='bbox 2102 1122 2223 1174; x_wconf 89' lang='grc' dir='ltr'>κατ’</span> <span class='ocrx_word' id='word_1_379' title='bbox 2266 1121 2447 1175; x_wconf 79' lang='grc' dir='ltr'>αὐτῶν</span> <span class='ocrx_word' id='word_1_380' title='bbox 2496 1124 2966 1196; x_wconf 79' lang='grc' dir='ltr'><strong>στρατευσαμένου</strong></span> <span class='ocrx_word' id='word_1_381' title='bbox 3017 1126 3110 1179; x_wconf 78' lang='grc' dir='ltr'>καὶ</span> <span class='ocrx_word' id='word_1_382' title='bbox 3151 1125 3547 1190; x_wconf 89' lang='grc' dir='ltr'>καταϐαλόντος</span> <span class='ocrx_word' id='word_1_383' title='bbox 3586 1126 3679 1178; x_wconf 80' lang='grc' dir='ltr'><strong>αὑ-</strong></span> 
     </span>
    </p>
   </div>
   <div class='ocr_carea' id='block_1_55' title="bbox 2099 1210 3678 1287">
    <p class='ocr_par' dir='ltr' id='par_1_55' title="bbox 2099 1210 3678 1287">
     <span class='ocr_line' id='line_1_55' title="bbox 2099 1210 3678 1287; baseline 0.004 -25"><span class='ocrx_word' id='word_1_384' title='bbox 2099 1210 2246 1273; x_wconf 81' lang='grc' dir='ltr'>τοὺς,</span> <span class='ocrx_word' id='word_1_385' title='bbox 2284 1212 2348 1263; x_wconf 81' lang='grc' dir='ltr'><strong>ἵν’</strong></span> <span class='ocrx_word' id='word_1_386' title='bbox 2372 1211 2483 1281; x_wconf 87' lang='grc' dir='ltr'>ἐγώ</span> <span class='ocrx_word' id='word_1_387' title='bbox 2513 1230 2572 1266; x_wconf 86' lang='grc' dir='ltr'><strong>τε</strong></span> <span class='ocrx_word' id='word_1_388' title='bbox 2600 1214 2851 1285; x_wconf 79' lang='grc' dir='ltr'>ρυσθείην</span> <span class='ocrx_word' id='word_1_389' title='bbox 2876 1215 2976 1285; x_wconf 89' lang='grc' dir='ltr'><strong>τῆς</strong></span> <span class='ocrx_word' id='word_1_390' title='bbox 3016 1215 3196 1269; x_wconf 81' lang='grc' dir='ltr'>αὐτῶν</span> <span class='ocrx_word' id='word_1_391' title='bbox 3241 1216 3550 1287; x_wconf 89' lang='grc' dir='ltr'>ἐπιϐουλῆς,</span> <span class='ocrx_word' id='word_1_392' title='bbox 3585 1217 3678 1270; x_wconf 80' lang='grc' dir='ltr'><strong>καὶ</strong></span> 
     </span>
    </p>
   </div>
   <div class='ocr_carea' id='block_1_56' title="bbox 2103 1300 3676 1379">
    <p class='ocr_par' dir='ltr' id='par_1_56' title="bbox 2103 1300 3676 1379">
     <span class='ocr_line' id='line_1_56' title="bbox 2103 1300 3676 1379; baseline 0.007 -27"><span class='ocrx_word' id='word_1_393' title='bbox 2103 1300 2271 1372; x_wconf 83' lang='grc' dir='ltr'>μηδὲν</span> <span class='ocrx_word' id='word_1_394' title='bbox 2314 1301 2587 1375; x_wconf 84' lang='grc' dir='ltr'>βλαϐείην,</span> <span class='ocrx_word' id='word_1_395' title='bbox 2631 1306 2786 1359; x_wconf 80' lang='grc' dir='ltr'>αὐτοί</span> <span class='ocrx_word' id='word_1_396' title='bbox 2830 1323 2891 1359; x_wconf 88' lang='grc' dir='ltr'><strong>τε</strong></span> <span class='ocrx_word' id='word_1_397' title='bbox 2937 1306 3288 1379; x_wconf 82' lang='grc' dir='ltr'>ὼφεληθεῖεν,</span> <span class='ocrx_word' id='word_1_398' title='bbox 3324 1308 3425 1379; x_wconf 90' lang='grc' dir='ltr'><strong>τῆς</strong></span> <span class='ocrx_word' id='word_1_399' title='bbox 3469 1309 3676 1363; x_wconf 79' lang='grc' dir='ltr'>ἑαυτῶν</span> 
     </span>
    </p>
   </div>
   <div class='ocr_carea' id='block_1_57' title="bbox 2100 1392 3675 1470">
    <p class='ocr_par' dir='ltr' id='par_1_57' title="bbox 2100 1392 3675 1470">
     <span class='ocr_line' id='line_1_57' title="bbox 2100 1392 3675 1470; baseline 0.004 -24"><span class='ocrx_word' id='word_1_400' title='bbox 2100 1392 2297 1458; x_wconf 82' lang='grc' dir='ltr'>κακίας</span> <span class='ocrx_word' id='word_1_401' title='bbox 2325 1393 2801 1467; x_wconf 75' lang='grc' dir='ltr'>ὲξασθενήσαντες,</span> <span class='ocrx_word' id='word_1_402' title='bbox 2836 1396 3192 1468; x_wconf 86' lang='grc' dir='ltr'>κερδάναντες</span> <span class='ocrx_word' id='word_1_403' title='bbox 3213 1398 3294 1468; x_wconf 84' lang='grc' dir='ltr'>τῷ</span> <span class='ocrx_word' id='word_1_404' title='bbox 3325 1398 3401 1470; x_wconf 77' lang='grc' dir='ltr'>μὴ</span> <span class='ocrx_word' id='word_1_405' title='bbox 3426 1398 3525 1470; x_wconf 82' lang='grc' dir='ltr'>τὴν</span> <span class='ocrx_word' id='word_1_406' title='bbox 3552 1401 3675 1453; x_wconf 81' lang='grc' dir='ltr'>ἐαυ-</span> 
     </span>
    </p>
   </div>
   <div class='ocr_carea' id='block_1_58' title="bbox 2098 1484 3672 1565">
    <p class='ocr_par' dir='ltr' id='par_1_58' title="bbox 2098 1484 3672 1565">
     <span class='ocr_line' id='line_1_58' title="bbox 2098 1484 3672 1565; baseline 0.006 -27"><span class='ocrx_word' id='word_1_407' title='bbox 2098 1484 2207 1539; x_wconf 87' lang='grc' dir='ltr'><strong>τῶν</strong></span> <span class='ocrx_word' id='word_1_408' title='bbox 2240 1486 2472 1558; x_wconf 76' lang='grc' dir='ltr'>αὐξῆσαι</span> <span class='ocrx_word' id='word_1_409' title='bbox 2513 1488 2813 1561; x_wconf 82' lang='grc' dir='ltr'>μοχθηρίαν</span> <span class='ocrx_word' id='word_1_410' title='bbox 2840 1488 2931 1542; x_wconf 77' lang='grc' dir='ltr'>διὰ</span> <span class='ocrx_word' id='word_1_411' title='bbox 2972 1489 3074 1559; x_wconf 88' lang='grc' dir='ltr'><strong>τῆς</strong></span> <span class='ocrx_word' id='word_1_412' title='bbox 3104 1492 3223 1544; x_wconf 87' lang='grc' dir='ltr'>κατ’</span> <span class='ocrx_word' id='word_1_413' title='bbox 3272 1489 3406 1561; x_wconf 89' lang='grc' dir='ltr'>ἐμοῦ</span> <span class='ocrx_word' id='word_1_414' title='bbox 3451 1491 3672 1565; x_wconf 87' lang='grc' dir='ltr'>βλάϐης.</span> 
     </span>
    </p>
   </div>
   <div class='ocr_carea' id='block_1_59' title="bbox 2104 1578 3674 1652">
    <p class='ocr_par' dir='ltr' id='par_1_59' title="bbox 2104 1578 3674 1652">
     <span class='ocr_line' id='line_1_59' title="bbox 2104 1578 3674 1652; baseline 0.004 -22"><span class='ocrx_word' id='word_1_415' title='bbox 2104 1578 2201 1631; x_wconf 85' lang='grc' dir='ltr'>Ἐν</span> <span class='ocrx_word' id='word_1_416' title='bbox 2245 1595 2384 1632; x_wconf 87' lang='grc' dir='ltr'>τισιν</span> <span class='ocrx_word' id='word_1_417' title='bbox 2426 1580 2851 1652; x_wconf 81' lang='grc' dir='ltr'>ἐπιγέγραπται,</span> <span class='ocrx_word' id='word_1_418' title='bbox 2901 1581 3148 1651; x_wconf 75' lang='grc' dir='ltr'>Ψαλμὸς</span> <span class='ocrx_word' id='word_1_419' title='bbox 3185 1582 3292 1637; x_wconf 85' lang='grc' dir='ltr'><strong>τοῦ</strong></span> <span class='ocrx_word' id='word_1_420' title='bbox 3334 1581 3512 1637; x_wconf 84' lang='grc' dir='ltr'>Δαυῒδ</span> <span class='ocrx_word' id='word_1_421' title='bbox 3560 1584 3674 1652; x_wconf 80' lang='grc' dir='ltr'>πρὸ</span> 
     </span>
    </p>
   </div>
   <div class='ocr_carea' id='block_1_60' title="bbox 2098 1670 3377 1741">
    <p class='ocr_par' dir='ltr' id='par_1_60' title="bbox 2098 1670 3377 1741">
     <span class='ocr_line' id='line_1_60' title="bbox 2098 1670 3377 1741; baseline 0.005 -17"><span class='ocrx_word' id='word_1_422' title='bbox 2098 1670 2205 1725; x_wconf 84' lang='grc' dir='ltr'><strong>τοῦ</strong></span> <span class='ocrx_word' id='word_1_423' title='bbox 2233 1671 2577 1741; x_wconf 65' lang='grc' dir='ltr'>χωσθῆναι.</span> <span class='ocrx_word' id='word_1_424' title='bbox 2889 1711 2893 1714; x_wconf 66' lang='lat'><strong><em>~</em></strong></span> <span class='ocrx_word' id='word_1_425' title='bbox 3365 1710 3377 1722; x_wconf 84' lang='lat'><strong>-</strong></span> 
     </span>
    </p>
   </div>
   <div class='ocr_carea' id='block_1_61' title="bbox 2171 1761 3656 1837">
    <p class='ocr_par' dir='ltr' id='par_1_61' title="bbox 2171 1761 3656 1837">
     <span class='ocr_line' id='line_1_61' title="bbox 2171 1761 3656 1837; baseline 0.005 -22"><span class='ocrx_word' id='word_1_426' title='bbox 2171 1761 2331 1816; x_wconf 70' lang='grc' dir='ltr'>Μίαν</span> <span class='ocrx_word' id='word_1_427' title='bbox 2378 1764 2699 1835; x_wconf 73' lang='grc' dir='ltr'>ᾐτησάμην</span> <span class='ocrx_word' id='word_1_428' title='bbox 2734 1763 2895 1834; x_wconf 76' lang='grc' dir='ltr'>παρὰ</span> <span class='ocrx_word' id='word_1_429' title='bbox 2941 1767 3185 1834; x_wconf 83' lang='grc' dir='ltr'>Κυρίου,</span> <span class='ocrx_word' id='word_1_430' title='bbox 3235 1767 3463 1835; x_wconf 76' lang='grc' dir='ltr'>ταύτην</span> <span class='ocrx_word' id='word_1_431' title='bbox 3506 1765 3656 1837; x_wconf 74' lang='grc' dir='ltr'>ἐκζη·</span> 
     </span>
    </p>
   </div>
   <div class='ocr_carea' id='block_1_62' title="bbox 2096 1854 3665 1928">
    <p class='ocr_par' dir='ltr' id='par_1_62' title="bbox 2096 1854 3665 1928">
     <span class='ocr_line' id='line_1_62' title="bbox 2096 1854 3665 1928; baseline 0.006 -20"><span class='ocrx_word' id='word_1_432' title='bbox 2096 1854 2295 1922; x_wconf 69' lang='lat' dir='ltr'><strong>nidor</strong></span> <span class='ocrx_word' id='word_1_433' title='bbox 2332 1855 2441 1910; x_wconf 84' lang='grc' dir='ltr'><strong>τοῦ</strong></span> <span class='ocrx_word' id='word_1_434' title='bbox 2485 1857 2785 1912; x_wconf 77' lang='grc' dir='ltr'>κατοικεῖν</span> <span class='ocrx_word' id='word_1_435' title='bbox 2820 1875 2899 1928; x_wconf 83' lang='grc' dir='ltr'>με</span> <span class='ocrx_word' id='word_1_436' title='bbox 2922 1859 2993 1912; x_wconf 84' lang='grc' dir='ltr'>ἐν</span> <span class='ocrx_word' id='word_1_437' title='bbox 3029 1858 3174 1923; x_wconf 83' lang='grc' dir='ltr'>οτκφ</span> <span class='ocrx_word' id='word_1_438' title='bbox 3218 1860 3440 1928; x_wconf 82' lang='grc' dir='ltr'>Κυρίου</span> <span class='ocrx_word' id='word_1_439' title='bbox 3470 1858 3665 1927; x_wconf 75' lang='grc' dir='ltr'>πάσας</span> 
     </span>
    </p>
   </div>
   <div class='ocr_carea' id='block_1_63' title="bbox 2096 1946 3668 2023">
    <p class='ocr_par' dir='ltr' id='par_1_63' title="bbox 2096 1946 3668 2023">
     <span class='ocr_line' id='line_1_63' title="bbox 2096 1946 3668 2023; baseline 0.004 -22"><span class='ocrx_word' id='word_1_440' title='bbox 2096 1946 2205 2014; x_wconf 77' lang='grc' dir='ltr'>τὰς</span> <span class='ocrx_word' id='word_1_441' title='bbox 2245 1948 2469 2018; x_wconf 77' lang='grc' dir='ltr'>ἡμέρας</span> <span class='ocrx_word' id='word_1_442' title='bbox 2514 1949 2624 2019; x_wconf 83' lang='grc' dir='ltr'><strong>τῆς</strong></span> <span class='ocrx_word' id='word_1_443' title='bbox 2666 1949 2815 2019; x_wconf 80' lang='grc' dir='ltr'>ζωῆς</span> <span class='ocrx_word' id='word_1_444' title='bbox 2849 1969 2991 2021; x_wconf 83' lang='grc' dir='ltr'>μου,</span> <span class='ocrx_word' id='word_1_445' title='bbox 3039 1953 3145 2008; x_wconf 88' lang='grc' dir='ltr'><strong>τοῦ</strong></span> <span class='ocrx_word' id='word_1_446' title='bbox 3174 1952 3413 2022; x_wconf 81' lang='grc' dir='ltr'><strong>θεωρεῖν</strong></span> <span class='ocrx_word' id='word_1_447' title='bbox 3449 1970 3527 2023; x_wconf 83' lang='grc' dir='ltr'>με</span> <span class='ocrx_word' id='word_1_448' title='bbox 3556 1951 3668 2021; x_wconf 71' lang='grc' dir='ltr'>τὴν</span> 
     </span>
    </p>
   </div>
   <div class='ocr_carea' id='block_1_64' title="bbox 2083 2041 3668 2112">
    <p class='ocr_par' dir='ltr' id='par_1_64' title="bbox 2083 2041 3668 2112">
     <span class='ocr_line' id='line_1_64' title="bbox 2083 2041 3668 2112; baseline 0.004 -19"><span class='ocrx_word' id='word_1_449' title='bbox 2083 2042 2466 2112; x_wconf 65' lang='grc' dir='ltr'>,τερπνότητα</span> <span class='ocrx_word' id='word_1_450' title='bbox 2495 2041 2741 2112; x_wconf 80' lang='grc' dir='ltr'>Κυρίου,</span> <span class='ocrx_word' id='word_1_451' title='bbox 2772 2043 2871 2098; x_wconf 76' lang='grc' dir='ltr'>καὶ</span> <span class='ocrx_word' id='word_1_452' title='bbox 2903 2044 3371 2099; x_wconf 74' lang='grc' dir='ltr'>ἐπισκέπτεσθαι</span> <span class='ocrx_word' id='word_1_453' title='bbox 3394 2045 3502 2098; x_wconf 83' lang='grc' dir='ltr'>τὸν</span> <span class='ocrx_word' id='word_1_454' title='bbox 3520 2044 3668 2100; x_wconf 81' lang='grc' dir='ltr'>ναὸν</span> 
     </span>
    </p>
   </div>
   <div class='ocr_carea' id='block_1_65' title="bbox 2093 2133 3666 2209">
    <p class='ocr_par' dir='ltr' id='par_1_65' title="bbox 2093 2133 3666 2209">
     <span class='ocr_line' id='line_1_65' title="bbox 2093 2133 3666 2209; baseline 0.003 -23"><span class='ocrx_word' id='word_1_455' title='bbox 2093 2133 2299 2189; x_wconf 87' lang='grc' dir='ltr'>αὐτοῦ.</span> <span class='ocrx_word' id='word_1_456' title='bbox 2326 2134 2538 2199; x_wconf 81' lang='grc' dir='ltr'>Κάλλος</span> <span class='ocrx_word' id='word_1_457' title='bbox 2568 2136 2773 2207; x_wconf 84' lang='grc' dir='ltr'>Κυρίου</span> <span class='ocrx_word' id='word_1_458' title='bbox 2794 2137 2890 2190; x_wconf 75' lang='grc' dir='ltr'>καὶ</span> <span class='ocrx_word' id='word_1_459' title='bbox 2918 2136 3217 2208; x_wconf 78' lang='grc' dir='ltr'>εὐπρέπεια</span> <span class='ocrx_word' id='word_1_460' title='bbox 3248 2137 3341 2191; x_wconf 74' lang='grc' dir='ltr'>καὶ</span> <span class='ocrx_word' id='word_1_461' title='bbox 3368 2136 3666 2209; x_wconf 85' lang='grc' dir='ltr'>τερπνότης</span> 
     </span>
    </p>
   </div>
   <div class='ocr_carea' id='block_1_66' title="bbox 2096 2224 3665 2300">
    <p class='ocr_par' dir='ltr' id='par_1_66' title="bbox 2096 2224 3665 2300">
     <span class='ocr_line' id='line_1_66' title="bbox 2096 2224 3665 2300; baseline 0.003 -22"><span class='ocrx_word' id='word_1_462' title='bbox 2096 2226 2154 2278; x_wconf 86' lang='grc' dir='ltr'><strong>ἐν</strong></span> <span class='ocrx_word' id='word_1_463' title='bbox 2183 2224 2261 2297; x_wconf 83' lang='grc' dir='ltr'><strong>τῷ</strong></span> <span class='ocrx_word' id='word_1_464' title='bbox 2301 2228 2437 2298; x_wconf 85' lang='grc' dir='ltr'>οῐκῳ</span> <span class='ocrx_word' id='word_1_465' title='bbox 2466 2226 2560 2280; x_wconf 90' lang='grc' dir='ltr'><strong>τοῦ</strong></span> <span class='ocrx_word' id='word_1_466' title='bbox 2606 2227 2740 2284; x_wconf 85' lang='grc' dir='ltr'>Θεοῦ</span> <span class='ocrx_word' id='word_1_467' title='bbox 2771 2227 3079 2300; x_wconf 82' lang='grc' dir='ltr'>θεωρεῖται,</span> <span class='ocrx_word' id='word_1_468' title='bbox 3107 2227 3304 2300; x_wconf 83' lang='grc' dir='ltr'>δηλαδὴ</span> <span class='ocrx_word' id='word_1_469' title='bbox 3340 2229 3398 2282; x_wconf 84' lang='grc' dir='ltr'><strong>ἐν</strong></span> <span class='ocrx_word' id='word_1_470' title='bbox 3429 2229 3496 2300; x_wconf 81' lang='grc' dir='ltr'>τῇ</span> <span class='ocrx_word' id='word_1_471' title='bbox 3541 2228 3665 2282; x_wconf 84' lang='grc' dir='ltr'>Ἐκ-</span> 
     </span>
    </p>
   </div>
   <div class='ocr_carea' id='block_1_67' title="bbox 2093 2317 3665 2392">
    <p class='ocr_par' dir='ltr' id='par_1_67' title="bbox 2093 2317 3665 2392">
     <span class='ocr_line' id='line_1_67' title="bbox 2093 2317 3665 2392; baseline 0.001 -22"><span class='ocrx_word' id='word_1_472' title='bbox 2093 2317 2293 2390; x_wconf 80' lang='grc' dir='ltr'>κλησίᾳ</span> <span class='ocrx_word' id='word_1_473' title='bbox 2324 2317 2513 2384; x_wconf 84' lang='grc' dir='ltr'>αὑτοῦ,</span> <span class='ocrx_word' id='word_1_474' title='bbox 2557 2318 2645 2373; x_wconf 83' lang='grc' dir='ltr'><strong>διὰ</strong></span> <span class='ocrx_word' id='word_1_475' title='bbox 2682 2319 2790 2372; x_wconf 87' lang='grc' dir='ltr'><strong>τῶν</strong></span> <span class='ocrx_word' id='word_1_476' title='bbox 2829 2320 3199 2374; x_wconf 81' lang='grc' dir='ltr'>θεοπνεύστων</span> <span class='ocrx_word' id='word_1_477' title='bbox 3243 2321 3335 2374; x_wconf 75' lang='grc' dir='ltr'>καὶ</span> <span class='ocrx_word' id='word_1_478' title='bbox 3368 2319 3528 2392; x_wconf 85' lang='grc' dir='ltr'>ίερῶν</span> <span class='ocrx_word' id='word_1_479' title='bbox 3562 2336 3665 2389; x_wconf 84' lang='grc' dir='ltr'>μα-</span> 
     </span>
    </p>
   </div>
   <div class='ocr_carea' id='block_1_68' title="bbox 2094 2404 3661 2482">
    <p class='ocr_par' dir='ltr' id='par_1_68' title="bbox 2094 2404 3661 2482">
     <span class='ocr_line' id='line_1_68' title="bbox 2094 2404 3661 2482; baseline 0.003 -22"><span class='ocrx_word' id='word_1_480' title='bbox 2094 2407 2372 2479; x_wconf 89' lang='grc' dir='ltr'>θημάτων,</span> <span class='ocrx_word' id='word_1_481' title='bbox 2404 2412 2463 2464; x_wconf 81' lang='grc' dir='ltr'><strong>ἐν</strong></span> <span class='ocrx_word' id='word_1_482' title='bbox 2494 2404 2577 2473; x_wconf 76' lang='grc' dir='ltr'>οἷς</span> <span class='ocrx_word' id='word_1_483' title='bbox 2605 2409 2666 2464; x_wconf 85' lang='grc' dir='ltr'>τὸ</span> <span class='ocrx_word' id='word_1_484' title='bbox 2701 2409 2949 2482; x_wconf 79' lang='grc' dir='ltr'>ἀληθινὸν</span> <span class='ocrx_word' id='word_1_485' title='bbox 2979 2409 3074 2464; x_wconf 89' lang='grc' dir='ltr'><strong>τοῦ</strong></span> <span class='ocrx_word' id='word_1_486' title='bbox 3106 2410 3264 2478; x_wconf 83' lang='grc' dir='ltr'>λόγου</span> <span class='ocrx_word' id='word_1_487' title='bbox 3308 2410 3523 2473; x_wconf 74' lang='grc' dir='ltr'>κάλλος,</span> <span class='ocrx_word' id='word_1_488' title='bbox 3572 2410 3661 2464; x_wconf 66' lang='grc' dir='ltr'>καὶ</span> 
     </span>
    </p>
   </div>
   <div class='ocr_carea' id='block_1_69' title="bbox 2090 2498 3656 2577">
    <p class='ocr_par' dir='ltr' id='par_1_69' title="bbox 2090 2498 3656 2577">
     <span class='ocr_line' id='line_1_69' title="bbox 2090 2498 3656 2577; baseline 0.003 -22"><span class='ocrx_word' id='word_1_489' title='bbox 2090 2502 2124 2571; x_wconf 81' lang='grc' dir='ltr'>ἡ</span> <span class='ocrx_word' id='word_1_490' title='bbox 2169 2500 2376 2572; x_wconf 84' lang='grc' dir='ltr'>ἀληθὴς</span> <span class='ocrx_word' id='word_1_491' title='bbox 2425 2502 2749 2574; x_wconf 81' lang='grc' dir='ltr'>εὐπρέπεια,</span> <span class='ocrx_word' id='word_1_492' title='bbox 2878 2504 2971 2557; x_wconf 76' lang='grc' dir='ltr'>καὶ</span> <span class='ocrx_word' id='word_1_493' title='bbox 3024 2503 3188 2566; x_wconf 79' lang='grc' dir='ltr'>αὐτὸς</span> <span class='ocrx_word' id='word_1_494' title='bbox 3233 2504 3587 2574; x_wconf 75' lang='grc' dir='ltr'>ἐπιτέρπεται</span> <span class='ocrx_word' id='word_1_495' title='bbox 3627 2507 3656 2559; x_wconf 79' lang='grc' dir='ltr'><strong>ὁ</strong></span> 
     </span>
    </p>
   </div>
   <div class='ocr_carea' id='block_1_70' title="bbox 2089 2591 3642 2665">
    <p class='ocr_par' dir='ltr' id='par_1_70' title="bbox 2089 2591 3642 2665">
     <span class='ocr_line' id='line_1_70' title="bbox 2089 2591 3642 2665; baseline 0 -19"><span class='ocrx_word' id='word_1_496' title='bbox 2089 2592 2223 2657; x_wconf 80' lang='grc' dir='ltr'>Θεὸς</span> <span class='ocrx_word' id='word_1_497' title='bbox 2250 2593 2344 2647; x_wconf 58' lang='grc' dir='ltr'><strong>καὶ⁵</strong></span> <span class='ocrx_word' id='word_1_498' title='bbox 2369 2593 2801 2665; x_wconf 76' lang='grc' dir='ltr'>ὲμπολιτεύεται.</span> <span class='ocrx_word' id='word_1_499' title='bbox 2847 2595 2961 2648; x_wconf 80' lang='grc' dir='ltr'>Οὐκ</span> <span class='ocrx_word' id='word_1_500' title='bbox 2985 2593 3051 2648; x_wconf 80' lang='grc' dir='ltr'>ἂν</span> <span class='ocrx_word' id='word_1_501' title='bbox 3080 2594 3139 2648; x_wconf 85' lang='grc' dir='ltr'><strong>δέ</strong></span> <span class='ocrx_word' id='word_1_502' title='bbox 3182 2594 3445 2665; x_wconf 79' lang='grc' dir='ltr'>ἁμάρτοις</span> <span class='ocrx_word' id='word_1_503' title='bbox 3471 2591 3642 2665; x_wconf 75' lang='grc' dir='ltr'>εὐπρέ</span> 
     </span>
    </p>
   </div>
   <div class='ocr_carea' id='block_1_71' title="bbox 2090 2685 3661 2759">
    <p class='ocr_par' dir='ltr' id='par_1_71' title="bbox 2090 2685 3661 2759">
     <span class='ocr_line' id='line_1_71' title="bbox 2090 2685 3661 2759; baseline -0.001 -19"><span class='ocrx_word' id='word_1_504' title='bbox 2090 2704 2251 2742; x_wconf 87' lang='grc' dir='ltr'>πειαν</span> <span class='ocrx_word' id='word_1_505' title='bbox 2299 2686 2472 2756; x_wconf 90' lang='grc' dir='ltr'>λέγων</span> <span class='ocrx_word' id='word_1_506' title='bbox 2518 2688 2612 2741; x_wconf 81' lang='grc' dir='ltr'>καὶ</span> <span class='ocrx_word' id='word_1_507' title='bbox 2658 2688 2748 2742; x_wconf 84' lang='grc' dir='ltr'>τὸν</span> <span class='ocrx_word' id='word_1_508' title='bbox 2790 2685 3042 2759; x_wconf 79' lang='grc' dir='ltr'>σώφρονα</span> <span class='ocrx_word' id='word_1_509' title='bbox 3080 2687 3175 2741; x_wconf 74' lang='grc' dir='ltr'>καὶ</span> <span class='ocrx_word' id='word_1_510' title='bbox 3204 2686 3399 2757; x_wconf 77' lang='grc' dir='ltr'>σεμνὸν</span> <span class='ocrx_word' id='word_1_511' title='bbox 3432 2686 3546 2757; x_wconf 85' lang='grc' dir='ltr'>βίον</span> <span class='ocrx_word' id='word_1_512' title='bbox 3573 2685 3661 2739; x_wconf 64' lang='grc' dir='ltr'>καὶ</span> 
     </span>
    </p>
   </div>
   <div class='ocr_carea' id='block_1_72' title="bbox 2089 2779 3659 2853">
    <p class='ocr_par' dir='ltr' id='par_1_72' title="bbox 2089 2779 3659 2853">
     <span class='ocr_line' id='line_1_72' title="bbox 2089 2779 3659 2853; baseline -0.001 -19"><span class='ocrx_word' id='word_1_513' title='bbox 2089 2782 2269 2834; x_wconf 80' lang='grc' dir='ltr'>πᾶσαν</span> <span class='ocrx_word' id='word_1_514' title='bbox 2306 2779 2404 2852; x_wconf 83' lang='grc' dir='ltr'>τὴν</span> <span class='ocrx_word' id='word_1_515' title='bbox 2438 2781 2690 2853; x_wconf 87' lang='grc' dir='ltr'>ἐνάρετον</span> <span class='ocrx_word' id='word_1_516' title='bbox 2714 2780 2983 2834; x_wconf 81' lang='grc' dir='ltr'>πολιτείαν</span> <span class='ocrx_word' id='word_1_517' title='bbox 3010 2779 3118 2834; x_wconf 85' lang='grc' dir='ltr'><strong>τῶν</strong></span> <span class='ocrx_word' id='word_1_518' title='bbox 3154 2782 3214 2834; x_wconf 75' lang='grc' dir='ltr'><strong>ἐν</strong></span> <span class='ocrx_word' id='word_1_519' title='bbox 3244 2779 3519 2851; x_wconf 82' lang='grc' dir='ltr'>θεοσεϐείᾳ</span> <span class='ocrx_word' id='word_1_520' title='bbox 3545 2779 3659 2833; x_wconf 84' lang='grc' dir='ltr'>δια-</span> 
     </span>
    </p>
   </div>
   <div class='ocr_carea' id='block_1_73' title="bbox 2088 2875 2423 2946">
    <p class='ocr_par' dir='ltr' id='par_1_73' title="bbox 2088 2875 2423 2946">
     <span class='ocr_line' id='line_1_73' title="bbox 2088 2875 2423 2946; baseline -0.003 -16"><span class='ocrx_word' id='word_1_521' title='bbox 2088 2875 2423 2946; x_wconf 82' lang='grc' dir='ltr'>πρεπόντων.</span> 
     </span>
    </p>
   </div>
   <div class='ocr_carea' id='block_1_74' title="bbox 2160 2964 3659 3041">
    <p class='ocr_par' dir='ltr' id='par_1_74' title="bbox 2160 2964 3659 3041">
     <span class='ocr_line' id='line_1_74' title="bbox 2160 2964 3659 3041; baseline -0.003 -15"><span class='ocrx_word' id='word_1_522' title='bbox 2160 2972 2280 3025; x_wconf 85' lang='grc' dir='ltr'>Ὅτι</span> <span class='ocrx_word' id='word_1_523' title='bbox 2320 2970 2551 3041; x_wconf 78' lang='grc' dir='ltr'>ἔκρυψέ</span> <span class='ocrx_word' id='word_1_524' title='bbox 2593 2988 2670 3041; x_wconf 81' lang='grc' dir='ltr'>με</span> <span class='ocrx_word' id='word_1_525' title='bbox 2707 2972 2779 3025; x_wconf 75' lang='grc' dir='ltr'>ἐν</span> <span class='ocrx_word' id='word_1_526' title='bbox 2828 2967 3063 3038; x_wconf 78' lang='grc' dir='ltr'>σκηνῇ·</span> <span class='ocrx_word' id='word_1_527' title='bbox 3110 2968 3182 3023; x_wconf 71' lang='grc' dir='ltr'>ἐν</span> <span class='ocrx_word' id='word_1_528' title='bbox 3225 2967 3414 3037; x_wconf 76' lang='grc' dir='ltr'>ἡμέρᾳ</span> <span class='ocrx_word' id='word_1_529' title='bbox 3464 2964 3659 3022; x_wconf 78' lang='grc' dir='ltr'>κακῶν</span> 
     </span>
    </p>
   </div>
   <div class='ocr_carea' id='block_1_75' title="bbox 2083 3055 3659 3134">
    <p class='ocr_par' dir='ltr' id='par_1_75' title="bbox 2083 3055 3659 3134">
     <span class='ocr_line' id='line_1_75' title="bbox 2083 3055 3659 3134; baseline -0.004 -15"><span class='ocrx_word' id='word_1_530' title='bbox 2083 3064 2391 3119; x_wconf 76' lang='grc' dir='ltr'>ἐσκέπασέ</span> <span class='ocrx_word' id='word_1_531' title='bbox 2430 3081 2507 3134; x_wconf 83' lang='grc' dir='ltr'>με</span> <span class='ocrx_word' id='word_1_532' title='bbox 2546 3065 2617 3119; x_wconf 84' lang='grc' dir='ltr'>ἐν</span> <span class='ocrx_word' id='word_1_533' title='bbox 2658 3065 2982 3132; x_wconf 72' lang='grc' dir='ltr'>ἀποκρύφῳ</span> <span class='ocrx_word' id='word_1_534' title='bbox 3026 3060 3137 3130; x_wconf 82' lang='grc' dir='ltr'><strong>τῆς</strong></span> <span class='ocrx_word' id='word_1_535' title='bbox 3174 3058 3411 3128; x_wconf 77' lang='grc' dir='ltr'>σκηνῆς</span> <span class='ocrx_word' id='word_1_536' title='bbox 3449 3055 3659 3113; x_wconf 74' lang='grc' dir='ltr'>αὑτοῦ.</span> 
     </span>
    </p>
   </div>
   <div class='ocr_carea' id='block_1_76' title="bbox 2008 3150 3657 3247">
    <p class='ocr_par' dir='ltr' id='par_1_76' title="bbox 2008 3150 3657 3247">
     <span class='ocr_line' id='line_1_76' title="bbox 2008 3150 3657 3247; baseline -0.004 -36"><span class='ocrx_word' id='word_1_537' title='bbox 2008 3189 2052 3247; x_wconf 75' lang='lat' dir='ltr'><strong><em>C</em></strong></span> <span class='ocrx_word' id='word_1_538' title='bbox 2098 3159 2197 3212; x_wconf 81' lang='grc' dir='ltr'>Ἐν</span> <span class='ocrx_word' id='word_1_539' title='bbox 2219 3158 2404 3228; x_wconf 74' lang='grc' dir='ltr'>πέτρᾳ</span> <span class='ocrx_word' id='word_1_540' title='bbox 2436 3158 2647 3227; x_wconf 72' lang='grc' dir='ltr'><strong>ὕψωσέ</strong></span> <span class='ocrx_word' id='word_1_541' title='bbox 2668 3156 2976 3247; x_wconf 32' lang='grc' dir='ltr'>μειΤαῦτά</span> <span class='ocrx_word' id='word_1_542' title='bbox 3004 3173 3094 3247; x_wconf 76' lang='grc' dir='ltr'><strong>μοι</strong></span> <span class='ocrx_word' id='word_1_543' title='bbox 3122 3155 3307 3247; x_wconf 75' lang='grc' dir='ltr'>πάντα</span> <span class='ocrx_word' id='word_1_544' title='bbox 3330 3150 3657 3247; x_wconf 39' lang='grc' dir='ltr'><strong>ὶιιειρέσχενί1</strong></span> 
     </span>
    </p>
   </div>
   <div class='ocr_carea' id='block_1_77' title="bbox 2084 3239 3656 3320">
    <p class='ocr_par' dir='ltr' id='par_1_77' title="bbox 2084 3239 3656 3320">
     <span class='ocr_line' id='line_1_77' title="bbox 2084 3239 3656 3320; baseline -0.004 -19"><span class='ocrx_word' id='word_1_545' title='bbox 2084 3247 2276 3320; x_wconf 84' lang='grc' dir='ltr'>Σωτήρ</span> <span class='ocrx_word' id='word_1_546' title='bbox 2308 3265 2409 3319; x_wconf 86' lang='grc' dir='ltr'><strong>μου</strong></span> <span class='ocrx_word' id='word_1_547' title='bbox 2432 3248 2503 3301; x_wconf 77' lang='grc' dir='ltr'>ἐν</span> <span class='ocrx_word' id='word_1_548' title='bbox 2527 3247 2608 3314; x_wconf 82' lang='grc' dir='ltr'>τῷ</span> <span class='ocrx_word' id='word_1_549' title='bbox 2635 3245 2882 3317; x_wconf 73' lang='grc' dir='ltr'>ἐγγίζειν</span> <span class='ocrx_word' id='word_1_550' title='bbox 2906 3242 2999 3301; x_wconf 80' lang='grc' dir='ltr'><strong>ἐπ’</strong></span> <span class='ocrx_word' id='word_1_551' title='bbox 3035 3244 3142 3314; x_wconf 79' lang='grc' dir='ltr'><strong>ἐμὲ</strong></span> <span class='ocrx_word' id='word_1_552' title='bbox 3169 3243 3528 3309; x_wconf 82' lang='grc' dir='ltr'>κακοῦντας,</span> <span class='ocrx_word' id='word_1_553' title='bbox 3553 3239 3656 3296; x_wconf 66' lang='grc' dir='ltr'><strong>τοῦ</strong></span> 
     </span>
    </p>
   </div>
   <div class='ocr_carea' id='block_1_78' title="bbox 2080 3332 3654 3410">
    <p class='ocr_par' dir='ltr' id='par_1_78' title="bbox 2080 3332 3654 3410">
     <span class='ocr_line' id='line_1_78' title="bbox 2080 3332 3654 3410; baseline -0.005 -16"><span class='ocrx_word' id='word_1_554' title='bbox 2080 3340 2295 3410; x_wconf 72' lang='grc' dir='ltr'>φαγεῖν</span> <span class='ocrx_word' id='word_1_555' title='bbox 2320 3339 2430 3407; x_wconf 80' lang='grc' dir='ltr'>τὰς</span> <span class='ocrx_word' id='word_1_556' title='bbox 2471 3340 2705 3408; x_wconf 85' lang='grc' dir='ltr'>σάρκας</span> <span class='ocrx_word' id='word_1_557' title='bbox 2738 3357 2879 3409; x_wconf 83' lang='grc' dir='ltr'>μου.</span> <span class='ocrx_word' id='word_1_558' title='bbox 2910 3341 2973 3393; x_wconf 85' lang='grc' dir='ltr'><strong>Οἱ</strong></span> <span class='ocrx_word' id='word_1_559' title='bbox 3010 3338 3107 3410; x_wconf 80' lang='grc' dir='ltr'>μὲν</span> <span class='ocrx_word' id='word_1_560' title='bbox 3137 3337 3246 3408; x_wconf 82' lang='grc' dir='ltr'>γὰρ</span> <span class='ocrx_word' id='word_1_561' title='bbox 3275 3335 3535 3406; x_wconf 68' lang='grc' dir='ltr'>ἠσθένουν</span> <span class='ocrx_word' id='word_1_562' title='bbox 3565 3332 3654 3387; x_wconf 59' lang='grc' dir='ltr'>καὶ</span> 
     </span>
    </p>
   </div>
   <div class='ocr_carea' id='block_1_79' title="bbox 2080 3424 3656 3499">
    <p class='ocr_par' dir='ltr' id='par_1_79' title="bbox 2080 3424 3656 3499">
     <span class='ocr_line' id='line_1_79' title="bbox 2080 3424 3656 3499; baseline -0.004 -16"><span class='ocrx_word' id='word_1_563' title='bbox 2080 3431 2306 3485; x_wconf 76' lang='grc' dir='ltr'>ἔπιπτον</span> <span class='ocrx_word' id='word_1_564' title='bbox 2326 3448 2340 3460; x_wconf 86' lang='grc'><strong>·</strong></span> <span class='ocrx_word' id='word_1_565' title='bbox 2388 3429 2502 3499; x_wconf 87' lang='grc' dir='ltr'>ἐγὼ</span> <span class='ocrx_word' id='word_1_566' title='bbox 2529 3430 2585 3484; x_wconf 80' lang='grc' dir='ltr'>δὲ</span> <span class='ocrx_word' id='word_1_567' title='bbox 2627 3430 2733 3483; x_wconf 82' lang='grc' dir='ltr'><strong>ὑπὸ</strong></span> <span class='ocrx_word' id='word_1_568' title='bbox 2774 3430 2874 3499; x_wconf 84' lang='grc' dir='ltr'><strong>τῆς</strong></span> <span class='ocrx_word' id='word_1_569' title='bbox 2911 3428 3073 3483; x_wconf 80' lang='grc' dir='ltr'>αὑτοῦ</span> <span class='ocrx_word' id='word_1_570' title='bbox 3100 3428 3277 3493; x_wconf 67' lang='grc' dir='ltr'>δεξιᾶς</span> <span class='ocrx_word' id='word_1_571' title='bbox 3305 3424 3656 3498; x_wconf 79' lang='grc' dir='ltr'>ἐκρυπτόμην</span> 
     </span>
    </p>
   </div>
   <div class='ocr_carea' id='block_1_80' title="bbox 2078 3517 3655 3592">
    <p class='ocr_par' dir='ltr' id='par_1_80' title="bbox 2078 3517 3655 3592">
     <span class='ocr_line' id='line_1_80' title="bbox 2078 3517 3655 3592; baseline -0.001 -18"><span class='ocrx_word' id='word_1_572' title='bbox 2078 3522 2137 3574; x_wconf 83' lang='grc' dir='ltr'><strong>ἐν</strong></span> <span class='ocrx_word' id='word_1_573' title='bbox 2163 3524 2335 3592; x_wconf 87' lang='grc' dir='ltr'>σκηνῇ</span> <span class='ocrx_word' id='word_1_574' title='bbox 2360 3522 2649 3586; x_wconf 88' lang='grc' dir='ltr'>κατοικῶν,</span> <span class='ocrx_word' id='word_1_575' title='bbox 2675 3521 2762 3576; x_wconf 80' lang='grc' dir='ltr'>διὰ</span> <span class='ocrx_word' id='word_1_576' title='bbox 2790 3520 2851 3574; x_wconf 84' lang='grc' dir='ltr'>τὸ</span> <span class='ocrx_word' id='word_1_577' title='bbox 2877 3522 2935 3574; x_wconf 91' lang='grc' dir='ltr'><strong>ἐν</strong></span> <span class='ocrx_word' id='word_1_578' title='bbox 2961 3519 3217 3592; x_wconf 87' lang='grc' dir='ltr'>ἐρημίαις</span> <span class='ocrx_word' id='word_1_579' title='bbox 3251 3519 3351 3582; x_wconf 82' lang='grc' dir='ltr'>τὰς</span> <span class='ocrx_word' id='word_1_580' title='bbox 3379 3517 3655 3589; x_wconf 80' lang='grc' dir='ltr'>διατριϐὰς</span> 
     </span>
    </p>
   </div>
   <div class='ocr_carea' id='block_1_81' title="bbox 2078 3606 3656 3685">
    <p class='ocr_par' dir='ltr' id='par_1_81' title="bbox 2078 3606 3656 3685">
     <span class='ocr_line' id='line_1_81' title="bbox 2078 3606 3656 3685; baseline -0.004 -18"><span class='ocrx_word' id='word_1_581' title='bbox 2078 3613 2368 3676; x_wconf 84' lang='grc' dir='ltr'>ποιεῖσθαι,</span> <span class='ocrx_word' id='word_1_582' title='bbox 2398 3614 2489 3667; x_wconf 78' lang='grc' dir='ltr'>καὶ</span> <span class='ocrx_word' id='word_1_583' title='bbox 2515 3613 2590 3685; x_wconf 82' lang='grc' dir='ltr'>μὴ</span> <span class='ocrx_word' id='word_1_584' title='bbox 2615 3612 2757 3684; x_wconf 82' lang='grc' dir='ltr'>ἔχειν</span> <span class='ocrx_word' id='word_1_585' title='bbox 2782 3612 2901 3666; x_wconf 84' lang='grc' dir='ltr'>τότε</span> <span class='ocrx_word' id='word_1_586' title='bbox 2926 3610 3016 3664; x_wconf 80' lang='grc' dir='ltr'>τὸν</span> <span class='ocrx_word' id='word_1_587' title='bbox 3042 3606 3191 3665; x_wconf 74' lang='grc' dir='ltr'>οἷκον</span> <span class='ocrx_word' id='word_1_588' title='bbox 3216 3609 3309 3663; x_wconf 89' lang='grc' dir='ltr'><strong>τοῦ</strong></span> <span class='ocrx_word' id='word_1_589' title='bbox 3336 3607 3493 3671; x_wconf 83' lang='grc' dir='ltr'>Θεοῦ,</span> <span class='ocrx_word' id='word_1_590' title='bbox 3520 3606 3656 3679; x_wconf 77' lang='grc' dir='ltr'>μηδὲ</span> 
     </span>
    </p>
   </div>
   <div class='ocr_carea' id='block_1_82' title="bbox 2076 3699 3656 3775">
    <p class='ocr_par' dir='ltr' id='par_1_82' title="bbox 2076 3699 3656 3775">
     <span class='ocr_line' id='line_1_82' title="bbox 2076 3699 3656 3775; baseline -0.004 -14"><span class='ocrx_word' id='word_1_591' title='bbox 2076 3706 2166 3761; x_wconf 86' lang='grc' dir='ltr'>τὸν</span> <span class='ocrx_word' id='word_1_592' title='bbox 2199 3706 2325 3760; x_wconf 78' lang='grc' dir='ltr'>ναὸν</span> <span class='ocrx_word' id='word_1_593' title='bbox 2363 3705 2549 3761; x_wconf 87' lang='grc' dir='ltr'>αὐτοῦ.</span> <span class='ocrx_word' id='word_1_594' title='bbox 2586 3704 2744 3759; x_wconf 79' lang='grc' dir='ltr'>Ἀλλὰ</span> <span class='ocrx_word' id='word_1_595' title='bbox 2787 3704 2881 3759; x_wconf 79' lang='grc' dir='ltr'>καὶ</span> <span class='ocrx_word' id='word_1_596' title='bbox 2918 3703 3194 3758; x_wconf 78' lang='grc' dir='ltr'>ἐσκέπαεέ</span> <span class='ocrx_word' id='word_1_597' title='bbox 3240 3719 3311 3775; x_wconf 83' lang='grc' dir='ltr'><strong>με</strong></span> <span class='ocrx_word' id='word_1_598' title='bbox 3355 3702 3415 3756; x_wconf 81' lang='grc' dir='ltr'><strong>ἐν</strong></span> <span class='ocrx_word' id='word_1_599' title='bbox 3445 3704 3510 3773; x_wconf 80' lang='grc' dir='ltr'><strong>τῇ</strong></span> <span class='ocrx_word' id='word_1_600' title='bbox 3543 3699 3656 3755; x_wconf 86' lang='grc' dir='ltr'><strong>τῶν</strong></span> 
     </span>
    </p>
   </div>
   <div class='ocr_carea' id='block_1_83' title="bbox 2076 3792 3655 3872">
    <p class='ocr_par' dir='ltr' id='par_1_83' title="bbox 2076 3792 3655 3872">
     <span class='ocr_line' id='line_1_83' title="bbox 2076 3792 3655 3872; baseline -0.005 -18"><span class='ocrx_word' id='word_1_601' title='bbox 2076 3800 2262 3854; x_wconf 84' lang='grc' dir='ltr'>κακῶν</span> <span class='ocrx_word' id='word_1_602' title='bbox 2293 3799 2497 3872; x_wconf 80' lang='grc' dir='ltr'>ἡμέρᾳ,</span> <span class='ocrx_word' id='word_1_603' title='bbox 2531 3799 2805 3853; x_wconf 83' lang='grc' dir='ltr'>τουτέστιν</span> <span class='ocrx_word' id='word_1_604' title='bbox 2839 3799 2899 3852; x_wconf 85' lang='grc' dir='ltr'><strong>ἐν</strong></span> <span class='ocrx_word' id='word_1_605' title='bbox 2923 3797 3099 3871; x_wconf 89' lang='grc' dir='ltr'>καιρῷ</span> <span class='ocrx_word' id='word_1_606' title='bbox 3138 3796 3244 3851; x_wconf 87' lang='grc' dir='ltr'><strong>τῶν</strong></span> <span class='ocrx_word' id='word_1_607' title='bbox 3273 3794 3527 3866; x_wconf 87' lang='grc' dir='ltr'>διωγμῶν</span> <span class='ocrx_word' id='word_1_608' title='bbox 3560 3792 3655 3847; x_wconf 77' lang='grc' dir='ltr'>καὶ</span> 
     </span>
    </p>
   </div>
   <div class='ocr_carea' id='block_1_84' title="bbox 2074 3887 3650 3965">
    <p class='ocr_par' dir='ltr' id='par_1_84' title="bbox 2074 3887 3650 3965">
     <span class='ocr_line' id='line_1_84' title="bbox 2074 3887 3650 3965; baseline -0.004 -20"><span class='ocrx_word' id='word_1_609' title='bbox 2074 3891 2183 3945; x_wconf 86' lang='grc' dir='ltr'><strong>τῶν</strong></span> <span class='ocrx_word' id='word_1_610' title='bbox 2207 3892 2582 3965; x_wconf 84' lang='grc' dir='ltr'>πειρατηρίων</span> <span class='ocrx_word' id='word_1_611' title='bbox 2598 3909 2614 3923; x_wconf 78' lang='grc'><strong><em>⁸</em></strong></span> <span class='ocrx_word' id='word_1_612' title='bbox 2642 3893 2743 3947; x_wconf 83' lang='grc' dir='ltr'>οὐκ</span> <span class='ocrx_word' id='word_1_613' title='bbox 2769 3890 3003 3963; x_wconf 85' lang='grc' dir='ltr'>ἀλλαχοῦ</span> <span class='ocrx_word' id='word_1_614' title='bbox 3032 3908 3157 3956; x_wconf 84' lang='grc' dir='ltr'>που,</span> <span class='ocrx_word' id='word_1_615' title='bbox 3182 3889 3296 3944; x_wconf 81' lang='grc' dir='ltr'>ἀλλ’</span> <span class='ocrx_word' id='word_1_616' title='bbox 3331 3891 3388 3941; x_wconf 89' lang='grc' dir='ltr'><strong>ἐν</strong></span> <span class='ocrx_word' id='word_1_617' title='bbox 3410 3887 3488 3958; x_wconf 81' lang='grc' dir='ltr'>τῷ</span> <span class='ocrx_word' id='word_1_618' title='bbox 3514 3888 3650 3939; x_wconf 77' lang='grc' dir='ltr'>ἀπο-</span> 
     </span>
    </p>
   </div>
   <div class='ocr_carea' id='block_1_85' title="bbox 2076 3976 3651 4057">
    <p class='ocr_par' dir='ltr' id='par_1_85' title="bbox 2076 3976 3651 4057">
     <span class='ocr_line' id='line_1_85' title="bbox 2076 3976 3651 4057; baseline -0.008 -19"><span class='ocrx_word' id='word_1_619' title='bbox 2076 3984 2271 4057; x_wconf 80' lang='grc' dir='ltr'>κρύφῳ</span> <span class='ocrx_word' id='word_1_620' title='bbox 2296 3984 2398 4056; x_wconf 88' lang='grc' dir='ltr'><strong>τῆς</strong></span> <span class='ocrx_word' id='word_1_621' title='bbox 2426 3984 2631 4057; x_wconf 84' lang='grc' dir='ltr'>σκηνῆς</span> <span class='ocrx_word' id='word_1_622' title='bbox 2669 3983 2856 4038; x_wconf 82' lang='grc' dir='ltr'>αὑτοῦ.</span> <span class='ocrx_word' id='word_1_623' title='bbox 2889 3984 3121 4055; x_wconf 81' lang='grc' dir='ltr'>Νοήσεις</span> <span class='ocrx_word' id='word_1_624' title='bbox 3151 3981 3211 4033; x_wconf 80' lang='grc' dir='ltr'>δὲ</span> <span class='ocrx_word' id='word_1_625' title='bbox 3235 3979 3297 4032; x_wconf 84' lang='grc' dir='ltr'>τὸ</span> <span class='ocrx_word' id='word_1_626' title='bbox 3329 3976 3651 4045; x_wconf 81' lang='grc' dir='ltr'>λελεγμένον</span> 
     </span>
    </p>
   </div>
   <div class='ocr_carea' id='block_1_86' title="bbox 2073 4069 3649 4150">
    <p class='ocr_par' dir='ltr' id='par_1_86' title="bbox 2073 4069 3649 4150">
     <span class='ocr_line' id='line_1_86' title="bbox 2073 4069 3649 4150; baseline -0.011 -19"><span class='ocrx_word' id='word_1_627' title='bbox 2073 4077 2182 4131; x_wconf 77' lang='grc' dir='ltr'><strong>ἀπὸ</strong></span> <span class='ocrx_word' id='word_1_628' title='bbox 2207 4077 2315 4132; x_wconf 89' lang='grc' dir='ltr'><strong>τῶν</strong></span> <span class='ocrx_word' id='word_1_629' title='bbox 2348 4077 2501 4150; x_wconf 85' lang='grc' dir='ltr'>παρὰ</span> <span class='ocrx_word' id='word_1_630' title='bbox 2524 4078 2749 4132; x_wconf 84' lang='grc' dir='ltr'>Μωῦσεῖ</span> <span class='ocrx_word' id='word_1_631' title='bbox 2772 4075 2899 4147; x_wconf 71' lang='grc' dir='ltr'>περὶ</span> <span class='ocrx_word' id='word_1_632' title='bbox 2929 4073 3031 4142; x_wconf 86' lang='grc' dir='ltr'><strong>τῆς</strong></span> <span class='ocrx_word' id='word_1_633' title='bbox 3060 4070 3265 4140; x_wconf 81' lang='grc' dir='ltr'>σκηνῆς</span> <span class='ocrx_word' id='word_1_634' title='bbox 3296 4069 3649 4135; x_wconf 84' lang='grc' dir='ltr'>ἀναγεγραμ-</span> 
     </span>
    </p>
   </div>
   <div class='ocr_carea' id='block_1_87' title="bbox 2075 4156 3648 4242">
    <p class='ocr_par' dir='ltr' id='par_1_87' title="bbox 2075 4156 3648 4242">
     <span class='ocr_line' id='line_1_87' title="bbox 2075 4156 3648 4242; baseline -0.012 -16"><span class='ocrx_word' id='word_1_635' title='bbox 2075 4169 2274 4241; x_wconf 81' lang='grc' dir='ltr'>μένων,</span> <span class='ocrx_word' id='word_1_636' title='bbox 2310 4171 2405 4224; x_wconf 70' lang='grc' dir='ltr'>καὶ</span> <span class='ocrx_word' id='word_1_637' title='bbox 2431 4170 2558 4242; x_wconf 75' lang='grc' dir='ltr'>περὶ</span> <span class='ocrx_word' id='word_1_638' title='bbox 2596 4169 2706 4221; x_wconf 90' lang='grc' dir='ltr'><strong>τῶν</strong></span> <span class='ocrx_word' id='word_1_639' title='bbox 2745 4165 3001 4219; x_wconf 83' lang='grc' dir='ltr'>ἐσωτάτω</span> <span class='ocrx_word' id='word_1_640' title='bbox 3039 4162 3141 4231; x_wconf 84' lang='grc' dir='ltr'><strong>τῆς</strong></span> <span class='ocrx_word' id='word_1_641' title='bbox 3173 4158 3375 4228; x_wconf 79' lang='grc' dir='ltr'>σκηνῆς</span> <span class='ocrx_word' id='word_1_642' title='bbox 3407 4156 3513 4209; x_wconf 86' lang='grc' dir='ltr'><strong>τῶν</strong></span> <span class='ocrx_word' id='word_1_643' title='bbox 3538 4158 3648 4218; x_wconf 82' lang='grc' dir='ltr'>τοῖς</span> 
     </span>
    </p>
   </div>
   <div class='ocr_carea' id='block_1_88' title="bbox 2074 4246 3648 4331">
    <p class='ocr_par' dir='ltr' id='par_1_88' title="bbox 2074 4246 3648 4331">
     <span class='ocr_line' id='line_1_88' title="bbox 2074 4246 3648 4331; baseline -0.01 -15"><span class='ocrx_word' id='word_1_644' title='bbox 2074 4264 2240 4317; x_wconf 79' lang='grc' dir='ltr'>πᾶσιν</span> <span class='ocrx_word' id='word_1_645' title='bbox 2282 4263 2523 4326; x_wconf 83' lang='grc' dir='ltr'>ἀϐάτων,</span> <span class='ocrx_word' id='word_1_646' title='bbox 2558 4261 2703 4331; x_wconf 74' lang='grc' dir='ltr'>άπερ</span> <span class='ocrx_word' id='word_1_647' title='bbox 2747 4257 2974 4311; x_wconf 86' lang='grc' dir='ltr'>ἐκάλουν</span> <span class='ocrx_word' id='word_1_648' title='bbox 3016 4253 3180 4322; x_wconf 85' lang='grc' dir='ltr'>’Ἀγια</span> <span class='ocrx_word' id='word_1_649' title='bbox 3225 4249 3418 4319; x_wconf 85' lang='grc' dir='ltr'>ἁγίων.</span> <span class='ocrx_word' id='word_1_650' title='bbox 3465 4246 3648 4302; x_wconf 89' lang='grc' dir='ltr'>Ταῦτα</span> 
     </span>
    </p>
   </div>
   <div class='ocr_carea' id='block_1_89' title="bbox 2072 4338 3649 4427">
    <p class='ocr_par' dir='ltr' id='par_1_89' title="bbox 2072 4338 3649 4427">
     <span class='ocr_line' id='line_1_89' title="bbox 2072 4338 3649 4427; baseline -0.011 -16"><span class='ocrx_word' id='word_1_651' title='bbox 2072 4356 2181 4427; x_wconf 78' lang='grc' dir='ltr'><strong>γάρ</strong></span> <span class='ocrx_word' id='word_1_652' title='bbox 2205 4350 2274 4425; x_wconf 79' lang='grc' dir='ltr'>ἦν</span> <span class='ocrx_word' id='word_1_653' title='bbox 2313 4354 2384 4408; x_wconf 84' lang='grc' dir='ltr'>τὰ</span> <span class='ocrx_word' id='word_1_654' title='bbox 2429 4351 2726 4421; x_wconf 81' lang='grc' dir='ltr'>ἀπόκρυφα</span> <span class='ocrx_word' id='word_1_655' title='bbox 2761 4347 2860 4418; x_wconf 86' lang='grc' dir='ltr'><strong>τῆς</strong></span> <span class='ocrx_word' id='word_1_656' title='bbox 2895 4342 3120 4415; x_wconf 86' lang='grc' dir='ltr'>σκηνῆς.</span> <span class='ocrx_word' id='word_1_657' title='bbox 3154 4340 3311 4396; x_wconf 85' lang='grc' dir='ltr'>υῦτω</span> <span class='ocrx_word' id='word_1_658' title='bbox 3348 4340 3527 4393; x_wconf 75' lang='grc' dir='ltr'>τοίνυν</span> <span class='ocrx_word' id='word_1_659' title='bbox 3554 4338 3649 4393; x_wconf 80' lang='grc' dir='ltr'>καὶ</span> 
     </span>
    </p>
   </div>
   <div class='ocr_carea' id='block_1_90' title="bbox 2073 4432 3649 4517">
    <p class='ocr_par' dir='ltr' id='par_1_90' title="bbox 2073 4432 3649 4517">
     <span class='ocr_line' id='line_1_90' title="bbox 2073 4432 3649 4517; baseline -0.01 -17"><span class='ocrx_word' id='word_1_660' title='bbox 2073 4449 2131 4500; x_wconf 95' lang='grc' dir='ltr'><strong>ἐν</strong></span> <span class='ocrx_word' id='word_1_661' title='bbox 2177 4445 2257 4517; x_wconf 82' lang='grc' dir='ltr'><strong>τῷ</strong></span> <span class='ocrx_word' id='word_1_662' title='bbox 2296 4442 2473 4515; x_wconf 86' lang='grc' dir='ltr'>καιρῷ</span> <span class='ocrx_word' id='word_1_663' title='bbox 2516 4441 2626 4495; x_wconf 90' lang='grc' dir='ltr'><strong>τῶν</strong></span> <span class='ocrx_word' id='word_1_664' title='bbox 2670 4434 3038 4509; x_wconf 81' lang='grc' dir='ltr'>πειρατηρίων</span> <span class='ocrx_word' id='word_1_665' title='bbox 3078 4434 3239 4498; x_wconf 85' lang='grc' dir='ltr'>αὐτὸς</span> <span class='ocrx_word' id='word_1_666' title='bbox 3280 4433 3410 4504; x_wconf 84' lang='grc' dir='ltr'>ἐμὸς</span> <span class='ocrx_word' id='word_1_667' title='bbox 3445 4432 3649 4504; x_wconf 85' lang='grc' dir='ltr'>Κύριος</span> 
     </span>
    </p>
   </div>
   <div class='ocr_carea' id='block_1_91' title="bbox 388 4521 1981 4609">
    <p class='ocr_par' dir='ltr' id='par_1_91' title="bbox 388 4521 1967 4602">
     <span class='ocr_line' id='line_1_91' title="bbox 388 4521 1967 4602; baseline 0.002 -20"><span class='ocrx_word' id='word_1_668' title='bbox 388 4521 486 4583; x_wconf 77' lang='lat' dir='ltr'><strong>Sic</strong></span> <span class='ocrx_word' id='word_1_669' title='bbox 537 4526 723 4599; x_wconf 92' lang='lat' dir='ltr'><strong>itaque</strong></span> <span class='ocrx_word' id='word_1_670' title='bbox 778 4528 836 4583; x_wconf 93' lang='lat' dir='ltr'><strong>in</strong></span> <span class='ocrx_word' id='word_1_671' title='bbox 903 4537 1150 4601; x_wconf 87' lang='lat' dir='ltr'><strong>tempore</strong></span> <span class='ocrx_word' id='word_1_672' title='bbox 1196 4531 1562 4586; x_wconf 80' lang='lat' dir='ltr'><strong>tentationum</strong></span> <span class='ocrx_word' id='word_1_673' title='bbox 1595 4571 1611 4596; x_wconf 89' lang='lat'><strong>,</strong></span> <span class='ocrx_word' id='word_1_674' title='bbox 1685 4531 1805 4602; x_wconf 89' lang='lat' dir='ltr'><strong>ipse</strong></span> <span class='ocrx_word' id='word_1_675' title='bbox 1859 4530 1967 4585; x_wconf 89' lang='lat' dir='ltr'><strong>Do-</strong></span> 
     </span>
    </p>
   </div>
   <div class='ocr_carea' id='block_1_92' title="bbox 2081 4521 3648 4609">
    <p class='ocr_par' dir='ltr' id='par_1_92' title="bbox 2081 4522 3648 4609">
     <span class='ocr_line' id='line_1_92' title="bbox 2081 4522 3648 4609; baseline -0.011 -14"><span class='ocrx_word' id='word_1_676' title='bbox 2081 4540 2166 4594; x_wconf 71' lang='grc' dir='ltr'>ιιαὶ</span> <span class='ocrx_word' id='word_1_677' title='bbox 2193 4536 2386 4609; x_wconf 82' lang='grc' dir='ltr'>Σωτὴρ</span> <span class='ocrx_word' id='word_1_678' title='bbox 2416 4533 2690 4589; x_wconf 87' lang='grc' dir='ltr'>ἐσκέπασε</span> <span class='ocrx_word' id='word_1_679' title='bbox 2713 4530 2808 4584; x_wconf 78' lang='grc' dir='ltr'>καὶ</span> <span class='ocrx_word' id='word_1_680' title='bbox 2828 4527 3111 4601; x_wconf 78' lang='grc' dir='ltr'>ἀπέκρυψέ</span> <span class='ocrx_word' id='word_1_681' title='bbox 3128 4542 3197 4598; x_wconf 81' lang='grc' dir='ltr'><strong>με</strong></span> <span class='ocrx_word' id='word_1_682' title='bbox 3218 4526 3280 4579; x_wconf 82' lang='grc' dir='ltr'><strong>ἐν</strong></span> <span class='ocrx_word' id='word_1_683' title='bbox 3298 4522 3377 4593; x_wconf 81' lang='grc' dir='ltr'>τῷ</span> <span class='ocrx_word' id='word_1_684' title='bbox 3392 4525 3648 4598; x_wconf 84' lang='grc' dir='ltr'>ἐσωτάτῳ</span> 
     </span>
    </p>
   </div>
   <div class='ocr_carea' id='block_1_93' title="bbox 390 4620 1968 4696">
    <p class='ocr_par' dir='ltr' id='par_1_93' title="bbox 390 4620 1968 4696">
     <span class='ocr_line' id='line_1_93' title="bbox 390 4620 1968 4696; baseline 0.004 -22"><span class='ocrx_word' id='word_1_685' title='bbox 390 4621 574 4679; x_wconf 87' lang='lat' dir='ltr'><strong>minus</strong></span> <span class='ocrx_word' id='word_1_686' title='bbox 625 4628 682 4679; x_wconf 86' lang='lat' dir='ltr'><strong>et</strong></span> <span class='ocrx_word' id='word_1_687' title='bbox 720 4620 981 4680; x_wconf 88' lang='lat' dir='ltr'><strong>Servator</strong></span> <span class='ocrx_word' id='word_1_688' title='bbox 1045 4639 1202 4680; x_wconf 88' lang='lat' dir='ltr'><strong>meus</strong></span> <span class='ocrx_word' id='word_1_689' title='bbox 1270 4625 1510 4696; x_wconf 80' lang='lat' dir='ltr'><strong>protexit</strong></span> <span class='ocrx_word' id='word_1_690' title='bbox 1569 4640 1659 4681; x_wconf 88' lang='lat' dir='ltr'><strong>me</strong></span> <span class='ocrx_word' id='word_1_691' title='bbox 1716 4631 1772 4680; x_wconf 87' lang='lat' dir='ltr'><strong>et</strong></span> <span class='ocrx_word' id='word_1_692' title='bbox 1839 4624 1968 4680; x_wconf 86' lang='lat' dir='ltr'><strong>abs-</strong></span> 
     </span>
    </p>
   </div>
   <div class='ocr_carea' id='block_1_94' title="bbox 389 4713 1967 4789">
    <p class='ocr_par' dir='ltr' id='par_1_94' title="bbox 389 4713 1967 4789">
     <span class='ocr_line' id='line_1_94' title="bbox 389 4713 1967 4789; baseline 0.004 -22"><span class='ocrx_word' id='word_1_693' title='bbox 389 4713 578 4769; x_wconf 86' lang='lat' dir='ltr'><strong>condit</strong></span> <span class='ocrx_word' id='word_1_694' title='bbox 651 4715 709 4769; x_wconf 90' lang='lat' dir='ltr'><strong>in</strong></span> <span class='ocrx_word' id='word_1_695' title='bbox 764 4716 973 4773; x_wconf 86' lang='lat' dir='ltr'><strong>intimis</strong></span> <span class='ocrx_word' id='word_1_696' title='bbox 1048 4716 1391 4784; x_wconf 70' lang='lat' dir='ltr'><strong>tabernaculi</strong></span> <span class='ocrx_word' id='word_1_697' title='bbox 1451 4718 1538 4774; x_wconf 92' lang='lat' dir='ltr'><strong>sui</strong></span> <span class='ocrx_word' id='word_1_698' title='bbox 1585 4738 1598 4774; x_wconf 92' lang='lat'><strong>:</strong></span> <span class='ocrx_word' id='word_1_699' title='bbox 1654 4733 1764 4775; x_wconf 87' lang='lat' dir='ltr'><strong>non</strong></span> <span class='ocrx_word' id='word_1_700' title='bbox 1818 4717 1967 4789; x_wconf 87' lang='lat' dir='ltr'><strong>quod</strong></span> 
     </span>
    </p>
   </div>
   <div class='ocr_carea' id='block_1_95' title="bbox 387 4807 1966 4877">
    <p class='ocr_par' dir='ltr' id='par_1_95' title="bbox 387 4807 1966 4877">
     <span class='ocr_line' id='line_1_95' title="bbox 387 4807 1966 4877; baseline 0.001 -16"><span class='ocrx_word' id='word_1_701' title='bbox 387 4820 582 4861; x_wconf 81' lang='lat' dir='ltr'><strong>revera</strong></span> <span class='ocrx_word' id='word_1_702' title='bbox 623 4807 700 4862; x_wconf 90' lang='lat' dir='ltr'><strong>ibi</strong></span> <span class='ocrx_word' id='word_1_703' title='bbox 744 4824 831 4865; x_wconf 87' lang='lat' dir='ltr'><strong>me</strong></span> <span class='ocrx_word' id='word_1_704' title='bbox 884 4809 1278 4877; x_wconf 89' lang='lat' dir='ltr'><strong>collocaverit,</strong></span> <span class='ocrx_word' id='word_1_705' title='bbox 1333 4810 1430 4867; x_wconf 90' lang='lat' dir='ltr'><strong>sed</strong></span> <span class='ocrx_word' id='word_1_706' title='bbox 1481 4812 1537 4866; x_wconf 89' lang='lat' dir='ltr'><strong>in</strong></span> <span class='ocrx_word' id='word_1_707' title='bbox 1576 4811 1775 4867; x_wconf 64' lang='lat' dir='ltr'><strong>animae</strong></span> <span class='ocrx_word' id='word_1_708' title='bbox 1818 4819 1966 4867; x_wconf 87' lang='lat' dir='ltr'><strong>statu</strong></span> 
     </span>
    </p>
   </div>
   <div class='ocr_carea' id='block_1_96' title="bbox 386 4896 1967 4975">
    <p class='ocr_par' dir='ltr' id='par_1_96' title="bbox 386 4896 1967 4975">
     <span class='ocr_line' id='line_1_96' title="bbox 386 4896 1967 4975; baseline 0.004 -25"><span class='ocrx_word' id='word_1_709' title='bbox 386 4896 756 4966; x_wconf 78' lang='lat' dir='ltr'><strong>sanctiﬁcato,</strong></span> <span class='ocrx_word' id='word_1_710' title='bbox 800 4908 857 4957; x_wconf 89' lang='lat' dir='ltr'><strong>et</strong></span> <span class='ocrx_word' id='word_1_711' title='bbox 897 4917 929 4956; x_wconf 91' lang='lat' dir='ltr'><strong>a</strong></span> <span class='ocrx_word' id='word_1_712' title='bbox 982 4901 1159 4958; x_wconf 64' lang='lat' dir='ltr'><strong>turbae</strong></span> <span class='ocrx_word' id='word_1_713' title='bbox 1203 4901 1508 4974; x_wconf 77' lang='lat' dir='ltr'><strong>frequentia</strong></span> <span class='ocrx_word' id='word_1_714' title='bbox 1554 4909 1860 4975; x_wconf 77' lang='lat' dir='ltr'><strong>segregato.</strong></span> <span class='ocrx_word' id='word_1_715' title='bbox 1900 4901 1967 4957; x_wconf 87' lang='lat' dir='ltr'><strong>Et</strong></span> 
     </span>
    </p>
   </div>
   <div class='ocr_carea' id='block_1_97' title="bbox 385 4989 1964 5068">
    <p class='ocr_par' dir='ltr' id='par_1_97' title="bbox 385 4989 1964 5068">
     <span class='ocr_line' id='line_1_97' title="bbox 385 4989 1964 5068; baseline 0.004 -24"><span class='ocrx_word' id='word_1_716' title='bbox 385 4989 526 5058; x_wconf 67' lang='lat' dir='ltr'><strong>haec,</strong></span> <span class='ocrx_word' id='word_1_717' title='bbox 559 4991 760 5064; x_wconf 87' lang='lat' dir='ltr'><strong>inquit,</strong></span> <span class='ocrx_word' id='word_1_718' title='bbox 790 4993 927 5049; x_wconf 88' lang='lat' dir='ltr'><strong>mihi</strong></span> <span class='ocrx_word' id='word_1_719' title='bbox 953 4994 1248 5061; x_wconf 80' lang='lat' dir='ltr'><strong>obvenere,</strong></span> <span class='ocrx_word' id='word_1_720' title='bbox 1282 4996 1592 5068; x_wconf 90' lang='lat' dir='ltr'><strong>usquedum</strong></span> <span class='ocrx_word' id='word_1_721' title='bbox 1623 4997 1743 5053; x_wconf 87' lang='lat' dir='ltr'><strong>dies</strong></span> <span class='ocrx_word' id='word_1_722' title='bbox 1786 4999 1964 5051; x_wconf 79' lang='lat' dir='ltr'><strong>malo~</strong></span> 
     </span>
    </p>
   </div>
   <div class='ocr_carea' id='block_1_98' title="bbox 382 5088 1966 5157">
    <p class='ocr_par' dir='ltr' id='par_1_98' title="bbox 382 5088 1966 5157">
     <span class='ocr_line' id='line_1_98' title="bbox 382 5088 1966 5157; baseline 0.003 -19"><span class='ocrx_word' id='word_1_723' title='bbox 382 5099 504 5139; x_wconf 89' lang='lat' dir='ltr'><strong>rum</strong></span> <span class='ocrx_word' id='word_1_724' title='bbox 536 5094 973 5157; x_wconf 81' lang='lat' dir='ltr'><strong>perseverarent,</strong></span> <span class='ocrx_word' id='word_1_725' title='bbox 1006 5089 1306 5146; x_wconf 85' lang='lat' dir='ltr'><strong>secundum</strong></span> <span class='ocrx_word' id='word_1_726' title='bbox 1342 5090 1475 5146; x_wconf 76' lang='lat' dir='ltr'><strong>illud</strong></span> <span class='ocrx_word' id='word_1_727' title='bbox 1505 5091 1613 5145; x_wconf 90' lang='lat' dir='ltr'><strong>alio</strong></span> <span class='ocrx_word' id='word_1_728' title='bbox 1641 5091 1697 5145; x_wconf 91' lang='lat' dir='ltr'><strong>in</strong></span> <span class='ocrx_word' id='word_1_729' title='bbox 1732 5090 1857 5145; x_wconf 85' lang='lat' dir='ltr'><strong>loco</strong></span> <span class='ocrx_word' id='word_1_730' title='bbox 1881 5088 1966 5144; x_wconf 88' lang='lat' dir='ltr'><strong>di-</strong></span> 
     </span>
    </p>
   </div>
   <div class='ocr_carea' id='block_1_99' title="bbox 379 5176 1962 5249">
    <p class='ocr_par' dir='ltr' id='par_1_99' title="bbox 379 5176 1962 5249">
     <span class='ocr_line' id='line_1_99' title="bbox 379 5176 1962 5249; baseline 0.003 -18"><span class='ocrx_word' id='word_1_731' title='bbox 379 5184 530 5232; x_wconf 89' lang='lat' dir='ltr'><strong>ctum</strong></span> <span class='ocrx_word' id='word_1_732' title='bbox 568 5195 585 5233; x_wconf 88' lang='lat'><strong>:</strong></span> <span class='ocrx_word' id='word_1_733' title='bbox 625 5176 790 5245; x_wconf 84' lang='lat' dir='ltr'><strong>Vade,</strong></span> <span class='ocrx_word' id='word_1_734' title='bbox 820 5179 1044 5249; x_wconf 79' lang='lat' dir='ltr'><strong>populus</strong></span> <span class='ocrx_word' id='word_1_735' title='bbox 1077 5197 1244 5246; x_wconf 86' lang='lat' dir='ltr'><strong>meus,</strong></span> <span class='ocrx_word' id='word_1_736' title='bbox 1277 5182 1421 5235; x_wconf 85' lang='lat' dir='ltr'><strong>intra</strong></span> <span class='ocrx_word' id='word_1_737' title='bbox 1469 5182 1526 5235; x_wconf 83' lang='lat' dir='ltr'><strong>in</strong></span> <span class='ocrx_word' id='word_1_738' title='bbox 1568 5181 1813 5236; x_wconf 79' lang='lat' dir='ltr'><strong>cubicula</strong></span> <span class='ocrx_word' id='word_1_739' title='bbox 1848 5189 1962 5247; x_wconf 87' lang='lat' dir='ltr'><strong>tua,</strong></span> 
     </span>
    </p>
   </div>
   <div class='ocr_carea' id='block_1_100' title="bbox 382 5267 1967 5339">
    <p class='ocr_par' dir='ltr' id='par_1_100' title="bbox 382 5267 1967 5339">
     <span class='ocr_line' id='line_1_100' title="bbox 382 5267 1967 5339; baseline 0.005 -17"><span class='ocrx_word' id='word_1_740' title='bbox 382 5267 569 5323; x_wconf 77' lang='lat' dir='ltr'><strong>claude</strong></span> <span class='ocrx_word' id='word_1_741' title='bbox 588 5268 816 5339; x_wconf 82' lang='lat' dir='ltr'><strong>januam</strong></span> <span class='ocrx_word' id='word_1_742' title='bbox 857 5280 1028 5338; x_wconf 77' lang='lat' dir='ltr'><strong>tuam,</strong></span> <span class='ocrx_word' id='word_1_743' title='bbox 1056 5272 1320 5329; x_wconf 79' lang='lat' dir='ltr'><strong>absconde</strong></span> <span class='ocrx_word' id='word_1_744' title='bbox 1349 5274 1614 5328; x_wconf 83' lang='lat' dir='ltr'><strong>modicum</strong></span> <span class='ocrx_word' id='word_1_745' title='bbox 1640 5275 1708 5329; x_wconf 87' lang='lat' dir='ltr'><strong>ad</strong></span> <span class='ocrx_word' id='word_1_746' title='bbox 1738 5292 1967 5331; x_wconf 81' lang='lat' dir='ltr'><strong>momen-</strong></span> 
     </span>
    </p>
   </div>
   <div class='ocr_carea' id='block_1_101' title="bbox 384 5363 1963 5434">
    <p class='ocr_par' dir='ltr' id='par_1_101' title="bbox 384 5363 1963 5434">
     <span class='ocr_line' id='line_1_101' title="bbox 384 5363 1963 5434; baseline 0.007 -20"><span class='ocrx_word' id='word_1_747' title='bbox 384 5379 516 5425; x_wconf 58' lang='lat' dir='ltr'><strong>tum,</strong></span> <span class='ocrx_word' id='word_1_748' title='bbox 549 5363 715 5419; x_wconf 85' lang='lat' dir='ltr'><strong>donec</strong></span> <span class='ocrx_word' id='word_1_749' title='bbox 750 5376 1081 5434; x_wconf 83' lang='lat' dir='ltr'><strong>pertranseat</strong></span> <span class='ocrx_word' id='word_1_750' title='bbox 1110 5368 1195 5423; x_wconf 90' lang='lat' dir='ltr'><strong>ira</strong></span> <span class='ocrx_word' id='word_1_751' title='bbox 1237 5367 1448 5423; x_wconf 84' lang='lat' dir='ltr'><strong>Domini</strong></span> <span class='ocrx_word' id='word_1_752' title='bbox 1481 5367 1549 5424; x_wconf 73' lang='lat'><strong>“.</strong></span> <span class='ocrx_word' id='word_1_753' title='bbox 1577 5368 1685 5424; x_wconf 87' lang='lat' dir='ltr'><strong>Sed</strong></span> <span class='ocrx_word' id='word_1_754' title='bbox 1713 5385 1838 5425; x_wconf 90' lang='lat' dir='ltr'><strong>cum</strong></span> <span class='ocrx_word' id='word_1_755' title='bbox 1876 5385 1963 5425; x_wconf 90' lang='lat' dir='ltr'><strong>me</strong></span> 
     </span>
    </p>
   </div>
   <div class='ocr_carea' id='block_1_102' title="bbox 385 5457 1960 5530">
    <p class='ocr_par' dir='ltr' id='par_1_102' title="bbox 385 5457 1960 5530">
     <span class='ocr_line' id='line_1_102' title="bbox 385 5457 1960 5530; baseline 0.008 -26"><span class='ocrx_word' id='word_1_756' title='bbox 385 5468 490 5507; x_wconf 85' lang='lat' dir='ltr'><strong>non</strong></span> <span class='ocrx_word' id='word_1_757' title='bbox 523 5469 738 5525; x_wconf 89' lang='lat' dir='ltr'><strong>semper</strong></span> <span class='ocrx_word' id='word_1_758' title='bbox 765 5457 1057 5526; x_wconf 91' lang='lat' dir='ltr'><strong>occultari,</strong></span> <span class='ocrx_word' id='word_1_759' title='bbox 1098 5473 1277 5530; x_wconf 90' lang='lat' dir='ltr'><strong>neque</strong></span> <span class='ocrx_word' id='word_1_760' title='bbox 1320 5459 1378 5514; x_wconf 91' lang='lat' dir='ltr'><strong>in</strong></span> <span class='ocrx_word' id='word_1_761' title='bbox 1416 5459 1738 5515; x_wconf 87' lang='lat' dir='ltr'><strong>abscondito</strong></span> <span class='ocrx_word' id='word_1_762' title='bbox 1772 5462 1960 5516; x_wconf 87' lang='lat' dir='ltr'><strong>taber-</strong></span> 
     </span>
    </p>
   </div>
   <div class='ocr_carea' id='block_1_103' title="bbox 385 5544 1959 5614">
    <p class='ocr_par' dir='ltr' id='par_1_103' title="bbox 385 5544 1959 5614">
     <span class='ocr_line' id='line_1_103' title="bbox 385 5544 1959 5614; baseline 0.005 -16"><span class='ocrx_word' id='word_1_763' title='bbox 385 5544 564 5599; x_wconf 59' lang='lat' dir='ltr'><strong>naculi</strong></span> <span class='ocrx_word' id='word_1_764' title='bbox 599 5546 683 5600; x_wconf 90' lang='lat' dir='ltr'><strong>sui</strong></span> <span class='ocrx_word' id='word_1_765' title='bbox 728 5546 949 5604; x_wconf 87' lang='lat' dir='ltr'><strong>latitare</strong></span> <span class='ocrx_word' id='word_1_766' title='bbox 977 5549 1159 5614; x_wconf 90' lang='lat' dir='ltr'><strong>vellet,</strong></span> <span class='ocrx_word' id='word_1_767' title='bbox 1190 5564 1256 5604; x_wconf 89' lang='lat' dir='ltr'><strong>ac</strong></span> <span class='ocrx_word' id='word_1_768' title='bbox 1304 5550 1480 5606; x_wconf 90' lang='lat' dir='ltr'><strong>solum</strong></span> <span class='ocrx_word' id='word_1_769' title='bbox 1532 5566 1618 5608; x_wconf 88' lang='lat' dir='ltr'><strong>me</strong></span> <span class='ocrx_word' id='word_1_770' title='bbox 1670 5552 1959 5608; x_wconf 87' lang='lat' dir='ltr'><strong>utilitatem</strong></span> 
     </span>
    </p>
   </div>
   <div class='ocr_carea' id='block_1_104' title="bbox 378 5640 1959 5717">
    <p class='ocr_par' dir='ltr' id='par_1_104' title="bbox 378 5640 1959 5717">
     <span class='ocr_line' id='line_1_104' title="bbox 378 5640 1959 5717; baseline 0.009 -30"><span class='ocrx_word' id='word_1_771' title='bbox 378 5649 608 5706; x_wconf 69' lang='lat' dir='ltr'><strong>capere;</strong></span> <span class='ocrx_word' id='word_1_772' title='bbox 638 5651 875 5696; x_wconf 84' lang='lat' dir='ltr'><strong>cumaue</strong></span> <span class='ocrx_word' id='word_1_773' title='bbox 917 5640 1256 5700; x_wconf 87' lang='lat' dir='ltr'><strong>decrevisset</strong></span> <span class='ocrx_word' id='word_1_774' title='bbox 1299 5658 1387 5700; x_wconf 90' lang='lat' dir='ltr'><strong>me</strong></span> <span class='ocrx_word' id='word_1_775' title='bbox 1419 5644 1541 5701; x_wconf 88' lang='lat' dir='ltr'><strong>aliis</strong></span> <span class='ocrx_word' id='word_1_776' title='bbox 1576 5661 1793 5717; x_wconf 88' lang='lat' dir='ltr'><strong>quoque</strong></span> <span class='ocrx_word' id='word_1_777' title='bbox 1838 5645 1959 5701; x_wconf 85' lang='lat' dir='ltr'><strong>l&#39;ru-</strong></span> 
     </span>
    </p>
   </div>
   <div class='ocr_carea' id='block_1_105' title="bbox 453 5814 953 5886">
    <p class='ocr_par' dir='ltr' id='par_1_105' title="bbox 453 5814 953 5886">
     <span class='ocr_line' id='line_1_105' title="bbox 453 5814 953 5886; baseline 0.014 -17"><span class='ocrx_word' id='word_1_778' title='bbox 453 5816 493 5847; x_wconf 72' lang='grc'><strong>⁸³</strong></span> <span class='ocrx_word' id='word_1_779' title='bbox 537 5814 642 5871; x_wconf 87' lang='lat' dir='ltr'><strong>lsa.</strong></span> <span class='ocrx_word' id='word_1_780' title='bbox 681 5832 827 5886; x_wconf 73' lang='lat' dir='ltr'><strong>xxvn,</strong></span> <span class='ocrx_word' id='word_1_781' title='bbox 861 5819 953 5876; x_wconf 69' lang='grc' dir='ltr'>ΞΟ.</span> 
     </span>
    </p>
   </div>
   <div class='ocr_carea' id='block_1_106' title="bbox 2071 4618 3651 4700">
    <p class='ocr_par' dir='ltr' id='par_1_106' title="bbox 2071 4618 3651 4700">
     <span class='ocr_line' id='line_1_106' title="bbox 2071 4618 3651 4700; baseline -0.008 -17"><span class='ocrx_word' id='word_1_782' title='bbox 2071 4631 2170 4700; x_wconf 89' lang='grc' dir='ltr'><strong>τῆς</strong></span> <span class='ocrx_word' id='word_1_783' title='bbox 2196 4626 2362 4683; x_wconf 80' lang='grc' dir='ltr'>αὐτοῦ</span> <span class='ocrx_word' id='word_1_784' title='bbox 2395 4625 2630 4696; x_wconf 84' lang='grc' dir='ltr'>σκηνῆς·</span> <span class='ocrx_word' id='word_1_785' title='bbox 2665 4624 2726 4678; x_wconf 76' lang='grc' dir='ltr'>οὐ</span> <span class='ocrx_word' id='word_1_786' title='bbox 2758 4624 2974 4686; x_wconf 81' lang='grc' dir='ltr'>πάντως</span> <span class='ocrx_word' id='word_1_787' title='bbox 3001 4623 3060 4675; x_wconf 87' lang='grc' dir='ltr'><strong>ἐν</strong></span> <span class='ocrx_word' id='word_1_788' title='bbox 3092 4621 3244 4691; x_wconf 80' lang='grc' dir='ltr'>τόπῳ</span> <span class='ocrx_word' id='word_1_789' title='bbox 3269 4620 3399 4689; x_wconf 77' lang='grc' dir='ltr'>τοίῳ</span> <span class='ocrx_word' id='word_1_790' title='bbox 3440 4618 3503 4690; x_wconf 83' lang='grc' dir='ltr'>δὴ</span> <span class='ocrx_word' id='word_1_791' title='bbox 3548 4636 3651 4672; x_wconf 82' lang='grc' dir='ltr'>κα·-</span> 
     </span>
    </p>
   </div>
   <div class='ocr_carea' id='block_1_107' title="bbox 2068 4710 3648 4791">
    <p class='ocr_par' dir='ltr' id='par_1_107' title="bbox 2068 4710 3648 4791">
     <span class='ocr_line' id='line_1_107' title="bbox 2068 4710 3648 4791; baseline -0.008 -16"><span class='ocrx_word' id='word_1_792' title='bbox 2068 4721 2365 4791; x_wconf 83' lang='grc' dir='ltr'>ταστήσας,</span> <span class='ocrx_word' id='word_1_793' title='bbox 2394 4715 2509 4770; x_wconf 84' lang='grc' dir='ltr'>ἀλλ’</span> <span class='ocrx_word' id='word_1_794' title='bbox 2555 4716 2614 4770; x_wconf 81' lang='grc' dir='ltr'><strong>ἐν</strong></span> <span class='ocrx_word' id='word_1_795' title='bbox 2647 4713 2824 4786; x_wconf 82' lang='grc' dir='ltr'>ψυχῆς</span> <span class='ocrx_word' id='word_1_796' title='bbox 2847 4714 3179 4768; x_wconf 82' lang='grc' dir='ltr'>καταστάσει</span> <span class='ocrx_word' id='word_1_797' title='bbox 3216 4710 3522 4782; x_wconf 73' lang='grc' dir='ltr'>ἡγιασμένη</span> <span class='ocrx_word' id='word_1_798' title='bbox 3552 4711 3648 4763; x_wconf 78' lang='grc' dir='ltr'>καὶ</span> 
     </span>
    </p>
   </div>
   <div class='ocr_carea' id='block_1_108' title="bbox 2066 4805 3647 4887">
    <p class='ocr_par' dir='ltr' id='par_1_108' title="bbox 2066 4805 3647 4887">
     <span class='ocr_line' id='line_1_108' title="bbox 2066 4805 3647 4887; baseline -0.008 -18"><span class='ocrx_word' id='word_1_799' title='bbox 2066 4816 2168 4887; x_wconf 89' lang='grc' dir='ltr'><strong>τῆς</strong></span> <span class='ocrx_word' id='word_1_800' title='bbox 2210 4813 2321 4867; x_wconf 89' lang='grc' dir='ltr'><strong>τῶν</strong></span> <span class='ocrx_word' id='word_1_801' title='bbox 2366 4810 2575 4865; x_wconf 86' lang='grc' dir='ltr'>πολλῶν</span> <span class='ocrx_word' id='word_1_802' title='bbox 2621 4809 2927 4880; x_wconf 85' lang='grc' dir='ltr'>κοινότητος</span> <span class='ocrx_word' id='word_1_803' title='bbox 2971 4805 3483 4878; x_wconf 84' lang='grc' dir='ltr'>ἁποκεχωρισμένῃ.</span> <span class='ocrx_word' id='word_1_804' title='bbox 3536 4806 3647 4858; x_wconf 79' lang='grc' dir='ltr'><strong>Καὶ</strong></span> 
     </span>
    </p>
   </div>
   <div class='ocr_carea' id='block_1_109' title="bbox 2066 4897 3647 4978">
    <p class='ocr_par' dir='ltr' id='par_1_109' title="bbox 2066 4897 3647 4978">
     <span class='ocr_line' id='line_1_109' title="bbox 2066 4897 3647 4978; baseline -0.009 -16"><span class='ocrx_word' id='word_1_805' title='bbox 2066 4907 2261 4971; x_wconf 86' lang='grc' dir='ltr'>ταῦτα,</span> <span class='ocrx_word' id='word_1_806' title='bbox 2282 4905 2436 4978; x_wconf 77' lang='grc' dir='ltr'>φησὶ,</span> <span class='ocrx_word' id='word_1_807' title='bbox 2455 4906 2585 4977; x_wconf 73' lang='grc' dir='ltr'>περὶ</span> <span class='ocrx_word' id='word_1_808' title='bbox 2614 4903 2714 4975; x_wconf 83' lang='grc' dir='ltr'>ἐμὲ</span> <span class='ocrx_word' id='word_1_809' title='bbox 2744 4902 2972 4969; x_wconf 79' lang='grc' dir='ltr'>ἐγίνετο,</span> <span class='ocrx_word' id='word_1_810' title='bbox 3003 4900 3165 4972; x_wconf 86' lang='grc' dir='ltr'>μέχρι</span> <span class='ocrx_word' id='word_1_811' title='bbox 3188 4897 3379 4971; x_wconf 90' lang='grc' dir='ltr'>καιροῦ</span> <span class='ocrx_word' id='word_1_812' title='bbox 3414 4898 3515 4967; x_wconf 89' lang='grc' dir='ltr'><strong>τῆς</strong></span> <span class='ocrx_word' id='word_1_813' title='bbox 3538 4897 3647 4949; x_wconf 88' lang='grc' dir='ltr'><strong>τῶν</strong></span> 
     </span>
    </p>
   </div>
   <div class='ocr_carea' id='block_1_110' title="bbox 2067 4988 3647 5070">
    <p class='ocr_par' dir='ltr' id='par_1_110' title="bbox 2067 4988 3647 5070">
     <span class='ocr_line' id='line_1_110' title="bbox 2067 4988 3647 5070; baseline -0.008 -15"><span class='ocrx_word' id='word_1_814' title='bbox 2067 4998 2257 5055; x_wconf 89' lang='grc' dir='ltr'>κακῶν</span> <span class='ocrx_word' id='word_1_815' title='bbox 2285 4999 2520 5070; x_wconf 86' lang='grc' dir='ltr'>ἡμέρας,</span> <span class='ocrx_word' id='word_1_816' title='bbox 2553 4995 2696 5050; x_wconf 77' lang='grc' dir='ltr'>κατὰ</span> <span class='ocrx_word' id='word_1_817' title='bbox 2717 4995 2780 5049; x_wconf 85' lang='grc' dir='ltr'>τὸ</span> <span class='ocrx_word' id='word_1_818' title='bbox 2814 4993 3141 5063; x_wconf 84' lang='grc' dir='ltr'>λελεγμένον</span> <span class='ocrx_word' id='word_1_819' title='bbox 3171 4994 3229 5046; x_wconf 87' lang='grc' dir='ltr'><strong>ἐν</strong></span> <span class='ocrx_word' id='word_1_820' title='bbox 3255 4990 3462 5062; x_wconf 76' lang='grc' dir='ltr'>ἑτέροις</span> <span class='ocrx_word' id='word_1_821' title='bbox 3483 5006 3497 5020; x_wconf 73' lang='grc'><strong><em>⁸</em></strong></span> <span class='ocrx_word' id='word_1_822' title='bbox 3529 4988 3647 5042; x_wconf 68' lang='lat' dir='ltr'><strong>Bel-</strong></span> 
     </span>
    </p>
   </div>
   <div class='ocr_carea' id='block_1_111' title="bbox 2065 5081 3648 5162">
    <p class='ocr_par' dir='ltr' id='par_1_111' title="bbox 2065 5081 3648 5162">
     <span class='ocr_line' id='line_1_111' title="bbox 2065 5081 3648 5162; baseline -0.011 -12"><span class='ocrx_word' id='word_1_823' title='bbox 2065 5094 2201 5159; x_wconf 76' lang='grc' dir='ltr'>διζε,</span> <span class='ocrx_word' id='word_1_824' title='bbox 2233 5096 2267 5148; x_wconf 84' lang='grc' dir='ltr'><em>ό</em></span> <span class='ocrx_word' id='word_1_825' title='bbox 2283 5095 2432 5160; x_wconf 76' lang='grc' dir='ltr'>λαός</span> <span class='ocrx_word' id='word_1_826' title='bbox 2453 5110 2596 5162; x_wconf 84' lang='grc' dir='ltr'>μου,</span> <span class='ocrx_word' id='word_1_827' title='bbox 2624 5093 2862 5147; x_wconf 75' lang='grc' dir='ltr'>εἴσελθε</span> <span class='ocrx_word' id='word_1_828' title='bbox 2892 5092 2981 5155; x_wconf 82' lang='grc' dir='ltr'>εις</span> <span class='ocrx_word' id='word_1_829' title='bbox 3004 5088 3078 5142; x_wconf 84' lang='grc' dir='ltr'>τὰ</span> <span class='ocrx_word' id='word_1_830' title='bbox 3106 5084 3313 5156; x_wconf 85' lang='grc' dir='ltr'>ταμεῖὰ</span> <span class='ocrx_word' id='word_1_831' title='bbox 3340 5101 3478 5148; x_wconf 92' lang='grc' dir='ltr'>σου,</span> <span class='ocrx_word' id='word_1_832' title='bbox 3502 5081 3648 5135; x_wconf 80' lang='grc' dir='ltr'><strong>ἀπό-</strong></span> 
     </span>
    </p>
   </div>
   <div class='ocr_carea' id='block_1_112' title="bbox 2065 5175 3643 5257">
    <p class='ocr_par' dir='ltr' id='par_1_112' title="bbox 2065 5175 3643 5257">
     <span class='ocr_line' id='line_1_112' title="bbox 2065 5175 3643 5257; baseline -0.011 -13"><span class='ocrx_word' id='word_1_833' title='bbox 2065 5192 2317 5244; x_wconf 73' lang='grc' dir='ltr'>κλεισον</span> <span class='ocrx_word' id='word_1_834' title='bbox 2335 5187 2451 5257; x_wconf 81' lang='grc' dir='ltr'>τὴν</span> <span class='ocrx_word' id='word_1_835' title='bbox 2476 5189 2665 5256; x_wconf 86' lang='grc' dir='ltr'>θύραν</span> <span class='ocrx_word' id='word_1_836' title='bbox 2687 5199 2827 5250; x_wconf 90' lang='grc' dir='ltr'>σου,</span> <span class='ocrx_word' id='word_1_837' title='bbox 2848 5183 3217 5251; x_wconf 69' lang='grc' dir='ltr'>ἀποκρύόηθι</span> <span class='ocrx_word' id='word_1_838' title='bbox 3230 5176 3450 5249; x_wconf 82' lang='grc' dir='ltr'>μικρὸν</span> <span class='ocrx_word' id='word_1_839' title='bbox 3471 5175 3643 5237; x_wconf 86' lang='grc' dir='ltr'>ὅσον,</span> 
     </span>
    </p>
   </div>
   <div class='ocr_carea' id='block_1_113' title="bbox 2062 5266 3646 5349">
    <p class='ocr_par' dir='ltr' id='par_1_113' title="bbox 2062 5266 3646 5349">
     <span class='ocr_line' id='line_1_113' title="bbox 2062 5266 3646 5349; baseline -0.011 -14"><span class='ocrx_word' id='word_1_840' title='bbox 2062 5282 2176 5349; x_wconf 76' lang='grc' dir='ltr'>ἕως</span> <span class='ocrx_word' id='word_1_841' title='bbox 2201 5280 2278 5335; x_wconf 84' lang='grc' dir='ltr'>ἂν</span> <span class='ocrx_word' id='word_1_842' title='bbox 2320 5280 2588 5349; x_wconf 74' lang='grc' dir='ltr'>παρέλθῃ</span> <span class='ocrx_word' id='word_1_843' title='bbox 2621 5281 2660 5348; x_wconf 75' lang='grc' dir='ltr'><strong><em>ἡ</em></strong></span> <span class='ocrx_word' id='word_1_844' title='bbox 2689 5278 2836 5348; x_wconf 70' lang='grc' dir='ltr'>ὀργὴ</span> <span class='ocrx_word' id='word_1_845' title='bbox 2874 5277 3117 5344; x_wconf 87' lang='grc' dir='ltr'>Κυρίου.</span> <span class='ocrx_word' id='word_1_846' title='bbox 3163 5272 3302 5326; x_wconf 79' lang='grc' dir='ltr'>Ἀλλ’</span> <span class='ocrx_word' id='word_1_847' title='bbox 3339 5270 3440 5323; x_wconf 85' lang='grc' dir='ltr'>οὐκ</span> <span class='ocrx_word' id='word_1_848' title='bbox 3479 5269 3559 5331; x_wconf 81' lang='grc' dir='ltr'><strong>είς</strong></span> <span class='ocrx_word' id='word_1_849' title='bbox 3582 5266 3646 5319; x_wconf 86' lang='grc' dir='ltr'><strong>τὸ</strong></span> 
     </span>
    </p>
   </div>
   <div class='ocr_carea' id='block_1_114' title="bbox 2064 5359 3643 5447">
    <p class='ocr_par' dir='ltr' id='par_1_114' title="bbox 2064 5359 3643 5447">
     <span class='ocr_line' id='line_1_114' title="bbox 2064 5359 3643 5447; baseline -0.011 -19"><span class='ocrx_word' id='word_1_850' title='bbox 2064 5374 2325 5439; x_wconf 82' lang='grc' dir='ltr'>παντελὲς</span> <span class='ocrx_word' id='word_1_851' title='bbox 2354 5371 2693 5447; x_wconf 84' lang='grc' dir='ltr'>κρύπτεσθαί</span> <span class='ocrx_word' id='word_1_852' title='bbox 2726 5389 2793 5442; x_wconf 87' lang='grc' dir='ltr'><strong>με</strong></span> <span class='ocrx_word' id='word_1_853' title='bbox 2835 5368 3134 5441; x_wconf 82' lang='grc' dir='ltr'>βουληθεὶς,</span> <span class='ocrx_word' id='word_1_854' title='bbox 3160 5366 3268 5420; x_wconf 80' lang='grc' dir='ltr'>οὐδ’</span> <span class='ocrx_word' id='word_1_855' title='bbox 3294 5365 3354 5417; x_wconf 85' lang='grc' dir='ltr'><strong>ἐν</strong></span> <span class='ocrx_word' id='word_1_856' title='bbox 3400 5359 3479 5431; x_wconf 79' lang='grc' dir='ltr'><strong>τῷ</strong></span> <span class='ocrx_word' id='word_1_857' title='bbox 3503 5360 3643 5414; x_wconf 85' lang='grc' dir='ltr'>ἁπο-</span> 
     </span>
    </p>
   </div>
   <div class='ocr_carea' id='block_1_115' title="bbox 2062 5454 3641 5541">
    <p class='ocr_par' dir='ltr' id='par_1_115' title="bbox 2062 5454 3641 5541">
     <span class='ocr_line' id='line_1_115' title="bbox 2062 5454 3641 5541; baseline -0.009 -19"><span class='ocrx_word' id='word_1_858' title='bbox 2062 5469 2258 5541; x_wconf 79' lang='grc' dir='ltr'>κρύφῳ</span> <span class='ocrx_word' id='word_1_859' title='bbox 2286 5468 2387 5540; x_wconf 91' lang='grc' dir='ltr'><strong>τῆς</strong></span> <span class='ocrx_word' id='word_1_860' title='bbox 2419 5467 2626 5539; x_wconf 85' lang='grc' dir='ltr'>σκηνῆς</span> <span class='ocrx_word' id='word_1_861' title='bbox 2653 5464 2816 5518; x_wconf 80' lang='grc' dir='ltr'>αὑτοῦ</span> <span class='ocrx_word' id='word_1_862' title='bbox 2856 5463 3159 5518; x_wconf 88' lang='grc' dir='ltr'>λανθάνειν.</span> <span class='ocrx_word' id='word_1_863' title='bbox 3187 5459 3282 5512; x_wconf 70' lang='grc' dir='ltr'>καὶ</span> <span class='ocrx_word' id='word_1_864' title='bbox 3311 5457 3469 5527; x_wconf 82' lang='grc' dir='ltr'>μόνον</span> <span class='ocrx_word' id='word_1_865' title='bbox 3495 5454 3641 5521; x_wconf 78' lang='grc' dir='ltr'>ὠφεο</span> 
     </span>
    </p>
   </div>
   <div class='ocr_carea' id='block_1_116' title="bbox 2062 5545 3643 5632">
    <p class='ocr_par' dir='ltr' id='par_1_116' title="bbox 2062 5545 3643 5632">
     <span class='ocr_line' id='line_1_116' title="bbox 2062 5545 3643 5632; baseline -0.009 -17"><span class='ocrx_word' id='word_1_866' title='bbox 2062 5560 2291 5627; x_wconf 86' lang='grc' dir='ltr'>λείσθαι,</span> <span class='ocrx_word' id='word_1_867' title='bbox 2321 5562 2593 5632; x_wconf 84' lang='grc' dir='ltr'>χρήσιμον</span> <span class='ocrx_word' id='word_1_868' title='bbox 2620 5558 2676 5611; x_wconf 81' lang='grc' dir='ltr'><strong>δέ</strong></span> <span class='ocrx_word' id='word_1_869' title='bbox 2716 5557 2810 5611; x_wconf 74' lang='grc' dir='ltr'>καὶ</span> <span class='ocrx_word' id='word_1_870' title='bbox 2841 5557 3027 5628; x_wconf 73' lang='grc' dir='ltr'>ἕτερον</span> <span class='ocrx_word' id='word_1_871' title='bbox 3054 5552 3389 5621; x_wconf 84' lang='grc' dir='ltr'>καταστῆναι</span> <span class='ocrx_word' id='word_1_872' title='bbox 3426 5545 3643 5620; x_wconf 83' lang='grc' dir='ltr'>κρίνας,</span> 
     </span>
    </p>
   </div>
   <div class='ocr_carea' id='block_1_117' title="bbox 2061 5636 3645 5721">
    <p class='ocr_par' dir='ltr' id='par_1_117' title="bbox 2061 5636 3645 5721">
     <span class='ocr_line' id='line_1_117' title="bbox 2061 5636 3645 5721; baseline -0.009 -15"><span class='ocrx_word' id='word_1_873' title='bbox 2061 5654 2156 5708; x_wconf 78' lang='grc' dir='ltr'><strong>ἐπὶ</strong></span> <span class='ocrx_word' id='word_1_874' title='bbox 2191 5653 2335 5707; x_wconf 84' lang='grc' dir='ltr'>τέλει</span> <span class='ocrx_word' id='word_1_875' title='bbox 2376 5652 2478 5715; x_wconf 80' lang='grc' dir='ltr'><strong>τῆς</strong></span> <span class='ocrx_word' id='word_1_876' title='bbox 2506 5650 2615 5705; x_wconf 90' lang='grc' dir='ltr'><strong>τῶν</strong></span> <span class='ocrx_word' id='word_1_877' title='bbox 2639 5650 2826 5706; x_wconf 65' lang='grc' dir='ltr'>κακῶν</span> <span class='ocrx_word' id='word_1_878' title='bbox 2859 5650 3073 5721; x_wconf 67' lang='grc' dir='ltr'>ἡμέρας</span> <span class='ocrx_word' id='word_1_879' title='bbox 3102 5648 3173 5701; x_wconf 83' lang='grc' dir='ltr'>ἐν</span> <span class='ocrx_word' id='word_1_880' title='bbox 3212 5644 3397 5714; x_wconf 77' lang='grc' dir='ltr'>πέτρᾳ</span> <span class='ocrx_word' id='word_1_881' title='bbox 3433 5636 3645 5710; x_wconf 69' lang='grc' dir='ltr'><strong>ὕψωσέ</strong></span> 
     </span>
    </p>
   </div>
  </div>
