4100 6386
408 350 505 405 εει

1566 344 2073 402 COMMENTARIA
2111 343 2176 399 1N
2229 342 2574 400 PSALMOS.

3543 351 3650 406 942

405 479 494 531 με.
529 460 593 515 Ἡ
615 459 798 528 πέτρα
826 459 892 512 δὲ
913 457 1011 529 ἦν,
1046 459 1208 530 φησὶν
1234 461 1262 513 6
1290 457 1628 521 Ἀπόστολος,
1647 461 1680 512 ό
1700 459 1953 526 Χριστός

2081 466 2227 514 ctum
2262 461 2552 513 allaturum
2587 475 2730 522 esse,
2761 467 2950 514 exacta
2978 460 3066 515 die
3089 457 3377 526 malorum,
3415 463 3470 516 in
3502 476 3648 534 petra

415 553 504 603 Ἐν
539 549 648 618 γὰρ
679 550 755 620 τῷ
803 550 965 603 αὑτοῦ
1006 550 1170 620 λόγῳ,
1215 551 1306 602 καὶ
1337 553 1402 620 τῇ
1436 547 1601 601 αὑτοῦ
1653 548 1835 618 σοφίᾳ,
1880 549 1973 600 καὶ

404 645 466 713 τῇ
508 642 730 713 δυνάμει
762 645 826 712 τῇ
867 643 1118 712 σωτηρίῳ
1149 641 1332 712 some
1375 659 1443 713 με
1469 642 1498 693 ὁ
1531 641 1696 694 πάλαι
1734 639 1976 711 ἀποκρύ-

403 734 508 804 ψας
535 735 591 786 ἐν
620 736 683 804 τῇ
729 736 898 805 σκηνῇ
933 734 1117 798 αὑτοῦ,
1148 733 1241 788 καὶ
1277 735 1554 797 σκεπάσας
1595 735 1651 786 ἐν
1675 731 1975 804 ἀποκρύφῳ

404 827 502 896 τῆς
529 827 730 897 σκηνῆς
757 826 922 880 αὑτοῦ
956 829 1013 880 ὲν
1040 827 1218 898 ἡμέρᾳ
1255 826 1460 880 κακῶν.
1489 824 1835 897 Παραγαγὼν
1865 824 1974 896 γὰρ

403 919 469 970 τά
508 919 652 970 κακά
695 919 907 972 καὶτὸν
956 919 1146 991 καιρὸν
1183 917 1292 972 τῶν
1331 918 1540 989 ἐχθρῶν
1587 918 1681 970 καὶ
1713 918 1820 970 τῶν
1863 915 1975 969 θλι-

404 1010 603 1063 δόντων
633 1028 699 1080 με
726 1011 1020 1082 πολεμίων,
1047 1014 1124 1075 είς
1166 1011 1338 1066 εὑδιον
1365 1013 1456 1066 καὶ
1483 1000 1752 1084 εἰρηναῖον
1779 1010 1974 1081 λιμένα

401 1099 751 1170 κατέστησεν,
794 1099 1015 1169 ἀγαγών
1063 1118 1119 1154 τε
1162 1103 1241 1165 είς
1291 1101 1352 1154 τὸ
1391 1102 1628 1172 ἐμφανὲς
1667 1101 1758 1154 τὸν
1809 1100 1972 1154 πάλαι

399 1192 864 1262 κρυπταςόμενον,
894 1193 1168 1265 μετέωρον
1189 1194 1358 1265 ἐπῆρε
1379 1194 1471 1246 καὶ
1495 1192 1694 1264 ὑψηλὸν
1725 1192 1970 1264 ἔστησεν,

398 1284 474 1348 ώς
507 1286 674 1337 πᾶσιν
717 1283 944 1356 ὁρᾶσθαι
974 1285 1066 1338 καὶ
1104 1285 1256 1357 παρὰ
1293 1288 1406 1350 τοῖς
1449 1287 1583 1339 πᾶσι
1632 1283 1970 1349 δοξάζεσθαι,

397 1376 738 1448 ήδρασμένον
779 1377 874 1430 καὶ
912 1375 1372 1448 τεθεμελιωμένον
1413 1379 1470 1431 ἐν
1498 1380 1565 1448 τῇ
1599 1377 1837 1448 ἀρραγεϊ
1879 1376 1972 1428 καὶ

397 1467 774 1540 ἀσφαλεστάτη
805 1466 970 1521 αὑτοῦ
1000 1467 1195 1539 πέτρᾳ.

465 1688 576 1741 Kal
600 1687 716 1742 νῦν
737 1688 949 1757 ὔψωσε
977 1687 1250 1757 κεφαλήν
1271 1705 1390 1758 μου
1426 1688 1518 1741 ἐπ’
1546 1689 1798 1758 ἐχθρούς
1821 1705 1961 1757 μου.

393 1781 624 1852 Νοήσεις
650 1782 946 1854 ἐπιστήσας
966 1782 1114 1845 ὅπως
1137 1782 1348 1853 εἴρηται
1373 1781 1522 1852 παρὰ
1544 1781 1633 1852 τῷ.
1661 1779 1970 1850 ’Δποστόλῳ

2081 548 2333 603 exultavit
2363 566 2463 604 me.
2511 549 2676 602 Petra
2716 559 2912 613 autem,
2961 551 3139 620 inquit
3178 551 3493 620 Apostolus,
3534 569 3649 610 erat

2078 639 2321 694 Christus
2355 640 2422 695 δ’.
2459 639 2594 694 Nam
2631 641 2797 695 verbo
2844 657 2967 704 suo,
3012 643 3280 711 sapientia
3326 651 3380 699 et
3424 645 3648 702 salutari

2077 731 2279 787 virtute
2324 747 2424 787 sua
2465 735 2725 788 exaltavit
2756 750 2860 797 me,
2895 735 2988 804 qui
3036 735 3164 788 olim
3197 736 3561 794 absconderat
3593 742 3646 796 iu

2077 825 2432 880 tabernaculo
2460 841 2581 888 suo,
2617 835 2668 881 et
2702 828 2794 896 qui
2829 827 2882 881 in
2913 827 3000 882 die
3045 827 3313 882 malorum
3345 840 3648 899 protexerat

2076 915 2132 968 in
2163 915 2484 972 abscondito
2513 918 2849 974 tabernaculi
2876 918 2983 974 sui.
3016 917 3154 973 Cum
3187 923 3328 975 enim
3357 921 3652 978 amovisset

2075 1009 2240 1076 mala,
2278 1018 2332 1065 et
2363 1026 2426 1065 ea
2452 1027 2573 1081 quae
2607 1019 2852 1081 tempore
2902 1011 3251 1066 inimicorum
3302 1021 3357 1068 et
3409 1013 3648 1070 hostium

2074 1114 2161 1154 me
2186 1101 2594 1155 molestantium
2620 1101 2956 1168 acciderant,
3002 1102 3056 1157 in
3098 1103 3398 1174 tranquillo
3436 1112 3490 1160 et
3530 1106 3650 1175 pla-

2073 1190 2197 1246 cido
2230 1203 2394 1260 portu
2424 1208 2510 1248 me
2543 1195 2827 1250 constituit
2865 1214 2879 1250 :
2912 1211 3106 1266 meque
3138 1196 3266 1250 olim
3318 1196 3648 1261 latitantem,

2073 1280 2128 1335 in
2164 1283 2523 1352 conspicuum
2563 1285 2742 1341 locum
2786 1286 3104 1355 deductum,
3139 1287 3428 1344 sublimem
3452 1289 3646 1355 erexit,

2072 1378 2128 1451 et
2155 1374 2433 1428 excelsum
2468 1377 2680 1436 statuit,
2723 1384 2783 1430 ut
2822 1377 3067 1431 omnium
3124 1380 3443 1449 conspectui
3496 1387 3649 1450 pate-

2073 1477 2208 1528 rem,
2247 1465 2315 1518 ab
2344 1465 2601 1522 omnibus
2631 1467 2908 1532 laudarer,
2946 1475 3132 1540 utpote
3160 1469 3217 1524 in
3250 1470 3566 1528 ﬁrmissima
3593 1480 3648 1528 et

2073 1555 2304 1610 infracta
2335 1557 2511 1627 ipsius
2539 1567 2692 1628 petra
2721 1562 2935 1630 positus
2963 1569 3020 1616 et
3049 1560 3330 1618 fundatus.

2143 1669 2211 1724 Et
2232 1687 2369 1725 nunc
2392 1671 2646 1727 exaltavit
2669 1682 2826 1742 caput
2850 1691 3019 1729 meum
3042 1691 3195 1744 super
3216 1676 3455 1732 inimicos
3478 1693 3638 1732 meos.

2071 1764 2384 1837 Perpendas
2409 1767 2570 1822 velim
2596 1782 2703 1837 qua
2735 1769 3006 1824 sententia
3038 1770 3108 1826 ab
3135 1769 3398 1842 Apostolo
3426 1772 3646 1828 dicatur

392 1874 473 1926 τό·
514 1875 660 1939 Ἕως
689 1869 760 1928 οὗ
790 1874 854 1926 τὸ
884 1873 1153 1942 σήμερον
1180 1873 1464 1926 καλεῖται.
1504 1871 1660 1928 Οὑτω
1688 1872 1796 1945 γὰρ
1825 1874 1958 1943 ἐρεῖς

2073 1857 2207 1912 illud
2237 1877 2250 1913 :
2280 1856 2458 1912 Donec
2503 1857 2655 1913 hodie
2708 1861 3107 1929 cognominatur
3138 1861 3206 1918 “.
3261 1859 3397 1917 Nam
3451 1864 3641 1920 eadem

394 1966 488 2019 καὶ
525 1966 617 2018 ἐπὶ
651 1965 743 2018 τοῦ
780 1967 1045 2036 παρόντος
1081 1967 1140 2020 τὸ
1171 1967 1389 2041 διαρκὲς
1417 1965 1509 2019 τοῦ
1542 1967 1734 2038 χρόνου
1767 1964 1966 2037 σημαί-

393 2055 596 2110 νεσθαι.
658 2055 714 2109 '0
754 2054 864 2127 γὰρ
913 2056 1005 2110 τοῦ
1048 2056 1182 2114 Θεοῦ
1225 2056 1530 2129 ἄνθρωπος,
1577 2057 1645 2110 τὰ
1681 2059 1967 2128 νικητήρια

393 2147 533 2200 κατά
562 2147 668 2199 τῶν
699 2146 908 2218 ἐχθρῶν
937 2146 1193 2217 εἰληφὼς,
1240 2149 1326 2202 ἀεὶ
1358 2149 1456 2220 τῆς
1493 2147 1601 2202 τῶν
1635 2148 1844 2219 ἐχθρῶν
1877 2165 1968 2200 κε-

391 2239 564 2310 φαλῆς
613 2241 881 2310 ἀνώτερος
923 2241 1149 2310 γίνεται·
1187 2240 1358 2304 οὕτως
1403 2241 1496 2294 καὶ
1542 2239 1702 2304 αὑτὸς
1742 2243 1770 2293 6
1811 2239 1968 2293 Δαυῒδ

392 2331 552 2404 μέχρι
592 2332 685 2385 τοῦ
721 2332 982 2404 παρόντος
1021 2333 1214 2404 χρόνου
1248 2333 1533 2402 ἐπαίρεται
1582 2332 1676 2386 καὶ
1714 2331 1966 2402 ὑψοῦται,

387 2421 508 2474 καθ’
555 2421 682 2491 ὅλης
735 2423 832 2493 τῆς
883 2423 1211 2495 οἰκουμένης
1259 2423 1516 2495 ᾁδόμενος
1568 2424 1661 2478 καὶ
1696 2422 1968 2495 βοώμενος

387 2509 537 2583 παρά
569 2513 700 2564 πᾶσι
734 2515 845 2576 τοῖς
873 2512 1070 2577 ἔθνεσι,
1108 2515 1202 2569 καὶ
1231 2513 1438 2585 ὑψωταί
1468 2533 1531 2585 γε
1557 2516 1772 2587 ἀληθῶς
1805 2519 1838 2588 ἡ
1873 2533 1966 2569 κε-

388 2599 529 2670 φαλὴ
551 2599 714 2654 αὑτοῦ
732 2601 826 2654 ἐπὶ
841 2603 966 2666 τοὺς
985 2601 1153 2656 πάλαι
1179 2603 1502 2676 γενομένους
1523 2603 1688 2657 αὑτοῦ
1713 2604 1962 2675 ἐχθροὺς,

386 2690 484 2754 τὰς
525 2693 786 2762 ἀοράτους
821 2693 1102 2764 δυνάμεις.
1159 2695 1218 2748 '0
1263 2695 1322 2747 δέ
1365 2695 1456 2748 τοῦ
1491 2695 1625 2748 Θεοῦ
1659 2696 1962 2767 ἄνθρωπος,

384 2781 572 2836 τοῦτον
605 2783 838 2854 ὑψωθεὶς
868 2785 958 2838 τὸν
985 2787 1205 2858 τρόπον,
1239 2787 1338 2839 οὑκ
1371 2787 1540 2858 ἀργίᾳ
1583 2787 1772 2842 ἐαυτὸν
1797 2787 1964 2856 ίδίδω-

389 2892 493 2939 σιν,
523 2877 645 2930 οὑδέ
676 2877 938 2948 ἀπραξίᾳ,
971 2878 1190 2931 πλείονα
1211 2879 1268 2932 δὲ
1293 2878 1526 2949 σπουδὴν
1567 2879 1694 2950 περὶ
1732 2878 1830 2951 τὴν
1870 2879 1963 2933 τοῦ

385 2967 521 3020 Θεοῦ
564 2967 819 3038 λατρείαν
867 2969 1130 3041 εἰσφέρει.
1177 2969 1268 3023 Διὸ
1319 2970 1583 3038 ἐπιλέγει·
1623 2971 1966 3026 Ἐκύκλωσα

387 3058 484 3112 καὶ
507 3059 696 3112 ἔθυσα
717 3059 780 3112 ἐγ
811 3058 887 3128 τῇ
907 3061 1111 3130 σκηνῇ
1135 3061 1319 3116 αὐτοῦ
1343 3063 1564 3117 θυσίαν
1587 3062 1960 3132 ἀλαλαγμοῦ.

383 3145 550 3204 Αὑται
575 3151 633 3204 δὲ
661 3147 799 3222 ἦσαν
834 3154 890 3205 αἱ
917 3153 1002 3206 διὰ
1036 3154 1220 3224 φωνῆς
1253 3157 1347 3209 καὶ
1377 3155 1654 3225 θεολογίας
1683 3154 1869 3227 ὓμνων
1899 3173 1960 3211 τε

2071 1967 2298 2022 prorsus
2318 1953 2531 2008 ratione
2566 1953 2622 2007 in
2653 1953 2906 2023 praesenti
2952 1953 3216 2023 temporis
3257 1955 3640 2013 assiduitatem

2069 2043 2370 2116 signiﬁcari
2402 2044 2680 2101 fateberis.
2715 2044 2995 2115 Siquidem
3026 2044 3120 2101 Dei
3151 2045 3314 2101 homo
3343 2047 3439 2118 qui
3467 2048 3645 2103 victo-

2068 2137 2160 2193 riae
2184 2137 2251 2192 de
2277 2136 2514 2192 inimicis
2546 2145 2715 2208 parta:
2758 2138 2980 2208 praemia
3009 2138 3240 2209 accepit,
3273 2155 3488 2210 semper
3530 2140 3638 2196 ini-

2067 2232 2336 2286 micorum
2367 2230 2533 2300 capiti
2569 2231 2823 2301 superior
2852 2231 3075 2295 eminet,
3113 2231 3193 2286 sic
3222 2238 3276 2287 et
3310 2231 3426 2304 ipse
3468 2235 3640 2290 David

2067 2337 2240 2390 usque
2273 2321 2342 2376 ad
2392 2335 2630 2391 praesens
2667 2327 2886 2391 tempus
2921 2321 3202 2376 extollitur
3247 2333 3302 2378 et
3345 2322 3637 2386 exaltatur,

2065 2427 2161 2478 per
2196 2412 2508 2467 universam
2538 2423 2739 2466 terram
2770 2412 3098 2468 decantatus
3126 2414 3480 2485 omniumque
3504 2430 3638 2485 gen-

2067 2503 2202 2558 tium
2237 2503 2466 2559 vocibus
2499 2503 2828 2566 celebratus,
2859 2510 2913 2558 et
2934 2514 3097 2574 caput
3116 2503 3236 2574 ejus
3265 2519 3457 2560 revera
3485 2507 3642 2562 exal-

2066 2601 2238 2648 tatum
2287 2601 2372 2650 est
2411 2609 2578 2664 super
2609 2609 2799 2648 omnes
2841 2595 2934 2664 qui
2964 2595 3238 2665 quondam
3278 2596 3486 2652 inimici
3517 2597 3639 2668 ejus

2065 2687 2302 2755 inerant,
2339 2688 2680 2743 advel-sarias
2715 2687 2978 2742 nimirum
3021 2697 3345 2758 potestates.
3372 2689 3442 2747 At
3472 2691 3640 2747 homo

2064 2780 2160 2836 Dei
2186 2797 2250 2836 ea
2282 2782 2493 2836 ratione
2517 2781 2814 2846 exaltatus,
2850 2795 2961 2834 non
2991 2795 3050 2836 se
3081 2779 3311 2849 ignaviae
3341 2793 3435 2839 aut
3463 2787 3639 2856 segni-

2064 2871 2157 2927 tiei
2180 2871 2367 2936 tradit,
2393 2870 2487 2926 sed
2514 2869 2710 2940 majori
2735 2868 2917 2925 studio
2936 2868 3122 2925 divino
3145 2871 3314 2926 cultui
3343 2872 3635 2932 incumbit.

2063 2961 2245 3028 Quare
2277 2960 2580 3032 subjungit,
2613 2958 2845 3015 Circuivi
2889 2967 2939 3012 et
2973 2959 3246 3014 immolavi
3290 2961 3346 3016 in
3387 2961 3637 3018 taberna-

2061 3056 2183 3110 culo
2217 3054 2331 3124 ejus
2363 3056 2589 3111 hostiam
2630 3057 2992 3127 jubilationis.
3047 3056 3141 3114 Hae
3173 3072 3308 3114 sane
3339 3063 3500 3112 erant
3533 3056 3634 3111 ho-

2062 3149 2182 3204 stim
2213 3148 2457 3214 vocibus,
2484 3149 2685 3206 divinis
2735 3151 2992 3221 eloquiis,
3043 3149 3282 3222 hymnis,
3329 3149 3630 3220 gratiarum

381 3245 476 3297 καὶ
513 3243 860 3314 εὐχαριστίας
885 3246 1362 3318 ἀναπεμπόμεναι.
1407 3249 1494 3302 Ἐν
1523 3247 1621 3318 μὲν
1644 3243 1738 3302 οὖν
1757 3247 1834 3319 τῷ
1856 3248 1958 3319 πρὸ

2063 3244 2375 3301 actionibus
2403 3247 2638 3302 emissae.
2671 3246 2732 3300 In
2758 3245 3083 3316 praecedenti
3120 3247 3354 3316 psalmo,
3385 3245 3469 3300 vir
3494 3244 3634 3300 divi-

379 3335 566 3388 τούτου
602 3333 802 3406 ψαλμῷ
854 3337 1190 3408 μελλητικῶς
1241 3338 1548 3394 ἐδιδάσκετο
1600 3339 1776 3408 λέγειν
1818 3339 1848 3391 6
1890 3339 1959 3394 τὰ

379 3426 497 3480 θεῖα
525 3427 925 3500 παιδευόμενος·
970 3431 1228 3500 Νίψομαι
1263 3432 1335 3484 ἐν
1370 3430 1579 3498 ἀθώοις
1614 3429 1721 3498 τὰς
1758 3430 1960 3500 χεῖράς

371 3537 513 3590 μου,
555 3520 652 3573 καί
694 3521 985 3576 κυκλώσω
1018 3521 1084 3575 τὸ
1128 3522 1562 3592 θυσιαστήριόν
1595 3540 1732 3589 σου,
1757 3524 1954 3591 Κύριε·

377 3611 608 3664 ἐνταῦθα
639 3612 694 3665 δὲ
725 3613 801 3676 ὼς
821 3613 920 3685 ήδη
951 3614 1237 3685 προκύψας
1266 3616 1360 3668 καὶ
1381 3613 1558 3686 τυχὼν
1578 3615 1678 3686 τῆς
1707 3616 1871 3686 εὐχῆς
1896 3615 1956 3668 τὺ

377 3702 726 3773 ἀποτέλεσμα
771 3705 872 3774 τῆς
922 3706 1274 3774 ἐπαγγελίας,
1316 3707 1511 3776 ἐπάγει
1558 3706 1751 3776 λέγων·
1792 3707 1956 3761 Ἐκύ-

376 3799 584 3850 κλωσα
632 3797 730 3850 καὶ
772 3798 962 3852 ἔθυσα
999 3799 1069 3852 ἐν
1118 3798 1192 3868 τῇ
1245 3799 1448 3867 σκηνῇ
1500 3799 1688 3854 αὑτοῦ
1733 3801 1955 3854 θυσίαν

374 3887 752 3958 ἀλαλαγμοῦ·
801 3889 898 3942 καὶ
945 3891 1002 3943 ἐν
1057 3890 1158 3962 μὲν
1201 3893 1316 3954 τοῖς
1363 3890 1672 3963 ἔμπροσθεν
1712 3889 1948 3960 ἐλέγετο·

381 3978 489 4032 Τοῦ
519 3980 776 4035 ἀκοῦσαι
813 3979 1024 4051 φωνὴν
1058 3980 1363 4050 αἰνέσεως·
1408 3980 1641 4037 ἐνταῦθα
1674 3979 1752 4033 δέ·
1789 3982 1951 4052 ¹’ᾼσω

373 4067 472 4124 καὶ
501 4069 678 4139 ψαλῶ
714 4069 794 4138 τῷ
820 4073 1031 4141 Κυρίῳ.

443 4205 847 4272 Είσὰκουσον,
892 4209 1087 4284 Κύριε,
1129 4205 1236 4276 τῆς
1269 4208 1474 4277 φωνῆς
1513 4225 1654 4278 μου,
1701 4204 1777 4279 ἧς
1819 4206 1949 4262 ἐκέ-

372 4297 583 4364 κραξα·
627 4299 915 4368 Ἐλέησόν
937 4317 1013 4370 με
1049 4299 1150 4354 καὶ
1177 4298 1546 4355 εὶσάκουσόν
1573 4317 1716 4370 μου.
1742 4301 1844 4354 Σοὶ
1873 4296 1949 4353 εἷ-

371 4404 486 4442 πεν
505 4390 544 4456 ἡ
569 4389 778 4458 καρδία
804 4390 1221 4461 μου·Ἑζήτησέ
1252 4408 1326 4446 σε
1357 4390 1424 4445 τὸ
1455 4394 1779 4460 πρόσωπόν
1799 4410 1943 4462 μου·

367 4477 435 4532 τὸ
464 4481 790 4548 πρόσωπόν
826 4496 963 4547 σου,
998 4484 1192 4550 Κύριε,
1232 4481 1480 4552 ζητήσω.
1538 4483 1682 4536 ’Δντὶ
1724 4483 1781 4539 δέ
1826 4483 1940 4538 τοῦ·

368 4571 468 4625 Σοὶ
488 4567 656 4626 εἶπεν
673 4574 712 4642 ἡ
740 4574 951 4642 καρδία
973 4591 1114 4643 μου,
1149 4573 1430 4644 Ἐζήτησέ
1451 4593 1524 4630 σε
1542 4575 1606 4630 τὸ
1619 4579 1946 4646 πρόσωπόν

361 4682 503 4735 μου,
543 4667 571 4718 6
609 4665 901 4738 Σύμμαχος
935 4667 1261 4738 σαφέστερον
1304 4667 1565 4734 ἐξέδωκεν
1603 4669 1790 4725 εἰπών·
1840 4671 1942 4725 Σοί

366 4756 731 4825 προσελάλει
757 4760 796 4827 ἡ
823 4758 1037 4827 καρδία
1059 4777 1198 4828 μου·
1219 4760 1294 4812 σὲ
1310 4759 1497 4827 ἐζήτει
1520 4760 1586 4815 τὸ
1616 4763 1944 4830 πρόσωπόν

2063 3337 2152 3393 nis
2181 3337 2236 3392 in
2269 3337 2433 3395 rebus
2461 3339 2748 3395 institutus
2773 3339 2890 3393 haec
2914 3337 2982 3394 de
3014 3339 3198 3393 futuro
3224 3337 3409 3393 dicere
3435 3335 3636 3392 edoce-

2059 3424 2601 3487 baturzLavabointer
2621 3433 2918 3486 innocentes
2942 3447 3128 3484 manus
3154 3447 3318 3494 meas,
3341 3437 3389 3483 et
3411 3429 3634 3482 circum-

2059 3521 2194 3576 dabo
2219 3523 2390 3577 altare
2417 3531 2584 3590 tuum,
2627 3522 2850 3579 Domine
2878 3524 2923 3556 ⁴³
2956 3541 2968 3576 :
3009 3523 3098 3578 hic
3125 3537 3274 3585 vero,
3312 3529 3372 3575 ut
3399 3519 3494 3591 qui
3517 3519 3631 3589 jam

2059 3616 2352 3685 profecerit
2373 3627 2429 3672 et
2459 3619 2716 3688 precibus
2740 3620 3009 3690 promissa
3038 3623 3374 3672 consecutus
3395 3615 3487 3682 sit,
3515 3614 3632 3669 haec

2057 3705 2583 3778 loquitur:Circuivi
2628 3722 2676 3764 et
2719 3710 2989 3766 immolavi
3037 3711 3092 3763 in
3142 3707 3478 3763 tabernaculo
3515 3708 3631 3775 ejus

2055 3797 2281 3852 hostiam
2309 3800 2650 3868 jubilationis
2683 3817 2701 3854 :
2730 3809 2786 3857 et
2827 3802 2882 3856 in
2917 3801 3188 3871 superiori
3221 3801 3386 3856 etiam
3419 3798 3632 3870 psalmo

2055 3890 2260 3944 dictum
2289 3899 2394 3958 est,
2424 3891 2492 3947 Ut
2521 3892 2742 3946 audiam
2770 3909 2944 3947 vocem
2978 3892 3155 3947 laudis
3186 3893 3267 3956 ";
3314 3891 3406 3948 hic
3445 3897 3627 3946 autem

2054 3981 2275 4049 dicitur,
2289 3977 2523 4038 Cantabo
2547 3994 2596 4038 et
2626 3984 2892 4053 psalmum
2915 3983 3092 4038 dicam
3124 3983 3372 4040 Domino.

2121 4203 2287 4260 Vens.
2341 4205 2494 4261 7-10.
2541 4203 2774 4272 Exaudi,
2821 4203 3062 4264 Domine,
3103 4219 3285 4258 vocem
3306 4219 3496 4265 nteant,
3521 4219 3627 4273 qua

2048 4293 2271 4349 clamavi
2286 4295 2355 4348 ad
2377 4303 2423 4350 te
2442 4311 2460 4348 :
2479 4296 2721 4350 miserere
2738 4297 2837 4352 mei
2852 4305 2900 4350 et
2915 4294 3110 4350 exaudi
3128 4311 3228 4349 me.
3251 4293 3370 4348 Tibi
3386 4293 3520 4347 dixit
3535 4310 3627 4347 cor

2047 4403 2239 4451 meum,
2261 4386 2556 4458 Exquisivit
2582 4396 2628 4442 te
2639 4387 2800 4457 [acies
2820 4403 2967 4441 mea:
2988 4385 3174 4456 faciem
3196 4382 3621 4449 tuam,Domine,

2045 4481 2328 4549 requiram.
2349 4478 2480 4550 Ejus
2504 4481 2643 4544 loco,
2661 4479 2755 4533 tibi
2775 4481 2910 4533 dixit
2934 4495 3027 4533 con
3054 4493 3246 4544 meum,
3270 4475 3550 4546 exquisivit
3575 4484 3624 4528 te

2048 4573 2210 4643 facies
2248 4589 2384 4638 mea,
2414 4573 2656 4643 apertius
2686 4569 3052 4644 Symmachus
3093 4573 3172 4628 sic
3211 4570 3621 4650 interpretatur.

2049 4666 2143 4720 tibi
2171 4665 2478 4736 loquebatur
2522 4682 2611 4719 cor
2640 4681 2835 4728 meum,
2872 4673 2918 4718 te
2943 4663 3210 4735 quaerebat
3238 4660 3412 4716 vultus
3455 4673 3622 4712 meus.

2041 4759 2250 4812 Animae
2279 4758 2478 4828 quippe
2518 4757 2699 4812 vultus
2729 4765 3122 4827 congruentem
3167 4751 3272 4807 sibi
3322 4747 3620 4820 inspectio-

360 4865 495 4918 μου.
532 4849 605 4901 Τὸ
631 4850 739 4919 γὰρ
765 4850 866 4921 τῆς
891 4850 1070 4921 ψυχῆς
1105 4851 1396 4921 πρόσωπον
1429 4854 1526 4925 τὴν
1570 4854 1940 4926 ἁρμόττουσαν

2061 4867 2164 4906 rem
2199 4851 2570 4906 desiderabat.
2604 4850 2716 4905 Hoc
2767 4851 2946 4921 ipsum
2977 4847 3190 4919 Moyses
3227 4844 3308 4900 sic
3338 4843 3509 4898 Deum
3545 4842 3625 4895 al-

364 4940 491 4995 θὲαν
523 4941 724 4995 ἐπόθει.
757 4942 1035 4997 Τούτουδὲ
1055 4944 1146 4997 καὶ
1166 4945 1403 5015 Μωῦσῆς
1427 4961 1557 4998 ποτε
1577 4949 1758 5016 τυχεῖν
1782 4944 1934 5016 ἠξίου

2061 4959 2266 5014 oquens
2287 4943 2549 5014 consequi
2580 4943 2892 5015 postulabat
2936 4961 2948 4996 :
2993 4939 3127 4994 Ecce
3172 4939 3344 4992 inveni
3391 4936 3612 5008 gratian

361 5031 532 5102 λέγων
561 5030 639 5102 τῷ
667 5031 802 5103 Θεῷ·
851 5034 995 5088 Ἰδοὺ
1032 5035 1260 5104 εὕρηκα
1291 5036 1466 5106 χάριν
1497 5037 1754 5092 ἐνώπιόν
1782 5056 1921 5094 σου·

2032 5038 2090 5090 in
2129 5047 2409 5104 conspectu
2459 5045 2548 5090 tuo
2583 5052 2600 5087 :
2631 5035 2844 5090 ostende
2877 5032 3005 5086 mihi
3041 5031 3285 5100 teipsum,
3325 5038 3374 5082 te
3402 5027 3615 5081 scientd

359 5124 692 5194 épgcdrto'o’r
713 5142 814 5194 μοι
857 5130 1135 5181 σεαυτόν·
1174 5128 1454 5198 γνωστῶς
1493 5129 1597 5183 ἴδω
1638 5146 1730 5185 σε·
1778 5131 1926 5195 ὅπως

2061 5126 2240 5182 ιὶάεαηι
2274 5127 2354 5194 “;
2387 5134 2446 5182 ut
2479 5127 2713 5183 revelata
2746 5124 2884 5179 facie
2923 5125 3153 5194 glonam
3186 5118 3401 5175 Domini
3440 5119 3594 5170 intuc

359 5217 863 5288 ἀνακεκαλυμμένῳ
889 5218 1163 5290 προσώπῳ
1203 5221 1305 5292 τὴν
1349 5221 1505 5286 δόξαν
1562 5223 1768 5293 Κυρίου
1801 5240 1932 5276 κατ-

356 5309 685 5383 οπτρίζοιτο.
711 5311 802 5364 Διό
834 5328 986 5382 φησι·
1009 5311 1077 5366 Τὸ
1105 5314 1430 5381 πρόσωπόν
1459 5331 1596 5379 σου,
1620 5315 1816 5383 Κύριε.
1845 5314 1937 5382 ζη-

355 5399 541 5465 τήσω·
563 5402 648 5470 μὴ
673 5403 1064 5472 ἁποστρέψῃς
1080 5404 1143 5456 τὸ
1167 5406 1489 5472 πρόσωπόν
1507 5423 1623 5460 σου
1639 5407 1739 5460 ἀπ’
1763 5405 1929 5475 ἐμοῦ.

356 5493 420 5547 El
449 5493 557 5563 γὰρ
582 5497 661 5558 εἰς
688 5495 854 5564 ἄκρον
877 5494 1170 5568 τελειότης,
1205 5497 1298 5550 καὶ
1329 5499 1362 5568 ή
1398 5497 1538 5552 κατά
1564 5497 1696 5551 Θεὸν
1725 5498 1930 5570 ὑστάτη

431 5799 474 5831 ⁸³
533 5797 705 5855 lCor.
741 5817 794 5868 x,
825 5802 879 5857 ι.
955 5803 1002 5835 ⁸³
1052 5793 1216 5859 Hebr.
1253 5817 1335 5869 nt,
1384 5805 1465 5858 13.

1579 5803 1621 5836 "
1662 5801 1806 5860 Psal.
1840 5819 1967 5870 xxv,
2000 5801 2052 5856 6.

2041 5230 2210 5277 retur.
2247 5219 2615 5286 Quamobrem
2665 5219 2761 5282 ait,
2803 5218 2995 5287 [aciem
3037 5225 3206 5281 tuam,
3242 5213 3489 5276 Domine,
3529 5227 3616 5263 re-

2043 5314 2288 5384 quiram;
2325 5327 2387 5366 ne
2419 5321 2624 5366 avertas
2676 5311 2865 5381 faciem
2909 5320 3054 5362 tuam
3086 5325 3118 5361 a
3151 5324 3250 5361 me.
3283 5303 3342 5361 Si
3368 5305 3514 5360 enim
3550 5305 3618 5359 ad

2041 5420 2358 5476 supremum
2383 5404 2646 5476 perfectio
2674 5403 2971 5465 devenerit,
3009 5416 3141 5458 sane
3162 5400 3386 5454 ultimus
3419 5411 3616 5454 secun-

2041 5498 2169 5558 dum
2198 5497 2366 5554 Deum
2395 5495 2672 5569 profectus
2698 5495 2788 5550 ille
2823 5493 3008 5560 fuerit,
3041 5493 3134 5565 qui
3168 5493 3379 5549 scilicet
3417 5489 3485 5547 ad
3516 5487 3612 5544 Dei

2163 5802 2208 5836 "
2250 5799 2381 5860 ibid.
2430 5801 2477 5857 7.
2503 5800 2602 5876 J“
2636 5798 2806 5858 Exod.
2841 5815 3036 5868 χχχιιι,
3084 5799 3166 5855 1⁸5.
