4100 6386
465 354 575 411 243

1211 357 1478 414 EUSEBII
1514 357 1987 415 CESARIENSIS
2024 356 2175 414 OPP.
2216 354 2395 412 PARS
2431 353 2516 409 Ill.
2559 384 2627 393 -ο
2665 346 3071 406 EXEGETICA.

3598 343 3697 399 ιιι

468 472 677 527 vultum
700 469 953 534 deducit,
985 480 1058 524 ita
1088 480 1147 524 ut
1168 472 1291 542 quis
1316 470 1425 528 Deo
1448 489 1690 544 praesens
1711 476 1871 541 adsit,
1895 475 2006 546 ejus

2138 470 2387 541 προκοπὴ
2417 467 2557 537 αῦτη
2582 465 2647 520 ἂν
2673 465 2900 533 γένοιτο,
2925 466 2958 535 ἡ
2987 461 3081 515 ἐπὶ
3106 460 3168 514 τὸ
3190 459 3475 531 πρόσωπον
3497 458 3701 527 ἄγουσα

466 577 572 630 que
593 559 814 616 deitatis
842 560 1012 616 radiis
1036 559 1270 617 fruatur.

535 737 749 792 Gnarus
782 748 960 795 autem
990 754 1230 811 persaepe
1275 740 1444 797 Deum
1479 744 1547 798 ab
1585 744 1655 799 iis
1688 745 1782 815 qui
1823 744 2029 799 vultum

463 828 584 897 ejus
606 828 879 885 sustinere
900 845 1006 885 non
1035 831 1237 896 valent,
1263 846 1438 902 neque
1464 833 1521 887 in
1542 849 1770 889 numero
1796 833 2030 888 filiorum

462 924 585 993 ejus
616 932 1021 994 computantur,
1060 934 1305 981 avertere
1348 942 1429 990 se,
1481 942 1546 982 ac
1575 935 1727 998 terga
1771 928 1840 982 iis
1874 942 2030 982 mon-

462 1025 659 1082 strare,
688 1016 1145 1087 quemadmodum
1184 1016 1354 1087 Moysi
1384 1018 1559 1073 dixit:
1602 1017 1807 1072 Videbis
1850 1029 2023 1087 poste«

461 1109 605 1163 riora
634 1125 772 1173 mea,
803 1109 1004 1163 uultum
1045 1094 1221 1163 autem
1266 1126 1436 1163 meum
1484 1128 1815 1182 nequaquam
1860 1112 2027 1181 inspi-

459 1201 563 1254 cies
591 1200 669 1267 ";
705 1211 762 1255 ut
791 1217 861 1257 ne
888 1202 943 1255 in
975 1202 1205 1257 similem
1250 1218 1436 1258 casum
1497 1202 1700 1257 incidat
1734 1204 1781 1259 is
1820 1204 1887 1259 de
1917 1219 2027 1274 quo

452 1292 566 1361 jam
603 1310 806 1357 sermo,
853 1295 937 1351 bis
970 1297 1152 1353 verbis
1185 1296 1457 1367 supplicat
1497 1296 1859 1366 obsecratque
1891 1316 1903 1350 :
1944 1294 2027 1351 Νι

457 1393 664 1440 avertas
710 1387 898 1455 [aciem
929 1396 1076 1441 luant
1116 1404 1148 1440 a
1194 1404 1273 1441 me
1304 1403 1323 1440 :
1365 1404 1427 1440 ne
1482 1387 1710 1441 declines
1768 1388 1822 1440 in
1873 1389 1955 1439 ira
1989 1403 2023 1440 a

455 1492 603 1531 servo
639 1487 748 1531 tuo.
779 1476 1008 1547 Adjutor
1029 1494 1172 1532 meus
1209 1488 1341 1543 esto,
1376 1494 1438 1532 ne
1479 1476 1700 1547 abjicias
1733 1494 1833 1543 me,
1863 1495 2025 1548 neque

452 1566 665 1623 deseras
714 1586 813 1633 me,
854 1569 997 1625 Deus
1041 1571 1289 1626 Salvator
1337 1588 1501 1626 meus.
1558 1571 1821 1638 Quoniam
1870 1579 2023 1640 pater

453 1676 598 1715 meus
625 1670 675 1715 et
714 1671 882 1716 ntater
927 1680 1044 1718 mea
1088 1664 1474 1735 dereliquerunt
1508 1680 1608 1727 me,
1637 1662 1893 1716 Dominus
1923 1679 2021 1716 au-

456 1761 556 1807 tem
580 1756 867 1824 assumpsit
904 1772 1006 1812 me.
1035 1755 1113 1812 Ne
1156 1772 1240 1813 me
1283 1773 1499 1813 servum
1529 1765 1705 1820 tuum,
1747 1755 1893 1827 quod
1930 1763 2019 1809 ta-

2131 563 2225 617 τοῦ
2248 560 2405 622 Θεοῦ,
2428 558 2504 622 ὡς
2529 554 2864 627 παρεστάναι
2895 551 3045 625 αύτῷ
3072 552 3165 606 καὶ
3190 550 3300 605 τῶν
3329 550 3694 623 μαρμαρυγῶι

2131 654 2229 724 τῆς
2262 647 2426 704 αὐτοῦ
2459 648 2709 718 θεότητος
2737 644 3048 729 ἀπολαύειν.

2202 738 2373 803 Εἰδὼς
2403 739 2483 802 δὲ,
2503 738 2584 791 ὃτι
2605 736 2863 799 πολλάκις
2889 737 2917 788 6
2940 734 3073 798 Θεὸς
3100 733 3209 788 ἀπὸ
3235 732 3345 787 τῶν
3375 735 3450 806 μὴ
3471 733 3682 808 χωρούν

2128 848 2236 886 των
2248 830 2311 884 τὸ
2323 828 2486 884 αὑτοῦ
2502 828 2788 901 πρόσωπον
2806 826 2939 898 μηδὲ
2954 824 3111 890 ὲξιων
3126 824 3251 897 (sic)
3269 824 3351 899 [ἐξ
3362 826 3514 897 υἱῶν]
3531 827 3696 881 αὐτοῦ

2127 924 2317 989 ὄντων,
2356 922 2690 994 ἀποστρέφει
2723 921 2934 984 ἑαυτὸν,
2967 919 3037 973 τά
3066 919 3211 973 νῶτα
3241 919 3433 974 ἑαυτοῦ
3460 920 3695 984 δεικνὺς,

2128 1014 2317 1087 ῶσπερ
2346 1012 2441 1068 οὖν
2466 1014 2546 1085 τῷ
2577 1015 2802 1068 Μωῦσεῑ
2829 1013 3031 1082 ἔλεγεν·
3066 1014 3232 1082 Ὄψει
3257 1010 3329 1066 τὰ
3350 1013 3543 1067 ὀπίσω
3552 1030 3693 1082 μου,

2125 1105 2193 1158 τὸ
2222 1104 2290 1159 δὲ
2318 1105 2642 1173 πρόσωπόν
2662 1122 2782 1173 μου
2816 1106 2929 1157 οὐκ
2964 1102 3291 1172 ὀφθήσεταί
3335 1118 3454 1157 σοι·
3495 1103 3561 1156 ἵν’
3601 1097 3695 1156 οὖν

2129 1196 2205 1268 μὴ
2231 1197 2387 1249 τοῦτο
2421 1195 2583 1249 πάθοι
2618 1196 2647 1247 6
2681 1194 2770 1251 διὰ
2807 1194 2914 1247 τῶν
2946 1193 3319 1265 προκειμένων
3343 1193 3689 1265 δηλούμενος,

2127 1287 2357 1341 ἱκετεύει
2406 1288 2501 1341 καὶ
2554 1287 2731 1340 δέεται
2778 1286 2950 1355 λέγων
2970 1303 2983 1315 ·
3034 1285 3134 1354 Μὴ
3178 1284 3569 1355 ἀποστρέψῃς
3622 1285 3691 1340 τὸ

2124 1380 2446 1447 πρόσωπόν
2482 1394 2598 1432 σου
2645 1379 2747 1432 ἀπ’
2792 1377 2968 1447 ἐμοῦ·
2999 1376 3085 1445 μὴ
3119 1376 3408 1445 ἐκκλίνῃς
3437 1377 3508 1431 ἐν
3544 1375 3689 1446 ὀργῆ

2122 1469 2240 1524 ἀπὸ
2272 1468 2379 1523 τοῦ
2410 1469 2633 1523 δούλου
2660 1484 2795 1522 σου.
2818 1467 3044 1534 Βοηθός
3064 1484 3183 1536 μου
3209 1467 3408 1538 γενοῦ,
3435 1466 3527 1537 μὴ
3545 1468 3690 1522 ἁπο-

2122 1560 2493 1628 σκορακίσῃς
2530 1576 2628 1628 με,
2675 1557 2773 1612 καὶ
2806 1556 2886 1627 μὴ
2914 1557 3315 1626 Marullum
3336 1573 3431 1626 με,
3481 1559 3515 1612 ὀ
3545 1556 3690 1624 Θεὸς

2122 1652 2155 1703 ό
2184 1649 2387 1718 Σωτήρ
2412 1668 2551 1719 μου.
2583 1650 2702 1703 Ὅτι
2730 1653 2763 1703 ό
2785 1648 2979 1717 πατήρ
2998 1666 3117 1719 μου
3141 1648 3239 1702 καὶ
3268 1650 3308 1717 ἠ
3331 1647 3529 1717 μήτηρ
3568 1666 3689 1718 μου

2118 1741 2596 1822 ἐγκατέλιπέμε·
2643 1746 2675 1796 ὀ
2716 1742 2783 1795 δὲ
2826 1743 3042 1810 Κύριος
3087 1740 3492 1809 προσελάϐετό
3544 1758 3684 1809 μου.

452 1842 525 1896 lia
553 1857 844 1914 aggressus
874 1846 998 1907 sim.
1028 1847 1320 1902 averseris.
1362 1846 1547 1916 Neque
1585 1847 1729 1902 enim
1762 1846 1890 1901 licet
1922 1846 2006 1901 bo-

2120 1833 2235 1904 Μὴ,
2264 1835 2347 1887 ὅτι
2374 1834 2600 1888 τοιαῦτα
2622 1834 2947 1906 τετόλμηκα,
2978 1832 3336 1905 ἀποστράφῃς
3366 1850 3432 1904 με
3453 1832 3544 1885 τὸν
3567 1831 3687 1886 δοῦ·-

452 1933 583 1990 mini
607 1950 769 1992 carne
791 1936 980 1992 induto
997 1937 1310 2007 hujusmodi
1331 1938 1695 2009 dignationem
1718 1938 2016 2009 attingere;

450 2044 618 2099 quare
645 2027 815 2100 Moysi
840 2029 1063 2085 dicebas
1096 2048 1111 2084 :
1150 2028 1319 2084 Nemo
1346 2027 1537 2084 videbit
1580 2028 1783 2083 vultum
1822 2045 2014 2094 meum,

449 2128 499 2173 et
531 2119 662 2173 uiuet
689 2118 757 2174 ⁸⁸.
805 2117 993 2189 Neque
1022 2120 1168 2175 enim
1214 2119 1431 2174 mortali
1459 2119 1586 2174 vita:
1626 2119 1680 2173 id
1711 2127 2019 2189 competere

450 2209 614 2274 valet,
662 2217 723 2265 ut
756 2212 966 2267 vultum
997 2212 1400 2282 contempletur
1441 2219 1615 2267 tuum.
1650 2210 2015 2277 Quamobrem

447 2297 663 2361 κάλπιον
695 2310 840 2348 meus
879 2307 1026 2360 esto,
1058 2306 1117 2352 ut
1147 2300 1417 2369 postulata
1450 2316 1774 2374 consequar.
1807 2304 1891 2359 Νι
1916 2307 2015 2360 ab-

436 2385 600 2454 jicias
640 2403 741 2450 me,
789 2403 887 2457 pro
925 2404 1035 2459 quo
1078 2389 1471 2463 Symmachus,
1511 2393 1595 2450 Ne
1639 2397 1848 2466 rejicias
1895 2414 2012 2464 me;

355 2507 361 2513 ι
442 2475 641 2543 Aquila
678 2491 827 2544 vero,
860 2476 945 2533 Ne
972 2478 1181 2537 deseras
1205 2499 1307 2551 me,
1337 2484 1524 2540 edidit.
1548 2484 1754 2543 Deinde
1778 2489 1963 2557 adjicit
1994 2510 2009 2547 :

447 2567 631 2639 Neque
656 2571 867 2628 deseras
897 2590 998 2641 me,
1030 2573 1174 2628 Deus
1199 2572 1450 2629 Saluator
1480 2589 1646 2629 meus.
1679 2573 1758 2630 Te
1778 2589 2014 2647 namque

444 2660 819 2729 patrocinante
853 2677 917 2718 ac
957 2662 1237 2720 dexteram
1271 2665 1605 2736 porrigente,
1647 2682 1775 2737 spes
1812 2680 1897 2724 est
1921 2684 2012 2725 me

443 2750 581 2804 bona
623 2751 807 2807 omnia
839 2761 1289 2809 consecuturum.
1319 2752 1459 2821 Quia
1490 2756 1677 2812 nullus
1704 2756 1847 2812 alius
1875 2758 2009 2813 mihi

440 2841 656 2910 adjutor
685 2842 842 2900 adest
872 2864 885 2900 :
916 2860 1095 2917 neque
1129 2847 1274 2901 enim
1301 2846 1483 2917 aliqua
1518 2848 1724 2902 arctior
1761 2848 2011 2903 charior-

439 2947 566 3001 que,
592 2949 757 3004 quam
806 2938 979 3006 patris
1029 2948 1085 2993 et
1139 2941 1356 3005 matris,
1403 2941 1754 2996 necessitudo
1799 2940 2007 3011 fuerit;

440 3023 545 3092 ipsi
572 3039 703 3080 vero
731 3025 1140 3097 dereliquerunt
1170 3042 1280 3094 me,
1319 3028 1448 3098 quia
1490 3030 1559 3084 ab
1585 3029 1696 3086 illis
1727 3030 2005 3097 omnibus,

441 3123 499 3169 nt
523 3114 618 3170 tibi
663 3117 767 3172 soli
810 3116 922 3173 Deo
949 3133 1222 3183 vacarem,
1263 3121 1485 3175 recessi.
1520 3120 1700 3187 Quare
1743 3122 1842 3178 tibi
1874 3138 2001 3194 gra-

2118 1928 2207 1982 λόν
2239 1945 2352 1983 σου.
2380 1929 2455 1982 Ού
2486 1928 2594 1999 γὰρ
2621 1930 2829 1997 ἐφεῖται
2859 1926 3129 1998 ἀνθρώπῳ
3159 1925 3336 1999 σάρκα
3366 1925 3685 1998 περιδεδλη-

2125 2018 2275 2088 μένῳ
2298 2017 2406 2072 τῶν
2430 2018 2684 2073 τοιούτων
2704 2016 3001 2083 ἀξιοῦσθαι·
3030 2018 3111 2071 διὸ
3135 2017 3319 2087 ἔλεγες
3340 2015 3418 2088 τῷ
3442 2019 3680 2073 Μωῦσετ·

2119 2109 2329 2176 Οὐδεὶς
2361 2110 2570 2180 ὄψεται
2617 2111 2684 2164 τὸ
2729 2112 3056 2179 πρόσωπόν
3091 2128 3233 2180 μου,
3276 2111 3374 2164 καὶ
3420 2109 3680 2179 ζήσεται.

2129 2200 2403 2256 ’Δδυνατεῖ
2431 2202 2539 2274 γὰρ
2563 2203 2598 2273 ή
2622 2201 2789 2274 θνητὴ
2820 2202 2932 2274 ζωὴ
2960 2202 3095 2275 πρὸς
3115 2201 3212 2274 τὴν
3240 2201 3369 2256 θέαν
3391 2202 3484 2256 τοῦ
3512 2220 3682 2274 προσ-

2111 2289 2265 2345 ώπου
2302 2309 2417 2347 σου·
2451 2293 2531 2347 διὸ
2568 2293 2765 2365 μᾶλλον
2779 2295 3007 2363 ,βοηθός
3012 2315 3110 2366 μοι
3140 2297 3324 2352 γενοῦ
3340 2298 3476 2371 πρός
3497 2294 3557 2348 τὸ
3587 2311 3682 2350 τυ-

2112 2383 2226 2450 χεῖν
2256 2380 2367 2435 τῶν
2388 2382 2690 2455 ᾐτημένων.
2722 2382 2819 2451 Μὴ
2849 2382 3341 2451 ἀποσκορακίσῃς
3354 2399 3449 2452 με·
3476 2383 3593 2438 ἀνθ’
3615 2378 3678 2437 οὗ

2110 2475 2141 2527 6
2185 2474 2512 2546 Σύμμαχος,
2549 2475 2649 2544 Μὴ
2690 2476 3033 2544 ἁπορῤίψῃς
3076 2492 3183 2545 με,
3218 2475 3508 2543 ἐξέδωκεν·
3558 2478 3586 2530 6
3619 2475 3678 2530 δὲ

2124 2566 2357 2631 ’Δκύλας
2380 2584 2395 2597 ·
2430 2568 2530 2636 Μὴ
2579 2567 2767 2637 ἐάσῃς
2800 2586 2896 2637 με.
2953 2566 3066 2622 Εἶτ’
3104 2556 3350 2638 ’ἐπιλέγει
3372 2586 3387 2599 ·
3440 2569 3547 2622 Καὶ
3588 2568 3675 2639 μὴ

2108 2657 2551 2728 ἐγκαταλείπῃς
2574 2677 2673 2728 με,
2703 2663 2736 2713 ὀ
2770 2658 2915 2726 Θεὸς
2947 2662 2980 2713 ό
3007 2658 3211 2727 Σωτήρ
3242 2678 3381 2730 μου.
3423 2658 3526 2713 Σοῦ
3567 2661 3676 2732 γάρ

2110 2748 2662 2820 ἀντιλαμϐανομένου,
2716 2750 2811 2803 καὶ
2873 2748 3052 2814 δεξιὰν
3103 2749 3406 2823 ὀρέγοντος,
3459 2750 3677 2804 πάντων

2107 2839 2263 2904 ἐλπὶς
2301 2842 2482 2912 τυχεῖν
2521 2840 2629 2895 τῶν
2660 2840 2901 2910 ἀγαθῶν.
2956 2842 3108 2895 Ἐπεὶ
3149 2842 3336 2914 μηδεὶς
3370 2842 3555 2914 ἕτερός
3584 2859 3671 2913 μοι

2107 2930 2340 3003 πάρεστι
2365 2931 2573 3004 βοηθός·
2604 2933 2712 2985 τῶν
2739 2932 2851 3005 γάρ
2881 2934 2938 2986 ὲν
2967 2933 3273 3006 ἀνθρώποις
3304 2934 3555 3004 άναγκῶν
3586 2936 3675 2988 ού-

2103 3024 2212 3090 δεὶς
2230 3024 2298 3080 ἂν
2320 3025 2528 3095 γένοιτο
2546 3026 2752 3099 πατρὸς
2773 3027 2869 3081 καὶ
2895 3028 3100 3099 μητρὸς
3128 3029 3324 3100 μᾶλλον
3348 3028 3669 3101 προσφιλής·

2104 3109 2251 3173 οὗτοι
2278 3118 2337 3173 δὲ
2358 3121 2512 3174 αὐτοὶ
2532 3119 2951 3175 καταλελοίπασί
2975 3139 3041 3192 με
3060 3120 3146 3175 διά
3166 3122 3227 3175 τδ
3254 3122 3469 3176 πάντων
3492 3121 3675 3175 αὐτῶν

439 3205 569 3261 tiam
601 3207 877 3279 proﬁteor,
916 3210 1046 3281 quia
1084 3211 1154 3266 ab
1198 3212 1456 3269 omnibus
1484 3212 1737 3272 desertus
1779 3229 1844 3270 ac
1883 3214 2006 3271 reli-

2109 3209 2608 3282 ἀνακεχωρηκέναι,
2648 3213 2744 3265 ita}.
2786 3212 2869 3265 σοὶ
2921 3212 3067 3284 μόνῳ
3098 3212 3376 3284 σχολάζειν
3416 3214 3493 3285 τῷ
3531 3213 3670 3286 Θεῷ.

437 3304 579 3363 ctus,
614 3299 715 3359 abs
748 3311 802 3359 te
830 3303 948 3361 solo
979 3315 1295 3378 assumptus
1321 3323 1465 3364 sum.

509 3476 672 3536 Vens.
710 3481 800 3545 Η,
836 3482 925 3541 12.
970 3483 1156 3557 Legem
1200 3501 1334 3556 pone
1386 3488 1515 3544 mihi
1555 3490 1609 3544 in
1648 3492 1734 3546 via
1766 3500 1860 3547 tua
1895 3512 1914 3549 :
1950 3506 2000 3552 et

434 3567 598 3639 dirige
630 3587 715 3625 me
744 3571 799 3627 in
826 3575 1070 3629 semitam
1100 3585 1299 3631 rectam
1326 3587 1539 3649 propter
1572 3579 1812 3636 inimicos
1837 3599 1997 3639 meos.

436 3660 521 3715 Ne
574 3661 861 3719 tradideris
940 3683 1023 3721 me
1082 3668 1139 3721 in
1199 3670 1407 3725 animas
1466 3670 1832 3729 tribulantium
1898 3693 1999 3744 me,

433 3750 682 3819 quoniam
763 3754 1162 3825 insurrexerunt
1240 3762 1294 3815 in
1370 3779 1450 3817 me
1530 3774 1683 3819 testes
1792 3768 1999 3838 iniqui,

432 3847 483 3893 et
546 3844 767 3898 mentita
838 3854 917 3900 est
988 3848 1241 3920 iniquitas
1315 3850 1438 3907 sibi.
1509 3852 1645 3909 Cum
1723 3858 1999 3916 multoties

431 3930 499 3988 de
540 3949 600 3988 se
647 3934 867 3993 divinus
913 3937 1207 4010 Apostolus
1252 3943 1368 3999 haec
1424 3946 1755 4003 declarasset
1805 3964 1870 4004 ac
1913 3951 2000 4006 di-

430 4022 597 4079 xisset
623 4043 638 4080 :
666 4024 818 4081 Nihil
846 4030 986 4083 enim
1018 4031 1189 4085 minus
1229 4032 1311 4102 [ui
1348 4033 1413 4087 ab
1445 4036 1513 4089 iis
1548 4038 1640 4106 qui
1679 4047 1801 4092 sunt
1834 4055 1995 4110 supra

428 4110 642 4164 modum
689 4116 995 4185 apostoli";
1028 4118 1095 4175 iis
1126 4119 1242 4175 luet:
1279 4121 1504 4192 adjicit:
1535 4122 1661 4179 Non
1702 4126 1841 4198 quod
1877 4131 1997 4198 jam

426 4205 732 4271 acceperim,
766 4218 859 4261 aut
892 4209 1010 4280 jam
1043 4211 1305 4281 perfectus
1349 4215 1450 4269 sim
1472 4231 1491 4269 :
1519 4233 1705 4289 sequor
1735 4231 1909 4274 autem
1948 4224 1997 4277 si

424 4312 526 4367 quo
568 4297 722 4353 modo
763 4304 1260 4369 comprehendant"
1289 4322 1306 4361 :
1337 4322 1401 4361 ac
1432 4324 1652 4363 rursum
1692 4312 1821 4366 alibi
1848 4332 1861 4367 :
1891 4313 1996 4369 Ca-

425 4388 560 4457 stigo
586 4405 774 4459 corpus
805 4409 996 4459 meum,
1030 4406 1080 4449 et
1105 4396 1160 4450 in
1188 4399 1487 4453 servitutem
1516 4400 1711 4471 redigo,
1769 4419 1833 4457 ne
1860 4403 1998 4473 forte

380 4524 393 4533 .
422 4494 542 4535 cum
567 4482 689 4537 aliis
713 4485 1124 4553 prtedicaverim,
1145 4490 1253 4559 ipse
1277 4491 1523 4561 reprobus
1550 4493 1743 4562 eﬂiciar
1759 4495 1827 4548 ⁸¹.
1856 4494 1993 4551 Nam

2111 3298 2271 3353 Ὅθεν
2296 3300 2392 3354 καὶ
2416 3301 2575 3373 χάριν
2595 3301 2861 3372 ὁμολογῶ,
2891 3303 2974 3357 ὅτι
2999 3304 3213 3360 πάντων
3242 3304 3443 3378 ἔρημος
3465 3306 3559 3361 καὶ
3583 3324 3675 3360 κα-

2103 3390 2413 3463 ταλειφθεὶς
2444 3394 2548 3448 ὑπὸ
2576 3394 2669 3447 σοῦ
2700 3394 3097 3469 προσελήφθην.

2175 3484 2597 3555 Νομοθέτησόν
2619 3504 2698 3556 με
2729 3488 2802 3542 ἐν
2831 3487 2907 3558 τῇ
2936 3488 3054 3555 ὁδῷ
3076 3505 3213 3554 σου,
3243 3488 3341 3543 καὶ
3368 3489 3676 3561 ὀδιὶγησόν

2098 3596 2175 3648 με
2197 3578 2269 3632 ἐν
2295 3582 2470 3648 τρίϐῳ
2504 3582 2707 3652 εὐθείᾳ
2753 3582 2931 3639 ἕνεκα
2976 3582 3097 3639 τῶν
3122 3586 3363 3656 ’ἐχθρῶν
3403 3606 3543 3658 μου.
3572 3588 3673 3657 Μὴ

2103 3666 2382 3738 παραδῷς
2401 3686 2480 3739 με
2508 3671 2595 3736 εἰς
2631 3672 2836 3742 ψυχὰς
2864 3675 3188 3729 θλιϐόντων
3214 3693 3311 3746 με,
3343 3676 3431 3732 ὅτι
3461 3676 3675 3735 ἐπανέ-

2104 3760 2347 3829 στησάν
2363 3778 2467 3831 μοι
2489 3760 2784 3833 μάρτιῳες
2810 3762 3021 3834 ἄδικοι,
3046 3767 3144 3823 καὶ
3160 3768 3461 3838 ἐψεύσατο
3482 3771 3520 3839 ἠ
3550 3770 3672 3825 ἀδι-
3776 3770 3786 3781 “

2102 3851 2204 3904 acia
2230 3850 2435 3920 ἑαυτῇ.
2457 3852 2721 3919 Πολλάκις
2749 3873 2813 3909 πε
2824 3858 2875 3929 9i.
2906 3858 3100 3913 ἑαυτοῦ
3133 3860 3161 3912 6
3191 3859 3332 3925 θεῖος
3355 3860 3673 3924 ’Λπόστολος

2102 3941 2320 4010 διδάξας
2354 3943 2449 3998 καὶ
2476 3945 2665 4003 εἰπών·
2697 3948 2888 4004 Οὐδὲν
2915 3948 3026 4020 γὰρ
3053 3951 3354 4019 ὐστέρηκα
3381 3951 3498 4004 τῶν
3520 3952 3670 4020 ὑπὲρ

2100 4036 2244 4090 λίαν
2256 4036 2631 4093 ἀποστόλων·
2656 4040 2863 4105 τούτοις
2883 4042 3053 4112 ἐπῆγε
3079 4040 3270 4109 λέγων·
3299 4042 3419 4109 Οὐχ
3442 4041 3530 4093 ὅτι
3551 4040 3667 4109 ἤδη

2101 4128 2324 4185 ἔλαϐον
2351 4130 2389 4199 ἣ
2417 4130 2533 4200 ἤδη
2567 4134 2961 4200 τετελείωμαι·
2988 4128 3176 4183 διώκω
3204 4130 3271 4182 δὲ
3295 4131 3347 4183 εὶ
3375 4131 3471 4184 καὶ
3495 4148 3671 4185 καταρ-

2100 4219 2281 4276 λὰὄω·
2310 4224 2404 4277 καὶ
2425 4223 2588 4277 πάλιν
2610 4222 2863 4293 ἀλλαχοῦ·
2904 4218 3232 4281 Ὑπωπιάζω
3248 4237 3367 4289 μου
3393 4219 3459 4273 τὸ
3475 4218 3666 4289 σῶμα,

2101 4314 2198 4367 καὶ
2242 4313 2617 4384 δουλαγωγῶ·
2647 4312 2882 4384 μήπως,
2920 4311 3132 4377 ἄλλοις
3168 4311 3449 4381 κηρύξας,
3486 4313 3669 4378 αὐτὸς

2100 4405 2384 4475 ἀδόκιμος
2400 4403 2674 4474 γένωμαι.
2696 4405 2860 4457 Ὅσον
2880 4402 2977 4474 μὲν
2999 4401 3107 4473 γὰρ
3123 4403 3197 4466 ὡς
3212 4403 3348 4475 πρὸς
3367 4402 3668 4474 ἀνθρώπων

2104 4494 2411 4566 σύγκρισιν,
2451 4494 2664 4565 συνῄδει
2715 4493 2893 4565 ἑαυτῷ
2932 4494 3315 4565 προκεκοφότι,
3360 4494 3453 4549 καὶ
3479 4494 3579 4565 τὴν
3608 4495 3666 4548 ὲν

421 4582 684 4642 quantum
732 4576 800 4631 ad
844 4576 1125 4634 hominum
1178 4586 1645 4653 comparationem
1674 4588 1990 4643 aestimatio-

2109 4584 2402 4657 ὶνθρώποις
2446 4585 2758 4654 τελειότητα
2805 4584 3136 4656 ἀνειληφότι·
3179 4585 3303 4638 ὅσον
3345 4583 3403 4637 δὲ
3452 4584 3546 4637 ἐπὶ
3590 4584 3667 4654 τῷ

422 4679 654 4736 nemque
677 4669 1005 4739 pertinebat,
1041 4688 1101 4728 se
1129 4674 1428 4745 profecisse
1461 4692 1523 4733 ac
1550 4679 1843 4734 humanam
1870 4696 1995 4751 per-

422 4755 710 4814 fectionem
756 4764 1001 4834 attigisse
1056 4766 1160 4820 sibi
1214 4770 1470 4825 conscius
1518 4781 1672 4837 erat;
1727 4778 1992 4840 quantum

420 4857 602 4904 autem
637 4851 705 4905 ad
730 4853 807 4908 rei
838 4857 1140 4922 veritatem,
1177 4875 1236 4915 se
1282 4861 1338 4915 in
1370 4862 1559 4918 multis
1597 4864 1828 4918 deiicere
1856 4863 1996 4919 scie-

420 4942 536 5006 bat,
584 4943 656 4998 ob
701 4944 865 5016 idque
894 4964 1015 5005 sese
1052 4950 1433 5021 imperfectum
1462 4954 1754 5009 fatebatur.
1790 4954 1993 5010 Eadem

418 5050 645 5104 prorsus
677 5045 876 5104 mente,
908 5040 955 5095 is
987 5042 1080 5111 qui
1113 5042 1168 5097 in
1195 5044 1450 5113 praesenti
1480 5045 1742 5114 loquitur,
1777 5044 1995 5099 videtur

417 5128 549 5181 mihi
583 5128 796 5186 debitas
824 5129 935 5187 Deo
981 5133 1048 5189 de
1093 5137 1382 5206 praeteritis
1411 5137 1572 5192 bonis
1600 5137 1808 5208 gratias
1835 5144 1988 5191 retu—

416 5219 565 5284 lisse,
598 5236 683 5283 ac.
714 5231 898 5294 utpote
924 5225 1105 5290 homo,
1134 5227 1466 5284 inﬁrmitatis
1493 5229 1745 5283 lnnnanai
1776 5229 1989 5299 lapsum

416 5311 728 5380 suspicatus
754 5330 897 5372 esse.
929 5315 1270 5388 Quapropter
1314 5318 1382 5375 de
1419 5319 1603 5375 futuro
1630 5319 1798 5375 Deum
1830 5335 1992 5388 roga-

420 5401 530 5465 bat,
566 5409 624 5456 ut
658 5403 775 5474 ipse
807 5406 909 5461 sibi
938 5408 1217 5478 legislator
1248 5420 1414 5467 esset.
1438 5410 1623 5482 Neque
1654 5412 1799 5467 enim
1831 5410 1986 5477 mihi,

418 5491 615 5561 inquit,
649 5504 775 5551 sunt
809 5498 1002 5569 legalia
1048 5501 1248 5574 Moysis
1300 5506 1454 5560 satis.
1489 5503 1600 5561 Lex
1627 5505 1825 5577 quippe
1873 5504 1985 5571 illa,

419 5601 528 5640 non
562 5585 749 5656 justis,
784 5593 879 5647 sed
927 5593 1127 5665 iniquis
1170 5601 1225 5650 et
1265 5596 1769 5668 inobsequentibus,
1808 5597 1988 5667 impiis

2095 4676 2304 4747 ἀληθεῖ,
2335 4676 2395 4729 ὲν
2415 4675 2629 4741 πολλοῖς
2651 4676 2858 4730 ἑαυτῶν
2891 4678 3135 4748 ὑστερεῖν
3163 4676 3479 4744 ἐγίνωσκεν,
3501 4674 3667 4746 ἀτελῆ

2092 4785 2152 4821 τε
2192 4763 2332 4821 εἶναι
2362 4767 2552 4821 ἑαυτὸν
2578 4767 2664 4822 διὰ
2693 4767 2837 4821 τοῦθ’
2864 4767 3149 4839 ὡμολόγει.
3179 4766 3365 4839 Ταύτῃ
3400 4786 3489 4838 μοι
3520 4767 3668 4821 δοκεῖ

2098 4861 2164 4930 τῇ
2195 4859 2405 4930 διανοίᾳ
2432 4860 2526 4913 καὶ
2559 4862 2589 4913 6
2622 4862 2692 4914 τά
2723 4860 3056 4932 προκείμενα
3096 4857 3376 4926 διεξελθὼν
3406 4861 3534 4931 περὶ
3567 4860 3666 4931 μὲν

2091 4949 2202 5005 τῶν
2237 4952 2640 5022 παρῳχηκότων
2678 4952 2776 5023 τὴν
2804 4953 3124 5024 πρέπουσαν
3149 4951 3497 5023 εὐχαριστίαν
3526 4953 3666 5006 ἀπο-

2092 5042 2385 5096 δεδωκέναι
2414 5042 2492 5114 τῷ
2518 5042 2655 5115 Θεῷ,
2685 5039 2773 5098 οἶα
2803 5045 2860 5097 δὲ
2903 5043 3187 5116 ἄνθρωπος
3212 5044 3303 5098 τὸν
3330 5043 3539 5097 ὄλισθον
3568 5047 3668 5115 τῆς

2094 5136 2441 5210 ἀνθρωπίνης
2469 5137 2751 5202 ἀσθενείας
2778 5137 3105 5210 ὑφορᾶσθαι.
3141 5137 3232 5190 Διὸ
3261 5137 3391 5209 περὶ⁵
3417 5135 3509 5189 τοῦ
3543 5136 3671 5207 μιλ-

2093 5229 2277 5293 λοντος
2304 5229 2498 5302 χρόνου
2532 5229 2832 5300 παρεκάλει
2853 5230 2944 5282 τὸν
2972 5229 3125 5294 Θεὸν,
3152 5228 3300 5292 ὅπως
3327 5226 3490 5291 αὐτὸς
3521 5226 3671 5299 αὐτῷ

2094 5320 2304 5390 γένοιτο
2328 5310 2656 5392 χνομοθέτης.
2701 5321 2775 5375 Οὐ
2822 5320 2930 5393 γὰρ
2972 5321 3214 5392 ἀπαρκεῖ
3257 5337 3369 5391 μοι,
3414 5321 3567 5391 φησι,
3601 5319 3671 5374 τά

2097 5414 2248 5485 παρά
2290 5416 2513 5470 Μωῦσεῖ
2552 5415 2776 5485 νόμιμα·
2809 5413 3042 5476 δικαίοις
3071 5413 3241 5486 γὰρ⁹ό
3267 5413 3432 5484 νόμος
3464 5416 3670 5477 ἐκεῖνος

2094 5505 2157 5559 ού
2182 5506 2586 5577 νενομοθέτητο,
2608 5506 2721 5559 ἀλλ’
2750 5506 2969 5577 ἀνόμοις
2990 5506 3086 5559 καὶ
3112 5504 3521 5571 ἀνυποτάκτοις,
3549 5506 3669 5559 ἀσε-

2097 5594 2217 5648 ϐέσι
2241 5595 2332 5649 καὶ
2364 5595 2705 5668 ἁμαρτωλοῖς
2730 5595 2823 5650 καὶ
2847 5598 2957 5659 τοῖς
2983 5594 3406 5667 παραπλησίοις.
3441 5594 3665 5657 Τούτοις

489 5744 533 5777 ⁸⁷
575 5744 741 5800 Exod.
778 5763 969 5814 χχχιιι,
1002 5751 1091 5807 9.3.
1167 5754 1220 5786 ’δ’
1252 5752 1379 5807 ibid.
1461 5756 1499 5788 ⁸³
1544 5752 1583 5808 ll
1615 5755 1737 5809 (lor.
1775 5769 1871 5823 xu,
1911 5753 1992 5808 ll.

2109 5756 2116 5784 ’
2158 5753 2387 5825 Philipp.
2427 5770 2509 5820 ιιι,
2547 5753 2625 5808 1‘2.
2702 5753 2741 5784 ⁵¹
2787 5752 2962 5809 ICor.
3001 5766 3075 5818 ιι,
3106 5749 3197 5806 27.
