4100 6394
403 338 510 396 Ξιῦ

1561 323 2068 383 COMMENTABIA
2102 323 2169 379 IN
2206 318 2546 377 PSALMOS.

3541 305 3649 363 246

346 470 355 491 ε
406 453 516 524 γὰρ
554 452 583 505 6
618 447 858 520 Μωῦσῆς
889 442 1216 516 ἐνομοθέτει,
1248 440 1389 497 κατά
1414 439 1514 512 τὴν
1547 440 1979 513 σκληροκαρδίαν

2099 448 2135 497 ιι
2163 436 2539 511 peccatoribus
2564 431 2741 504 iisque
2770 430 3043 487 similibus
3070 431 3195 486 data
3214 434 3323 487 est.
3348 427 3473 486 Istis
3492 430 3654 501 quip-

342 528 347 533 ’
404 543 586 602 αὐτῶν
631 539 1061 612 διαταττόμενος.
1109 536 1251 606 Ἐγὼ
1289 535 1368 601 δὲ,
1410 535 1595 605 φησὶν,
1628 535 1690 587 ού
1719 537 1785 605 τῇ
1816 536 1983 589 Μωῡ.

409 639 547 702 σέως
586 632 871 707 νομοθεσίᾳ
916 627 1263 700 ύποϐέὸληκα
1306 626 1560 699 ἐμαυτόν.
1604 626 1694 679 Διὸ
1731 625 1855 678 οὐδέ
1885 625 1985 697 τὴν

404 730 494 785 διὰ
526 727 680 795 ζώων
703 724 919 796 σφαγῆς
958 723 1146 778 Θυσίαν
1173 719 1608 792 ἐπηγγειλάμην,
1638 717 1775 773 ἀλλά
1794 716 1986 772 Θυσίαν

408 818 746 893 ἀλαλαγμοῦ,
779 817 1089 888 καινότερον
1132 814 1335 886 τρόπον
1363 812 1397 884 ἢ
1425 810 1566 865 κατά
1603 810 1675 864 τὰ
1708 810 1986 873 Μωῦσέως

410 915 632 985 νόμιμα.
681 910 883 983 Διόπερ
932 907 1069 977 ἀξιῶ
1101 906 1297 977 καινῆς
1338 903 1659 976 νομοθεσίας
1701 902 1853 973 παρά
1891 900 1984 955 σοῦ

408 1007 610 1078 τυχεῖν.
645 1004 819 1069 Αὐτὸς
851 997 945 1057 οὖν
969 1001 1067 1073 τὴν
1096 1000 1195 1073 σὴν
1223 999 1340 1053 όδδν
1375 995 1638 1064 ἐπίδειξόν
1676 1012 1784 1067 μοι·
1815 993 1988 1066 ἢφώο

407 1114 606 1163 τισον,
643 1096 785 1153 κατὰ
814 1096 904 1151 τὸν
963 1093 1212 1149 Ἀκύλαν.
1259 1091 1354 1164 Μὴ
1402 1090 1560 1163 μόνον
1607 1089 1665 1143 δὲ
1705 1086 1987 1158 ὑποδείξῃς

412 1190 547 1264 μηδὲ
581 1188 952 1262 νομοθετήσῃς
982 1203 1091 1258 μοι,
1124 1179 1169 1239 ὦ
1205 1182 1397 1255 Κύριε,
1428 1179 1566 1236 ἀλλά
1595 1180 1691 1234 καὶ
1722 1177 1987 1264 όδήγησόν

412 1262 485 1351 με
511 1283 569 1336 ἐν
587 1278 759 1351 τρίϐῳ
779 1276 984 1350 εὐθείᾳ,
1008 1274 1145 1347 πρὸς
1166 1272 1229 1327 τὸ
1251 1272 1325 1345 μὴ
1353 1267 1661 1343 προσκόψαι
1681 1266 1819 1338 πρὸς
1839 1262 1987 1317 λίθον

408 1375 500 1429 τὸν
535 1371 670 1427 πόδα
702 1387 824 1442 μου,
858 1368 1068 1423 ἕνεκεν
1096 1365 1219 1420 τῶν
1244 1361 1475 1434 ἐχθρῶν
1499 1377 1641 1432 μου.
1673 1356 1769 1427 Μὴ
1804 1368 1988 1423 παρα-

409 1465 529 1532 δῷς
550 1481 627 1534 με
662 1465 750 1528 εὶς
792 1459 998 1531 ψυχὰς
1040 1457 1367 1512 θλιϐόντων
1391 1469 1488 1523 με.
1519 1452 1597 1505 Δι’
1629 1447 1837 1521 ὁμαλῆς
1878 1443 1987 1515 γάρ

332 1602 337 1607 .
409 1561 530 1615 όδοῦ
568 1560 663 1614 καὶ
696 1556 980 1630 εἰρηνικῆς
1017 1554 1163 1617 ὅπως
1200 1551 1467 1623 διαγάγῃς
1509 1563 1576 1618 με
1612 1540 1748 1609 ἀξιῶ
1772 1540 1863 1594 τὸν
1889 1537 1988 1607 τῆς

412 1650 558 1724 ζωῆς
594 1667 695 1722 μου
720 1648 933 1721 χρόνον.
964 1645 1039 1699 Οὐ
1076 1643 1187 1716 γὰρ
1226 1641 1382 1714 μόνον
1415 1638 1666 1709 πολέμιοι
1691 1630 1987 1702 τυγχάνου-

412 1760 519 1807 σιν,
554 1740 691 1795 ἀλλὰ
719 1739 813 1793 καὶ
841 1735 1172 1806 συκοφάνται
1199 1732 1373 1787 ἄδικοι
1402 1730 1498 1784 καὶ
1522 1724 1984 1797 ψευδομάρτυρες,

411 1835 507 1889 καὶ
537 1833 715 1887 πάντα
745 1830 815 1884 τά
846 1827 1055 1900 ἐχθρῶν
1098 1824 1448 1897 πράττοντες.
1494 1819 1629 1873 Τότε
1676 1816 1734 1870 δὲ
1775 1812 1992 1885 ἀληθῶς

414 1928 581 1999 ἑαυτῇ
612 1924 862 1996 ψεύδεται
902 1923 937 1992 ή
965 1918 1169 1982 ἀδικία,
1197 1918 1326 1970 ὅταν
1375 1913 1451 1985 μὴ
1477 1910 1621 1966 κατὰ
1651 1906 1992 1999 πραγμάτων

343 2010 348 2015 ’
418 1996 671 2091 φέρηται,
716 2013 848 2086 μηδὲ
872 2009 1142 2083 κατισχύῃ
1168 2006 1277 2060 τῶν
1309 1996 1958 2091 ψευδομαρτυρουμένων.

487 2086 758 2163 Πιστεύω
784 2102 890 2158 τοῦ
923 2101 1073 2156 ἰδεῖν
1099 2100 1173 2153 τὰ
1203 2096 1395 2168 ἀγαθὰ
1416 2093 1638 2162 Κυρίου
1660 2091 1730 2145 ἐν
1748 2089 1828 2161 τῇ
1858 2086 1996 2150 ζών-

417 2210 555 2249 των.
595 2192 823 2264 Μήποτε
853 2189 910 2243 δὲ
952 2189 1047 2242 καὶ
1088 2186 1182 2240 ἐπὶ⁷
1220 2185 1319 2258 τὴν
1344 2182 1603 2253 ἀνωτέρω
1629 2181 1844 2250 αῐτησιν
1865 2178 1996 2231 ἀνα-

419 2287 647 2360 πέμπει’
676 2283 859 2354 ἀγαθὰ
879 2283 1085 2354 Κυρίου
1123 2280 1298 2349 λέγων
1328 2277 1388 2331 τὸ
1421 2275 1678 2347 ἀνωτέρω
1710 2272 1998 2343 εἰρημένον

418 2379 712 2452 πρόσωπον
760 2374 946 2440 αὐτοῦ,
998 2373 1128 2445 περὶ
1172 2366 1233 2426 οὗ
1279 2370 1507 2441 ἔφασκε*
1556 2366 1630 2422 T6
1675 2364 2001 2436 πρόσωπόν

417 2488 558 2538 σου,
592 2469 805 2538 Κύριε,
837 2464 1092 2536 ζητήσω.
1128 2462 1227 2532 Μὴ
1260 2458 1655 2529 ἀποστρέψῃς
1682 2457 1749 2512 τὸ
1771 2456 2002 2526 πρόσω-

419 2563 538 2616 πόν
565 2577 681 2615 σου
724 2558 825 2614 ἀπ’
858 2556 1027 2627 ἐμοῦ.
1066 2554 1159 2608 Διὸ
1192 2552 1336 2608 κατὰ
1371 2551 1464 2607 τὸν
1505 2549 1738 2604 Ἀκύλαν
1766 2547 2003 2619 εἴρηται·

433 2653 803 2709 Ἐπίστευσα
826 2648 934 2704 τοῦ
977 2646 1127 2702 ιδεῒν
1162 2647 1232 2701 ἐν
1262 2641 1462 2716 ἁγαθῷ
1498 2642 1742 2712 Κυρίου·
1774 2640 1912 2695 κατά
1946 2639 2005 2693 δὲ

421 2745 513 2800 τδν
538 2744 853 2816 Σύμμαχον·
891 2739 1240 2793 Ἐπίστευον
1265 2735 1416 2791 ὶδεῖν
1444 2734 1561 2804 τὴν
1612 2731 2003 2803 ἀφαθοσύνην

425 2836 672 2905 Κυρίου.
715 2832 853 2887 Ἀλλ’
882 2831 1151 2902 θψεταίγε
1177 2828 1271 2883 τοῦ
1286 2826 1493 2899 Κυρίου
1516 2825 1577 2879 τὸ
1599 2824 1891 2898 πρόσωπον
1913 2825 2009 2877 καὶ

426 2927 499 2984 τὰ
528 2923 710 2996 ἀγαθά
749 2920 1107 2994 Κυρίου,ούκ
1151 2920 1211 2974 ἐν
1250 2917 1330 2989 τῷ
1370 2914 1635 2988 περιγείῳ
1675 2913 1847 2984 τόπῳ,
1894 2911 2009 2966 ἀλλ’

428 3018 551 3073 οὐδὲ
582 3019 642 3071 ἐν
680 3014 761 3087 τῷ
799 3013 908 3068 τῶν
942 3011 1153 3083 θνητῶν
1183 3009 1391 3082 χωρίῳ,
1422 3007 1536 3062 ἀλλ’
1563 3007 1623 3060 ἐν
1662 3008 1734 3077 γῇ
1771 3003 2009 3071 ζώντων,

2087 548 2155 604 pe
2182 530 2394 601 Moyses
2415 529 2588 599 legem
2616 524 2845 591 ferebat,
2870 521 2940 577 ad
2969 521 3224 577 duritiem
3255 520 3440 576 cordis
3462 534 3655 576 eorum

2086 620 2571 678 accommodatam.
2602 616 2674 670 At
2699 629 2821 686 ego,
2855 613 3052 683 inquit,
3083 626 3195 667 non
3223 626 3309 666 me
3342 610 3545 683 Moysis
3573 610 3656 665 le-

2086 711 2245 783 gibus
2290 708 2530 767 subdidi.
2575 706 2758 774 Quare
2803 719 2916 760 non
2969 708 3260 758 cruentum
3305 701 3658 781 sacrificium,

2086 776 2183 856 sed
2232 800 2468 856 hostiam
2508 796 2852 869 jubilationis
2891 791 3172 864 pollicitus
3217 805 3362 859 sum,
3408 776 3552 847 novo
3595 804 3662 845 ac

2084 891 2244 961 longe
2289 888 2505 944 diverso
2535 902 2566 942 a
2599 886 2801 958 Moysis
2846 884 3114 956 legalibus
3163 882 3297 938 ritu.
3323 880 3452 938 Ideo
3495 895 3663 937 novas

2088 983 2184 1039 abs
2209 990 2264 1037 te
2296 981 2514 1052 postulo
2543 980 2709 1050 leges.
2739 976 2823 1033 Tu
2868 978 3010 1047 ipse,
3040 990 3249 1047 quaero,
3276 974 3424 1028 viam
3474 979 3664 1029 osten-

2087 1075 2188 1130 das
2220 1074 2385 1141 mihi;
2411 1081 2507 1127 aut
2537 1072 2803 1136 illumina,
2842 1069 3146 1126 secundum
3173 1067 3447 1138 Aquilam.
3481 1062 3668 1134 Neque

2088 1167 2265 1222 solum
2299 1165 2560 1223 ostendas
2599 1178 2664 1217 ac
2689 1162 2863 1234 legem
2892 1175 3067 1232 ponas
3099 1159 3258 1226 mihi,
3285 1157 3537 1223 Domine,
3568 1155 3665 1213 sed

2087 1261 2249 1317 etiam
2278 1261 2451 1333 dirige
2480 1274 2566 1315 me
2601 1260 2655 1314 in
2689 1257 2883 1314 semita
2911 1262 3086 1321 recta,
3118 1262 3181 1310 ut
3207 1268 3277 1309 ne
3302 1249 3667 1309 oiiendamad

2087 1356 2320 1429 lapidem
2348 1355 2487 1428 pede
2516 1368 2659 1419 meo,
2687 1360 2898 1422 propter
2923 1351 3166 1406 inimicos
3191 1363 3332 1404 meos
3357 1363 3376 1402 :
3406 1362 3471 1403 ne
3494 1346 3668 1402 tradi-

2087 1447 2227 1503 deris
2272 1463 2353 1502 me
2382 1448 2439 1502 in
2466 1446 2675 1500 animas
2706 1443 3075 1498 tributantium
3091 1456 3197 1497 me.
3225 1437 3330 1495 Per
3355 1439 3573 1511 planam
3602 1452 3670 1492 ac

2087 1540 2368 1611 paciﬁcam
2395 1539 2537 1595 viam
2571 1553 2658 1593 me
2698 1545 2945 1607 tempore
2971 1535 3098 1590 vitae
3124 1548 3260 1589 mea:
3299 1531 3543 1587 deducas
3571 1544 3671 1601 po-

2089 1631 2255 1687 stulo.
2281 1628 2400 1685 Non
2430 1629 2605 1685 solum
2633 1629 2779 1683 enim
2812 1626 3044 1688 inimici.
3064 1624 3158 1682 sed
3186 1624 3350 1681 etiam
3381 1622 3555 1694 iniqui
3582 1636 3674 1694 sy-

2088 1723 2374 1796 cophantae
2417 1728 2473 1777 et
2519 1720 2642 1777 falsi
2677 1726 2845 1776 testes
2871 1719 3102 1784 instant,
3133 1716 3229 1788 qui
3250 1716 3437 1772 omnia
3479 1710 3667 1777 hostili

2023 1797 2066 1854 Β
2091 1831 2241 1872 more
2272 1830 2485 1872 mecum
2519 1822 2706 1885 agunt.
2735 1811 2892 1867 Tunc
2919 1825 3086 1883 porro
3121 1810 3226 1865 sibi
3253 1824 3384 1865 vere
3408 1806 3675 1863 mentitur

2090 1907 2375 1977 iniquitas,
2407 1904 2629 1978 quando
2660 1917 2752 1959 res
2784 1902 2889 1974 ipsi
2933 1917 3046 1958 non
3087 1902 3227 1958 bene
3248 1899 3469 1965 cedunt,
3493 1912 3674 1969 neque

2094 1999 2234 2055 falsa
2261 1997 2580 2055 testimonia
2610 1997 2931 2069 praevalent.

2165 2089 2334 2147 Vens.
2367 2089 2459 2146 15.
2500 2088 2670 2145 Credo
2699 2086 2871 2144 uidere
2908 2086 3046 2141 bona
3075 2084 3291 2139 Domini
3324 2083 3381 2138 in
3419 2090 3563 2137 terra
3597 2081 3678 2137 ui-

2095 2183 2346 2239 ventium.
2380 2180 2521 2237 Num
2565 2180 2633 2236 ad
2664 2179 3004 2251 superiorem
3034 2175 3457 2248 postulationem
3489 2173 3678 2229 remit-

2094 2277 2184 2342 tit,
2215 2290 2280 2331 ac
2325 2276 2469 2331 bona
2517 2272 2731 2329 Domini
2773 2271 2979 2329 vocitat
3006 2270 3218 2325 vultum
3260 2265 3480 2323 Domini
3509 2278 3679 2337 supra

2099 2372 2480 2429 memoratum,
2515 2363 2584 2420 de
2630 2378 2740 2435 quo
2791 2362 2912 2417 ait:
2955 2360 3174 2417 Vultum
3214 2368 3399 2425 tuum,
3431 2356 3678 2421 Domine,

2100 2459 2385 2529 requiram.
2415 2452 2499 2509 Ne
2523 2461 2732 2509 avertas
2762 2453 2953 2524 faciem
2982 2459 3130 2507 tuam
3153 2468 3187 2507 a
3216 2449 3337 2506 me?
3372 2447 3558 2517 Quare
3591 2462 3682 2515 σὺ

2101 2549 2341 2606 cundum
2388 2546 2642 2618 Aquilam
2688 2543 2933 2600 dicitur:
2965 2541 3181 2599 Credidi
3234 2557 3317 2596 me
3362 2538 3685 2596 uisurum-ia

2106 2637 2237 2691 bona
2263 2635 2516 2698 Domini;
2546 2631 2846 2690 secundum
2871 2646 3002 2687 vero
3032 2630 3420 2703 Symmachum
3448 2648 3463 2685 :
3491 2627 3687 2685 Crede-

2106 2730 2228 2784 bam
2256 2727 2428 2784 videre
2476 2725 2760 2782 bonitatem
2812 2723 3044 2779 Domini.
3081 2721 3188 2778 Sed
3228 2722 3435 2778 videbit
3464 2721 3683 2777 Domini

2114 2833 2324 2890 vultum
2364 2839 2421 2887 et
2452 2830 2593 2886 bona
2635 2826 2884 2892 Domini,
2911 2839 3021 2881 non
3064 2825 3122 2879 in
3157 2831 3372 2879 terreno
3396 2821 3550 2885 loco,
3580 2819 3679 2876 sed

2115 2939 2292 2995 neque
2332 2923 2387 2979 in
2427 2931 2768 2979 mortuorum
2801 2917 3039 2991 regione,
3071 2916 3165 2973 sed
3207 2915 3264 2971 in
3303 2924 3448 2972 terra
3488 2913 3678 2969 viven-

2113 3018 2253 3073 tium
2280 3054 2297 3082 ,
2347 3029 2511 3085 quam
2556 3012 2833 3084 pollicitus
2887 3018 2970 3067 est
3020 3008 3269 3066 Salvator
3312 3006 3401 3063 bis
3448 3003 3677 3069 verbis;

429 3112 497 3182 ἢν
531 3108 627 3163 καὶ
673 3108 702 3160 6
744 3104 935 3177 Σωτὴρ
975 3102 1339 3175 ἐπηγγείλατο
1379 3099 1571 3170 λέγων’
1627 3096 1916 3166 Μακάριοι
1955 3102 2000 3153 oi

2116 3108 2267 3165 Beati
2297 3107 2470 3177 mites,
2503 3104 2751 3181 quoniam
2782 3103 2882 3174 ipsi
2908 3100 3246 3172 possidebunt
3275 3108 3469 3155 terram
3487 3097 3558 3158 ".

431 3199 657 3271 πραεῖς,
687 3197 778 3253 ὅτι
808 3195 979 3252 αὐτοὶ
1009 3190 1545 3265 κληρονομήσουσι
1575 3188 1691 3258 τὴν
1710 3186 1846 3259 γῆν.

975 3306 1063 3360 ΤΩ
1102 3305 1303 3359 ΔΑΥΙΔ
1335 3304 1463 3359 ΚΖ’.

503 3402 661 3473 Πρὸς
708 3399 804 3468 σὲ,
833 3399 1030 3470 Κύριε,
1061 3396 1440 3467 κεκράξομαι,
1486 3397 1519 3449 ό
1566 3394 1712 3461 Θεός
1750 3409 1890 3463 μου,
1925 3387 2012 3460 μὴ

435 3490 913 3563 παρασιωπήσῃς
942 3491 1043 3543 ἀπ’
1073 3487 1240 3557 ἐμοῦ,
1273 3485 1508 3557 μήποτε
1538 3480 2015 3553 παρασιωπήσῃς

435 3584 529 3637 ἐπ’
564 3582 714 3652 ἐμοὶ,
759 3580 859 3635 καὶ
904 3576 1339 3650 ὀμοιωθήσομαι
1383 3572 1508 3640 τοῖς
1548 3571 2017 3628 καταϐαίνουσιν

438 3677 525 3741 εἰς
551 3672 798 3729 λάκκον.
830 3671 947 3725 Οὐκ
979 3664 1393 3738 ἐπιλελησμένοι
1419 3663 1530 3717 τῶν
1559 3660 1866 3734 ἔμπροσθεν
1887 3662 2017 3732 ἡμῖν

440 3763 780 3836 λελεγμένων
823 3759 952 3833 περὶ
987 3758 1096 3812 τῶν
1131 3756 1260 3811 ἄνευ
1300 3753 1446 3818 τινος
1486 3752 1805 3826 προσθήκης
1832 3754 2019 3820 ἐπιγε-

440 3853 778 3929 γραμμένων
805 3848 886 3917 τῷ
932 3847 1133 3913 Δαυῒδ,
1178 3846 1214 3919 ἢ
1241 3845 1351 3901 τοῦ
1392 3843 1596 3909 Δαυῒδ,
1641 3842 2018 3914 προσθήσομεν

442 3947 670 4009 ἐκείνοις
714 3944 809 3998 ἐπὶ
849 3940 944 3996 τοῦ
988 3938 1255 4012 παρόντος
1300 3937 1399 4009 τὴν
1445 3937 1524 4000 είς
1567 3936 1716 4006 ἡμᾶς
1760 3931 2027 3987 ἐλθοῦσαν.

444 4037 762 4111 παράδοσιν.
807 4033 946 4088 Φασὶ
990 4031 1170 4085 τοίνυν
1230 4026 1499 4100 Ἐϐραίων
1542 4025 1731 4089 παῖδες
1772 4023 1866 4078 ἐπὶ
1912 4022 2020 4077 τῶν

442 4129 697 4201 τοιαύτην
728 4127 961 4198 ἐχόντων
986 4123 1226 4195 γραφὴν,
1266 4121 1378 4174 δεῖν
1416 4117 1733 4190 ἀνατρέχειν
1771 4116 1863 4168 ἐπὶ
1895 4113 2022 4178 τοὺς

446 4221 722 4294 ἀνωτέρω,
767 4218 863 4272 καὶ
903 4217 1124 4270 σκοπεῖν
1163 4214 1345 4276 ὁποῖος
1381 4206 1449 4284 ῆν
1490 4212 1518 4265 6
1558 4212 1615 4264 ἐν
1655 4210 1798 4281 ἀρχῇ
1831 4223 2024 4280 προτε-

447 4313 718 4385 ταγμένος
756 4308 970 4382 ψαλμὺς
1006 4305 1115 4360 τῶν
1159 4303 1297 4376 μετά
1339 4300 1535 4368 ταῦτα,
1576 4302 1695 4372 ῆτοι
1743 4296 2023 4363 παντελῶς

449 4403 856 4476 ἀνεπιγράφων,
886 4401 920 4473 ἦ
946 4398 1026 4465 τῷ
1045 4398 1226 4453 Δαυτδ
1260 4395 1769 4469 ἐπιγεγραμμένων
1802 4395 1897 4448 καὶ
1922 4411 2025 4467 μα-

2573 3294 2705 3353 lPSl
2737 3290 2947 3349 DAVID
3006 3288 3222 3348 XXVII.

2186 3392 2351 3452 Vens.
2386 3393 2440 3460 i,
2463 3391 2519 3447 2.
2560 3389 2643 3445 Ad
2679 3397 2747 3455 te,
2769 3386 3011 3450 Domine,
3055 3380 3320 3450 clamabo,
3355 3379 3498 3435 Deus
3522 3392 3688 3443 meus,

2118 3505 2182 3543 ne
2209 3485 2367 3541 sileas
2392 3501 2423 3538 a
2453 3501 2553 3549 me,
2579 3500 2643 3538 ne
2661 3480 2874 3554 quando
2902 3488 3077 3535 taceas
3108 3494 3141 3531 a
3164 3484 3330 3541 me,et
3356 3470 3694 3529 assimilabor

2118 3572 2545 3632 descendentibus
2569 3573 2626 3627 in
2650 3571 2845 3625 lacum.
2881 3567 3079 3624 Eorum
3109 3579 3231 3637 quae
3275 3561 3528 3634 superius
3554 3559 3696 3616 dixi-

2118 3685 2242 3725 mus
2288 3667 2355 3724 de
2403 3665 2630 3739 psalmis
2652 3664 2747 3736 qui
2787 3663 2906 3720 sine
2929 3660 3303 3717 additamento
3333 3653 3552 3720 Dauidi,
3581 3652 3697 3709 sive

2120 3754 2341 3810 Davidis
2381 3754 2780 3819 inscribuntur,
2807 3766 2918 3807 non
2948 3751 3319 3812 immemores,
3347 3746 3455 3802 illis
3484 3745 3539 3800 in
3560 3758 3700 3814 pne-

2120 3846 2260 3901 senti
2287 3844 2661 3909 traditionem,
2699 3858 2821 3915 qua:
2856 3843 2925 3898 ad
2960 3857 3064 3897 nos
3096 3855 3274 3912 usque
3298 3837 3568 3911 pervenit,
3599 3835 3700 3890 ad-

2116 3939 2371 4010 jiciemus
2396 3937 2496 4009 (1).
2529 3936 2621 3991 Sic
2669 3937 2824 3991 aiunt
2865 3936 3050 4006 itaque
3098 3932 3309 3989 Hebraei
3355 3931 3424 3987 de
3470 3928 3697 4001 psalmis

2122 4029 2215 4100 qui
2247 4028 2410 4084 talem
2432 4025 2728 4100 praeferunt
2756 4024 3166 4095 inscriptionem
3188 4063 3203 4089 ,
3231 4029 3485 4095 oportere
3506 4021 3575 4076 ad
3600 4035 3697 4076 su-

2122 4122 2369 4193 periores
2400 4133 2709 4184 recurrere,
2747 4125 2912 4195 atque
2962 4117 3273 4180 observare,
3299 4115 3523 4187 quinam
3555 4124 3703 4171 esset

2123 4213 2368 4284 psalmus
2399 4211 2491 4284 qui
2522 4209 2742 4284 praeiret
2771 4208 2895 4265 aliis
2917 4206 3404 4280 subsequentibus,
3435 4205 3550 4261 sive
3572 4204 3700 4259 nul-

2123 4304 2232 4360 lam
2273 4319 2500 4376 prorsus
2545 4302 2958 4373 inscriptionem
3001 4300 3321 4365 ferentibus,
3360 4298 3476 4355 sive
3508 4294 3703 4351 Davidi

2123 4396 2404 4465 inscriptis
2419 4435 2435 4462 ,
2459 4406 2621 4467 atque
2642 4405 2863 4466 accepta
2887 4394 3067 4450 abillo
3089 4393 3299 4464 psalmo
3324 4388 3702 4461 inscriptione,

451 4495 636 4559 θόντες
662 4493 722 4557 ἐξ
750 4491 958 4545 ἐκείνου
995 4489 1094 4559 τὴν
1132 4486 1475 4560 προγραφὴν,
1517 4484 1846 4557 ἐφαρμόζειν
1887 4483 2000 4554 αὐτῆ

2099 4530 2101 4544 ,
2130 4490 2458 4548 sententiam
2490 4488 2943 4558 subsequentium
2972 4486 3307 4559 psalmorum
3343 4483 3448 4555 ipsi
3483 4495 3704 4540 accom-

452 4583 549 4639 καὶ
569 4584 676 4637 τῶν
700 4581 837 4655 μετὰ
857 4579 1027 4634 ταῦτα
1047 4577 1405 4650 συνημμένων
1428 4576 1528 4648 τὴν
1549 4574 1808 4632 διάνοιαν.
1843 4574 1900 4628 '0
1928 4574 2000 4645 ps

2129 4582 2340 4637 modari
2372 4589 2644 4652 oportere.
2677 4578 2926 4636 Praesens
2954 4580 3137 4650 itaque
3166 4577 3408 4650 psalmus
3434 4575 3527 4647 qui
3555 4588 3706 4629 xxvu

453 4671 546 4732 οὖν
576 4673 712 4747 μετά
740 4676 950 4745 χεῖρας,
972 4670 1054 4735 κζ’
1074 4668 1169 4733 ὢν,
1199 4668 1401 4740 ταύτην
1424 4668 1537 4739 ἔχει
1559 4667 1657 4740 τὴν
1683 4667 2000 4740 προγραφὴν

2130 4678 2237 4736 est,
2269 4671 2431 4727 istam
2474 4671 2638 4731 habet
2681 4669 3118 4739 inscriptionem,
3170 4666 3482 4745 pariterque
3533 4678 3663 4719 xxvr
3689 4704 3706 4732 ,

455 4768 550 4821 καὶ
643 4740 856 4831 κςίκαίι
886 4764 914 4816 6
950 4769 1028 4818 κε’
1056 4761 1151 4815 καὶ
1184 4763 1212 4815 6
1240 4760 1317 4815 κδ’
1337 4777 1348 4793 τ
1378 4761 1492 4816 ἀλλ’
1524 4762 1553 4813 ὁ
1581 4767 1666 4829 κγ’
1688 4759 1930 4831 ψαλμὸς
1960 4755 1998 4831 ἦ

2132 4778 2240 4817 xxv
2265 4769 2323 4817 et
2349 4777 2481 4822 χχιιι
2513 4780 2526 4816 :
2560 4761 2656 4817 sed
2689 4776 2824 4815 χχιιι
2855 4760 3094 4830 psalmus
3124 4740 3243 4812 erat
3273 4754 3470 4810 Ι)αυὶἁὶ
3512 4752 3710 4810 inscri-

458 4855 541 4924 τῷ
561 4855 758 4920 Δαυῒδ,
809 4855 1009 4925 ὁμοίως
1046 4854 1101 4907 δὲ
1143 4854 1236 4906 καὶ
1280 4853 1307 4905 6
1349 4852 1453 4906 κδ’.
1502 4850 1712 4905 Οὐκοῦν
1743 4850 2000 4905 ἀκόλουθό

2135 4859 2282 4926 ptus,
2316 4852 2679 4923 similiterque
2702 4869 2845 4919 un,
2875 4852 3018 4908 unde
3053 4847 3354 4907 secundum
3382 4846 3710 4906 Hebraicam

456 4950 596 5013 ἐστι,
627 4947 769 5001 κατά
786 4947 882 5019 τὴν
914 4944 1208 5018 Ἐὄραῖκὴν
1228 4945 1547 5018 παράδοσιν,
1572 4944 1809 5009 καὶτοὺς
1833 4942 1998 5013 ἐφεξῆ

2133 4943 2482 4999 traditionem
2534 4958 2876 5014 consequens
2921 4948 3037 5006 est,
3087 4937 3328 5010 reliquos
3375 4954 3565 4995 omnes
3610 4951 3711 5008 pro

456 5041 667 5104 πάντας
695 5040 942 5111 ψαλμοὺς
967 5035 1105 5093 εἶναι
1135 5038 1555 5110 ὑπολαμϐάνειν,
1590 5038 1688 5102 ὡς,
1729 5037 1870 5093 κατὰ
1908 5034 2000 5089 τοῦ

2136 5037 2363 5116 psalmis
2414 5032 2481 5089 ad
2537 5033 2782 5090 eamdem
2813 5032 3078 5088 ratit'nem
3113 5027 3445 5101 reputandos
3474 5042 3616 5090 esse.
3648 5041 3713 5082 ac

456 5148 547 5186 τον
578 5130 671 5184 τὸν
697 5129 875 5199 λόγον,
918 5129 1012 5183 καὶ
1055 5129 1145 5182 τὸν
1190 5126 1327 5199 μετά
1366 5130 1552 5199 χεῖρας
1598 5127 1846 5198 ἡγεῖσθαι
1894 5122 2000 5181 sive

2139 5135 2463 5200 praesentem
2493 5126 2747 5182 similiter
2773 5126 3043 5198 psalmum
3091 5121 3520 5194 supplicationes
3562 5133 3714 5176 com-

457 5223 690 5294 ψαλμὸν,
724 5220 1045 5293 περιέχοντα
1080 5220 1283 5291 δέησιν.
1358 5226 1361 5229 ’

2139 5204 2489 5292 plectentem.

529 5314 699 5370 Τοῦτο
735 5313 843 5385 γάρ
884 5312 1211 5384 παρίστησιν
1253 5311 1417 5376 αὐτὸς
1457 5309 1661 5382 προῖὼν
1702 5312 1795 5365 καὶ
1834 5311 2000 5387 λέγων

2212 5312 2352 5368 Illud
2393 5328 2492 5384 per
2537 5328 2597 5370 se
2644 5313 2887 5368 declarat
2918 5310 2999 5366 vel
3038 5309 3154 5379 ipse
3197 5307 3465 5378 psalmus,
3493 5304 3624 5362 dum
3658 5303 3715 5360 in

456 5405 842 5464 Εὶσάκουσον
872 5401 981 5472 τῆς
1021 5401 1225 5472 φωνῆς
1267 5401 1379 5473 τῆς
1424 5401 1687 5470 δεήσεως
1713 5421 1831 5475 μου
1861 5403 1930 5459 ἑν
1956 5423 2000 5459 τι

2143 5405 2498 5483 sequentibus
2528 5405 2610 5462 sic
2636 5404 2800 5461 habet
2826 5423 2842 5461 :
2869 5400 3082 5457 Exaudi
3117 5415 3292 5457 vocem
3334 5397 3717 5469 deprecationis

533 5565 580 5595 “
621 5560 811 5618 Matth.
838 5577 892 5628 v,
926 5561 983 5616 4.

3731 5551 3748 5591 ἐ

470 5717 1280 5848 mg)‘lgdqggsgagtgaigenis
1304 5735 1333 5775 a
1358 5719 1517 5777 nobis
1540 5718 1853 5791 propediem
1875 5718 2109 5790 edendo,
2144 5719 2289 5791 quod
2358 5718 2427 5775 ab
2453 5715 2788 5789 Hieronymo
2822 5713 3096 5780 laudatur.
3138 5712 3252 5772 htec
3292 5703 3410 5787 ipsa
3460 5706 3713 5767 Hebraeo-
