4100 6372
456 291 561 347 347
1171 289 1437 347 EUSEBII
1474 290 1949 349 CESARIENSIS
1987 290 2137 347 OPP.
2179 289 2361 345 PARS
2399 288 2487 345 ιιι.
2526 320 2595 331 —-
2634 288 3042 347 EXEGETICA.
3582 292 3692 347 9i8

454 422 581 464 insae
603 407 729 461 dum
749 420 844 461 oro
866 406 935 460 ad
968 414 1034 461 te.
1065 405 1239 473 Quam
1267 422 1401 463 vero
1426 416 1663 464 mentem
1688 406 2010 478 deprecatio

2124 404 2364 461 δέεσθαι
2386 422 2462 475 με
2485 404 2634 473 πρὸς
2653 404 2746 458 σέ.
2773 404 2904 458 Τίνα
2932 405 2987 458 δὲ
3015 405 3254 460 διάνοιαν
3281 407 3531 479 περιέχει
3554 413 3585 461 ὁ
3602 410 3699 479 τῆς

450 502 538 556 nis
563 500 735 555 series
763 499 1037 570 praeferat,
1065 514 1161 570 age
1191 506 1447 555 accurate
1466 499 1882 570 perpendamus.
1903 499 2010 554 Cla-

2128 498 2369 569 δεήσεως
2395 498 2575 566 λόγος,
2596 496 2729 568 φέρε
2759 498 3198 569 κατανοήσωμεν.
3231 500 3369 571 Βοᾷν
3401 499 3535 569 φησι
3562 501 3700 570 πρὸς

448 606 599 646 mare
624 604 685 645 se
704 588 844 644 dicit
866 590 935 644 ad
959 588 1267 657 Dominum,
1300 584 1643 661 atque'illum
1671 597 1730 645 ut
1750 590 2010 661 propriuu

2129 589 2351 661 Κύριον,
2380 586 2755 643 ἐπικαλεῖσθαί
2781 605 2838 642 τε
2876 588 3037 641 αὐτὸν
3094 589 3169 653 ὡς
3200 589 3328 644 ῐδιον
3354 587 3514 644 αὑτοῦ
3544 587 3696 644 Θεόν.

446 682 554 738 sibi
593 681 764 737 Deum
793 682 1070 738 invocare.
1103 681 1187 736 Tu
1215 682 1501 747 enim,ait,
1525 682 1785 754 dignatus
1805 698 1867 738 es
1897 697 2008 736 nun

2127 682 2201 735 Σὺ
2233 681 2362 754 γὰρ,
2392 682 2577 753 φησιν,
2604 681 2633 732 ὁ
2662 678 3005 744 καταξιώσας
3034 680 3168 752 ἐμὸς
3191 680 3523 753 χρηματίσαι
3544 679 3696 745 Θεὸς,

446 773 637 842 cupari
686 771 830 828 Deus
876 786 1052 840 meus,
1078 780 1139 828 ut
1168 773 1587 844 promissionem
1619 774 1769 827 illam
1821 772 2010 828 sancti:

2126 772 2249 826 καθ’
2289 773 2357 844 ἢν
2392 772 2745 845 περιποιῆσαι
2790 771 2929 842 πρὸς
2969 770 3097 834 τοὺς
3138 771 3324 841 ἁγίους
3368 770 3699 840 ἐπαγγελίαν

446 864 579 920 viris
611 863 793 918 datam
823 877 1100 920 assereres
1128 883 1140 920 :
1182 863 1248 918 Et
1279 881 1368 919 ero
1392 864 1608 919 illorum
1636 863 1804 929 Deus,
1838 872 1887 917 et
1921 863 2003 932 ips

2126 864 2312 918 εἰπών·
2345 865 2454 919 Καὶ
2480 865 2693 934 ἔσομαι
2716 861 2914 918 αὐτῶν
2934 863 3101 929 Θεὸς,
3125 863 3225 917 καὶ
3248 864 3418 924 αὐτοὶ
3452 862 3700 917 ἔσονταί

448 959 603 1008 erunt
632 950 761 1003 mihi
787 948 1009 1018 populus
1034 947 1122 1000 δ”.
1148 946 1346 1017 Excipe
1377 947 1789 1017 deprecationem
1821 957 2012 1009 meam,
2119 974 2222 1026 μοι
2252 957 2418 1027 λαός,
2447 954 2784 1025 Παράδεξαί
2803 973 2921 1026 μου
2949 953 3067 1023 τὴν
3089 954 3321 1023 δέησιν,
3351 954 3462 1009 Καὶ
3481 954 3567 1025 μὴ
3595 971 3699 1008 πα.

451 1054 504 1100 et
537 1061 600 1098 ne
639 1042 795 1097 sileas
836 1059 870 1095 a
897 1058 997 1106 me,
1046 1040 1321 1112 nequando
1365 1050 1538 1094 taceas
1586 1056 1619 1092 a
1650 1055 1751 1104 me,
1796 1045 1847 1091 et
1874 1036 2010 1091 assi-

2116 1036 2518 1117 ῥασιωπήσῃς
2566 1047 2669 1101 ἀπ’
2712 1046 2880 1116 ἐμοῦ,
2936 1044 3172 1115 μήποτε
3220 1045 3698 1114 παρασιωπήσῃς

456 1135 681 1191 milabor
719 1133 1146 1189 descendentibus
1186 1134 1241 1187 in
1289 1133 1483 1190 lacum.
1532 1130 1657 1187 Haec
1700 1130 1913 1187 dicebat
1958 1127 2010 1183 in

2122 1139 2224 1193 ἀπ’
2256 1138 2423 1208 ἐμοῦ,
2466 1137 2566 1195 καὶ
2603 1137 3041 1208 ὀμοιωθήσομαι
3072 1137 3199 1203 τοῖς
3232 1138 3699 1193 καταϐαίνωσιν

455 1227 754 1283 certamine
797 1227 1130 1282 constitutus
1173 1243 1189 1280 :
1229 1240 1301 1281 ne
1343 1224 1412 1281 iis
1458 1225 1552 1295 qui
1604 1231 1729 1293 post
1772 1221 2010 1277 mortalis

2120 1231 2210 1296 εἰς
2245 1228 2492 1284 λάκκον.
2521 1230 2706 1283 Ταῦτα
2731 1229 2778 1284 δ’
2812 1229 3052 1299 ἔφασκεν
3080 1230 3138 1283 ὲν
3158 1230 3367 1301 ἀγωνίᾳ
3396 1227 3693 1293 καθεστὼςο

456 1319 686 1388 hujusce
718 1320 843 1373 vitae
878 1318 1087 1372 exitum
1130 1317 1187 1372 in
1231 1317 1425 1373 mortis
1457 1316 1635 1371 lacum
1664 1313 2010 1379 descenduntl

2124 1322 2199 1391 μή
2233 1338 2308 1393 πη
2338 1320 2446 1392 ἄρα
2481 1323 2595 1386 τοῖς
2626 1322 2763 1393 μετὰ
2797 1321 2896 1392 τὴν
2929 1320 3188 1376 ἀνάλυσιν
3210 1321 3304 1375 τοῦ
3342 1320 3538 1393 θνητοῦ
3580 1320 3694 1392 βίου

458 1410 652 1466 similis
702 1408 874 1465 ﬁeret.
913 1407 1142 1466 Etiamsi
1194 1409 1341 1465 enim
1393 1409 1450 1464 in
1500 1406 1764 1477 superiori
1803 1405 2010 1477 psalmo

2119 1414 2535 1468 καταϐαίνουσιν
2556 1415 2636 1478 είς
2667 1415 2758 1468 τὸν
2784 1413 2878 1467 τοῦ
2908 1412 3138 1467 θανάτου
3166 1412 3367 1468 λάκκον
3387 1431 3693 1487 παρομοιω-

448 1492 647 1547 dixerit
679 1491 891 1549 :Credo
911 1496 1083 1549 videre
1115 1493 1252 1549 bona
1294 1494 1510 1550 Domini
1554 1497 1608 1550 in
1654 1506 1797 1550 terra
1847 1498 2010 1551 viven-

2119 1502 2259 1575 θείη.
2306 1506 2371 1558 Εἰ
2402 1504 2511 1578 γὰρ
2556 1505 2627 1558 τὰ
2674 1504 2909 1577 μάλιστα
2954 1507 3014 1559 ὲν
3058 1503 3136 1575 τῷ
3183 1504 3288 1577 πρὸ
3320 1505 3507 1560 τούτου
3540 1505 3693 1576 ἔλεγε

448 1586 580 1639 tium
595 1587 664 1651 ³³;
680 1594 917 1643 attamen
948 1594 1010 1641 nt
1039 1587 1201 1643 homo
1225 1587 1402 1642 adhuc
1430 1603 1597 1643 carne
1619 1589 2010 1652 circumdatus.

2114 1596 2333 1669 ψαλμῷθ
2382 1598 2652 1651 Πιστεύω
2676 1597 2782 1651 τοῦ
2801 1597 2950 1651 Mair
2973 1596 3044 1651 τὰ
3066 1596 3257 1667 ἀγαθὰ
3286 1598 3507 1666 Κυρίου
3527 1598 3595 1651 ἐν
3614 1596 3693 1668 τῇ

447 1676 520 1730 ob
543 1676 665 1732 vitae
694 1678 1025 1734 debilitatem
1056 1694 1121 1734 ac
1146 1679 1541 1735 volubilitatem
1571 1679 1903 1735 decertabat.
1932 1680 2010 1735 Si-

2122 1686 2381 1750 ζώντωνο
2424 1689 2539 1743 ἀλλ’
2566 1689 2717 1760 ὅμως
2757 1690 2834 1754 ὡς
2869 1690 3176 1763 ἄνθρωπος,
3219 1690 3299 1744 ἔτι
3335 1690 3512 1761 σάρκα
3541 1706 3696 1761 περι-

449 1767 667 1837 quidem
684 1778 739 1826 et
765 1770 879 1840 ipse
902 1770 1194 1841 Apostolus
1222 1772 1562 1838 decertabat,
1587 1788 1655 1828 ne
1676 1772 1799 1827 aliis
1824 1771 2010 1843 praedi-

2120 1780 2390 1850 κείμενος,
2419 1754 2629 1850 ἠγωνία
2657 1780 2746 1834 διὰ
2772 1782 2833 1835 τὸ
2854 1754 3053 1854 σαθρὸν
3084 1782 3179 1835 καὶ
3209 1754 3567 1852 εὐμετάσολον
3593 1754 3689 1834 τοῦ

446 1873 582 1914 cans
608 1858 724 1929 ipse
754 1862 1014 1932 reprobus
1042 1863 1460 1919 inveniretur“.
1494 1862 1698 1917 Lacum
1730 1870 1910 1918 autem
1932 1878 2010 1918 so-

2121 1870 2258 1941 βίου.
2299 1872 2451 1925 Ἐπεὶ
2478 1872 2575 1925 καὶ
2596 1874 2626 1926 ὁ
2658 1872 2979 1936 Ἀπόστολος
3004 1873 3234 1943 ἠγωνία,
3265 1874 3483 1943 μήπως,
3515 1871 3696 1935 ἄλλοις

445 1951 559 2005 lent
586 1950 754 2006 divini
781 1952 903 2007 libri
936 1969 1251 2024 nuncupare
1273 1954 1579 2009 animarum
1599 1953 1940 2009 domicilium
1964 1955 2010 2009 in

2118 1959 2383 2032 κηρύξας,
2412 1960 2574 2024 αὐτὸς
2607 1960 2864 2031 ἀδόκιμος
2891 1960 3133 2032 γένηται.
3166 1961 3380 2016 Λάκκον
3408 1960 3463 2013 δὲ
3497 1959 3693 2012 εἰώθα-

441 2042 680 2110 iul'erno,
718 2053 778 2097 ut
824 2060 1022 2101 vocare
1069 2056 1495 2108 consueverunt.
1525 2045 1683 2112 Quod
1707 2047 1870 2101 etiam
1900 2047 2010 2117 ipse

2119 2068 2201 2104 σιν
2222 2053 2270 2105 oi
2294 2052 2427 2105 θεῖοι
2452 2052 2599 2121 λόγοι
2626 2052 2913 2123 ὀνομάζειν
2938 2052 3001 2106 τδ
3030 2052 3139 2106 τῶν
3162 2050 3351 2122 ψυχῶν
3377 2052 3690 2123 οἰκητήριον

443 2134 612 2189 David
643 2135 905 2200 declarat,
938 2136 1068 2191 dum
1107 2153 1215 2192 non
1250 2138 1411 2208 longe
1456 2136 1585 2190 hinc
1632 2137 1687 2191 in
1718 2153 1853 2191 xxix
1880 2137 2010 2208 psal-

2114 2140 2176 2193 τὸ
2208 2142 2266 2194 ὲν
2303 2140 2383 2212 τῷ
2408 2141 2723 2212 καλουμένῳ
2754 2140 2881 2214 ᾅδῃ·
2919 2141 2949 2194 ὃ
2990 2140 3056 2212 δὴ
3097 2141 3426 2213 παρίστησιν
3466 2138 3627 2202 αὐτὸς
3664 2140 3695 2193 ὁ

442 2240 534 2280 mo
567 2226 693 2279 talia
724 2224 868 2281 fatur
895 2247 909 2282 :
944 2227 1168 2283 Domine
1215 2227 1355 2283 Deus
1385 2243 1552 2294 meus,
1574 2228 1797 2283 clamavi
1826 2228 1895 2281 ad
1946 2237 2010 2293 te,

2113 2228 2276 2283 Δαυῒδ
2301 2230 2401 2283 οὐκ
2423 2232 2499 2292 είς
2523 2230 2738 2301 μακρὰν
2765 2232 2824 2283 ὲν
2849 2229 2927 2300 τῷ
2948 2230 3026 2283 κθ⁸
3050 2229 3251 2301 ψαλμῷ
3285 2230 3479 2298 λέγων’
3513 2230 3690 2297 Κύριε

443 2328 495 2371 et
519 2318 726 2373 sanasti
755 2334 836 2373 me
857 2335 876 2373 :
916 2318 1161 2382 Domine,
1189 2319 1420 2374 eduxisti
1452 2335 1517 2375 ea:
1546 2319 1749 2389 inferno
1780 2319 2010 2377 animum

2117 2316 2149 2369 ὁ
2179 2320 2323 2386 Θεός
2348 2338 2483 2385 μου,
2502 2320 2804 2393 ,ἐκέκραξα
2835 2321 2985 2389 πρὸς
3015 2322 3112 2387 σὲ,
3140 2322 3237 2375 καὶ
3272 2320 3420 2375 ιάσω
3440 2338 3541 2391 με’
3568 2322 3688 2375 Κύ-

443 2422 658 2489 ριεαηις
700 2410 920 2464 salvasti
950 2426 1031 2465 me
1059 2427 1093 2464 a
1119 2410 1546 2465 descendentibus
1583 2411 1638 2464 in
1677 2411 1873 2464 lacum.
1925 2409 2015 2465 Vi-

442 2498 570 2555 den‘
597 2500 870 2569 quomodo
893 2499 1080 2557 eodem
1106 2502 1160 2556 in
1189 2503 1310 2556 loco
1336 2502 1608 2557 infernum
1626 2511 1679 2557 et
1703 2503 1879 2556 lacum
1911 2516 2011 2556 una

443 2592 760 2663 cepulavit?
804 2592 909 2649 Sed
937 2592 994 2648 in
1024 2596 1277 2664 praesenti
1312 2593 1530 2666 quidem
1563 2595 1775 2665 psalmo
1806 2594 2013 2649 clamo-

440 2701 555 2741 rem
584 2684 654 2743 ad
678 2684 846 2741 Deum
869 2687 1087 2747 emittit,
1119 2701 1317 2757 rogans
1341 2702 1450 2741 non
1472 2684 1766 2742 assimilari
1787 2686 2011 2744 descen-

439 2777 693 2833 dentibus
730 2778 786 2833 in
815 2778 1024 2845 lacum;
1066 2786 1124 2832 at
1162 2779 1217 2833 in
1250 2795 1391 2835 nono
1423 2787 1480 2835 et
1510 2780 1773 2850 vigesimo
1802 2779 2009 2835 oratio-

441 2885 565 2925 nem
597 2870 700 2926 sibi
749 2872 887 2927 bene
915 2870 1151 2926 cessisse
1194 2872 1539 2935 testilicatnr,
1572 2872 1650 2926 sic
1682 2870 1869 2927 aiens:
1899 2869 2008 2925 Do-

446 2963 604 3026 mine,
633 2962 861 3017 clamavi
899 2963 967 3016 ad
1000 2973 1069 3027 te,
1103 2973 1152 3017 et
1195 2964 1403 3017 sanasti
1442 2979 1557 3027 me;
1601 2963 1821 3018 salvasti
1857 2979 1937 3018 me
1971 2980 2007 3020 α

2104 2427 2218 2478 eis.
2237 2410 2535 2481 ἀνήγαγες
2553 2410 2622 2476 ἐξ
2646 2411 2794 2479 ᾅδου
2821 2411 2936 2480 τὴν
2960 2411 3172 2481 ψυχήν
3194 2428 3333 2481 μου·
3359 2410 3595 2477 ἕαωσάς
3611 2428 3688 2481 με

2111 2500 2230 2554 ἀπὸ
2264 2499 2383 2554 τῶν
2409 2501 2890 2555 καταϐαινόντων
2911 2502 2999 2566 εὶς
3029 2499 3280 2556 λάκκον.
3336 2501 3498 2572 Ὁρᾷς
3539 2501 3690 2564 ὅπως

2109 2591 2199 2645 τὸν
2227 2591 2361 2663 ᾅδην
2389 2594 2484 2645 καὶ
2515 2592 2605 2646 τὸν
2632 2591 2833 2646 λάκκον
2859 2592 2917 2645 ὲν
2954 2590 3142 2661 ταύτῷ
3169 2591 3256 2645 διὰ
3292 2590 3495 2645 τούτων
3522 2591 3686 2661 συνῆ-

2107 2686 2241 2756 dav;
2272 2683 2411 2737 Ἀλλ’
2433 2686 2491 2737 ὲν
2516 2684 2616 2755 μὲν
2641 2682 2720 2755 τῷ
2745 2682 2885 2754 μετὰ
2904 2687 3093 2755 χεῖρας
3119 2682 3247 2753 βοὰς
3278 2683 3414 2755 πρὸς
3437 2682 3531 2735 τὸν
3553 2678 3691 2734 Θεὸν

2105 2778 2240 2848 άιρίη
2247 2794 2351 2841 σιν,
2368 2775 2701 2849 παρακαλῶν
2720 2777 2796 2848 μὴ
2808 2776 3137 2848 ὁμοιωθῆναι
3151 2778 3261 2838 τοῖς
3274 2774 3600 2829 καταόαίνου
3607 2790 3690 2828 σιν

2104 2870 2185 2933 εἰς
2212 2869 2429 2922 λάκκον⁸
2450 2870 2509 2922 ὲν
2531 2868 2588 2921 δὲ
2606 2866 2683 2938 τῷ
2704 2867 2908 2939 ἐννάτῳ
2933 2867 3028 2921 καὶ
3052 2867 3279 2939 εἰκοστῷ
3297 2866 3687 2940 κατωρθῶσθαι

2104 2960 2254 3032 αὑτῷ
2275 2960 2343 3015 τὰ
2361 2961 2460 3030 τῆς
2486 2960 2653 3031 εὐχῆς
2672 2959 2911 3015 διδάσκει
2942 2959 3134 3029 λέγων’
3171 2962 3370 3031 Κύριε,
3397 2960 3689 3029 ἐκέκραξα

439 3053 866 3108 descendentibus
905 3055 961 3108 in
999 3054 1257 3108 lacum".
1290 3052 1604 3124 Opportune
1645 3063 1823 3110 autem
1850 3055 2007 3112 lacus

2109 3059 2260 3123 πρὸς
2286 3053 2380 3117 σὲ,
2418 3054 2518 3107 καὶ
2545 3052 2696 3108 ἰάσω
2721 3071 2820 3124 με·
2852 3053 3096 3123 ἕσωσάς
3115 3073 3193 3127 με
3217 3056 3333 3110 ἀπὸ
3363 3053 3483 3108 τῶν
3508 3069 3688 3108 κατα-

447 3145 649 3199 dicitur
685 3146 989 3199 animarum
1020 3146 1075 3199 in
1111 3146 1325 3202 inferno
1355 3147 1712 3202 domicilium.
1743 3146 2011 3212 Quemad—

445 3237 667 3292 modum
715 3240 859 3293 enim
891 3240 1039 3295 lacus
1070 3240 1471 3310 receptaculum
1505 3250 1590 3295 est
1618 3254 1883 3313 aquarum
1917 3239 2013 3298 de-

442 3343 609 3398 super
636 3343 701 3383 ac
728 3343 760 3385 e
791 3328 1009 3384 sublimi
1041 3330 1184 3385 istuc
1214 3330 1601 3399 decidentium,
1632 3336 1714 3391 sic
1743 3341 1799 3389 et
1819 3334 2012 3391 mortis

439 3423 612 3493 regio,
646 3422 737 3479 cui
768 3438 964 3478 nomen
1000 3422 1270 3489 infernus,
1308 3438 1401 3479 eas
1443 3441 1564 3498 quae
1599 3442 1630 3481 a
1663 3428 1912 3497 supernis
1943 3443 2010 3483 ex

441 3515 679 3571 humana
708 3515 820 3571 vita
854 3515 995 3572 istuc
1024 3515 1287 3572 decidunt
1319 3519 1531 3575 animas
1560 3519 1860 3589 excipiens,
1889 3519 2013 3589 jure

440 3607 592 3662 lacus
623 3607 951 3677 appellatur.
976 3605 1154 3680 Rogat
1174 3606 1359 3680 itaque
1382 3618 1442 3665 ut
1470 3625 1539 3665 ne
1561 3610 1618 3665 in
1652 3620 2009 3666 memoratum

438 3697 619 3749 lacum
650 3710 755 3754 una
791 3712 915 3754 cum
955 3702 1078 3756 aliis
1111 3700 1449 3755 detrahatur.
1484 3699 1550 3754 Et
1579 3701 1684 3755 hoc
1713 3716 1845 3757 sane
1877 3701 2010 3756 mihi

439 3794 736 3861 continget,
759 3790 855 3857 ait,
879 3791 925 3848 si
959 3791 1197 3862 reliquis
1218 3792 1530 3847 hominibus
1559 3792 1755 3848 similis
1784 3792 2009 3848 evadam

441 3885 534 3952 qui
573 3883 673 3939 abs
702 3890 757 3939 te
783 3897 891 3938 non
924 3884 1311 3947 exaudiuutur,
1340 3883 1485 3953 quod
1517 3892 1601 3939 est
1629 3883 1928 3940 aversionis
1958 3890 2014 3938 et

438 3973 548 4028 odii
582 3975 659 4028 tui
687 3974 922 4045 signum.
945 3972 1091 4029 Loco
1120 3982 1304 4029 autem
1341 3973 1528 4044 hujus,
1566 3990 1630 4029 ne
1658 3975 1815 4029 sileas
1847 3991 1880 4028 a
1906 3990 2009 4037 me,

441 4063 818 4133 Symmachus,
868 4082 931 4120 ne
970 4075 1146 4121 taceas
1177 4080 1244 4120 ex
1277 4083 1379 4131 me,
1417 4066 1620 4135 habet;
1665 4082 1735 4121 ne
1775 4064 1915 4121 forte
1957 4076 2011 4121 te

434 4156 627 4223 procul
666 4172 754 4213 me
796 4158 1138 4230 quiescente,
1181 4158 1381 4215 similis
1420 4158 1524 4214 sim
1555 4157 2009 4215 descendentibus

437 4246 492 4300 in
527 4247 732 4305 lacum.

505 4504 672 4564 Vens.
707 4510 757 4565 5.
801 4510 1065 4578 Quoniam
1095 4530 1198 4568 non
1231 4514 1602 4571 intellexerunt
1636 4532 1794 4586 opera
1823 4516 2001 4573 Domi-
2031 4510 2074 4565 Ι)

436 4600 512 4665 ni,
543 4611 592 4656 et
623 4604 678 4656 in
708 4620 867 4667 opera
912 4621 1164 4659 manuum
1204 4607 1339 4677 ejus,
1369 4605 1608 4663 destrues
1641 4609 1787 4676 illos,
1820 4619 1869 4664 et
1896 4627 1999 4664 non

2110 3148 2433 3203 σαινόντων
2466 3149 2554 3213 εις
2581 3146 2835 3204 λάκκον.
2873 3146 3175 3220 Προσφυῶς
3206 3149 3264 3202 δὲ
3308 3147 3507 3211 λάκκος
3554 3146 3689 3200 ὠνό-

2113 3254 2316 3313 μασται
2352 3237 2414 3293 τὸ
2438 3239 2495 3294 ὲν
2524 3237 2602 3311 τῷ
2624 3240 2725 3312 ᾅδῃ
2747 3239 2855 3293 τῶν
2882 3238 3070 3309 ψυχῶν
3091 3239 3422 3311 οἰκητήριον.
3465 3239 3553 3301 Ὠς
3579 3237 3690 3309 γὰρ

2107 3332 2138 3384 ὁ
2171 3330 2372 3394 λάκκος
2403 3331 2609 3401 δοχεῖόν
2648 3332 2764 3384 ἐστι
2802 3330 2910 3384 τῶν
2951 3329 3155 3384 ἄνωθεν
3188 3330 3281 3383 καὶ
3319 3329 3378 3395 ἐξ
3412 3328 3576 3399 ὕψους
3606 3330 3688 3392 εἰς

2110 3421 2269 3475 αὐτὸν
2302 3421 2761 3492 καταφερομένων
2792 3422 3018 3476 ὑδάτων·
3058 3420 3150 3474 τὸν
3176 3421 3337 3475 αὐτὸν
3368 3421 3566 3494 τρόπον
3593 3421 3689 3474 καὶ

2109 3513 2138 3565 ὁ
2165 3511 2259 3566 τοῦ
2289 3512 2520 3567 θανάτου
2548 3513 2746 3585 χῶρος,
2774 3515 2803 3567 ὁ
2834 3512 3167 3587 καλούμενος
3192 3512 3325 3585 ᾅδης
3352 3513 3448 3577 τὰς
3480 3511 3687 3567 ἄνωθεν

2109 3604 2217 3659 ἀπὸ
2246 3604 2341 3658 τοῦ
2369 3604 2477 3659 τῶν
2504 3603 2807 3677 ἀνθρώπων
2846 3605 2964 3677 βίου
2998 3607 3077 3669 εἰς
3107 3604 3270 3659 αὐτὸν
3309 3603 3687 3676 καταφερομέ-

2110 3713 2205 3760 νας
2229 3695 2407 3767 ψυχὰς
2438 3696 2850 3767 ὑποδεχόμενος,
2897 3697 3192 3770 προσφυῶς
3232 3697 3434 3761 λάκκος
3466 3697 3683 3769 ὠνόμα-

2113 3803 2256 3841 σται.
2311 3786 2629 3859 Παρακαλεῖ
2671 3788 2850 3843 τοίνυν
2894 3789 2969 3861 μὴ
3021 3789 3445 3863 συνελκυσθῆναι
3479 3793 3559 3855 εις
3594 3790 3688 3846 τὸν

2109 3879 2473 3951 δεδηλωμένον
2498 3880 2719 3935 λάκκον.
2746 3880 2915 3938 Τοῦτο
2934 3882 3011 3947 δὲ,
3036 3883 3220 3953 φησιν,
3242 3882 3416 3945 ἔσται,
3435 3884 3484 3934 εἰ
3501 3883 3686 3950 ὅμοιος

2110 3970 2369 4043 γενοίμην
2392 3973 2506 4035 τοῖς
2526 3972 2731 4037 λοιποῖς
2754 3972 3061 4045 ἀνθρώποις
3088 3975 3200 4036 τοῖς
3229 3973 3304 4043 μὴ
3336 3971 3686 4040 εἰσακουομέ-

2108 4081 2220 4129 νοις
2242 4064 2345 4117 ὑπὸ
2365 4064 2478 4118 σοῦ·
2502 4065 2531 4118 ὃ
2553 4065 2617 4135 δὴ
2642 4061 2866 4136 σημεῖον
2889 4065 3143 4133 τυγχάνει
3161 4064 3261 4131 τῆς
3294 4062 3392 4131 σῆς
3420 4062 3687 4131 ἀποστρο-

2110 4157 2238 4229 φῆς.
2280 4158 2423 4213 Ἀντὶ
2447 4157 2504 4211 δὲ
2540 4158 2657 4211 τοῦ·
2692 4156 2790 4224 Μὴ
2823 4152 3299 4224 παρασιωπήσῃς
3326 4152 3428 4215 ἀπ’
3453 4153 3621 4222 ἐμοῦ,
3653 4155 3684 4207 ό

2110 4250 2426 4322 Σύμμαχος,
2442 4249 2528 4319 μὴ
2555 4249 2819 4319 σιγήσῃς
2842 4246 2911 4310 ἐξ
2933 4243 3099 4314 ἐμοῦ»
3125 4244 3275 4315 φησί’
3300 4245 3530 4317 μήποτε,
3556 4247 3683 4316 ἦσθ’

2109 4342 2373 4413 χάσαντός
2402 4358 2495 4394 σου
2521 4339 2721 4396 ἄποθεν
2746 4355 2870 4409 μου,
2899 4335 3151 4408 ὁμοιωθῶ
3180 4340 3291 4402 τοῖς
3320 4336 3681 4393 καταϐαίνου-

2109 4448 2195 4487 σιν
2221 4435 2302 4497 εἰς
2325 4432 2546 4487 λάκκον.

2174 4523 2295 4575 Ὅτι
2327 4523 2398 4575 οὐ
2430 4518 2709 4587 συνῆκαν
2733 4522 2821 4586 εὶς
2846 4520 2918 4575 τὰ
2944 4520 3086 4590 ἔργα
3113 4521 3352 4591 Kvplov,
3380 4520 3479 4577 καὶ
3503 4523 3589 4588 εὶς
3608 4519 3682 4575 τὰ

2100 4615 2245 4682 ἔργα
2279 4609 2397 4665 τῶν
2428 4608 2644 4680 χειρῶν
2678 4611 2885 4676 αὐτοῦ,
2916 4611 3187 4678 καθελεῒς
3215 4612 3456 4679 αὐτοὺς,
3480 4612 3579 4678 καὶ
3608 4614 3680 4667 οὐ

436 4692 724 4764 wdiﬁcabis
757 4713 864 4755 eos.
910 4694 1086 4769 Opera
1130 4698 1345 4757 Domini
1397 4701 1603 4757 dixeris
1657 4702 1999 4758 conditarum

2107 4701 2183 4771 μὴ
2221 4700 2635 4770 οἱκοὸομήσεις
2668 4702 2907 4768 αὐτούς.
2959 4701 3136 4770 Ἔργα
3169 4700 3225 4754 δὲ
3268 4700 3476 4772 Κυρίου
3507 4699 3680 4763 εἴποις

437 4783 682 4840 omnium
717 4802 897 4843 rerum
939 4790 1327 4855 substantiam,
1360 4807 1524 4863 quam
1552 4808 1617 4848 ex
1644 4809 1753 4848 non
1783 4801 2005 4849 exstan-

440 4875 588 4932 tibus
631 4876 698 4932 ad
738 4880 1112 4937 exsistentiam
1157 4883 1381 4939 deduxit
1412 4885 1791 4941 universorum
1821 4884 2001 4956 opifex

439 4966 582 5023 Deus
612 4987 626 5023 :
654 4983 819 5041 opera
852 4983 1028 5029 autem
1062 4991 1321 5031 manuum
1350 4977 1491 5047 ejus.
1523 4993 1705 5033 rerum
1736 4977 2003 5032 factarum

437 5060 981 5131 administrationem,
1011 5082 1118 5136 qua
1143 5068 1404 5140 prospicit
1431 5084 1496 5124 ac
1527 5069 1831 5138 dispensat,
1863 5067 1999 5123 Pro-

435 5155 687 5213 videntia:
717 5171 830 5212 sum
861 5156 1154 5216 virtutibus
1183 5174 1286 5218 ceu
1317 5162 1568 5219 manibus
1593 5160 1777 5216 omnia
1805 5160 2006 5232 guber-

438 5263 593 5305 nans.

520 5340 675 5397 Vens.
707 5341 761 5406 6,
794 5343 848 5399 7.
892 5344 1204 5400 Benedictus
1246 5344 1407 5412 Deus,
1441 5345 1689 5417 quoniam
1728 5342 1999 5398 exaudivit

442 5449 610 5486 vacem
640 5433 1019 5503 deprecationis
1045 5454 1192 5493 meae.
1233 5437 1491 5491 Dominus
1531 5436 1746 5506 adjutor
1775 5450 1917 5490 meus
1951 5443 2001 5489 et

440 5533 701 5595 protector
725 5543 907 5582 meus:
934 5529 987 5582 in
1020 5530 1132 5599 ipso
1166 5531 1393 5600 speravit
1420 5546 1510 5585 cor
1542 5545 1733 5595 meum,
1774 5537 1824 5583 et
1853 5527 2006 5599 adju-

2103 4794 2169 4849 ἂν
2207 4794 2306 4865 τὴν
2350 4793 2459 4846 τῶν
2486 4792 2727 4865 γενητῶν
2761 4794 2975 4849 πάντων
3008 4793 3323 4858 ὑπόστασιν,
3362 4792 3485 4847 καθ’
3514 4792 3582 4864 ἣν
3621 4793 3680 4859 ἐξ

2105 4885 2206 4939 οὐκ
2229 4884 2398 4937 ὄντων
2428 4886 2509 4949 εἰς
2553 4885 2614 4938 τὸ
2653 4881 2788 4940 εἶναι
2832 4886 2900 4940 τὰ
2939 4886 3116 4939 πάντα
3147 4887 3463 4956 παρήγαγεν
3504 4885 3533 4937 ὁ
3570 4882 3680 4936 τῶν

2107 4976 2325 5031 πάντων
2344 4975 2572 5049 ποιητὴς
2601 4976 2750 5042 Θεόςο
2783 4977 2918 5050 ἔργα
2949 4977 3006 5030 δὲ
3030 4976 3228 5049 χειρῶν
3257 4976 3416 5030 αὐτοῦ
3446 4974 3544 5046 τὴν
3571 4975 3678 5027 τῶν

2107 5067 2412 5137 γενομένων
2455 5068 2738 5141 διοίκησιν,
2792 5070 2913 5124 καθ’
2961 5070 3030 5141 ἢν
3077 5072 3293 5141 προνοεῖ
3336 5069 3430 5123 καὶ
3482 5066 3655 5120 διέπει

2106 5159 2347 5232 ὡσπερεὶ
2384 5160 2542 5232 χερσὶ
2576 5164 2696 5224 ταῖς
2746 5160 2941 5215 ἑαυτοῦ
2985 5165 3371 5234 προνοητικατς
3416 5160 3655 5231 δυνάμεσ

2107 5250 2471 5323 διακυϐερνῶν
2496 5251 2565 5306 τὰ
2590 5254 2787 5308 πάντα.

2176 5343 2518 5413 Εὐλογητὸς
2558 5347 2593 5399 ὁ
2629 5345 2793 5412 Θεὸς,
2837 5345 2927 5400 ὅτι
2967 5349 3292 5416 εἰσήκουσε
3334 5343 3443 5414 τῆς
3471 5343 3678 5416 φωνῆς

2107 5435 2215 5505 τῆς
2239 5435 2502 5505 δεήσεώς
2531 5454 2668 5508 μου.
2716 5439 2931 5507 Κύριος
2966 5439 3195 5507 ,ϐοηθός
3219 5456 3337 5508 μου
3371 5438 3469 5491 καὶ
3496 5441 3675 5505 ὑπερ-ο

2106 5529 2414 5599 ασπιστής
2450 5547 2588 5599 μου·
2621 5530 2716 5584 ἐπ’
2743 5530 2903 5598 αὐτῷ
2931 5530 3197 5600 ἤλπισεν
3225 5531 3265 5599 ἡ
3302 5529 3511 5600 καρδία
3530 5545 3641 5599 μοι

513 5706 578 5740 ⁸³·
608 5705 718 5763 Jcr.
744 5678 846 5778 om,
871 5709 960 5764 εδ.
1034 5706 1257 5765 "lPsal.
1298 5726 1444 5777 xxvn,
1478 5706 1564 5762 ιδ.
1641 5707 1686 5740 ⁸³
1716 5706 1738 5761 ι
1764 5710 1890 5765 Cor.
1921 5724 1995 5774 ιιι

2107 5749 2121 5765 .
2182 5712 2247 5785 7⁸³
2276 5710 2415 5768 Psal.
2449 5728 2595 5782 xxw,
2624 5715 2676 5769 4.

2948 5805 3027 5818 κκ,
3084 5802 3113 5826 ’ἱ
