4100 6394
385 304 490 359 249

1536 299 2040 357 COMMENTABIA
2079 299 2143 354 IN
2183 299 2521 358 PSALMOS.

3531 307 3638 366 250

385 417 486 471 καὶ
511 413 864 485 ἐδοηθήθην.
898 402 1007 469 Kal
1035 414 1326 468 ἀνέθαλεν
1356 414 1395 482 ἡ
1424 412 1581 482 σάρξ
1603 431 1742 483 μου,
1772 411 1872 466 καί
1891 412 1942 465 ἐκ

2063 421 2145 467 tus
2182 428 2321 467 sum.
2361 410 2432 466 Et
2462 412 2701 481 reﬂoruit
2731 429 2857 469 caro
2888 424 3024 483 inea,
3057 426 3107 472 et
3131 434 3197 474 ea:
3223 419 3490 476 voluntate
3518 437 3634 475 mea

384 508 715 578 θελήματός
732 503 1387 577 μουέξομολογήσομαι
1412 502 1590 570 αὐτῷ.
1628 504 1686 557 'U
1716 502 1950 575 ἀψευδὴς

386 601 540 665 Θεὸς,
585 598 941 669 πιστούμενος
988 596 1182 651 ἑαυτοῦ
1231 596 1329 661 τὰς
1376 595 1731 668 ὑποσχέσεις,
1776 596 1845 649 δι’
1876 588 1950 648 ὧν

389 689 717 761 ἐπήγγελται
750 688 941 758 λέγων·
971 690 1095 742 Ἔτι
1130 688 1465 753 λαλοῦντός
1489 702 1603 742 σου
1628 684 1759 755 ἐρᾶν
1796 684 1951 741 Ἰδοὺ

388 780 640 850 πάρειμ’
670 779 745 843 ὡς
771 780 936 848 ἐγγὺς
965 778 1135 843 ἑστὼς
1162 779 1269 833 τῶν
1296 778 1553 850 καθαρῶς
1579 777 1739 832 αὐτὸν
1758 778 1951 830 ἐπικα-

386 872 681 943 λουμένων,
720 872 815 926 καὶ
854 871 929 936 ὼς
967 873 1028 924 ού
1065 871 1253 944 πόρρω
1290 870 1568 941 τυγχάνων
1590 870 1684 923 τοῦ
1709 868 1779 923 τὰ
1807 886 1952 943 πρα-

384 962 575 1033 χθέντα
626 960 1037 1035 [προλεχθέντα]
1098 962 1407 1033 δεηθέντος,
1468 964 1703 1034 ἐπήκοον
1761 961 1952 1016 ἑαυτὸν

383 1054 623 1125 παρέσχε
654 1057 773 1118 ταῖς
816 1054 1226 1126 προλεχθείσαις
1259 1053 1576 1126 ἱκετηρίαις.
1620 1049 1733 1107 Εἶθ’
1764 1052 1951 1124 ὥσπερ

383 1150 604 1218 σημεῖον
648 1146 833 1201 δίδωσι
881 1148 970 1202 διὰ
1017 1147 1109 1200 τοῦ
1156 1145 1491 1220 προφητικοῦ
1534 1145 1844 1216 πνεύματος
1882 1146 1946 1215 τῇ

379 1242 472 1296 τοῦ
493 1241 774 1313 δεηθέντος
791 1242 958 1313 ψυχῇ,
994 1241 1124 1312 περὶ
1158 1239 1252 1293 τοῦ
1285 1236 1632 1311 είσηκοῦσθαι
1660 1238 1851 1308 αὐτήν.
1887 1236 1951 1289 Ἡ

366 1333 456 1399 δὲ,
511 1333 930 1404 συναισθομένη,
982 1332 1305 1404 μεταϐάλλει
1358 1331 1456 1403 μὲν
1502 1328 1603 1395 τὰς
1648 1327 1951 1400 ίκετηρίους

379 1428 562 1497 φωνὰς
608 1428 689 1491 είς
727 1425 1095 1498 εὐχαριστίαν,
1142 1424 1438 1494 ἐγνωκέναι
1479 1423 1536 1476 δὲ
1575 1421 1823 1493 ὁμολογεί
1851 1419 1951 1491 τὴν

378 1516 677 1588 γενομένην
724 1516 860 1587 αὐτῇ
910 1513 1248 1587 εὐεργεσίαν·
1282 1514 1362 1568 διὸ
1394 1530 1575 1586 φησιν·
1604 1510 1950 1582 Εὐλογητὸς

378 1609 610 1676 Κύριος,
656 1607 747 1662 ὅτι
777 1606 1104 1676 είσήκουσε
1142 1605 1254 1676 τῆς
1290 1604 1495 1676 φωνῆς
1537 1603 1646 1674 τῆς
1686 1603 1950 1672 δεήσεως

374 1716 510 1770 μου·
562 1701 780 1769 Κύριος
824 1700 1055 1768 ,ϐοηθός
1072 1718 1191 1769 μου
1239 1699 1337 1753 καὶ
1382 1696 1773 1764 ὑπασπιστής
1805 1714 1945 1767 μου,

2054 501 2339 573 conﬁtebor
2380 504 2449 557 ei.
2500 501 2645 557 Deus
2686 503 2959 560 mendacii
3004 523 3222 579 expers,
3260 517 3320 564 ut
3360 511 3634 581 promissa

2053 608 2152 646 sua
2173 593 2458 648 conﬁrmet
2474 593 2562 648 his
2583 592 2768 650 verbis
2791 610 3075 666 expressa,
3111 599 3295 654 Adhuc
3318 610 3364 654 te
3396 602 3635 673 loquente

2052 682 2253 738 dicam:
2285 681 2418 737 Ecce
2447 682 2635 738 adsum
2664 684 2737 749 ",
2769 691 2955 755 utpote
2975 688 3069 757 qui
3099 704 3267 760 prope
3288 691 3360 745 sit
3382 692 3635 746 omnibus

2052 773 2147 842 qui
2170 787 2229 827 se
2254 788 2393 843 puro
2415 773 2581 830 corde
2604 776 2888 841 invocant,
2917 784 2972 831 et
2991 793 3103 832 non
3132 780 3326 848 procul
3350 781 3423 836 sit
3450 797 3517 837 eo
3538 782 3632 852 qui

2053 880 2220 936 supra
2252 865 2399 922 dicto
2432 870 2541 922 ritu
2573 868 2880 939 supplicat;
2903 871 3205 940 praemissis
3236 874 3633 944 deprecationi-

2050 958 2156 1014 bus
2204 974 2265 1014 se
2310 961 2607 1030 pr0pitium
2664 961 2931 1016 exhibuit.
2964 961 3172 1020 Deinde
3217 979 3347 1021 vero
3378 981 3475 1036 per
3499 982 3630 1037 pro-

2050 1049 2324 1119 pheticum
2374 1052 2628 1122 spiritum
2679 1054 3013 1124 supplicanti
3057 1055 3253 1111 animm
3284 1071 3384 1111 ceu
3418 1058 3631 1128 signum

2051 1140 2166 1207 dat,
2195 1158 2305 1213 quo
2335 1158 2396 1199 se
2424 1144 2738 1200 exauditam
2769 1146 2941 1203 fuisse
2974 1149 3205 1204 noverit.
3240 1147 3335 1203 Illa
3365 1165 3494 1205 vero
3517 1150 3631 1206 hac

2051 1233 2518 1303 animadvertens,
2550 1236 2826 1308 supplices
2852 1253 3014 1293 voces
3043 1238 3099 1293 in
3126 1240 3426 1310 gratiarum
3459 1241 3630 1295 actio—

2050 1340 2175 1380 nem
2205 1327 2496 1393 convertit,
2541 1342 2606 1382 ac
2653 1328 2978 1385 beneﬁcium
3032 1329 3139 1386 sibi
3170 1330 3430 1385 collatum
3464 1345 3627 1403 agno-

2051 1431 2207 1472 scere
2231 1432 2289 1473 se
2312 1417 2624 1473 conﬁtetur.
2657 1418 3022 1485 Quamobrem
3056 1420 3154 1486 ait,
3182 1420 3497 1476 Benedictus
3519 1421 3629 1479 Do-

2050 1508 2250 1575 minus,
2298 1509 2547 1579 quoniam
2578 1510 2846 1566 exaudivit
2880 1527 3050 1565 vocem
3068 1510 3445 1581 deprecationis
3481 1530 3627 1569 mere.

2052 1598 2310 1655 Dominus
2361 1600 2577 1670 adjutor
2606 1616 2752 1655 meus
2804 1611 2853 1656 et
2896 1612 3162 1671 protector
3205 1620 3349 1658 meus
3382 1619 3401 1656 :
3432 1604 3487 1658 in
3519 1605 3630 1674 ipso

2052 1694 2278 1762 sperauit
2314 1709 2405 1747 cor
2434 1709 2627 1759 meum,
2657 1702 2708 1749 et
2733 1694 2949 1764 adjutus
2990 1712 3128 1750 sum.
3167 1693 3447 1753 Sentiebat
3484 1698 3628 1752 enim

375 1790 468 1845 ἐπ’
508 1789 669 1861 αὐτῷ
718 1790 983 1860 ἤλπισεν
1033 1793 1074 1860 ἡ
1130 1790 1347 1859 καρδία
1385 1807 1529 1858 μου,
1567 1788 1667 1843 καὶ
1703 1786 1942 1856 ἐϐοηθή-

2048 1784 2328 1841 dexteram
2359 1783 2455 1840 Dei
2480 1792 2786 1856 porrectam
2815 1786 2939 1851 sibi,
2962 1787 3270 1856 patrocinio
3302 1804 3446 1854 esse,
3478 1796 3537 1843 ut
3563 1803 3630 1843 ne

374 1885 508 1949 θην.
543 1880 844 1953 Συνῄσθετο
870 1881 976 1954 γὰρ
1009 1880 1108 1951 τῆς
1141 1880 1317 1946 δεξιᾶς
1343 1878 1438 1932 τοῦ
1461 1878 1594 1932 Θεοῦ
1625 1878 1944 1951 ὲκταθείσης

377 1970 570 2045 μέχρις
603 1970 773 2042 αὐτῆς
804 1972 896 2025 καὶ
933 1970 1472 2042 ἀντιλαμϐανομένης
1513 1970 1682 2041 αὐτῆς
1714 1970 1850 2041 πρὸς
1886 1970 1949 2025 τὸ

377 2062 453 2134 μὴ
493 2062 923 2135 καθελκυσθῆναι
972 2064 1053 2126 εἰς
1100 2061 1193 2115 τὸν
1233 2060 1542 2133 δηλωθέντα
1579 2061 1800 2117 λάκκον.
1859 2061 1948 2127 Ἐξ

375 2153 821 2226 ύπερδαλλούσης
859 2154 917 2207 δὲ
960 2155 1135 2227 χαρᾶς
1178 2156 1207 2208 ὁ
1242 2154 1525 2226 προφήτης
1555 2155 1615 2207 οὐ
1644 2155 1742 2226 τὴν
1770 2153 1946 2226 ψυχὴν

374 2245 557 2317 μόνον,
590 2245 725 2300 ἀλλὰ
752 2249 847 2300 καὶ
868 2247 967 2318 τὴν
985 2246 1164 2317 σάρκα
1186 2245 1349 2301 αὐτοῦ
1378 2246 1514 2317 φησὶ
1535 2245 1826 2316 γεγηθέναι
1850 2244 1946 2299 καὶ

371 2338 707 2392 ἀνανεῶσθαι
736 2337 825 2392 διὰ
849 2338 949 2409 τὴν
983 2338 1076 2391 καὶ
1115 2336 1264 2408 αύτῷ
1290 2336 1499 2409 σώματι
1531 2336 1946 2408 ἐπηγγελμένην

370 2429 578 2501 ἀγαθὴν
612 2430 804 2485 ἐλπίδα
836 2430 978 2484 κατά
1006 2429 1103 2501 τὴν
1129 2428 1239 2483 τῶν
1273 2426 1482 2502 νεκρῶν
1519 2429 1836 2483 ἀνάστασινο
1865 2427 1945 2481 διὸ

368 2521 623 2592 ἐπιλέγειο
659 2522 771 2577 Kal
831 2521 1131 2578 ἀνέθαλεν
1154 2523 1194 2589 ἢ
1220 2520 1378 2590 σάρξ
1405 2539 1525 2591 μου
1545 2538 1559 2551 ·
1600 2515 1682 2585 οἷς
1718 2522 1944 2575 ἐπισυν-

368 2610 542 2666 amet:
562 2612 669 2667 Kal
683 2612 752 2666 ἐκ
766 2611 1098 2680 θελήματός
1101 2628 1220 2681 μου
1230 2609 1738 2680 ἐξομολογήσομαι
1763 2608 1943 2680 αὐτῷ·

368 2705 501 2777 5περ
518 2706 703 2776 ὅμοιον
730 2699 867 2757 εἷναί
889 2721 977 2774 μοι
995 2703 1142 2757 δοκεί
1165 2702 1263 2774 τῷο
1306 2702 1626 2768 Ἑκουσίως
1642 2704 1806 2756 θύσω
1822 2716 1941 2755 σοι.

375 2797 521 2850 Ἀντί
558 2795 618 2849 δὲ
658 2793 775 2859 τοῦ,
821 2792 920 2848 καὶ
959 2793 1256 2849 ἀνέϐαλον
1297 2795 1338 2862 ἠ
1385 2791 1543 2861 σάρξ
1594 2809 1735 2861 μου,
1775 2793 1804 2846 ὁ
1843 2792 1944 2861 μὲν

368 2885 682 2957 Σύμμαχος,
747 2886 1028 2952 dra-110m,
1077 2886 1260 2956 φησὶν,
1307 2887 1346 2952 ἠ
1390 2883 1602 2952 καρδία
1645 2898 1793 2952 μουο
1824 2885 1854 2936 ὁ
1883 2882 1944 2938 δὲ

377 2977 622 3041 Ἀκύλας,
657 2976 1050 3048 ἐγαυριάσατο
1080 2978 1118 3046 ἡ
1161 2976 1377 3045 καρδία
1427 2994 1547 3046 μου
1565 2992 1579 3007 '
1607 2976 1637 3029 ὁ
1663 2973 1721 3029 δὲ
1751 2974 1942 3029 Θεοδο-

374 3069 518 3135 ιίων,
555 3070 652 3124 καὶ
697 3068 990 3124 ἁνέθαλεν
1029 3071 1069 3139 ἡ
1115 3069 1331 3138 καρδία
1365 3085 1517 3140 μου·
1552 3070 1586 3140 ὴ
1620 3067 1679 3122 δὲ
1711 3067 1940 3139 πέμπτη

2048 1877 2105 1932 in
2135 1885 2497 1933 memoratum
2524 1878 2701 1932 lacum
2728 1876 3133 1933 detruderetur.
3158 1876 3235 1931 Ex
3260 1879 3443 1950 gaudii
3465 1894 3630 1950 porro

2046 1967 2390 2024 vehementia
2406 1967 2678 2038 Propheta
2700 1983 2811 2024 non
2833 1969 3069 2023 animam
3089 1977 3325 2037 tantum,
3350 1970 3444 2025 sed
3465 1971 3628 2025 etiam

2047 2072 2266 2113 carnem
2297 2074 2453 2113 suam
2482 2060 2726 2130 gavisam
2766 2068 2822 2116 et
2849 2067 3167 2114 renovatam
3208 2076 3332 2116 esse
3368 2062 3629 2118 testiﬁca-

2048 2160 2158 2215 tur,
2190 2151 2262 2206 oh
2298 2167 2453 2222 spem
2491 2151 2641 2205 illam
2684 2152 2884 2208 bonam
2917 2152 3001 2207 vel
3049 2152 3152 2222 ipsi
3201 2154 3420 2224 corpori
3455 2153 3513 2208 in
3541 2169 3626 2209 re-

2047 2244 2393 2299 surrectione
2444 2251 2790 2299 mortuorum
2843 2244 3091 2312 factam;
3124 2261 3296 2315 quare
3325 2246 3534 2311 subdit,
3577 2256 3627 2301 et

2045 2335 2284 2404 reﬂoruit
2319 2352 2444 2391 caro
2473 2353 2590 2391 mea
2619 2353 2638 2391 :
2672 2338 2871 2407 quibus
2905 2346 2959 2394 et
2981 2337 3254 2408 adjunxit,
3277 2347 3328 2393 et
3350 2354 3416 2393 ea:
3441 2339 3628 2393 uolun-

2047 2437 2153 2482 tate
2187 2445 2302 2483 mea
2338 2428 2627 2499 conﬁtebor
2657 2430 2728 2485 ei.
2765 2429 2925 2497 Quod
2969 2431 3104 2486 mihi
3154 2446 3415 2503 perquam
3451 2431 3628 2488 simile

2046 2519 2263 2575 videtur
2299 2518 2476 2576 huic:
2518 2520 2828 2577 Voluntaria
2875 2522 3191 2592 sacriﬁcabo
3245 2523 3340 2578 tibi
3358 2523 3427 2578 ⁸⁷.
3482 2522 3628 2581 Loco

2046 2621 2230 2667 autem
2262 2611 2395 2667 dicti
2435 2612 2608 2678 illius,
2657 2621 2706 2667 et
2742 2614 2983 2683 reﬂoruit
3030 2632 3156 2670 caro
3202 2632 3338 2684 mea,
3381 2616 3628 2687 Symma—

2044 2704 2203 2766 chus,
2232 2704 2508 2775 eﬁloresce,
2537 2704 2737 2776 inquit,
2769 2723 2861 2761 cor
2884 2723 3085 2773 meum;
3109 2709 3303 2779 Aquila
3337 2723 3487 2775 vero,
3512 2706 3627 2778 glo-

2044 2796 2242 2850 riatum
2262 2805 2340 2851 est
2389 2812 2480 2850 cor
2529 2813 2731 2861 meum;
2784 2796 3108 2864 Theodotio,
3150 2809 3201 2854 et
3244 2799 3482 2868 reﬂoruit
3531 2816 3623 2852 cor

2043 2904 2246 2952 meum;
2282 2887 2474 2958 quinta
2508 2887 2696 2954 editio,
2723 2889 3031 2943 roboratum
3056 2900 3131 2944 est
3154 2907 3244 2945 cor
3266 2907 3458 2945 meum.
3487 2888 3627 2945 Rur-

2043 2994 2275 3050 sumque
2303 2979 2452 3035 illius
2482 2980 2624 3046 loco,
2663 2996 2729 3035 ea:
2761 2981 3029 3036 voluntate
3069 3000 3185 3037 mea
3221 2982 3507 3053 conﬁtebor
3534 2982 3582 3035 ei
3602 3023 3617 3048 ,

2045 3069 2428 3143 Symmachus,
2464 3073 2521 3127 in
2547 3072 2772 3127 canticis
2806 3075 2933 3128 meis
2965 3074 3236 3129 celebrabo
3269 3076 3462 3145 ipsum,
3503 3075 3622 3129 edi-

368 3132 590 3227 ἐκδοσις,
628 3162 959 3231 ἐκρατύνθη
1013 3132 1067 3230 τῖ’
1085 3132 1300 3230 καρδία
1318 3132 1459 3231 μου.
1490 3132 1604 3214 Καὶ
1632 3132 1800 3215 πάλιν
1821 3132 1942 3214 ἀντι

2044 3132 2158 3228 dit;
2187 3161 2384 3231 Aquila
2417 3178 2568 3227 vero,
2601 3171 2653 3217 et
2684 3180 2715 3216 a
2741 3166 2950 3219 cantico
2987 3182 3099 3219 meo
3129 3132 3418 3236 conﬁtebor
3445 3166 3514 3219 ei.

306 3266 321 3273 ‘
368 3254 478 3320 τοῦ,
525 3256 595 3310 ἐκ
635 3256 968 3326 θελήματός
1003 3273 1123 3326 μου
1161 3254 1684 3326 ἐξομολογήσομαι
1750 3255 1932 3323 αὐτῷ,
1989 3256 2018 3309 ὁ
2054 3257 2153 3329 μὲν
2181 3258 2495 3329 Σύμμαχος·
2527 3259 2638 3315 Kal
2665 3260 2737 3313 ἐν
2769 3260 2949 3327 ᾠδαῖς
2982 3279 3104 3331 μου
3128 3261 3382 3332 ὑμνήσω
3413 3261 3621 3327 αὑτὸν,

366 3347 642 3413 ἐξέδωκεν·
671 3350 700 3402 ὁ
722 3348 779 3402 δὲ
819 3347 1078 3414 Ἀκύλας,
1104 3349 1204 3405 καὶ
1230 3347 1349 3404 ἀπὸ
1377 3346 1643 3418 ᾀσματός
1663 3366 1782 3418 μου
1806 3348 2323 3422 ἐξομολογήσομαι
2351 3350 2531 3417 αὐτῷ.

428 3441 644 3508 Κύριος
679 3441 1017 3510 κραταίωμα
1046 3440 1154 3496 τοῦ
1191 3440 1346 3496 λαοῦ
1378 3441 1587 3508 αὐτοῦ,
1618 3441 1716 3495 καὶ
1755 3443 1937 3510 ὑπερ-

364 3533 666 3602 ασπιστὴς
685 3532 803 3587 τῶν
828 3535 1135 3603 σωτηρίων
1158 3536 1265 3590 τοῦ
1292 3536 1551 3604 Χριστοῦ
1577 3535 1765 3591 αὐτοῦ
1783 3537 1934 3591 ἐστι.

364 3626 556 3697 Σαφῶς
582 3622 676 3681 οὖν
697 3628 755 3681 ὲν
778 3626 991 3691 τούτοις
1009 3627 1103 3681 τοῦ
1132 3628 1370 3700 Χριστοῦ
1403 3630 1499 3683 καὶ
1520 3629 1630 3682 τῶν
1661 3629 1751 3682 ὑπ’
1771 3628 1936 3683 αὐτοῦ

364 3716 686 3790 σωζομένων
718 3719 1123 3790 ἐμνημόνευσεν
1150 3722 1185 3790 ή
1217 3720 1543 3791 προφητεία,
1561 3714 1852 3792 ὶύκαίρως
1878 3719 1939 3786 ἐξ

364 3810 482 3874 ἑνὸς
503 3809 598 3863 τοῦ
630 3809 790 3864 Δαυῒδ
817 3810 945 3874 τοὺς
973 3810 1183 3874 πάντας
1221 3811 1695 3884 χαρακτηρίσασα.
1727 3813 1938 3885 Ὥσπερ

363 3903 494 3976 γὰρ,
532 3903 716 3974 φησὶν,
755 3904 960 3956 ἐκεῖνον
990 3901 1248 3973 δεηθέντα
1274 3902 1497 3967 ἔσωσεν,
1523 3902 1718 3968 οὕτως,
1750 3904 1935 3975 φησὶν,

365 3995 459 4050 καὶ
488 3994 686 4058 παντὸς
710 3995 805 4049 τοῦ
841 3995 973 4049 ἰδίου
1002 3993 1134 4048 λαοῦ
1164 3994 1492 4067 κραταίωμα
1513 3994 1685 4048 ἔσται.

433 4086 644 4140 Σῶσον
669 4083 777 4140 τὸν
805 4088 959 4141 λαόν
985 4101 1122 4151 σου,
1153 4085 1253 4140 καὶ
1280 4086 1622 4156 εὐλόγησον
1650 4084 1767 4154 τὴν
1792 4089 1940 4155 κλη-

364 4178 648 4247 ρονομίαν
666 4192 802 4239 σου,
826 4176 922 4229 καὶ
939 4175 1042 4229 ποί
1038 4191 1234 4244 μανον
1246 4174 1468 4242 αὐτοὺς
1480 4175 1579 4229 καὶ
1593 4174 1820 4244 ἔπειρον
1834 4178 1944 4231 αὐ.

362 4266 505 4334 τοὺς
525 4266 635 4333 ἕως
649 4266 756 4320 τοῦ
779 4264 1015 4332 αἰῶνος.
1035 4265 1170 4318 Ποία
1184 4264 1244 4320 δὲ
1257 4264 1350 4320 τοῦ
1365 4265 1603 4338 Χριστοῦ
1624 4267 1781 4338 ἡ.κλη
1790 4283 1939 4338 povo-

369 4360 465 4430 μία
508 4358 776 4411 δείκνυται
815 4359 874 4411 ὲν
905 4356 983 4429 τῷ
1011 4357 1249 4430 δευτέρῳ
1262 4356 1492 4430 ψαλμᾷν
1528 4358 1785 4427 Αἴτησαι
1805 4359 1936 4431 γὰρ,

366 4451 547 4521 φησὶν,
561 4450 659 4504 καὶ
679 4447 850 4503 δώσω
866 4462 965 4503 σοι
976 4448 1119 4519 ἔθνη
1136 4449 1251 4519 τὴν
1269 4451 1677 4521 κληρονομίαν
1697 4451 1938 4518 σου,καὶ

365 4542 481 4611 τὴν
499 4541 872 4613 κατάσχεσιν
900 4555 1017 4597 σου
1050 4543 1123 4597 τὰ
1152 4543 1380 4612 πέρατα
1399 4543 1509 4613 τῆς
1520 4543 1652 4615 γῆς.
1675 4544 1790 4599 Οὐκ
1802 4543 1867 4598 ἂν
1882 4543 1938 4597 δὲ

366 4634 631 4706 ἁμάρτοις
657 4635 753 4689 καὶ
783 4634 911 4698 τοὺς
942 4635 1000 4689 ὲν
1029 4633 1107 4705 τῷ
1137 4636 1387 4708 προτέρῳ
1415 4635 1531 4708 λαῷ
1560 4635 1823 4706 θεοφιλεῖς
1844 4637 1939 4691 καὶ

2114 3442 2281 3501 Vens.
2312 3443 2367 3500 8.
2398 3444 2656 3500 Dominus
2687 3445 2948 3515 fortitudo
2977 3445 3143 3516 plebis
3179 3463 3314 3512 suat,
3353 3461 3404 3502 et
3442 3460 3620 3519 prote-

2041 3544 2156 3590 ctor
2184 3537 2542 3592 salvationum
2579 3536 2780 3593 Christi
2809 3540 2893 3593 sui
2921 3549 3020 3593 est.
3050 3537 3150 3593 llic
3174 3551 3360 3609 aperte
3388 3541 3623 3611 prophe-

2042 3630 2115 3683 tia
2148 3628 2428 3686 Christum
2456 3637 2511 3684 et
2547 3646 2644 3686 eos
2670 3630 2764 3700 qui
2795 3630 2944 3686 illius
2975 3644 3078 3701 ope
3108 3631 3342 3709 salutem
3371 3632 3622 3689 obtineat

2040 3724 2385 3788 memoravit,
2416 3731 2833 3794 opportuneque
2871 3738 2966 3794 per
3011 3740 3179 3779 unum
3210 3723 3467 3781 Davidem
3498 3726 3623 3781 uni-

2039 3830 2231 3871 versos
2279 3816 2554 3885 exprimit.
2604 3815 2760 3870 Sicut
2796 3817 2964 3878 enim,
3005 3817 3205 3886 inquit,
3235 3817 3619 3888 deprecantem

2039 3908 2219 3977 ipsum
2264 3908 2522 3970 servavit,
2555 3907 2634 3961 ita
2671 3910 2841 3961 totius
2871 3907 2978 3964 sibi
3012 3909 3215 3978 proprii
3244 3910 3431 3979 populi
3464 3909 3622 3966 forti-

2041 3999 2174 4054 tudo
2202 3998 2329 4054 erit.

2110 4089 2277 4147 Vsus.
2309 4089 2362 4146 9.
2411 4088 2629 4144 Salvum
2672 4086 2761 4157 fac
2805 4088 3055 4158 populum
3091 4098 3262 4154 tuum,
3315 4100 3367 4145 et
3400 4091 3615 4148 benedic

2039 4180 2338 4234 Itmreditati
2368 4188 2493 4242 tuta,
2523 4189 2574 4233 et
2598 4194 2754 4250 pasce
2778 4194 2868 4233 eos
2901 4189 2952 4234 et
2975 4179 3168 4233 extolle
3199 4180 3320 4235 illos
3353 4197 3517 4251 usque
3559 4184 3617 4237 in

2040 4287 2314 4330 teternum.
2341 4271 2598 4339 Quaenam
2631 4274 2704 4326 sit
2730 4270 2936 4326 Christi
2968 4270 3258 4328 haereditas
3288 4273 3343 4327 in
3370 4273 3617 4329 secundo

2040 4366 2250 4437 psalmo
2291 4364 2630 4431 declaratur;
2664 4379 2814 4428 nam,
2861 4362 3087 4418 Postulo
3128 4380 3162 4418 a
3195 4381 3296 4427 me,
3341 4365 3537 4436 inquit,
3562 4376 3613 4421 et

2039 4459 2176 4513 dabo
2206 4458 2301 4511 tibi
2346 4465 2520 4528 gentes
2553 4455 2914 4511 [nereditatem
2951 4466 3119 4519 tuam,
3155 4466 3205 4512 et
3235 4459 3614 4526 possessionem

2040 4561 2189 4605 tuam
2237 4550 2487 4605 terminos
2535 4558 2692 4604 teme
2711 4549 2776 4602 ⁵⁸.
2816 4547 3002 4619 Neque
3030 4563 3059 4602 a
3087 4565 3217 4605 vero
3247 4551 3610 4615 aberraveris,

2040 4643 2088 4698 si
2120 4642 2406 4713 religiosos
2436 4641 2561 4697 illos
2589 4642 2644 4696 in
2677 4640 2845 4712 priori
2876 4641 3078 4711 populo
3102 4642 3270 4705 Viros,
3295 4641 3610 4710 prephetas,

367 4727 646 4798 προφήτας
680 4725 775 4779 καὶ
808 4725 1050 4790 δικαίους
1085 4725 1284 4797 ἄνδρας
1318 4728 1421 4799 τῆς
1451 4728 1547 4782 τοῦ
1580 4728 1815 4802 Χριστοῦ
1842 4747 1936 4799 γε·

2044 4744 2093 4789 et
2121 4734 2325 4804 justos,
2357 4731 2427 4787 ad
2457 4732 2663 4788 Christi
2699 4731 3070 4787 hereditatem
3100 4731 3432 4801 pertinuisse
3459 4730 3615 4797 dixe-

366 4815 581 4885 γονέναι
618 4815 981 4888 κληρονομίας
1015 4817 1204 4883 εἰπὼν,
1238 4820 1334 4873 καὶ
1365 4819 1474 4875 τῶν
1502 4824 1810 4892 σωτηρίων
1839 4825 1942 4877 αὐ-

365 4903 460 4960 τοῦ
512 4905 925 4977 μετεσχηκέναι.
954 4906 1089 4962 Οὐδὲ
1110 4908 1219 4982 γὰρ
1245 4910 1312 4964 τὰ
1347 4911 1525 4984 πλήθη
1550 4914 1789 4979 καὶτοὺς
1808 4916 1941 4969 ἀνα-

367 4997 496 5066 ξίως
527 4999 937 5072 παραϐαλόντας
963 5004 1029 5074 τῇ
1070 5001 1363 5075 Ἐκκλησία
1389 5003 1483 5058 τοῦ
1509 5005 1645 5059 Θεοῦ
1672 5008 1938 5079 προσήκει

364 5093 492 5147 λαὸν
525 5093 844 5163 ἀποφαίνειν
875 5093 1063 5159 αὐτοῦ,
1096 5093 1211 5148 ἀλλ’
1247 5095 1281 5167 ἢ
1315 5095 1491 5166 μόνως
1522 5097 1648 5162 τοὺς
1678 5099 1938 5171 ἀρεσκόν-

364 5201 475 5250 τως
501 5183 649 5255 αὑτῷ
681 5181 949 5256 βιοῦντας,
992 5186 1120 5257 περὶ
1149 5179 1226 5240 ὧν
1262 5185 1405 5241 εἴποι
1445 5186 1540 5242 ἄν’
1568 5189 1681 5243 Kal
1719 5190 1932 5262 ἔσομαι

366 5273 565 5331 αὐτῶν
597 5273 760 5342 Θεὸς,
802 5273 903 5329 καὶ
931 5275 1099 5330 αὐτοὶ
1131 5276 1377 5331 ἔσονταί
1398 5294 1500 5346 μοι
1528 5281 1697 5345 λαός.
1721 5307 1788 5319 -—
1823 5282 1934 5336 Kal

367 5366 663 5436 ποίμανσν
704 5366 945 5435 αὐτοὺς,
1002 5367 1099 5421 καί
1141 5367 1371 5438 ἕπαρον
1409 5369 1521 5436 ἕως
1553 5371 1660 5425 τοῦ
1697 5369 1931 5440 αἰῶνος.

369 5458 650 5529 Ποιμαίνει
668 5458 725 5512 δὲ
745 5459 939 5523 αὐτοὺς
964 5458 1217 5524 ἐνταῦθα,
1241 5461 1338 5532 τὴν
1365 5459 1540 5532 ψυχὴν
1577 5461 1742 5515 αὐτοῦ
1763 5460 1933 5527 τιθεὶς

370 5549 510 5622 ὑπὲρ
538 5547 737 5617 αὐτῶν,
766 5550 840 5615 ὥς
867 5552 1519 5624 φησιν-ὲνἝὺαγγελίοις⁹
1565 5553 1618 5606 Ὁ
1650 5554 1871 5625 ποιμὴν
1897 5558 1931 5609 ὁ

2036 4827 2135 4891 ris,
2163 4833 2326 4895 atque
2354 4824 2710 4879 salvationum
2738 4823 2860 4894 ejus
2883 4823 3179 4893 participes
3204 4821 3394 4879 fuisse.
3426 4821 3614 4896 Neque

2036 4917 2442 4972 multitudinem
2486 4916 2693 4987 populi,
2743 4931 2808 4971 ac
2834 4931 2934 4971 eos
2969 4916 3061 4985 qui
3092 4914 3320 4986 indigne
3352 4915 3614 4973 Ecclesiae

2034 5008 2131 5065 Dei
2183 5016 2559 5074 accesserunt,
2614 5008 2877 5079 populum
2931 5008 3054 5078 ejus
3107 5008 3467 5078 pronuntiare
3515 5024 3617 5078 par

2034 5101 2167 5167 fuit;
2197 5102 2291 5158 sed
2324 5103 2501 5159 solum
2536 5116 2633 5158 eos
2673 5101 2765 5171 qui
2816 5101 2922 5173 ipsi
2954 5099 3241 5172 probatam
3272 5107 3326 5156 et
3357 5100 3611 5169 placitam

2032 5193 2202 5248 vitam
2242 5192 2539 5256 duxerunt,
2564 5193 2633 5249 de
2660 5194 2865 5265 quibus
2898 5192 3017 5263 ipse
3046 5190 3246 5246 dixerit
3278 5209 3292 5246 :
3327 5188 3441 5244 Ero
3484 5189 3611 5243 illo-

2037 5305 2156 5343 rum
2171 5287 2334 5352 Deus,
2353 5296 2401 5342 et
2425 5287 2527 5356 ipsi
2547 5295 2703 5342 erunt
2713 5286 2840 5341 milii
2853 5285 3078 5356 populus
3096 5284 3239 5340 ".—
3254 5282 3325 5337 Et
3344 5298 3502 5352 pasce
3520 5299 3604 5337 eos

2038 5389 2089 5435 et
2110 5379 2304 5434 extolle
2333 5379 2456 5434 illos
2488 5394 2651 5450 usque
2686 5380 2743 5433 in
2771 5386 3043 5433 wternum.
3077 5374 3177 5430 Hic
3209 5383 3390 5430 autem
3431 5374 3617 5445 pascit.

2036 5470 2183 5536 illos,
2204 5469 2297 5541 qui
2323 5470 2563 5523 animam
2597 5483 2752 5524 suam
2788 5483 2887 5538 pro
2912 5468 2980 5523 iis
3007 5467 3208 5538 posuit,
3252 5474 3310 5521 ut
3338 5465 3396 5520 in
3428 5464 3609 5521 Evan-

2036 5556 2191 5626 geliis
2231 5554 2349 5610 ait:
2380 5555 2559 5612 Bonus
2608 5564 2794 5627 pastor
2841 5557 3075 5613 animam
3113 5572 3266 5611 suam
3318 5556 3466 5626 ponit
3510 5571 3607 5627 pro

474 5702 520 5736 "
549 5701 651 5762 lsa.
682 5718 837 5771 tvm,
863 5705 915 5762 9.
976 5709 1020 5741 ⁸⁷
1049 5705 1195 5764 Psal.
1220 5722 1337 5774 LIII,
1365 5707 1416 5763 8.
1494 5710 1539 5741 ”
1561 5708 1705 5767 Psal.
1744 5725 1801 5778 ιι,
1832 5713 1884 5765 8.
1960 5711 2005 5744 ⁵⁹
2031 5709 2231 5766 Jerem.
2264 5727 2361 5781 vn,
2388 5710 2480 5767 ‘35.
