4100 6382
500 305 595 360 251

1202 302 1470 360 EUSEBII
1507 301 1985 361 CAESARIENSIS
2019 300 2172 358 OPP.
2205 298 2385 356 PARS
2425 298 2512 355 lll.
2553 330 2622 341 ——
2648 296 3050 354 EXEGETICA.

3611 298 3718 353 25:!

493 423 672 478 ovibus
696 425 767 493 ⁶⁰;
804 441 868 481 ac
898 443 1115 483 rursum
1153 448 1166 485 ‘.
1203 428 1334 484 Oves
1386 447 1515 483 mea:
1558 446 1729 483 vocem
1764 446 1931 484 meam
1958 445 2056 482 au-

2163 426 2343 493 καλὸς
2378 425 2493 493 τὴν
2518 424 2730 494 ψυχὴν
2756 426 2941 479 αὐτοῦ
2979 425 3217 492 τίθησιν
3248 421 3398 491 ὑπὲρ
3429 422 3546 476 τῶν
3574 435 3717 489 προ-

489 508 643 568 dinnt
673 516 753 583 “;
802 517 1114 590 iterumque
1151 539 1163 574 :
1206 519 1315 575 Ero
1352 522 1618 575 vobiscum
1648 538 1808 592 usque
1838 522 1905 575 ad
1934 538 2060 575 con-

492 610 897 665 summationem
963 614 1145 667 saeculi
1175 613 1243 667 “.
1302 613 1361 667 In
1424 621 1667 684 tempore
1728 622 1906 669 autem
1964 629 2060 683 op-

498 708 729 770 portuno
784 702 932 773 ipsas
980 704 1039 758 in
1092 704 1325 759 sublime
1369 704 1577 772 elatas,
1621 704 1832 760 cmlesti
1892 719 2060 775 regno

499 792 747 852 donabit.

842 925 1162 983 PSALMUS
1191 927 1397 982 DAVID
1436 927 1676 984 XXVIII.

976 1039 1037 1093 In
1064 1041 1208 1094 exitu
1240 1040 1587 1096 tabernaculi.

561 1149 730 1207 Vens.
765 1152 818 1217 1,
848 1151 903 1207 2.
930 1152 1131 1222 Aﬁ'erte
1153 1153 1401 1218 Domino,
1450 1154 1551 1216 ﬁlii
1585 1153 1705 1217 Dei,
1730 1153 1915 1222 aﬁ'erte
1951 1151 2059 1206 Do-

497 1244 637 1295 mino
664 1242 807 1312 ﬁlios
830 1243 1078 1298 arietum.
1125 1244 1323 1313 A/ferte
1352 1243 1581 1298 Domino
1624 1244 1851 1313 gloriam
1883 1250 1932 1297 et
1966 1243 2060 1296 lio-

497 1348 692 1393 aorem,
726 1331 909 1400 aﬁerte
933 1331 1154 1385 Domino
1185 1333 1411 1401 gloriam
1446 1333 1646 1386 nomini
1673 1332 1810 1400 ejus,
1841 1331 2060 1388 adorate

2159 519 2365 573 ϐάτων·
2396 519 2490 572 καὶ
2515 518 2693 570 πάλινο
2725 516 2800 571 Τὰ
2825 518 2937 587 ἐμὰ
2966 520 3227 588 πρόϐατα
3252 514 3359 583 τῆς
3381 512 3583 585 φωνῆς
3603 528 3719 581 μου

2158 610 2390 664 ἀκούει’
2435 610 2529 662 καὶ
2569 608 2761 662 πάλιν·
2799 612 3053 678 Ἐσομαι
3081 608 3208 678 μεθ’
3254 605 3421 675 ὑμῶν
3463 603 3570 669 ἕως
3610 602 3719 670 τῆς

2158 701 2513 767 συντελείας
2541 698 2647 753 τοῦ
2674 698 2905 767 αἰῶνος·
2936 699 3110 772 καιρῷ
3129 699 3185 752 δὲ
3207 696 3494 767 ἐπιτηδείῳ
3514 694 3721 763 ἐπάρας

2158 791 2353 855 αὐτοὺς
2390 792 2469 854 εἰς
2498 789 2650 859 ὕψος,
2675 790 2775 861 τῆς
2794 788 3041 861 οὐρανίου
3072 787 3346 859 βασιλείας
3373 780 3717 849 magaba“.

2547 926 2831 979 ΨΑΛΜΟΣ
2859 925 2945 977 ΤΩ
2972 924 3170 977 ΔΑΥΙΔ
3196 924 3334 976 KH'.

2600 1034 2864 1099 Ἐξαδίου
2896 1032 3134 1101 σκηνῆς
3175 1033 3277 1102 (ι).

2243 1142 2545 1215 Ἐνέγκατε
2587 1143 2666 1210 τῷ
2709 1144 2921 1212 Κυρίῳ,
2960 1142 3076 1197 υἱοὶ
3120 1142 3288 1208 Θεοῦ,
3328 1139 3607 1210 ἐνέγκατε
3644 1136 3724 1203 τῷ

2159 1233 2351 1299 Κυρίῳ
2377 1233 2545 1298 υἱοὺς
2579 1231 2776 1301 κριῶν.
2819 1231 3131 1301 Ἐνέγκατε
3178 1228 3258 1295 τῷ
3297 1230 3493 1297 Κυρίῳ
3537 1227 3726 1290 δόξαν

2160 1322 2257 1376 καὶ
2318 1322 2513 1393 τιμήν·
2582 1323 2887 1392 Ἐνέγκατε
2953 1321 3034 1387 τῷ
3095 1323 3291 1391 Κυρίῳ
3347 1321 3536 1387 δόξαν
3593 1321 3751 1373 ὀνόσ-

501 1421 781 1475 Dominum
816 1424 873 1477 in
912 1424 1053 1477 atrio
1102 1437 1284 1478 sancto
1314 1425 1447 1493 ejus.
1482 1424 1577 1479 llis
1612 1441 1836 1494 prorsus
1860 1426 2059 1480 similia

2163 1430 2294 1483 ματι
2339 1415 2543 1468 αὑτοῦ.
2596 1412 3064 1481 Προσκυνήσατε
3101 1412 3181 1479 τῷ
3220 1414 3414 1481 Κυρίῳ
3451 1413 3521 1467 ἐν
3561 1412 3723 1482 αὐλῇ

500 1513 673 1583 quoad
729 1515 1052 1569 sententiam
1108 1515 1345 1569 arbitror
1409 1530 1471 1571 ea
1531 1532 1652 1586 qua:
1704 1518 1761 1571 in
1817 1531 2060 1588 nonage—

495 1605 635 1658 simo
656 1606 847 1674 quinto
876 1606 1084 1675 psalmo
1101 1607 1167 1661 de
1200 1606 1484 1662 vocatione
1513 1610 1753 1677 gentium
1791 1607 2058 1671 feruntur,

500 1714 614 1767 qua:
639 1699 743 1753 hoc
765 1698 924 1753 modo
956 1715 1014 1754 se
1037 1699 1237 1753 habent
1268 1719 1281 1753 ;
1307 1699 1528 1754 Cantate
1547 1700 1770 1754 Domino
1798 1701 2059 1753 canticum

2159 1505 2296 1574 ἁγίᾳ
2326 1505 2531 1559 αὑτοῦ.
2576 1505 2794 1569 Τούτοις
2827 1505 3160 1575 ἰσοδυναμεῖν
3183 1504 3421 1576 ἠγοῦμαι
3453 1504 3595 1559 κατὰ
3624 1506 3726 1575 τὴν

2158 1597 2391 1650 διάνοιαν
2427 1598 2494 1649 τὰ
2516 1599 2573 1649 ἐν
2602 1597 2836 1667 πέμπτῳ
2880 1598 2973 1650 καὶ
3012 1597 3345 1667 ἐνενηκοστῷ
3371 1596 3568 1669 ψαλμῷ
3596 1599 3726 1669 περὶ

2157 1689 2257 1759 τῆς
2283 1688 2391 1740 τῶν
2411 1686 2580 1740 ἐθνῶν
2603 1688 2845 1758 κλήσεως
2865 1688 3052 1742 τοῦτον
3074 1687 3372 1757 λελεγμένα
3388 1689 3480 1743 τὸν
3500 1690 3723 1759 τρόπον’

500 1806 701 1854 novum,
739 1800 946 1844 cantate
995 1789 1222 1845 Domino
1272 1793 1442 1845 omnis
1494 1803 1654 1845 terra.
1706 1792 1930 1846 Cantate
1953 1790 2061 1843 Do—

2171 1780 2391 1848 ’ᾼσατε
2421 1779 2501 1845 τῷ
2518 1780 2712 1847 Κυρίῳ
2744 1773 2907 1847 ᾆσμα
2932 1780 3140 1831 καινόν
3158 1794 3175 1808 ’
3196 1777 3385 1845 (laute
3405 1776 3484 1843 τῷ
3504 1778 3727 1846 Κυρίῳ,

500 1880 655 1943 mino,
695 1879 975 1934 benedicite
1022 1882 1223 1934 nomini
1274 1881 1408 1950 ejus,
1434 1881 1739 1935 annuntiate
1779 1880 1841 1934 de
1876 1879 1959 1934 die
2007 1882 2063 1932 in

499 1970 629 2023 liem
654 1970 890 2025 salutare
918 1970 1051 2040 ejus.
1080 1971 1403 2025 Annuutiate
1438 1972 1492 2024 in
1550 1970 1787 2042 gentibus
1836 1970 2061 2040 gloriam

499 2078 628 2130 ejus,
664 2063 721 2115 in
750 2062 992 2116 omnibus
1030 2064 1237 2133 populis
1298 2062 1570 2115 mirabilia
1613 2063 1747 2132 ejus.
1800 2061 2062 2126 Quoniam

499 2165 716 2219 magnus
749 2138 1028 2204 Dominus.
1057 2161 1107 2205 et
1143 2149 1428 2204 laudabilis
1456 2150 1628 2215 valde,
1699 2151 1947 2205 terribilis
1985 2162 2063 2206 est

499 2254 649 2307 super
678 2256 852 2293 omnes
875 2240 997 2294 deos
1024 2242 1095 2295 ⁸³.
1136 2240 1399 2311 Deinceps
1429 2242 1502 2294 ita
1524 2242 1792 2296 subsumit
1825 2257 1838 2293 :
1872 2242 2065 2310 Alfene

501 2328 723 2383 Domino
747 2330 971 2397 gloriam
1001 2332 1201 2385 nomini
1225 2332 1359 2400 ejus.
1389 2331 1582 2385 Tollite
1634 2331 1836 2386 hostias
1886 2342 1935 2385 et
1988 2333 2065 2385 iu-

500 2422 656 2474 troite
683 2422 736 2474 in
767 2422 907 2474 atria
929 2422 1065 2491 ejus,
1095 2422 1312 2476 adorate
1329 2421 1614 2476 Dominum
1643 2423 1697 2475 in
1720 2423 1847 2476 aula
1878 2432 2064 2477 sancta

501 2507 631 2575 ejus.
658 2507 864 2572 Quibus
885 2522 1017 2563 sane
1074 2509 1439 2579 evangelicum
1482 2509 1734 2578 gratiam,
1770 2509 1825 2564 in
1872 2526 2063 2568 omnes

499 2599 664 2655 totius
697 2599 847 2655 orbis
878 2599 1135 2656 nationes
1164 2599 1440 2664 diﬂ‘usam,
1483 2601 1876 2670 praenuntians,
1908 2610 2062 2673 post-

500 2706 658 2760 quam
694 2691 967 2746 canticum
997 2707 1220 2757 novum,
1261 2692 1514 2748 videlicet
1543 2694 1669 2748 novi
1702 2692 2057 2761 Testamenti,

499 2780 839 2843 memoravit,
866 2780 1064 2837 deinde
1090 2781 1336 2852 prrecipit
1360 2790 1421 2835 ut
1450 2780 1678 2836 all'erant
1698 2781 1925 2837 Domino
1946 2784 2055 2854 glo-

498 2872 633 2926 riam
655 2878 709 2926 et
739 2871 1025 2938 honorem,
1073 2881 1129 2928 et
1180 2879 1398 2928 caetera.
1457 2871 1582 2928 Haec
1635 2881 1815 2929 autem
1869 2873 2065 2930 all‘erre

500 2963 668 3031 iubet,
698 2979 811 3019 non
836 2962 1076 3031 Iudaeos,
1106 2963 1201 3020 sed
1256 2963 1491 3022 familias
1531 2966 1794 3036 gentium,
1842 2976 1936 3022 aut
1981 2984 2065 3025 se-

501 3052 735 3108 cundum
766 3054 1007 3124 reliquos
1031 3055 1377 3124 interpretes,
1427 3071 1492 3111 ac
1522 3055 1842 3113 Hebraicam
1863 3059 2061 3115 verita~

2162 1868 2329 1923 πᾶσα
2362 1872 2400 1938 ἡ
2433 1869 2528 1940 γῆ.
2564 1872 2783 1939 ᾊσατε
2803 1869 2883 1935 τῷ
2911 1870 3120 1937 Κυρίῳ,
3154 1867 3525 1938 εὐλογήσατε
3540 1869 3727 1939 ὄνομα

2161 1960 2365 2027 αὑτοῦ,
2407 1962 2881 2030 εὐαγγελίσασθε
2914 1962 3143 2031 ἡμέραν
3175 1960 3244 2026 ἐξ
3273 1959 3496 2029 ἡμέρας
3519 1960 3585 2013 τὸ
3610 1977 3727 2014 σω-

2161 2050 2366 2119 τήριον
2417 2053 2623 2107 αὐτοῦ.
2699 2054 3106 2124 Ἀναγγείλατε
3135 2053 3205 2106 ἐν
3234 2052 3361 2118 τοῖς
3390 2053 3592 2106 ἔθνεσι
3616 2050 3733 2118 τὴν

2162 2136 2349 2201 δόξαν
2367 2139 2573 2205 αὐτοῦ,
2601 2140 2670 2194 ἐν
2691 2139 2840 2195 πᾶσι
2870 2141 2994 2206 τοῖς
3023 2140 3195 2207 λαοῖς
3214 2140 3285 2194 τὰ
3306 2139 3603 2209 θαυμάσια
3624 2142 3725 2194 αι’)⁹

2166 2231 2296 2283 τοῦ.
2331 2231 2460 2284 ’Ότι
2486 2230 2671 2301 μέγας
2691 2234 2903 2299 Κύριος
2940 2234 3037 2286 καὶ
3076 2232 3311 2299 αἰνετός
3341 2233 3597 2303 σφόδρα,
3627 2217 3729 2303 φό-

2163 2323 2330 2389 ϐερός
2348 2322 2518 2376 ἐστιν
2541 2324 2638 2376 ἐπὶ
2668 2323 2896 2390 πάντας
2932 2324 3074 2391 τοὺς
3106 2326 3277 2391 θεούς
3295 2342 3309 2356 ·
3340 2320 3423 2389 οἷς
3448 2325 3576 2396 ἑξῆς
3607 2327 3729 2380 ἐπι-

2162 2412 2376 2481 λέγεται
2401 2428 2415 2443 ·
2460 2414 2763 2484 Ἐνέγκατε
2790 2414 2870 2481 τῷ
2908 2417 3102 2484 Κυρίῳ
3127 2415 3315 2481 δόξαν
3351 2417 3593 2487 ὀνόματι
3617 2419 3728 2471 αὺ-

2162 2502 2290 2558 τοῦ.
2314 2505 2516 2573 Ἄρατε
2543 2508 2759 2573 θυσίας
2788 2507 2889 2560 καὶ
2938 2509 3361 2575 διαπορεύεσθε
3383 2508 3598 2575 ειςοτὰς
3620 2510 3730 2564 αὐ-

2161 2594 2277 2660 λὰς
2332 2596 2539 2653 αὐτοῦ,
2600 2598 3069 2666 Προσκυνήσατε
3117 2598 3197 2665 τῷ
3233 2600 3426 2668 Κυρίῳ
3460 2600 3531 2654 ἐν
3568 2598 3733 2670 αὺλῆ

2161 2687 2301 2756 ἁγίᾳ
2330 2688 2537 2742 αὐτοῦ.
2585 2689 2673 2742 Ἐν
2696 2684 2777 2751 οἷς
2801 2690 2829 2740 ὁ
2853 2689 3029 2757 λόγος,
3056 2691 3154 2761 τὴν
3190 2690 3549 2761 εὐαγγελικὴν
3573 2691 3731 2763 χάριν

2161 2775 2258 2848 τὴν
2287 2778 2366 2840 εις
2393 2778 2571 2831 πάντα
2595 2776 2849 2847 χυθεῖσαν
2871 2778 2939 2831 τὰ
2966 2778 3085 2832 καθ’
3107 2780 3234 2853 ὅλης
3274 2780 3377 2851 τῆς
3412 2782 3732 2853 οἰκουμένης

2162 2867 2290 2939 ἔθνη
2335 2869 2950 2941 προευαγγελισάμενος,
3000 2871 3213 2925 καὶτοῦ
3249 2871 3435 2926 καινοῦ
3467 2872 3732 2945 ᾅσματος,

2159 2957 2358 3030 δηλαδὴ
2399 2961 2498 3030 τῆς
2571 2960 2761 3031 καινῆς
2818 2961 3092 3033 Διαθήκης
3145 2962 3553 3034 μνημονεύσας,
3604 2961 3732 3034 ίξῆς

2164 3051 2486 3123 προστάττει
2518 3051 2761 3122 κομίζειν
2797 3051 2875 3122 τῷ
2914 3053 3102 3125 Κυρίῳ
3129 3052 3286 3120 δόξαν
3305 3055 3398 3108 καὶ
3420 3055 3606 3128 τιμὴν,
3633 3059 3730 3113 καὶ

502 3161 629 3210 tem,
651 3149 981 3216 cognationes
1010 3147 1339 3216 populorum.
1380 3147 1506 3204 Haec
1537 3149 1721 3221 itaque
1772 3152 1829 3206 in
1873 3153 2062 3222 quinto

2165 3140 2234 3195 τὰ
2268 3139 2412 3212 ἑξῆς.
2436 3141 2620 3195 Ταῦτά
2638 3159 2698 3194 τε
2726 3139 2971 3212 κομίζειν
3005 3143 3557 3213 παρακελεύεταιούκ
3602 3148 3730 3202 Ἰουν-

502 3245 553 3293 et
592 3239 944 3311 nonagesimo
1000 3241 1211 3311 psalmo
1240 3243 1308 3296 de
1331 3242 1580 3313 gentibus
1618 3242 1882 3300 divinitus
1926 3261 2065 3317 prae-

503 3327 751 3381 nuntiata
799 3336 947 3384 sunt.
983 3326 1044 3382 In
1082 3330 1340 3399 przesenti
1373 3345 1504 3385 vero
1546 3344 1610 3385 ea
1662 3329 1783 3400 ipsa
1807 3330 2067 3400 jubentur

502 3415 731 3472 Domino
784 3416 979 3473 afferre
1028 3419 1124 3472 lilii
1164 3420 1418 3484 arietum,
1484 3436 1624 3491 quos
1682 3420 1892 3477 aestimo
1930 3422 2067 3476 nihil

503 3508 715 3564 diﬂ'e'rre
748 3526 780 3564 a
812 3509 1034 3565 familiis
1055 3512 1316 3581 gentium,
1343 3519 1437 3566 aut
1457 3512 1872 3582 cognationibus
1894 3527 2066 3583 popu-

502 3608 698 3655 lorum.
722 3601 910 3672 Neque
934 3604 1079 3657 enim
1114 3602 1219 3673 ipsi
1249 3604 1448 3660 arietes
1474 3603 1591 3659 haec
1606 3603 1841 3660 Domino
1871 3603 2066 3659 aﬂ‘erre

499 3685 778 3757 iubentur,
803 3693 897 3748 sed
926 3693 1020 3747 ﬁlii
1064 3694 1318 3749 arietum.
1348 3693 1405 3749 ld
1432 3710 1561 3750 vero
1596 3694 1724 3750 dico
1765 3694 2066 3751 secundum

506 3777 823 3834 Hebraicam
854 3773 1201 3845 sententiam,
1258 3783 1314 3836 in
1347 3798 1453 3852 qua
1505 3783 1817 3852 neutiquam
1846 3782 2066 3845 eli‘ertur

504 3871 635 3927 illud
662 3871 896 3941 :Aﬂ'erte
938 3875 1182 3939 Domino,
1214 3874 1316 3945 ﬁlii
1348 3873 1466 3930 Dei.
1522 3877 1702 3942 Quare
1733 3875 1848 3929 haec
1875 3875 1931 3930 in
1967 3874 2066 3930 Se-

504 3962 789 4033 ptuaginta
822 3964 1212 4035 interpretibus
1239 3966 1398 4022 obelo
1412 3974 1691 4031 notantur,
1713 3966 1859 4037 quod
1891 3982 2065 4037 neque

501 4056 560 4109 in
595 4055 860 4114 llebraico
904 4060 1221 4130 exemplari,
1282 4074 1385 4115 nec
1433 4059 1577 4130 apud
1613 4059 1853 4129 reliquos
1895 4059 2065 4115 inter-

501 4155 683 4217 pretes
736 4158 1109 4221 compareant.
1158 4150 1316 4217 Quod
1346 4151 1394 4207 si
1442 4151 1664 4207 omnino
1714 4150 2066 4223 Septuaginta

444 4267 448 4271 -
502 4238 865 4309 interpretum
896 4242 1056 4299 lectio
1079 4242 1375 4312 spectanda
1404 4242 1497 4308 sit,
1534 4243 1658 4298 dico
1699 4244 1916 4314 praecipi
1939 4242 2064 4299 ﬁliis

505 4324 650 4401 [Dei]
704 4337 762 4383 ut
795 4330 1024 4385 afferant
1078 4331 1332 4397 Domino,
1386 4349 1495 4389 non
1551 4335 1770 4399 arietes,
1806 4335 1901 4390 sed
1926 4334 2063 4389 ﬁlios

2164 3233 2352 3299 δαίοις,
2377 3232 2512 3287 ἀλλὰ
2558 3236 2681 3293 ταῖς
2708 3235 2964 3305 πατριαίς
2990 3233 3097 3287 τῶν
3140 3235 3310 3289 ἐθνῶν
3332 3277 3346 3300 ,
3375 3237 3574 3308 ἢκατὰ
3600 3241 3728 3301 τοὺς

2165 3326 2382 3390 λοιποὺς
2419 3325 2775 3398 ἐρμηνευτὰς,
2808 3327 2903 3379 καὶ
2941 3325 3083 3379 κατὰ
3118 3327 3218 3397 τὴν
3258 3328 3550 3402 Ἐϐραῖκὴν
3569 3331 3737 3404 ἀκρί-

2167 3417 2341 3481 ϐειαν,
2362 3416 2490 3483 ταῖς
2513 3418 2887 3486 συγγενείαις
2900 3418 3014 3473 τῶν
3027 3418 3207 3473 λαῶν.
3216 3421 3397 3476 Ταῦτα
3423 3424 3521 3494 μὲν
3532 3420 3622 3479 οὖν
3637 3442 3735 3480 σαρ-

2167 3507 2282 3579 φῶς
2307 3510 2363 3563 ἐν
2392 3508 2468 3579 τῷ
2499 3508 2733 3580 πέμπτῳ
2766 3510 2860 3562 καὶ
2885 3511 3219 3583 ἐνενηκοστῷ
3246 3513 3446 3585 ψαλμῷ
3470 3517 3598 3587 περὶ
3621 3517 3735 3570 τῶν

2174 3599 2343 3655 ἐθνῶν
2362 3598 2691 3664 ἐθεσπίζετσ
2709 3601 2766 3654 ἐν
2779 3600 2835 3653 δὲ
2852 3599 2927 3672 τῷ
2947 3602 3085 3673 μετὰ
3099 3607 3284 3675 χεῖρας
3305 3607 3333 3658 ὁ
3347 3605 3499 3675 λόγος
3510 3606 3580 3660 τὰ
3594 3608 3735 3663 αὐτὰ

2164 3689 2243 3761 τῷ
2254 3691 2441 3763 Κυρίῳ
2457 3694 2779 3764 προφέρειν
2796 3697 2907 3758 τοῖς
2926 3696 3060 3759 υἱοῖς
3081 3695 3188 3749 τῶν
3206 3698 3373 3769 κριῶν
3390 3698 3618 3753 κελεύει·
3640 3698 3733 3765 οὓς

2166 3779 2371 3851 νομίζω
2410 3781 2573 3852 μηδὲν
2608 3781 2883 3855 διαφέρειν
2910 3784 3018 3840 τῶν
3061 3786 3302 3858 πατριῶν
3320 3788 3429 3842 τῶν
3473 3788 3660 3854 ἐθνῶν,
3696 3790 3732 3862 ἢ

2164 3871 2273 3925 τῶν
2295 3871 2620 3940 συγγενειῶν
2647 3870 2755 3926 τῶν
2769 3873 2931 3927 λαῶν.
2951 3877 3024 3930 Οὐ
3045 3876 3153 3947 γὰρ
3164 3878 3315 3930 αὐτοὶ
3329 3879 3378 3931 οἱ
3393 3881 3538 3949 κριοὶ
3564 3896 3733 3950 προσ-

2164 3963 2443 4017 τάττονται
2487 3965 2817 4037 προσφέρειν
2851 3966 2920 4019 τὰ
2952 3967 3371 4036 κεκελευσμένοι,
3398 3967 3510 4020 ἀλλ’
3539 3970 3589 4020 οἱ
3623 3970 3733 4021 υἱοὶ

2164 4056 2271 4110 τῶν
2311 4056 2496 4130 κριῶν.
2526 4060 2636 4112 Καὶ
2684 4059 2858 4112 ταῦτά
2895 4060 2971 4131 (2)
3006 4076 3147 4128 φημι
3180 4058 3316 4110 κατὰ
3337 4058 3435 4127 τὴν
3467 4059 3730 4128 Ἐϐραίων

2165 4148 2488 4220 ἀνάμνησιν,
2547 4150 2667 4204 καθ’
2699 4152 2767 4221 ἠν
2800 4153 2900 4204 οὐκ
2942 4150 3232 4219 ἐκφέρεται
3281 4148 3368 4200 τόν
3428 4149 3733 4219 Ἐνέγκατε

2164 4238 2245 4303 τῷ
2268 4240 2478 4307 Κυρίῳ,
2502 4238 2619 4293 υἱοὶ
2649 4239 2814 4292 Θεοῦ.
2860 4237 2950 4289 Διὸ
2974 4236 3066 4289 καὶ
3103 4235 3388 4291 ὠῦέλισται
3425 4238 3575 4309 παρὰ
3620 4242 3733 4304 τοῖς

2178 4331 2594 4401 Ἑϐδομήκοντα,
2630 4330 2706 4391 ὡς
2738 4328 2812 4398 μὴ
2837 4327 3083 4397 κείμενον
3113 4327 3247 4398 μήτε
3270 4329 3328 4380 ἐν
3356 4327 3433 4400 τῷ
3465 4328 3731 4401 Ἐϐραῖκῴ

504 4417 758 4483 arietum,
795 4420 1019 4489 gloriam
1041 4429 1097 4475 et
1119 4421 1381 4477 honorem
1422 4430 1725 4492 caeteraque
1759 4423 1844 4478 his
1874 4423 2062 4492 adjun-

2171 4424 2306 4493 μήτε
2348 4420 2498 4492 παρὰ
2529 4423 2640 4484 τοῖς
2679 4420 2883 4482 λοιποῖς
2912 4420 3288 4489 ἑρμηνευταίς.
3323 4421 3386 4473 Εἰ
3414 4421 3470 4473 δὲ
3495 4421 3599 4493 χρὴ
3638 4424 3733 4477 καὶ

503 4516 613 4565 cta.
644 4508 775 4576 Quae
825 4526 958 4566 sane
997 4528 1061 4568 ex
1101 4516 1507 4584 comparatione
1548 4515 1722 4587 quinti
1748 4527 1802 4571 et
1828 4532 2064 4587 nonage-

504 4601 630 4655 simi
653 4602 868 4671 psalmi,
902 4603 969 4658 de
1026 4605 1383 4661 conversione
1432 4608 1673 4678 gentium
1713 4607 2064 4677 praenuntiari

503 4689 753 4747 dixerim.

2170 4517 2249 4575 εἰς
2278 4513 2374 4584 τὴν
2401 4513 2509 4565 τῶν
2566 4511 2965 4582 Ἐϐδομήκοντα
3012 4512 3281 4584 θεωρῆσαι
3323 4512 3550 4581 ἔκδοσιν,
3590 4516 3732 4586 φημὶ

2168 4605 2259 4658 τὸν
2286 4605 2440 4669 λόγον
2469 4604 2825 4678 προστάττειν
2859 4606 2969 4669 τοῖς
2995 4607 3131 4669 υἱοῖς
3162 4604 3257 4658 τοῦ
3297 4605 3482 4676 φέρειν
3510 4606 3587 4676 τῷ
3618 4608 3730 4659 Κυ-

2171 4696 2271 4767 ρίῳ
2288 4698 2348 4750 οὐ
2365 4699 2570 4770 κριοὺς,
2590 4697 2723 4751 ἀλλὰ
2746 4699 2894 4763 υἱοὺς
2925 4697 3091 4769 κριῶν
3111 4713 3125 4727 ·
3154 4698 3247 4751 καὶ
3273 4697 3428 4764 δόξαν
3456 4699 3550 4752 καὶ
3569 4699 3732 4768 τιμὴν

507 4785 600 4836 καὶ
630 4785 699 4839 τὰ
730 4787 858 4858 ἑξῆς
894 4790 1255 4863 ἐπιλεγόμενα
1276 4809 1291 4823 ο
1317 4792 1353 4846 ἃ
1516 4794 1625 4848 ἀπὸ
1655 4794 1756 4866 τῆς
1793 4793 2146 4865 παραθέσεως
2175 4792 2270 4846 τοῦ
2302 4792 2551 4863 πέμπτου
2586 4793 2680 4846 καὶ
2720 4791 3066 4864 ἐνενηκοστοῦ
3102 4790 3317 4862 ψαλμοῦ
3352 4791 3479 4862 περὶ
3498 4791 3595 4861 τῆς
3625 4789 3733 4843 τῶν

506 4878 676 4933 ἐθνῶν
703 4883 1032 4958 ἐπιστροφῆς
1062 4887 1271 4959 εἴποιμι
1309 4887 1374 4965 ἂν
1405 4888 1858 4961 προφητεύεσθαι.

573 4970 758 5043 Neque
785 4988 815 5026 a
847 4989 1013 5047 secpo
1043 4977 1411 5046 deﬂectemus,
1447 4981 1495 5036 si
1529 4980 2065 5051 pronuntiaverimus

502 5063 594 5119 hic
628 5081 723 5135 per
747 5065 916 5123 Filios
945 5067 1060 5133 Dei,
1092 5068 1390 5127 Salvatoris
1416 5072 1591 5128 nostri
1620 5072 1915 5140 discipulos
1937 5085 2067 5140 apo-

503 5158 783 5228 stolosque
820 5159 1161 5231 signiﬁcari,
1195 5177 1225 5215 a
1254 5163 1454 5232 quibus
1515 5162 1685 5233 liquet
1716 5162 1917 5217 factam
1944 5175 2066 5216 esse

570 5368 614 5398 ⁶⁰
651 5365 807 5421 Joan.
842 5382 877 5420 Χ
904 5409 921 5434 ,
950 5367 1037 5422 11.
1112 5367 1156 5398 ⁰¹
1185 5366 1343 5423 Joan.
1374 5382 1426 5432 κ,
1450 5366 1540 5423 27.
1617 5367 1662 5399 θ’
1692 5365 1881 5421 Matth.
1908 5378 2057 5419 xxvii

2163 5364 2227 5421 ιθ.
2255 5364 2300 5397 ³³
2328 5363 2473 5422 Psal.
2526 5380 2643 5430 xcv,

574 5583 647 5654 (1)
668 5582 815 5649 llaec,
836 5583 1037 5650 ἐξοδὶου
1055 5585 1279 5655 σκηνῆς,
1307 5601 1415 5639 non
1443 5585 1694 5654 leguntur
1725 5584 1778 5638 in
1801 5585 2058 5641 Ilebraico

508 5655 819 5722 eseniplari.
841 5670 1036 5723 neque,
1069 5654 1411 5710 Theodorcto
1455 5665 1612 5719 teste,
1641 5656 1695 5710 in
1728 5655 1965 5724 llos-apio
1990 5657 2058 5711 le-

513 5726 787 5780 uhuntur.
811 5724 867 5779 lu
895 5724 1188 5781 Cbaldaico
1224 5735 1372 5780 textu
1404 5738 1579 5783 tamen
1614 5727 1825 5787 legitur.
1849 5728 1948 5780 Alii
1985 5728 2058 5783 le-

2242 4980 2355 5033 Οὐκ
2401 4979 2467 5033 ἂν
2492 4979 2550 5032 δὲ
2578 4981 2914 5051 ἁμάρτοιμεν
2965 4978 3089 5041 τοὺς
3140 4975 3367 5029 ἐνταῦθα
3405 4974 3552 5038 υἱοὺς
3597 4972 3734 5026 Θεοῦ

2171 5068 2493 5139 λεγομένους
2538 5071 2663 5133 τοὺς
2706 5069 2799 5124 τοῦ
2858 5068 3110 5138 Σωτῆρος
3151 5065 3305 5137 ἡμῶν
3364 5064 3604 5136 μαθητὰς
3641 5063 3734 5115 καὶ

2172 5160 2495 5225 ἀποστόλους
2547 5162 2641 5215 καὶ
2693 5160 3084 5231 εὐαγγελιστὰς
3120 5155 3257 5214 εἶναι
3302 5155 3732 5229 ἀποφηνάμενοι,

2753 5363 2869 5418 1-4.

2166 5597 2318 5658 gunt,
2337 5586 2528 5658 citima
2562 5586 2785 5657 σκηνῆς,
2816 5586 2960 5654 quod
2985 5583 3219 5658 idipsum
3238 5580 3537 5658 signiﬁcat.

2168 5647 2195 5781 ἶ
2234 5647 2315 5738 (“2.)
2337 5647 2457 5712 llaec
2487 5647 3103 5738 pluribusvexplanandh
3146 5656 3203 5710 iu
3237 5647 3599 5723 llexaplorum
3622 5647 3744 5704 col-

2188 5736 2417 5783 calone.
