4100 6416
401 361 512 416 253

1529 358 2029 416 ΟΟΜΜΕΝΤΔΙΠΛ
2069 359 2135 415 ΙΝ
2172 361 2505 418 PSALMOS.

3523 370 3641 427 254

401 481 469 534 δι⁸
497 471 572 533 ὧν
604 481 638 550 ή
671 478 859 550 κλῆσις
906 478 1012 531 τῶν
1046 477 1213 533 ἐθνῶν
1243 478 1485 547 φαίνεται
1516 478 1915 551 κατωρθωμένη
1939 496 1952 507 ·

2060 477 2296 548 gentium
2337 485 2694 533 Vocattonem.
2748 473 2857 532 Eos
2895 476 3104 533 scilicet
3137 477 3227 533 hic
3280 452 3643 551 psalmus‘ju-

400 569 480 635 οἷς
507 572 534 623 ό
561 569 697 641 μετὰ
720 572 905 641 χεῖρας
932 569 1088 638 λόγος
1108 569 1433 641 προστάττει
1463 568 1647 640 φέρειν
1673 568 1750 641 τῷ
1776 570 1962 642 Κυρίῳ

402 665 615 737 πρῶτον
657 664 755 735 μὲν
788 664 1040 719 ἁπάντων
1082 665 1229 727 υἱοὺς
1262 663 1455 735 κριῶν,
1489 662 1604 716 ἀλλ’
1635 662 1697 715 ού
1743 662 1959 733 κριούςο

403 756 693 827 ἐπειδήπερ
719 755 852 825 πρὸς
879 756 977 827 τὴν
1017 754 1075 821 eg
1104 753 1271 809 έθνῶν
1307 753 1632 826 Ἐκκλησίαν
1672 752 1887 821 ἐλέγετο
1904 754 1962 806 ὲν

400 848 478 920 τῷ
507 846 917 920 τεσσαρακοστῷ
939 846 1182 919 τετάρτῳ
1208 845 1406 917 ψαλμῷ
1424 862 1438 876 ·
1483 844 1631 900 Ἆντὶ
1650 843 1769 897 τῶν
1786 843 1962 897 πατέ-

391 958 516 1008 ρων
542 956 656 993 σου
695 938 1070 1009 ἐγενήθησαν
1103 940 1224 993 υἱοί
1264 954 1401 993 σου.
1450 938 1571 991 Τῶν
1607 936 1664 990 δὲ
1710 935 1962 1007 πατέρων

399 1034 565 1106 λήθην
581 1033 905 1106 ποιήσασθαι
924 1032 1358 1105 παρεκελεύσατο
1371 1031 1507 1102 αὐτῇ
1527 1031 1555 1082 ὁ
1577 1030 1732 1098 λόγος
1751 1026 1920 1082 εἰπών
1943 1042 1959 1060 ’

400 1131 711 1194 Ἄκουσον,
767 1128 1034 1196 θύγατερ,
1096 1125 1195 1179 καὶ
1225 1124 1334 1190 ἴδε,
1362 1123 1461 1178 καὶ
1502 1121 1714 1177 κλῖνον
1760 1120 1827 1175 τὸ
1853 1117 1960 1187 οὖς

398 1239 532 1286 σου,
557 1221 655 1275 καὶ
701 1220 989 1275 ἐπιλάθου
1030 1219 1135 1273 τοῦ
1159 1217 1311 1273 λαοῦ
1348 1234 1486 1282 σου,
1523 1214 1621 1270 καὶ
1651 1214 1757 1269 τοῦ
1789 1215 1960 1268 οἵκου

398 1315 503 1369 τοῦ
528 1316 754 1382 πατρός
771 1328 886 1367 σου
906 1330 918 1342 ο
952 1310 1052 1367 καὶ
1072 1308 1427 1380 ἐπιθυμήσει
1461 1311 1494 1362 ό
1516 1305 1817 1373 βασιλεὺς
1852 1304 1960 1359 τοῦ

397 1406 665 1472 κάλλους
715 1419 859 1458 σου·
890 1403 978 1457 ὅτι
1008 1402 1186 1468 αὐτός
1212 1402 1343 1455 ἐστι
1369 1400 1582 1469 Κύριός
1610 1415 1745 1453 σου.
1776 1394 1960 1450 Ταῦτα

395 1496 505 1568 γὰρ
533 1494 655 1549 οὐδὲ
689 1495 823 1566 πρὸς
856 1492 1021 1564 ἀλλην
1063 1490 1098 1562 ἢ
1124 1491 1260 1562 πρὸς
1286 1489 1454 1562 μόνην
1484 1487 1581 1558 τὴν
1634 1483 1958 1557 Ἐκκλησίαν

394 1589 489 1643 τοῦ
537 1586 775 1659 Χριστοῦ
817 1588 1063 1657 ἐλέγετο·
1100 1582 1489 1654 παραινοῦντος
1517 1580 1652 1651 αὐτῇ
1690 1576 1785 1632 τοῦ
1814 1577 1958 1631 θείου

393 1679 707 1752 Πνεύματος
746 1679 913 1751 λήθην
968 1676 1294 1749 ποιήσασθαι
1336 1673 1430 1728 τοῦ
1480 1673 1745 1746 προτέρου
1788 1670 1959 1740 αὐτῆς

389 1771 517 1825 λαοῦ
544 1812 559 1835 ,
631 1771 724 1825 καὶ
788 1769 884 1823 τοῦ
916 1768 1066 1824 οἴκου
1102 1767 1196 1821 τοῦ
1262 1763 1470 1838 πατρὸς
1520 1765 1692 1835 αὐτῆς
1726 1763 1813 1817 διὰ
1861 1762 1959 1834 τὴν

2064 569 2153 625 bet
2179 570 2393 635 aﬂ‘erre,
2425 570 2604 640 primo
2628 567 2846 638 quidem
2878 576 2933 625 et
2954 577 3081 625 ante
3101 570 3284 625 omnia
3328 571 3470 628 ﬁlios
3491 573 3639 627 arie-

2065 671 2202 724 tum,
2231 675 2342 715 non
2402 663 2625 725 arietes,
2656 659 2917 730 quoniam
2971 661 3028 715 in
3063 661 3275 732 psalmo
3332 664 3639 732 quadrage-

2060 752 2204 807 simo
2236 761 2433 822 quarto
2466 750 2725 807 Ecclesiae
2751 767 2818 808 ex
2873 752 3129 822 gentibus
3166 761 3371 808 coacta:
3396 754 3636 809 dicitur:

2062 838 2172 893 Pro
2186 840 2425 908 patribus
2443 840 2546 893 tuis
2560 841 2673 893 nati
2703 849 2826 895 sunt
2854 839 2951 894 tibi
2983 840 3165 910 ﬁlii“.
3186 840 3483 914 Eidemque
3503 859 3640 914 prae-

2061 929 2264 1000 cipitur
2298 936 2358 983 ut
2390 937 2606 1000 patrum
2632 945 2858 986 suorum
2884 931 3247 987 obliviscatur
3276 931 3363 988 his
3404 934 3589 989 verbis
3623 953 3638 989 :

2060 1019 2222 1086 Audi,
2250 1020 2390 1090 ﬁlia,
2419 1031 2469 1075 et
2498 1021 2634 1088 vide,
2669 1029 2721 1076 et
2760 1021 2963 1076 inclina
2995 1038 3179 1077 aurem
3239 1032 3407 1091 tuam,
3430 1034 3481 1079 et
3505 1024 3640 1081 obli-

2060 1112 2252 1167 viscere
2281 1114 2534 1183 populum
2563 1122 2733 1179 tuum,
2756 1121 2807 1168 et
2827 1113 3040 1168 domum
3069 1115 3237 1182 patris
3271 1117 3390 1170 tui:
3426 1121 3476 1166 et
3518 1132 3641 1171 cott-

2059 1205 2287 1273 cupiscet
2315 1205 2427 1261 Rea:
2471 1204 2711 1261 decorem
2759 1216 2927 1271 tuum,
2979 1208 3105 1278 quia
3132 1208 3243 1277 ipse
3273 1219 3352 1263 est
3379 1207 3640 1265 Dominus

2062 1303 2180 1351 tuus
2208 1297 2277 1353 ⁸⁸.
2310 1295 2436 1353 Haec
2489 1298 2632 1352 enim
2676 1312 2782 1353 non
2813 1298 2906 1353 alii
2933 1313 3096 1369 quam
3144 1296 3350 1355 Christi
3383 1299 3640 1356 Ecclesia:

2058 1389 2205 1444 dicta
2235 1398 2384 1455 sunt,
2412 1391 2735 1446 cobortante
2761 1391 2909 1445 illam
2936 1389 3145 1463 Spiritu
3181 1392 3390 1459 divino,
3415 1402 3475 1448 ut
3498 1394 3640 1450 obli-

2058 1481 2303 1538 viscatur
2333 1483 2573 1552 priorem
2604 1484 2864 1554 populum
2891 1499 3052 1539 suum
3100 1494 3155 1538 et
3194 1483 3415 1540 domum
3465 1486 3639 1557 patris

2060 1572 2146 1629 sui
2174 1590 2188 1639 ;
2230 1573 2489 1627 nimirum
2515 1573 2583 1629 ob
2609 1574 2993 1645 multiplicium
3022 1574 3253 1631 deorum
3285 1591 3553 1645 errorem,
3573 1592 3639 1633 ac

2059 1670 2276 1734 patrum
2308 1677 2532 1718 suorum
2568 1664 3031 1734 superstitionem.
3085 1664 3294 1722 Deinde
3323 1668 3454 1739 quia
3482 1667 3633 1724 illam

2060 1763 2243 1825 patres
2270 1753 2521 1810 oblivisci
2553 1755 2961 1824 suosjusserat,
2992 1757 3309 1814 necessario
3350 1758 3516 1816 infert
3547 1760 3636 1818 bis

393 1865 647 1919 πολύθεον
671 1863 896 1934 πλάνην,
933 1862 1028 1916 καὶ
1058 1861 1156 1933 τὴν
1185 1858 1294 1913 τῶν
1338 1828 1585 1929 πατέρων
1602 1828 1771 1926 αύτῆς
1792 1828 1956 1908 δεισι-

2061 1848 2285 1904 verbis:
2323 1846 2433 1900 Pro
2476 1847 2720 1918 patribus
2772 1849 2875 1903 tuis
2910 1851 3026 1903 nati
3049 1858 3171 1903 sunt
3224 1850 3320 1903 tibi
3370 1852 3490 1921 ﬁlii.
3525 1850 3638 1909 Hos

393 1953 693 2024 δαιμονίαν.
758 1949 871 2007 Εἶτ’
902 1950 1089 2023 ἐπειδὴ
1123 1950 1231 2004 τῶν
1289 1949 1540 2021 πατέρων
1600 1944 1956 2001 ἐπιλαθέσθαι

392 2047 529 2117 αὐτῇ
590 2043 1026 2116 παρεκελεύσατο
1048 2083 1062 2109 ,
1122 2040 1433 2111 ἀναγκαίως
1494 2039 1687 2108 ἐπάγει
1746 2036 1919 2106 λέγων
1938 2053 1953 2068 ο

405 2138 551 2191 Ἀντί
579 2134 696 2191 τῶν
753 2133 1020 2205 πατέρων
1047 2150 1162 2189 σου
1184 2131 1558 2203 ἐγενήθησαν
1583 2131 1636 2182 ol
1667 2127 1786 2182 υἱοί
1821 2140 1956 2179 σου.

391 2230 625 2295 Τούτους
675 2231 823 2294 υἱοὺς
858 2228 1028 2301 κριῶν
1074 2226 1165 2280 διὰ
1200 2226 1261 2279 τὸ
1294 2224 1484 2292 ἄλογον
1513 2218 1793 2274 ἀποκαλεῖ.
1844 2211 1959 2268 Εἶτ’

390 2322 657 2392 ἐπιλέγει·
703 2321 1014 2391 Ἐνέγκατε
1058 2316 1137 2384 τῷ
1166 2316 1361 2384 Κυρίῳ
1393 2312 1582 2378 δόξαν
1611 2309 1709 2364 καὶ
1747 2305 1957 2377 τιμήν·

387 2411 417 2465 ὃ
445 2412 508 2483 δὴ
557 2413 769 2482 νοήσεις
808 2410 916 2465 ἀπὸ
961 2408 1061 2480 τῆς
1103 2406 1197 2462 τοῦ
1219 2407 1467 2478 Σωτῆρος
1490 2402 1645 2476 ἡμῶν
1679 2400 1814 2473 πρὸς
1836 2398 1962 2461 τοὺς

2062 1937 2201 1995 ﬁlios
2226 1938 2456 1993 arietum
2483 1947 2642 1994 vocat
2681 1940 2753 1996 ob
2808 1940 3040 1996 rationis
3104 1940 3398 1996 defectum.
3442 1944 3639 2001 Postea

2061 2027 2397 2097 subjungit;
2446 2027 2647 2097 Alferte
2708 2021 2937 2085 Domino
2984 2034 3211 2106 gloriam
3267 2044 3317 2091 et
3370 2037 3636 2091 honorem.

2058 2116 2231 2188 Cujus
2258 2119 2584 2173 sententiam
2614 2136 2678 2175 ex
2702 2121 2808 2177 hoc
2841 2121 3142 2183 Salvatoris
3172 2129 3350 2184 nostri
3372 2129 3439 2184 ad
3472 2128 3640 2183 disci--

2061 2210 2218 2280 pulos
2245 2211 2453 2264 monito
2477 2210 2751 2281 intelligas
2776 2232 2788 2267 :
2820 2211 3053 2271 Luceant
3081 2235 3240 2289 opera
3262 2230 3434 2274 vestra
3458 2236 3639 2274 coram

2059 2300 2377 2368 hominibus,
2406 2312 2463 2355 ut
2487 2300 2715 2357 videntes
2750 2305 2887 2360 bona
2914 2324 3072 2378 opera
3117 2320 3306 2378 vestra,
3342 2312 3638 2385 gloriﬁcent

2063 2391 2281 2448 Patrem
2302 2402 2528 2448 vestrum
2554 2395 2646 2465 qui
2663 2396 2717 2450 in
2742 2397 2887 2454 caelis
2916 2409 2993 2455 est
3026 2402 3091 2455 “.

391 2482 637 2577 μαθητὰς
656 2500 1126 2573 παρακελεύσεως,
1160 2497 1228 2552 δι’
1256 2492 1324 2570 ἦς
1352 2496 1608 2566 παραινεῖ
1648 2492 1822 2561 λέγων
1856 2482 2405 2577 αὐτοῖςίΔαμψάτω
2434 2486 2507 2541 τίι
2567 2488 2713 2560 ἔργα
2742 2489 2909 2559 ὑμῶν
2968 2491 3312 2562 ἔμπροσθεν
3366 2493 3486 2549 τῶν
3535 2494 3640 2550 ἀν.

388 2573 652 2663 apol-rm»,
681 2593 862 2659 ὅπως,
894 2590 1232 2657 βλέποντες
1256 2590 1331 2643 τὰ
1354 2587 1510 2643 καλὰ
1549 2585 1717 2657 ὑμῶν
1745 2585 1909 2654 ἔργα,
1948 2573 2257 2644 δοξάσωσι
2310 2577 2416 2633 τὸν
2443 2579 2676 2648 Πατέρα
2701 2579 2871 2650 ὑμῶν
2907 2580 3017 2635 τὸν
3068 2583 3140 2638 ἐν
3170 2583 3305 2651 τοῖς
3339 2584 3635 2653 οὐρανοῖς.

458 2687 570 2740 Καὶ
611 2685 790 2757 τρίτον
837 2683 918 2737 ἔτι
967 2684 1105 2757 πρὸς
1143 2684 1372 2747 τούτοις,
1406 2679 1590 2751 φέρειν
1643 2675 1720 2749 τῷ
1765 2674 1958 2747 Κυρίῳ

2136 2672 2218 2727 Ad
2253 2673 2369 2727 haec
2399 2671 2584 2737 tertio,
2628 2687 2869 2739 praesens
2928 2675 3194 2744 psalmus,
3251 2680 3343 2732 cui
3372 2684 3641 2734 consonat

390 2774 713 2847 προστάττει
767 2773 1071 2845 συμφώνως
1107 2777 1135 2827 ὁ
1178 2773 1313 2844 μετά
1343 2775 1529 2843 χεῖρας
1548 2768 1780 2841 ψαλμὺς,
1811 2767 1904 2820 καὶ
1928 2767 1957 2818 ό

2060 2771 2448 2844 nonagesimus
2471 2769 2717 2840 quintus,
2752 2770 3000 2840 praecipit
3025 2770 3219 2827 atl‘erre
3251 2771 3486 2828 Domino
3517 2772 3637 2844 glo-

390 2862 738 2934 ὲνενηκοστὸς
787 2863 1053 2933 πέμπτος,
1100 2860 1253 2924 δόξαν
1299 2858 1524 2929 ὀνόματι
1563 2854 1747 2908 αὑτοῦ.
1800 2851 1957 2922 Αύτῷ

2060 2868 2197 2922 riam
2240 2864 2448 2921 nomini
2503 2863 2644 2934 ejus.
2698 2861 2806 2933 Ipsi
2874 2878 3130 2934 namque,
3188 2879 3286 2935 per
3333 2863 3639 2920 doctrinam

395 2954 492 3025 μὲν
520 2952 629 3028 γὰρ
689 2951 1072 3025 προσφέρομεν
1094 2949 1251 3014 δόξαν
1278 2949 1364 3002 διὰ
1401 2945 1682 3017 δογμάτων
1713 2941 1957 3016 ἐρρωμέ-

2060 2974 2275 3024 sanam,
2313 2956 2541 3028 gloriam
2601 2953 2917 3022 alferimus;
2956 2954 3053 3009 sed
3109 2961 3166 3010 et
3207 2954 3470 3011 honorem
3531 2953 3639 3025 ipsi

391 3024 704 3100 νων”ἀλλά
746 3045 840 3097 καὶ
888 3044 1053 3114 τιμὴν
1090 3041 1238 3114 αύτῷ
1286 3037 1683 3113 προσφέρομεν,
1729 3034 1957 3106 πειθαρ-

2060 3024 2362 3113 atl‘erimus,
2392 3046 2439 3103 si
2462 3045 2592 3100 huic
2617 3043 2737 3115 ejus
2759 3051 3034 3114 praecepto
3050 3058 3340 3114 pareamus
3370 3062 3385 3100 :
3421 3024 3639 3100 Honora

393 3137 610 3210 χοῦντες
668 3136 1047 3208 προστάγματι
1083 3134 1296 3205 λέγοντι
1321 3151 1334 3163 ·
1389 3132 1533 3203 Τίμα
1582 3129 1688 3184 τὸν
1740 3127 1957 3195 Κύριον

2060 3140 2347 3197 Dominum
2376 3139 2440 3195 de
2475 3139 2581 3192 tuis
2606 3136 2770 3206 iustis
2808 3135 3102 3201 laboribus,
3148 3145 3196 3192 et
3220 3136 3487 3207 primitias
3509 3137 3639 3208 oﬁ'er

1983 3092 2025 3151 C

391 3231 509 3286 ἀπὸ
551 3227 678 3283 σῶν
720 3228 965 3282 δικαίων
990 3229 1210 3291 πόνων,
1239 3224 1337 3278 καὶ
1354 3223 1627 3294 ἀπάρχου
1653 3220 1811 3287 αὐτῷ
1837 3218 1956 3274 ἀπὸ

388 3322 517 3377 σῶν
551 3321 798 3391 καρπῶν
827 3320 1234 3387 δικαιοσύνης.
1284 3316 1374 3389 Τῷ
1422 3316 1481 3370 δὲ
1530 3315 1752 3386 ὀνόματι
1791 3308 1955 3366 αὑτοῦ

387 3411 544 3479 δόξαν
581 3411 975 3483 περιάπτομεν,
1037 3408 1253 3462 ἐπειδὰν
1283 3406 1474 3479 λάμπῃ
1525 3403 1680 3477 ἡμῶν
1710 3402 1778 3456 τὰ
1820 3401 1957 3473 ἔργα

388 3505 693 3578 ἔμπροσθεν
755 3505 864 3559 τῶν
915 3503 1250 3576 ἀνθρώπων·
1287 3501 1424 3555 ὥστε
1477 3499 1719 3572 ὁρῶντας
1760 3496 1957 3560 αὐτοὺς

386 3590 626 3658 δοξάζειν
679 3593 770 3647 τὸν
818 3592 1039 3663 Πατέρα
1092 3590 1249 3662 ήμῶν
1301 3591 1391 3644 τὸν
1429 3593 1488 3644 ἐν
1532 3591 1646 3654 τοῖς
1687 3589 1954 3659 οὐρανοῖς.

390 3684 579 3748 Ὅπως
592 3684 651 3737 δὲ
668 3684 818 3756 παρά
843 3685 957 3748 τοῖς
984 3683 1161 3737 ἔθνεσι
1186 3682 1247 3736 τὸ
1266 3681 1435 3753 ὄνομα
1462 3680 1626 3735 αὐτοῦ
1653 3678 1955 3745 δοξάζεται,

387 3775 482 3829 καὶ
508 3776 537 3828 ὁ
586 3774 675 3829 διὰ
716 3774 811 3828 τοῦ
846 3776 1121 3847 προφήτου
1169 3773 1465 3845 παρίστησι
1528 3772 1684 3840 λόγος
1730 3771 1865 3842 πρὸς
1895 3770 1957 3823 τὸ

399 3862 666 3916 Ἰουδαίων
728 3862 880 3926 ἔθνος
950 3862 1364 3932 ἀποτεινόμενος
1415 3862 1510 3915 καὶ
1583 3860 1788 3930 λέγων’
1836 3861 1957 3914 Οὐκ

388 3951 521 4006 ἔστι
559 3971 680 4022 μου
720 3953 948 4022 θέλημα
1000 3954 1069 4007 ἐν
1113 3953 1275 4023 ὑμῖν,
1315 3952 1478 4023 ,λέγει
1544 3953 1759 4021 Κύριος
1804 3965 1957 4006 παν-

387 4043 701 4114 τοκράτωρ,
748 4046 846 4099 καὶ
904 4045 1125 4101 θυσίαν
1164 4047 1236 4100 οὑ
1278 4043 1681 4114 προσδέξομαι
1729 4044 1798 4097 ἐκ
1839 4043 1960 4098 τῶν

388 4137 600 4206 χειρῶν
639 4137 836 4207 ὑμῶν’
873 4138 1020 4191 διότι
1076 4137 1193 4193 ἀπὸ
1245 4136 1554 4193 ἀνατολῶν
1585 4138 1764 4206 ἡλίου
1781 4137 1960 4208 μέχρι

386 4225 636 4296 δυσμῶν
653 4228 1012 4295 δεδόξασται
1036 4228 1103 4283 τὸ
1125 4226 1314 4298 ὄνομὰ
1326 4246 1445 4299 μου
1475 4229 1546 4282 ἐν
1570 4228 1694 4294 τοῖς
1717 4228 1922 4283 ἔθνεσι
1939 4246 1953 4260 ’

388 4322 488 4375 καὶ
508 4322 578 4375 ἐν
591 4323 767 4376 παντὶ
791 4324 951 4390 τόπῳ
994 4323 1259 4393 θυμίαμα
1299 4320 1698 4391 προσφέρεται
1720 4320 1799 4387 τῷ
1824 4321 1950 4374 ὀνό-

2058 3236 2158 3305 ipsi
2186 3232 2249 3288 de
2282 3233 2385 3287 tuis
2405 3229 2638 3302 justitia:
2657 3227 2917 3299 fructibus
2942 3228 3017 3283 ⁸⁷.
3069 3226 3289 3283 Nomini
3315 3237 3497 3284 autem
3517 3229 3640 3299 ejus

2058 3324 2287 3397 gloriam
2311 3322 2689 3384 conciliamus,
2705 3319 2750 3375 si
2768 3319 2989 3391 quando
3018 3319 3237 3375 luceant
3256 3335 3423 3391 opera
3449 3327 3639 3377 nostra

2057 3431 2243 3473 coram
2276 3414 2589 3471 hominibus
2611 3456 2624 3481 ,
2657 3413 2734 3467 ita
2788 3421 2851 3467 ut
2900 3410 3149 3466 videntes
3182 3411 3285 3481 ipsi
3335 3410 3642 3482 gloriﬁcent

2058 3506 2274 3561 Patrem
2305 3511 2557 3561 nostrum
2577 3505 2670 3574 qui
2695 3504 2750 3558 in
2780 3502 2936 3558 cwlis
2970 3488 3074 3556 est.
3107 3500 3229 3568 Quo
3262 3512 3423 3572 pacto
3458 3511 3640 3557 autem

2058 3598 2221 3653 etiam
2254 3597 2398 3668 apud
2451 3605 2643 3667 gentes
2671 3594 2881 3650 nomini
2944 3592 3065 3663 ejus
3117 3593 3294 3663 gloria
3342 3590 3636 3658 referatur,

2059 3688 2149 3742 hic
2177 3687 2452 3758 propheta:
2483 3702 2661 3743 sermo
2696 3687 2955 3751 declarat,
2990 3685 3084 3756 qui
3111 3682 3394 3740 Iudaicam
3423 3694 3638 3757 gentem

2058 3779 2303 3849 respicit,
2341 3786 2393 3833 et
2429 3780 2509 3833 sic
2540 3778 2703 3833 habet
2735 3793 2750 3830 :
2783 3776 2909 3849 Non
2941 3786 3021 3832 est
3041 3776 3283 3832 voluntas
3318 3792 3435 3830 mea
3462 3776 3518 3829 in
3546 3791 3638 3830 vo-

2060 3866 2161 3931 bis,
2195 3867 2324 3921 dicit
2391 3867 2643 3921 Dominus
2692 3868 3045 3935 omnipotens,
3091 3875 3140 3922 et
3172 3867 3500 3938 sacriﬁcium
3534 3881 3640 3921 non

2061 3960 2312 4028 accipiam
2337 3957 2401 4012 de
2419 3958 2661 4012 manibus
2690 3961 2907 4022 vestris;
2928 3958 2993 4012 ab
3021 3966 3139 4013 ortu
3158 3958 3296 4013 en'im
3326 3958 3456 4013 solis
3477 3974 3641 4030 usque

2061 4051 2130 4104 ad
2164 4067 2409 4104 occasum
2444 4050 2807 4122 glori/iculum
2832 4058 2911 4104 est
2960 4065 3148 4102 nomen
3177 4064 3348 4103 meum
3384 4049 3440 4102 in
3465 4049 3639 4119 genti-

2061 4144 2186 4207 bus,
2220 4152 2269 4197 et
2301 4144 2352 4196 iu
2375 4142 2522 4196 omni
2550 4141 2665 4196 loco
2705 4141 3003 4211 thymiama
3018 4139 3236 4208 offertur
3266 4139 3470 4192 nomini
3498 4153 3634 4203 meo,
3682 4170 3687 4175 -

2059 4245 2107 4290 et
2150 4236 2471 4304 sacriﬁcium
2527 4232 2801 4287 mundum.
2843 4232 2984 4298 Quia
3024 4246 3276 4301 magnum
3330 4239 3408 4284 est
3448 4244 3638 4283 nomen

2063 4342 2231 4379 meum
2262 4325 2315 4377 in
2344 4322 2579 4395 gentibus
2607 4339 2626 4377 :
2654 4334 2703 4377 et
2734 4338 2822 4376 vos
2846 4320 3113 4392 polluistis
3147 4318 3282 4374 illud
3303 4319 3370 4374 σε.
3410 4318 3492 4373 Ad
3521 4318 3639 4373 haec

382 4413 527 4481 ματί
548 4431 667 4483 μου
695 4414 793 4467 καὶ
819 4414 999 4468 θυσία
1028 4412 1276 4484 καθαρά·
1306 4414 1454 4469 διότι
1483 4414 1640 4484 μέγα
1672 4414 1739 4468 τὸ
1774 4412 1957 4483 ὄνομα

2060 4417 2242 4473 omnia
2273 4416 2332 4483 ii,
2356 4416 2447 4485 qui
2486 4416 2579 4469 lilii
2614 4412 2710 4469 Dei
2740 4429 2864 4469 esse
2896 4413 3264 4477 declarantur,
3294 4411 3505 4467 scilicet
3541 4409 3636 4464 lilii

382 4524 502 4575 μου
521 4507 591 4559 ἐν
609 4506 732 4573 τοῖς
754 4506 996 4563 ἔθνεσιν
1015 4525 1028 4538 ·
1059 4507 1224 4577 ὑμεῖς
1253 4506 1321 4561 δὲ
1345 4506 1758 4575 βεϐηλοῦντες
1788 4506 1956 4560 αὑτό.

389 4597 533 4670 Πρὸς
563 4598 772 4662 τούτοις
819 4598 1019 4653 ἅπασιν
1051 4600 1101 4652 οἱ
1132 4598 1464 4670 δηλωθέντες
1504 4599 1612 4652 υἱοὶ
1655 4597 1748 4652 τοῦ
1800 4596 1957 4663 Θεοῦ,

2061 4509 2314 4571 arietum,
2347 4506 2608 4573 jubentur
2636 4504 2867 4558 adorare
2888 4502 3181 4558 Dominum
3203 4502 3259 4555 in
3285 4501 3408 4555 aula
3445 4506 3637 4555 sancta

2061 4602 2202 4670 ejus.
2236 4599 2312 4672 (l)
2337 4598 2456 4653 Non
2490 4598 2605 4652 vult
2636 4596 2785 4653 enim
2840 4602 2994 4651 extra
3033 4596 3236 4659 aulam,
3270 4608 3447 4664 neque
3474 4593 3528 4647 in
3550 4607 3639 4646 se-

388 4690 422 4760 ἢ
457 4690 561 4743 υἱοὶ
595 4690 702 4743 τῶν
732 4689 900 4762 κριῶν
945 4690 1255 4745 κελεύονται
1315 4695 1638 4764 προσκυνεῖν
1665 4689 1745 4761 τῷ
1771 4690 1957 4762 Κυρίῳ

2063 4706 2245 4754 cessu,
2275 4680 2369 4743 aut
2409 4694 2651 4743 semotos
2707 4685 2940 4739 adorare
2984 4684 3200 4754 ipsum;
3230 4681 3325 4737 sed
3378 4680 3639 4736 accedere

388 4782 448 4832 ὲν
480 4779 615 4850 αὐλῇ
637 4780 769 4852 ἁγίᾳ.
793 4779 978 4835 αὑτοῦ.
1009 4781 1082 4833 Ού
1105 4781 1213 4852 γὰρ
1237 4781 1343 4848 ἔξω
1363 4783 1462 4853 τῆς
1487 4781 1656 4852 αὐλῆς
1691 4780 1957 4852 βούλεται,

2060 4783 2215 4853 jubet
2235 4780 2304 4834 ad
2337 4779 2635 4835 Ecclesiam
2654 4793 2829 4833 suam.
2869 4775 3014 4830 Loco
3037 4784 3216 4829 autem
3236 4772 3404 4836 illius,
3432 4773 3487 4826 in
3510 4771 3639 4827 aula

386 4869 510 4923 οὐδὲ
535 4870 1037 4942 ἀνακεχωρημένως
1079 4870 1377 4934 ἰδιάζοντας
1421 4873 1746 4942 προσκυνεῖν
1789 4870 1957 4941 αὐτῷ,

2064 4881 2250 4929 sancta
2279 4872 2393 4942 ejus
2412 4913 2427 4936 ,
2468 4871 2685 4941 Aquila,
2715 4871 2769 4924 in
2786 4868 2969 4923 decore
2996 4866 3363 4935 sanctificata;
3388 4862 3639 4936 Symma-

387 4958 501 5014 ἀλλ’
530 4960 879 5024 ἀπαντῶντας
899 4963 978 5037 εἰς
1010 4962 1108 5033 τὴν
1151 4962 1474 5033 Ἐκκλησίαν
1505 4961 1690 5016 αὑτοῦ.
1735 4962 1879 5014 Ἀντὶ
1903 4960 1957 5014 δὲ

2069 4966 2207 5021 chus
2240 4980 2392 5028 vero,
2421 4965 2473 5017 in
2494 4961 2678 5017 decore
2729 4971 2934 5024 sancto,
2969 4957 3163 5014 edidit.
3197 4955 3323 5010 Vult
3348 4957 3493 5013 enim
3532 4971 3638 5012 nos

383 5053 501 5117 τοῦ,
553 5054 623 5106 ἐν
651 5053 809 5124 αὐλῇ
834 5055 973 5126 ἁγίᾳ
1001 5056 1208 5120 αὐτοῦ,
1245 5058 1274 5109 ὁ
1317 5057 1413 5126 μὲν
1450 5055 1697 5120 Ἀκύλας,
1723 5056 1792 5109 ἐν
1834 5054 1957 5107 δια-

2071 5073 2196 5112 cum
2242 5057 2426 5112 debito
2467 5063 2689 5120 ornatu,
2725 5069 2790 5108 ac
2821 5052 2933 5108 Deo
2983 5050 3181 5104 dilecta
3208 5047 3423 5118 justitia
3452 5046 3641 5101 adora-

385 5147 637 5214 πρεπείςι
676 5149 1033 5217 ἡγιασμένη,
1076 5147 1337 5214 ἐξέδωκεν
1356 5165 1369 5178 ·
1394 5150 1422 5200 ὁ
1442 5148 1499 5201 δὲ
1530 5147 1845 5219 Σύμμαχος,
1890 5148 1957 5201 ἐν

2069 5148 2277 5204 tionem
2311 5161 2590 5218 peragere,
2627 5143 2904 5201 sanctitati
2931 5153 3159 5212 prorsus
3206 5137 3418 5194 deditos
3448 5150 3514 5190 ac
3541 5135 3639 5191 de-

384 5240 733 5309 διαπρεπείᾳ
756 5240 914 5311 ἁγίᾳ.
955 5240 1336 5313 Βούλεταιγάρ
1377 5243 1522 5313 ἡμᾶς
1553 5244 1581 5295 ὁ
1630 5241 1784 5309 λόγος
1820 5239 1958 5311 μετά
2063 5241 2200 5297 cori.

384 5338 480 5393 τοῦ
516 5339 814 5411 πρέποντος
852 5339 1076 5409 κόσμου,
1110 5340 1204 5394 καὶ
1242 5339 1342 5409 τῆς
1360 5337 1437 5409 τῷ
1459 5337 1579 5408 Θεῷ
1621 5334 1950 5408 προσφιλοῦς
2021 5336 2366 5408 δικαιοσύνης
2427 5334 2526 5406 τὴν
2579 5330 2950 5405 προσκύνησιν
3014 5325 3305 5391 ποιεῖσθαι,
3347 5324 3501 5387 ὅλους
3539 5321 3638 5378 αὑ-

384 5431 515 5494 τοὺς
544 5432 602 5484 ὲν
627 5432 885 5505 ἁγιασμῷ
907 5431 1230 5502 γενομένους
1257 5431 1353 5485 καὶ
1377 5433 1434 5485 ὲν
1461 5428 1783 5502 εὐπρεπείᾳ.

493 5647 538 5678 ⁸³
593 5647 739 5704 Psal.
791 5662 935 5711 κων,
979 5645 1065 5701 17.
1140 5643 1186 5675 ⁸⁸
1224 5642 1356 5698 ibid.
1386 5641 1470 5696 11.
1546 5641 1593 5672 ⁸⁸
1622 5637 1811 5694 Matth.
1836 5654 1889 5704 v,
1942 5636 1957 5691 l

2106 5638 2150 5669 ⁸⁷
2190 5635 2354 5691 Prov.
2392 5649 2478 5701 Ill,
2503 5633 2557 5690 9.
2634 5631 2679 5663 ⁶⁸
2715 5626 2945 5685 Malacb.
2974 5641 3013 5696 ι,
3044 5623 3253 5682 10-12.

459 5828 533 5901 (i)
558 5826 793 5901 ldipsum
817 5829 925 5887 fere
954 5827 1186 5886 Basilius
1222 5826 1374 5885 dixit,
1403 5840 1504 5895 qua
1532 5822 1596 5880 de
1644 5836 1701 5878 re
1733 5821 1785 5876 in
1812 5816 2127 5891 praefatione
2154 5815 2368 5873 vidcsis.
