4100 6382
518 273 628 329 255

1254 271 1527 330 EUSEBII
1565 272 2045 331 CESARIENSIS
2079 274 2230 332 OPP.
2265 276 2446 331 PARS
2485 277 2574 334 ΙΙΙ.
2611 309 2683 319 -
2720 276 3122 336 EXEGETICA.

3644 283 3754 341 256

581 380 749 437 Vsus.
789 382 842 437 5.
889 381 1004 436 Vox
1042 381 1256 437 Domini
1299 401 1455 454 super
1503 402 1702 454 aquas,
1744 386 1886 443 Deus
1919 390 2057 459 maje

2159 448 2160 453 η
2255 390 2427 460 Φωνὴ
2457 391 2676 460 Κυρίου
2705 391 2805 445 ἐπὶ
2840 391 2959 447 τῶν
2996 392 3247 458 ὑδάτων,
3278 399 3313 449 ό
3344 397 3489 462 Θεὸς
3516 394 3626 465 τῆς
3652 399 3753 453 δό-

508 474 667 529 statis
701 474 968 537 intonuit;
1009 472 1270 529 Dominus
1305 492 1459 544 super
1496 493 1660 547 aquas
1693 479 1909 534 multas.
1941 478 2081 546 Quia

508 583 636 624 cum
669 568 727 622 in
754 567 960 623 vertice
983 565 1218 622 Carmeli
1253 583 1347 623 aer
1375 583 1601 624 serenus
1630 576 1796 635 esset,
1827 570 2080 625 audiebat

506 676 698 717 vocem
738 675 1007 732 aquarum
1040 660 1355 714 multarum.
1398 660 1477 714 Ac
1515 661 1561 716 si
1599 662 1722 731 quis
1767 662 2077 718 summatim

508 753 695 809 omnia
725 752 947 824 colligat
976 768 1098 823 quae
1128 752 1184 806 in
1224 749 1408 807 Veteri
1451 750 1800 809 Testamento
1825 753 1891 809 de
1921 754 2078 825 aquis

507 846 784 910 feruntur,
820 846 869 901 is
901 858 1035 900 sane
1072 842 1277 898 videbit
1319 844 1487 899 illud:
1521 844 1751 914 Spiritus
1793 844 1891 898 Dei
1941 845 2078 915 fere-

507 939 665 993 batur
687 953 843 1006 super
873 952 1067 1007 aquam
1090 935 1135 967 ⁶⁹
1159 954 1173 1003 ;
1204 943 1259 991 et
1279 936 1411 990 illud
1437 956 1450 992 :
1479 935 1721 995 Educant
1748 954 1898 1009 aqua:
1916 939 2077 1008 repti-

505 1030 583 1085 lia
613 1030 915 1084 animarum
943 1028 1248 1091 viventium,
1270 1036 1321 1080 et
1354 1027 1594 1082 volatilia
1614 1029 1691 1094 ⁷⁰;
1721 1044 1787 1084 ea
1827 1030 1957 1084 item
1982 1028 2077 1084 de-

495 1121 801 1194 prehendet
848 1135 969 1192 quae
1016 1121 1075 1175 in
1128 1120 1334 1175 diluvio
1380 1130 1532 1191 gesta
1587 1127 1750 1183 sunt.
1799 1120 2075 1191 quomodo

496 1211 776 1277 videlicet,
811 1225 936 1265 cum
966 1210 1155 1265 omnia
1180 1210 1338 1280 aquis
1371 1209 1658 1264 submersa
1683 1216 1887 1274 essent,
1924 1209 2074 1264 solus

492 1302 608 1359 Noe
646 1318 772 1359 cum
801 1302 871 1359 iis
903 1302 995 1373 qui
1031 1301 1089 1356 in
1119 1316 1247 1356 arca
1278 1306 1438 1356 erant
1469 1301 1654 1356 salvus
1697 1300 1966 1364 evaserit,
2008 1315 2073 1355 ea

493 1394 669 1450 etiam
695 1410 817 1465 qua:
848 1394 904 1449 in
929 1392 1187 1464 Egypto,
1223 1400 1278 1447 et
1307 1392 1365 1446 in
1397 1393 1538 1446 mari
1566 1390 1772 1456 Rubro,
1795 1400 1850 1447 et
1873 1406 1992 1461 quae
2016 1390 2072 1445 in

491 1482 773 1553 Jordane,
821 1501 929 1557 qua
963 1487 1174 1541 ratione
1208 1483 1302 1539 ﬁlii
1347 1482 1514 1540 Israel
1547 1483 1696 1539 sicco
1727 1483 1863 1554 pede
1891 1491 2072 1539 trans-

497 1577 682 1634 ierint.

572 1667 743 1727 Vnns.
778 1669 831 1724 4.
883 1669 995 1724 Vox
1018 1668 1236 1722 Domini
1270 1669 1324 1722 in
1358 1668 1567 1723 uirtute.
1595 1664 1731 1722 Nam
1761 1667 1856 1738 qui
1885 1666 2068 1722 omnia

2183 483 2295 553 ξης
2359 484 2682 553 ἐϐρόντησε
2701 501 2714 515 ·
2769 487 2982 554 Κύριος
3035 486 3137 541 ἐπὶ
3194 487 3430 543 ὑδάτων
3481 489 3753 548 πολλῶν.

2183 578 2323 642 Ὅτι,
2355 576 2570 649 αἰθρίας
2619 576 2784 650 οὔσης
2850 579 2943 633 ἐπὶ
2977 580 3075 653 τὴν
3106 582 3348 654 κορυφὴν
3391 581 3484 635 τοῦ
3516 582 3752 655 Καρμή-

2178 668 2291 734 λου,
2323 670 2488 740 ἤκουε
2530 670 2712 742 φωνὴν
2773 672 2978 726 ὑδάτων
3012 672 3242 727 πολλῶν.
3274 674 3387 728 Καὶ
3422 674 3578 740 ὅλως,
3622 692 3751 729 συν-

2177 760 2398 831 αγαγών
2421 778 2504 825 τις
2532 762 2600 816 τὰ
2616 763 2673 817 ὲν
2687 764 2754 835 τῇ
2781 763 2990 836 Παλαιᾷ
3014 763 3143 838 περὶ
3173 765 3378 819 ὑδάτων
3410 766 3754 837 ἀναγεγραμ-

2181 852 2338 923 μένα,
2392 854 2486 906 καὶ
2532 853 2607 919 ὡς
2655 855 2738 919 τὸ,
2787 854 3032 925 Πνεῦμα
3070 855 3176 910 τοῦ
3226 856 3375 910 Θεοῦ
3428 857 3751 926 ἐπεφέρετο

2175 944 2373 999 ἐπάνω
2399 946 2506 1000 τοῦ
2538 945 2755 1013 ὕδατος
2770 963 2783 977 ·
2827 948 2921 1001 καὶ
2950 947 3010 1001 τό
3030 965 3044 978 ·
3064 948 3427 1019 Ἐξαγαγέτω
3460 949 3532 1003 τὰ
3559 949 3750 1003 ὕδατα

2175 1035 2390 1104 ἑρπετὰ
2420 1036 2637 1107 ψυχῶν
2679 1036 2878 1099 ζωσῶν
2906 1038 3004 1092 καὶ
3038 1039 3276 1094 πετεινὰ
3321 1041 3645 1111 πετόμενα·
3678 1041 3751 1096 τά

2173 1142 2233 1178 τε
2268 1127 2327 1180 ὲν
2350 1126 2429 1197 τῷ
2458 1128 2846 1201 κατακλυσμῷ,
2875 1130 2969 1194 ὡς,
3014 1132 3267 1186 ἁπάντων
3294 1131 3639 1205 ὑποϐρυχίων
3661 1150 3745 1202 γι·-

2174 1218 2430 1288 νομένων,
2460 1220 2616 1291 μόνος
2647 1221 2676 1274 ό
2714 1222 2836 1275 Νῶε
2882 1222 2976 1275 καὶ
3016 1225 3065 1276 oi
3116 1225 3212 1277 σὺν
3253 1222 3401 1294 αὑτῷ
3431 1222 3745 1289 διεσώζοντο

2174 1306 2231 1358 ὲν
2258 1309 2323 1378 τῇ
2357 1306 2572 1378 κιϐωτῷ
2591 1326 2605 1339 ο
2635 1311 2729 1363 καὶ
2756 1310 2825 1364 τὰ
2865 1312 2959 1364 ἐπὶ
2987 1312 3084 1383 τῆς
3116 1312 3411 1381 Λίγύπτου,
3443 1314 3539 1366 καὶ⁸
3579 1313 3646 1368 τὰ
3683 1315 3743 1367 ἐν

2170 1399 2237 1468 τῇ
2278 1398 2511 1470 Ἐρυθρᾷ
2552 1399 2814 1474 θαλάσσῃ,
2841 1403 2935 1455 καὶ
2982 1402 3049 1456 τὰ
3089 1404 3148 1456 ὲν
3188 1403 3266 1473 τῷ
3303 1403 3563 1479 Ἰορδάνῃ,
3594 1405 3742 1470 ὅπως

2173 1487 2389 1561 ἀϐρόχῳ
2422 1489 2543 1544 ποδὶ
2567 1489 2876 1546 διεϐίϐασαν
2902 1493 2953 1545 οἱ
2982 1492 3085 1545 υἱοὶ
3127 1491 3359 1564 Ἰσραὴλ,
3389 1493 3599 1563 ὅψεται.

2242 1665 2412 1735 Φωνὴ
2442 1667 2660 1734 Κυρίου
2697 1668 2766 1721 ἐν
2792 1669 2977 1737 ἰσχύϊ.
3015 1669 3074 1721 '0
3102 1666 3212 1740 γὰρ
3246 1668 3424 1722 πάντα
3455 1668 3651 1740 ίσχύων
3680 1671 3741 1725 ὲν

497 1766 679 1829 potest
721 1760 776 1815 in
825 1758 1046 1814 Christo
1095 1759 1188 1828 qui
1239 1772 1299 1812 se
1346 1754 1659 1820 confortat,
1712 1754 1761 1810 is
1799 1762 2057 1825 praecepta

2170 1758 2248 1831 τῷ
2293 1759 2673 1830 ἔνδυναμοῦντι
2715 1760 2874 1814 αὑτὸν
2918 1761 3156 1833 Χριστῷ,
3212 1755 3366 1827 οὗτος
3412 1763 3599 1816 ἀκούει
3628 1763 3739 1818 τῶν

498 1850 714 1907 Domini
746 1852 920 1916 audit,
960 1859 1102 1907 etea
1139 1849 1480 1919 exsequitur.
1523 1846 1643 1902 Vox
1682 1862 1812 1919 ergo
1855 1844 2070 1901 Domini

493 1958 602 1998 non
632 1943 686 1997 in
711 1943 875 1997 debili
905 1950 969 1997 ac
993 1942 1174 1997 soluta
1211 1940 1414 2004 anima,
1450 1939 1547 1996 sed
1586 1939 1641 1993 in
1681 1938 1903 1994 robusta
1951 1952 2071 2008 qua:

490 2036 701 2093 naviter
753 2036 958 2090 bonum
997 2042 1275 2104 operatur.
1342 2031 1457 2087 Vox
1506 2029 1720 2085 Domini
1767 2031 1823 2084 in
1867 2030 2071 2100 magni—

491 2128 726 2199 ficentia.
756 2125 878 2180 Non
924 2140 1022 2195 per
1049 2139 1112 2179 ea
1146 2123 1360 2187 solum,
1413 2122 1614 2191 inquit,
1648 2135 1768 2190 qua:
1797 2119 1864 2174 de
1912 2119 2068 2189 aquis

490 2215 639 2271 dicta
667 2216 826 2271 nobis
860 2224 1010 2278 sunt,
1032 2229 1135 2268 vox
1168 2212 1384 2266 Domini
1416 2211 1721 2267 declaratur
1741 2254 1757 2278 ,
1780 2208 1874 2265 sed
1902 2209 2066 2265 etiam

493 2325 592 2381 per
622 2311 879 2365 virtutem
903 2316 974 2362 et
1024 2305 1486 2379 magniﬁcentiam
1522 2305 1663 2375 ejus,
1698 2320 1860 2375 quam
1890 2304 2065 2360 oculis

495 2400 902 2473 deprehendere
935 2407 1136 2470 potest,
1168 2396 1423 2469 quisquis
1469 2396 1757 2453 confertim
1801 2397 2063 2451 mundum

494 2504 669 2552 totum
693 2508 1154 2566 quaquaversum,
1175 2500 1230 2547 et
1260 2501 1443 2562 partes
1475 2490 1595 2561 ejus
1627 2489 1903 2561 sigillatim
1932 2504 2064 2544 con-

487 2587 812 2658 templatur,
847 2598 1063 2639 necnon
1121 2582 1550 2637 inenarrabilem
1605 2580 2059 2652 magnitudinem,

490 2677 817 2734 inelIabilem
848 2674 1332 2747 pulchritudinem,
1361 2688 1425 2728 ac
1455 2672 1627 2727 multa
1650 2672 1914 2727 varietate
1937 2687 2063 2744 spe-

486 2768 764 2834 ctabilem,
789 2783 910 2839 qua:
933 2766 1068 2833 ipsis
1092 2767 1255 2831 inest,
1284 2764 1632 2836 sapientiam.
1652 2762 1782 2830 Quae
1802 2765 2059 2819 nimirum

485 2869 812 2933 potestatem
835 2860 1201 2929 virtutemque
1229 2858 1610 2912 universorum
1633 2855 1845 2926 opiﬁcis
1875 2863 2060 2926 aperte

483 2959 940 3015 commonstrant.
972 2950 1110 3006 Hinc
1141 2958 1227 3006 est
1252 2949 1397 3020 quod
1442 2963 1724 3005 sermones
1758 2949 2057 3019 prophetici

488 3045 581 3101 Dei
616 3045 904 3100 scientiam
940 3058 971 3097 a
1006 3042 1380 3114 magnitudine
1411 3055 1637 3111 operum
1674 3039 1794 3110 ejus
1823 3041 2056 3095 mutuati

483 3136 615 3192 sint.
654 3134 1018 3201 Quamobrem
1045 3130 1186 3203 apud
1218 3130 1509 3187 Jeremiam
1544 3130 1752 3184 dielum
1785 3136 1903 3185 est:
1947 3128 2057 3183 Do-

485 3230 660 3283 minus
686 3227 778 3299 qui
818 3226 942 3297 fecit
974 3233 1170 3279 terram
1201 3225 1254 3278 in
1290 3221 1599 3293 fortitudine
1630 3238 1730 3277 sua
1753 3223 1821 3290 7‘,
1856 3234 1911 3278 et
1950 3238 2056 3279 Cte-

484 3327 624 3377 tera.

554 3410 721 3465 Vens.
758 3409 812 3473 5,
841 3407 893 3463 6.
939 3407 1055 3463 Voa:
1094 3405 1313 3460 Domini
1346 3402 1727 3475 confringentis
1755 3403 1935 3456 cedros
1959 3417 1977 3455 :
2004 3410 2054 3455 et

482 3503 773 3573 confringet
798 3501 1056 3556 Dominus
1092 3498 1271 3554 cedros
1298 3496 1510 3562 Libani,
1541 3506 1591 3551 et
1621 3497 1931 3551 comminuet
1963 3513 2052 3552 eas

483 3606 736 3666 tanquam
792 3594 1014 3649 vitulum
1062 3591 1287 3656 Libani,
1340 3601 1392 3646 et
1442 3589 1663 3645 dilectus
1718 3590 2052 3660 quemadmo-

481 3704 609 3743 oum
651 3688 796 3757 filius
841 3686 1198 3741 unicornium.
1243 3684 1360 3739 lloc
1406 3684 1536 3767 item
1588 3682 1749 3738 modo
1783 3684 2052 3754 interpreo

485 3778 619 3834 teris
645 3796 659 3834 :
693 3792 790 3848 per
818 3777 1047 3833 vitulum
1073 3776 1288 3841 Libani,
1312 3775 1481 3829 ﬁlium
1514 3775 1875 3838 unicornium,
1902 3775 2051 3829 vide-

483 3875 576 3922 tur
596 3865 1028 3938 Hierosolymam
1062 3863 1331 3930 indicare,
1364 3873 1528 3935 atque
1548 3864 1699 3918 illum
1727 3862 1935 3933 pridem
1964 3862 2050 3917 di-

480 3961 683 4017 lectum
713 3959 883 4014 ﬁlium
908 3959 1276 4013 unicornium.
1302 3956 1439 4012 Nam
1471 3972 1538 4013 ex
1568 3958 1775 4012 sanctis
1799 3954 2045 4026 patribus

479 4053 588 4109 orti
625 4060 774 4118 sunt,
821 4052 916 4123 qui
959 4050 1089 4106 olim
1139 4050 1435 4105 unicornes
1474 4048 1875 4111 vocitabantur,
1918 4047 2046 4117 quia

476 4160 589 4200 uno
613 4143 725 4200 Deo
758 4142 926 4198 veluti
956 4156 1128 4197 cornu
1160 4148 1290 4196 sunt
1324 4138 1409 4194 usi
1437 4158 1451 4193 :
1489 4152 1595 4209 qua
1629 4138 1697 4193 de
1744 4151 1803 4192 re
1842 4136 2044 4217 gloria-

475 4236 679 4290 bantur
718 4232 806 4288 liis
842 4231 1062 4288 verbis:
1113 4228 1177 4283 lu
1222 4237 1268 4283 te
1292 4227 1531 4282 inimicos
1586 4236 1793 4281 nostros
1822 4227 2044 4280 ventila-

478 4325 648 4377 bimus
678 4338 842 4376 cornu
862 4322 933 4375 τί.
958 4320 1200 4386 Quorum
1232 4319 1326 4373 ﬁlii
1361 4318 1529 4384 fuere,
1555 4317 1723 4373 duces
1750 4315 1942 4371 SJl'iOD
1975 4332 2042 4372 ex

2172 1850 2396 1905 ὲντολῶν
2424 1852 2651 1924 Κυρίου,
2682 1853 2776 1906 καὶ
2804 1856 2967 1907 ποιεῖ.
3000 1853 3155 1925 Φωνὴ
3193 1850 3285 1907 οὖν
3314 1854 3519 1924 Κυρίου
3543 1854 3643 1907 οὑκ
3679 1856 3738 1909 ὲν

2170 1948 2236 2018 τῇ
2289 1944 2505 1999 ἀσθενεῖ
2544 1947 2638 2000 καὶ
2683 1945 2948 2019 λελυμένῃ
2992 1947 3158 2018 ψυχῇ,
3184 1946 3296 2000 ἀλλ’
3338 1948 3395 2000 ὲν
3423 1950 3495 2019 τῇ
3536 1948 3739 2019 εύτόνῳ

2174 2038 2405 2113 ἰσχυρῶς
2447 2040 2888 2113 κατεργαζομένη
2930 2039 2991 2093 τὺ
3025 2039 3246 2108 ἀγαθόν.
3294 2038 3465 2107 Φωνὴ
3514 2040 3737 2107 Kvplov

2167 2131 2238 2184 ἐν
2272 2132 2773 2203 ιιεγωζοπρεπείᾳ.
2805 2132 2879 2184 Ob
2922 2130 3009 2184 διὰ
3036 2132 3233 2202 μόνων,
3268 2131 3421 2200 φησι,
3448 2132 3555 2185 τῶν
3582 2133 3735 2204 είρη-

2171 2222 2346 2294 μένων
2367 2224 2496 2293 ἡμῖν
2523 2224 2651 2293 περὶ
2681 2222 2885 2277 ὑδάτων
2916 2223 2948 2294 ἡ
2980 2221 3129 2294 φωνὴ
3156 2223 3481 2294 παρίσταται
3506 2222 3600 2276 τοῦ
3626 2224 3736 2276 Κυ-

2168 2314 2315 2385 ρίου·
2355 2312 2489 2367 ἀλλὰ
2521 2315 2615 2367 καὶ
2646 2313 2735 2368 διὰ
2761 2314 2861 2384 τῆς
2891 2313 3071 2384 ἰσχύος
3102 2313 3267 2367 αὑτοῦ
3302 2315 3395 2367 καὶ¹
3432 2314 3531 2384 τῆς
3563 2331 3733 2385 μεγα-

2165 2405 2515 2477 λοπρεπείας,
2544 2405 2613 2477 ἥν
2647 2406 2790 2459 ἔστιν
2829 2405 3123 2477 ὀφθαλμοῖς
3153 2405 3483 2476 κατανοῆσαι
3523 2405 3734 2479 ἀθρόως

2163 2496 2254 2549 τὸν
2284 2496 2572 2568 σύμπαντα
2600 2497 2803 2567 κόσμον
2834 2498 3122 2569 ἀπείρατα,
3166 2497 3311 2561 ἰδίως
3352 2514 3411 2550 τε
3441 2497 3510 2551 τὰ
3543 2498 3730 2552 τούτου

2167 2588 2307 2660 μέρη
2350 2588 2702 2661 θεασάμενον,
2727 2590 2796 2644 τά
2817 2606 2878 2642 τε
2909 2589 3109 2661 μεγέθη
3154 2589 3222 2643 τὰ
3247 2590 3608 2661 ἀνεκδιήγητα
3636 2591 3731 2644 καὶ

2161 2679 2231 2734 τὰ
2274 2681 2622 2753 ὰνὲκφραστα
2663 2682 2854 2754 κάλλη,
2903 2682 3003 2751 τήν
3046 2698 3105 2733 τε
3143 2682 3201 2734 ὲν
3239 2682 3419 2745 αὑτοῖς
3449 2683 3729 2754 ὁρωμένην

2162 2770 2538 2827 πολυποίκιλον
2595 2774 2818 2844 σοφίαν
2862 2773 2899 2828 ἃ
2944 2774 3009 2845 δὴ
3048 2772 3301 2843 τυγχάνει
3351 2773 3729 2845 παραστατικὰ

2158 2862 2258 2933 τῆς
2289 2864 2381 2918 τοῦ
2429 2865 2836 2937 συστησαμένου
2880 2863 2947 2917 τὰ
2993 2864 3170 2941 πάντα
3212 2863 3493 2934 δυνάμεώς
3533 2881 3594 2918 τε
3636 2865 3734 2919 καὶ

2162 2951 2361 3022 ἰσχύος.
2390 2951 2581 3005 Ἔνθεν
2608 2954 2657 3006 οἱ
2684 2953 3007 3025 προφητικοὶ
3033 2950 3177 3021 λόγοι
3198 2952 3296 3024 τὴν
3326 2953 3601 3023 θεολογίαν
3621 2955 3733 3008 ἀπὸ

2157 3042 2255 3112 τῆς
2281 3042 2680 3115 μεγαλουργίας
2710 3043 2874 3098 αὑτοῦ
2908 3044 3345 3116 παρελάμϐανον.
3391 3046 3484 3100 Διὸ
3514 3046 3731 3118 εῐρηται

2158 3133 2310 3205 παρὰ
2336 3135 2414 3207 τῷ
2447 3133 2715 3208 Ἱερεμίᾳ·
2754 3137 2968 3205 Κύριος
3008 3139 3040 3190 ό
3081 3135 3340 3204 ποιήσας
3376 3136 3490 3206 τὴν
3516 3137 3633 3209 rﬁr
3656 3139 3728 3192 ἐν

2156 3223 2434 3295 τῇλσχύτ
2459 3227 2668 3292 αὑτοῦ,
2707 3227 2801 3280 καὶ
2833 3227 2902 3280 τὰ
2929 3224 3081 3298 ἑξῆς.

2223 3405 2394 3475 Φωνὴ
2435 3407 2656 3475 Κυρίου
2690 3406 3118 3475 συντρίϐοντος
3158 3404 3440 3473 κέδρους·
3482 3406 3722 3475 συντρί-

2152 3497 2253 3564 ψει
2302 3498 2519 3564 Κύριος
2557 3495 2663 3562 τὰς
2701 3495 2953 3564 κέὃρους
3004 3495 3112 3549 τοῦ
3155 3494 3440 3549 Λιϐάνου·
3482 3495 3581 3549 καί
3618 3498 3721 3549 ,ιε-

2150 3586 2368 3639 πτυνεῖ
2404 3584 2590 3652 αὐτὰς
2617 3587 2697 3651 ὡς
2728 3586 2835 3639 τὸν
2865 3587 3105 3657 μόσχον
3146 3587 3253 3641 τοῦ
3294 3585 3553 3641 Λιϐάνου
3595 3584 3722 3657 (sic)

2150 3676 2249 3731 καὶ
2290 3680 2322 3732 ό
2359 3676 2743 3747 ἡγαπημένος
2772 3679 2853 3745 ὡς
2884 3678 3015 3746 υίὸς
3038 3678 3480 3751 μονοκερώτων.
3518 3679 3592 3732 Ἢ
3625 3679 3725 3735 καὶ

2148 3766 2352 3829 οὑτως·
2381 3767 2594 3839 Μόσχον
2636 3766 2778 3822 ἔοικε
2824 3768 3077 3837 Λιϐάνου,
3119 3771 3210 3824 τὸν
3254 3772 3369 3825 υἱὸν
3418 3770 3721 3843 μονοκερώ-

2148 3874 2278 3923 των,
2308 3856 2405 3928 τὴν
2441 3857 2792 3931 Ἰερουσαλὴμ
2818 3860 3017 3930 λέγειν,
3052 3862 3147 3915 καὶ
3185 3862 3275 3914 τὸν
3301 3861 3467 3915 πάλαι
3496 3864 3719 3933 ἠγαπη-

2152 3945 2310 4016 μένον
2342 3944 2453 3999 υἱδν
2498 3949 2900 4021 μονοκερώτων.
2951 3950 3103 4003 Ἐπεὶ
3152 3949 3400 4019 πατέρων
3432 3948 3717 4015 γεγόνασιν

2148 4038 2338 4106 ἁγίων,
2381 4039 2576 4104 οἵτινες
2623 4040 2870 4111 ἐλέγοντο
2917 4040 3303 4113 μονοκέρωτες,
3334 4037 3424 4090 διὰ
3464 4038 3526 4089 τὸ
3570 4037 3721 4107 μόνῳ

2146 4128 2265 4200 Θεῷ
2300 4130 2488 4203 κέρατι
2514 4133 2834 4203 κεχρῆσθαι,
2860 4131 2937 4193 ὡς
2961 4130 3046 4182 ἐπ’
3071 4127 3217 4197 αὑτῷ
3240 4126 3595 4197 σεμνύνεσθαι
3618 4128 3715 4183 καὶ⁸

2145 4223 2342 4293 λέγειν·
2388 4225 2483 4276 Ἐν
2514 4224 2615 4278 σοὶ
2642 4224 2784 4289 τοὺς
2822 4220 3073 4291 ἐχθροὺς
3101 4217 3269 4288 ἡμῶν
3308 4220 3709 4289 κερατιοῦμεν.

2144 4307 2243 4368 Ὧν
2275 4316 2380 4368 υἱοὶ
2425 4315 2710 4383 γεγόνασιν
2740 4315 2790 4366 οί
2824 4310 3112 4383 ἡγούμενοι
3151 4308 3258 4363 τῶν
3303 4310 3366 4362 ἐκ
3412 4313 3711 4383 περιτομῆς

475 4413 918 4477 circumcisione,
953 4413 1035 4467 sic
1059 4414 1203 4466 enim
1236 4411 1291 4465 in
1331 4411 1453 4465 aliis
1481 4409 1813 4465 editionibus
1842 4424 2042 4464 vocan-

2159 4409 2355 4481 Ξαρίων
2382 4409 2455 4480 (1)
2483 4406 2714 4460 ἐνταῦθα
2735 4403 3056 4475 κεκλημένοι
3077 4403 3215 4458 κατὰ
3246 4404 3344 4468 τὰς
3371 4404 3534 4468 ἄλλας
3560 4407 3710 4459 ἐκδό‹

477 4515 588 4572 tur,
622 4522 731 4577 qua
769 4520 901 4561 voce
945 4504 1200 4575 principes
1232 4504 1630 4572 signiﬁcantur.
1676 4503 1783 4559 Eos
1815 4504 2043 4559 commi-

2159 4516 2282 4563 setg,
2313 4500 2341 4552 ὃ
2376 4500 2739 4570 ἑρμηνεύεται
2763 4495 3067 4565 ἄρχοντες,
3089 4494 3182 4558 οὓς
3204 4496 3397 4567 ἀπειλῇ
3427 4497 3708 4569 συνέτριψε

474 4599 699 4656 natione
733 4598 992 4654 contrivit
1026 4611 1144 4660 sua,
1178 4609 1287 4650 una
1320 4612 1444 4651 cum
1471 4595 1841 4666 Hierosolyma
1875 4612 2037 4666 quam

473 4691 705 4746 vitulum
737 4697 793 4745 et
849 4688 1119 4743 Libanum
1170 4693 1470 4757 nuncupat.
1532 4686 1589 4741 Id
1652 4687 1796 4741 enim
1856 4694 2038 4757 aperte

476 4780 725 4837 Ezechiel
746 4780 1010 4852 prOpbeta
1037 4779 1364 4851 signiﬁcavit
1384 4779 1470 4833 bis
1491 4777 1703 4833 verbis:
1726 4775 1776 4830 Η
1782 4794 1854 4831 ιεσ
1874 4778 2036 4831 dicit:

473 4872 670 4945 Aquila
688 4872 905 4944 grandis
928 4889 1241 4944 magnarum
1262 4872 1492 4936 alarum,
1517 4871 1668 4941 longo
1689 4870 2036 4924 membrorum

473 4966 657 5030 ductu,
697 4965 851 5035 plena
901 4963 1186 5037 unguibus,
1231 4963 1544 5032 ductumque
1589 4960 1740 5014 habet
1783 4969 1837 5013 ut
1870 4961 2038 5028 ingrc-

472 5058 654 5114 diatur
677 5060 731 5113 in
762 5056 1044 5123 Libanum,
1069 5065 1117 5112 et
1144 5056 1265 5110 tulit
1289 5054 1483 5109 selecta
1511 5052 1674 5117 cedri,
1704 5050 2034 5105 summitates

472 5150 740 5223 frondium
769 5160 1100 5213 tenerarum,
1145 5158 1195 5201 et
1224 5144 1411 5198 detulit
1445 5161 1508 5198 ea
1540 5145 1594 5197 in
1633 5153 1829 5196 terram
1872 5139 2037 5195 Chal-

469 5244 706 5301 daorum
750 5240 1054 5315 [Chanaan]
1096 5239 1163 5294 ".
1222 5236 1355 5304 Quae
1404 5237 1521 5307 ipse
1567 5236 1622 5290 in
1685 5231 2034 5304 sequentibus

471 5334 860 5406 interpretatur
907 5331 1138 5387 dicens:
1187 5328 1321 5383 Cum
1362 5326 1556 5381 venerit
1602 5323 1713 5378 Rex
1746 5321 2032 5393 Babylonis

540 5488 585 5522 “
610 5489 808 5546 Genes.
839 5501 881 5554 ι,
906 5485 963 5539 ‘2.

2149 4589 2287 4661 μετὰ
2312 4588 2414 4658 τῆς
2455 4585 2829 4659 Ἰερουσαλὴμ,
2855 4586 2921 4658 ἢν
2950 4585 3146 4657 μόσχον
3178 4586 3280 4657 ἔφη
3321 4587 3415 4641 καὶ
3456 4587 3707 4641 Λίϐανον.

2144 4680 2339 4751 Σαφῶς
2369 4680 2476 4751 γὰρ
2512 4678 2770 4751 Ἰεζεκιὴλ
2807 4679 2836 4732 ὁ
2866 4680 3150 4750 προφήτης
3192 4679 3348 4733 τοῦτο
3393 4679 3706 4751 παρέστησε

2143 4773 2352 4845 φήσαςο
2399 4770 2543 4825 Τάδε
2585 4769 2782 4839 λέγει’
2835 4772 2889 4824 Ὁ
2926 4771 3099 4837 ἀετὸς
3147 4774 3180 4824 ό
3220 4771 3407 4840 μέγας
3448 4774 3481 4825 ό
3525 4787 3706 4839 μεγα-

2140 4862 2526 4933 λοπτέρυγος,
2568 4866 2602 4917 ό
2625 4862 2853 4932 μακρὸς
2884 4861 2960 4932 τῇ
3002 4861 3258 4926 ἐκτάσει,
3294 4861 3529 4930 πλήρης
3577 4863 3703 4915 ὀνύ-

2142 4971 2265 5023 χων
2292 4953 2360 5020 ὃς
2383 4953 2506 5023 ἔχει
2537 4954 2603 5007 τό
2633 4953 2829 5024 ἦτημα
2859 4954 3155 5008 εἰσελθεῖν
3179 4955 3265 5019 είς
3291 4952 3400 5006 τόν
3423 4953 3705 5014 Λίϐανον.

2141 5047 2239 5100 καί
2272 5044 2448 5099 ἔλαϐε
2484 5044 2557 5099 τὰ
2579 5045 2861 5100 ἐπίλεκτα
2904 5043 3013 5114 τῆς
3044 5043 3277 5112 κέδρου,
3312 5044 3383 5098 τὰ
3409 5043 3561 5112 ἄκρα
3594 5042 3704 5110 τῆς

2141 5139 2535 5206 ἀυταλότητος,
2578 5139 2676 5193 καὶ
2731 5138 2991 5208 ἤνεγκεν
3040 5136 3191 5191 αὐτὰ
3245 5138 3333 5202 είς
3384 5134 3501 5205 γῆν
3552 5137 3704 5189 Xaa.

2138 5227 2346 5282 δαίων·
2373 5228 2409 5283 ἃ
2435 5231 2529 5284 καὶ
2549 5229 2637 5284 διὰ
2661 5230 2770 5283 τῶν
2799 5229 2925 5298 ἑξῆς
2949 5229 3261 5300 ἡρμήνευσε
3288 5226 3462 5295 λέγων
3487 5242 3501 5257 ·
3530 5227 3702 5279 Ὅταν

2139 5321 2284 5392 ἔλθῃ
2309 5322 2608 5390 ,βασιλεὺς
2633 5321 2992 5387 Βαϐυλῶνος
3016 5321 3118 5375 ἐπὶ
3164 5317 3569 5390 Ἰερουσαλὴμ,
3605 5318 3702 5371 καὶ

1061 5484 1108 5516 ⁷ο
1138 5479 1267 5541 ibid.
1299 5480 1391 5536 20.
1467 5481 1512 5512 ⁷¹
1564 5476 1763 5533 Jerem.
1791 5491 1844 5542 χ,
1870 5474 1955 5529 le.
2031 5475 2079 5507 "'
2104 5474 2250 5532 Psal.
2282 5494 2431 5546 mn,
2463 5477 2516 5533 6.
2593 5478 2639 5510 ⁷³
2668 5474 2866 5532 Ezech.
2891 5491 3027 5540 xvu,
3057 5476 3112 5531 3.

542 5644 618 5714 (Ι)
652 5642 769 5698 Vox
791 5641 1316 5714 Euphemareliquis
1342 5640 1744 5714 interpretibus
1774 5654 2053 5709 expressa,
2094 5654 2155 5693 ex
2192 5639 2458 5698 llebraico
2513 5638 2693 5697 Sirion
2743 5636 2994 5697 coniecta
3029 5640 3113 5693 est
3138 5649 3153 5701 ;
3178 5632 3530 5708 Septuaginta
3570 5645 3699 5690 vero

467 5712 800 5786 interpretes
832 5713 1199 5786 ἠγαπημένον,
1224 5712 1492 5777 dilectum,
1518 5712 1863 5766 transtulere.
