4100 6390
355 410 458 467 (ιεπ
1480 406 1974 481 ΟΟΜΜΕΝΤΑΗΙΑ

1981 451 1987 462 .
2026 407 2094 464 [Ν
2130 402 2469 462 PSALMOS.
3488 409 3600 466 258

354 527 614 599 λήψεται
636 526 743 583 τὸν
772 524 1035 588 βασιλέα
1061 523 1252 597 αὐτῆς
1285 526 1383 582 καί
1407 526 1512 581 τὸν
1539 526 1801 597 ἄρχοντα
1823 530 1926 582 αὐ·
1954 535 1973 591 1

1978 527 2084 591 lin
2126 525 2465 591 Jerusatem,
2540 530 2772 578 assumet
2828 539 2998 594 regem
3063 541 3176 593 ejus
3206 534 3256 580 et
3311 527 3597 599 principem

357 620 488 691 τῆς.
541 619 773 683 Τούτους
810 618 918 690 γάρ
956 618 1241 673 ἐπίλεπτα
1291 615 1382 669 καὶ
1428 617 1581 687 ἄκρα
1627 618 1928 688 κέκληκεν

2029 618 2143 689 ejus
2167 616 2436 673 "-“Jlos
2460 615 2653 671 selecta
2675 623 2852 683 vocat,
2879 626 2930 671 et
2953 619 3280 673 summitates
3327 619 3599 687 frondium

357 712 756 781 ἁπαλότητος.
800 712 1015 783 Μόσχον
1046 711 1103 765 δὲ
1143 710 1314 781 αὐτῆς
1357 726 1489 782 φησι
1532 711 1593 765 τὸ
1636 711 1929 782 θυσιαστή-

2031 720 2331 766 tenerarum
2379 709 2521 781 ejus.
2547 708 2795 764 Vitulum
2835 716 3015 764 autem
3042 709 3184 780 ejus,
3213 710 3383 765 altare
3415 720 3595 775 vocat,

363 820 494 875 ριον,
524 805 582 858 ὲν
605 799 650 872 ᾧ
679 803 910 875 μόσχους
938 804 1032 857 καὶ
1062 803 1250 867 θυσίας
1275 802 1538 874 ἀνέφερον
1559 821 1573 834 ·
1598 802 1635 858 ἃ
1662 802 1725 875 δή
1753 805 1930 858 πάντα

2029 804 2085 858 in
2114 819 2222 874 quo
2244 803 2444 859 vitulos
2475 809 2529 857 et
2568 801 2837 858 sacriﬁcia
2866 801 3187 857 offerebant.
3224 802 3355 869 Quae
3392 805 3597 867 omnia,

361 896 740 968 συντέτριπται
782 894 922 967 μετά
935 895 1216 967 Σαρίων,ὄ
1248 896 1394 950 ἐστιν
1424 896 1718 967 ἀρχόντων.
1740 895 1926 961 Οὕτως

2028 914 2136 953 una
2166 913 2290 952 cum
2326 895 2533 959 Sariis,
2567 893 2620 949 id
2661 903 2746 950 est
2792 893 3137 965 principibus
3182 893 3325 964 ejus,
3362 894 3599 949 contrita

356 979 448 1038 οὖν
477 1002 609 1056 φησι
641 985 917 1058 συντρίψει
946 986 1041 1039 καὶ
1082 987 1207 1051 τοὺς
1241 987 1298 1040 ὲν
1345 989 1456 1050 τοῖς
1483 986 1689 1050 λοιποῖς
1721 985 1928 1040 ἔθνεσιν

2028 1003 2178 1046 sunt.
2212 988 2309 1055 Ita,
2347 988 2546 1058 inquit,
2591 994 2911 1042 eaeterarum
2949 987 3189 1056 gentium
3226 986 3425 1057 impios
3467 1001 3601 1042 cou-

355 1075 586 1142 ἀσεϐεῖς,
627 1077 753 1140 τοὺς
781 1076 1170 1149 ἐπαιρομένους
1195 1076 1270 1142 ὡς
1296 1077 1396 1141 τὰς
1440 1078 1663 1150 κέδρους
1695 1075 1788 1131 τοῦ
1823 1078 1920 1131 Λι-

1853 1096 1920 1130 ιι-
2026 1080 2187 1146 te‘ret,
2221 1080 2311 1150 qui
2344 1079 2518 1134 instar
2548 1078 2841 1133 eedrorum
2874 1074 3066 1132 Libani
3103 1076 3472 1148 erigebantur.

354 1170 537 1224 ϐάνου.

422 1258 594 1328 Φωνὴ
623 1258 843 1328 Κυρίου
888 1260 1288 1328 συσσείοντος
1316 1260 1559 1331 ἔρημον,
1598 1260 1927 1316 συσσείσει

2097 1258 2264 1316 Vens.
2294 1257 2347 1313 8.
2406 1257 2521 1312 Voa:
2568 1256 2786 1316 Domini
2834 1256 3178 1311 concutientis
3216 1255 3501 1319 desertum,
3548 1262 3599 1311 et

351 1353 567 1420 Κύριος
606 1351 722 1422 τὴν
759 1354 980 1424 ἔρημον
1024 1350 1244 1419 Κάδηςο
1289 1354 1527 1425 Ἀληθῶς
1568 1354 1675 1424 γὰρ
1719 1356 1753 1426 ή
1789 1353 1930 1425 σύμ·

2028 1351 2364 1408 commovebit
2411 1349 2673 1405 Dominus
2718 1352 2982 1405 desertum
3037 1349 3227 1405 Cades.
3265 1347 3406 1403 Vere
3452 1356 3599 1404 totus

353 1463 501 1500 πασα
530 1444 636 1498 τῶν
669 1444 970 1519 ἀνθρώπων
1003 1447 1314 1519 οἰκουμένη,
1346 1446 1549 1519 ἔρημος
1575 1442 1710 1501 οῦσα
1733 1446 1927 1518 πρότε-

2026 1447 2176 1502 orbis
2209 1446 2511 1508 hominum,
2533 1460 2658 1499 eum
2687 1452 2814 1499 ante
2842 1442 2938 1499 Dei
2966 1442 3278 1514 cognitione
3313 1457 3376 1497 ac
3402 1442 3600 1512 pietate

355 1555 445 1611 ρον
476 1537 609 1592 Θεοῦ
635 1541 887 1608 γνώσεως
911 1541 1006 1595 καί¹
1029 1539 1328 1605 εὐσεϐείας,
1366 1539 1681 1611 συνεσείσθη
1717 1538 1809 1593 διὰ·
1829 1536 1924 1592 τοῦ

2025 1548 2231 1589 vacuus
2260 1540 2313 1588 et
2355 1532 2605 1589 desertus
2640 1541 2819 1597 esset,
2852 1547 2952 1602 per
2990 1532 3359 1603 evangelicum
3401 1531 3600 1602 praedi-

349 1632 700 1703 εὐαγγελικοῦ
734 1636 1106 1705 κηρύγματος,
1149 1633 1223 1698 ὡς
1257 1632 1580 1705 μεταϐαλεῖν
1618 1633 1787 1704 αὐτὴν
1817 1631 1925 1685 ἀπὸ

2027 1626 2297 1680 eationem
2333 1633 2644 1679 commotus
2677 1631 2798 1688 est,
2849 1622 2925 1676 ita
2960 1634 3016 1678 ut
3046 1639 3076 1677 a
3116 1624 3359 1694 nequitia
3388 1624 3455 1678 ad
3484 1623 3599 1679 vir-

349 1726 549 1790 κακίας
593 1727 673 1788 εἰς
702 1725 921 1797 ἀρετὴν,
971 1725 1066 1780 καὶ
1094 1726 1201 1780 ἀπὸ
1233 1724 1452 1794 ἀγνοίας
1492 1725 1571 1788 είς
1612 1725 1925 1796 ἐπιστήμην

2025 1726 2196 1772 tutem
2219 1759 2233 1781 ,
2271 1715 2340 1769 ab
2382 1715 2691 1786 ignorantia
2726 1713 2791 1768 ad
2816 1715 3098 1769 scientiam
3137 1714 3376 1768 divinam
3410 1720 3596 1769 trans-

350 1813 519 1870 θείαν.
546 1816 772 1885 Γέγονεν
806 1812 897 1870 οὖν
926 1817 984 1884 ἐξ
1015 1818 1220 1888 ἐρήμου
1253 1815 1565 1888 οἰκουμένηι
1887 1836 1897 1847 ·

2028 1815 2253 1875 mearet.
2298 1806 2377 1860 Ex
2411 1807 2629 1863 deserto
2674 1806 2841 1878 igitur
2872 1805 3152 1861 habitatus
3179 1806 3329 1860 orbis
3370 1804 3597 1862 enectus

1950 1899 1994 1955 Β
2022 1908 2123 1955 est.

419 1996 590 2065 Φωνὴ
644 1998 867 2067 Κυρίου
927 1994 1417 2066 καταρτιζομένου
1471 1992 1758 2065 ἐλάφους,
1820 1990 1920 2048 καὶ

2093 1989 2259 2045 Vens.
2294 1988 2477 2045 9—11.
2530 1987 2643 2043 Vox
2668 1986 2883 2041 Domini
2913 1987 3267 2054 prteparantis
3309 2002 3504 2050 cervos,
3546 1998 3598 2042 et

348 2085 727 2155 ἀποκαλύψει
767 2085 1048 2155 δρυμοὺς.
1078 2085 1176 2139 καὶ
1215 2086 1284 2139 ἐν
1322 2084 1402 2151 τῷ
1431 2085 1557 2150 ναῷ
1585 2084 1771 2139 αὐτοῦ
1802 2084 1921 2151 πᾶς

2020 2079 2269 2136 reuelabit
2309 2079 2594 2142 condensa,
2625 2087 2674 2132 et
2710 2078 2764 2131 in
2816 2076 3009 2146 templo
3051 2076 3165 2144 ejus
3208 2092 3387 2131 omnes
3425 2077 3595 2131 dicent

348 2195 439 2245 τις
480 2179 642 2248 λέγει
692 2178 898 2245 δόξαν.
950 2180 1211 2248 Ἐλάφους
1241 2179 1370 2251 γὰρ,
1412 2178 1596 2251 φησὶν,
1644 2180 1672 2232 ὁ
1716 2176 1921 2248 Κύριος

2019 2174 2268 2246 gloriam.
2303 2171 2437 2226 Nam
2485 2170 2782 2235 Dominus,
2817 2170 3031 2240 inquit,
3068 2184 3258 2225 cervos
3304 2177 3594 2239 praeparat.

348 2270 815 2341 καταρτισάμενος
839 2287 851 2299 ·
883 2268 1020 2335 ζῶον
1066 2270 1258 2342 φιλέρη
1269 2287 1365 2340 μον
1397 2269 1708 2339 ὁφιοκτόνον
1734 2286 1794 2322 τε
1828 2270 1922 2323 καὶ

2022 2265 2117 2321 Est
2144 2264 2347 2321 animal
2381 2262 2694 2319 solitudinis
2723 2275 2939 2324 amans,
2980 2260 3327 2331 serpentibus
3356 2260 3594 2323 exitiale.

346 2361 705 2434 κερασφόρον,
744 2363 837 2416 καὶ
881 2362 1023 2416 κατά
1056 2363 1147 2416 τὸν
1194 2362 1358 2433 νόμον
1418 2361 1681 2434 καθαρὸν,
1729 2361 1790 2415 ὃν
1839 2362 1924 2429 ἐξ-

2018 2365 2072 2412 ct
2103 2364 2416 2421 cornutum,
2446 2364 2615 2427 atque
2658 2352 2959 2410 secundum
2993 2353 3165 2424 legem
3195 2353 3458 2408 mundum
3491 2360 3595 2415 est,

346 2449 593 2521 ἐπεμψεν
610 2452 690 2515 είς
708 2451 807 2523 τὴν
825 2450 1262 2523 προδηλωθεῖσαν
1293 2451 1517 2524 ἔρημον.
1546 2453 1609 2506 Οἱ
1634 2453 1691 2506 δὲ
1718 2451 1922 2522 ταύτην

2019 2461 2084 2499 ac
2119 2447 2173 2499 in
2197 2443 2518 2517 praedictum
2547 2443 2825 2499 desertum
2850 2442 3113 2499 emissum
3151 2441 3272 2497 fuit.
3298 2442 3403 2509 Qui
3435 2457 3601 2512 porro

343 2541 726 2615 διαδραμόντες
754 2542 882 2606 τοὺς
912 2545 970 2595 ὲν
1000 2543 1136 2616 αὐτῇ
1171 2543 1324 2613 ὄφεις
1355 2547 1468 2609 τοῖς
1511 2545 1719 2599 ἑαυτῶν
1760 2563 1919 2599 κατε-

2021 2535 2297 2592 desertum
2331 2534 2647 2605 hujusmodi
2676 2540 3029 2605 percurrunt,
3063 2541 3348 2603 serpentes
3369 2533 3604 2604 pedibus

342 2633 594 2706 πάτησαν
623 2634 768 2698 ποσὶ,
798 2634 977 2688 πάντα
1022 2651 1082 2687 τε
1113 2634 1180 2689 τὰ
1211 2637 1267 2688 ὲν
1295 2637 1359 2706 τῇ
1387 2637 1578 2707 ἐρήμῳ
1617 2637 1796 2690 ἰοϐόλα
1828 2637 1924 2710 θη-

2023 2630 2139 2684 suis
2169 2634 2479 2699 proterunt,
2503 2627 2800 2695 omniaque
2848 2634 3119 2680 venenata
3160 2627 3215 2679 in
3265 2639 3449 2680 eremo
3477 2626 3598 2679 ani-

347 2723 435 2796 ρία
466 2724 682 2797 μακράν
720 2724 1005 2796 ἀπήλασαν
1028 2742 1041 2756 ·
1071 2717 1145 2782 ὧν
1185 2725 1504 2791 ἐλαθέντων,
1541 2728 1923 2800 ἀπεκαλύφθη-

2023 2721 2188 2775 malia
2248 2719 2440 2791 procul
2491 2718 2737 2789 abigunt.
2794 2716 3006 2783 Quibus
3054 2716 3299 2786 depulsis
3358 2715 3598 2770 revelata

346 2832 444 2867 σαν
472 2818 520 2868 οἱ
554 2815 786 2887 δρυμοί·
818 2817 928 2872 Καὶ
967 2817 1053 2870 ἐν.
1076 2816 1157 2883 τῷ
1191 2815 1315 2882 ναῷ
1350 2816 1468 2884 πᾶς
1498 2836 1588 2885 τις
1626 2820 1787 2890 λέγει
1819 2820 1921 2874 δό-

2024 2823 2154 2869 sunt
2187 2820 2477 2882 querceta,
2511 2819 2562 2864 et
2589 2811 2645 2863 in
2687 2810 2880 2876 templo
2915 2809 3031 2878 ejus
3071 2824 3249 2862 omnes
3286 2807 3461 2862 dicent
3482 2806 3600 2878 glo-

344 2905 479 2970 ξαν.
524 2905 735 2978 Σφόδρα
760 2908 1003 2979 ἀκριϐῶς
1031 2907 1276 2980 εἴρηται·
1308 2911 1415 2962 Καὶ
1446 2910 1514 2963 ἑν
1543 2908 1625 2975 τῷ
1665 2911 1789 2977 ναῷ
1819 2915 1924 2966 αὐ-

2024 2904 2180 2957 riam.
2218 2901 2442 2957 Summa
2477 2908 2625 2957 certe
2676 2901 3031 2954 accuratione
3075 2898 3281 2953 dictum
3309 2905 3415 2962 est,
3463 2909 3514 2954 et
3544 2900 3599 2954 in

344 2994 451 3050 τοῦ
496 2994 615 3063 πᾶς
650 3015 739 3064 τις
778 3001 945 3068 λέγει
996 2997 1217 3063 δόξαν’
1263 2999 1445 3053 οὐκέτι
1495 2998 1603 3072 γὰρ
1655 3000 1920 3065 Ἰουδαῖοι,

2026 2995 2214 3065 templo
2240 2995 2355 3064 ejus
2391 3010 2567 3048 omnes
2603 2991 2776 3047 dicent
2804 2989 3067 3063 gloriam;
3098 3007 3205 3046 non
3233 2993 3377 3047 enim
3401 2990 3596 3059 Judei,

344 3087 462 3141 οὐδὲ
482 3089 510 3141 ό
537 3090 602 3141 ὲκ
632 3088 937 3161 περιτομῆς
974 3089 1123 3154 λαὸς,
1161 3090 1294 3143 ἀλλά
1324 3092 1430 3154 πᾶς
1452 3108 1537 3155 τις
1580 3093 1608 3146 ὀ
1640 3091 1699 3157 ἐξ
1743 3093 1922 3146 ἀπάν-

2022 3103 2199 3158 neque
2245 3087 2479 3157 populus
2509 3101 2575 3140 ex
2611 3083 3066 3148 circumcisione,
3109 3083 3205 3140 sed
3244 3084 3493 3155 quisquis
3532 3101 3597 3140 ex

345 3194 448 3233 των
474 3177 581 3232 τῶν
615 3178 783 3233 ἐθνῶν
807 3180 1179 3253 ἐπιστραφείς.
1210 3182 1427 3250 Κύριος
1467 3181 1649 3252 ἰσχὺν
1677 3182 1757 3249 τῷ
1789 3183 1919 3251 λαῷ
1950 3236 1964 3253 Α

1979 3235 1990 3253 _
2023 3179 2280 3235 omnibus
2310 3177 2565 3250 gentibus
2599 3190 2903 3232 conversus
2933 3182 3037 3233 est.
3068 3174 3325 3231 Dominus
3355 3177 3598 3232 virtutem

342 3270 525 3324 αὐτοῦ
562 3270 770 3326 δώσει·
803 3273 1019 3341 Κύριος
1064 3271 1385 3342 εὐλογήσει
1418 3272 1523 3326 τὸν
1546 3271 1702 3327 λαόν
1731 3273 1918 3328 αὐτοῦ
1948 3239 1961 3291 ⁴

1979 3235 1992 3296 ³
2023 3270 2212 3341 populo
2248 3235 2345 3324 suo
2376 3267 2562 3333 dabit;
2595 3267 2858 3322 Dominus
2889 3264 3151 3321 benedicet
3196 3269 3388 3337 populo
3415 3284 3510 3323 suo
3542 3268 3598 3322 in

342 3363 410 3415 ἐν
434 3359 662 3434 εἰρήνῃ.
2024 3378 2170 3434 pace.

866 3454 1159 3509 ΨΑΛΜΟΣ
1195 3453 1370 3508 ΩΔΗΣ
2477 3451 2485 3506 1

2477 3449 2807 3507 PSALMUS
2846 3448 3121 3506 CANTICI

340 3544 478 3599 ΤΟΥ
499 3545 969 3601 ΕΓΚΑΙΜΣΜΟΥ
992 3548 1128 3602 ΤΟΥ
1153 3547 1364 3604 ΟΙΚΟΥ
1388 3548 1531 3605 ΤΟΥ
1558 3549 1759 3604 ΔΑΥΙΔ
1784 3548 1913 3606 ΚΘ’.

1879 3556 1913 3606 '.
2126 3548 2180 3603 1.
2206 3547 2274 3602 ΙΝ
2300 3543 2761 3602 DEDICATIONE
2798 3542 3037 3600 DOMUS
3071 3540 3280 3597 DAVID
3304 3539 3493 3596 XXIX.

410 3674 550 3729 Ἀλλ’
584 3676 727 3731 εἴποι
761 3679 847 3743 τίς
889 3679 956 3735 ἂν
992 3678 1131 3751 πρὸς
1170 3681 1349 3748 τοῦτο,
1379 3681 1455 3745 ὡς
1486 3682 1742 3754 οὐδεμίαν
1775 3684 1919 3737 οἱκο-

2091 3680 2200 3737 Sed
2233 3679 2470 3736 fortasse
2490 3677 2766 3750 quispiam
2787 3677 2858 3733 ad
2881 3677 2996 3733 haec
3022 3675 3246 3740 dixerit,
3282 3674 3431 3747 quod
3469 3674 3594 3729 uul—

339 3765 507 3838 δομῆς
535 3769 684 3822 οἴκου
714 3768 897 3840 ἢναοῦ
932 3773 1165 3825 ποιεῖται
1199 3772 1420 3843 μνήμην
1445 3789 1458 3802 ο
1493 3771 1611 3825 οὐδέ
1642 3790 1728 3837 τις
1761 3773 1918 3843 λόγος

2017 3776 2126 3829 lam
2153 3774 2242 3829 hic
2272 3778 2565 3829 structura:
2600 3768 2802 3827 domus
2832 3770 2964 3827 sive
3007 3770 3194 3841 templi
3239 3768 3405 3824 faciat
3436 3782 3594 3823 men-

339 3858 487 3912 ὲστὶν
527 3860 583 3912 ἐν
617 3860 696 3931 τῷ
738 3860 937 3933 ψαλμῷ
976 3861 1271 3933 δυνάμενος
1309 3863 1573 3935 ἁρμόζειν
1618 3866 1916 3933 ὲγκαινίοις

2015 3866 2221 3921 tionem
2258 3883 2272 3918 :
2332 3877 2433 3919 nec
2464 3862 2748 3931 quidpiam
2781 3861 2836 3915 in
2871 3861 3084 3930 psalmo
3111 3860 3417 3931 reperiatur
3446 3857 3594 3930 quod

339 3949 509 4016 οίκοο,
570 3951 645 4017 ὡς
697 3953 912 4025 νομίσαι
976 3954 1097 4009 τινὰ
1162 3955 1256 4008 ἐπὶ
1322 3955 1661 4027 ὲγκαινισμῷ
1708 3956 1803 4010 τοῦ
1857 3959 1916 4010 ἐν

2000 3955 2189 4029 possit
2217 3954 2550 4010 dedicationi
2580 3952 2779 4008 domus
2808 3962 3142 4022 competere,
3174 3959 3236 4005 ut
3285 3952 3410 4020 quis
3440 3960 3599 4022 puta—

351 4040 738 4114 Ἷεροσολύμοις
761 4042 868 4097 νεὼ
892 4044 983 4098 τὸν
1009 4043 1368 4117 προκείμενον
1395 4044 1609 4115 ψαλμὸν
1638 4047 1910 4119 εἰρῆσθαι.

2014 4042 2155 4097 verit
2199 4039 2267 4095 de
2306 4040 2491 4111 templi
2536 4038 3018 4111 Hierosolymitani
3074 4038 3420 4094 dedicatione
3452 4040 3600 4096 hunc

351 4131 488 4186 Ἀλλ’
527 4134 651 4188 ἐπεὶ
681 4133 1132 4208 προγέγραπται,
1166 4133 1342 4208 ᾨδῆς
1387 4135 1776 4207 ἐγκαινισμοῦ
1806 4137 1913 4192 τοῦ

2014 4130 2284 4202 psalmum
2312 4128 2724 4199 pronuntiatum
2754 4126 2947 4183 fuisse.
2980 4126 3182 4182 Verum
3212 4127 3474 4197 quoniam
3510 4128 3593 4184 in-

340 4224 508 4279 οικου
530 4243 545 4256 ·
601 4227 795 4282 σκόπει
843 4229 1052 4300 μήποτε
1105 4228 1252 4283 οἶκον
1295 4228 1528 4283 ἐνταῦθα
1570 4230 1670 4303 τὴν
1716 4231 1911 4285 ἑαυτοῦ

2004 4221 2314 4278 scribitur:
2346 4219 2598 4275 Psaimus
2643 4219 2839 4272 cantici
2895 4218 2950 4271 in
3004 4216 3335 4293 dedicatione
3365 4217 3588 4283 domus,

340 4314 513 4386 ψυχὴν
540 4315 833 4370 αἰνίττεται
853 4334 865 4348 υ
908 4319 966 4371 ὲν
1061 4318 1124 4372 τὸ
1155 4318 1296 4372 θεῖον
1325 4318 1567 4390 Πνεῦμα,
1601 4320 1676 4384 ὡς
1712 4322 1769 4373 ἐν
1799 4320 1911 4391 ναῷ

2001 4314 2168 4380 mihi,
2194 4327 2402 4382 quaeso,
2422 4310 2761 4375 consideres,
2786 4325 2917 4364 num
2939 4309 3028 4364 hic
3052 4323 3150 4379 per
3172 4308 3415 4370 domum,
3439 4324 3595 4364 suam

341 4407 564 4478 οξκῆσάν
608 4424 758 4472 ποτε,
798 4407 976 4482 καιρῷ
1005 4427 1111 4464 τινι
1149 4409 1354 4482 ἔρημον
1386 4412 1554 4482 αὐτὴν
1594 4411 1909 4467 καταλέλοι-

2013 4408 2188 4478 ipsam
2232 4404 2470 4458 animam
2506 4401 2795 4456 adumbret
2837 4419 2850 4456 :
2907 4400 2963 4454 in
3017 4413 3125 4471 qua
3174 4414 3300 4453 cum
3355 4397 3596 4470 Spiritus

340 4514 460 4563 πεν,
520 4498 879 4572 ἀναχωρῆσαν
930 4499 1017 4555 διὰ
1074 4500 1175 4573 τήν
1233 4501 1714 4574 πλημμεληθεῖσαν
1762 4503 1909 4576 αὐτῷ

2027 4503 2248 4551 sanctus
2279 4509 2378 4550 ceu
2408 4493 2461 4546 in
2493 4490 2696 4562 templo
2750 4487 3045 4560 aliquando
3076 4487 3398 4551 habitasset,
3453 4502 3595 4556 quo-

340 4588 481 4643 κατά
524 4590 615 4644 τὸν
654 4590 856 4662 Οὐρίαν
899 4590 993 4644 καὶ
1037 4591 1135 4663 τὴν
1179 4592 1369 4648 τούτου
1410 4595 1644 4663 γυναῖκα
1685 4594 1917 4667 πρᾶξιν·
1953 4582 1959 4636 Ῑ

1971 4582 1997 4636 )
2024 4586 2149 4642 dam
2171 4592 2419 4654 tempore
2445 4583 2717 4637 desertam
2748 4594 2867 4635 eam
2901 4579 3141 4649 reliquit,
3176 4587 3339 4647 atque
3362 4576 3590 4631 recessit

339 4673 405 4727 δι’
437 4675 503 4746 ἢν
534 4676 628 4728 καὶ
661 4677 822 4748 μέχρι
852 4676 944 4731 τοῦ
989 4677 1220 4734 θανάτου
1272 4682 1639 4754 κατελήλυθε,
1687 4684 1755 4737 τὰ
1806 4684 1913 4757 πρὸ

2019 4680 2089 4734 ob
2118 4685 2392 4750 patratum
2425 4676 2479 4730 in
2507 4673 2693 4730 Uriam
2725 4678 2779 4727 et
2801 4685 3026 4726 uxorem
3051 4669 3172 4740 ejus
3194 4668 3442 4736 facinus;
3469 4668 3593 4724 ideo

340 4764 564 4819 θάνατον
603 4769 960 4841 ἁμαρτήσας·
1008 4769 1236 4842 δυνάμει
1283 4771 1340 4826 δὲ
1384 4774 1505 4827 τότε
1557 4776 1654 4828 καὶ
1698 4776 1779 4839 εἰς
1822 4775 1913 4830 τὸν

2019 4774 2087 4829 ad
2121 4779 2350 4828 mortem
2384 4785 2561 4840 usque
2608 4766 2866 4837 delapsus
2915 4772 3021 4831 est,
3064 4762 3193 4833 quia
3249 4761 3318 4817 ad
3359 4771 3589 4818 mortem

337 4857 537 4912 λάκκον
560 4896 575 4922 ,
625 4859 719 4913 καὶ
769 4862 849 4924 εἰς
888 4858 981 4914 τὸν
1023 4860 1157 4933 ᾅδην
1204 4863 1506 4937 κατηνέχθη
1528 4907 1543 4932 ,
1598 4865 1803 4939 κατέϐη
1852 4883 1913 4920 τε

2019 4872 2376 4937 peccaverat;
2430 4862 2540 4917 imo
2586 4861 2799 4916 ratione
2842 4857 3077 4929 quadam
3109 4870 3283 4925 usque
3311 4855 3379 4911 ad
3409 4856 3591 4911 lacum

339 4948 553 5021 ἀληθῶς
579 4951 659 5013 εἰς
686 4949 1008 5023 διαφθοράνο
1057 4951 1133 5017 ὡς
1163 4952 1252 5006 διά
1296 4953 1470 5008 ταῦτα
1502 4954 1721 5028 θρήνοις
1747 4956 1912 5009 αὐτὸν

2019 4965 2074 5013 et
2106 4956 2174 5012 ad
2220 4954 2493 5010 infernum
2526 4953 2798 5008 deductus
2827 4956 2933 5011 est,
2972 4962 3037 5000 ac
3085 4944 3266 5015 reipsa
3308 4945 3591 5002 descendit

340 5042 632 5114 σχολάσαι,
686 5043 889 5099 σάκκον
938 5062 1000 5099 τε
1056 5045 1177 5099 ἀντὶ
1207 5044 1308 5117 τῆς
1353 5046 1634 5119 βασιλικῆς
1684 5048 1914 5118 ἐσθῆτος

2020 5051 2076 5103 in
2111 5047 2558 5117 corruptionem;
2594 5043 2670 5098 ita
2704 5050 2763 5097 ut
2794 5055 2857 5097 ea
2884 5039 2951 5094 de
2979 5050 3143 5092 causa
3172 5035 3385 5092 ﬂetibus
3414 5052 3474 5091 se
3496 5036 3591 5092 de-

340 5132 748 5207 περιϐαλέσθαι.
794 5133 934 5188 Ἀλλ’
979 5136 1166 5210 ἐπειδὴ
1216 5136 1492 5207 ἀξιόλογον
1541 5138 1916 5212 ἐνδειξάμενος

2016 5138 2179 5201 derit,
2207 5152 2271 5192 ac
2300 5151 2402 5207 pro
2439 5136 2584 5205 regia
2615 5141 2767 5190 veste
2802 5145 3022 5187 saccum
3069 5128 3327 5185 induerit.
3359 5129 3430 5183 At
3465 5131 3592 5200 quia

337 5224 649 5294 μετάνοιαν,
683 5225 872 5279 ἑαυτόν
917 5242 978 5279 τε
1012 5226 1249 5290 κολάσας
1294 5228 1390 5281 καὶ
1435 5231 1912 5300 τιμωρησάμενος,

2016 5239 2312 5301 postquam
2344 5229 2565 5298 dignam
2624 5225 2874 5282 exhibuit
2924 5221 3327 5294 paenitentiam,
3373 5234 3438 5275 ac
3470 5235 3592 5277 sese

335 5315 540 5379 ἱκανῶς
562 5333 621 5370 τε
648 5317 1060 5389 ἐγκαρτερήσας
1087 5319 1206 5381 ταῖς
1237 5317 1708 5391 ὲξομολογήσεσιν,
1741 5322 1914 5390 ἐπαγ-

2016 5321 2305 5391 eastigavit
2333 5327 2497 5390 atque
2528 5318 2765 5389 punivit,
2798 5312 3235 5385 eougruentique
3263 5319 3507 5380 tempore
3535 5311 3589 5365 in

337 5405 523 5473 γελίαν
564 5406 808 5477 ἀφέσεως
852 5407 953 5478 τῆς
999 5407 1270 5479 ἁμαρτίας
1320 5409 1548 5482 εἴληφε,
1591 5410 1681 5464 διά
1723 5411 1818 5465 τοῦ
1849 5413 1915 5464 ὲκ

2016 5413 2462 5471 confessionibus
2487 5408 2881 5483 perseveravit,
2931 5403 3244 5462 remitteudi
3305 5402 3410 5459 sibi
3459 5416 3587 5473 pee-

340 5497 654 5569 σπέρματος
677 5497 842 5553 αὐτοῦ
869 5498 1324 5571 προελευσομένου
1342 5500 1600 5572 Χριστοῦ,
1631 5500 1914 5573 μέλλοντος

2016 5507 2125 5562 cati
2154 5504 2575 5577 promissionem
2627 5507 2824 5556 nactus
2863 5505 2968 5563 est,
2999 5513 3097 5566 per
3129 5493 3406 5550 Christum
3438 5491 3584 5549 scili‘

340 5587 435 5641 καὶ
465 5589 654 5661 μέχρις
698 5590 825 5661 ᾅδου
869 5591 1299 5663 καταϐήσεσθαι’
1345 5593 1570 5657 εἰκότως
1601 5595 1701 5665 τῆς
1745 5611 1912 5666 κατη-

2016 5604 2103 5652 eet
2155 5574 2224 5651 ex
2256 5574 2399 5664 {ejus
2451 5591 2660 5648 semine
2707 5588 3081 5660 proditurum,
3113 5593 3168 5640 et
3208 5583 3276 5638 ad
3308 5581 3586 5639 infernum

341 5679 495 5748 φείας
541 5680 875 5752 μεταϐαλὼν,
908 5684 1003 5737 καὶ
1032 5683 1133 5752 τῆς
1161 5685 1245 5752 ἐφ’
1271 5679 1353 5748 οἷς
1388 5685 1685 5757 ἐτόλμησεν
1717 5684 1909 5758 ἐξομο-

2018 5700 2192 5756 usque
2224 5684 2655 5745 descensurum;
2684 5679 2811 5750 jure
2856 5693 2887 5732 a
2920 5676 3145 5732 tristitia
3176 5682 3231 5731 et
3255 5690 3284 5728 a
3316 5673 3586 5729 scelerum

343 5772 643 5842 λογήσεως,
683 5773 1031 5844 εὐχαριστίαν
1073 5776 1385 5847 ἀναπέμπει
1428 5776 1507 5849 τῷ
1546 5777 1667 5848 Θεῷ
1697 5777 1903 5848 λέγων’

2015 5776 2361 5833 confessione
2415 5772 2741 5836 translatus,
2772 5770 2980 5841 gratias
3015 5768 3126 5840 agit
3180 5765 3311 5829 Deo,
3346 5764 3537 5820 dicens
3564 5779 3583 5818 ι

420 5921 531 5966 ⁷⁸-⁸³
557 5924 747 5982 Ezecll.
781 5943 911 5991 xvu,
943 5928 1027 5984 12.

455 6048 499 6100 \
