4100 6376
525 364 631 422 259

1052 357 1320 417 EUSEBII
1358 358 1835 415 CASSARIENSIS
1873 360 2021 415 OPP.
2081 361 2260 415 PARS
2323 360 2500 417 lll.-—
2538 359 2946 418 EXEGE'l'lCA.

3644 365 3754 418 260

526 473 773 538 Domine,
814 472 1045 527 eduxiin
1074 472 1139 525 ab
1167 471 1370 541 inferno
1401 472 1635 525 animam
1657 488 1846 537 meam,
1876 472 2095 526 salvasti

2197 475 2389 542 Κύριε,
2408 472 2703 542 ἀνήγαγες
2729 473 2798 537 ἐξ
2820 473 2968 541 ᾅδου
2987 474 3098 543 τὴν
3119 472 3328 543 ψυχήν
3348 490 3488 542 μου,
3515 472 3752 542 ἕσωσὰς

526 582 610 623 tne
630 582 665 621 a
694 564 1122 621 descendentibus
1152 566 1206 618 in
1243 563 1413 618 lacum
1440 581 1458 617 :
1495 566 1807 635 luctumque
1841 580 2001 620 suum
2033 566 2092 618 in

527 657 771 713 laetitiam
799 673 1020 712 versum
1060 657 1146 711 bis
1170 657 1354 711 verbis
1385 655 1745 711 testiﬁcatur:
1777 655 2091 711 Convertisli

524 748 793 819 planctum
816 765 997 802 meum
1017 748 1072 800 in
1098 746 1353 817 gaudium
1384 747 1534 812 mihi,
1559 748 1861 801 conscidisti
1883 764 2092 800 saccum

520 828 699 895 meum
728 851 778 895 et
820 839 1210 894 circumdedisti
1258 855 1339 893 me
1387 839 1595 894 lwtitia.
1640 839 1775 894 Cum
1806 839 1974 909 igitur
2001 839 2092 894 hic

528 930 773 997 domum,
814 929 1039 984 Davidis
1066 930 1302 983 animam
1332 929 1574 985 indicare
1603 936 2093 984 commonstratum

528 1023 636 1087 sit,
671 1020 903 1091 hujusce
947 1019 1147 1075 domus
1180 1018 1514 1075 dedicationi
1551 1034 1671 1089 qua:
1706 1018 1796 1073 hic
1835 1017 2094 1073 dicuntur

528 1113 764 1184 aptanda
792 1118 941 1167 sunt.

602 1289 764 1347 Vens.
795 1291 852 1354 2,
883 1290 936 1345 ὅ.
981 1288 1247 1344 Exaltabo
1281 1297 1349 1356 te,
1377 1287 1616 1357 Domine,
1640 1290 1888 1359 quoniam
1914 1306 2093 1345 susce-

524 1380 653 1451 pisti
676 1396 778 1444 me,
806 1395 897 1433 nec
926 1378 1197 1433 delectasti
1230 1379 1474 1432 inimicos
1511 1395 1650 1433 meos
1674 1394 1828 1447 super
1855 1395 1955 1433 me.
1979 1378 2093 1432 Do-

526 1474 667 1527 mine
710 1473 846 1527 Deus
871 1488 1036 1535 meus,
1071 1472 1300 1526 clamavi
1329 1470 1397 1524 ad
1432 1481 1498 1536 te,
1531 1480 1579 1525 et
1608 1472 1816 1525 sanasti
1849 1487 1948 1525 me.
1984 1470 2094 1524 Do-

526 1564 687 1627 mine,
712 1563 944 1617 eduxisti
975 1563 1038 1615 ab
1070 1564 1275 1631 inferno
1300 1563 1530 1615 animam
1557 1578 1748 1627 meam,
1777 1562 2094 1616 salvastirne

526 1653 1009 1709 adescendentibus
1038 1656 1093 1708 in
1125 1656 1319 1709 lacum.
1371 1652 1496 1707 llaec
1542 1652 1710 1708 David
1746 1654 1801 1708 in
1837 1654 2093 1725 praesenti

525 1748 739 1818 psalmo
772 1747 939 1811 dicit;
976 1748 1031 1801 in
1061 1748 1326 1818 vigesimo
1374 1747 1608 1818 septimo
1641 1752 1845 1811 autem,
1876 1747 1951 1800 ita
1979 1750 2093 1800 cla-

2188 583 2265 635 με
2291 565 2407 619 ἀπὸ
2446 563 2563 617 τῶν
2593 567 3067 619 καταϐαινόντων
3104 568 3190 631 εἱς
3229 565 3478 627 λάκκον,
3527 565 3754 635 μεταϐε-

2193 654 2420 727 ϐλῆσθαί
2472 673 2531 708 τε
2578 655 2726 726 αύτῷ
2769 655 2838 708 τὰ
2881 655 2972 709 τοῦ
3021 657 3244 721 πένθους
3292 659 3369 719 εἰς
3420 657 3755 729 εὐφροσύνην

2195 748 2447 820 σημαίνει
2479 746 2571 800 καὶ
2601 747 2667 800 δι’
2689 740 2762 800 ὧν
2795 748 2984 818 φησίν·
3015 749 3343 816 Ἕστρεψας
3376 746 3482 801 τὸν
3503 748 3757 803 κοπετὸν

2194 843 2281 907 εἰς
2335 839 2527 909 χαρὰν
2580 839 2742 907 ἐμοί·
2791 837 3103 907 διέῤῥηξας
3158 841 3264 892 τὸν
3322 838 3557 892 σάκκον
3611 857 3754 908 μου,

2195 931 2292 985 καί
2325 929 2681 999 περιέζωσάς
2714 946 2791 999 με
2829 932 3230 999 εὐφροσύνην.
3266 930 3617 1002 Δεδειγμένου
3650 931 3758 985 τοί-

2195 1040 2290 1077 νυν
2321 1021 2415 1075 τοῦ
2458 1021 2605 1075 οἴκου
2633 1021 2731 1091 τῆς
2768 1019 2861 1074 τοῦ
2895 1019 3052 1073 Δαυῗδ
3083 1020 3277 1091 ψυχῆς,
3313 1021 3420 1094 ἄρα
3460 1021 3537 1092 τῷ
3569 1025 3757 1089 ἐγκαι-

2195 1113 2371 1185 νισμῷ
2423 1112 2516 1167 τοῦ
2564 1110 2798 1166 τοιούτου
2845 1109 2994 1165 οἴκου
3050 1110 3376 1182 ἐφαρμόζειν
3426 1110 3493 1163 τὰ
3538 1110 3759 1182 προκεί-

2199 1222 2356 1276 μενα.

2276 1294 2528 1364 Ὑψώσω
2559 1312 2653 1360 σε,
2693 1295 2888 1363 Κύριε,
2927 1294 3015 1347 ὅτι
3048 1291 3341 1357 ὑπέλαϐές
3367 1309 3475 1361 με,
3518 1291 3613 1345 καί
3646 1294 3757 1347 οὐκ

2194 1387 2504 1456 ηὔφρανας
2551 1386 2690 1452 τοὺς
2741 1386 2990 1453 ἐχθρούς
3036 1403 3154 1453 μου
3209 1385 3300 1437 ἐπ’
3346 1383 3493 1447 ἐμοί.
3527 1383 3760 1451 Κύριεό

2198 1480 2341 1545 Θεός
2366 1497 2505 1549 μου,
2539 1476 2834 1545 ἐκέκραξα
2878 1476 3026 1544 πρὸς
3056 1477 3162 1535 σὲ.
3197 1476 3294 1529 καὶ
3336 1474 3482 1528 ἰάσω
3502 1492 3622 1545 μοι.
3648 1474 3762 1530 Κύ-

2188 1589 2301 1640 ριε,
2344 1571 2641 1641 ἀνήγαγες
2669 1571 2738 1637 ἐξ
2776 1570 2923 1638 ᾅδου
2961 1568 3075 1636 τὴν
3106 1568 3315 1636 ψυχήν
3339 1586 3480 1637 μου,
3522 1565 3763 1634 ἐσωσάς

2190 1680 2268 1733 με
2302 1662 2418 1717 ἀπὸ
2465 1661 2585 1716 τῶν
2626 1661 3100 1717 καταϐαινόντων
3143 1662 3229 1724 εις
3270 1659 3518 1713 λάκκον.
3578 1655 3763 1712 Ταῦτα

2201 1755 2300 1826 μὲν
2331 1756 2360 1806 ὁ
2382 1753 2544 1808 Δαυῒδ
2580 1753 2666 1806 διὰ
2703 1754 2797 1807 τοῦ
2846 1751 2982 1824 μετά
3020 1753 3204 1822 χεῖρας
3245 1750 3457 1822 ψαλμοῦ
3486 1750 3663 1818 λέγει’
3705 1749 3763 1803 ὲν

526 1838 710 1892 mabat
741 1839 855 1908 ipse
880 1858 893 1893 :
923 1838 1011 1891 Ad
1040 1850 1108 1903 te,
1137 1838 1374 1904 Domine,
1395 1839 1658 1903 clamabo,
1686 1838 1827 1893 Deus
1851 1854 2016 1901 meus,
2037 1855 2097 1891 ne

2197 1847 2254 1900 δὲ
2298 1846 2375 1918 τῷ
2413 1846 2642 1917 εἰκοστῷ
2676 1844 2887 1916 ἑϐδόμῳ
2923 1843 3121 1915 ψαλμῷ
3165 1844 3193 1895 ὁ
3225 1843 3382 1905 αὐτὸς
3412 1841 3539 1895 ἐϐόα
3568 1840 3762 1909 λέγων·

524 1930 683 1985 sileas
723 1949 755 1985 a
797 1948 896 1993 me,
924 1950 987 1985 ne
1019 1930 1228 2002 quando
1260 1941 1436 1987 taceas
1478 1949 1513 1987 a
1541 1949 1643 1998 me,
1672 1941 1722 1986 et
1755 1930 2095 1986 assimitabor

523 2022 952 2080 descendentibus
998 2026 1056 2079 in
1085 2026 1282 2080 lacum.
1317 2024 1424 2080 Sed
1455 2027 1584 2096 quia
1615 2025 1689 2081 ibi
1720 2026 1801 2081 sic
1831 2027 2096 2095 precaba-

524 2123 638 2182 tur,
665 2115 758 2170 hic
786 2116 996 2186 gratias
1027 2116 1139 2186 agit
1186 2124 1247 2170 ut
1290 2116 1552 2174 detrusus
1590 2125 1718 2172 ante
1748 2124 1803 2171 et
1839 2117 2095 2187 delapsus

527 2208 583 2261 in
608 2207 810 2273 lacum,
847 2208 942 2261 sed
971 2206 1085 2275 jam
1116 2207 1375 2263 reductus
1397 2215 1450 2263 et
1483 2215 1674 2264 erutus
1702 2224 1769 2263 ex
1801 2223 1888 2273 eo,
1919 2224 2097 2279 neque

526 2298 728 2354 similia
763 2313 960 2367 passus
989 2298 1059 2355 iis
1089 2299 1182 2370 qui
1217 2314 1340 2354 cum
1368 2299 1421 2353 in
1454 2298 1631 2369 ipsum
1660 2300 2093 2363 descendissent,

527 2403 809 2459 nunquam
838 2388 965 2445 inde
1000 2400 1190 2460 postea
1244 2397 1609 2446 emerserunt.
1643 2389 1777 2443 Nam
1808 2406 1932 2445 cum
1982 2391 2097 2461 pri-

528 2482 634 2539 mis
666 2482 886 2537 beatum
911 2492 995 2538 est
1023 2498 1132 2537 non
1157 2497 1420 2552 peccare;
1457 2489 1512 2536 at
1543 2483 1670 2553 quia
1707 2482 1961 2538 humana:
1995 2498 2095 2537 na-

525 2582 666 2629 tura:
694 2574 985 2630 inﬁrmitas
1010 2576 1254 2647 peccatis
1294 2575 1575 2645 subjacet;
1632 2574 1931 2631 secundam
1971 2574 2097 2646 quis

525 2669 926 2739 navigationem
955 2683 1079 2724 esse
1110 2667 1335 2731 dixerit,
1374 2667 1443 2722 ad
1485 2668 1688 2723 bonum
1724 2683 1783 2724 se
1812 2683 2093 2734 revocare,

524 2775 591 2816 ac
612 2769 736 2832 post
761 2760 1014 2816 morbum
1044 2776 1167 2818 sese
1189 2760 1486 2835 restituere
1515 2774 1580 2814 ac
1610 2760 1916 2817 naturalem
1949 2762 2096 2817 reci-

522 2869 653 2926 pere
675 2854 984 2913 sanitatem.

592 3117 761 3176 Vns.
789 3120 843 3186 5,
878 3119 933 3174 6.
980 3118 1203 3174 Psallite
1233 3118 1479 3184 Domino,
1510 3119 1681 3172 sancti
1727 3117 1862 3187 ejus,
1902 3126 1951 3171 et
1980 3133 2101 3171 con-

532 3208 749 3264 litemini
804 3208 1073 3262 memoria:
1132 3209 1438 3262 sanctitatis
1492 3207 1628 3277 ejus.
1693 3206 1958 3273 Quoniam
2012 3182 2171 3259 iraC

525 3300 582 3355 in
634 3300 997 3370 indignatione
1046 3300 1183 3370 ejus,
1252 3309 1302 3353 et
1361 3300 1471 3352 vita
1526 3300 1583 3352 in
1631 3297 1901 3352 voluntate
1958 3296 2095 3367 ejus.

531 3390 711 3463 Rogat
756 3399 817 3446 ut
866 3391 974 3448 sibi
1028 3390 1314 3461 pmnitenti
1371 3389 1843 3460 congratulentur.
1884 3396 1938 3443 et
1971 3403 2101 3442 con-

526 3483 807 3548 ﬁteantur,
850 3482 905 3539 id
952 3489 1058 3545 est,
1106 3481 1313 3552 gratias
1358 3491 1524 3551 agant
1552 3478 1828 3533 memoriae
1889 3478 2098 3534 sancti-

525 3576 658 3630 tatis
684 3573 846 3644 ejus;
899 3587 965 3627 ac
1015 3571 1062 3626 si
1096 3572 1325 3633 diceret,
1371 3577 1432 3623 ut
1465 3569 1784 3624 memoriam
1816 3568 2096 3632 refricem,

524 3680 706 3737 neque
747 3665 1148 3720 obliviscantur
1179 3663 1448 3717 bonorum
1493 3677 1615 3732 quae
1645 3660 1962 3716 hominibus
1993 3659 2099 3714 Do-

526 3759 713 3813 minus
752 3755 1208 3811 subministravit.
1241 3754 1379 3810 Cum
1420 3754 1613 3825 primis
1664 3762 1845 3807 autem
1880 3766 1979 3822 par
2015 3759 2101 3807 est

526 3848 827 3919 gratiarum
889 3846 1197 3900 actionibus
1249 3846 1528 3910 insistere,
1583 3858 1855 3899 memores
1901 3842 2100 3897 divina:

526 3937 903 4009 benignitatis,
939 3952 1061 4007 quae
1096 3944 1248 3990 tanta
1281 3943 1387 4001 est,
1423 3945 1481 3990 ut
1508 3950 1787 4005 nunquam
1829 3934 1958 3989 velit
1989 3949 2099 3988 ma-

525 4030 638 4087 lum
667 4029 983 4085 hominibus
1010 4027 1293 4083 obvenire.
1335 4026 1493 4094 Quod
1522 4028 1569 4083 si
1596 4028 1881 4097 contingat
1908 4040 2100 4096 quem-

524 4123 670 4194 piam
692 4122 763 4177 ob
785 4120 1064 4192 propriam
1095 4119 1501 4190 improbitatem
1529 4120 1893 4190 castigatione
1917 4131 2098 4190 egere,

524 4216 643 4286 ipse
671 4215 778 4270 sibi
803 4214 938 4268 iram
962 4211 1359 4283 indignationis
1387 4219 1671 4283 procurat.
1696 4211 1858 4267 Certe
1898 4211 2098 4266 volun-

531 4316 621 4360 tas
644 4302 740 4360 Dei
773 4320 885 4360 non
917 4314 1150 4360 mortem
1172 4303 1509 4367 hominibus,
1534 4301 1630 4358 sed
1662 4301 1829 4355 vitam
1871 4303 2095 4372 expetit.

531 4396 715 4466 Quare
745 4398 853 4453 alio
876 4399 933 4453 in
961 4399 1083 4454 loco
1116 4398 1320 4461 dicitur
1351 4415 1366 4451 :
1407 4395 1533 4449 Vivo
1574 4411 1690 4465 ego,
1736 4394 1866 4447 dicit
1918 4395 2099 4449 Domi-

2194 1937 2348 2005 Πρὸς
2396 1935 2508 1998 σὲ,
2551 1936 2748 2004 Κύριε,
2786 1932 3171 2003 κεκράξομαι,
3224 1936 3256 1986 ὀ
3300 1933 3445 1997 Θεός
3486 1949 3639 2001 μου,
3678 1929 3765 2000 μὴ

2194 2027 2673 2098 παρασιωπησῃς
2705 2027 2805 2081 ἀπ’
2839 2026 3005 2097 ἐμοῦ,
3030 2024 3262 2095 μήποτε
3293 2020 3767 2091 παρασιωπήσῃς

2194 2121 2295 2175 ἀπ’
2328 2120 2474 2190 ἐμοῦ
2494 2161 2509 2184 ,
2544 2122 2645 2173 καὶ
2680 2118 3117 2189 όμοιωθήσομαι
3146 2116 3268 2181 τοῖς
3301 2114 3768 2169 καταϐαίνουσιν

2195 2216 2282 2280 εὶς
2310 2213 2557 2268 λάκκον.
2604 2212 2742 2265 Ἀλλ’
2775 2212 2901 2264 ἐπεὶ
2936 2210 3034 2282 μὲν
3065 2209 3238 2263 ταῦτα
3273 2206 3499 2278 ηὔχετο·
3535 2204 3768 2260 ἐνταῦθα
3875 2272 3891 2283 ο

2195 2305 2252 2358 δὲ
2268 2306 2577 2377 εὐχαριστεῖ
2598 2304 2672 2368 ὼς
2695 2302 3039 2373 κατενεχθεὶς
3058 2302 3316 2374 πρότερον
3335 2300 3427 2352 καὶ
3447 2294 3769 2351 καταπεσὼν

2197 2398 2276 2461 είς
2307 2397 2399 2449 τὸν
2431 2396 2650 2459 λάκκον,
2671 2394 2979 2465 ἀνενεχθεὶς
3005 2393 3063 2447 δὲ
3085 2392 3244 2447 πάλιν
3269 2391 3365 2446 καὶ
3385 2388 3682 2452 ἀνασωθεὶς
3710 2387 3770 2455 ἑξ

2197 2485 2381 2551 αὑτοῦ,
2412 2487 2507 2541 καὶ⁵
2536 2486 2611 2558 μὴ
2637 2484 2811 2554 ταῦτα
2844 2483 3033 2537 παθὼν
3063 2485 3174 2547 τοῖς
3206 2478 3638 2551 καταϐεϐηκόσιν
3670 2477 3771 2549 μὲν

2197 2579 2276 2641 εἰς
2313 2577 2495 2641 αὑτὸν,
2545 2576 2620 2647 μὴ
2664 2573 3031 2644 ἀναϐεϐηκόσι
3076 2572 3162 2626 δέ·
3198 2569 3621 2645 προηγουμένως
3662 2567 3773 2640 γὰρ

2200 2668 2469 2739 μακάριον
2507 2667 2567 2720 τὸ
2609 2666 2684 2737 μὴ
2724 2667 3026 2738 ἁμαρτεῖν’
3076 2662 3263 2734 ἐπειδὴ
3304 2665 3338 2735 ἡ
3375 2661 3626 2715 ἀσθένεια
3668 2659 3772 2730 τῆς

2196 2759 2544 2830 ἀνθρωπίνης
2572 2759 2785 2829 φύσεως
2812 2757 3021 2821 τούτοις
3065 2756 3366 2818 ὑπόκειται,
3396 2751 3668 2823 δεύτερος,
3695 2751 3773 2815 ὡς

2196 2848 2262 2902 ἂν
2288 2848 2431 2901 εἴποι
2457 2865 2560 2913 τις,
2590 2847 2755 2912 πλοῦς
2779 2847 2839 2901 τὸ
2869 2844 3203 2901 ἀναπαλέσαι
3230 2843 3351 2916 (sic)
3380 2841 3564 2905 καλὸν,
3594 2840 3690 2894 κα)⁵
3711 2837 3773 2892 τὸ

2197 2940 2484 2995 ἀναλαϐεῖν
2509 2939 2702 2992 ταύτὸν
2726 2938 2867 3011 μετά
2891 2938 2989 3010 τὴν
3014 2936 3189 2999 νόσον,
3216 2935 3310 2990 καὶ
3331 2934 3429 3007 τὴν
3453 2932 3592 2987 κατά
3614 2931 3772 3002 φύσιν

2198 3032 2487 3086 ἀπολαϐεῖν
2512 3032 2717 3101 ὑγείαν.

2277 3126 2514 3182 Ψάλατε
2544 3126 2624 3193 τῷ
2652 3126 2848 3195 Κυρίῳ
2886 3128 2941 3179 οἱ
2978 3125 3133 3179 ὅσιοι
3178 3122 3394 3187 αὐτοῦ,
3430 3120 3529 3175 καί
3561 3120 3771 3190 ἐξομο-

2200 3222 2476 3293 λογεῖσθε
2507 3220 2581 3290 τῇ
2616 3219 2824 3291 μνήμῃ
2859 3219 2971 3289 τῆς
3026 3218 3369 3289 ἁγιωσύνης
3402 3214 3609 3270 αὐτοῦ.
3652 3214 3771 3266 Ὅτι

2199 3314 2343 3385 ὀργὴ
2376 3315 2445 3367 ἐν
2475 3313 2555 3379 τῷ
2578 3311 2743 3382 θυμῷ
2771 3312 2980 3378 αὑτοῦ,
3015 3310 3115 3364 καί
3143 3308 3253 3378 ζωὴ
3285 3309 3354 3362 ἐν
3382 3307 3469 3374 τῷ
3487 3305 3772 3376 θελήματι

2198 3407 2406 3463 αὐτοῦ.
2450 3405 2773 3476 Συγχαίρειν
2803 3403 2953 3475 αύτῷ
2987 3404 3402 3475 μετανοήσαντι,
3443 3402 3539 3454 καὶ
3583 3399 3770 3471 ἐξομο-

2198 3497 2471 3568 λογεῖσθαι
2499 3536 2515 3561 ,
2573 3495 2847 3550 τουτέστιν
2909 3494 3248 3567 εὐχαριστεῖν
3299 3495 3366 3564 τῇ
3426 3494 3612 3563 μνήμῃ
3673 3489 3771 3561 τῆς

2200 3587 2508 3658 ἁγιωσύνης
2540 3585 2731 3641 αὐτοῦ·
2782 3585 2904 3639 ἀντὶ
2946 3585 3062 3650 τοῦ,
3097 3585 3195 3656 τὴν
3231 3585 3448 3655 μνήμην
3480 3584 3772 3647 ἀναζωπυ-

2204 3680 2443 3753 ροῦντες,
2476 3678 2597 3750 μηδ’
2628 3677 3103 3747 ἐπιλανθανόμενοι
3131 3676 3239 3730 τῶν
3269 3675 3418 3748 παρά
3452 3674 3546 3729 τοῦ
3569 3674 3776 3746 Κυρίου

2200 3775 2617 3847 χορηγουμένων
2650 3772 2957 3845 ἀνθρώποις
2979 3773 3219 3842 ἀγαθῶν.
3237 3772 3487 3826 Μάλιστα
3515 3771 3574 3824 δὲ
3608 3785 3777 3841 προσ-

2201 3871 2324 3938 ﬂuet
2389 3868 2486 3939 τὴν
2518 3868 2864 3940 εὐχαριστίαν
2909 3866 3216 3929 ἐπιτείνειν,
3257 3864 3634 3936 μεμνημένους
3677 3862 3776 3931 τῆς

2199 3954 2291 4008 τοῦ
2322 3954 2456 4009 Θεοῦ
2484 3956 2913 4028 φιλανθρωπίας,
2956 3956 3080 4025 ἥτις
3119 3952 3355 4020 τοσαύτη
3389 3950 3665 4018 τυγχάνει,
3699 3947 3776 4007 ὡς

2204 4047 2472 4118 μηδέποτε
2518 4047 2802 4117 βούλεσθαί
2834 4064 2885 4100 τι
2927 4046 3095 4098 κακὸν
3132 4040 3458 4110 ἀνθρώποις.
3501 4039 3566 4091 El
3593 4038 3651 4089 δὲ
3680 4036 3776 4089 καί

2200 4140 2332 4192 ποτέ
2388 4157 2472 4203 τις
2520 4139 2608 4192 διὰ
2667 4138 2765 4209 τὴν
2812 4136 3018 4190 οἰκείαν
3076 4128 3376 4202 μοχθηρίαν
3444 4125 3777 4198 ἐπιστροφῆς

2197 4230 2414 4303 δεηθείη
2442 4271 2457 4295 ,
2520 4230 2684 4294 αὐτὸς
2752 4227 2849 4298 μὲν
2907 4221 3084 4292 ἑαυτῷ
3143 4218 3542 4284 κατασκευάζει
3604 4218 3774 4289 θυμὸν

2198 4323 2401 4395 ὀργῆς·
2441 4321 2502 4375 τό
2533 4337 2597 4388 γε
2629 4318 2735 4390 μὴν
2769 4317 2980 4385 θέλημα
3007 4313 3100 4367 τοῦ
3133 4311 3269 4367 Θεοῦ
3291 4352 3306 4376 ,
3350 4314 3559 4384 μήποτε
3592 4312 3776 4383 βούλε-

2197 4416 2319 4469 σθαι
2364 4413 2590 4467 θάνατον
2635 4408 2925 4479 ἀνθρώπῳ,
2972 4405 3107 4459 ἀλλά
3151 4405 3316 4475 ζωήν.
3363 4404 3453 4457 Διὸ
3480 4405 3538 4458 ἐν
3571 4403 3776 4475 ἑτέροις

525 4506 647 4557 nus,
681 4490 803 4544 nolo
829 4499 1051 4544 mortem
1077 4488 1392 4559 peccatoris,
1423 4485 1512 4541 sed
1538 4486 1713 4555 potius
1735 4485 2095 4552 paenitentiam

2197 4507 2414 4575 λέγεται
2432 4522 2444 4533 ’
2480 4501 2572 4556 Ζῶ
2601 4500 2736 4570 ἐγὼ,
2768 4498 2927 4569 λέγει
2958 4498 3173 4565 Κύριος
3191 4512 3205 4526 ⁶
3239 4498 3311 4549 οὐ
3339 4495 3641 4564 ,βούλομαι
3667 4493 3778 4548 τὸν

523 4581 637 4651 ejus
660 4580 728 4637 ".
758 4580 963 4637 Eodem
994 4595 1213 4652 quoque
1256 4579 1418 4634 modo
1449 4579 1537 4633 hic
1585 4578 1793 4634 dictum
1829 4587 1933 4644 est,
1975 4578 2097 4631 Vita

2205 4596 2464 4651 θάνατον
2503 4593 2607 4647 τοῦ
2641 4589 2992 4661 ἀμαρτωλοῦ
3037 4589 3118 4655 ὡς
3162 4586 3279 4655 τὴν
3311 4585 3636 4655 μετάνοιαν
3671 4585 3777 4638 αὐ-

525 4672 581 4727 in
605 4673 873 4728 voluntate
900 4673 1050 4743 ejus;
1084 4689 1196 4729 non
1223 4673 1368 4728 enim
1413 4673 1498 4726 ira
1540 4672 1596 4726 in
1646 4673 1915 4726 uoluntate
1958 4673 2094 4740 ejus.

529 4762 673 4820 Sane
704 4773 904 4836 prater
933 4764 1028 4820 Dei
1058 4765 1402 4836 propositum
1436 4779 1500 4818 ac
1532 4774 1731 4834 praeter
1759 4766 2096 4820 voluntatem

526 4854 649 4925 ejus
696 4857 1051 4927 peccantibus
1100 4855 1405 4927 indignatio
1451 4865 1506 4912 et
1541 4857 1622 4911 ira
1664 4865 2091 4927 praeparantur:

525 4948 673 5020 quod
709 4949 781 5003 ita
812 4949 1052 5005 declarat
1096 4949 1392 5019 Apostolus
1432 4966 1445 5003 :
1484 4949 1564 5002 An
1594 4948 1806 5002 divitias
1843 4948 2094 5003 bonitatis

522 5042 661 5112 ejus,
693 5050 743 5096 et
771 5042 1037 5111 patientia:
1058 5051 1107 5096 et
1137 5041 1560 5112 longanimitatis
1589 5041 1915 5094 contemnis?
1943 5041 2097 5110 igno-

521 5150 650 5188 rans
682 5135 932 5206 quoniam
961 5135 1256 5205 benignitas
1286 5133 1383 5186 Dei
1419 5133 1488 5185 ad
1512 5132 1873 5202 paenitentiam
1921 5139 1969 5183 te
2000 5128 2098 5183 ad-

520 5227 690 5282 ducit.
723 5226 1021 5282 Secundum
1044 5235 1219 5280 autem
1243 5225 1501 5279 duritiam
1531 5234 1676 5278 tuam
1698 5233 1745 5277 et
1768 5223 2093 5288 impaznitens

522 5333 635 5381 cor,
653 5317 986 5372 thesaurizas
1001 5316 1095 5369 tibi
1110 5317 1314 5370 iramin
1332 5315 1416 5370 die
1434 5318 1530 5370 ira:
1546 5325 1595 5369 et
1616 5312 1948 5368 reuelationis
1956 5312 2095 5382 justi

525 5408 710 5472 iudicii
721 5408 840 5472 Dei,
853 5408 941 5477 qui
954 5407 1132 5461 reddet
1150 5409 1427 5476 unicuique
1438 5406 1719 5461 secundum
1733 5419 1891 5473 opera
1908 5402 2092 5472 ejus".

2204 4685 2330 4741 τοῦ.
2385 4684 2541 4738 Οὖτω
2568 4683 2697 4754 γοῦν
2729 4683 2824 4736 καὶ
2856 4680 3091 4735 ἐνταῦθα
3121 4680 3390 4733 λέλεκται⁹
3437 4677 3566 4745 Ζωὴ
3598 4677 3667 4730 ἐν
3694 4673 3776 4741 τῷ

2203 4775 2486 4844 θελήματι
2534 4774 2747 4828 αὑτοῦ·
2802 4775 2862 4827 οὐ
2909 4773 3019 4845 γὰρ
3074 4770 3220 4842 ὀργὴ
3263 4771 3333 4823 ἐν
3370 4768 3451 4835 τῷ
3492 4767 3776 4837 θελήματι

2202 4866 2406 4921 αὐτοῦ.
2477 4865 2634 4937 Παρά
2696 4865 3014 4937 προαίρεσιν
3068 4863 3126 4916 δὲ
3178 4860 3313 4914 Θεοῦ
3367 4861 3462 4915 καὶ
3510 4859 3663 4931 παρὰ
3713 4858 3776 4912 τὸ

2206 4957 2452 5031 βούλημα
2502 4958 2668 5012 αὑτοῦ
2722 4961 2835 5022 τοῖς
2883 4955 3256 5028 ἁμαρτάνουσι
3313 4952 3775 5016 κατασκευάζεται

2203 5048 2375 5118 θυμὸς
2426 5047 2521 5100 καὶ
2576 5047 2741 5121 ὀργή·
2801 5047 2832 5100 ὃ
2878 5047 2941 5118 δὴ
2991 5047 3322 5118 παρίστησιν
3373 5045 3402 5098 ὁ
3459 5042 3778 5107 Ἀπόστολος

2205 5140 2381 5209 φήσας
2401 5156 2414 5168 ·
2453 5140 2523 5192 Ἦ
2548 5141 2653 5193 τοῦ
2686 5141 2954 5194 πλούτου
2988 5138 3099 5206 τῆς
3122 5137 3533 5207 χρηστότητος
3567 5133 3775 5198 αὐτοῦ,

2204 5227 2303 5280 καὶ
2341 5227 2451 5296 τῆς
2480 5228 2711 5298 ἀνοχῆς
2754 5228 2854 5282 καί
2894 5226 3002 5296 τῆς
3032 5226 3445 5297 μακροθυμίας
3483 5240 3777 5293 καταφρο-

2200 5316 2362 5383 νεῖς;
2423 5317 2678 5388 ἀγνοῶν,
2732 5318 2822 5371 ὅτι
2875 5317 2941 5371 τὸ
2996 5317 3265 5386 χρηστὸν
3319 5315 3425 5369 τοῦ
3485 5314 3632 5369 Θεοῦ
3692 5315 3782 5380 εὶς

2193 5405 2519 5475 μετάνοιάν
2547 5424 2621 5462 σε
2647 5406 2791 5475 ἄγει.
2822 5407 2985 5461 Κατὰ
3014 5406 3084 5459 δὲ
3112 5407 3225 5474 τὴν
3254 5402 3637 5472 σκληρότητά
3660 5417 3782 5458 σου

526 5506 624 5560 καὶ
671 5504 1078 5574 ἀμετανόητον
1122 5502 1406 5570 καρδίαν,
1470 5498 1848 5567 θησαυρίζεις
1897 5497 2132 5565 σεαυτῷ
2184 5501 2373 5569 ὀργὴν
2422 5501 2492 5554 ἐν
2541 5500 2732 5570 ἡμέρᾳ
2785 5502 2967 5573 ὀργῆς
3024 5502 3125 5557 καί
3184 5501 3620 5570 ἀποκαλύψεως
3679 5493 3784 5554 καί

526 5595 959 5664 δικαιοκρισίας
1003 5594 1109 5648 τοῦ
1164 5595 1312 5648 Θεοῦ
1333 5634 1348 5659 ,
1396 5594 1464 5660 ὃς
1510 5592 1808 5647 ἀποδώσει
1865 5592 2098 5657 ἑκάστῳ
2134 5594 2283 5647 κατὰ
2319 5594 2391 5647 τὰ
2421 5594 2565 5665 ἔργα
2587 5595 2791 5649 αὑτοῦ.

593 5775 644 5809 ⁸⁸
681 5773 877 5831 Ezech.
919 5788 1085 5839 xvnz,
1115 5771 1204 5827 93.
1284 5770 1328 5802 ⁸⁸
1369 5767 1524 5824 Rom.
1564 5783 1638 5836 ιι,
1677 5768 1793 5824 4-6.
