4100 6378
361 352 466 409 9.61

1481 348 1979 406 COMMENTARIA
2017 350 2083 405 IN
2121 350 2465 407 PSALMOS.

3488 356 3593 414 ὶσῖ

444 468 585 539 Ἐγὼ
621 468 690 521 δὲ
722 469 858 522 εἶπα
898 468 966 521 ἐν
1006 468 1081 536 τῇ
1118 469 1365 536 εὐθηνίςι
1402 486 1539 538 μου·
1580 473 1662 523 Οὐ
1690 470 1777 540 μὴ
1816 486 1924 524 σα-

2096 469 2260 526 Vens.
2298 472 2353 536 7,
2379 471 2432 525 8.
2477 469 2588 539 Ego
2626 478 2801 523 autem
2837 470 2952 523 dixi
2980 472 3035 525 in
3070 471 3397 528 abundantia
3440 487 3577 525 mea.

360 560 555 618 ,πενθῶ
584 562 671 626 εὶς
696 560 802 613 τὸν
826 558 1027 613 αἰῶνα.
1053 561 1260 613 Δικαιοῖ
1283 560 1381 630 τὴν
1404 561 1581 632 κρίσιν
1609 562 1699 614 τοῦ
1723 562 1925 632 Κυρίου

355 649 636 721 ὁμολογῶν
682 649 842 702 πόθεν
887 648 1034 719 αὐτῷ
1070 648 1411 720 συμϐέϐηκεν
1453 651 1487 721 ἡ
1527 650 1761 714 πτῶσις·
1807 652 1926 705 δέον

366 741 476 812 γάρ
511 740 717 792 ἑστῶτα
740 740 806 792 ἐν
844 742 910 810 τῇ
948 738 1097 809 παρὰ
1133 738 1210 809 τῷ
1236 740 1355 810 Θεῷ
1388 741 1572 793 στάσει
1617 742 1925 812 μεμνῆσθαι

362 831 455 883 τοῦ
491 830 786 898 φάσκοντος
826 829 983 898 λόγου
1002 846 1015 859 ’
1052 830 1105 882 '0
1127 829 1319 883 δοκῶν
1350 829 1617 894 ἑστάναι,
1646 831 1924 895 βλεπέτω

356 920 446 989 μὴ
494 917 690 989 πέσῃ,
741 921 1020 990 ὁμολογεῖν
1066 938 1126 974 τε
1148 921 1225 991 τῷ
1264 920 1382 992 Θεῷ
1426 922 1584 991 χάριν
1636 923 1777 995 ὑπὲρ
1828 924 1928 993 τῆς

367 1011 629 1075 στάσεως.
676 1012 733 1065 Ὀ
759 1012 836 1076 δὲ,
888 1013 988 1067 οὐκ
1032 1013 1207 1085 ὀρθῶς
1258 1014 1630 1087 λογισάμενος,
1655 1016 1805 1088 παρά
1830 1017 1929 1088 τὴν

360 1102 529 1156 αὑτοῦ
563 1104 761 1177 ἀρετὴν
803 1106 861 1158 ὲν
894 1106 1007 1169 τοῖς
1038 1105 1340 1170 καλλίστοις
1387 1108 1606 1161 ἑστάναι
1650 1107 1924 1180 ἐνόμιζεν·

360 1194 631 1264 ἀπέφαινε
663 1212 722 1248 τε
756 1196 944 1251 ἑαυτὸν
976 1197 1069 1250 καὶ
1107 1198 1372 1270 ἄτρεπτον
1405 1200 1497 1252 καὶ
1538 1200 1925 1272 ἀμετάϐλητον.

360 1285 560 1353 Κύριε,
576 1286 647 1339 ἐν
687 1283 769 1350 τῷ
801 1284 1085 1354 θελήματι
1117 1303 1238 1339 σου
1270 1287 1577 1357 παρέσχου
1612 1288 1691 1355 τῷ
1720 1290 1929 1344 κάλλει

359 1396 481 1449 μου
529 1377 802 1448 δύναμιν.
867 1378 1014 1432 Ἐπεὶ
1066 1378 1240 1433 ταῦτα
1287 1380 1358 1433 τά
1414 1382 1785 1453 προειρημένα
1831 1383 1931 1435 οὑκ

365 1463 544 1536 ὀρθῶς
588 1464 888 1533 ἐλογίζετο,
932 1465 1102 1533 ἔγνω,
1136 1467 1216 1519 ὅτι
1249 1468 1282 1538 ἡ
1319 1468 1504 1533 στάσις
1535 1469 1695 1523 αὑτοῦ
1726 1472 1929 1541 ἐκείνη,

368 1555 463 1609 καὶ
501 1557 535 1626 ὴ
568 1554 787 1625 εὑθηνία
824 1555 919 1610 καὶ
947 1557 1006 1609 τὸ
1043 1558 1243 1629 προσὸν
1268 1559 1416 1631 αὑτῷ
1446 1560 1567 1613 τότε
1613 1562 1804 1626 κάλλος
1834 1564 1933 1615 οὑκ

365 1641 435 1720 ἦν
474 1648 532 1715 ἐξ
568 1648 754 1714 αὑτοῦ,
786 1649 906 1701 οὑδὲ
944 1649 1095 1721 παρά
1120 1650 1216 1721 τὴν
1251 1653 1440 1705 ἑαυτοῦ
1483 1653 1660 1707 αἰτίαν
1691 1654 1933 1725 ὑπῆρχεν

367 1739 535 1810 αὑτῷ.
579 1740 1188 1813 Διὸιέξομολογούμενος
1233 1742 1407 1798 ταῦτά
1458 1763 1620 1816 φησιν
1663 1746 1806 1818 ἔργῳ
1835 1748 1932 1819 τὴν

2028 560 2153 615 Νοη
2185 561 2513 615 movebor'in
2545 570 2822 614 aeternum.
2849 559 3124 615 Iudicium
3151 560 3358 617 Domini
3378 564 3589 633 jusutm

2025 666 2150 708 esse
2181 652 2523 722 comprobat,
2550 650 2680 704 dum
2715 650 3009 705 conﬁtetur
3040 650 3195 706 unde
3248 652 3355 708 sibi
3405 654 3593 723 lapsus

2027 744 2254 797 venerit.
2291 740 2442 812 Opus
2472 742 2618 796 enim
2645 750 2729 796 est
2748 756 2896 802 eum,
2932 742 3026 813 qui
3057 756 3243 795 coram
3296 742 3406 797 Deo
3433 758 3574 797 con-

2028 835 2195 899 sistit,
2232 834 2550 890 meminisse
2581 832 2746 902 hujus
2770 833 2923 899 dicti,
2954 834 3058 899 Qui
3087 832 3292 887 videtur
3314 844 3479 897 stare,
3515 834 3595 889 vi.

2027 925 2150 980 deat
2174 942 2236 981 ne
2265 925 2422 979 cadat
2467 926 2537 993 ⁸⁸,
2593 940 2658 979 ac
2700 924 2934 980 Domino
2968 925 3198 995 gratiam
3230 925 3297 979 de
3333 934 3476 980 statu
3502 926 3595 979 illo

2028 1016 2290 1085 proﬁteri.
2323 1018 2396 1070 At
2418 1016 2510 1071 ille
2549 1029 2658 1069 non
2685 1015 2821 1071 bene
2858 1031 3043 1071 secum
3070 1025 3353 1084 reputans,
3389 1030 3455 1070 ex
3490 1028 3592 1069 sua

2027 1112 2229 1166 virtute
2260 1127 2319 1166 se
2345 1113 2399 1165 in
2432 1109 2713 1180 praeclaris
2735 1116 2882 1164 stare
2905 1109 3205 1163 arbitratus
3227 1115 3310 1163 est
3326 1148 3341 1172 ,
3366 1121 3596 1177 seseque

2028 1203 2445 1267 immutabilem,
2478 1201 2918 1269 immobilemque
2940 1199 3252 1254 declaravit.
3286 1199 3524 1260 Domine,
3540 1200 3596 1253 in

2028 1294 2295 1348 voluntate
2329 1303 2420 1347 tua
2449 1293 2749 1362 prazstitisti
2798 1293 2975 1347 decori
3003 1308 3116 1346 meo
3155 1293 3421 1346 virtutem.
3457 1290 3595 1356 Quia

2031 1387 2285 1456 superius
2338 1393 2635 1439 memorata
2684 1399 2793 1437 non
2849 1391 3000 1438 recte
3029 1382 3416 1445 :estimaverat,
3450 1380 3599 1435 novit

2030 1476 2247 1530 tandem
2276 1480 2478 1529 statum
2523 1474 2699 1538 illum,
2726 1472 3064 1537 felicitatem,
3109 1488 3174 1528 ac
3198 1473 3450 1527 decorem
3484 1486 3600 1541 quo

2033 1573 2164 1619 tunc
2197 1563 2462 1635 fulgebat,
2498 1578 2608 1618 non
2637 1578 2702 1618 ex
2732 1578 2812 1627 se,
2835 1578 3011 1632 neque
3033 1578 3092 1618 se
3121 1570 3346 1617 auctore
3374 1561 3479 1617 sibi
3499 1560 3601 1615 ad-

2034 1654 2226 1708 fuisse.
2254 1651 2599 1722 Quapropter
2630 1668 2753 1706 cum
2778 1667 2841 1706 ex
2875 1667 2935 1706 re
2964 1651 3080 1722 ipsa
3122 1651 3459 1707 inﬁrmitatis
3489 1666 3603 1708 suae

2033 1744 2464 1816 experimentum
2516 1744 2778 1813 cepisset,
2833 1741 2949 1796 haec
2990 1742 3304 1804 conﬁtetur,
3367 1742 3601 1799 dicens:

370 1833 564 1902 πεῖραν
625 1831 953 1903 παραλαϐὼν
1016 1834 1114 1905 τῆς
1161 1834 1356 1888 ἑαυτοῦ
1406 1816 1745 1902 ἀσθενείας-’ί
1778 1816 1931 1897 Ἀπέ-

2040 1835 2290 1890 Avertisti
2319 1834 2509 1903 faciem
2541 1844 2687 1887 tuam
2730 1850 2764 1887 a
2810 1849 2912 1898 me,
2945 1840 2997 1887 et
3030 1833 3205 1901 factus
3245 1849 3362 1887 sum
3389 1842 3603 1888 contur-

366 1923 637 1988 στρεψας
662 1920 729 1974 δέ
758 1938 873 1975 σου
907 1921 973 1976 τὸ
1004 1914 1349 1991 πρόσωπον,
1387 1926 1486 1979 καὶ
1525 1927 1815 1996 ἐγενήθην
1849 1945 1937 1982 τεο

368 2009 750 2081 ταραγμένος.
788 2014 859 2066 Σὺ
894 2013 991 2084 μὲν
1014 2014 1120 2086 γὰρ
1145 2014 1298 2068 οὐδὲν
1336 2015 1494 2070 πλέον
1520 2017 1778 2090 ἔπραξας,
1812 2019 1935 2072 οὔτε

367 2096 545 2167 ὦσας,
578 2103 700 2156 οὔτε
728 2106 1023 2169 κατέϐαλες
1042 2122 1055 2135 ·
1098 2107 1228 2161 αὑτὸ
1257 2108 1314 2161 δὲ
1339 2108 1496 2162 τοῦτο
1550 2110 1640 2165 διά
1668 2112 1767 2183 τὴν
1796 2111 1935 2183 ἐμὴν

367 2194 735 2266 μεγαλαυχίαν
769 2198 1146 2269 μεμονωμένον
1177 2217 1245 2271 με
1267 2201 1488 2265 εἴασας,
1525 2204 1619 2256 καὶ
1652 2204 1749 2273 τῆς
1781 2206 1934 2275 παρὰ

365 2286 461 2340 ea;
497 2287 750 2359 βοηθείας
791 2289 1012 2359 ἔρημον.
1074 2291 1471 2361 Ἀπέστρεψας
1510 2293 1575 2347 τὸ
1615 2295 1936 2361 πρόσωπόν

364 2393 515 2432 σου·
550 2378 658 2446 ἐγὼ
693 2379 749 2431 δὲ
786 2382 1122 2452 παραχρῆμα
1168 2383 1495 2455 ὴλεγλόμην,
1539 2384 1636 2438 καὶ
1659 2386 1936 2455 ἐγινόμην

364 2468 825 2539 τεταραγμένος,
849 2471 1165 2527 ὑποπίπτων
1212 2477 1323 2538 τοῖς
1370 2476 1523 2546 ὲμοϊς
1555 2477 1931 2548 ἁμαρτήμασι,

364 2559 459 2613 καὶ
485 2563 597 2626 τοῖς
629 2563 779 2634 ἐμοῖς
796 2564 898 2633 ,ὲχθ
909 2566 1039 2635 ροῖς.

436 2653 594 2721 Πρὸς
647 2654 757 2718 σὲ,
809 2657 1006 2723 Κύριε,
1040 2656 1428 2727 κεκράξομαι,
1480 2658 1581 2713 καί
1634 2658 1782 2727 πρὸς
1827 2658 1934 2713 τὸν

369 2746 516 2799 Θεόν
541 2762 660 2815 μου
688 2746 1073 2815 δεηθήσομαι.
1125 2749 1219 2813 Τίς
1245 2748 1496 2817 ὠφέλεια
1523 2751 1593 2803 ἐν
1620 2750 1700 2816 τῷ
1733 2751 1935 2819 αἵματί

362 2855 504 2906 μου,
541 2837 612 2890 ἐν
646 2837 727 2903 τῷ
766 2836 1092 2905 καταϐῆναι
1132 2856 1208 2908 με
1250 2843 1335 2905 είς
1379 2840 1737 2910 διαφθοράν;
1775 2843 1933 2897 Κατὰ

368 2926 426 2980 δὲ
459 2927 549 2980 τὸν
573 2927 882 2999 Σύμμαχον·
901 2929 1003 2983 Ἐν
1021 2929 1143 2996 τοῖς
1157 2932 1358 2996 κακοῖς
1370 2935 1687 3002 γενόμενος
1697 2931 1927 3005 ἔλεγονο

370 3018 526 3087 Πρὸς
562 3018 657 3083 σὲ,
685 3021 881 3087 Κύριε,
925 3019 1157 3086 βοήσω,
1213 3021 1313 3075 καί
1357 3038 1431 3076 σε
1478 3022 1586 3076 τὸν
1627 3023 1932 3093 δεσπότην

362 3128 484 3179 μου
534 3110 819 3163 ἱκετεύσω
843 3126 857 3141 ·
912 3110 971 3163 τί
1021 3110 1229 3178 κέρδος
1283 3113 1352 3165 ἐν
1406 3112 1486 3177 τῷ
1534 3114 1735 3182 αἵματί
1776 3133 1926 3184 μου,

369 3197 825 3267 κατενεχθέντος
868 3217 985 3268 μου
1039 3203 1125 3266 εὶς
1166 3200 1528 3268 διαφθοράν;
1581 3202 1677 3271 Μὴ
1731 3205 1933 3274 ἐξομο-

367 3290 692 3362 λογήσεται
723 3306 823 3345 σοι
855 3293 1041 3358 κόνις,
1082 3293 1120 3361 ἢ
1154 3294 1483 3365 ἀπαγγελεῖ
1507 3295 1620 3364 τὴν
1648 3296 1934 3366 ἀλήθειάν

366 3396 521 3447 σου;
559 3381 744 3437 Ταῦτα
787 3384 880 3437 καὶ
920 3382 990 3435 τὰ
1028 3382 1236 3448 τούτοις
1282 3384 1632 3457 παραπλήσια
1688 3387 1931 3453 ἱκετεύω,

368 3469 611 3526 κάτωθεν
641 3472 886 3544 κραυγὰς
906 3472 1091 3543 ,ἀφιεὶς
1122 3473 1228 3526 ἀπὸ
1258 3473 1351 3527 τοῦ
1383 3474 1682 3545 βαθυτάτου
1708 3475 1930 3541 λάκκου,

369 3561 673 3635 πυθόμενος
713 3564 789 3627 ὡς
840 3563 989 3636 παρὰ
1035 3564 1353 3619 διδασκάλου
1403 3567 1590 3637 μαθεῖν
1643 3569 1791 3641 παρά
1840 3569 1932 3623 σοῦ

367 3653 461 3707 τοῦ
488 3654 644 3708 Θεοῦ.
693 3655 789 3719 Τίς
831 3655 1065 3725 ὠφέλεια
1090 3656 1297 3725 γίνεται
1331 3656 1511 3729 ἦὲμοὶ
1550 3659 1583 3729 ἢ
1621 3661 1827 3731 ἑτέροις
1869 3662 1936 3713 ὲκ

366 3743 462 3799 τοῦ
495 3744 628 3816 ἐμοῦ
662 3747 923 3816 αἵματος;
968 3747 1039 3799 Ἦ
1080 3747 1132 3799 τί
1161 3748 1329 3801 ’πλέον
1360 3748 1663 3818 ἀνθρώποις
1705 3751 1934 3822 ὑπάρξει

369 3836 434 3889 ὲκ
460 3835 553 3891 τοῦ
580 3837 678 3907 ἐμὲ
702 3836 872 3891 ἐλθεῖν
896 3839 975 3901 είς
1001 3838 1325 3911 διαφθοράν;
1363 3841 1574 3911 Ἐτέρου
1617 3841 1715 3912 μὲν
1741 3842 1848 3913 γάρ
1877 3845 1934 3895 ἐν

366 3926 446 3999 τῷ
489 3927 679 3998 αἵματι
724 3928 954 4001 ὑπάρξει
996 3920 1161 4001 πολλή
1203 3948 1287 3994 τις
1324 3931 1415 3983 καὶ
1462 3930 1668 4002 μεγάλη
1703 3931 1934 4000 ὠφέλεια

368 4020 447 4092 τῷ
475 4021 637 4073 παντὶ
675 4021 866 4093 κόσμῳ
885 4040 897 4052 ·
933 4022 1151 4078 ἐπειδὰν
1195 4025 1223 4077 ὁ
1252 4023 1344 4086 σὸς
1373 4023 1543 4094 ἀμνὸς
1582 4025 1610 4076 ὁ
1637 4025 1805 4095 αίρων
1838 4024 1935 4094 τὴν

368 4112 642 4184 ἁμαρτίαν
692 4111 786 4166 τοῦ
838 4112 1041 4185 κόσμου
1065 4153 1081 4178 ,
1131 4113 1206 4177 ὡς
1259 4113 1528 4185 πρόϐατον
1582 4115 1675 4167 ἐπὶ
1725 4113 1936 4185 σφαγὴν

369 4203 534 4269 ἔλθοι,
559 4206 655 4259 καὶ
699 4206 775 4270 ὡς
800 4205 970 4277 ἀμνὸς
994 4207 1235 4261 ἐναντίον
1264 4207 1357 4260 τοῦ
1386 4207 1665 4278 κείραντος
1703 4207 1933 4273 ἄφωνος.

370 4294 571 4348 Τούτου
621 4295 730 4367 γὰρ
788 4295 867 4366 τῷ
918 4297 1105 4367 αἵματι
1176 4297 1548 4368 ἀπολύτρωσις
1610 4298 1703 4350 καὶ
1751 4295 1936 4350 κακῶν

370 4386 652 4459 ἐλευθερία
668 4389 799 4444 πᾶσι
817 4390 930 4452 τοῖς
943 4389 1009 4442 δι’
1026 4388 1191 4449 αὑτοῦ
1212 4387 1607 4459 σωθησομένοις
1628 4389 1932 4459 γενήσεται.

2042 1926 2216 1982 batus.
2252 1925 2334 1980 Tu
2363 1926 2585 1996 quidem
2613 1925 2753 1979 nihil
2793 1924 3023 1980 ulterius
3065 1922 3316 1988 eﬂ’ecisti,
3349 1938 3458 1978 non
3504 1926 3604 1979 im-

2040 2020 2228 2090 pulisti
2273 2034 2450 2089 neque
2483 2017 2734 2086 deiecisti
2763 2032 2889 2084 me;
2936 2017 2991 2071 id
3039 2025 3249 2072 tantum
3280 2016 3601 2086 praestitisti.

2041 2118 2102 2163 ut
2130 2124 2217 2163 me
2247 2115 2468 2178 propter
2518 2104 2889 2175 arrogantiam
2936 2120 3112 2159 meam
3164 2105 3364 2170 solum,
3397 2112 3604 2174 tuaque

2040 2217 2143 2272 ope
2172 2215 2406 2254 vacuum
2459 2199 2744 2255 descreres
2782 2215 2796 2250 :
2846 2196 3097 2251 Avertisti
3131 2196 3323 2265 faciem
3353 2206 3521 2263 tuam,
3548 2208 3607 2253 et

2039 2307 2138 2362 ego
2162 2290 2456 2347 confestim
2479 2291 2788 2354 convictus,
2815 2288 2989 2358 factus
3017 2304 3135 2342 sum
3159 2288 3525 2356 conturbatus,
3548 2290 3605 2345 in

2039 2391 2260 2456 peccata
2289 2398 2409 2441 mea
2439 2384 2649 2455 lapsus,
2684 2389 2742 2438 et
2773 2380 3013 2437 inimicis
3039 2380 3176 2440 meis
3213 2380 3465 2437 traditus.

2106 2663 2273 2718 Vens.
2300 2662 2353 2729 9,
2381 2661 2468 2716 10.
2507 2660 2589 2714 Ad
2634 2669 2700 2724 te,
2722 2660 2963 2726 Domine,
2994 2661 3255 2728 clamabo,
3277 2668 3327 2715 et
3353 2660 3422 2715 ad
3441 2659 3607 2714 Deum

2036 2770 2206 2808 meum
2250 2751 2583 2822 deprecabor.
2626 2751 2756 2818 Qua:
2807 2751 3010 2804 utilitas
3065 2752 3120 2805 in
3170 2752 3421 2822 sanguine
3467 2764 3602 2813 meo,

2036 2849 2160 2896 dum
2202 2842 2453 2898 descendo
2480 2843 2533 2896 in
2556 2843 2985 2912 corruptionem?
3010 2841 3323 2897 Secundum
3356 2839 3589 2912 Symma-

2036 2934 2197 2989 chum
2242 2945 2458 2990 autem:
2491 2932 2623 2989 Cum
2664 2935 2718 2988 in
2766 2934 2922 2987 malis
2966 2950 3131 2989 essem
3156 2973 3171 2998 ,
3218 2933 3332 2986 dixi
3365 2948 3384 2987 :
3416 2931 3498 2984 Ad
3528 2941 3600 2994 te,

2035 3027 2275 3090 Domine,
2306 3025 2566 3089 clamabo,
2593 3033 2642 3079 et
2668 3033 2715 3078 te
2744 3024 3026 3078 Dominum
3062 3040 3233 3077 meum
3262 3021 3599 3092 deprecabor.

2036 3118 2191 3186 Quod
2221 3119 2425 3172 lucrum
2453 3118 2506 3171 in
2535 3116 2786 3187 sanguine
2820 3132 2954 3177 meo.
2999 3131 3079 3169 me
3121 3114 3296 3169 delato
3332 3114 3386 3169 in
3419 3128 3607 3167 com.-

2030 3209 2295 3275 ptionem?
2341 3204 2594 3275 Nunquid
2637 3203 2969 3273 confitebitur
3012 3202 3107 3256 tibi
3150 3202 3341 3270 pulvis,
3372 3209 3465 3254 aut
3509 3217 3609 3254 an-

2035 3297 2295 3353 nuntiabit
2333 3298 2598 3350 veritatem
2629 3297 2812 3350 tuam?
2840 3293 2966 3349 Haec
2990 3301 3044 3349 et
3077 3292 3165 3349 his
3186 3292 3383 3347 similia
3415 3291 3610 3362 depre-

2034 3406 2149 3455 cor,
2177 3406 2244 3446 ex
2272 3389 2475 3445 inﬁmis
2515 3404 2579 3443 ac
2614 3404 2683 3444 ex
2732 3386 3163 3459 profundissimo
3192 3386 3315 3440 lacu
3342 3384 3608 3440 clamores

2034 3482 2308 3547 emittens,
2332 3480 2711 3549 sciscitorque,
2743 3487 2801 3533 ut
2834 3493 2866 3532 a
2894 3486 2949 3532 te
2970 3476 3102 3541 Deo,
3132 3492 3231 3532 ceu
3260 3490 3292 3530 a
3324 3475 3605 3545 magistro.

2034 3574 2287 3627 edocear.
2312 3569 2443 3635 Quae
2465 3570 2669 3623 utilitas
2692 3578 2785 3623 aut
2812 3567 2947 3621 mihi
2976 3573 3069 3621 aut
3093 3566 3215 3621 aliis
3237 3581 3303 3620 cx
3334 3564 3606 3635 sanguine

2035 3679 2156 3718 meo
2185 3663 2500 3719 confertur?
2542 3662 2651 3717 Aut
2683 3660 2813 3733 quid
2845 3662 3079 3732 amplius
3124 3660 3435 3715 hominibus
3461 3658 3610 3713 acci-

2037 3756 2127 3810 det
2152 3754 2358 3826 {boni},
2389 3770 2435 3810 ει
2466 3754 2799 3810 descendero
2823 3754 2880 3808 in
2905 3751 3344 3824 corruptionem?
3370 3752 3436 3804 At
3461 3750 3608 3808 enim

2039 3846 2093 3900 in
2124 3846 2348 3900 alterius
2382 3845 2645 3914 sanguine
2692 3844 2860 3897 multa
2901 3858 3203 3913 magnaque
3247 3840 3455 3896 utilitas
3486 3855 3609 3894 unr-

2035 3950 2195 3990 verso
2222 3934 2424 3988 mundo
2447 3934 2703 3999 accedet;
2735 3932 2953 4001 quando
2975 3933 3161 4002 Agnus
3184 3939 3309 3986 tuus
3341 3931 3434 4002 qui
3466 3929 3608 3984 tollit

2034 4035 2317 4097 peccatum
2352 4023 2540 4078 mundi
2565 4024 2632 4087 ⁸⁷,
2664 4022 2818 4092 quasi
2855 4022 2973 4076 ovis
3006 4021 3070 4075 ad
3101 4021 3492 4092 jugulatinnem
3518 4035 3608 4073 ve-

2035 4116 2168 4179 niet,
2193 4121 2248 4168 et
2278 4121 2533 4182 tanquam
2563 4126 2736 4181 agnus
2760 4124 2942 4163 coram
2964 4108 3219 4164 tondente
3249 4124 3308 4163 se
3333 4108 3451 4163 sine
3470 4122 3603 4163 voce

2035 4204 2140 4260 erit
2159 4204 2228 4258 ⁸⁸.
2261 4201 2394 4256 Nam
2427 4217 2495 4257 ex
2517 4201 2681 4271 hujus
2714 4199 2975 4268 sanguine
3004 4197 3303 4269 redemptio
3321 4204 3376 4254 et
3394 4198 3602 4267 ereptio

2038 4312 2068 4351 a
2101 4296 2258 4351 malis
2285 4296 2355 4350 iis
2380 4294 2506 4360 erit,
2536 4294 2631 4365 qui
2680 4308 2773 4364 per
2818 4307 2940 4347 eum
2980 4292 3208 4347 salutem
3255 4290 3601 4346 consecuturi

2038 4399 2184 4446 sunt.
2234 4386 2537 4454 Quinetiam
2589 4386 2886 4441 descensus
2927 4384 3048 4453 ejus
3087 4384 3154 4437 ad
3191 4398 3285 4439 eos
3311 4398 3483 4453 usque
3510 4381 3605 4452 qui

384 4478 544 4533 Ἀλλά
594 4478 689 4533 καὶ
730 4480 763 4549 ή
817 4480 1116 4543 κατάϐασις
1160 4480 1369 4533 ἐκείνου
1404 4481 1437 4550 ἡ
1468 4479 1634 4551 μέχρι
1670 4479 1778 4533 τῶν
1807 4478 1924 4532 δια-

2034 4484 2084 4539 in
2111 4486 2462 4552 corruptione
2492 4486 2546 4535 et
2590 4479 2647 4532 in
2678 4485 2853 4533 morte
2882 4482 3191 4537 versantur,
3223 4475 3408 4529 multis
3439 4486 3606 4529 causa

371 4572 705 4645 φθαρέντων,
741 4572 836 4626 καὶ
862 4574 919 4626 ὲν
952 4572 1162 4642 θανάτῳ
1189 4572 1512 4644 γενομένων,
1542 4572 1752 4636 πολλοῖς
1783 4571 1936 4626 αἰτία

371 4663 646 4735 σωτηρίας
689 4661 860 4716 ἔσται.
895 4661 1092 4726 Πολλὸς
1118 4662 1227 4736 γάρ
1264 4663 1392 4734 χοῦς
1432 4664 1525 4716 καὶ
1564 4662 1732 4734 πολλὴ
1784 4662 1933 4726 κόνις

368 4756 479 4809 τῶν
505 4754 671 4808 πάλαι
708 4755 802 4808 καὶ
831 4753 1099 4826 σαρκίνων
1138 4756 1231 4808 καὶ
1252 4754 1449 4825 χοῖκῶν
1506 4752 1805 4827 ἀνθρώπων
1848 4752 1935 4818 ἐξ-

370 4845 759 4917 ομολογήσεταί
794 4863 903 4900 σοι·
930 4846 979 4900 οἳ
1020 4847 1113 4900 καὶ
1140 4848 1230 4899 ἐπὶ
1272 4847 1334 4900 τὸ
1373 4850 1618 4918 κρεῖττον
1667 4844 1935 4917 μεταϐλη-

370 4936 573 5000 θέντες,
622 4935 990 5006 ἀπαγγελοῦσι
1037 4936 1136 5007 τὴν
1183 4934 1435 5008 ἀλήθειάν
1489 4952 1601 4990 σου.
1646 4937 1794 5007 Μήτι
1838 4930 1931 4988 οὖν

370 5030 465 5084 καὶ
498 5031 555 5083 ἐν
583 5027 660 5099 τῷ
701 5029 819 5099 ἐμῷ
857 5029 1048 5100 αἵματι
1083 5027 1236 5081 ἔσται
1266 5045 1320 5080 τι
1354 5026 1591 5082 τοιοῦτον
1627 5028 1828 5097 ἀγαθὸν
1855 5026 1934 5098 τῷ

369 5123 591 5193 κόσμῳ;
660 5120 692 5193 ἦ
751 5119 1158 5190 ὠφεληθήσεται
1212 5137 1297 5183 τις
1346 5118 1480 5190 ὲμοῦ
1534 5119 1934 5191 κατασυρέντος

367 5213 474 5267 ὑπὸ
503 5210 598 5266 τοῦ
626 5210 892 5278 θανάτου;
924 5209 957 5282 ἢ
989 5210 1117 5282 χοῦς
1146 5212 1239 5263 καὶ
1270 5210 1298 5261 ὁ
1323 5209 1430 5262 ἀπὸ
1458 5208 1552 5263 τοῦ
1585 5208 1679 5279 χοῦ
1710 5208 1935 5279 ληφθεὶς

369 5304 462 5359 καὶ
495 5302 730 5373 γεγονὼς
763 5302 1064 5374 ἄνθρωπος,
1101 5301 1456 5373 μεταϐληθεὶς
1483 5300 1591 5354 ἀπὸ
1622 5298 1714 5353 τοῦ
1747 5298 1930 5370 χοϊκοῦ

369 5396 460 5449 καὶ
484 5396 770 5466 γενόμενος
811 5394 1194 5465 πνευματικὸς,
1222 5392 1523 5462 ἀπαγγελεῖ
1552 5391 1650 5463 τὴν
1676 5391 1930 5464 ἀλήθειάν

370 5503 500 5552 sou;
559 5487 717 5541 Ἀλλά
758 5488 866 5559 γὰρ
906 5486 1057 5540 οὐδὲν
1098 5485 1247 5541 ἔσται
1289 5485 1349 5550 ἐξ
1381 5483 1513 5555 ἐμοῦ
1541 5481 1808 5536 τοιοῦτονσ
1850 5472 1931 5538 διὸ

372 5577 596 5633 ἱκετεύω
661 5579 736 5650 μὴ
791 5578 1120 5651 ὁμοιωθῆναι
1192 5580 1301 5641 τοῖς
1374 5574 1786 5631 καταϐαίνουσιν
1848 5580 1931 5643 είς

374 5672 586 5724 λάκκον.

439 5787 486 5819 ⁸⁸
524 5788 545 5843 1
582 5788 707 5843 Cur.
744 5803 812 5853 ι,
848 5787 937 5842 12·
1011 5787 1053 5820 ⁸⁷
1092 5784 1250 5842 Joan.
1291 5803 1338 5850 ι,
1374 5786 1461 5841 29.
1540 5785 1586 5818 ⁸⁸
1610 5784 1715 5852 lsa,
1742 5798 1858 5851 LIII,
1890 5782 1944 5837 7.

2035 4574 2229 4632 salutis
2273 4573 2397 4629 erit.
2458 4569 2639 4625 Pulvis
2681 4568 2826 4624 enim
2878 4567 3081 4622 multus
3127 4566 3402 4635 multaque
3436 4571 3604 4628 terra,

2036 4666 2318 4722 hominum
2358 4663 2565 4721 scilicet
2604 4661 2734 4717 olim
2780 4659 3081 4713 carnalium
3132 4671 3198 4711 ac
3245 4664 3602 4720 terrenorum,

2036 4757 2381 4816 conﬁtebitur
2402 4756 2498 4812 tibi
2522 4774 2535 4810 :
2558 4753 2653 4825 qui
2675 4752 2731 4806 in
2754 4751 3030 4806 meliorem
3050 4746 3193 4802 versi
3214 4744 3602 4808 conditionem,

2037 4850 2438 4906 annuntiabunt
2490 4846 2772 4902 veritatem
2823 4848 2991 4895 tuam.
3042 4837 3297 4908 Nunquid
3338 4837 3504 4909 igitur
3548 4836 3597 4891 in

2039 4942 2303 5013 sanguine
2347 4954 2468 4995 meo
2515 4938 2622 4993 tale
2666 4934 2943 5006 quidpiam
2985 4933 3188 4987 bonum
3227 4927 3430 4982 mundo
3466 4928 3606 4983 erit?

2037 5034 2119 5087 An
2148 5032 2270 5101 quis
2305 5029 2592 5084 utilitatem
2639 5026 2767 5080 hinc
2815 5022 3114 5095 percipiet,
3158 5020 3205 5074 si
3239 5033 3339 5088 ego
3368 5031 3399 5070 a
3430 5024 3604 5070 morte

2036 5121 2326 5180 detrahar?
2362 5120 2445 5174 An
2489 5119 2667 5191 pulvis
2693 5126 2747 5173 et
2778 5116 2872 5187 qui
2899 5130 2965 5170 ex
2998 5111 3217 5183 pulvere
3246 5117 3496 5178 sumptus
3526 5105 3604 5159 fa-

2036 5225 2159 5271 ctus
2185 5222 2269 5271 est
2296 5213 2477 5277 homo,
2507 5226 2575 5266 ex
2612 5216 2830 5263 terreno
2872 5207 3236 5259 commutatus
3264 5199 3322 5252 in
3347 5195 3604 5267 Spiritus-

2036 5308 2164 5372 lem,
2197 5300 2539 5360 annuntiabit
2567 5300 2844 5354 veritatem
2873 5294 3055 5349 tuam?
3080 5290 3225 5346 Nihil
3254 5304 3386 5345 sane
3411 5287 3601 5356 hujus-

2036 5400 2185 5456 modi
2210 5414 2278 5454 ex
2312 5412 2398 5452 me
2421 5393 2678 5466 prodibit.
2714 5389 3078 5459 Quamobrem
3113 5396 3248 5457 rogo
3296 5396 3366 5437 ne
3408 5376 3602 5436 similis

2042 5488 2164 5545 ﬁam
2191 5484 2649 5545 descendentibus
2676 5483 2732 5538 iu
2760 5484 2959 5537 lacum.
