4100 6400
489 366 596 424 9.63

1187 363 1457 420 EUSEBﬂ
1492 363 1971 421 CASSARIENSIS
2005 363 2155 421 OPP.
2199 362 2379 417 PARS
2415 363 2500 418 ΙΙΙ.
2542 394 2612 404 ——
2645 363 3053 422 EXEGETICA.

3631 368 3731 424 264

555 474 721 531 Vens.
784 475 971 531 "-15.
1003 475 1216 533 Audiuit
1258 479 1532 545 Dominus,
1591 489 1642 534 et
1701 482 1944 536 misertus
1987 498 2041 535 es

2242 482 2496 535 Ἤκουσε
2528 482 2782 549 Κύριος,
2815 480 2911 534 καὶ
2936 478 3163 548 ἠλέησέ
3194 495 3270 547 με
3289 494 3303 508 ⁶
3360 480 3573 547 Κύριος
3602 481 3731 553 bre-

484 569 606 633 mei,
649 567 905 622 Dominus
950 567 1124 637 factus
1175 579 1252 623 est
1295 571 1509 639 adjutor
1549 588 1713 627 meus.
1786 572 2053 627 Converti-

481 660 553 713 sti
607 657 879 728 planctum
943 676 1113 713 meum
1172 661 1226 713 in
1267 661 1518 731 gaudium
1550 662 1679 715 mihi
1708 677 1727 715 :
1752 662 2055 718 conscidiin

483 767 695 805 saccum
724 769 917 817 meum,
946 761 996 807 et
1027 753 1416 808 circumdedisti
1443 771 1523 809 me
1548 756 1757 811 laetitia.
1785 755 1922 811 Cum
1952 757 2053 818 sic,

482 843 683 913 inquit,
722 843 1062 912 deprecarer,
1094 844 1187 913 qui
1233 859 1343 897 non
1394 845 1583 913 procul
1627 850 1713 900 est
1754 844 1824 898 ab
1864 845 1931 900 iis
1960 845 2055 915 qui

485 952 622 1009 pure
660 951 724 991 ac
768 936 997 991 ﬁdeliter
1023 936 1277 991 invocant
1306 938 1506 1007 ipsum,
1536 935 1798 992 Dominus
1829 936 2050 1002 audivit,

485 1026 553 1081 de
581 1040 689 1095 quo
722 1025 923 1079 dictum
953 1036 1035 1079 est
1060 1043 1074 1079 :
1105 1023 1277 1093 Prope
1302 1033 1380 1078 est
1412 1024 1670 1079 Dominus
1699 1022 1941 1077 omnibus
1969 1024 2053 1075 in-

483 1116 783 1169 vocantibus
806 1132 921 1169 eum
968 1116 1023 1169 in
1061 1118 1277 1170 veritate
1302 1117 1348 1149 ⁸⁸
1373 1133 1389 1172 :
1420 1125 1475 1171 et
1504 1126 1789 1187 postquam
1824 1114 2052 1179 audivit,

482 1208 722 1261 misertus
753 1217 831 1260 est
860 1207 981 1268 mei,
1017 1220 1080 1260 ac
1128 1222 1283 1262 suam
1326 1223 1453 1274 erga
1495 1222 1582 1262 me
1623 1206 2052 1261 misericordiam

480 1313 642 1369 opere
668 1297 1042 1368 comprobavit
1070 1317 1082 1351 :
1116 1298 1289 1367 factus
1324 1306 1402 1352 est
1440 1293 1584 1349 enim
1620 1296 1837 1365 adjutor
1883 1314 2048 1351 meus.

478 1390 769 1461 Postquam
826 1404 927 1443 nos
981 1389 1132 1445 hisce
1185 1391 1453 1445 allocutus
1493 1401 1576 1444 est
1604 1390 1808 1453 verbis,
1846 1397 1900 1444 et
1930 1403 2052 1459 quae

479 1483 582 1539 sibi
617 1480 929 1537 acciderant
970 1482 1264 1542 enarravit.
1299 1496 1494 1535 rursus
1542 1482 1838 1551 gratiarum
1881 1480 2051 1534 actio-

478 1590 601 1630 nem
625 1573 692 1628 ad
728 1574 903 1643 ipsum
936 1572 1105 1627 Deum
1149 1574 1434 1638 convertit,
1469 1572 1731 1628 beneﬁcia
1782 1572 1885 1627 sibi
1929 1572 2045 1627 col-

478 1666 585 1719 lata
614 1678 961 1720 enumerans.
1001 1661 1158 1727 Nam,
1190 1663 1386 1734 inquit,
1413 1673 1470 1717 tu
1513 1664 1619 1718 mei
1665 1663 1924 1718 misertus
1961 1678 2045 1727 es,

476 1766 530 1810 et
559 1756 735 1810 tactus
773 1769 831 1809 es
854 1754 1068 1824 adjutor
1095 1769 1280 1822 meus;
1316 1762 1479 1825 atque
1521 1755 1601 1810 sic
1627 1762 1836 1811 veteres
1870 1755 2047 1827 lacry-

2154 570 2307 638 νήθη
2349 573 2575 641 ,βοηθός
2610 590 2748 641 μου.
2796 573 3131 640 Ἐστρεψας
3176 572 3282 627 τὸν
3323 574 3579 626 κοπετόν
3615 590 3735 644 μου

2154 669 2241 732 εἰς
2279 669 2473 735 χαρὰν
2502 664 2652 734 ἐμοὶ,
2700 663 3013 732 διέρῤηξας
3052 664 3161 717 τὸν
3203 663 3434 717 σάκκον
3462 680 3601 731 μου,
3634 665 3732 718 και

2154 758 2508 827 περιέζωσάς
2527 774 2603 827 με
2623 759 3026 827 εὐφροσύνην.
3046 756 3252 820 Ταῦτα,
3273 756 3428 825 φησὶ,
3454 755 3736 826 δεηθέντος

2158 868 2279 921 μου,
2307 854 2336 905 ὁ
2362 851 2437 922 μὴ
2470 850 2682 922 μακρὰν
2709 849 2959 919 ἀφεστὼς
2985 849 3091 902 τῶν
3124 848 3378 919 καθαρῶς
3405 849 3499 902 καὶ
3527 847 3735 912 πιστῶς

2153 941 2595 1010 ἐπικαλουμένων
2632 938 2798 993 αὑτὸν
2822 939 3025 1011 Κύριος
3045 937 3299 1006 ἤκουσε,
3332 937 3461 1009 περὶ
3491 931 3553 990 οὗ
3582 937 3734 1009 εἴρη-

2151 1049 2274 1085 ται·
2337 1034 2545 1102 Ἑττὺς
2592 1034 2808 1100 Κύριος
2853 1030 3002 1086 πᾶσι
3046 1030 3173 1097 τοῖς
3234 1030 3732 1097 ἐπικαλουμένοις

2152 1124 2337 1177 αὑτὸν
2381 1124 2450 1176 ἐν
2491 1125 2762 1192 ἀληθείᾳ·
2810 1123 2906 1176 καὶ
2952 1121 3189 1184 ἀκούσας
3231 1121 3462 1188 ἠλέησέ
3500 1138 3597 1190 με.
3641 1124 3733 1176 καὶ

2152 1215 2310 1286 ἔργον
2354 1215 2661 1282 ἐπεδείξατο
2707 1213 2801 1267 τοῦ
2854 1216 2933 1278 είς
2959 1215 3058 1285 ὲμὲ
3091 1212 3295 1267 οἴκτου·
3319 1213 3573 1283 ἐγενήθη
3618 1215 3725 1283 γὰρ

2145 1307 2373 1374 ,βοηθός
2391 1326 2530 1377 μου.
2556 1308 2740 1361 Ταῦτα
2770 1308 2844 1371 ὡς
2874 1306 3009 1377 πρὸς
3037 1308 3185 1377 ἡμᾶς
3203 1304 3523 1375 διαλεχθεὶς,
3547 1304 3640 1357 καὶ
3662 1305 3729 1357 τὰ

2153 1397 2537 1468 συμϐεϐηκότα
2576 1398 2725 1469 αὐτῷ
2761 1398 2979 1461 διδάξας
3003 1399 3169 1468 ἡμᾶς,
3202 1397 3533 1467 ἀποστρέφει
3569 1396 3729 1449 πάλιν

2149 1488 2248 1559 τὴν
2274 1489 2620 1562 εὐχαριστίαν
2655 1490 2744 1542 ἐπ’
2774 1490 2933 1542 αὐτὸν
2965 1490 3116 1552 Θεὸν,
3146 1488 3244 1552 τὰς
3273 1489 3352 1551 εἰς
3380 1488 3540 1541 αὑτὸν
3579 1488 3732 1558 εὐερ-

2149 1582 2338 1648 γεσίας
2367 1580 2595 1646 διεξιών.
2638 1582 2903 1653 Ἦλέησας
2937 1581 3047 1653 γάρ
3081 1598 3148 1652 με
3188 1582 3276 1644 σὺ,
3307 1581 3462 1650 φησὶ,
3508 1582 3601 1634 καὶ
3635 1581 3729 1649 γέ-

2147 1684 2310 1736 γονας
2358 1669 2551 1739 βοηθός
2594 1686 2730 1740 μου’
2774 1669 2915 1723 οὕτω
2964 1687 3025 1722 τε
3076 1668 3369 1739 μετέϐαλες
3419 1671 3488 1723 τὰ
3526 1670 3731 1723 παλαιᾶ

2152 1778 2253 1831 μου
2292 1761 2521 1834 δάκρυα,
2556 1763 2809 1826 καὶτοὺς
2848 1760 3081 1834 θρήνους
3119 1761 3216 1814 καὶ
3256 1767 3345 1815 τὸν
3387 1761 3616 1816 κοπετὸν
3648 1763 3731 1825 εἰς

476 1861 616 1913 mas,
647 1845 1082 1909 lamentationes,
1131 1846 1407 1915 planctum
1456 1846 1512 1900 in
1561 1845 1756 1910 risum,
1789 1843 2043 1912 gaudium

2147 1854 2355 1923 γέλωτα
2378 1856 2471 1909 καὶ
2500 1855 2695 1926 χαρὰν,
2730 1855 2825 1909 καὶ
2859 1855 3197 1924 ἀγαλλίασιν,
3233 1854 3610 1925 ὲπαληθεύσας
3637 1854 3730 1907 τὸν

474 1945 529 1993 et
576 1937 991 1992 exsultationem
1030 1939 1399 1993 commutasti.
1446 1935 1525 1990 Ita
1572 1951 1756 1991 veram
1796 1948 2048 2004 compro-

472 2029 610 2085 basti
659 2030 806 2084 illam
859 2028 1271 2092 beatitudinem,
1305 2044 1426 2099 qua
1464 2029 1557 2083 diu
1608 2035 1797 2098 postea
1825 2028 1892 2082 de
1914 2026 2047 2082 ﬂen-

471 2123 616 2178 tibus
644 2137 707 2177 ac
731 2122 1043 2193 lugentibus
1070 2121 1267 2176 tradita
1295 2129 1378 2177 est
1411 2141 1422 2175 :
1453 2120 1606 2174 Beati
1630 2121 1719 2187 qui
1741 2120 1887 2188 ﬂent,
1916 2136 2047 2189 quo-

473 2217 618 2269 niam
649 2215 886 2270 ridebunt
909 2216 985 2276 ":
1016 2215 1154 2269 beati
1180 2216 1268 2286 qui
1297 2215 1489 2284 lugent,
1520 2214 1768 2283 quoniam
1792 2213 1890 2281 ipsi
1918 2229 2046 2267 con-

474 2308 788 2362 solabuntur
816 2308 885 2360 οι.
922 2306 1005 2361 Me
1046 2320 1207 2361 sacco
1231 2306 1453 2373 exuisti,
1488 2308 1578 2376 qui
1608 2306 1787 2359 luctus
1830 2305 2043 2375 signum

473 2405 612 2461 erat,
647 2398 703 2450 in
733 2412 841 2467 quo
871 2411 958 2451 me
1005 2397 1323 2466 amigebam,
1354 2405 1408 2450 et
1450 2397 1669 2467 cingulo
1701 2396 1899 2450 lmtitize
1940 2396 2043 2450 cir-

473 2489 821 2543 cumcinxisti
861 2503 965 2542 me.
997 2486 1121 2541 Haec
1152 2501 1312 2555 porro
1334 2489 1513 2540 omnia
1566 2487 1697 2541 mihi
1740 2487 2038 2557 praebuisti,

474 2586 533 2635 ut
567 2579 734 2642 né,.si
763 2579 860 2634 tibi
908 2593 1017 2633 non
1047 2578 1330 2634 confessus
1363 2594 1564 2643 essem,
1595 2589 1736 2633 terra
1775 2587 1827 2634 et
1864 2580 2041 2650 pulvis

469 2687 827 2737 remanerem,
854 2680 914 2725 ut
960 2680 1133 2726 cantet
1170 2669 1263 2724 tibi
1308 2670 1478 2741 gloria
1527 2687 1661 2724 mea.
1700 2669 1834 2724 Nam
1872 2671 1917 2726 si
1948 2671 2043 2726 de-

468 2764 800 2820 scendissem
857 2764 915 2819 in
968 2764 1410 2833 corruptionem,
1457 2763 1605 2817 nulla
1650 2762 1779 2817 hinc
1834 2763 2041 2818 utilitas

466 2857 553 2913 vel
582 2857 716 2912 mibi
746 2857 828 2912 vel
853 2857 975 2912 aliis
1026 2863 1287 2911 eventura
1332 2864 1468 2911 erat.
1510 2854 1623 2925 Ego
1664 2869 1898 2924 namque
1929 2855 2040 2909 vita

467 2951 558 3005 illa
596 2966 717 3021 quae
758 2966 826 3005 ex
873 2960 924 3006 te
957 2950 1201 3021 procedit
1248 2948 1547 3020 privandus
1589 2964 1760 3018 eram,
1790 2949 1883 3003 alii
1911 2964 2040 3005 vero

468 3058 564 3113 per
591 3058 676 3098 me
699 3044 927 3098 salutem
955 3041 1179 3097 minime
1206 3042 1352 3096 nacti
1380 3048 1581 3097 essent.

537 3133 608 3187 At
637 3133 855 3204 quando
888 3142 948 3187 tu
980 3132 1280 3187 convertisti
1315 3131 1583 3202 planctum
1610 3147 1782 3185 meum
1814 3131 1869 3185 in
1907 3147 2040 3202 gau-

2147 1940 2371 2013 ύστερόν
2404 1959 2535 1996 ποτε
2559 1942 2818 2013 λεχθέντα
2850 1944 3197 2015 μακαρισμὸν
3231 1945 3360 2014 περὶ
3382 1943 3490 1996 τῶν
3516 1942 3730 1996 κλαιόν-

2144 2047 2249 2084 των
2274 2031 2367 2084 καὶ
2394 2031 2753 2096 πενθούντων,
2783 2032 2925 2087 κατὰ
2947 2033 3007 2085 τό
3024 2050 3037 2062 ο
3081 2032 3372 2101 Μακάριοι
3409 2036 3464 2086 οἱ
3490 2034 3729 2087 κλαίον-

2142 2141 2261 2189 τες,
2292 2122 2380 2176 ὅτι
2412 2122 2775 2194 γελάσονται
2795 2142 2808 2156 ο
2832 2125 2928 2178 καὶ
2954 2124 3231 2194 μακάριοι
3262 2130 3315 2179 οι
3346 2126 3725 2194 πενθοῦντες,

2142 2215 2231 2268 ὅτι
2266 2215 2859 2282 παρακληθήσονται.
2911 2216 2993 2269 Τὰ
3024 2216 3269 2287 σύμϐολα
3309 2216 3440 2284 γοῦν
3476 2216 3571 2270 τοῦ
3601 2217 3727 2270 πέν-

2142 2304 2269 2368 θους
2317 2306 2590 2370 ἀπέδυσας
2625 2324 2724 2377 με,
2774 2307 2869 2362 τὸν
2917 2307 3151 2371 σάκκον,
3203 2310 3261 2362 ὲν
3310 2302 3356 2376 ᾧ
3397 2308 3728 2363 κακοπαθῶν

2144 2399 2377 2470 ἐμαυτὸν
2402 2402 2804 2474 ἐτιμωρούμην,
2841 2403 2933 2455 καὶ
2966 2400 3213 2474 ζὼσματι
3259 2403 3594 2474 εὐφροσύνης
3630 2421 3728 2456 πε-

2146 2492 2408 2563 ριέζωσάς
2454 2511 2541 2564 με.
2594 2494 2704 2547 Καὶ
2727 2494 2902 2548 ταῦτα
2928 2495 3104 2549 πάντα
3152 2514 3243 2567 μοι
3288 2496 3587 2566 παρέσχου,
3637 2496 3727 2549 ἴνα

2145 2584 2219 2656 μὴ
2260 2585 2540 2655 ἀπομείνω
2584 2587 2730 2651 κόνις
2764 2588 2857 2641 καὶ
2889 2583 3017 2659 χοῦς
3062 2591 3091 2643 ὁ
3132 2590 3206 2661 μὴ
3239 2588 3727 2659 ὲξομολογούμενός

2143 2692 2246 2742 σοι,
2287 2676 2399 2730 ἀλλ’
2429 2679 2530 2731 ἵνα
2560 2678 2772 2748 ψάλλῃ
2811 2696 2909 2733 σοι
2938 2682 2976 2748 ἠ
3006 2679 3156 2745 δόξα
3177 2699 3316 2750 μου.
3363 2681 3451 2733 Ἐν
3489 2680 3585 2751 μὲν
3616 2679 3725 2751 γὰρ

2139 2766 2217 2837 τῷ
2250 2768 2553 2841 καταϐῆναι
2590 2787 2657 2840 με
2689 2772 2768 2834 είς
2796 2761 3093 2844 διαφθορὰν
3128 2772 3355 2844 οὐδεμία
3383 2790 3467 2835 τις
3489 2767 3557 2843 ἦν
3581 2771 3728 2840 aes-

2138 2857 2259 2913 λεια
2283 2858 2393 2935 ούτξ
2422 2860 2547 2931 ἐμοὶ
2571 2860 2695 2914 οὔτε
2716 2862 2942 2934 ἑτέροις.
2988 2861 3133 2931 Ἐγὼ
3162 2875 3233 2916 τε·
3256 2863 3366 2936 γὰρ
3391 2861 3727 2934 ἀπεστερού-

2142 2967 2248 3021 μην
2273 2952 2371 3022 τῆς
2396 2952 2546 3024 παρὰ
2579 2953 2673 3006 σοῦ
2697 2952 2863 3024 ζωῆς,
2892 2955 3043 3009 ἄλλοι
3068 2973 3126 3009 τε
3154 2955 3405 3028 οὐδαμῶς
3431 2956 3723 3028 ἐτύγχανον

2138 3040 2239 3111 τῆς
2269 3041 2334 3094 δι’
2365 3043 2497 3115 ἐμοῦ
2531 3047 2822 3118 σωτηρίας.

2221 3133 2309 3185 Ἐν
2338 3133 2395 3186 δὲ
2420 3134 2498 3205 τῷ
2516 3136 2917 3205 μεταϐάλλειν
2947 3154 3022 3193 σε
3051 3138 3159 3192 τὸν
3186 3141 3446 3193 κοπετόν
3466 3158 3587 3210 μου
3635 3142 3724 3208 εις

467 3223 614 3277 dium
662 3222 809 3287 mihi,
840 3230 894 3278 et
922 3223 1140 3294 quando
1184 3220 1491 3276 conscidisti
1535 3236 1745 3273 saccum
1776 3235 1947 3273 meum
1990 3228 2040 3273 et

2141 3224 2334 3293 χαρὰν
2365 3224 2514 3293 ἐμοὶ,
2551 3228 2646 3280 καὶ
2686 3229 2746 3281 ὲν
2776 3228 2854 3300 τῷ
2894 3229 3210 3297 διαρῤῆξαι
3241 3246 3317 3284 σε
3354 3231 3461 3285 τὸν
3492 3231 3725 3287 σάκκον

467 3314 859 3369 circumdedisti
908 3331 987 3369 me
1030 3313 1238 3376 latitia,
1263 3327 1374 3367 non
1420 3310 1634 3365 modica
1681 3309 1808 3364 inde
1835 3310 2041 3365 utilitas

466 3406 701 3462 accessit
730 3425 743 3461 :
777 3422 904 3461 nam
932 3407 1163 3478 pristina
1198 3411 1418 3474 recepta
1446 3404 1641 3474 gloria,
1665 3418 1761 3473 per
1790 3417 1909 3458 eam
1941 3402 2039 3457 tibi

466 3498 699 3554 cantabo
722 3512 777 3555 et
797 3499 1024 3570 psallam
1045 3539 1060 3565 ,
1089 3513 1196 3553 non
1233 3513 1397 3568 prava
1426 3498 1643 3568 quidem
1681 3497 2037 3560 conscientia,

467 3591 562 3646 sed
594 3590 777 3646 ﬁdenti
817 3605 1053 3662 acpura
1090 3597 1305 3647 mente.
1352 3590 1476 3645 Ideo
1504 3590 1601 3655 ait,
1637 3587 1706 3643 Ut
1744 3597 1917 3643 cantet
1947 3588 2042 3642 tibi

465 3681 637 3751 gloria
666 3698 801 3746 mea,
841 3691 891 3736 et
933 3699 1040 3736 non
1084 3692 1420 3753 compungar.
1466 3681 1546 3735 Ita
1594 3695 1760 3752 porro
1791 3694 2042 3750 perseve-

466 3774 602 3827 rabo
634 3789 730 3843 per
756 3788 918 3828 omne
967 3773 1247 3840 saactilum,
1275 3773 1574 3829 conﬁtebor
1625 3771 1750 3836 tibi,
1800 3779 1857 3826 et
1906 3784 1937 3825 a
1988 3778 2041 3826 te

468 3863 600 3918 mihi
634 3879 848 3934 semper
888 3865 1084 3919 collata
1116 3863 1377 3920 beneﬁcia
1423 3863 1882 3919 commemorabo.
1929 3861 2039 3915 Do-

463 3957 636 4010 minus
664 3956 838 4026 factus
865 3964 944 4011 est
977 3955 1191 4026 adjutor
1216 3972 1379 4011 meus.
1422 3954 1727 4010 Notandum
1762 3968 1926 4024 porro
1955 3961 2039 4009 est

465 4046 617 4111 illud,
642 4046 815 4117 factus
837 4055 934 4114 est,
965 4060 1074 4101 non
1114 4061 1328 4116 semper
1360 4052 1637 4115 acceptam
1673 4044 2037 4099 substantiam

462 4139 809 4212 signiﬁcare;
856 4139 948 4195 sed
985 4139 1311 4210 quandoque
1350 4140 1515 4193 etiam
1570 4136 1816 4191 habitum
1844 4148 2038 4205 quem-

462 4234 608 4287 dam.
640 4231 829 4287 Sicubi
863 4231 1030 4302 igitur
1069 4230 1125 4286 id
1159 4230 1228 4285 de
1276 4228 1560 4284 Salvatore
1599 4228 1834 4294 dicatur,
1880 4227 2031 4281 habi-

462 4331 577 4376 tum
608 4322 674 4378 ad
701 4337 819 4377 rem
848 4321 1109 4391 aliquam,
1141 4337 1249 4376 non
1285 4320 1647 4376 substantiam
1692 4318 1914 4385 factam,
1958 4318 2037 4373 si-

461 4412 699 4485 gniﬁcat.
756 4411 1071 4468 Convertists'
1130 4412 1399 4481 planctum
1456 4428 1628 4465 meum
1675 4411 1731 4464 in
1782 4411 2034 4481 gaudium

462 4505 610 4559 mihi.
639 4504 755 4560 Vox
786 4504 899 4570 illa,
931 4505 1172 4576 planctus
1208 4502 1345 4577 [Sive
1389 4506 1564 4558 tunsio
1608 4502 1877 4577 pectoris],
1905 4518 2032 4560 sen-

463 4614 582 4655 sum
616 4597 887 4670 signiﬁcat
916 4617 930 4653 :
958 4598 1103 4669 quod
1126 4597 1209 4652 vel
1232 4599 1350 4667 ipsa
1377 4612 1438 4653 re
1468 4596 1799 4660 declaratur,
1838 4611 2034 4652 manus

465 4690 662 4759 quippe
703 4696 892 4761 pectus
938 4688 1195 4744 tundunt.
1241 4686 1344 4754 Qui
1389 4687 1554 4758 igitur
1590 4687 1645 4742 in
1688 4689 2034 4759 propriorum

467 4789 812 4852 peccatorum
842 4796 1007 4837 sensu
1038 4787 1310 4845 versatur,
1346 4794 1412 4835 ac
1444 4794 1540 4850 per
1584 4780 1892 4850 spirituales
1925 4794 2037 4833 ma-

467 4888 571 4928 nus
600 4887 722 4928 cum
769 4873 1005 4929 efﬁcacia
1053 4888 1273 4929 sensum
1315 4873 1518 4929 excitat
1556 4887 1744 4936 suum,
1777 4873 1824 4928 is
1853 4881 2033 4927 trans—

464 4965 605 5020 latus
655 4980 684 5019 a
736 4965 905 5030 luctu,
937 4964 1216 5037 gaudium,
1272 4964 1511 5036 Spiritus
1554 4965 1730 5019 sancti
1767 4963 2030 5028 fructum,

459 5057 705 5129 accipiet.
742 5056 877 5112 Illud
915 5072 1103 5128 porro,
1140 5057 1463 5121 convenisti,
1493 5057 1849 5112 mutationem
1879 5056 2027 5109 illam

459 5167 523 5208 ex
554 5151 775 5221 planctu
799 5156 853 5205 et
878 5149 1026 5203 luctu
1058 5149 1115 5203 in
1158 5148 1396 5203 laetitiam
1427 5148 1668 5203 declarat
1694 5167 1710 5215 ;
1754 5146 1889 5203 illud
1933 5147 2030 5202 de~

460 5257 629 5306 mum,
663 5259 763 5296 non
792 5256 1130 5312 compungar,
1162 5240 1214 5294 id
1243 5247 1346 5308 est,
1387 5255 1496 5294 non
1530 5241 1749 5295 mutabo
1781 5238 2032 5309 proposi-

461 5340 597 5389 tum.
626 5332 807 5388 Gloria
851 5334 942 5387 illa
973 5331 1246 5387 cantatrix
1279 5331 1400 5402 ejus
1428 5331 1520 5401 qui
1564 5330 1645 5386 sic
1684 5329 1853 5386 Deum
1900 5328 2032 5383 alfa-

460 5431 570 5490 tur,
609 5434 819 5479 rectum
849 5424 974 5479 vitae
1023 5423 1330 5478 institutum
1370 5430 1454 5477 est
1501 5428 1555 5476 et
1595 5419 1834 5491 cognitio
1870 5434 2026 5490 pura.

461 5510 682 5567 Domine
721 5512 863 5566 Deus
910 5528 1076 5576 meus,
1117 5514 1173 5565 in
1220 5521 1471 5566 wternum
1512 5508 1799 5580 conﬁtebor
1826 5509 1936 5563 tibi.
1968 5509 2026 5564 id

460 5611 564 5667 est,
587 5617 687 5672 pro
713 5602 969 5657 omnibus
997 5615 1117 5673 quae
1138 5601 1484 5673 contigerint,
1509 5616 1618 5656 non
1648 5599 1809 5655 modo
1834 5598 2027 5670 jucun-

2135 3333 2254 3383 μου
2287 3316 2385 3369 καί
2414 3318 2725 3386 περιζῶσαι
2749 3323 3157 3391 εὐφροσύνην,
3194 3325 3292 3395 οὐχ
3322 3326 3355 3394 ἡ
3380 3325 3617 3397 τυχοῦσα
3641 3344 3723 3396 γε·

2140 3407 2361 3478 γένηται
2380 3410 2615 3479 ὠφέλεια
2632 3430 2644 3443 ·
2673 3413 2965 3469 ἀπολαϐὼν
2991 3415 3100 3487 γὰρ
3125 3417 3223 3488 τὴν
3255 3417 3525 3490 προτέραν
3552 3420 3719 3491 ἐμαυ-

2137 3499 2230 3551 τοῦ
2255 3499 2431 3566 δόξαν,
2463 3502 2551 3555 διὰ
2568 3503 2774 3576 ταύτης
2804 3522 2885 3559 σοι
2909 3506 3085 3577 ψαλῶ,
3102 3510 3197 3562 καὶ
3222 3509 3376 3578 ψαλῶ
3405 3528 3486 3564 σοι
3501 3512 3562 3564 ού
3587 3512 3722 3583 μετά

2137 3606 2280 3655 τινος
2309 3592 2520 3664 φαύλης
2553 3596 2933 3668 συνειδήσεως.
2964 3598 3099 3653 ἀλλὰ
3157 3602 3296 3672 μετὰ
3343 3606 3722 3676 πεπαρῤησια-

2139 3682 2344 3753 σμένης
2374 3684 2467 3737 καὶ
2500 3685 2749 3758 καθαρᾶς
2796 3688 3051 3753 διανοίας.
3083 3693 3174 3745 Διό
3200 3710 3391 3764 φησιν·
3428 3697 3617 3760 Ὅπως
3647 3693 3723 3746 ἂν

2135 3774 2347 3844 ψάλλῃ
2400 3792 2499 3831 σοι
2544 3779 2583 3846 ἠ
2625 3777 2778 3842 δόξα
2824 3797 2965 3849 μου,
3011 3782 3110 3836 καὶ
3152 3786 3224 3838 οὐ
3261 3784 3348 3854 μὴ
3388 3785 3718 3853 κατανυτῶ.

2137 3865 2292 3919 Οὕτω
2318 3885 2377 3920 τε
2401 3868 2694 3923 διατελέσω
2726 3872 2808 3935 είς
2834 3872 2929 3931 τὸν
2962 3872 3255 3944 σύμπαντα
3289 3875 3491 3937 αἰῶνα,
3528 3874 3720 3942 ἐξομο-

2135 3954 2455 4028 λογούμενος
2486 3976 2600 4023 σοι,
2643 3960 2738 4013 καὶ¹
2773 3962 2873 4024 τὰς
2908 3962 3007 4025 σὰς
3043 3962 3132 4015 διὰ
3167 3963 3368 4025 παντὸς
3401 3961 3720 4030 εὐεργεσίας

2134 4049 2234 4113 τὰς
2263 4050 2342 4110 είς
2371 4049 2470 4119 ἐμὲ
2498 4049 2727 4115 διεξιών.
2762 4053 2979 4119 Κύριος
3022 4050 3275 4119 ἐγενήθη
3310 4050 3542 4116 ,ϐοηθός
3573 4067 3714 4118 μου.

2136 4140 2498 4211 Σημειωτέον,
2556 4142 2640 4195 ὅτι
2688 4140 2767 4203 τὸ,
2824 4139 3098 4209 ἐγενήθη,
3151 4139 3254 4190 οὐκ
3313 4136 3400 4189 ἀεὶ
3464 4139 3717 4193 οὐσίωσιν

2137 4231 2409 4301 σημαίνει·
2428 4230 2542 4282 ἀλλ’
2573 4229 2683 4282 ἐσθ’
2712 4230 2798 4281 ὅτε
2830 4228 2924 4280 καὶ
2950 4226 3086 4295 πρός
3111 4242 3231 4278 τινα
3262 4227 3465 4297 σχέσιν.
3497 4227 3566 4281 Ei
3585 4245 3715 4281 ποτε

2133 4318 2226 4375 οὖν
2280 4323 2375 4376 καὶ
2421 4322 2514 4374 ἐπὶ
2558 4320 2652 4372 τοῦ
2694 4319 2946 4389 Σωτῆρος
3001 4317 3221 4391 τοιαύτη
3278 4319 3488 4387 γένοιτο
3538 4321 3711 4391 φωνὴ,

2138 4414 2320 4483 σχέσιν
2344 4413 2482 4484 πρός
2511 4429 2563 4464 τι
2601 4411 2695 4463 καὶ
2726 4410 2847 4480 ούχὶ
2879 4410 3132 4463 ούσίωσιν
3167 4411 3439 4482 σημαίνει.
3476 4413 3716 4480 Ἕστρε-

2134 4508 2259 4574 ⁸φας
2290 4503 2397 4557 τὸν
2434 4505 2689 4555 κοπετόν
2722 4517 2843 4568 μου
2875 4502 2962 4567 είς
3001 4500 3196 4569 χαρὰν
3231 4502 3382 4573 ἐμοί.
3421 4504 3506 4569 Ἢ,
3539 4517 3716 4559 uoste-

2136 4598 2267 4663 τὸς,
2295 4595 2447 4665 φωνὴ
2465 4634 2478 4657 ,
2509 4593 2609 4665 τὴν
2643 4592 2992 4665 συναίσθησιν
3040 4594 3315 4665 σημαίνει,
3347 4596 3423 4658 ὡς
3450 4595 3545 4649 καὶ
3572 4596 3711 4666 αὐτὴ

2137 4689 2170 4757 ἡ
2207 4684 2404 4759 πρᾶξις
2433 4684 2759 4756 παρίστησι,
2786 4684 2893 4738 τῶν
2926 4686 3123 4757 χειρῶν
3155 4686 3219 4739 τὸ
3250 4686 3445 4757 στῆθος
3483 4704 3711 4740 κοπτού-

2138 4778 2265 4832 σῶν.
2344 4777 2402 4830 ’0
2459 4771 2552 4829 οὖν
2600 4777 2658 4829 ὲν
2709 4777 3056 4849 συναισθήσει
3109 4778 3251 4832 ἰδίων
3300 4779 3713 4850 ἁμαρτημάτων

2135 4866 2394 4938 γεγονὼς,
2438 4867 2534 4921 καὶ
2565 4868 2932 4940 ὲνεργητικῶς
2975 4869 3064 4923 διὰ
3092 4869 3290 4941 χειρῶν
3326 4872 3710 4941 πνευματικῶν

2135 4959 2232 5031 τὴν
2266 4957 2516 5029 αἴσθησιν
2563 4960 2728 5013 αὐτοῦ
2761 4960 3067 5032 διεγείρας,
3114 4960 3431 5031 μεταϐαλὼν
3472 4963 3579 5015 ἀπὸ
3614 4961 3707 5015 τοῦ

2128 5047 2513 5119 ὀλοφύρεσθαι,
2549 5048 2722 5121 χαρὰν
2746 5051 2838 5104 τὸν
2863 5051 3075 5123 καρπὸν
3110 5050 3203 5104 τοῦ
3234 5052 3547 5122 Πνεύματος
3578 5054 3710 5107 ἀνα-

2128 5139 2373 5210 λήψεται·
2408 5138 2501 5204 Τὸ,
2536 5139 2867 5208 ἔστρεψας,
2923 5141 3075 5212 δηλοί
3106 5143 3204 5214 τὴν
3238 5146 3302 5196 ἐκ
3362 5142 3457 5196 τοῦ
3504 5143 3706 5197 κόπτε-

2136 5234 2258 5286 σθαι
2307 5233 2400 5288 καὶ
2447 5234 2729 5289 λυπεῖσθαι
2758 5235 2838 5298 εἰς
2893 5235 3069 5307 χαρὰν
3120 5235 3453 5307 μεταϐολήν·
3509 5237 3577 5290 τὸ
3626 5236 3705 5298 δὲ,

2131 5328 2203 5382 οὺ
2222 5327 2307 5397 μὴ
2339 5327 2682 5400 κατανυγῶ,
2717 5329 2777 5382 οὐ
2822 5329 2896 5401 μὴ
2953 5328 3233 5399 μεταγνῶ,
3274 5329 3426 5399 φησί.
3478 5328 3614 5394 Δόξα
3652 5329 3707 5381 δὲ

2133 5419 2406 5489 ψάλλουσα
2430 5418 2523 5473 τοῦ
2554 5419 2729 5474 ταῦτα
2756 5420 3006 5490 λέγοντος
3032 5421 3113 5492 τῷ
3134 5420 3424 5493 Θεῷ,ὀρθὴ
3464 5420 3706 5474 πολιτεία

2134 5511 2226 5564 καὶ
2250 5510 2447 5580 γνῶσίς
2478 5513 2625 5565 ἐστιν
2655 5511 2969 5584 εἰλικρινής.
2999 5513 3178 5580 Κύριε
3222 5515 3255 5566 ό
3287 5513 3430 5578 Θεός
3448 5530 3589 5581 μου,
3619 5512 3707 5576 εις

2134 5604 2239 5657 τὸν
2265 5601 2447 5658 αἰῶνα
2469 5603 2989 5675 ἐξομολογήσομαί
3011 5619 3144 5659 σοι’
3176 5604 3297 5657 ἀντὶ
3317 5603 3430 5669 τοῦ,
3451 5603 3544 5656 ἐπὶ
3570 5600 3705 5658 πᾶσι

538 5779 582 5815 ⁸³
622 5779 765 5838 Psal.
800 5794 977 5849 ann“,
1014 5782 1104 5840 18.
1178 5784 1226 5816 ⁸ο
1264 5781 1396 5839 Luc.
1435 5797 1508 5850 γι,
1541 5781 1632 5838 21.
1708 5782 1753 5816 “
1794 5781 1984 5838 Matth.
2028 5798 2089 5850 v,
2121 5783 2170 5839 5.
