4100 6382
323 436 432 499 265

1458 423 1961 497 COMMENTARIA
1996 430 2063 497 ια
2101 408 2442 501 PSA'LMOS.

3464 438 3573 502 266

324 564 437 624 τοῖς
466 559 867 632 συμϐαίνουσιν,
897 557 958 614 οὐ
988 558 1281 633 προσηνέσι
1314 559 1493 630 μόνον,
1521 559 1658 614 ἀλλὰ
1681 561 1776 614 καὶ
1809 562 1901 615 ἐπὶ

2013 561 2090 617 dis
2111 562 2298 633 rebus,
2328 563 2423 619 sed
2452 561 2615 618 etiam
2643 576 2745 634 pro
2766 556 3069 631 laboribus,
3095 565 3299 635 gratias
3317 562 3417 622 tibi
3448 581 3575 638 ago,

322 652 528 716 πόνοις,
562 650 861 723 εὐχαριστῶ
890 669 989 713 σοι.
1020 651 1280 705 Δέσποτα.

325 767 437 821 ΕΙΣ
485 766 572 819 T0
621 766 842 820 ΤΕΑοΣ
890 766 1323 890 ΨΑέἓιίρῩΣΛγο
1379 764 1599 835 ΔΑΥΙΔ,
1652 765 1905 823 sum.

397 925 532 980 Οὔτε
569 928 626 980 ἐν
653 930 718 999 τῇ
758 927 1026 998 Ἐϐραίων
1060 928 1269 1000 Γραφῇ,
1299 926 1423 982 οὔτε
1465 926 1616 1001 παρὰ
1646 929 1759 994 τοῖς
1790 930 1901 984 λοι-

326 1021 447 1082 ποῖς
472 1008 832 1091 ἐρμηνὲυταῖς
859 1021 892 1091 ἡ
924 1018 1217 1092 προγραφὴ
1252 1017 1512 1091 περιέχει,
1536 1019 1900 1096 ἐκστάσεως.

322 1108 547 1180 Μήποτε
583 1109 639 1162 δὲ
679 1109 766 1163 διὰ
798 1109 859 1162 τὸ
897 1110 1221 1181 ἐκφέρεσθαι
1271 1110 1349 1180 τῷ
1396 1110 1622 1182 ψαλμῷ·
1670 1112 1810 1181 Ἐγὼ
1833 1103 1903 1164 δὲ

320 1195 461 1258 εἶπα
485 1202 554 1255 ἐν
580 1202 656 1271 τῇ
686 1202 971 1258 ἐκστάσει
988 1222 1106 1273 μου
1123 1220 1135 1231 ·
1173 1204 1540 1274 Ἄπέῤῥιμμαι
1571 1203 1687 1259 ἀπὸ
1716 1212 1901 1272 προσ-

320 1291 486 1349 ώπου
506 1293 624 1349 τῶν
649 1295 970 1366 ὀφθαλμῶν
989 1314 1124 1359 σου,
1147 1296 1243 1369 τὴν
1267 1297 1584 1370 προσθήκην
1612 1317 1697 1363 τις
1716 1298 1903 1371 ἐποιή·ὲ

325 1388 457 1440 σατο
501 1390 560 1442 ἐν
605 1391 671 1459 τῇ
715 1392 1006 1461 προγραφῇ
1048 1391 1126 1454 είς
1158 1390 1250 1445 τὸν
1275 1374 1462 1462 καιρδν
1493 1392 1615 1446 καθ’
1639 1392 1697 1446 ὃν
1731 1394 1787 1446 ἐν
1812 1393 1903 1446 ἐκ·

323 1478 509 1532 στάσει
539 1479 825 1547 γενόμενος
840 1476 989 1533 εἶπεν
1005 1497 1018 1510 °
1050 1477 1418 1550 Ἁπέῤῥιμμαι
1443 1482 1557 1537 me
1577 1482 1902 1551 προσώπου

322 1585 442 1652 των
481 1570 803 1641 ὀφθαλμῶν
836 1587 973 1636 σου,
1001 1573 1331 1645 ἀναπέμψας
1356 1573 1426 1627 τὰ
1449 1572 1794 1647 ἐμφερόμενα
1823 1576 1903 1649 τῷ

321 1660 495 1731 λόγω;
530 1663 678 1735 Πλὴν
704 1660 818 1717 ἀλλ’
843 1664 923 1729 εἰς
943 1664 1005 1717 τὸ
1027 1658 1177 1730 τέλος
1205 1668 1331 1731 τοὺς
1360 1668 1785 1737 ἐντυγχάνοντας
1804 1678 1904 1722 πα-

324 1754 604 1824 ραπέμπει
628 1755 723 1808 καὶ
755 1749 788 1826 ἡ
815 1754 1064 1827 παροῦσα
1108 1756 1420 1828 προγραφὴ,
1450 1757 1566 1829 ἦτοι
1598 1758 1689 1812 διὰ
1714 1758 1783 1813 τὰ
1810 1777 1901 1814 τε-

320 1842 563 1905 λευταῖα,
597 1846 656 1900 ὲν
684 1839 765 1908 οἷς
792 1846 1111 1917 παραίνεσιν
1144 1848 1579 1921 ἀναγκαιοτάτην
1606 1851 1899 1924 περιέχειὴ

2011 655 2256 711 Domine.

2013 770 2065 825 1.
2122 767 2187 823 ΙΝ
2246 766 2458 823 FINEM
2476 765 3066 893 ΡδΑιΜρξῖοΑνω,
3104 765 3244 823 PRO
3278 767 3573 824 EXSTASI

2077 933 2264 1005 Neque
2310 935 2363 989 in
2395 932 2662 989 Hebraica
2700 930 3006 1002 Scriptura,
3036 945 3217 1000 neque
3252 930 3307 985 in
3351 926 3576 998 reliquis

2008 1023 2423 1095 interpretibus,
2468 1021 2753 1092 inscriptio
2783 1020 2912 1074 illud
2944 1017 3184 1090 ναιέται-ι,
3221 1027 3315 1083 pro
3353 1015 3575 1071 exstasi.

2005 1116 2148 1171 Num
2196 1116 2335 1173 forte
2373 1116 2501 1187 quia
2553 1115 2688 1170 illud
2736 1113 2790 1170 in
2831 1113 3040 1184 psalmo
3076 1114 3123 1145 ⁸⁸
3158 1110 3420 1167 ell‘ertur:
3465 1108 3577 1179 Ego

2009 1220 2181 1266 autem
2212 1211 2327 1265 dixi
2369 1212 2425 1266 in
2464 1208 2664 1265 exstasi
2698 1208 2886 1262 mentis
2930 1223 3057 1262 mea:
3086 1223 3106 1261 :
3147 1204 3423 1276 Projectus
3459 1217 3570 1258 sum

2010 1319 2043 1355 a
2066 1290 2201 1372 [eicis
2232 1294 2502 1356 o'culorum
2533 1308 2767 1363 tuorum,
2801 1300 3036 1369 idipsum
3062 1298 3333 1369 quispiam
3379 1296 3571 1352 inscri-

2007 1395 2176 1466 ptioni
2201 1393 2490 1457 addiderit,
2525 1394 2590 1448 ad
2623 1403 2836 1461 tempus
2859 1391 2991 1447 illud
3025 1391 3077 1446 id
3099 1389 3363 1453 referens,
3387 1403 3494 1459 quo
3521 1387 3571 1441 in

2010 1483 2214 1539 exstasi
2249 1483 2458 1554 positus
2484 1483 2623 1537 dixit
2652 1501 2665 1536 :
2695 1480 2970 1552 Projectus
3001 1497 3118 1536 sum
3160 1497 3193 1534 a
3224 1479 3359 1543 facie
3387 1478 3566 1533 oculo-

2010 1593 2127 1630 rum
2158 1586 2365 1630 tuorum
2385 1572 2409 1631 1’
2429 1574 2695 1630 Cmterum
2726 1590 2968 1646 prmsens
3001 1574 3287 1643 inscriptio
3318 1573 3572 1627 lectorem

2011 1665 2077 1720 ad
2110 1665 2271 1720 ﬁnem
2302 1667 2551 1729 remittit,
2583 1666 2696 1722 sive
2725 1674 2945 1737 propter
2973 1682 3034 1722 ea
3063 1674 3184 1736 Quae
3204 1679 3394 1720 versus
3416 1663 3574 1718 ﬁnem

2010 1758 2290 1818 dicuntur,
2319 1756 2410 1812 ubi
2442 1773 2538 1827 per
2571 1758 2938 1813 necessariam
2968 1756 3394 1811 admonitionem
3423 1752 3576 1809 aﬂ‘erl

2010 1849 2097 1904 his
2128 1849 2327 1903 verbis:
2344 1848 2560 1919 Diligite
2579 1849 2882 1912 Dominum,
2901 1864 3077 1902 omnes
3104 1847 3275 1901 sancti
3292 1846 3427 1916 ejus,
3445 1862 3573 1916 quos

322 1938 584 2008 λέγουσα’
627 1938 993 2009 Ἀγαπήσατε
1023 1940 1130 1994 τὸν
1161 1942 1381 2009 Κύριον
1405 1940 1628 2011 πάντες
1655 1947 1709 1998 οἱ
1751 1944 1907 2000 ὅσιοι

2013 1942 2151 1994 niam
2174 1941 2414 1995 veritates
2445 1942 2659 2010 requirit
2686 1940 2962 2004 Dominus,
2989 1949 3042 1994 et
3062 1945 3255 1994 etetera
3277 1956 3292 2005 ;
3317 1938 3430 1992 sive
3451 1936 3575 2007 quia

322 2032 510 2088 αὑτοῦ
536 2073 551 2097 ,
608 2033 699 2088 ὅτι
746 2034 1031 2102 ἀληθείας
1074 2034 1393 2103 ἐκζητεῖται
1432 2037 1664 2105 Κύριος,
1707 2032 1801 2092 καὶ
1844 2040 1914 2094 τὰ

325 2120 484 2195 ἑξῆς·
517 2123 550 2195 ἢ
591 2123 678 2178 διὰ
724 2122 787 2178 τὸ
819 2123 1180 2198 προφητεύειν
1209 2125 1332 2180 τινὰ
1360 2127 1485 2198 περὶ
1518 2127 1627 2181 τῶν
1674 2128 1818 2183 κατὰ
1852 2130 1914 2184 τὸ

324 2212 498 2278 πάθος
539 2213 633 2267 τοῦ
681 2207 932 2286 Σωτῆρος
977 2214 1411 2286 πεπραγμένωνο
1457 2210 1493 2272 ἃ
1538 2217 1601 2289 δὴ
1629 2218 1910 2288 γίγνεσθαι

324 2306 555 2377 ἤμελλεν
580 2306 674 2359 ἐπὶ
706 2307 984 2378 συντελείᾳ
1011 2306 1105 2360 τοῦ
1142 2307 1353 2371 αἰῶνος.
1373 2308 1509 2362 Ἀλλ’
1541 2304 1662 2364 ἐπεὶ
1697 2310 1790 2365 καὶ
1815 2313 1910 2367 τοῦ

321 2396 483 2449 Δαυῒδ
525 2396 746 2461 ἐλπίδας
789 2397 1092 2467 ὑπογράφει
1147 2395 1359 2465 ἀγαθὰς
1397 2399 1426 2451 ὁ
1468 2397 1646 2466 λόγος,
1708 2399 1908 2465 αἵτινες

321 2486 553 2559 ἧμελλον
579 2486 728 2558 αὐτῷ
770 2487 851 2550 εἰς
896 2487 985 2540 τὸν
1039 2485 1300 2558 μέλλοντα
1327 2484 1518 2559 χρόνον
1542 2488 1904 2556 ἀποδίδοσθαι,

320 2578 545 2642 εἰκότως
576 2580 657 2643 εἰς
687 2570 746 2631 τὸ
775 2577 926 2642 τέλος
957 2577 1272 2648 ἀναπέμπει
1298 2578 1397 2648 τὴν
1430 2581 1771 2651 προγραφὴν.
1803 2581 1910 2635 Πε-

322 2667 492 2739 ριέχει
539 2668 596 2721 δὲ
647 2670 676 2723 ὁ
725 2670 835 2731 πᾶς
877 2669 1158 2740 ἱκετηρίαν
1202 2667 1294 2720 τοῦ
1336 2668 1517 2732 Δαυῒδ,
1552 2670 1671 2723 ὂλον
1719 2659 1907 2723 ἑαυτὸν

2009 2033 2271 2087 nonnulla
2301 2033 2629 2087 vaticinatur
2652 2049 2774 2103 qua:
2808 2038 3051 2102 tempore
3078 2029 3353 2101 passionis
3389 2027 3575 2083 Salva-

2011 2122 2145 2179 toris
2170 2122 2346 2176 nostri
2374 2130 2526 2192 gesta
2564 2128 2713 2183 sunt,
2741 2135 2971 2191 quaeque
3016 2120 3073 2174 in
3110 2119 3575 2175 consummatione

2009 2214 2194 2270 saeculi
2225 2222 2453 2268 ventura
2476 2222 2652 2269 erant.
2683 2211 2787 2269 Sed
2818 2212 3077 2283 quoniam
3107 2210 3250 2265 bona
3275 2209 3367 2264 hic
3388 2207 3576 2264 Davidi

2009 2318 2135 2377 spes
2166 2305 2569 2368 subindicatur,
2601 2320 2722 2375 quae
2749 2305 2855 2376 ipsi
2887 2304 2946 2358 in
2975 2302 3160 2358 futuro
3187 2307 3433 2371 tempore
3471 2300 3577 2355 im-

2011 2400 2207 2470 plenda
2240 2406 2396 2465 erat,
2432 2398 2557 2469 jure
2596 2397 3007 2468 inscriptionem
3041 2396 3099 2450 in
3137 2394 3294 2449 tinem
3330 2393 3577 2449 remittit.

2015 2474 2183 2555 Totus
2208 2506 2340 2547 vero
2385 2490 2628 2559 psalmus
2663 2488 2883 2545 Davidis
2923 2485 3377 2557 supplicationem
3425 2499 3578 2539 eom-

2016 2582 2274 2651 plectitur
2296 2581 2390 2653 qui
2423 2596 2545 2636 sese
2572 2588 2742 2634 totum
2774 2578 2886 2633 Deo
2920 2575 3283 2641 concredidit,
3317 2584 3580 2647 rogatque

2018 2682 2076 2726 ut
2107 2689 2177 2729 ne
2209 2689 2306 2745 spe
2331 2673 2562 2727 labatur.

321 2759 725 2830 ἀναρτήσαντος
748 2758 841 2812 τοῦ
870 2758 1028 2821 Θεοῦ,
1061 2759 1156 2810 καὶ
1191 2759 1515 2831 παρακαλεῖ*
1540 2760 1613 2832 μὴ
1648 2761 1903 2813 ἐκπεσεῖν
1926 2763 2027 2832 τῆς
2053 2765 2285 2830 ἐλπίδος.

406 2852 533 2905 Ἐπὶ
582 2850 703 2913 σοὶ,
744 2850 942 2918 Κύριε,
974 2845 1231 2916 ἤλπισα,
1276 2849 1361 2920 μὴ
1406 2852 1909 2920 καταισχυνθείην

322 2944 411 3010 είς
440 2942 550 2997 τὸν
586 2940 803 2996 αἰῶνασ
849 2944 919 2997 ἐν
948 2943 1023 3012 τῇ
1061 2943 1418 3011 δικαιοσύνῃ
1453 2956 1568 2996 σου
1603 2942 1794 3011 ῥῦσαί
1832 2961 1910 3013 με

324 3032 424 3088 καὶ
450 3031 666 3097 ἐξελοῦ
690 3048 786 3101 με.
826 3032 1051 3088 Κλῐνον
1081 3031 1234 3102 πρὸς
1262 3031 1341 3101 μὲ
1369 3030 1435 3085 τὸ
1474 3027 1586 3099 οὖς
1628 3048 1768 3096 σου,
1808 3031 1910 3087 τά-

326 3139 516 3195 χυνον
549 3123 657 3178 τοῦ
684 3123 999 3188 ἐξελέσθαι
1027 3141 1124 3195 με.
1156 3123 1344 3195 Πολλῷ
1375 3141 1435 3177 τε
1482 3124 1692 3194 πλούτῳ
1721 3125 1914 3197 περιρ-

2083 2857 2250 2914 Vens.
2279 2857 2402 2912 2-4.
2457 2854 2527 2912 1η
2557 2867 2625 2918 te.
2661 2855 2900 2919 Domine,
2930 2852 3155 2923 speravi,
3209 2866 3313 2907 non
3360 2850 3580 2915 conferta

2011 2950 2112 3005 dar
2143 2951 2199 3005 in
2229 2960 2484 3006 wternum
2521 2965 2540 3003 :
2578 2950 2631 3003 in
2655 2948 2873 3019 justitia
2918 2957 3008 2999 tua
3048 2943 3214 2998 libera
3243 2960 3340 2998 me.
3374 2940 3582 2996 Inclino

2015 3043 2082 3098 ad
2113 3059 2404 3103 meaurem
2439 3049 2585 3095 tuam
2608 3079 2624 3104 ,
2671 3037 2906 3093 accelera
2935 3045 2992 3088 ut
3025 3051 3182 3089 eruas
3216 3049 3314 3088 me.
3350 3031 3582 3086 Etiamsi

2017 3136 2200 3191 multis
2229 3134 2433 3191 divitiis
2464 3132 2728 3196 ablueret,
2753 3137 2809 3186 et
2836 3127 3079 3182 victoriis
3097 3142 3233 3198 quas
3250 3127 3317 3181 de
3344 3124 3585 3181 inimicis

330 3217 603 3293 ῥεόμενος.
640 3218 688 3270 εἰ
718 3217 811 3271 καὶ
841 3216 1016 3280 νίκαις
1041 3219 1159 3281 ταῖς
1186 3218 1307 3271 κατ’
1330 3216 1540 3290 ἐχθρῶν
1568 3216 1910 3288 ἐκόμα,ἀλλὰ

2018 3233 2411 3295 reportaverat,
2455 3233 2780 3286 ornaretur,
2828 3221 2965 3276 nihil
2992 3220 3180 3277 eorum
3208 3217 3277 3272 ad
3317 3217 3584 3273 securitas

325 3308 531 3365 τούτων
553 3309 705 3363 οὐδὲν
731 3309 865 3380 πρὸς
892 3309 1190 3377 ἀσφάλειαν
1210 3326 1272 3362 συ
1281 3308 1604 3381 μ6αλεῖσθαι
1624 3308 1771 3380 αὐτῷ
1794 3309 1914 3363 ἐπέ·

326 3414 539 3468 natura,
568 3403 736 3474 μόνην
761 3402 817 3456 δὲ
848 3401 947 3473 τὴν
977 3402 1069 3454 ἐπὶ
1096 3401 1300 3474 Κύριον
1327 3402 1520 3456 ἐλπίδα
1539 3419 1552 3432 ·
1587 3401 1684 3455 διὸ.
1704 3386 1912 3456 ἱκέτευε

325 3493 532 3565 ταύτης
560 3495 770 3565 μήποτε
800 3496 1055 3549 ἐκπεσεῖν
1074 3513 1087 3525 ·
1120 3494 1256 3549 ἀλλὰ
1281 3495 1376 3549 καὶ
1402 3496 1551 3568 ἡμᾶς
1580 3494 1824 3549 ἐδίδασκε
1844 3494 1914 3549 τὰ

328 3586 491 3659 ὅμοια
524 3586 674 3657 αὐτῷ
706 3585 1001 3658 ζηλοῦντας
1049 3574 1146 3641 καλ
1180 3589 1393 3659 φρονεῖν
1426 3587 1521 3641 καὶ
1552 3573 1748 3656 λέγεινι
1768 3587 1915 3642 Ἀντὶ

326 3678 405 3742 δὲ,
435 3676 506 3731 ἐν
527 3677 600 3745 τῇ
630 3676 983 3749 δικαιοσύνῃ
1012 3695 1149 3733 σου·
1180 3680 1248 3733 ἐν
1270 3678 1345 3748 τῇ
1374 3678 1755 3751 ἐλεημοσύνη
1773 3694 1911 3745 σου,

327 3771 357 3824 ὁ
384 3768 679 3840 Σύμμαχος
722 3757 974 3836 ἐξέδωκε.
1005 3769 1196 3823 Ferci)
1225 3788 1325 3839 μοι
1372 3773 1459 3837 εὶς
1505 3771 1654 3825 Θεὸν
1693 3776 1914 3842 ὑπερα-

328 3861 623 3930 σπιστὴν,
654 3863 752 3917 καὶ
782 3865 869 3929 εἰς
899 3859 1068 3917 οἷκον
1100 3864 1452 3935 καταφυγῆς
1473 3866 1578 3920 τοῦ
1596 3865 1796 3921 σῶσαί
1814 3886 1911 3939 με.

332 3955 451 4009 ’Ότι
477 3950 817 4024 κραταίωμά
844 3972 964 4024 μου
991 3953 1090 4009 καὶ
1115 3954 1428 4026 καταφυγή
1456 3973 1576 4025 μου
1604 3953 1663 4011 εἷ
1684 3957 1786 4022 σὺ,
1815 3958 1917 4013 καὶ

329 4042 539 4098 ἕνεκεν
565 4043 672 4097 τοῦ
706 4043 999 4113 ὀνόματός
1031 4059 1148 4099 σου
1179 4043 1504 4114 ὀδηγήσεις
1541 4056 1619 4116 με
1662 4046 1760 4102 καὶ
1789 4046 1916 4101 δια-

331 4134 572 4205 θρέψεις
609 4152 706 4206 με.
738 4135 924 4190 Ταῦτα
964 4135 1060 4190 καὶ
1108 4137 1168 4191 ἐν
1213 4134 1292 4206 τῷ
1318 4137 1767 4210 ἑπτακαιδεκάτῳ
1794 4126 1916 4193 εἶπε

331 4227 549 4300 ψαλμῷ-

417 4315 682 4388 Ἐξάξεις
718 4339 795 4392 με
836 4316 906 4375 ἐκ
952 4322 1206 4393 παγίδος
1245 4324 1488 4392 ταύτης,
1530 4308 1607 4396 ἧς
1639 4320 1919 4395 ἓκρυψάν

329 4427 451 4480 μοι,
490 4410 580 4465 ὅτι
623 4410 706 4465 σὺ
745 4411 800 4465 εἷ
838 4413 870 4465 ὀ
900 4410 1360 4480 ὑπερασπιστὴς
1395 4430 1535 4481 μου,
1577 4413 1773 4481 Κύριε.
1813 4416 1918 4481 Εἰς

334 4502 536 4574 χεῖράς
581 4521 699 4558 σου
738 4502 1161 4574 παραθήσομαι
1209 4504 1271 4558 τὸ
1311 4494 1548 4572 πνεῦμὰ
1585 4523 1707 4576 μου
1727 4515 1740 4529 ⁸
1773 4506 1917 4561 ἐλυ-

2016 3328 2122 3375 tem
2154 3319 2260 3374 sibi
2300 3317 2574 3383 conferre,
2610 3328 2882 3386 unamque
2919 3314 2974 3368 in
3029 3303 3317 3367 Dominum
3350 3326 3500 3381 spem
3530 3310 3584 3363 id

2014 3416 2276 3482 prastare
2326 3424 2531 3481 posse,
2582 3406 2978 3463 arbitrabatur.
3026 3403 3206 3470 Quare
3237 3401 3584 3472 supplicabat

2015 3511 2076 3557 ut
2102 3516 2383 3572 nunquam
2414 3501 2483 3556 ab
2523 3515 2587 3555 ea
2620 3497 2896 3553 decideret
2938 3511 2954 3548 :
2996 3494 3091 3550 sed
3118 3509 3219 3549 nos
3249 3507 3465 3563 quoque
3498 3491 3583 3545 in-

2016 3594 2278 3650 stituebat
2309 3600 2366 3648 ut
2391 3591 2543 3663 paria
2574 3593 2904 3663 quaerentes,
2935 3587 3125 3643 eadem
3160 3600 3283 3657 qua:
3312 3586 3429 3656 ipse
3458 3599 3585 3640 sene

2014 3686 2246 3741 tiremus
2283 3700 2348 3740 ac
2376 3685 2747 3755 loqueremur.
2795 3674 2938 3737 Loco
2978 3686 3158 3735 autem
3205 3677 3371 3739 illius,
3415 3677 3469 3730 in
3488 3674 3588 3745 ju-

2016 3778 2165 3833 stitia
2217 3785 2345 3839 tua,
2416 3774 2801 3847 Symmachus,
2830 3774 2886 3828 in
2927 3768 3291 3826 misericordia
3329 3778 3441 3832 tua,
3468 3767 3588 3824 edi-

2014 3869 2114 3923 dit.
2150 3866 2279 3923 Esto
2327 3867 2457 3921 mihi
2512 3868 2566 3921 in
2601 3866 2769 3921 Deum
2814 3876 3159 3936 protectorem
3201 3872 3251 3917 et
3291 3861 3347 3915 in
3373 3862 3589 3914 domum

2016 3958 2224 4029 refugii,
2253 3966 2311 4011 ut
2335 3956 2539 4011 salvum
2563 3973 2643 4010 me
2671 3956 2861 4025 facias.
2895 3954 3158 4021 Quoniam
3186 3949 3443 4021 fortitudo
3472 3963 3590 4002 mea

2015 4062 2063 4107 et
2094 4051 2353 4121 refugium
2397 4064 2568 4103 meum
2611 4063 2665 4100 es
2709 4054 2798 4112 tu,
2849 4054 2899 4100 et
2945 4052 3154 4116 propter
3202 4059 3387 4098 nomen
3439 4052 3591 4093 tuum

2015 4142 2235 4198 deduces
2266 4153 2346 4196 me
2373 4150 2422 4195 et
2453 4140 2681 4195 enutries
2716 4155 2815 4193 me.
2850 4136 2976 4192 Haec
3019 4137 3075 4192 in
3113 4135 3344 4206 septimo
3376 4131 3589 4189 decimo

2016 4249 2235 4307 quoque
2266 4232 2479 4303 psalmo
2507 4230 2739 4286 dixerat.

2088 4325 2255 4381 Vens.
2286 4326 2341 4387 5,
2368 4325 2422 4381 6.
2453 4323 2658 4379 Educes
2684 4339 2765 4377 me
2788 4320 2851 4376 de
2876 4322 3058 4392 laqueo
3082 4318 3176 4372 hoc
3195 4333 3345 4389 quem
3369 4315 3591 4371 αῡδσοιιδ

2016 4419 2206 4474 derunt
2239 4418 2389 4483 mihi,
2421 4419 2669 4488 quoniam
2711 4424 2767 4469 tu
2796 4431 2848 4469 es
2876 4420 3139 4483 protector
3165 4424 3331 4465 meus.
3365 4407 3431 4462 In
3476 4424 3591 4461 ma-

2018 4522 2116 4567 nus
2144 4520 2262 4565 tuas
2289 4507 2663 4565 commendabo
2689 4507 2935 4578 spiritum
2960 4519 3129 4559 meum
3155 4517 3173 4556 :
3196 4498 3463 4557 redemisti
3487 4513 3589 4564 me,

331 4593 538 4665 τρώσω
581 4611 680 4665 με,
710 4595 889 4663 Κύριε
938 4596 971 4648 d
1023 4594 1169 4661 Θεὸς
1221 4593 1333 4682 τῆς
1378 4596 1685 4665 ἀληθείας.
1704 4594 1794 4662 Ἐξ
1841 4589 1910 4652 ὧν

2019 4603 2245 4682 Domine
2268 4599 2410 4656 Deus
2438 4601 2694 4656 veritatis.
2729 4598 2808 4655 Ex
2840 4598 2906 4654 iis
2936 4604 3059 4668 quae
3091 4595 3204 4667 jam
3234 4593 3364 4649 olim
3396 4605 3592 4661 ruper—

335 4686 633 4760 ἐπειράθην
677 4684 846 4741 πάλαι
888 4686 1170 4759 πρότερον,
1207 4678 1533 4761 πέπεισμαι,
1562 4689 1644 4743 ὅτι
1688 4691 1783 4743 καὶ
1820 4686 1917 4744 νῦν

333 4779 544 4848 ἐξάξεις
568 4796 635 4850 με
667 4782 730 4834 ἐκ
760 4776 941 4850 πάσης
964 4779 1187 4849 παγίδος
1208 4780 1306 4852 τῆς
1331 4779 1438 4835 ὑπὸ
1460 4780 1570 4835 τῶν
1590 4779 1799 4853 ἐχθρῶν
1827 4790 1916 4854 μοι

332 4861 1057 4941 κατασκευαζομένης.”Εως
1098 4870 1208 4944 γὰρ
1250 4873 1309 4927 ἐν
1349 4871 1428 4944 τῷ
1469 4871 1569 4943 βίῳ
1610 4871 1690 4944 τῷ
1737 4873 1918 4947 θνητῷ

234 4974 235 4977 “
332 4964 605 5039 τυγχάνω,
633 4961 753 5020 οἶδα
801 4962 1231 5039 πολεμούμενος·
1283 4967 1379 5022 καὶ
1437 4960 1631 5039 μέχρις
1681 4967 1918 5038 ἐσχάτης

333 5056 610 5127 ἀναπνοῆς
631 5058 689 5110 ἐν
712 5054 918 5126 ἀγωνία
942 5056 1209 5128 κατέστην
1230 5052 1324 5111 καὶ
1350 5056 1438 5111 διὰ
1454 5057 1553 5122 τὰς
1575 5055 1684 5110 τῶν
1706 5050 1917 5128 ἐχθρῶν

336 5142 826 5214 ὲπιϐουλάς.⁴Αλλὰ
848 5148 1171 5220 πέπεισμαι,
1199 5151 1279 5203 ὅτι
1330 5139 1424 5204 ἐπὶ
1472 5148 1554 5203 σοὶ
1602 5150 1917 5222 ἀναρτήσας

334 5238 433 5308 τὴν
483 5237 720 5310 ἐμαυτοῦ
768 5236 979 5302 ἐλπίδα,
1026 5239 1089 5292 οὐ
1141 5238 1685 5311 καταισχυνθήσομαι
1718 5241 1797 5302 εἰς
1825 5238 1917 5292 τὸν

337 5327 526 5382 αἰῶνα.
561 5327 693 5381 Θεὸν
724 5323 780 5381 δὲ
824 5325 1080 5398 ἀληθείας
1124 5328 1397 5399 εὐκαίρως
1441 5328 1537 5380 καὶ
1571 5324 1918 5394 καταλλήλως

336 5419 449 5482 τοῖς
478 5415 792 5488 λεγομένοις
820 5417 1099 5490 ὠνόμασεν
1119 5435 1132 5448 ·
1158 5418 1220 5472 ού
1245 5417 1352 5489 γὰρ
1382 5416 1499 5470 ἔστι
1529 5415 1916 5488 διαψευσθῆναι

337 5511 427 5565 τὸν
456 5511 550 5564 ἐπὶ
582 5508 642 5564 σὲ
658 5510 939 5582 ,ἠλπικότα
962 5546 978 5576 ,
1005 5508 1127 5563 οὐδὲ
1145 5504 1239 5563 τὸν
1263 5508 1358 5565 ἐπὶ
1384 5510 1506 5573 ταῖς
1538 5509 1658 5572 σαῖς
1677 5508 1913 5576 ἐπαγγε-

336 5599 480 5667 λίαις
511 5604 938 5658 πεπιστευκότα.

422 5693 745 5776 Ἐμίσησας
776 5695 919 5763 τοὺς
951 5686 1488 5766 διαφυλάσσοντας
1519 5682 1916 5764 ματαιότητας

342 5780 807 5855 διακενῆς.Ἐώ
844 5786 914 5842 δὲ
955 5788 1053 5841 ἐπὶ
1090 5785 1173 5853 τῷ
1205 5786 1399 5854 Κυρίῳ
1420 5784 1657 5851 ἤλπισα
1677 5803 1690 5815 '
1727 5784 1913 5856 ἀγαλ-

415 5870 460 5907 ⁵⁸
495 5873 637 5937 Psal.
670 5893 803 5935 xxx.
834 5877 926 5932 23.

661 5970 932 6030 ΡΑτιιοι..
979 5968 1097 6031 Gn.
1145 5967 1384 6030 XXIII.

2016 4704 2106 4751 tus
2136 4709 2292 4758 sum,
2336 4693 2553 4748 etmlido
2597 4700 2651 4748 te
2686 4707 2754 4748 ex
2792 4690 2987 4762 quovis
3035 4689 3229 4758 laqueo
3265 4683 3593 4741 educturum

2017 4803 2129 4851 me,
2160 4788 2228 4843 ab
2260 4786 2500 4842 inimicis
2528 4786 2662 4841 mibi
2694 4790 2907 4857 parato.
2935 4780 3184 4849 Quandiu
3214 4777 3360 4834 enim
3398 4776 3455 4830 in
3483 4776 3593 4831 vita

2017 4879 2234 4934 mortali
2285 4893 2498 4942 vereor,
2548 4893 2635 4932 me
2680 4877 3055 4946 impugnatum
3105 4870 3174 4926 iri
3228 4868 3379 4928 seio:
3425 4874 3480 4924 et
3525 4864 3594 4922 ad

2019 4978 2322 5029 extremum
2354 4984 2531 5041 usque
2560 4968 2813 5033 halitum,
2852 4965 3196 5022 inimicorum
3243 4960 3460 5017 insidiis
3499 4973 3593 5031 ap-

2017 5067 2242 5137 petitus,
2289 5064 2346 5119 in
2396 5060 2698 5120 certamine
2738 5059 3070 5115 constitutus
3105 5070 3221 5111 ero.
3271 5052 3340 5109 At
3377 5050 3593 5107 conﬁdo

2017 5157 2134 5214 fore
2167 5164 2250 5220 ut,
2281 5171 2378 5227 spe
2407 5169 2526 5210 mea
2567 5154 2622 5208 in
2665 5161 2717 5207 te
2751 5149 3010 5222 reposita,
3041 5163 3150 5203 non
3186 5142 3491 5201 confundar
3535 5142 3592 5197 in

2016 5259 2304 5304 aeternum.
2345 5248 2515 5302 Deum
2551 5239 2731 5300 autem
2760 5241 3005 5298 veritatis
3039 5244 3341 5309 opportune
3371 5240 3425 5291 et
3459 5248 3594 5289 cons

2016 5348 2278 5415 gruenter
2311 5339 2378 5394 ad
2408 5350 2522 5394 rem
2553 5353 2675 5409 quae
2707 5337 2886 5406 agitur
2916 5333 3135 5387 vocavit
3170 5348 3183 5385 :
3226 5343 3403 5398 neque
3443 5326 3592 5382 enim

2018 5434 2337 5504 contingere
2370 5436 2567 5503 potest,
2601 5438 2660 5485 ut
2689 5429 2739 5484 is
2769 5426 2864 5499 qui
2911 5425 2967 5480 in
3011 5433 3063 5480 te
3111 5423 3379 5495 speravit,
3422 5419 3506 5474 vel
3540 5417 3590 5471 is

2017 5521 2109 5594 qui
2138 5520 2427 5592 promissis
2463 5519 2574 5575 tuis
2604 5518 2762 5574 [idem
2794 5516 3005 5580 babuit,
3042 5530 3137 5586 spe
3180 5512 3411 5568 labatur.

2089 5699 2255 5756 Vens.
2288 5692 2341 5765 7,
2373 5699 2427 5753 8.
2466 5696 2642 5753 Odisti
2671 5695 3000 5750 observantes
3032 5692 3311 5746 vanitates.
3343 5696 3592 5755 superus”

2018 5809 2133 5847 crte.
2183 5791 2293 5861 Ego
2338 5799 2511 5844 autem
2562 5791 2617 5842 in
2654 5786 2875 5841 Domino
2922 5784 3126 5855 speravi
3160 5799 3178 5837 :
3221 5774 3495 5834 exsultatio
3538 5774 3589 5826 et

3226 5956 3264 6014 ι)
