4100 6406
508 445 610 514 ξω

1202 446 1478 514 EUSEBII
1519 453 1995 515 CASSARIENSIS
2034 454 2185 513 OPP.
2217 454 2397 513 PARS
2454 456 2639 513 111.--’
2669 456 3079 515 EXEGETICA.

3672 458 3780 511 268

511 572 732 629 hrtabor
769 573 825 625 in
862 562 1231 625 misericordia
1276 579 1387 625 tua.
1429 568 1625 626 Merito
1673 571 1877 627 lataris
1901 572 1969 625 de
1992 587 2056 624 vc

2165 573 2478 642 ηλιάσομαι
2525 572 2625 627 καί
2669 574 3156 645 εὐφρανθήσομαι
3198 572 3294 626 ἐπὶ
3328 571 3407 637 τῷ
3444 567 3599 625 ἐλέει
3636 584 3773 627 σου·

508 666 688 723 ritatis
737 662 1097 724 amatoribus.
1131 662 1365 733 illosque
1418 661 1693 729 admittis;
1726 660 1848 715 ideo
1878 660 2085 715 dictum

479 768 611 825 'est,
656 757 915 813 Veritates
948 754 1167 825 requirit
1189 753 1491 820 Dominus;
1536 753 1659 811 illos
1696 770 1828 811 vero
1855 754 1949 824 qui
1992 770 2088 808 va-

478 854 732 910 "nitatem
792 856 1092 912 sectantur,
1141 853 1331 919 utpote
1383 847 1475 917 Qui
1507 845 1855 902 mendacium
1889 862 2086 903 conse-

503 943 741 1006 étentur,
780 938 1090 997 adversaris
1134 944 1189 995 et
1228 936 1419 994 odisti.
1480 936 1708 993 Vanitas
1746 939 1950 1010 quippe
1999 946 2086 995 est

503 1035 647 1109 quod
678 1034 959 1091 mendacio
991 1034 1207 1103 plenum
1236 1047 1250 1083 :
1291 1045 1463 1103 quare
1504 1032 1586 1087 sic
1615 1032 1877 1088 admones
1907 1050 1921 1085 :
1952 1030 2086 1086 Filii

502 1129 772 1184 hominum
801 1142 1067 1198 usquequo
1094 1125 1244 1197 gravi
1277 1126 1453 1189 corde,
1485 1135 1546 1178 ut
1571 1124 1697 1196 quid
1725 1124 1953 1195 diligitis
1992 1139 2085 1178 oa-

499 1223 719 1278 uitatem
750 1233 797 1276 et
825 1220 1066 1291 queritis
1091 1219 1421 1274 mendacium
1441 1218 1529 1271 “‘9
1562 1218 1675 1290 Ego
1696 1233 1829 1274 vero
1867 1234 1897 1272 a
1924 1218 2084 1274 vanis

500 1314 669 1370 rebus
698 1324 947 1375 aversus,
989 1312 1045 1365 in
1085 1314 1138 1367 te
1177 1311 1297 1365 solo
1319 1309 1553 1365 Domino
1581 1325 1703 1366 meo
1732 1325 1885 1380 spem
1921 1325 2053 1380 repo
2074 1340 2086 1357 ο

501 1406 613 1472 sui,
645 1420 815 1476 quare
850 1403 1069 1459 confido
1100 1404 1211 1458 non
1262 1401 1468 1458 frustra
1497 1400 1597 1457 tibi
1633 1403 1899 1472 meipsum
1927 1417 2081 1455 com-

502 1497 743 1554 misisse.
788 1494 923 1551 Nam
960 1495 1083 1552 ﬁnis
1122 1494 1237 1567 spei
1276 1495 1330 1550 in
1371 1503 1424 1550 te
1469 1493 1650 1565 posita
1703 1505 1783 1550 est
1823 1493 2080 1565 gaudium

502 1594 556 1641 et
596 1586 803 1640 laetitia.

573 1677 740 1733 Vs'ns.
773 1678 826 1733 9.
865 1676 1130 1745 Quoniam
1182 1678 1457 1747 respexisti
1495 1676 1846 1732 humilitatem
1883 1692 2075 1756 meam,

496 1769 721 1823 salvasti
764 1772 828 1824 de
858 1768 1258 1825 necessitatibus
1301 1771 1536 1823 animam
1582 1785 1789 1841 meam;
1825 1784 1917 1822 nec
1949 1784 2078 1821 con-

494 1862 706 1916 clusisti
749 1880 829 1916 me
876 1863 931 1915 in
976 1862 1219 1917 manibus
1274 1863 1520 1926 inimici;
1568 1862 1806 1916 statuisti
1857 1860 1910 1913 in
1963 1860 2075 1914 loco

492 1954 727 2021 spatioso
755 1953 909 2024 pedes
954 1971 1117 2009 meos.
1176 1952 1296 2008 Jam
1340 1954 1478 2008 alias
1512 1951 1801 2023 respexisti
1848 1951 2071 2005 humili-

493 2053 660 2101 tatem
703 2061 880 2100 meam
912 2065 927 2100 :
965 2061 1027 2099 ac
1063 2045 1389 2116 plerumque
1420 2043 1601 2098 anima
1634 2057 1754 2097 mea
1794 2042 1848 2095 in
1879 2055 2068 2096 neces-

491 2137 682 2192 sitates
721 2136 790 2190 ab
835 2137 1072 2190 inimicis
1118 2135 1222 2191 sibi
1275 2135 1528 2190 inductas
1572 2134 1826 2205 delapsa,
1873 2147 2069 2202 meque

489 2227 627 2283 nihil
653 2227 801 2282 aliud
828 2234 1020 2298 agente
1043 2242 1205 2297 quam
1237 2237 1297 2281 ut
1320 2227 1662 2282 humiliorem
1694 2236 1749 2281 et
1777 2225 2066 2296 aiﬂigerem

489 2330 599 2386 me,
628 2316 700 2375 ob
726 2319 958 2375 emissas
992 2319 1060 2373 ad
1100 2326 1153 2374 te
1178 2317 1344 2373 Deum
1380 2334 1559 2375 meum
1593 2333 1806 2390 preces,
1850 2327 1909 2374 tu
1950 2320 2066 2390 ipse

487 2418 646 2467 meus
695 2415 1069 2483 propugnator
1120 2426 1185 2465 ac
1233 2420 1529 2480 protector,
1580 2425 1667 2464 me
1718 2425 2062 2481 nequaquam

487 2498 816 2578 despiciens,
848 2505 943 2560 sed
977 2504 1337 2559 humilitatem
1361 2504 1674 2577 approbans
1712 2520 1911 2569 meam,
1949 2507 2061 2560 sal-

484 2595 623 2650 rasti
651 2593 716 2649 de
744 2593 1139 2649 necessitatibus
1181 2595 1417 2649 animam
1449 2610 1641 2658 meam,
1677 2611 1768 2649 nec
1794 2595 2057 2650 conclusi-

480 2688 555 2743 sti
578 2704 657 2756 me
686 2688 739 2742 in
766 2686 1008 2741 manibus
1063 2687 1300 2752 inimici;
1344 2702 1408 2742 ac
1455 2695 1652 2758 praeter
1690 2687 2060 2758 exspectatio-

477 2795 604 2837 nem
634 2794 721 2836 me
754 2781 810 2835 in
842 2780 1051 2837 retibus
1101 2780 1213 2850 jam
1253 2780 1595 2846 devolutum,
1627 2789 1681 2835 ct
1707 2779 2055 2835 inimicorum

477 2871 735 2927 manibus
776 2870 1063 2938 traditum,
1098 2870 1351 2941 eripuisti
1383 2870 1755 2940 rcmisistique
1797 2870 2051 2935 liberum,

475 2961 644 3034 pedes
681 2978 834 3018 meos
875 2963 931 3017 in
971 2960 1265 3017 latitudine
1306 2977 1371 3017 ac
1411 2963 1467 3016 in
1495 2962 1617 3017 loco
1648 2962 1889 3033 spatioso
1921 2978 2054 3017 con—

478 3053 746 3119 stituisti,
798 3054 1092 3123 ‘solutoque
1145 3052 1275 3108 mihi
1334 3054 1701 3119 concessisti,
1736 3055 2054 3126 ubicunque

474 3147 667 3203 vellem
695 3146 1022 3211 incederem.
1047 3145 1105 3200 in
1130 3146 1361 3202 historia
1386 3161 1549 3217 porro
1571 3157 1847 3211 narratur,
1875 3149 2051 3219 ipsum

2188 665 2437 729 Εἰκότως
2463 666 2675 737 χαίρεις
2704 667 2801 737 μὲν
2830 668 2945 730 τοῖς
2971 667 3070 738 τῆς
3098 665 3355 737 ἀληθείας
3380 663 3656 734 ἐρασταῖς,
3681 663 3774 716 καὶ

2191 760 2420 823 τούτους
2452 758 2766 833 προσίεσαι·
2798 759 2878 812 διὸ
2902 758 3148 813 λέλεκται
3171 776 3184 789 ο
3225 757 3524 825 Ἀληθείας
3550 753 3779 824 ἐκζητεῖ

2188 853 2438 920 Κύριοςο
2482 852 2609 914 τοὺς
2643 851 2700 904 δὲ
2732 853 2830 923 τὴν
2866 852 3202 923 ματαιότητα
3241 850 3600 921 περιέποντας
3633 847 3776 900 εικό-

2190 948 2301 1008 τως
2333 943 2619 1015 ἀποτρέπῃ
2651 944 2743 997 καὶ
2772 946 2968 1014 μισεῖς,
3002 941 3080 1005 ὡς
3106 941 3173 995 ἂν
3199 940 3260 994 τὸ
3287 939 3481 1010 ψεῦδος
3512 936 3777 1010 μεταδιώ-

2189 1051 2407 1097 κοντας.
2437 1035 2753 1104 Ματαιότης
2773 1033 2881 1106 γὰρ
2899 1034 2963 1087 τὸ
2989 1033 3218 1103 ψεύδους
3244 1032 3413 1102 γέμον
3430 1047 3444 1060 ·
3472 1030 3552 1084 διὸ
3581 1044 3775 1100 παραι-

2188 1128 2300 1189 νεῐς
2332 1123 2533 1194 λέγων’
2576 1125 2693 1179 Υἱοὶ
2732 1123 3078 1192 ἀνθρώπων,
3123 1122 3234 1188 ἕως
3281 1124 3428 1175 πότε
3466 1119 3771 1190 ,βαρυκάρ-

2184 1216 2336 1281 διοι;
2376 1218 2478 1270 ἵνα
2521 1217 2579 1271 τι
2631 1215 2897 1286 ἀγαπᾶτε
2931 1216 3316 1285 ματαιότητα,
3358 1213 3456 1267 καὶ
3505 1211 3771 1280 ζητεῖσθε

2186 1307 2450 1376 ψεῦδοςς
2488 1308 2629 1377 Ἐγὼ
2672 1309 2750 1374 δὲ,
2782 1307 3149 1380 ἀποστραφεὶς
3195 1305 3263 1360 τὰ
3318 1305 3543 1377 μάταια,
3575 1304 3669 1355 ἐπὶ
3710 1304 3767 1359 σὲ

2191 1400 2352 1469 μόνον
2404 1390 2495 1454 τὸν
2541 1400 2777 1472 ἐμαυτοῦ
2812 1388 3015 1472 Κύριον
3047 1400 3282 1471 ἦλπισα⁶
3315 1398 3395 1451 διὸ
3442 1398 3762 1468 πέπεισμαι,

2183 1490 2281 1543 οὐκ
2336 1492 2457 1562 εἰκῇ
2501 1508 2583 1545 σοι
2637 1491 2874 1562 ἐμαυτὸν
2903 1489 3347 1563 παρατεθεῖσθαι.
3384 1488 3458 1542 Τὸ
3482 1488 3591 1560 γὰρ
3613 1487 3766 1552 τέλος

2181 1582 2285 1653 τῆς
2309 1586 2390 1647 είς
2417 1583 2475 1636 σὲ
2504 1583 2720 1648 ἐλπίδος
2750 1582 2892 1656 χαρὰ
2920 1585 3015 1666 καὶ
3053 1582 3377 1653 εὐφροσύνη.

2253 1676 2375 1728 Ὅτι
2410 1675 2644 1743 ἐπεῖδες
2682 1675 2800 1744 τὴν
2840 1676 3207 1731 ταπείνωσίν
3242 1692 3383 1743 μου,
3413 1673 3653 1740 ἔσωσας
3692 1674 3761 1728 ἐκ

2177 1767 2303 1823 τῶν
2328 1767 2608 1838 ἀναγκῶν
2634 1768 2751 1837 τὴν
2774 1768 2989 1837 ψυχήν
3009 1785 3153 1839 μου.
3184 1767 3294 1821 Καὶ
3339 1770 3413 1821 οὐ
3454 1767 3763 1821 συνέκλει-

2177 1861 2296 1927 σὰς
2317 1877 2395 1931 με
2421 1862 2509 1928 εἰς
2539 1860 2740 1931 χεῷας
2761 1858 3019 1931 ἐχθρῶν⁸
3053 1859 3323 1928 ἐστησας
3350 1859 3423 1913 ὲν
3443 1857 3760 1928 εὺρυχάῳῳ

2176 1953 2320 2020 τοὺς
2350 1953 2538 2020 πόδας
2561 1952 2852 2023 μου.Ἠδη
2883 1952 2976 2007 καὶ
3005 1951 3191 2005 ἄλλοτε
3220 1951 3427 2015 ἐπεῑόες
3450 1951 3549 2023 τὴν
3567 1950 3760 2004 ταπεί-

2175 2045 2340 2100 νωσίν
2375 2063 2475 2117 μου
2495 2064 2508 2076 ·
2546 2046 2806 2109 πολλάκις
2836 2058 2896 2098 τε
2931 2043 3331 2117 περιπεσούσης
3357 2043 3457 2113 τῆς
3486 2042 3625 2113 ἐμῆς
3648 2042 3756 2111 4m-

2174 2138 2274 2208 χῆς
2308 2139 2574 2207 ἀνάγκαις
2604 2140 2725 2202 ταῖς
2756 2137 2859 2190 ὑπὸ
2893 2135 3001 2189 τῶν
3031 2135 3240 2207 ἐχθρῶν
3270 2133 3632 2197 ἐπιτεθείσαις
3651 2133 3754 2187 αύ-

2172 2233 2260 2301 τῇ,
2287 2229 2421 2301 ἐμοῦ
2463 2246 2522 2282 τε
2561 2229 2726 2300 μηδὲν
2753 2227 2915 2282 πλέον
2949 2227 3279 2299 πράττοντος
3307 2225 3340 2297 ἢ
3367 2224 3754 2289 ταπεινοῦντος

2171 2322 2408 2395 ἐμαυτὸν
2428 2322 2528 2375 καὶ
2551 2320 2845 2385 κακοῦντος
2867 2321 2954 2375 διὰ
2985 2320 3095 2373 τῶν
3127 2318 3264 2393 ⁴πρὸς
3286 2316 3345 2371 ob
3365 2318 3457 2372 τὸν
3483 2317 3615 2371 Θεὸν
3638 2319 3752 2374 lx:-

2169 2415 2395 2488 τηρίων,
2428 2412 2490 2467 σὺ
2525 2414 2686 2476 αὐτὸς
2724 2415 2753 2465 6
2786 2408 2917 2482 ἐμὸς
2946 2413 3261 2484 ύπέρμαχος
3299 2412 3393 2465 καὶ
3438 2412 3749 2483 ὑπερασπι-

2170 2506 2320 2578 στὴς,
2347 2506 2419 2578 μὴ
2444 2503 2851 2578 ἀντιπαρελθών
2878 2522 2967 2577 με,
2991 2504 3390 2576 ἀποδεξάμενος
3407 2503 3466 2557 δέ
3492 2503 3587 2575 τὴν
3609 2502 3749 2576 ἐμὴν

2165 2600 2513 2662 ταπείνωσιν,
2545 2598 2784 2664 ἔσωσας
2806 2598 2875 2651 ἐκ
2905 2596 3023 2651 τῶν
3054 2596 3333 2667 ἀναγκῶν
3377 2596 3494 2665 τὴν
3536 2594 3750 2666 ψυχήν

2157 2710 2299 2761 μου,
2335 2690 2434 2745 καί
2476 2692 2546 2745 οὐ
2591 2689 2996 2757 συνέκλεισάς
3022 2707 3100 2760 με
3137 2692 3224 2757 είς
3255 2688 3458 2759 χεῷας
3484 2685 3743 2756 ἐχθρῶν

2163 2782 2481 2854 παραδόξως
2530 2780 2588 2834 δέ
2643 2798 2710 2851 με
2756 2779 2888 2833 εῐσω
2919 2779 3150 2834 δικτύων
3179 2780 3277 2851 ἤδη
3308 2779 3619 2848 γενόμενον,
3653 2777 3747 2829 καὶ

2160 2877 2280 2937 ταῖς
2308 2874 2465 2945 χερσὶ
2491 2870 2600 2925 τῶν
2627 2871 2837 2944 ἐχθρῶν
2861 2870 3293 2942 παραδεδομένον
3322 2870 3576 2942 ἀρπάσας
3603 2865 3747 2920 ἐλεύ-

2161 2967 2317 3040 θερον
2351 2967 2578 3037 ἀνῆκας,
2612 2967 2708 3019 καὶ
2736 2966 2860 3029 τοὺς
2895 2965 3063 3029 πόδας
3098 2981 3199 3035 μου
3233 2965 3291 3016 ἐν
3320 2963 3619 3033 πλατύτητι
3650 2964 3745 3015 καὶ

2160 3058 2470 3131 εὐρυχωρίᾳ
2500 3057 2860 3128 κατέστησας,
2899 3058 3258 3128 συγχωρήσας
3287 3054 3484 3124 ἄφετόν
3533 3070 3599 3125 με
3643 3052 3744 3124 βα-

2159 3151 2321 3217 δίζειν
2356 3153 2480 3205 ὅποι
2508 3144 2603 3204 καὶ
2634 3149 2913 3221 βούλομαι.
2946 3148 3199 3202 Διδάσκει
3226 3146 3283 3200 δέ
3318 3147 3413 3200 καὶ
3443 3148 3476 3218 ἡ
3508 3146 3742 3219 ἱστορία,

475 3256 618 3312 saepe
643 3256 673 3295 a
691 3234 856 3296 Saul'e
876 3240 1299 3312 deprehensum,
1320 3246 1373 3295 et
1399 3240 1693 3310 aliquando
1715 3240 1769 3293 in
1793 3241 2050 3311 spelunca

2165 3245 2261 3307 ὅτι,
2298 3243 2561 3306 πολλάκις
2592 3240 2956 3311 καταληφθεὶς
2985 3240 3091 3293 ὑπὸ
3135 3239 3229 3293 τοῦ
3272 3239 3465 3303 Σαοὺλ,
3497 3239 3589 3293 καὶ
3618 3239 3743 3310 μὲν-

475 3330 773 3393 inclusum,
824 3339 1020 3385 manus
1060 3329 1181 3400 ej‘us
1227 3328 1486 3401 effugisse
1533 3348 1547 3385 :
1594 3339 1650 3385 et
1684 3331 1822 3385 alias
1870 3330 2053 3386 aGet-

472 3421 629 3478 thecis
670 3436 731 3478 se
765 3430 947 3477 mente
976 3430 1197 3493 captum
1240 3421 1558 3478 simulando
1603 3423 1849 3493 elapsum
1908 3440 2051 3481 esse.

542 3597 706 3655 Vsus.
752 3599 842 3653 10.
888 3594 1140 3655 Miserere
1187 3601 1311 3664 mei,
1363 3600 1602 3665 Domine,
1658 3601 1907 3671 quoniam
1958 3602 2056 3656 tri-

472 3691 670 3785 bplor:
712 3691 1054 3747 conturbatus
1088 3703 1165 3748 est
1201 3693 1258 3747 in
1308 3695 1392 3748 ira
1438 3694 1622 3749 oculus
1669 3710 1837 3759 meus,
1875 3696 2052 3748 anima

470 3780 587 3838 mea
634 3793 685 3838 et
728 3793 903 3838 venter
946 3801 1109 3840 meus.
1158 3780 1345 3857 Rogo,
1384 3785 1598 3855 inquit,
1664 3800 1729 3841 ac
1786 3785 2054 3857 deprecor

468 3876 576 3931 mei
627 3880 686 3932 ut
732 3876 1066 3943 miserearis,
1120 3880 1371 3949 quoniam
1416 3878 1675 3944 tribulor;
1716 3880 1877 3950 cujus
1929 3881 2052 3936 loco

468 3967 688 4040 Aquila,
732 3968 999 4037 Quoniam
1030 3979 1311 4041 angustum
1346 3970 1493 4025 milii.
1532 3970 1634 4026 'l‘ui
1665 3973 1809 4027 enim
1839 3980 1892 4027 et
1919 3986 2049 4043 pro-

468 4060 761 4117 missorum
799 4069 1019 4119 tuorum
1064 4078 1230 4119 causa
1286 4063 1341 4118 in
1385 4072 1619 4134 angusta
1661 4072 1716 4119 et
1764 4071 1916 4119 arcta
1959 4065 2047 4119 via

463 4151 681 4211 incedo.
729 4153 801 4211 At
840 4155 1037 4211 anima:
1080 4172 1215 4213 mea:
1252 4157 1469 4223 oculus,
1513 4157 1744 4228 ipsaque
1783 4168 1940 4214 mens
1981 4172 2049 4214 ac

466 4244 550 4301 vis
578 4246 947 4303 ratiocinandi
987 4248 1209 4303 turbata
1238 4255 1321 4305 est
1351 4248 1407 4303 in
1440 4249 1541 4303 ira.
1577 4247 1684 4304 Pro
1715 4263 1825 4320 quo
1849 4248 2045 4321 Aquila

468 4335 901 4408 dicit:Squaiuit
934 4341 991 4395 in
1024 4340 1389 4411 indignatione
1433 4340 1619 4395 oculus
1664 4354 1849 4405 meus;
1886 4340 2044 4413 Sym-

2165 3352 2245 3388 τοι
2279 3334 2373 3388 καὶ
2402 3337 2456 3387 ἐν
2486 3332 2563 3404 τῷ
2594 3331 2842 3402 σπηλαίῳ
2874 3327 3233 3401 καθειρχθεὶς,
3266 3328 3364 3391 τὰς
3393 3326 3597 3381 ἐκείνου
3628 3329 3741 3397 χεῖ-

2169 3444 2267 3499 ρας
2294 3427 2540 3497 διέφαγε,
2577 3425 2673 3479 καὶ
2701 3423 2888 3478 ἄλλοτε
2908 3423 3034 3485 τοὺς
3054 3420 3341 3484 Γετθαίους
3357 3418 3736 3492 παραπληξίαν

2165 3519 2663 3592 σχηματισάμενος.

2246 3611 2533 3677 Ἐλέησόν
2557 3628 2655 3680 με,
2687 3610 2881 3679 Κύριε,
2910 3608 2997 3663 ὅτι
3025 3608 3315 3677 θλι’6ομαι’
3356 3604 3650 3677 ἐταράχθη
3669 3606 3739 3660 ἐν

2160 3700 2325 3771 θυμῷ
2352 3705 2383 3756 ὀ
2410 3703 2717 3771 ὀφθαλμός
2741 3718 2882 3770 μου,
2908 3700 2947 3769 ἡ
2976 3699 3147 3770 ψυχή
3166 3718 3307 3770 μου,
3328 3699 3423 3753 καί
3453 3700 3491 3767 ὴ
3512 3695 3741 3769 γαστήρ

2150 3795 2586 3867 μου.Ίκετεύω,
2618 3797 2771 3867 φησὶ,
2803 3796 2898 3850 καὶ
2921 3794 3111 3866 δέομαι
3142 3794 3450 3866 ἐλεηθῆναι,
3486 3792 3576 3845 ὅτι
3612 3791 3742 3846 θλί-

2160 3893 2330 3959 ϐομαι
2353 3902 2368 3919 ·
2400 3887 2515 3943 ἀνθ’
2546 3884 2606 3943 οῦ
2629 3890 2658 3942 6
2703 3886 2933 3952 Ἀκύλας
2961 3887 3126 3960 φησίν
3146 3902 3160 3915 ’
3185 3888 3303 3939 Ὅτι
3337 3882 3559 3937 στενὸν
3585 3881 3736 3950 ἐμοί.

2156 3983 2267 4055 Τὴν
2316 3983 2425 4056 γὰρ
2473 3985 2665 4057 στενὴν
2694 3985 2787 4039 καὶ
2827 3982 3193 4055 τεθλιμμένην
3219 3979 3389 4033 ὀδεύω
3414 3976 3503 4029 διὰ
3534 3970 3614 4038 σέ,
3644 3972 3738 4025 καὶ

2153 4075 2253 4140 τὰς
2292 4076 2391 4141 σὰς
2431 4077 2784 4147 ἐπαγγελίας.
2802 4074 2962 4129 Ἀλλὰ
2989 4073 3086 4126 καὶ
3114 4073 3143 4123 6
3172 4070 3272 4139 τῆς
3295 4065 3472 4136 ψυχῆς
3505 4080 3606 4135 μου
3636 4064 3737 4132 ὄψ’

2154 4167 2379 4242 θαλμὸς,
2409 4170 2570 4233 αὐτὸς
2596 4171 2624 4224 6
2651 4168 2777 4232 νοῦς
2807 4167 2902 4221 καὶ
2924 4164 2986 4217 τὸ
3013 4165 3072 4216 ἐν
3108 4159 3231 4230 ἐμοὶ
3257 4155 3580 4224 λογιστικὸν,
3610 4155 3737 4209 ἑτα-

2156 4261 2334 4336 ράχθη
2393 4263 2451 4315 ἐν
2510 4259 2668 4333 θυμῷ
2694 4278 2707 4289 ·
2763 4257 2879 4312 ἀνθ’
2914 4248 2976 4309 οῦ
3024 4255 3053 4307 6
3109 4251 3208 4324 μὲν
3249 4248 3479 4313 Ἀκύλας
3529 4247 3731 4319 φησίν

2143 4351 2441 4424 Ηὺχμώθη
2469 4351 2556 4404 ’ἐν
2599 4343 2983 4417 παροργισμῷ
3035 4346 3068 4397 d
3094 4339 3399 4412 ὀφθαλμός
3423 4356 3542 4410 μου
3566 4353 3579 4366 ·
3621 4338 3648 4389 6
3677 4336 3733 4389 δὲ

461 4429 695 4487 machus
724 4445 876 4499 vero,
911 4420 1177 4488 Turbatus
1221 4443 1298 4490 est
1332 4449 1442 4502 pra:
1466 4432 1828 4504 indignatione
1860 4435 2042 4489 oculus

2165 4420 2479 4516 Σύμμαχος·
2527 4438 2817 4506 Ἐ’θολώθη
2851 4437 2948 4490 διὰ
2985 4432 3396 4505 παροργισμὸν
3428 4429 3734 4501 ὀφθαλμός

462 4538 630 4578 meus.
667 4516 805 4578 Nam
855 4537 981 4579 cum
1034 4523 1497 4598 indignationem,
1547 4526 1761 4597 inquit,
1808 4533 1864 4582 et
1904 4526 2040 4581 iram

2165 4538 2421 4592 αου.”οτε
2466 4534 2574 4604 γὰρ
2618 4530 2965 4605 παρώργισα,
2998 4528 3151 4599 φησὶ,
3182 4526 3275 4580 καὶ
3315 4522 3484 4593 θυμὸν
3511 4518 3733 4591 ἐμαυτῷ

461 4611 594 4667 mihi
648 4614 961 4683 concitari,
1012 4630 1183 4672 ausus
1229 4630 1295 4673 ea
1338 4627 1652 4688 perpetrare
1684 4633 1806 4688 qua:
1856 4617 2041 4674 furore

2165 4630 2441 4701 ὲπήγειρα,
2473 4624 2751 4695 τολμήσας
2775 4619 3175 4693 διαπράξασθαι
3200 4617 3270 4671 τὰ
3301 4612 3475 4687 θυμοῦ
3518 4613 3613 4666 καὶ
3640 4614 3734 4684 δρ-

462 4715 516 4756 et
559 4704 638 4759 ira
680 4705 845 4778 digna
891 4716 1051 4775 sunt,
1098 4716 1234 4767 tunc
1270 4710 1556 4777 confusio,
1600 4712 1949 4768 conturbatio
1985 4720 2041 4768 et

2165 4718 2251 4791 (ἧς
2282 4716 2432 4783 ἄξια,
2460 4717 2521 4770 τὸ
2565 4714 2865 4785 τηνικαῦτα
2911 4712 3173 4783 σύγχυσις
3222 4708 3318 4763 καὶ
3370 4706 3594 4769 θόλωσις
3640 4702 3734 4758 καὶ

462 4796 683 4864 squalor
739 4802 1122 4859 rationabilem
1179 4805 1375 4862 animat
1419 4805 1527 4861 vim
1568 4807 1880 4879 occupavit.
1930 4806 2038 4862 Sed

2165 4811 2357 4883 ιύχμὸς
2402 4810 2464 4864 τὸ
2510 4806 2818 4877 λογιστικὸν
2859 4806 2957 4877 τῆς
3002 4803 3143 4875 ἐμῆς
3175 4801 3355 4873 ψυχῆς
3387 4797 3730 4867 κατείληφεν.

461 4888 627 4942 etiam
664 4890 842 4949 anima
868 4909 987 4951 mea
1018 4903 1072 4951 et
1099 4905 1291 4953 venter
1323 4914 1481 4956 meus
1518 4900 1636 4970 ipse
1677 4899 2038 4955 conturbatus

458 4998 519 5035 ac
572 4984 838 5045 confusus
891 4996 975 5046 est
1041 4992 1098 5047 in
1140 5000 1387 5066 tempore
1436 4994 1832 5066 indignationis
1879 5009 2033 5051 meae.

458 5074 927 5140 Quemadmodum
959 5098 1088 5140 vero
1121 5085 1318 5142 animae
1346 5087 1567 5142 oculum
1599 5102 1698 5159 per
1722 5087 2039 5142 translatio-

458 5183 580 5221 nem
615 5185 644 5223 a
669 5173 858 5228 sensili
902 5176 1063 5231 oculo
1096 5178 1451 5251 intelligimus
1472 5220 1487 5245 ,
1532 5180 1614 5235 sic
1643 5181 1890 5235 ventrem
1919 5180 2039 5250 ejus

456 5278 802 5335 nequaquam
848 5268 1035 5325 labare
1092 5270 1138 5326 si
1182 5274 1291 5327 vim
1341 5272 1622 5329 memoria:
1657 5274 1932 5343 accipias;
1981 5276 2038 5330 in

455 5365 559 5418 qua
592 5367 690 5409 ceu
728 5356 784 5411 in
811 5367 1022 5428 ventre,
1050 5361 1205 5419 cibos
1239 5378 1433 5419 omnes
1476 5378 1505 5417 a
1538 5367 1890 5421 sermonibus
1916 5382 2039 5437 per-

455 5455 641 5512 cvptos
670 5463 939 5519 reponere
985 5458 1394 5517 consuevimus.
1436 5454 1805 5526 Quamobrem
1835 5462 2036 5518 alicubi

454 5532 659 5593 dicitur
682 5560 693 5594 :
721 5542 969 5609 Benedic,
1004 5548 1184 5602 animo
1202 5566 1339 5617 mea,
1368 5550 1612 5615 Domino,
1642 5562 1693 5606 et
1715 5554 1894 5608 omnia
1921 5571 2037 5626 qua

452 5635 599 5689 intra
646 5653 727 5692 me
767 5648 911 5705 sunt,
936 5642 1138 5696 nomini
1190 5654 1377 5698 sancto
1424 5644 1542 5714 ejus
1564 5645 1652 5700 ⁹³⁶.
1699 5645 1765 5701 Et
1787 5645 2039 5703 Salvator

454 5732 525 5787 ait
558 5744 573 5785 :
606 5728 710 5797 Qui
753 5730 936 5785 biberit
970 5748 1036 5785 ea:
1066 5750 1206 5804 aqua
1232 5751 1391 5804 quam
1412 5752 1506 5805 ego
1531 5735 1671 5795 dabo
1715 5739 1785 5809 ei,
1814 5738 2039 5809 ﬂumina

519 5906 566 5939 η
605 5906 753 5966 Psal.
787 5925 876 5981 tr,
912 5911 965 5968 3.
1045 5911 1118 5945 ⁹³·
1147 5908 1298 5972 Psal.
1340 5927 1455 5987 cu,
1491 5917 1542 5974 1.

2158 4903 2321 4958 Ἀλλὰ
2356 4903 2449 4958 καὶ
2476 4905 2508 4973 ἠ
2535 4903 2677 4972 ψυχή
2720 4917 2841 4972 μου,
2870 4899 3025 4971 φησὶ,
3056 4897 3151 4950 καὶ
3167 4895 3200 4965 ἡ
3233 4893 3448 4964 γαστήρ
3482 4908 3604 4962 μου,
3641 4888 3733 4942 καὶ

2140 4997 2279 5071 αὐτὴ
2303 4995 2538 5067 ἐθολὼθη
2569 4996 2663 5050 καὶ
2684 4987 2957 5067 ἐταράχθη
2987 4988 3127 5044 κατὰ
3141 4988 3231 5042 τὸν
3259 4986 3447 5057 καιρὸν
3471 4983 3564 5037 τοῦ
3594 4998 3734 5053 παρ-

2146 5089 2417 5165 οργισμοῦ
2476 5087 2827 5161 μου.”Ωσπερ
2851 5085 2907 5138 δὲ
2931 5080 3206 5152 ὀφθαλμὸν
3237 5077 3414 5149 ψυχῆς
3456 5074 3597 5128 κατὰ
3639 5089 3734 5142 με·

2148 5183 2391 5257 ταφορὰν
2442 5180 2538 5236 τοῦ
2586 5177 2846 5249 αἰσθητοῦ
2897 5173 3173 5245 ὀφθαλμοῦ
3202 5173 3557 5241 νενοήκαμεν,
3589 5165 3732 5218 οὕτω

2148 5254 2243 5332 καὶ
2426 5273 2668 5345 γαστέρα
2700 5259 2871 5340 αὐτῆς
2898 5270 2999 5322 οὐκ
3025 5266 3089 5320 ἂν
3116 5264 3381 5335 ἁμάρτοις
3420 5256 3590 5312 είπὼν

2146 5347 2375 5441 δύναμιν
2414 5366 2512 5440 τὴν
2560 5361 2921 5438 μνημονικὴν,
2951 5362 3008 5413 ἐν
3127 5357 3314 5427 ὥσπερ
3349 5355 3406 5406 ἐν
3430 5349 3607 5421 κοιλίᾳ
3634 5347 3730 5401 καὶ

2145 5461 2345 5534 γαστρὶ
2371 5460 2553 5524 πάσας
2598 5459 2697 5521 τὰς
2744 5454 2832 5509 διὰ
2869 5451 3042 5522 λόγων
3084 5448 3289 5522 τροφὰς
3318 5441 3728 5499 ἐναποτίθεσθαι

2146 5553 2323 5608 εἴωθε.
2361 5550 2451 5606 Διὸ
2501 5541 2749 5606 λέλεκταί
2803 5563 2936 5601 που·
2980 5543 3250 5611 Εῠλόγει,
3287 5540 3324 5607 ἡ
3374 5534 3544 5606 ψυχή
3581 5549 3724 5604 μου,

2146 5648 2253 5702 τὸν
2282 5647 2519 5716 Κύριον,
2551 5644 2647 5699 καὶ
2675 5642 2873 5697 πάντα
2899 5639 2971 5695 τὰ
2992 5636 3165 5702 ἐντός
3201 5650 3321 5705 μου
3346 5631 3410 5684 τὸ
3444 5628 3628 5697 ὄνομα
3658 5628 3727 5678 τὸ

2146 5740 2320 5810 ἅγιον
2343 5735 2549 5794 αὑτοῦ.
2588 5736 2700 5792 Kal.
2724 5737 2752 5789 6
2779 5733 2972 5804 Σωτὴρ
2996 5730 3083 5783 δέ’
3124 5730 3222 5793 Ὃς
3252 5724 3330 5779 ἂν
3369 5722 3474 5791 πίῃ
3510 5721 3579 5774 ἐκ
3620 5718 3724 5773 τοῦ
