4100 6388
346 410 458 468 289

1479 407 1991 467 consensum
2026 406 2094 463 l‘N
2133 372 2470 462 PSRLuos.
2504 357 2527 368 τ

3491 408 3595 464 270

350 528 591 595 ὓδατος,
619 518 689 587 οὗ
716 527 831 601 ἐγὼ
861 527 1035 585 δώσω
1066 529 1247 596 αὐτῷ,
1276 530 1527 601 ποταμοί
1567 531 1636 584 ἐκ
1666 530 1780 599 τῆς
1806 548 1913 584 κοι-

2031 505 2096 583 de
2133 536 2311 583 ventre
2356 526 2469 594 ejus
2503 529 2666 593 [ruent
2709 538 2860 593 aquae
2896 523 3040 587 vim,
3083 522 3321 578 salientis
3352 522 3405 578 in
3437 529 3594 578 vitam

363 602 490 687 έίας
534 622 719 676 αὐτοῦ
756 623 1096 691 ῥεύσουσιν
1133 622 1353 689 ὕδατος
1391 616 1623 691 ζῶντος,
1672 622 1930 692 ἁλλομέ-

348 730 461 788 νου
490 716 577 795 εἰς
602 712 754 795 ζωὴν
770 713 1030 780 αἰώνιον.
1062 712 1357 769 Κάνταῦθα
1389 714 1564 768 τοίνυν
1591 707 1689 785 τὴν
1720 718 1928 786 μνημοὲ

347 796 501 878 νικῆν
529 793 777 871 δύναμιν,
812 807 846 879 ἢ
880 807 978 861 καὶ
1007 807 1138 861 αὐτὸ
1163 808 1225 861 τὸ
1254 807 1577 878 ἡγεμονικὸν
1600 806 1700 876 τῆς
1724 806 1923 878 ψυχῆς,

347 899 551 954 κοιλίαν
575 899 855 971 ὠνόμασεν
886 902 915 954 ό
944 901 1153 972 Σωτήρ.
1188 898 1452 963 Θολωθεὶς
1489 899 1666 953 τοίνυν
1693 899 1783 952 τὸν
1823 888 1923 969 όφ-

347 991 547 1062 θαλμδν
575 991 677 1063 τῆς
700 991 901 1064 ψυχῆς,
923 991 1018 1046 καὶ
1044 991 1144 1064 τὴν
1171 990 1412 1062 γαστέρα
1438 988 1536 1060 τὴν
1563 978 1927 1061 παραδεδομέ-

341 1100 460 1156 νην,
492 1084 706 1156 ἰατρείᾳ
732 1085 829 1138 καὶ
860 1082 1127 1156 θεραπείᾳ
1167 1083 1405 1153 ἐμαυτὸν
1444 1085 1722 1155 παρεῖχον,
1763 1080 1924 1154 ὀδύνῃ

338 1176 433 1231 καὶ
465 1177 909 1248 στεναγμοῖς,καί
937 1174 1182 1249 πτωχείᾳ
1207 1157 1531 1246 παραδιδοὺς
1559 1171 1650 1227 τὸν
1681 1170 1921 1245 ἐμαυτοῦ

340 1266 477 1338 βίον,
505 1267 694 1339 ὥσπερ
724 1268 814 1322 διά
840 1284 1002 1322 τινων
1030 1266 1243 1320 κύκλων
1274 1265 1675 1339 ἰατρευόμενος.
1694 1254 1838 1320 Ἀντὶ
1863 1264 1923 1318 δὲ

335 1358 568 1434 τοῦ,ᾘν
598 1360 856 1430 πτωχείᾳ
898 1359 938 1427 ἠ
985 1359 1165 1427 ἰσχύς
1200 1376 1342 1427 μου,
1378 1345 1478 1411 καί
1511 1356 1765 1427 τὰνόστᾶ
1799 1374 1921 1427 μου

333 1453 792 1523 ἐταράχθησαν*
825 1451 1157 1523 σαφέστερον
1183 1450 1221 1504 ὁ.
1243 1451 1537 1523 Σύμμαχος
1579 1440 1923 1522 ἡρμήνευσεν

334 1543 506 1598 εἰπών
530 1561 543 1575 ⁸
572 1536 676 1599 Διὰ
703 1544 1117 1614 τὴν”κάκωσίν
1138 1560 1258 1612 μου
1282 1543 1321 1611 ἡ
1356 1544 1536 1613 ἰσχύς
1566 1560 1686 1612 μου
1720 1540 1820 1595 καί
1847 1540 1922 1595 τὰ

334 1628 486 1690 ddici
512 1652 634 1704 μου
660 1636 1060 1704 ηὐρωτίασαν.
1096 1633 1252 1689 Οῦτω
1281 1633 1411 1706 γὰρ,
1465 1635 1648 1705 φησὶν,
1683 1633 1920 1705 ἐμαυτὸν

332 1724 586 1797 ἐκάκουν,
615 1724 804 1788 ὡς’διὰ
824 1714 923 1797 τὴν
952 1725 1260 1798 ὑπερϐολὴν
1283 1724 1386 1805 τῆς
1416 1722 1713 1805 κακώσεως
1735 1723 1920 1797 ἐξατο-

332 1815 497 1893 νῇσαί
550 1832 652 1885 μου
702 1816 797 1869 καὶ
839 1815 1198 1888 ὲξασθενῆσαι
1229 1816 1329 1897 τῂν
1360 1800 1532 1887 ἰσχὺν,
1556 1800 1650 1868 καὶ
1684 1815 1825 1870 αὐτὰ
1850 1815 1918 1870 τὰ

2027 628 2282 673 wtcrnam
2317 616 2384 672 “.
2439 613 2540 668 ilic
2603 614 2788 683 itaque
2853 603 3234 668 reminiscehdi
3284 613 3421 678 vim,
3479 614 3594 669 sive

2026 709 2189 763 etiam
2225 705 2525 777 principem
2562 702 2759 757 animae
2798 700 3026 772 partem,
3061 709 3302 757 ventrem
3339 699 3594 756 Servator

2026 797 2387 868 nuncupavit.
2421 799 2558 851 Cum
2594 809 2725 865 ergo
2770 802 2825 848 et
2859 793 3063 847 mentis
3097 793 3273 849 oculis
3303 798 3358 848 et
3385 799 3591 857 ventre,

1976 892 1982 898 '
2026 891 2093 943 de
2123 903 2233 958 quo
2273 887 2384 956 jam
2419 884 2686 946 diximus,
2723 882 3082 939 conturbatus
3126 898 3337 951 essem,
3374 881 3595 938 medela:

2026 998 2112 1037 me
2167 988 2331 1050 atque
2383 976 2663 1033 curationi
2719 973 2960 1042 tradidi;
3016 973 3224 1039 dolori,
3280 973 3595 1045 gemitibus.

2024 1071 2253 1143 egestati
2282 1068 2449 1125 vitam
2497 1067 2682 1123 addixi
2742 1081 2945 1130 meam,
2978 1081 3079 1121 ceu
3123 1066 3357 1137 quadam
3402 1064 3598 1120 circui-

2027 1166 2176 1219 tione
2213 1179 2346 1218 usus
2379 1162 2447 1216 ad
2481 1162 2715 1216 salutem
2751 1157 3202 1230 recuperandam.
3232 1157 3340 1214 Pro
3372 1159 3468 1213 illo
3499 1173 3597 1213 au-

2022 1265 2152 1317 tem,
2212 1250 2279 1309 In
2316 1258 2624 1323 paupertate
2665 1252 2831 1305 virtus
2875 1268 3013 1318 mea,
3055 1254 3107 1305 “et
3156 1263 3280 1305 ossa
3314 1267 3429 1304 mea
3469 1266 3595 1303 ίυκο

2026 1340 2244 1401 turbala
2293 1350 2449 1409 sunt,
2496 1340 2740 1413 apertius
2792 1337 3152 1414 Symmachus
3206 1343 3601 1412 interpretatus

2020 1443 2107 1492 est
2146 1436 2232 1492 his
2280 1434 2502 1500 verbis,
2542 1433 2762 1501 Propter
2816 1430 3147 1503 aﬂlictionem
3188 1436 3391 1495 meam,
3425 1433 3595 1485 virtus

2021 1544 2140 1582 mea
2186 1535 2236 1581 et
2279 1534 2401 1579 ossa
2445 1540 2562 1578 mea
2606 1532 2942 1590 patruerunt.
2992 1520 3072 1575 Ita
3108 1538 3193 1577 me
3226 1520 3594 1584 macerabam,

2021 1617 2222 1689 inquit,
2252 1624 2313 1671 ut
2339 1626 2562 1687 propter
2590 1614 2898 1669 amictionis
2922 1613 3031 1668 vim
3052 1654 3067 1678 ,
3096 1613 3273 1668 virtus
3305 1628 3426 1669 mea
3458 1610 3596 1667 defi-

2021 1716 2168 1766 Ceret
2201 1705 2266 1763 ac
2293 1706 2682 1767 inﬁrmaretur,
2712 1713 2877 1775 atque
2898 1700 3015 1774 ipsa
3045 1707 3241 1758 anima:
3283 1719 3430 1771 ossa,
3464 1705 3599 1774 ipsa:

2021 1801 2331 1866 facultates,
2376 1792 2579 1870 quibus
2612 1797 2743 1852 olim
2791 1796 3023 1851 viriliter
3070 1797 3325 1866 agebam,
3369 1812 3599 1866 compu-

327 1886 430 1976 ei;
451 1905 628 1976 ψυχῆς
664 1923 765 1977 μου
793 1906 976 1977 ὀστέα,
1120 1907 1220 1972 τὰς
1247 1886 1505 1981 δυνάμεις
1534 1907 1591 1959 ἐν
1624 1898 1712 1971 αἷς
1745 1907 1912 1961 πάλαί

2014 1895 2342 1957 trescerent;
2395 1890 2512 1945 sive
2539 1886 2844 1945 secundum
2892 1887 3169 1956 Aquilam,
3212 1886 3275 1939 Et
3323 1903 3447 1941 ossa
3480 1902 3598 1940 mea

326 1974 1073 2070 ﬂvﬁpttdpqvqupwriaeav'
1114 1999 1149 2071 ἢ
1189 1999 1333 2053 κατά
1506 1999 1764 2054 ’Δκύλαψ
1802 2000 1912 2054 Καὶ

2019 1988 2366 2040 exaruerunt.
2407 1978 2536 2031 Ηιεο
2572 1991 2739 2046 porro
2774 1985 2905 2031 sunt
2938 1975 3026 2040 iis,
3060 1975 3151 2044 qui
3187 1974 3457 2029 scelerum
3501 1989 3595 2029 su-

327 2086 403 2167 τὰ
428 2086 581 2141 ὀστᾶ
601 2106 733 2165 μου,
753 2084 1058 2160 ηὐχμώθη.
1082 2090 1273 2167 *Ταῦτα
1293 2092 1352 2145 δὲ
1381 2093 1651 2162 ἀναγκαῖα
1682 2092 1819 2166 πρὸς
1839 2091 1916 2144 δι-

327 2176 622 2251 δασκαλίαν
649 2181 745 2235 καὶ
770 2181 1133 2253 ὑπογραμμὸν
1158 2183 1269 2237 τῶν
1297 2185 1545 2254 ἀφέσεως
1576 2168 1759 2255 τυχεῖν
1794 2183 1917 2255 βου-

326 2266 571 2340 λομένων
601 2270 707 2325 τῶν
734 2272 951 2340 οἰκείων
981 2272 1489 2346 πλημμελημάτων.

394 2357 562 2426 Παρὰ
599 2357 830 2426 πάντας
855 2359 997 2425 τοὺς
1029 2360 1282 2430 ἐχθρούς
1307 2381 1427 2433 μου
1450 2363 1748 2434 ἐγενήθην
1767 2355 1918 2418 ὄνει-

322 2445 451 2515 δος,
476 2449 577 2503 καὶ
602 2450 728 2518 τοῖς
749 2451 979 2522 γείτοσι
1005 2472 1126 2524 μου
1156 2455 1418 2525 σφόδρα,
1457 2455 1555 2535 καὶ
1587 2456 1770 2524 φόϐος
1792 2457 1918 2524 τοῖς

320 2540 617 2609 γνωστοῖς
650 2560 787 2619 μου.
836 2549 902 2599 Ol
930 2545 1291 2615 θεωροῦντές
1311 2564 1388 2617 με
1416 2547 1531 2613 ἔξω
1564 2548 1793 2619 ἔφυγον
1814 2550 1916 2603 ἀπ’

321 2629 469 2705 ἐμοῦ
486 2647 502 2662 ο
537 2632 894 2709 ἐπελήσθην
916 2635 1061 2713 ὠσήεὶ
1090 2636 1307 2705 νεκρὸς
1335 2636 1454 2692 ἀπὸ
1492 2620 1742 2706 καρδίας
1761 2654 1775 2667 ’
1798 2637 1923 2707 ἑτε-

320 2720 520 2801 νήιθην
537 2718 681 2779 ὡσεὶ
730 2728 955 2794 σκεῦος
980 2729 1321 2795 ἀπολωλός.
1353 2727 1540 2783 Ταῦτα
1570 2730 1918 2802 ἀναφέρομεν

323 2808 418 2895 ἐπὶ
460 2812 553 2866 τὸν
598 2812 791 2887 καιρὸν
819 2815 914 2869 τοῦ
948 2815 1154 2897 πάθους
1184 2816 1280 2870 τοῦ
1311 2818 1564 2890 Σωτῆρος
1606 2817 1784 2893 ἡμῶν,
1818 2820 1920 2891 ἁρ-

326 2902 482 2973 μόζοι
510 2902 578 2958 ἂν
608 2904 701 2957 ὑπ’
731 2904 897 2979 αὐτοῦ
921 2907 1196 2976 λέγεσθαι,
1225 2909 1313 2961 ὅτε
1358 2911 1405 2961 οἰ
1444 2908 1629 2980 ἐχθροὶ
1676 2910 1917 2981 ἀνηρτη-

326 2992 487 3064 μένον
531 2993 768 3066 όρῶντες
812 2996 974 3051 αὑτὸν
1003 2996 1346 3062 ὲπετώθαζον
1376 2998 1745 3063 ὀνειδίζοντες,
1774 2998 1919 3053 κατά

322 3082 395 3138 τὰ
424 3085 785 3156 γεγραμμένα
829 3088 888 3139 ὲν
930 3088 1043 3151 τοῖς
1073 3088 1457 3156 Εὑαγγελίοις·
1492 3089 1546 3161 οῖ
1569 3106 1629 3141 τε
1659 3086 1913 3161 γνωστοὶ,

323 3178 419 3232 καὶ
449 3178 499 3231 οἰ
538 3177 799 3248 μαθηταὶ,
818 3179 912 3233 καὶ
939 3180 1101 3250 φίλοι,
1125 3181 1276 3252 φόϐῳ
1306 3171 1690 3248 ὑποπεσόντες,
1718 3173 1917 3254 ἀνεχώ-

2017 2074 2178 2130 orum
2236 2068 2457 2125 veniam
2504 2067 2776 2137 consequi
2805 2073 3119 2138 per‘optant,
3153 2065 3218 2120 ad
3249 2062 3596 2134 disciplinam

2016 2177 2070 2223 et
2099 2163 2403 2234 exemplum
2437 2156 2768 2216 necessaria.

2088 2348 2260 2420 Vnus.
2314 2361 2508 2418 12-”.
2543 2353 2717 2432 Super
2749 2378 2929 2417 omnes
2993 2358 3239 2417 inimicos
3304 2378 3447 2416 meo:
3509 2361 3593 2431 [a-

2018 2462 2134 2509 ctus
2172 2470 2288 2507 sum
2330 2452 2666 2531 opprobrium
2696 2462 2745 2507 et
2773 2453 2956 2507 vicinis
2998 2453 3126 2506 meis
3161 2450 3329 2516 valde,
3356 2461 3407 2506 et
3437 2452 3596 2506 timor

2020 2547 2158 2602 notis
2189 2545 2339 2599 meis.
2393 2545 2498 2610 Qui
2539 2532 2781 2598 uidebant
2813 2538 2913 2609 me,
2945 2543 3092 2613 [oras
3126 2544 3374 2614 fugerunt
3417 2561 3448 2596 a
3475 2558 3592 2598 me:

2020 2638 2268 2693 oblivioni
2308 2637 2467 2690 datus
2499 2652 2616 2689 sum
2651 2632 2902 2705 tanquam
2929 2632 3169 2692 mortuus
3212 2652 3245 2688 a
3272 2634 3445 2690 corde.
3479 2632 3594 2689 Fa-

2020 2726 2135 2786 ctus
2178 2728 2296 2784 sum
2341 2718 2592 2798 tanquam
2634 2743 2726 2781 uas
2769 2725 3054 2795 perditum.
3104 2724 3231 2781 Haec
3271 2725 3340 2781 ad
3377 2733 3593 2797 tempus

2019 2814 2293 2895 passionis
2328 2817 2631 2875 Salvatoris
2660 2820 2836 2875 nostri
2880 2812 3188 2882 referimus,
3223 2834 3344 2889 quae
3372 2818 3440 2873 ab
3472 2820 3594 2889 ipso

2020 2919 2388 2982 congruenter
2412 2899 2561 2964 dicta
2607 2907 2831 2973 fuerint,
2863 2903 3083 2979 quando
3113 2903 3319 2961 inimici
3360 2921 3594 2977 suspen-

2019 3020 2141 3061 sum
2172 3003 2421 3060 videntes
2454 2996 2757 3057 irridebant
2784 3015 2932 3065 eum,
2967 2998 3277 3070 opprObriis
3309 2998 3594 3054 incessen-

2018 3084 2133 3160 tes,
2180 3102 2241 3150 ut
2281 3096 2337 3149 in
2363 3093 2675 3165 Evangeliis
2723 3087 2986 3163 scriptum
3029 3099 3112 3146 est
3148 3109 3161 3144 :
3206 3096 3271 3146 ac
3300 3088 3413 3144 noti
3447 3089 3590 3160 ejus.

2020 3178 2274 3260 discipuli
2308 3198 2363 3244 et
2392 3186 2575 3253 amici,
2607 3193 2753 3242 metu
2803 3184 3041 3254 correpti
3087 3182 3437 3248 recedebant,
3469 3183 3594 3253 ipso

324 3284 452 3341 ρουν
498 3268 917 3335 καταλείποντες
954 3271 1115 3325 αὐτόν
1136 3289 1150 3302 ·
1187 3270 1277 3326 ὅτε
1308 3273 1402 3326 καὶ
1450 3275 1479 3326 ὁ
1520 3275 1909 3349 πρωτοστάτης

2014 3282 2240 3347 relicto;
2287 3278 2509 3350 quando
2568 3278 2617 3333 is
2671 3266 2765 3347 qui
2817 3272 3213 3344 discipulorum
3259 3273 3379 3345 ejus
3422 3272 3593 3329 choro

319 3359 415 3415 τοῦ
445 3360 611 3433 χοροῦ
647 3361 757 3417 τῶν
788 3362 954 3431 αὐτοῦ
980 3363 1237 3440 μαθητῶν
1261 3366 1491 3444 ήρνηται
1517 3367 1679 3422 αὐτὸν
1704 3367 1905 3440 τρίτον.

319 3452 456 3507 Τότε
484 3453 542 3507 δὲ
564 3456 660 3509 καὶ
683 3455 965 3528 ἀπελήσθη
987 3456 1121 3510 ὡσεὶ
1146 3459 1339 3531 νεκρὸς
1358 3458 1467 3513 ἀπὸ
1488 3461 1717 3532 καρδίας
1732 3480 1746 3493 ·
1772 3461 1910 3516 ἀλλὰ

318 3544 416 3597 καὶ
461 3545 721 3618 ἐνομίσθη
766 3549 1049 3618 γεγονέναι
1079 3549 1156 3614 ὡς
1199 3549 1394 3616 σκεῦος
1426 3552 1726 3617 ἀπολωλός.
1760 3553 1908 3625 Πλὴν

322 3633 461 3689 ἀλλὰ
485 3636 584 3691 καὶ
615 3636 789 3692 ταῦτα
813 3639 906 3692 ἐπὶ
936 3640 1028 3694 τὸν
1053 3642 1112 3694 ὲν
1138 3638 1217 3711 τῷ
1242 3640 1445 3713 ψαλμῷ
1474 3641 1905 3715 ἐξομολογούμε-

320 3743 413 3781 νον
440 3721 824 3800 ἀναφερόμενα
846 3731 1289 3803 ὑπερϐάλλουσαν
1309 3734 1476 3789 αὑτοῦ
1503 3736 1798 3807 παρίστησι
1817 3736 1910 3789 κά-

320 3833 511 3871 κωσιν.
542 3817 700 3872 Οῦτω
750 3817 860 3891 γὰρ
884 3820 1073 3875 ἑαυτὸν
1103 3820 1378 3893 ὲξέτηκεν,
1407 3822 1484 3887 ὡς
1507 3823 1775 3878 ἐκλείπειν
1809 3825 1909 3895 μὲν

320 3907 483 3995 αὐτοῦ
538 3911 596 3963 ὲν
642 3908 802 3982 ὀδύνῃ
835 3911 933 3982 τὴν
964 3909 1132 3984 ζωὴν,
1164 3909 1259 3967 καῖ
1306 3901 1401 3986 ἔτη
1449 3908 1510 3995 ὲν
1560 3918 1905 3987 στεναγμοῖς,

322 3990 616 4072 ἀσθενῆσαι
643 3999 702 4054 δὲ
733 4002 789 4055 ὲν
813 4002 1057 4075 πτωχείᾳ
1084 4004 1183 4076 τὴν
1209 4001 1384 4076 ἰσχὺν,
1407 3990 1502 4059 καί
1530 4005 1598 4059 τὰ
1619 4007 1782 4060 ὀστέα
1807 4007 1909 4077 τῆς

320 4080 498 4162 ψυχῆς
548 4090 714 4144 αὐτοῦ
759 4088 1130 4169 ταραχθῆναιέ
1172 4096 1258 4166 ἐφ’
1287 4091 1370 4174 οἷς
1414 4097 1506 4150 καὶ
1554 4081 1778 4174 ἐγελᾶτο
1805 4098 1911 4152 ὑπὸ

320 4182 432 4236 τῶν
458 4181 687 4259 ὲχθρῷν,
717 4184 793 4249 ὡς
819 4186 941 4257 εἰκῆ
973 4187 1069 4241 καὶ
1096 4187 1274 4259 μάτην
1307 4170 1500 4243 ἑαυτὸν
1526 4170 1907 4244 κατακόπτων.

324 4271 401 4326 Oti
433 4271 591 4343 μόνον
612 4256 669 4325 δὲ
704 4273 854 4343 παρὰ
880 4277 997 4337 τοῖς
1032 4256 1248 4349 ἐχθροῖς
1282 4277 1491 4346 ἐγίνετο
1522 4259 1743 4343 όνειδος,
1773 4278 1910 4332 ἀλλὰ

324 4365 422 4446 καὶ
453 4362 608 4436 παρὰ
630 4367 744 4426 τοῖς
770 4365 1005 4433 γείτοσιν
1034 4365 1200 4420 αὐτοῦ
1235 4369 1349 4431 τοῖς
1382 4367 1615 4439 μάλιστα
1643 4368 1805 4423 αὐτὸν
1835 4370 1911 4446 εἰ·

319 4439 455 4520 δόσι,
489 4453 580 4509 διὰ
610 4454 670 4507 τὸ
700 4451 929 4523 ἔγγιστα
963 4457 1150 4509 οἰκεῖν.
1201 4447 1359 4509 Οὗτοι
1387 4456 1516 4529 γὰρ,
1544 4456 1777 4530 ὁρῶντες
1807 4439 1909 4511 αύ-

320 4543 414 4600 τὸν
446 4545 856 4617 κατατρύχοντα
881 4547 939 4601 ὲν
965 4550 1032 4618 τῇ
1060 4546 1198 4618 πρὸς
1219 4548 1311 4601 τὸν
1340 4548 1474 4603 Θεὸν
1507 4547 1907 4622 ἐξομολογήσει,

2008 3380 2271 3444 ριιωετιιι,
2307 3378 2391 3426 ter
2423 3370 2603 3441 ipsum
2653 3361 2893 3439 negavit.
2939 3365 3096 3421 Tunc
3142 3380 3276 3421 sane
3321 3364 3590 3420 oblivioni

2008 3464 2171 3520 datus
2203 3470 2290 3519 est
2324 3458 2609 3535 tanquam
2641 3470 2895 3514 mortuus
2940 3473 2970 3512 a
3005 3447 3209 3522 corde;
3266 3456 3376 3511 imo
3421 3457 3587 3511 etiam

2006 3539 2272 3627 tanquam
2325 3569 2426 3610 vas
2479 3542 2754 3623 perditura
2818 3556 3105 3620 reputatus
3152 3554 3257 3602 est.
3318 3546 3588 3601 Caeterum

2007 3645 2123 3701 haec
2155 3646 2202 3701 si
2235 3636 2303 3699 ad
2334 3659 2463 3700 eum
2484 3643 2578 3714 qui
2613 3642 2667 3696 in
2695 3642 2906 3712 psalmo
2937 3634 3231 3694 conﬁtetur
3261 3636 3603 3706 referantur,

2009 3746 2309 3793 extremam
2342 3737 2463 3806 ejus
2490 3730 2771 3791 miseriam
2809 3743 2863 3789 et
2889 3724 3238 3788 amictionem
3282 3729 3586 3787 declarant.

2009 3828 2088 3883 lta
2119 3830 2264 3882 enim
2300 3831 2424 3883 sese
2455 3826 2773 3890 maceravit,
2802 3831 2863 3880 ut
2890 3823 3150 3881 deficeret
3179 3825 3237 3879 in
3261 3822 3451 3879 dolore
3474 3821 3589 3876 vita

2009 3918 2165 3988 eius,
2206 3905 2260 3973 et
2308 3918 2435 3972 anni
2482 3918 2605 3986 ejus
2650 3918 2703 3970 in
2763 3916 3090 3987 gemitibus,
3138 3915 3315 3970 virtus
3360 3913 3481 3983 ejus
3527 3911 3586 3966 in

2011 4008 2328 4079 paupertate
2373 4007 2766 4071 inﬁrmaretur,
2806 4012 2863 4061 et
2891 4022 3016 4061 ossa
3065 4008 3261 4059 animae
3302 4003 3423 4074 ejus
3453 4018 3590 4077 con-

2012 4096 2396 4166 turbarentur;
2436 4114 2545 4169 qua
2593 4086 2667 4152 in'
2692 4114 2752 4153 re
2818 4098 2887 4153 ab
2917 4096 3153 4151 inimicis
3193 4110 3411 4165 quoque
3439 4094 3590 4150 deri-

2010 4194 2264 4256 debatur,
2292 4191 2453 4263 quasi
2495 4193 2550 4246 in
2572 4206 2773 4245 vanum
2803 4204 2869 4244 ac
2904 4186 3107 4244 frustra
3138 4203 3259 4243 sese
3301 4186 3583 4257 affligeret.

2011 4284 2128 4340 Non
2158 4284 2321 4339 modo
2354 4293 2533 4339 autem
2563 4280 2803 4340 inimicis
2848 4280 2902 4335 in
2935 4278 3290 4351 opprobrium
3336 4275 3461 4340 fuit,
3489 4273 3584 4330 sed

2012 4376 2177 4432 etiam
2209 4376 2429 4442 vicinis,
2459 4376 2553 4447 qui
2581 4374 2728 4446 quod
2759 4372 3008 4445 proxime
3038 4372 3368 4436 habitarent,
3404 4371 3584 4442 ipsum

2012 4468 2182 4538 probe
2225 4475 2513 4524 noverant.
2576 4450 2686 4537 ipsi
2728 4480 2965 4536 namque
3013 4463 3260 4520 videntes
3314 4463 3467 4518 illum
3528 4462 3585 4515 in

2013 4558 2361 4616 confessione
2410 4557 2479 4613 ad
2511 4556 2678 4613 Deum
2734 4558 2938 4612 emissa
3001 4569 3125 4610 sese
3185 4557 3575 4616 macerantem,

320 4636 631 4706 κατεγέλων
674 4636 842 4692 αὐτοῦ
892 4637 986 4691 καὶ
1025 4637 1317 4704 ὠνείδιζον.
1349 4641 1411 4692 Οί
1442 4639 1499 4692 δὲ
1539 4641 1908 4711 προσήκοντες

2014 4647 2315 4704 irridebant
2359 4663 2485 4703 eum
2506 4654 2561 4703 et
2608 4646 2919 4718 opprobriis
2969 4644 3289 4700 onerabant.
3351 4641 3580 4714 Cognati

320 4730 472 4802 αὐτῷ
514 4733 798 4800 συγγενεῖς
839 4728 935 4784 καὶ
975 4729 1119 4799 φίλοι
1150 4731 1245 4784 καὶ
1272 4730 1584 4801 ἐφοϐοῦντο,
1617 4732 1693 4796 ὡς
1724 4750 1905 4805 μεμη-

319 4822 450 4877 νότα
497 4823 592 4876 καὶ
638 4823 738 4887 τὰς
783 4822 985 4894 φρένας
1032 4820 1359 4894 ἐξεστηκότα
1384 4841 1397 4854 ·
1432 4806 1572 4880 ὥστε
1600 4825 1902 4896 ἀναχωρεῖν

320 4914 415 4970 καί.
438 4915 660 4986 φεύγειν
689 4915 748 4983 ἐξ
773 4915 959 4981 αὐτοῦ,
981 4913 1458 4983 ἀπογινώσκοντας
1481 4916 1646 4971 αὐτοῦ
1669 4918 1768 4990 τὴν
1793 4935 1902 4972 σω-

318 5006 537 5081 τηρίαν,
581 5006 753 5079 λήθην
783 5024 844 5061 τε
876 5007 1041 5061 αὐτοῦ
1074 4992 1349 5060 ποιεῖσθαι
1393 5005 1531 5063 ὡσεὶ
1570 5008 1664 5061 καὶ
1705 4992 1900 5081 νεκροῦ

317 5100 420 5172 ἢδη
450 5099 763 5170 γενομένου,
792 5099 890 5154 καὶ
917 5100 992 5164 ὡς
1016 5099 1145 5172 περὶ
1177 5097 1404 5163 σκεύους
1428 5098 1769 5165 ἀπολωλότος
1788 5100 1903 5154 δια-

2010 4742 2139 4796 Vero
2171 4747 2225 4795 et
2252 4740 2446 4804 amici,
2480 4738 2574 4810 qui
2600 4739 2781 4810 ipsum
2808 4737 3102 4794 convenire
3138 4735 3406 4799 solebant,
3435 4743 3582 4791 metu

2010 4828 2286 4901 perterriti
2318 4837 2496 4893 erant,
2537 4842 2602 4883 ac
2635 4828 2681 4884 si
2712 4844 2837 4883 eum
2893 4826 3258 4881 insanientem
3306 4839 3370 4879 ac
3400 4832 3586 4880 mente

2008 4922 2304 4977 alienatum
2347 4919 2654 4986 vidissent;
2692 4921 2764 4974 ita
2801 4927 2857 4973 ut
2889 4918 2959 4974 de
3002 4916 3178 4973 salute
3218 4916 3340 4985 ejus
3384 4916 3584 4987 despe-

2007 5021 2196 5069 rantes
2227 5006 2551 5068 secederent
2591 5020 2647 5066 et
2675 5010 3034 5080 attingerent,
3099 5007 3385 5077 ipsumque
3412 5005 3579 5063 veluti

2000 5104 2113 5176 jam
2164 5112 2438 5160 mortuum
2480 5104 2745 5160 oblivioni
2790 5102 3011 5165 darent,
3065 5114 3130 5154 ac
3178 5108 3437 5170 tanquam
3481 5114 3579 5154 vas

320 5184 550 5241 κεῖσθαι.
584 5185 771 5240 Ταῦτα
822 5186 999 5241 πάντα
1049 5174 1371 5242 πεπονθέναι
1424 5185 1683 5256 ἔφασκεν,
1711 5186 1902 5244 ἑαυτὸν

2014 5196 2276 5267 perditum
2301 5196 2589 5252 haberent.
2622 5195 2748 5251 Haec
2774 5193 2958 5250 omnia
2986 5205 3304 5263 perpessum
3334 5205 3395 5247 se
3423 5190 3579 5246 testi-

318 5278 505 5332 κακῶν
529 5276 911 5350 ἐξομολογήσει
938 5278 1035 5331 καὶ
1066 5279 1340 5351 μετανοίᾳ.
1360 5279 1498 5333 Ἀλλ’
1521 5280 1627 5333 οἵδε
1661 5280 1780 5352 μὲν,
1797 5299 1902 5353 φη-

321 5368 397 5435 σί,
430 5368 661 5424 τοιοῦτοι
684 5370 938 5439 γεγόνασι
966 5359 1095 5443 περί
1121 5362 1241 5442 ἐμέ.
1259 5370 1401 5441 Ἐγὼ
1434 5372 1491 5426 δὲ
1523 5373 1623 5426 οὐκ
1658 5374 1784 5427 ἄνευ
1813 5372 1905 5427 λόο

319 5477 418 5531 γου
445 5460 615 5525 οὕτως
630 5462 864 5533 ἐμαυτὸν
888 5459 1042 5535 ἦγον,
1065 5462 1178 5517 ἀλλ’
1195 5464 1494 5538 ἐπειδήπερ
1516 5466 1714 5538 ἤκουον
1739 5465 1906 5537 ψόγον

320 5553 530 5608 πολλῶν
559 5554 963 5627 παροικούντων
990 5556 1269 5620 κυκλόθεν,
1295 5558 1346 5611 oi
1365 5558 1485 5611 τότε
1522 5557 1899 5630 συναιρόμενοι

321 5641 416 5697 ἰπὶ
436 5642 497 5697 τὸ
518 5643 650 5699 αὐτὸ
671 5644 856 5699 λαϐεῖν
877 5645 975 5718 τὴν
993 5644 1172 5716 ψυχήν
1195 5663 1295 5717 μου
1316 5647 1673 5720 ὲνεθυμοῦντο
1691 5667 1704 5681 ο
1722 5651 1769 5702 oi
1791 5648 1900 5721 γὰρ

396 5823 445 5858 ’³
480 5825 641 5888 Joan.
675 5845 753 5886 vu
774 5869 791 5897 ,
820 5829 907 5885 38.

2006 5286 2201 5343 ficatur
2223 5326 2239 5351 ,
2274 5288 2403 5343 dum
2437 5303 2496 5342 se
2531 5289 2587 5343 in
2622 5286 2967 5348 confessione
3000 5292 3054 5339 et
3080 5283 3399 5354 poenitentia
3443 5281 3578 5340 aﬂli—

2008 5386 2177 5447 geret.
2218 5374 2437 5432 Sed—illi
2467 5378 2711 5448 quidem,
2747 5375 2844 5438 ait,
2884 5374 2967 5429 sic
3005 5387 3135 5445 erga
3174 5388 3261 5427 me
3305 5387 3365 5428 se
3392 5388 3578 5444 gesse-

2007 5478 2155 5526 runt.
2193 5470 2306 5542 Ego
2335 5485 2465 5526 vero
2498 5484 2605 5525 non
2637 5469 2758 5524 sine
2787 5465 3021 5522 consilio
3053 5475 3106 5520 et
3134 5464 3344 5521 ratione
3377 5480 3465 5521 me
3495 5466 3578 5525 sic

2005 5575 2166 5634 agere
2188 5564 2444 5633 putabam
2476 5577 2489 5612 :
2521 5558 2617 5617 sed
2644 5559 2772 5629 quia
2803 5556 3089 5612 audiebam
3121 5555 3579 5626 vituperationem

2005 5654 2301 5710 multorum
2329 5650 2786 5731 commorantium
2822 5649 2877 5703 in
2906 5649 3164 5714 circuitu,
3188 5647 3280 5720 qui
3309 5656 3440 5703 tunc
3468 5661 3577 5705 una
