4100 6384
502 440 607 498 ’271

1196 440 1283 495 ΕΙΣ
1293 440 1464 496 SEBll
1501 440 1980 499 CESARIENSIS
2016 442 2077 499 01

2208 443 2389 499 PARS
2425 443 2514 498 ill.
2541 474 2611 483 —
2645 443 3042 500 EXEGE'I‘ICA.

3645 451 3754 504 ετξ

511 550 907 615 conveniebant
949 573 1015 614 eo
1044 558 1294 620 consilio,
1326 569 1385 615 ut
1412 561 1649 616 animam
1704 578 1880 617 meam
1935 564 2077 617 acci-

2179 563 2406 635 ἀφανεῖς
2455 561 2548 616 καὶ
2594 562 2813 633 ἀόρατοι
2858 561 3059 632 ἐχθροὶ,
3100 557 3484 630 περιπεσόντος
3530 573 3634 631 μου
3683 563 3750 632 τῇ

514 660 732 723 perent;
776 662 907 706 "nam
944 652 1148 707 occulti
1192 658 1247 707 et
1286 652 1588 709 invisibiles
1634 655 1863 718 inimici,
1904 671 1989 710 me
2020 654 2077 710 in

513 754 794 818 peccatum
827 746 998 816 lapso.
1019 746 1073 800 in
1114 762 1283 801 unum
1329 748 1646 819 congregati
1691 756 1820 804 sunt
1864 756 1924 803 ut
1957 748 2079 803 ani-

513 853 659 893 mam
701 851 874 891 meam
910 844 1202 906 raperent;
1253 838 1374 893 ideo
1423 853 1615 893 eorum
1664 839 1894 895 insidias
1946 840 2078 896 sub-

512 929 793 991 odoratus,
822 928 925 981 tale
959 927 1025 981 de
1057 942 1141 982 me
1175 929 1504 998 supplicium
1541 930 1789 1000 sumpsi;
1828 930 2078 1001 cogitans

514 1033 645 1073 num
697 1018 833 1072 forte
862 1017 1021 1082 Deus,
1069 1030 1363 1089 conspecta
1409 1020 1726 1091 hujusmodi
1774 1021 2079 1091 abjcctioue

511 1126 653 1176 mea,
681 1108 1051 1166 misericordia
1082 1118 1264 1164 motus
1292 1127 1379 1166 me
1408 1112 1743 1168 liberaturus
1769 1122 1934 1169 esset.

583 1200 748 1256 Vsus.
780 1199 980 1264 15,16.
1026 1199 1136 1271 Ego
1169 1210 1347 1255 autem
1388 1202 1447 1255 in
1488 1211 1537 1257 te
1568 1204 1793 1271 speravi,
1833 1202 2079 1267 Domine;

513 1293 626 1349 dixi
647 1312 665 1350 :
690 1293 826 1348 Deus
860 1309 1002 1347 meus
1035 1310 1089 1347 es
1122 1303 1199 1358 tu,
1235 1294 1291 1347 in
1320 1295 1562 1349 manibus
1604 1297 1708 1350 tuis
1740 1306 1905 1351 sortes
1930 1314 2075 1351 meae.

514 1385 640 1441 Παιο
674 1384 927 1447 inimicis,
963 1383 1157 1455 inquit,
1191 1393 1384 1439 contra
1417 1402 1502 1441 me
1535 1387 1907 1451 molientibus,
1937 1388 1990 1442 in
2024 1396 2080 1443 te

511 1476 1019 1547 speravi,Domine;
1050 1476 1289 1547 dixique,
1322 1485 1375 1533 te
1407 1478 1584 1534 solum
1609 1479 1740 1533 mihi
1774 1480 2077 1550 adjutorem

512 1565 757 1622 sufﬁcere
786 1584 800 1622 :
830 1582 976 1629 nam,
1015 1565 1148 1621 Deus
1197 1581 1340 1621 meus
1373 1585 1429 1623 es
1476 1578 1555 1633 tu,
1595 1571 1647 1624 in
1679 1572 1928 1628 manibus
1974 1578 2077 1631 tuis

511 1670 679 1712 sortes
702 1674 847 1712 mete.
863 1656 970 1711 Pro
995 1672 1102 1727 quo
1124 1664 1237 1711 tum
1257 1657 1520 1713 Hebraica
1544 1662 1725 1726 lectio,
1745 1672 1857 1718 tum
1882 1667 2078 1736 reliqui

512 1747 861 1816 interpretes,
893 1758 1124 1816 tempora
1172 1765 1306 1810 mea.
1325 1750 1634 1808 ediderunt.
1684 1753 1906 1810 Etiamsi
1933 1758 2078 1813 enim

511 1840 714 1894 inimici
748 1842 861 1909 jam
901 1841 1136 1895 maxime
1168 1841 1380 1899 viribus
1415 1846 1652 1910 valeant,
1698 1847 1857 1917 quasi
1888 1849 2080 1904 adver-

2184 655 2446 728 ἀμαρτίᾳ,
2477 654 2863 708 συνετάσσοντο
2907 652 3042 723 πρὸς
3090 651 3369 723 ἀλλήλους,
3404 651 3551 714 ὅπως
3597 649 3753 721 διαρ-

2183 748 2396 801 πάσωσι
2441 746 2540 818 τὴν
2589 745 2727 816 ἐμὴν
2778 744 2975 815 ψυχήν.
3029 744 3226 813 Διόπερ
3254 741 3383 812 ἐγὼ,
3415 742 3516 812 τῆς
3551 741 3754 795 τούτων

2183 837 2469 908 ἐπιϐουλῆς
2498 834 2932 906 συναισθόμενος,
2957 836 3021 905 τῇ
3049 832 3288 906 τοσαύτῃ
3312 833 3546 903 ἐμαυτὸν
3574 830 3755 886 ἐπεδίο

2182 925 2303 980 δουν
2341 926 2597 997 τιμωρίᾳ,
2628 923 2682 976 εῐ
2718 940 2832 987 πως
2861 922 2966 994 ἄρα
3002 924 3032 975 ὁ
3060 921 3191 985 Θεὸς
3222 921 3312 975 διὰ
3350 920 3447 991 τὴν
3489 919 3757 992 τοσαύτην

2187 1035 2288 1088 μου
2330 1018 2652 1071 ταπείνωσιν
2704 1013 2942 1085 ἐλεήσειέ
2989 1029 3056 1084 με
3111 1013 3205 1065 καὶ
3252 1012 3475 1084 ῥύσαιτο
3518 1012 3615 1082 τῆς
3646 1012 3757 1067 τῶν

2183 1107 2394 1182 ἐχθρῶν
2421 1107 2730 1179 ἐπιϐουλῆς.

2267 1200 2406 1269 Ἐγὼ
2436 1198 2504 1252 δὲ
2536 1198 2632 1252 ἐπὶ
2676 1201 2774 1252 σοι
2806 1197 3062 1266 ἤλπισα,
3089 1197 3296 1264 Κύριε·
3337 1196 3506 1250 εἶπα·
3533 1196 3614 1251 Σὺ
3638 1191 3698 1249 εἷ
3720 1197 3755 1250 ό

2186 1289 2331 1357 Θεός
2350 1308 2489 1360 μου,
2519 1290 2590 1344 ἐν
2617 1290 2743 1355 ταῖς
2769 1291 2944 1359 χερσί
2962 1303 3077 1343 σου
3105 1292 3159 1343 οὶ
3184 1288 3397 1358 κλῆροι
3415 1306 3553 1358 μου.
3571 1288 3754 1343 Ταῦτα

2182 1382 2289 1435 τῶν
2316 1382 2526 1454 ἐχθρῶν
2561 1399 2682 1453 μου,
2710 1384 2863 1454 φησι,
2897 1382 3293 1453 βουλευομένων
3324 1383 3443 1436 κατ’
3482 1382 3637 1453 ἐμοῦ,
3663 1382 3754 1437 ἐπὶ

2185 1473 2244 1525 σὲ
2278 1473 2498 1544 ἤλπισα,
2530 1472 2735 1544 Κύριε·
2778 1470 2960 1540 ἔλεγόν
3001 1472 3063 1524 τέ
3112 1488 3170 1523 σε
3223 1471 3381 1541 μόνον
3424 1470 3615 1541 βοηθόν
3665 1488 3754 1541 μοι

2183 1566 2483 1636 ἀπαρκεῖν·
2518 1566 2661 1631 Θεὸς
2693 1564 2808 1631 γάρ
2842 1581 2958 1633 μου
2983 1560 3042 1617 εἴ
3059 1563 3162 1625 σὺ,
3184 1562 3254 1615 ἐν
3280 1561 3405 1628 ταῖς
3435 1564 3608 1631 χερσί
3638 1580 3755 1617 σου

2184 1659 2238 1708 ol
2267 1654 2481 1723 κ.λῆροί
2500 1673 2619 1724 μου
2639 1671 2653 1686 ·
2696 1654 2813 1708 ἀνθ’
2840 1647 2923 1717 οῦ,
2948 1657 3007 1707 -οι
3039 1653 3231 1721 καιροί
3258 1669 3397 1721 μου,
3425 1654 3459 1721 ἡ
3495 1651 3753 1724 Ἐϐραῖκὴ

2184 1748 2487 1817 ἀνάγνωσις
2525 1747 2617 1801 καὶ
2644 1749 2695 1800 oi
2724 1747 2899 1801 λοιποὶ
2926 1746 3257 1817 ἐρμηνευτα)⁸
3282 1743 3657 1798 ἐκδεόώκασιν.
3690 1745 3753 1797 ΕΞ

2183 1841 2292 1912 γὰρ
2342 1841 2435 1895 καὶ
2481 1838 2548 1892 τὰ
2604 1840 2837 1910 μάλιστα
2878 1838 2973 1892 νῦν
3020 1842 3069 1892 ot
3117 1838 3300 1909 ἐχθροὶ
3352 1836 3752 1908 κατισχύουσιν,

510 1945 631 1985 sum
678 1945 764 1985 me
795 1932 942 1985 nacti
976 1940 1341 2001 opportunum
1386 1941 1637 2005 tempus;
1682 1943 1739 1990 at
1777 1937 1908 1991 mihi
1942 1946 2077 1993 tem-

2179 1927 2369 2003 ὥσπερ
2394 1930 2582 2002 καιρὸν
2610 1931 2821 2001 ἔχοντες
2850 1932 2967 1984 κατ’
2998 1929 3153 2001 ἐμοῦ,
3188 1929 3302 1983 ἀλλ’
3337 1930 3386 1982 οἱ
3417 1927 3541 1999 ἐμοὶ
3577 1928 3755 1999 καιροὶ

507 2035 640 2090 pora
688 2035 807 2077 mea
858 2023 915 2077 in
960 2024 1212 2079 manibus
1266 2024 1377 2080 tuis
1424 2033 1703 2081 reservata
1762 2036 1892 2083 sunt
1924 2045 1935 2080 :
1968 2045 2078 2100 quo

509 2119 753 2182 tempore
816 2121 995 2169 sortes
1046 2129 1197 2170 meas
1256 2129 1423 2184 penes
1482 2123 1538 2172 te.
1597 2118 1868 2188 repositas
1920 2121 2073 2176 novi.

507 2201 873 2269 Quamobrem
900 2204 1026 2274 jure
1057 2207 1312 2276 supplico
1344 2207 1690 2278 postuloque,
1726 2226 1812 2266 me
1855 2210 1910 2265 in
1941 2227 2079 2281 pra:-

512 2294 654 2349 senti
713 2295 783 2348 ab
837 2295 1078 2351 inimicis
1130 2306 1182 2353 et
1238 2311 1269 2350 a
1313 2298 1764 2369 persequentibus
1810 2315 1898 2357 me
1945 2302 2079 2357 libe-

513 2398 646 2439 "In.

600 2473 762 2529 Vens.
844 2474 1033 2530 i749.
1110 2475 1334 2530 Illustra
1410 2477 1600 2547 faciem
1681 2487 1826 2532 tuam
1874 2486 2076 2548 ~super

509 2583 713 2621 servum
747 2575 912 2633 tuum,
944 2569 1146 2622 salvum
1181 2586 1263 2623 me
1304 2568 1392 2639 [ac
1437 2570 1491 2623 in
1534 2570 1899 2625 misericordia
1947 2581 2076 2626 tua:

512 2658 772 2723 Domine,
834 2661 1324 2730 non‘confunu’ar,
1398 2664 1652 2734 quoniam
1712 2665 1945 2718 invocavi
2003 2674 2071 2719 te.

507 2751 974 2819 Quemadmodum
1012 2754 1228 2810 oriente
1267 2756 1382 2810 sole
1418 2757 1658 2811 tenebrae
1694 2756 2074 2827 dissipantur,

508 2845 611 2899 sub
644 2855 791 2899 terra
840 2845 1130 2910 ahsconso,
1180 2847 1363 2900 omnia
1396 2862 1506 2902 nox
1541 2855 1804 2916 occupat,
1835 2855 2077 2917 tuncque

505 2950 571 2987 ex
603 2934 841 2988 latibulis
883 2934 1000 2989 suis
1042 2934 1317 3004 prodeunt
1362 2936 1491 2992 fera-'3
1528 2946 1805 3007 agrestes,
1860 2938 2077 3009 virique

432 3067 443 3076 .
505 3025 743 3096 operarii
794 3026 1134 3095 iniquitatis;
1190 3028 1298 3093 ita,
1350 3026 1459 3083 Deo
1510 3043 1722 3094 averso,
1785 3030 2077 3100 insurgunt

509 3115 702 3169 anima:
731 3115 947 3179 hostes,
979 3117 1261 3187 ipsamque
1308 3118 1711 3174 incursionibus
1752 3119 2073 3183 molestant;

508 3205 629 3274 ipso
679 3213 857 3259 autem
895 3203 1124 3260 Deitatis
1165 3221 1278 3261 suae
1328 3208 1513 3263 lumen
1562 3210 1875 3273 emittente,
1929 3208 2076 3279 quod

508 3297 718 3349 vultum
745 3295 836 3351 Dei
860 3294 1143 3367 Scriptura
1171 3313 1369 3354 vocare
1410 3301 1715 3367 consuevit,
1751 3308 1884 3355 tunc
1917 3316 2075 3357 avero
2101 3273 2142 3331 δ

507 3396 701 3442 tantur
724 3397 778 3443 et
807 3387 988 3459 fugam
1038 3388 1246 3443 faciunt
1274 3406 1468 3447 omnes
1500 3393 1593 3461 qui
1626 3394 1801 3447 amica
1835 3394 2078 3450 tenebris

509 3492 674 3548 opera
704 3486 1043 3550 perpetrant,
1081 3494 1143 3533 ac
1172 3481 1436 3551 quidquid
1465 3481 1575 3537 Deo
1621 3484 1960 3538 contrarium
1992 3493 2079 3541 est

513 3569 832 3640 dissipatur.
883 3569 1065 3637 Quare
1102 3588 1195 3641 qm
1239 3574 1418 3642 primo
1451 3573 1815 3630 confitebatur
1853 3576 2074 3633 dicens:

468 3704 471 3711 .
517 3657 744 3714 Illustra
799 3659 990 3729 facient
1042 3670 1189 3715 luant
1244 3680 1403 3732 super
1455 3681 1660 3719 servum
1727 3675 1918 3733 tuum,
1964 3668 2077 3737 jam

514 3761 762 3814 rursum,
795 3749 913 3805 Non
939 3761 1160 3822 propter
1204 3769 1368 3825 opera
1415 3771 1556 3819 mea,
1597 3756 1794 3827 inquit,
1819 3757 1914 3814 sed
1952 3774 2079 3830 pro-

513 3849 635 3909 pter
679 3841 1109 3896 misericordiam
1154 3855 1301 3899 tuam
1336 3846 1565 3902 salutem
1623 3848 1871 3906 nancisci
1920 3864 2075 3921 rogo;

514 3939 676 4003 atque
726 3932 919 3986 iterum
954 3952 968 3988 :
1002 3933 1269 3999 Quoniam
1327 3944 1379 3991 te
1431 3938 1709 4003 invocavi,
1761 3940 1959 4010 inquit,
2008 3956 2079 3995 ne

514 4022 819 4077 confundar
846 4025 974 4095 quia
1006 4027 1221 4095 speravi
1256 4025 1309 4080 in
1339 4034 1413 4081 te.
1442 4027 1653 4083 Etenim
1684 4032 1870 4100 impiis
1899 4032 1991 4100 qui
2027 4042 2079 4086 te

513 4113 679 4170 Deum
714 4130 821 4170 non
854 4126 1061 4170 norunt‘
1077 4119 1429 4188 opprobrium
1457 4120 1706 4175 debetur.
1739 4120 2080 4191 Quapropter

508 4207 604 4270 ait,
628 4206 953 4263 Ernbescant
985 4210 1132 4279 impii
1163 4222 1212 4263 et
1241 4209 1571 4264 deducantur
1592 4213 1646 4264 in
1669 4213 1963 4281 infernum;
1995 4215 2078 4270 vel

509 4299 810 4353 secundum
848 4301 1097 4368 Aquilam
1147 4307 1203 4354 et
1242 4301 1647 4370 Symmachum,
1681 4302 1885 4357 Sileant
1913 4306 1967 4357 in
1997 4306 2080 4358 in-

511 4388 679 4456 ferno.
718 4387 783 4441 Et
812 4389 923 4456 jam
947 4390 1166 4458 quidem
1198 4390 1275 4443 illi
1309 4391 1606 4461 loquuntur
1638 4394 1806 4447 multa
1840 4395 1989 4462 ausi;
2023 4404 2079 4451 at

508 4492 635 4531 cum
678 4477 732 4531 in
762 4486 1152 4546 congruentem
1206 4480 1311 4534 sibi
1359 4482 1537 4536 locum
1584 4483 1800 4540 deducti
1853 4486 2075 4552 fuerint,

2179 2023 2582 2093 πεφυλαγμένοι
2627 2025 2761 2077 εἰσιν
2785 2024 2843 2075 ἐν
2877 2024 2996 2086 ταῖς
3034 2024 3154 2085 σαῖς
3183 2021 3370 2092 χερσίν
3392 2038 3405 2051 ·
3437 2023 3495 2073 ἐν
3521 2018 3602 2084 οἷς
3630 2036 3754 2073 και-

2181 2118 2294 2188 ροῖς
2322 2115 2416 2169 καὶ
2443 2115 2567 2177 τοὺς
2592 2114 2828 2184 ἐμαυτοῦ
2859 2113 3097 2185 κλήρους
3125 2108 3241 2167 οἶδα
3271 2111 3419 2184 παρά
3453 2112 3534 2166 σοὶ
3557 2112 3757 2181 φυλάτ-

2178 2206 2385 2261 τεσθαι.
2416 2206 2506 2258 Διὸ
2529 2204 2754 2270 εἰκότως
2791 2205 3016 2258 ἱκετεύω
3063 2204 3156 2257 καὶ
3189 2203 3376 2273 δέομαι
3407 2203 3499 2255 ἐπὶ
3528 2202 3620 2255 τοῦ
3653 2220 3756 2255 πα-

2181 2296 2364 2369 ρόντος
2383 2297 2639 2368 ρυσθῆναι
2656 2297 2719 2349 ἐκ
2743 2296 2849 2348 τῶν
2873 2294 3080 2367 ἐχθρῶν
3109 2312 3209 2365 μου
3241 2293 3337 2347 καὶ
3364 2294 3427 2346 ἐκ
3452 2293 3558 2347 τῶν
3588 2309 3755 2347 κατα-

2178 2384 2484 2443 διωκόντων
2513 2405 2599 2458 με.

2264 2478 2584 2546 Ἐπίφανον
2618 2477 2684 2531 τὸ
2732 2479 3055 2545 πρόσωπόν
3086 2493 3201 2531 σου
3247 2478 3342 2531 ἐπὶ
3392 2479 3498 2532 τόν
3532 2477 3756 2532 δοῦλόν

2178 2584 2293 2623 σου
2360 2567 2567 2622 σῶσόν
2607 2584 2685 2636 με
2721 2569 2791 2621 ἐν
2830 2568 2983 2621 ἐλέει
3019 2585 3170 2622 σου·
3205 2572 3403 2638 Κύριε,
3430 2569 3515 2639 μὴ
3559 2585 3756 2623 καται-

2178 2660 2540 2729 σχυνθείην,
2592 2662 2680 2713 ὅτι
2723 2659 3181 2728 ὲπεκαλεσάμην
3227 2677 3319 2714 σε.
3350 2661 3556 2733 Ὠσπερ
3605 2659 3753 2732 ἡλίου

2177 2753 2556 2816 ἀνατείλαντος
2588 2752 2774 2805 λύεται
2822 2753 2883 2805 τὸ
2931 2754 3118 2815 σκότος
3138 2770 3151 2783 ·
3184 2753 3416 2823 ύπὸ·γῆν
3444 2753 3501 2806 δέ
3529 2751 3755 2823 γενομέ-

2176 2862 2290 2911 νου,
2324 2848 2420 2913 νὺξ
2456 2847 2808 2919 διαλαμϐάνει
2842 2848 2903 2900 τὸ
2937 2849 3076 2901 πᾶν·
3109 2846 3331 2918 προῖασί
3362 2863 3419 2899 τε
3449 2847 3511 2898 ἐκ
3536 2845 3643 2898 τῶν
3674 2847 3755 2898 ol-

2177 2939 2341 2992 κείων
2369 2939 2717 2993 καταδύσεων
2756 2940 2921 3012 θῆρες
2958 2939 3139 3009 ἄγριοι
3172 2938 3264 2991 καὶ
3297 2938 3486 3008 ἄνδρες
3518 2952 3757 3008 κακουρ-

2176 3030 2300 3097 γίας
2331 3031 2592 3101 ἐργάται·
2618 3031 2810 3095 οὕτως,
2844 3030 3314 3098 ἀποστρεεξομένου
3350 3029 3449 3100 μὲν
3482 3028 3573 3081 τοῦ
3599 3026 3754 3090 Θεοῦ,

2177 3120 2224 3173 οἱ
2253 3121 2350 3191 τῆς
2376 3120 2556 3191 ψυχῆς
2582 3121 2764 3192 ἐχθροὶ
2800 3120 3184 3174 ἐπανίστανται
3214 3120 3307 3171 καί⁵
3335 3119 3758 3189 κατατρέχουσιν

2179 3210 2347 3282 αὐτῆς
2363 3227 2376 3242 ·
2402 3212 2805 3283 ἐπιλάμψαντος
2831 3212 2888 3265 δὲ
2911 3209 3073 3265 αὐτοῦ
3096 3210 3156 3263 τὸ
3178 3209 3290 3278 φῶς
3320 3211 3417 3281 τῆς
3446 3210 3610 3264 αὑτοῦ
3638 3208 3756 3263 θεό-

2178 3316 2357 3373 τητος,
2387 3304 2524 3375 ὅπερ
2550 3303 2841 3376 πρόσωπον
2855 3301 2988 3355 Θεοῦ
3018 3302 3304 3372 ὀνομάζειν
3329 3301 3517 3354 εἴωθεν
3543 3304 3576 3372 ἡ
3610 3302 3753 3373 Γρα-

2179 3394 2275 3466 φὴ,
2308 3395 2708 3466 ἀποτρέπονται
2739 3394 2833 3465 μὲν
2858 3393 2952 3446 καὶ
2980 3392 3350 3463 ἀποφεύγουσι
3384 3393 3584 3457 πάντες
3607 3394 3656 3445 oi
3685 3393 3757 3446 τὰ

2179 3486 2311 3555 φίλα
2337 3484 2430 3538 τοῦ
2462 3484 2684 3547 σκότους
2721 3484 2855 3555 ἔργα
2900 3484 3373 3557 διαπραττόμενοι,
3397 3483 3667 3537 διαλύεται
3692 3481 3750 3536 δὲ

2180 3580 2288 3633 πᾶν
2318 3577 2377 3631 τὸ
2405 3577 2647 3631 ἐναντίον
2678 3576 2755 3648 τῷ
2786 3575 2923 3648 Θεῷ.
2955 3577 3045 3629 Διὸ
3079 3577 3385 3648 παρακαλεῖ
3408 3579 3435 3631 ὁ
3464 3577 3531 3631 τὰ
3561 3576 3752 3647 πρῶτα

2179 3667 2711 3739 ἐξομολογησάμενος
2745 3669 2999 3737 φάσκων·
3050 3669 3381 3737 Ἐπίεεανον
3421 3667 3489 3720 τὸ
3564 3668 3752 3735 πρόσ-

2178 3759 2345 3812 ωπόν
2366 3773 2482 3811 σου
2513 3761 2598 3824 εὶς
2626 3759 2734 3812 τάν
2758 3758 2980 3813 δοῦλόν
3022 3774 3164 3813 σου·
3216 3761 3307 3814 καὶ
3341 3760 3528 3814 πάλιν·
3566 3759 3640 3813 Οὐ
3666 3758 3757 3813 διὰ

2177 3859 2276 3915 τὰς
2306 3850 2445 3919 έμάς
2478 3851 2725 3923 πράξεις,
2759 3854 2913 3924 φησὶ,
2939 3852 3027 3906 διὰ
3070 3853 3127 3906 δὲ
3159 3853 3219 3906 τὸ
3254 3855 3345 3907 σὺν
3382 3853 3527 3915 ἔλεος
3576 3850 3755 3922 σωθῆ-

2178 3959 2266 3995 ναι
2301 3942 2472 4007 ἀξιῶ·
2524 3944 2618 3997 καὶ
2666 3940 2855 4008 αὖθις·
2898 3945 3049 3998 Ἐπεὶ
3093 3944 3151 3997 δέ
3206 3961 3264 3997 σε
3315 3940 3751 4009 ἐπκαλεσάμην,

2179 4034 2334 4103 φησι,
2367 4033 2441 4106 μὴ
2488 4035 2959 4107 καταισχυνθείην,
2992 4036 3072 4087 ὅτι
3112 4034 3207 4085 ἐπὶ
3252 4034 3334 4085 σοὶ
3378 4031 3596 4099 ἤλπισα.
3629 4028 3755 4092 Τοῖς

2182 4123 2280 4192 μέν
2309 4122 2417 4193 γὰρ
2450 4124 2690 4188 ἀσεϐέσι,
2718 4126 2831 4185 τοῖς
2857 4124 2915 4175 σὲ
2946 4122 3037 4175 τὸν
3065 4121 3197 4173 Θεὸν
3220 4119 3319 4173 οὐκ
3347 4118 3755 4187 ἐπισταμένοις,

2181 4213 2408 4285 αἰσχύνη
2456 4214 2652 4284 πρέπει
2678 4230 2692 4244 ·
2741 4212 2820 4264 διό
2868 4227 3032 4280 φησιν
3056 4226 3069 4238 ·
3100 4209 3585 4278 Αίσχῑονθείησαν
3610 4209 3755 4262 das-

2180 4303 2303 4368 ϐεἷς
2328 4303 2424 4355 καί
2454 4301 2897 4372 καταχθείησαν
2922 4301 3008 4364 εἷς
3035 4298 3181 4365 ᾅδου
3200 4316 3213 4328 ·
3245 4298 3278 4369 ἣ
3314 4298 3451 4351 κατὰ
3475 4300 3564 4351 τὸν
3594 4299 3754 4352 Ἀκε-

2180 4392 2279 4445 λαν
2299 4395 2393 4446 καὶ
2420 4395 2509 4445 τὸν
2539 4393 2832 4462 Σύμμαχον
2852 4409 2863 4420 ·
2900 4390 3301 4444 Σιωπάτωσαν
3329 4394 3415 4458 εις
3446 4391 3616 4459 ᾅδην.
3639 4393 3755 4447 Νῦν

2189 4483 2291 4553 μὲν
2317 4481 2427 4553 γὰρ
2456 4480 2674 4534 λαλοῦσι
2716 4477 2884 4531 πολλά
2918 4477 3252 4549 τολμῶντες·
3287 4479 3506 4532 ἐπειδὰν
3550 4480 3605 4532 δὲ
3649 4497 3752 4533 κα-

506 4576 637 4624 tunc
688 4569 1014 4639 arrogantiae
1074 4570 1234 4625 finem
1291 4570 1527 4641 facient,
1571 4583 1702 4631 tunc
1758 4577 1899 4633 labia
1952 4582 2077 4648 illa,

2183 4572 2453 4642 ταχθῶσιν
2494 4574 2574 4634 είς
2616 4571 2676 4623 τὸ
2714 4569 3039 4641 κατάλληλον
3064 4569 3245 4633 αὐτοῖς
3272 4570 3487 4640 χωρίον,
3515 4570 3575 4622 τὸ
3603 4587 3753 4641 τηνι-

506 4676 627 4731 qua:
655 4663 708 4716 in
740 4662 993 4733 praesenti
1025 4676 1147 4716 cum
1176 4664 1429 4733 superbia
1456 4675 1644 4721 contra
1668 4668 1877 4738 justum
1903 4672 2077 4727 virum

2184 4664 2361 4718 καῦτα
2384 4662 2680 4716 παύσονται
2701 4664 2799 4734 τῆς
2822 4662 3186 4734 μεγαλαυχίας
3203 4682 3217 4696 ·
3240 4664 3362 4715 τότε
3389 4662 3443 4715 δὲ
3471 4665 3563 4715 καὶ
3581 4662 3752 4716 ἀλαλα

509 4754 679 4807 multa
723 4753 1032 4824 proferunt,
1089 4761 1239 4809 muta
1285 4765 1480 4824 erunt;
1534 4767 1666 4816 tunc
1706 4761 1773 4816 de
1800 4761 2078 4832 justorum

508 4843 789 4899 hominum
822 4846 1078 4917 despectu
1112 4847 1248 4901 ultio
1281 4858 1546 4905 sumetur.

578 5104 745 5166 V355.
774 5106 866 5173 20,
898 5107 989 5164 21.
1017 5109 1189 5175 Quam
1222 5126 1414 5181 magna
1447 5112 1732 5167 multitudo
1776 5113 2071 5168 dulcedinis

506 5207 632 5266 tua,
662 5197 904 5264 Domine,
937 5217 1096 5271 quam
1124 5204 1448 5258 abscondisti
1480 5207 1780 5260 timentibus
1812 5208 1896 5261 te!
1948 5206 2074 5261 Per-

454 5310 461 5317 ·
506 5291 677 5358 fecisti
702 5291 776 5345 eis
810 5292 901 5361 qui
933 5302 1146 5360 sperant
1172 5294 1227 5347 in
1250 5302 1297 5348 le
1327 5295 1378 5347 in
1408 5308 1685 5364 conspectu
1712 5299 1945 5366 ﬁliorum
1977 5299 2071 5353 Ito-

506 5386 726 5440 minum.
762 5385 1060 5441 Abscondes
1108 5402 1195 5441 eos
1246 5388 1300 5441 in
1352 5387 1658 5445 abscondito
1691 5390 1846 5459 faciei
1890 5402 1995 5446 tuae
2036 5410 2070 5446 a

512 5476 910 5531 contnrbatione
941 5478 1230 5533 hominum.
1288 5480 1538 5552 Proteges
1578 5499 1665 5536 eos
1718 5482 1773 5536 in
1823 5482 2071 5538 taberna~

506 5567 682 5620 culoa
718 5568 1132 5623 contradictione
1182 5570 1508 5641 linguarum.
1570 5570 1784 5637 lsthaac,
1832 5575 1928 5636 ait,
1971 5574 2068 5630 de-

511 5665 760 5726 precatus
795 5676 936 5720 sum.
977 5670 1036 5713 ut
1066 5661 1307 5717 illustres
1344 5663 1535 5718 faciem
1567 5674 1714 5718 tuam
1748 5682 1914 5736 super
1947 5684 2066 5722 ser-

507 5763 637 5803 vum
693 5758 867 5814 tuum,
919 5759 971 5805 et
1020 5759 1078 5804 ut
1128 5753 1357 5808 salutem
1395 5755 1768 5810 misericordia
1801 5764 1895 5811 tua
1937 5775 2073 5813 nan-

510 5840 709 5903 ciscar.
733 5850 787 5897 et
819 5859 884 5897 ne
913 5845 1220 5899 confundar
1244 5848 1505 5915 quoniam
1541 5849 1786 5906 invocavi
1833 5859 1905 5916 te,
1929 5866 2064 5905 con-

2179 4756 2470 4825 γενήσεται
2508 4753 2579 4808 τὰ
2610 4755 2702 4807 ἐπὶ
2738 4754 2832 4807 τοῦ
2859 4754 3122 4826 παρόντος
3156 4753 3324 4808 πολλά
3367 4753 3506 4806 κατά
3546 4753 3639 4806 τοῦ
3667 4753 3748 4806 δι·-

2180 4844 2334 4898 καίου
2382 4843 2724 4915 φθεγγόμενα
2756 4844 2907 4916 χείλη
2944 4844 3059 4914 μεθ’
3089 4844 3490 4914 ὑπερηφανίας·
3529 4844 3648 4895 τότε
3693 4842 3752 4897 δέ

2182 4938 2277 4991 καὶ
2305 4937 2720 5009 ἐκδικηθήσεται
2749 4938 2897 4990 πᾶσα
2927 4938 2960 5006 ἡ
2992 4935 3133 4988 κατὰ
3168 4935 3274 4988 τῶν
3297 4934 3515 4988 δικαίων
3545 4934 3753 5000 ἐξουδέ-

2177 5045 2358 5091 νωσις.

2260 5118 2352 5183 Ὡς
2376 5117 2533 5171 πολὺ
2568 5116 2631 5170 τὸ
2660 5117 2894 5186 πλῆθος
2918 5116 3027 5183 τῆς
3054 5118 3464 5185 χρηστότητός
3486 5118 3751 5183 σου,Κύ-

2169 5226 2284 5277 ριε,
2305 5206 2379 5279 ἧς
2410 5210 2677 5279 ἔκρυψας
2700 5210 2825 5275 τοῖς
2847 5210 3239 5279 φοϐουμένοις
3262 5210 3372 5263 0's!
3397 5208 3752 5279 Ἐξειργάσω

2176 5300 2299 5367 τοῖς
2331 5300 2677 5361 ἐλπίζουσιν
2716 5302 2814 5354 ἐπὶ
2860 5299 2935 5354 σὲ
2962 5301 3238 5354 ἐναντίον
3284 5299 3403 5353 τῶν
3433 5300 3579 5354 vlt?»-
3629 5301 3749 5355 τῶν

2177 5392 2517 5460 ἀνθρώπων.
2581 5391 3006 5459 Κατακρύψεις
3049 5392 3271 5456 αὐτοὺς
3311 5391 3380 5444 ἐν
3424 5391 3749 5461 ἀποκρύφῳ

2176 5485 2280 5537 τοῦ
2338 5483 2658 5552 προσώπου
2723 5500 2839 5537 σου
2898 5484 3018 5538 ἀπὸ
3081 5483 3343 5553 ταραχῆς
3400 5484 3742 5552 ἀνθρώπων.

2175 5575 2506 5641 Σκεπάσεις
2559 5575 2780 5641 αὐτοὺς
2838 5576 2908 5628 ἐν
2962 5574 3180 5643 σκηνῇ.
3230 5575 3346 5629 ἀπὸ
3403 5576 3747 5644 ἀντιλογίας

2174 5666 2692 5736 γλωσσῶν.Ταῦτα,
2711 5668 2894 5737 φησιν,
2915 5667 3184 5729 ἱκέτευσα,
3211 5666 3471 5734 ἐπιφάναι
3489 5666 3547 5719 τὸ
3574 5666 3746 5740 πρόσ-

2178 5761 2325 5815 ωπόν
2356 5776 2446 5812 σου
2504 5760 2593 5812 ἐπὶ
2625 5759 2713 5813 τὸν
2748 5757 2934 5812 δοῦλόν
2964 5775 3078 5822 σου,
3113 5761 3205 5811 καὶ
3238 5758 3473 5829 σωθῆναι
3498 5756 3573 5827 τῷ
3608 5757 3748 5811 ἐλέει

2182 5869 2273 5905 σου
2300 5850 2373 5923 μὴ
2400 5849 2773 5920 καταισχῦναι,
2799 5853 2881 5905 ὅτι
2909 5850 3322 5921 inualesciqu
3346 5866 3425 5915 σε,
3448 5848 3745 5920 πεπεισμέ-
