4100 6394
373 359 481 416 275

374 470 739 546 νοςςὼςὴσὴ

378 587 481 634 νει,
514 565 738 621 πλούτου
760 562 816 616 δὲ
839 560 997 630 γέμει
1027 555 1241 610 πολλοῦ.
1266 555 1354 607 Διὸ
1382 555 1473 607 καὶ
1497 551 1647 623 παρὰ
1675 550 1753 621 τῷ
1781 551 1938 603 Ἀπο-

382 661 553 730 στόλῳ
583 657 823 727 εἴρηται·
862 653 929 706 Ἢ
968 647 1073 703 τοῦ
1105 648 1369 701 πλούτου
1400 642 1507 713 τῆς
1536 641 1941 712 χρηστότητος

378 749 563 808 αὑτοῦ
588 746 686 803 καὶ
724 743 832 813 τῆς
860 739 1085 809 ἀνοχῆς
1116 739 1213 793 καὶ
1252 736 1363 804 τῆς
1387 734 1790 805 μακροθυμίας
1839 748 1943 784 καφ

380 840 723 913 rue-pore?“
781 833 938 889 Ἀλλὰ
991 832 1085 887 νῦν
1131 832 1227 902 μὲν
1266 830 1328 882 οὐ
1374 830 1484 890 τοῖς
1522 826 1654 878 πᾶσι
1704 822 1940 894 φανερὰν

381 937 550 996 ποιεῖς
563 931 657 1002 τὴν
674 924 1019 1001 χρηστότητά
1035 941 1127 978 σου
1143 941 1156 953 ⁸
1180 921 1441 994 κρύπτεις
1454 918 1510 972 δὲ
1540 916 1708 988 αὐτὴν
1739 914 1831 969 κειιῖ⁸
1846 931 1940 967 τα-

382 1023 540 1097 μιεύῃ
560 1021 842 1092 φυλάττων
862 1020 976 1081 τοῖς
997 1015 1160 1086 φοϐου
1169 1014 1349 1086 μένοις
1378 1028 1457 1064 σε.
1476 1009 1626 1063 Ἐπεὶ
1646 1008 1739 1061 καὶ
1767 1003 1874 1070 ἐξει
1882 1021 1943 1076 ρ-

378 1096 531 1186 γάσω
557 1114 726 1184 αὐτὴν
752 1113 830 1175 εἰς
861 1109 992 1163 αὐτὸ
1009 1104 1167 1165 τοῦτο
1186 1124 1197 1135 ·
1218 1104 1360 1173 λέγω
1386 1102 1537 1164 Bisi;
1567 1100 1627 1153 τὸ
1648 1102 1760 1162 τοῖς
1786 1096 1939 1150 ἐλπί-

380 1207 559 1273 ζουσιν
593 1206 685 1260 ἐπὶ
724 1204 783 1258 σὲ
824 1203 1122 1279 παρασχεῖν
1167 1196 1371 1267 αὐτὴν,
1433 1194 1527 1248 καὶ
1581 1190 1836 1265 παρέξεις
1877 1205 1942 1258 γε

378 1299 562 1372 αὐτὴν.
594 1295 737 1365 κατὰ.
786 1272 973 1366 καιρὸν
1016 1272 1122 1362 πρὸ
1154 1289 1260 1347 τῶν
1306 1285 1599 1357 ὀφθαλμῶν
1651 1272 1759 1337 «ev
1813 1281 1942 1335 υἱῶν

376 1390 484 1445 τῶν
508 1370 839 1459 ⁷ἀνθρώπων,
866 1384 1004 1437 ὥστε
1044 1381 1251 1444 πάντας
1282 1377 1408 1431 ἰδεῖν
1440 1377 1536 1448 τὴν
1580 1374 1678 1444 σὴν
1713 1370 1944 1445 χρηστό-

379 1496 536 1548 τητα,
563 1476 739 1547 καιρῷ
767 1475 866 1545 τῆς
882 1473 989 1527 τῶν
1022 1470 1241 1540 ἀγαθῶν
1270 1466 1501 1540 ἀμοιϐῆς
1529 1464 1810 1535 διδομένην
1832 1464 1943 1524 τοῖς

382 1569 583 1635 ἀξίοιςσ
627 1568 815 1638 διόπερ
843 1565 937 1619 καὶ
978 1566 1036 1616 ἐν
1077 1562 1153 1633 τῷ
1187 1560 1287 1632 βίῳ
1324 1559 1422 1623 τάς
1458 1575 1538 1611 σοι
1585 1554 1945 1625 ἀνακειμένας

376 1659 553 1731 ψυχὰς
581 1658 722 1714 κατὰ
742 1659 870 1720 τοὺς
889 1655 997 1709 τῶν
1023 1652 1391 1726 πειρατηρίων
1418 1651 1641 1722 καιροὺς
1669 1648 1765 1719 τῆς
1792 1646 1945 1731 παρὰ

380 1751 576 1805 σαυτοῦ
609 1750 815 1819 σκέπης
838 1746 1107 1814 καταξιῶν
1136 1744 1526 1816 ἀποκρύπτεις,
1559 1742 1820 1813 ῥυόμενος
1843 1726 1941 1791 αύ-

1493 341 2006 420 ,εοΜΜΕΝΤΑιιιΑ
2040 340 2107 396 ιΝ
2137 332 2481 392 PSAL‘MOS.

766 467 1063 541 χρηστότης
1089 464 1255 536 πολλή
1284 480 1363 526 τις
1389 462 1481 515 καὶ
1511 463 1712 530 ᾶςατος
1738 457 1939 528 τυγχά-

2047 450 2180 506 ﬁsus
2215 442 2688 502 mansuetudinem
2740 448 2891 501 tuam
2922 454 3170 510 magnam
3201 432 3635 497 et-ineﬂahilem,,

3500 323 3625 386 274,

2041 556 2199 607 esse,
2229 553 2295 593 ac
2339 535 2546 592 divitiis
2593 532 2782 588 multis
2835 530 3125 585 refertam.
3175 529 3354 595 Quare
3397 525 3629 589 dictum,

2038 631 2108 689 ab
2137 630 2400 702 Apostolo
2444 627 2548 682 fuit
2588 645 2602 681 :
2635 626 2722 678 An
2762 624 2974 678 divitias
3016 621 3263 675 bonitatis
3287 617 3399 682 eius
3432 625 3481 670 et
3508 630 3607 684 pa-

2042 725 2238 781 tientia:
2289 733 2340 777 et
2406 718 2823 790 longanimitatis
2871 712 3276 769 contemnis"?
3327 708 3434 764 Sed
3490 708 3602 777 jam

2039 814 2261 887 quidem
2286 829 2398 869 non
2434 811 2693 872 omnibus
2730 806 3032 863 bonitatem
3071 812 3218 858 tuam
3258 799 3631 862 manifestam“

2039 907 2207 972 facis,
2246 906 2340 963 sed
2382 904 2628 960 occultas
2657 916 2774 957 eam
2824 905 2881 954 et
2934 895 3211 959 recondis,
3252 890 3609 958 custodisque

2039 997 2364 1053 timentibus
2388 1003 2461 1052 te.
2499 993 2638 1060 Quia
2666 1006 2798 1047 vero
2830 989 2898 1044 ad
2929 1003 3049 1045 eam
3083 987 3257 1058 ipsam
3289 997 3403 1039 rem
3432 979 3609 1052 perfe-

2041 1089 2164 1145 cisti
2192 1102 2337 1151 eam,
2373 1086 2427 1141 id
2476 1092 2582 1147 est,
2633 1092 2692 1139 ut
2752 1079 3114 1152 sperantibus
3144 1078 3198 1131 in
3251 1086 3306 1132 te
3353 1074 3607 1144 largiare,

2041 1180 2398 1253 praebeasquc
2426 1179 2600 1248 ipsam
2649 1184 2965 1246 opportuno
3010 1180 3256 1240 tempore
3297 1162 3611 1237 praeacutis

2041 1271 2278 1326 ﬁliorum
2320 1270 2626 1331 hominum,
2670 1267 2747 1319 ita
2778 1271 2841 1320 ut
2869 1276 3061 1318 omnes
3094 1259 3400 1315 bonitatem
3432 1256 3612 1335 suspis

2043 1365 2195 1419 ciant
2232 1369 2406 1429 tuam,
2440 1367 2687 1430 tempore
2733 1351 3199 1413 remunerationis
3227 1351 3498 1409 bonorum
3529 1345 3612 1400 di-

2042 1454 2166 1525 gnis
2208 1452 2562 1513 attributam;
2612 1449 2736 1504 ideo
2778 1449 2836 1501 in
2864 1447 2968 1501 hac
3007 1445 3119 1499 vita
3164 1441 3375 1495 animas
3402 1438 3499 1494 tibi
3523 1436 3614 1501 adg

2044 1547 2241 1612 dictas,
2267 1543 2627 1599 tentationum
2657 1549 2906 1608 tempore
2931 1546 3024 1593 tua
3052 1534 3392 1608 protectione
3418 1530 3613 1602 dignas

2043 1636 2275 1699 habens,
2308 1633 2628 1693 abscondis,
2679 1632 2997 1700 liherasque
3050 1628 3191 1683 illas,
3223 1641 3255 1680 a
3311 1621 3615 1679 conturba-

2046 1729 2199 1784 tione
2227 1728 2537 1792 hominum,
2600 1739 2664 1781 ac
2717 1724 2827 1779 sub
2853 1735 3018 1777 manu
3065 1726 3157 1772 tua
3197 1717 3345 1772 velut
3386 1712 3490 1770 sub
3533 1722 3616 1767 ιε’

377 1802 924 1912 ⁷ςέιπὸταραχῆς
959 1802 1404 1909 ἀνθρώπων,’καὶ
1432 1802 1621 1905 ὥσπερ
1660 1802 1726 1893 ’ἐν
1771 1830 1948 1905 σκέπῃ

2049 1821 2229 1890 gmine
2278 1819 2515 1889 quodam
2550 1815 2792 1888 protegis
2835 1828 2930 1869 eas
2962 1826 2994 1864 a
3024 1808 3463 1864 contradictione
3507 1804 3616 1859 lin-

380 1934 486 1986 ὑπὸ
518 1932 615 2004 τὴν
667 1931 864 1986 σαυτοῦ
896 1933 1054 2001 χεῖρα
1090 1926 1375 1990 σκεπάζων
1407 1926 1603 1988 αὐτοὺς
1650 1922 1758 1977 ἀπὸ
1805 1924 1949 1976 ἀντι-

379 2020 564 2089 λογίας
592 2020 871 2089 γλωσσῶν,
890 2020 1025 2091 πρὺς
1048 2018 1106 2071 τ’)
1136 2017 1299 2090 μηδὲν
1314 2013 1787 2081 καταϐλάπτεσθαι
1813 2013 1947 2091 μήτε

383 2088 489 2166 ὑπὸ
519 2088 626 2165 τῶν
665 2111 844 2182 λόγοις
870 2088 1066 2173 αὐτοὺς
1094 2088 1636 2179 καταπολεμούντων,
1676 2107 1812 2177 μήτε
1842 2088 1948 2158 ὑπὸ

379 2203 488 2259 τῶν
515 2204 582 2258 δι’
614 2204 791 2277 ἔργων
833 2203 932 2269 τὰς
970 2203 1086 2255 κατ’
1121 2202 1297 2267 αὐτῶν
1341 2198 1590 2272 μηχανὰς
1622 2197 1949 2261 συσκευαζοτ-

381 2297 580 2369 μένων.

446 2387 791 2457 Εὐλοητὸς
817 2388 1050 2456 Κύριος,
1075 2384 1164 2438 ὅτι
1201 2382 1626 2452 ἐθαυμάστωσε
1664 2381 1731 2436 τὸ
1778 2382 1946 2445 ἕλεος

379 2476 566 2535 αὐτοῦ
902 2452 1212 2547 περιοχῆς.
1245 2475 1345 2528 Διὰ
1376 2474 1643 2529 τοσούτων
1681 2474 1780 2545 τὴν
1811 2452 1959 2544 πρὸς

380 2570 472 2624 τὸν
501 2570 632 2624 Θεὸν
671 2569 907 2634 ἔντευξιν
958 2568 1323 2638 πεποιημένος
1366 2569 1395 2622 ὁ
1435 2564 1943 2637 ἐξομολογούμενος,

380 2662 474 2714 ἐπὶ
499 2662 734 2732 χρηστὸν
782 2660 1112 2733 περιγράφει
1144 2660 1295 2724 τέλος
1339 2660 1430 2712 τὸν
1482 2658 1674 2726 λόγον,
1714 2654 1950 2722 εὐλογῶν

378 2751 470 2803 τὸν
504 2752 669 2817 Θεὸν,
707 2751 797 2805 ὅτι
838 2749 1266 2819 ἐθαυμάστωσε
1322 2750 1390 2803 τὸ
1432 2751 1604 2815 ἕλεος
1655 2749 1841 2805 αὐτοῦ
1881 2750 1949 2803 ἐν

378 2843 551 2895 πόλει
568 2841 873 2910 περιοχῆς*
899 2841 1034 2912 ὅπερ
1049 2841 1077 2891 ὁ
1089 2840 1160 2895 Σύ
1170 2858 1381 2912 μμαχος
1394 2842 1733 2913 ἡρμήνευσεν
1754 2838 1947 2902 οὕτως’

381 2931 724 3001 Εὐλογητὸς
756 2933 967 3000 Κύριος
992 2935 1023 2985 ὀ
1058 2931 1419 3000 παραδείξας
1460 2931 1526 2984 τὸ
1563 2930 1734 2996 ἕλεος
1763 2929 1949 2983 αὐτοῦ

381 3022 532 3091 ἐμοὶ,
562 3022 642 3088 ὡς
673 3023 740 3075 ἐν
769 3024 939 3076 πόλει
983 3021 1522 3093 περιπεφραγιιιένῃ.
1554 3024 1630 3075 Δι’
1658 3020 1791 3093 ἐμοῦ
1817 3020 1945 3092 γὰρ,

385 3114 567 3186 φησὶν,
601 3116 630 3168 ὁ
667 3114 799 3177 θεὸς
843 3114 1120 3185 ἐδοξάσθη,
1150 3116 1251 3177 ὅτι,
1280 3114 1485 3186 μυρίων
1524 3115 1609 3169 ἐπ’
1648 3114 1746 3185 ἐμὲ
1791 3113 1948 3173 πολε·
1976 3142 2019 3201 C

384 3206 521 3276 μίων
565 3205 874 3259 συστάντων
898 3246 912 3271 ,
967 3210 1060 3265 καὶ
1104 3206 1258 3278 δίκην
1314 3206 1555 3278 μεγάλης
1601 3207 1806 3270 πόλεως
1848 3205 1948 3278 τὴν

311 3318 317 3323 ·
382 3296 522 3368 ἐμὴν
548 3296 725 3369 ψυχὴν
757 3296 1063 3369 πολιορκεῖν
1088 3298 1524 3368 πεπειραμένων,
1546 3299 1574 3351 ὁ
1601 3297 1730 3369 ἐμὸς
1754 3295 1946 3368 φύλαξ,

381 3389 630 3459 φραγμόν
662 3407 752 3461 μοι
782 3389 1110 3462 περιϐαλὼν,
1142 3389 1203 3444 τὸ
1248 3390 1393 3454 ἔλεος
1434 3388 1599 3443 αὐτοῦ
1640 3388 1948 3461 θαυμαστὸν

379 3477 599 3543 ἔδειξεν,
634 3478 776 3533 οὕτω
810 3497 877 3552 με
914 3479 1092 3545 σώσας
1124 3480 1254 3535 ὡσεὶ
1292 3482 1385 3536 καὶ
1419 3481 1568 3535 πόλιν
1595 3481 1764 3553 τείχει
1797 3499 1949 3554 περιο

379 3565 720 3638 ϐεϐλημένην
784 3567 983 3639 ὀχυρῷ.
1036 3569 1286 3635 Τοιοῦτος
1312 3571 1389 3623 ’δέ
1437 3588 1525 3643 μοι
1579 3572 1807 3641 γέγονας
1826 3575 1891 3627 σὺ
1920 3576 1949 3628 ὁ

378 3655 510 3727 ἐμὸς
542 3656 764 3729 Κύριος,
791 3660 1026 3729 ὁπηνίκα
1052 3661 1211 3724 αὐτὸς
1240 3661 1471 3731 ἐμαυτὸν
1496 3664 1772 3726 ταπεινῶν
1798 3666 1856 3718 ἐν
1880 3668 1946 3736 τῇ

377 3746 647 3821 γενομένῃ
682 3765 772 3818 μοι
799 3749 1073 3813 ἐκστάσει,
1115 3751 1172 3803 ἐν
1296 3750 1591 3820 ἐταράχθη
1616 3753 1686 3805 ἐν
1722 3752 1885 3822 θυμῷ
1916 3757 1951 3808 ό

380 3838 684 3908 ὀφθαλμός
696 3856 816 3908 μου
834 3840 932 3894 καὶ
952 3842 991 3909 ἡ
1019 3840 1186 3910 ψυχή
1215 3859 1354 3910 μου,
1376 3842 1476 3896 καὶ
1499 3846 1537 3911 ἡ
1565 3845 1792 3915 γαστήρ
1808 3865 1946 3915 μου.

378 3929 494 3989 Οὐκ
534 3930 847 4001 ἐπετρίϐην,
884 3931 996 3985 ἀλλ’
1029 3933 1342 3985 ἐταπείνουν
1384 3935 1637 4004 ἐμαυτὸν,
1670 3936 1744 3999 ὡς
1783 3939 1952 4009 amp-

385 4018 566 4099 ριφεὶς
592 4021 700 4073 άπὸ
730 4020 839 4073 τῶν
884 4022 991 4076 σῶν
1018 4022 1310 4095 ὀφθαλμῶν
1342 4024 1429 4079 διὰ
1472 4025 1569 4097 τὴν
1600 4027 1738 4098 ἐμὴν
1768 4031 1949 4101 ἁμαρ-

382 4109 522 4162 τίαν.
564 4108 723 4162 Ἀλλὰ
745 4108 915 4163 ταῦτα
941 4109 1050 4180 ἐγὼ
1086 4114 1182 4182 μὲν
1218 4112 1398 4181 ἔλεγον
1433 4116 1944 4187 ἐξομολογούμενος·

386 4202 449 4252 σὺ
482 4199 537 4253 δὲ
569 4200 947 4273 φιλάνθρωπος
975 4220 1069 4255 και
1106 4205 1308 4273 ἀγαθὸς
1338 4206 1490 4271 Θεὸς,
1516 4209 1614 4261 οὐκ
1642 4209 1949 4279 ἀπέρριψας

380 4288 472 4343 τὸν
501 4289 592 4343 σὸν
622 4290 857 4361 οἰκέτην,
889 4291 1023 4345 ἀλλὰ
1049 4294 1190 4346 κατὰ
1228 4296 1325 4366 τὴν
1358 4297 1683 4365 ἐπαγγελίαν
1719 4299 1814 4370 τὴν
1842 4300 1948 4369 φά-

386 4394 650 4433 σκουσαν’
688 4379 865 4434 Ὅταν
891 4382 1301 4452 ἀποστραφεὶς
1317 4385 1634 4455 στενάξῃς,
1666 4390 1798 4441 τότε
1835 4403 1949 4442 σω-

2048 1925 2300 1982 guarum,
2330 1916 2390 1963 ut
2418 1908 2554 1964 nihil
2587 1907 2857 1963 laedantur
2885 1904 2967 1959 vel
2993 1903 3062 1957 ah
3082 1902 3150 1956 iis
3182 1899 3276 1970 qui
3301 1899 3451 1970 ipsas
3492 1911 3617 1952 ver—-

2048 2001 2134 2057 bis
2159 2002 2503 2071 impngnant,
2543 2000 2630 2054 vel
2677 1998 2747 2053 ab
2793 1997 2862 2051 iis
2912 1992 3324 2079 quipmarchinas
3352 2002 3483 2054 suas
3512 1984 3615 2041 adq

2049 2109 2243 2157 vet‘Sus
2274 2094 2403 2150 illas,
2426 2093 2728 2156 instruunt.

2119 2380 2286 2437 Vitas.
2317 2377 2745 2435 %.Benedictus
2773 2377 3053 2442 Dominus,
3071 2374 3322 2447 quoniam
3350 2370 3647 2439 mirifich

2048 2473 2121 2528 vit
2143 2470 2558 2529 misericordiam
2579 2487 2732 2525 suam
2760 2471 2815 2523 in
2841 2469 3049 2523 civitate
3093 2463 3425 2521 munitionis.
3468 2459 3635 2515 Post-.

2050 2579 2213 2635 quam
2244 2560 2558 2618 confitendo
2593 2567 2676 2616 tot
2702 2559 2885 2615 verbis
2906 2559 3077 2614 Deum
3108 2554 3476 2626 compellavit,
3500 2567 3651 2635 sera,

2049 2669 2267 2709 nionem
2316 2667 2478 2710 suum
2514 2659 2824 2723 opportuno
2855 2660 2911 2705 et
2952 2649 3097 2704 bono
3124 2645 3358 2702 termino
3384 2631 3649 2712 claudit,“

2049 2744 2427 2800 benedicendo
2462 2742 2659 2806 Deum,
2692 2741 2942 2812 quoniam
2980 2737 3286 2807 miriﬁcavit
3317 2735 3618 2788 misericor-

2048 2836 2195 2890 diam
2224 2852 2377 2890 suam
2430 2835 2486 2890 in
2536 2835 2746 2889 civitate
2805 2829 3153 2885 munitionis:
3180 2824 3325 2899 quod
3378 2824 3653 2894 Symma-,

2049 2929 2187 2984 chus
2219 2929 2299 2984 sic
2319 2929 2714 2999 interpretatus
2739 2932 2854 2981 est:
2888 2922 3199 2978 Benedictus
3224 2919 3505 2980 Dominus,
3530 2916 3651 2987 qui,

2050 3020 2275 3075 ostendit
2297 3020 2426 3074 mihi
2445 3017 2861 3074 misericordiam
2899 3032 3073 3081 suam,
3104 3012 3259 3083 quasi
3300 3012 3354 3064 in
3403 3009 3619 3062 civitate

2050 3112 2277 3169 munita.
2321 3110 2426 3166 Per
2454 3126 2541 3166 me
2569 3110 2788 3181 quippe,
2830 3108 2928 3171 ait,
2960 3105 3106 3161 Deus
3132 3100 3470 3174 gloriﬁcatus
3513 3109 3618 3161 εει,

2051 3199 2179 3270 quia
2207 3199 2602 3272 propemodum
2647 3198 2877 3254 inﬁnitis
2913 3195 3161 3257 collectis
3202 3192 3474 3253 hostibus,
3501 3188 3622 3242 auia

2051 3306 2307 3363 mamque
2362 3306 2538 3348 meam
2592 3306 2690 3346 ceu
2747 3303 3007 3361 magnam
3047 3284 3326 3345 civitatem
3371 3281 3650 3337 obsidere.

2050 3385 2407 3448 conantibus,
2439 3391 2626 3440 custos
2653 3384 2744 3439 ille
2790 3397 2944 3437 meus
2975 3378 3130 3448 se‘pto
3167 3392 3255 3432 me
3285 3376 3621 3430 circummu-

2049 3478 2231 3545 niens,
2285 3477 2721 3534 misericordiam
2781 3488 2937 3534 suam
2997 3470 3302 3527 mirabilem
3351 3465 3619 3529 exhibuit.

2051 3578 2215 3641 atque
2244 3571 2321 3626 ita
2351 3584 2439 3625 me
2466 3568 2707 3624 servavit
2740 3564 2965 3637 perinde
2993 3571 3157 3633 atque
3194 3561 3472 3615 civitatem
3508 3555 3649 3611 for-_

2049 3661 2266 3723 tissimo
2318 3675 2480 3715 muro
2505 3661 2733 3728 fcircum
2781 3658 3126 3712 instructam.
3164 3651 3314 3709 Talis
3361 3658 3506 3722 erga‘
3535 3662 3625 3705 me

2051 3750 2228 3818 fuisti,
2259 3751 2489 3813 Domine
2533 3751 2629 3817 mi,
2672 3750 2894 3821 quando
2927 3747 3308 3818 memetipsum
3338 3741 3621 3798 humiliari

2050 3844 2109 3900 in
2141 3859 2374 3900 excessu
2416 3843 2619 3897 mentis
2652 3855 2808 3906 mea).
2848 3855 2957 3912 quo
2993 3837 3339 3896 conturbatus
3369 3844 3447 3890 est
3471 3834 3624 3887 inira

2051 3935 2233 3991 oculus
2286 3949 2454 3997 meus,
2502 3933 2685 3993 anima
2739 3948 2858 3986 mea
2903 3922 2954 3986 et
3003 3942 3181 3986 uenter
3220 3946 3388 3984 meus.
3437 3926 3624 3996 Neque

2050 4035 2184 4082 tunc
2234 4023 2659 4097 procrastinavi,
2716 4022 2814 4078 sed
2869 4021 3253 4091 memetipsum
3313 4016 3623 4082 humiliavi,

2050 4117 2210 4189 quasi
2250 4115 2462 4187 peccati
2492 4115 2600 4171 mei
2646 4128 2814 4167 causa
2845 4111 3125 4183 projectus
3159 4110 3231 4167 ab
3257 4110 3433 4165 oculis
3481 4108 3616 4164 tuis.

2050 4209 2118 4264 Et
2155 4210 2270 4263 haec
2307 4206 2530 4277 quidem
2560 4204 2873 4260 conﬁtendo
2896 4202 3009 4257 dixi
3036 4220 3050 4255 :
3080 4199 3161 4255 Tu
3194 4214 3322 4255 vero
3347 4198 3622 4252 humanus

2049 4302 2339 4371 bonusque
2371 4302 2535 4362 Deus,
2564 4312 2652 4353 me
2683 4295 3045 4352 domesticum
3076 4301 3230 4348 tuum
3272 4305 3378 4345 non
3411 4287 3618 4357 abjecic

2052 4394 2159 4461 sti,
2195 4393 2289 4449 sed
2320 4390 2621 4448 secundum
2649 4388 3065 4460 promissionem
3099 4388 3282 4451 istam,
3316 4382 3450 4440 Cum
3496 4397 3621 4435 coa-

384 4467 568 4538 θήσῃ·
603 4470 777 4525 ταῦτα
824 4473 959 4544 ἐμοῦ
1012 4474 1261 4544 λέγοντος
1310 4479 1670 4549 εἰσήκουσας,
1714 4481 1807 4534 καὶ
1858 4479 1945 4534 διὰ

2048 4501 2226 4541 uersus
2258 4483 2747 4554 ingemueris,‘tunc
2772 4478 2998 4534 salutem
3020 4477 3274 4532 obtinebis
3291 4475 3360 4539 ⁸⁸,
3389 4487 3476 4527 me
3504 4472 3625 4526 limo

382 4557 539 4613 τοῦτο
568 4560 1037 4631 ἑθαυμάστωσας
1062 4563 1129 4617 τὸ
1165 4566 1337 4632 ἔλεός
1376 4583 1491 4622 σου
1522 4566 1649 4637 ἐμοὶ
1676 4568 1746 4621 ἐν
1776 4569 1949 4623 πόλει

382 4651 685 4722 περιοχῆς.

751 4765 840 4818 ΤΩ
876 4765 1072 4819 ΔΑΥΙΔ
1098 4767 1445 4823 ΣΥΝΕΣΕΩΣ
1479 4771 1602 4825 ΛΑ’.

453 4852 738 4921 Μακάριοι
767 4849 853 4911 ὧν
881 4858 1193 4926 ἀφέθησαν
1217 4862 1274 4913 αἱ
1299 4861 1553 4931 ἀνομίαι,
1573 4865 1670 4918 καὶ
1694 4858 1782 4918 ὧν
1809 4865 1951 4920 ἑπε-,

386 4943 785 5011 καλύςρθησαν
825 4950 883 5000 al
916 4948 1210 5016 ἁμαρτίαι.
1242 4948 1418 5003 Πολλὰ
1458 4951 1713 5018 κακώσας
1760 4955 1951 5008 ἑαυτὸν

386 5032 477 5087 ἐπὶ
500 5031 577 5103 τῷ
606 5033 971 5106 συμϐεϐηκότι
999 5038 1427 5111 πλημμελήματι
1455 5043 1483 5095 ὁ
1508 5042 1698 5110 Δαυῒδ,
1729 5045 1825 5098 καὶ
1852 5045 1951 5111 τὰς

385 5125 473 5179 διὰ
501 5125 595 5179 τοῦ
616 5128 939 5198 τριακοστοῦ
974 5130 1155 5197 φωνάς
1182 5133 1505 5211 προέμενος,
1535 5136 1832 5207 φροντίζων
1858 5140 1953 5193 καὶ

385 5217 630 5286 ἀγωνιῶν
648 5218 744 5290 τὴν
757 5219 849 5273 τοῦ
866 5220 998 5274 Θεοῦ
1019 5222 1217 5295 κρίσιν,
1235 5224 1319 5294 ἐφ’
1336 5218 1415 5290 οἷς
1438 5226 1599 5292 αὐτὸς
1620 5228 1796 5301 ἐαυτῷ
1823 5247 1963 5285 συνο,

386 5307 631 5377 εγνώκει·
650 5306 764 5365 εἶτα
782 5310 862 5382 τῷ
873 5312 1010 5365 Πνεύ
1020 5331 1146 5383 ματι
1167 5314 1242 5386 τῷ
1263 5316 1402 5386 ἁγιῳ
1418 5317 1511 5370 καὶ
1538 5321 1605 5391 τῇ
1630 5320 1854 5392 δυνάμει
1879 5325 1945 5393 τῇ

388 5404 690 5474 προφητικῇ
722 5402 819 5474 τὴν
851 5403 945 5469 διὰ,
968 5404 1067 5475 τῆς
1108 5409 1371 5479 σωτηρίου
1404 5410 1622 5481 χάριτος
1654 5411 1949 5482 μέλλουσαν

386 5491 600 5547 ἔσεσθαι
629 5496 795 5548 πᾶσιν
836 5495 1143 5568 ἀνθρώποις
1176 5498 1522 5572 συγχώρησιν
1559 5501 1666 5555 τῶν
1700 5503 1948 5575 άμαρτηο

391 5584 575 5666 μάτων
614 5587 887 5656 ἐπιγνοὺς,
936 5588 1028 5642 καὶ
1067 5588 1143 5653 ὡς
1172 5589 1222 5642 οἱ
1267 5589 1325 5656 ἐξ
1362 5590 1528 5645 ἐθνῶν
1568 5592 1946 5668 εἰδωλολάτραι

459 5762 507 5799 ’³
542 5760 697 5827 Rom.
736 5781 805 5833 ιι,
839 5766 893 5822 4.
969 5766 1016 5802 ’⁸
1054 5764 1250 5827 Ezecli.
1284 5784 1493 5837 xum,
1528 5770 1631 5833 12,

2053 4575 2324 4631 dicentem
2349 4574 2641 4637 exandisti,
2683 4579 2739 4627 et
2766 4581 3053 4643 propterea
3083 4566 3385 4638 miriﬁcasti
3412 4563 3622 4625 miseri-

2051 4667 2290 4730 cordiam
2327 4677 2472 4721 tuam
2506 4665 2634 4724 mihi
2660 4666 2715 4719 in
2752 4665 2961 4718 civitate
2985 4658 3329 4721 munitionisa

2283 4776 2412 4833 IPSl
2450 4775 2657 4832 DAVID
2695 4769 3172 4829 lNTELLECTUS
3206 4764 3400 4822 XXXI;

2126 4869 2294 4926 Vens.
2338 4870 2391 4925 1.
2423 4869 2577 4924 Beati
2603 4883 2826 4937 quorum
2869 4867 3103 4922 remissa:
3130 4868 3251 4915 sunt
3296 4855 3619 4927 iniquitates,

2055 4971 2105 5017 et
2156 4977 2378 5033 quorum
2414 4968 2549 5014 tecta
2600 4966 2721 5012 sunt
2765 4963 3002 5027 peccata.
3054 4951 3350 5021 Postquam
3391 4960 3489 5018 pro
3522 4945 3619 5000 ad-

2055 5055 2228 5111 misso
2259 5053 2466 5110 scelere
2499 5066 2620 5108 sese
2648 5048 2821 5105 David
2858 5047 3088 5103 multum
3115 5043 3399 5105 aﬂlixerat,
3429 5049 3620 5092 voces-

2053 5160 2161 5215 que
2204 5144 2259 5198 in
2294 5143 2503 5215 psalmo
2546 5140 2825 5197 tricesimo
2870 5137 3080 5210 positas
3129 5134 3410 5197 emiserat,
3444 5128 3512 5183 de
3535 5125 3623 5197 ju-

2055 5235 2199 5290 dicio
2228 5234 2322 5289 Dei
2359 5249 2456 5304 pro
2492 5234 2560 5289 iis
2586 5246 2826 5302 quorum
2864 5228 2971 5284 sibi
3003 5225 3260 5281 conscius
3302 5226 3421 5276 erat
3468 5217 3622 5275 solli.

2055 5324 2237 5391 citus;
2264 5339 2470 5396 gnarus
2492 5325 2622 5378 item
2644 5338 2713 5381 ex
2745 5319 2948 5391 Spiritu
2970 5323 3164 5372 sancto
3194 5320 3357 5383 atquc
3393 5324 3458 5365 ex
3488 5321 3619 5378 pro-

2054 5417 2268 5488 phetica
2299 5417 2391 5471 illa
2439 5417 2663 5481 virtute,
2695 5411 3039 5470 remissionis
3088 5413 3439 5480 peccatorum
3489 5414 3625 5472 quas.

2052 5524 2149 5579 per
2175 5508 2467 5565 salutarem
2493 5507 2724 5578 gratiam
2747 5504 3061 5560 hominibus
3083 5494 3428 5558 concedenda
3461 5499 3581 5579 erat
3597 5507 3629 5554 ξ,

2051 5614 2257 5679 gnarus
2289 5599 2418 5654 item
2453 5586 2770 5655 idololatras
2822 5605 2877 5652 et
2910 5594 3100 5655 atheos
3145 5587 3418 5651 sexcentis
3458 5578 3653 5649 maliis.
