4100 6386
444 280 547 343 979

1105 279 1374 336 EUSEBII
1410 282 1890 341 CAESARlENSlS
1929 286 2020 344 ΟΡ

2127 287 2301 344 PARS
2333 288 2426 346 lli.
2470 319 2535 332 -ο
2572 290 2983 359 EXEGETiCA.

3596 299 3703 358 280

442 402 558 460 sive
590 394 658 452 ad
692 394 908 451 Patrem
954 394 1197 452 deducit.
1253 396 1402 455 Loco
1448 405 1628 454 autem
1671 401 1848 469 illius,
1896 400 2020 456 Fir-

2127 403 2275 469 τέλος
2303 406 2365 459 τὸ
2383 407 2804 479 τρισμακάριον,
2836 409 2930 464 τὸν
2973 410 3168 465 ἑαυτοῦ
3195 409 3432 483 Πατέρα.
3472 410 3618 467 ’Δντὶ
3642 415 3701 469 δὲ

443 489 596 549 umbo
625 506 781 559 super
809 498 857 543 te
884 489 1064 543 oculos
1088 506 1249 553 meos,
1275 488 1641 562 Symmachus
1666 494 1847 560 habet,
1880 493 2019 550 Con-

442 581 648 637 sultabo
670 582 734 634 de.
764 592 813 635 te
835 582 985 636 oculo
1019 598 1153 636 meo.
1180 581 1319 649 Quia
1349 585 1496 639 enim
1527 587 1668 640 oculi
1695 586 1905 641 Domini
1931 604 2024 642 su-

433 690 527 743 per
562 674 763 744 justas,
799 683 849 729 et
876 691 1031 729 aures
1064 679 1178 745 ejus
1221 675 1292 729 ad
1324 692 1500 745 preces
1567 696 1748 733 eorum
1773 681 1857 747 ”;
1902 698 2019 737 me-

440 770 546 827 rito
584 783 710 831 eum
760 769 852 839 qui
899 768 1027 823 talia
1084 777 1337 839 precatus
1392 778 1518 833 est,
1570 771 1735 827 oeulo
1765 774 2023 843 dignatur

2121 498 2237 562 τοῦ,
2287 499 2638 569 Ἐπιστηριῶ
2683 502 2784 555 ἐπὶ
2825 502 2900 556 σὲ
2945 502 3089 570 τοὺς
3155 505 3500 575 ὀφθαλμούς
3558 523 3700 576 μου,

2121 592 2151 645 ὁ
2190 593 2518 663 Σύμμαχος,
2562 596 3012 665 Βουλεύσομαι,
3066 597 3229 667 φησι,
3279 597 3411 665 περὶ
3455 593 3574 650 σοῦ
3622 595 3704 663 τῷ

2124 684 2410 754 ὀφθαλμῷ
2438 702 2578 754 μου.
2618 686 2836 757 Ἐπειδὴ
2880 688 2988 759 γὰρ
3021 689 3312 758 ὀφθαλμοὶ
3351 690 3571 758 Κυρίου
3603 690 3701 746 ἐπὶ

2125 774 2420 843 δικαίους,
2450 778 2549 832 καὶ
2576 774 2695 832 ὦτα
2724 780 2910 833 αὐτοῦ
2943 783 3031 847 είς
3060 780 3273 848 δέησιν
3289 780 3488 836 αὐτῶν
3510 801 3524 815 ·
3561 781 3705 836 εικό-

441 876 573 927 suo,
628 867 689 915 ut
718 860 889 916 radiis
929 860 1037 916 illis
1082 875 1147 914 ex
1192 861 1381 915 divino
1412 863 1572 917 oculo
1620 864 1839 921 emissis
1892 867 2009 920 illu-

443 958 644 1006 stratus
670 959 884 1013 mente,
914 948 1055 1002 viam
1099 958 1290 1003 cernat
1323 951 1425 1005 sibi
1459 952 1804 1021 promissam.
1840 954 2021 1021 Quare

2125 886 2233 933 τως
2258 869 2348 922 τὸν
2380 870 2617 925 τοσαῦτα
2640 872 2912 943 ηὑγμένον
2942 871 3187 932 καταειοῑ
3204 874 3299 928 τοῦ
3341 875 3471 929 ίδίου
3503 872 3705 945 ὀφθαλ-

2129 960 2253 1030 μοῦ,
2285 962 2453 1027 ὅπως,
2488 965 2553 1017 ὲκ
2587 964 2696 1016 τῶν
2751 966 3093 1035 φωτιστικῶν
3130 966 3306 1021 αὑτῶν
3353 965 3463 1020 τῶν
3497 967 3561 1021 ὲκ
3606 965 3704 1022 τοῦ

442 1042 584 1105 oculi
618 1041 832 1096 Domini
867 1057 973 1096 non
1007 1057 1173 1112 super
1199 1058 1390 1099 onmes
1415 1084 1430 1107 ,
1491 1044 1585 1098 sed
1640 1060 1796 1115 super
1841 1047 2018 1116 justas

2127 1050 2272 1105 θείου
2297 1055 2577 1126 ὀφθαλμοῦ
2606 1058 2972 1129 πεμπομένων
2999 1059 3287 1128 φωτισθεὶς
3315 1059 3413 1130 τὴν
3443 1058 3704 1125 διάνοιαν,

441 1142 684 1200 tantum;
720 1148 846 1187 nam
875 1133 943 1188 ab
972 1133 1155 1203 impiis
1185 1134 1377 1188 oculos
1418 1149 1550 1189 suos
1590 1136 1803 1191 avertit.

2127 1144 2221 1217 τὴν
2258 1146 2375 1201 ὁδὸν
2420 1147 2680 1221 θεάσηται
2722 1150 2822 1221 τὴν
2857 1151 3268 1223 ἐπηγγελμένην
3299 1149 3465 1222 αὑτῷ.
3507 1151 3705 1224 Διόπερ

443 1222 700 1301 ξφθαλμοὶ
742 1227 949 1299 Κυρίου
997 1229 1097 1281 οὑκ
1140 1227 1231 1282 ἐπὶ
1268 1229 1498 1292 πάντας,
1549 1228 1663 1283 ἀλλ’
1699 1229 1798 1282 ἐπὶ
1837 1230 2031 1300 μόνους
2067 1238 2211 1305 τοὺς
2257 1239 2528 1309 δικαίους
2556 1259 2569 1274 °
2605 1244 2717 1297 ἀπὸ
2765 1242 2874 1315 γὰρ
2936 1244 3045 1298 τῶν
3102 1242 3314 1298 ἀσεϐῶν
3369 1222 3705 1313 ἀποστρέφει

446 1320 562 1387 τοὺς
593 1319 788 1373 ἑαυτοῦ
823 1319 1156 1391 ὀφθαλμούς.

508 1412 675 1473 VERS.
711 1417 796 1471 Η.
824 1416 1106 1471 ιιειαηιίιιὶ
1134 1419 1187 1471 in
1217 1415 1439 1472 Domino
1469 1428 1516 1471 et
1557 1420 1837 1483 exsultate,
1861 1421 2020 1489 justi,

2202 1424 2593 1494 Εὐφράνθητε
2637 1425 2737 1479 ἐπὶ
2761 1429 2981 1495 Κύριον
3030 1428 3128 1482 καὶ
3182 1428 3575 1497 ἀγαλλιᾶσθε.
3619 1431 3707 1485 δί-

442 1517 486 1563 ει
515 1508 843 1580 gloriamini,
873 1527 1047 1565 omnes
1078 1513 1207 1564 recti
1246 1511 1422 1565 corde.
1455 1509 1751 1581 Postquam
1782 1528 2020 1581 respon-

2131 1532 2308 1580 καιοι,
2338 1516 2436 1570 καὶ
2465 1518 2797 1587 καυχᾶσθε,
2828 1520 3048 1586 πάντες
3075 1522 3127 1573 οἱ
3156 1519 3349 1585 εὐθεῖς
3378 1519 3451 1588 τῇ
3472 1520 3701 1591 καρδίᾳ.

443 1599 649 1654 sionem
677 1599 744 1655 ad
780 1611 1089 1671 precantem
1132 1616 1315 1656 sermo
1345 1602 1640 1668 conclusit,
1682 1611 1807 1671 post
1853 1618 2020 1673 supra

2129 1606 2482 1677 Περιγράψας
2513 1609 2542 1660 ό
2583 1608 2740 1676 λόγος
2784 1610 2883 1680 τὴν
2912 1609 3049 1681 πρὸς
3099 1610 3190 1662 τὸν
3234 1609 3528 1679 εὐξάμενον
3570 1612 3698 1666 ἁπό-

441 1690 709 1746 dictorum
762 1692 1185 1762 promissionem
1215 1734 1230 1757 ,
1281 1692 1348 1746 ad
1400 1708 1692 1751 commune
1737 1693 2020 1751 hominum

2127 1713 2340 1767 κρισιν.
2379 1698 2845 1770 ὲπαγγειλάμενός
2886 1716 2944 1752 τε
2983 1698 3132 1769 αὑτῷ
3170 1699 3238 1752 τά
3278 1699 3703 1771 προλελεγμένα,

441 1797 612 1854 genus
639 1798 821 1839 sermo
858 1783 1189 1838 transfertur
1218 1804 1233 1840 :
1265 1786 1394 1853 quia
1425 1786 1495 1839 ob
1527 1787 1635 1842 vim
1670 1787 1875 1841 amoris
1901 1787 2017 1842 vult

2130 1786 2444 1857 μεταϐαίνει
2495 1788 2587 1840 ἐπὶ
2647 1789 2710 1841 τὸ
2769 1788 2947 1841 κοινὸν
2998 1788 3106 1841 τῶν
3163 1786 3466 1858 ἀνθρώπων
3521 1788 3703 1856 γένος,

441 1887 631 1931 omnes
662 1873 891 1928 salutem
933 1874 1204 1929 obtinere.
1248 1873 1479 1946 Ipseque
1522 1875 1689 1930 David
1730 1884 2019 1945 postquam

440 1965 836 2021 confessionem
873 1982 1027 2021 suam
1073 1967 1335 2031 absolvit,
1371 1968 1515 2024 felici
1553 1970 1915 2039 responsione
1958 1985 2022 2026 ac

440 2057 830 2128 pollicitatione
860 2058 1121 2124 donatus,
1157 2075 1222 2113 ex
1266 2060 1315 2113 vi
1350 2059 1532 2129 gaudii
1584 2062 1811 2131 reliquis
1856 2062 2022 2117 etiam

438 2150 756 2207 hominibus
798 2151 991 2209 istbmc
1033 2151 1403 2207 emolumenta
1456 2153 1752 2209 conciliare
1800 2154 2020 2223 satagit.

442 2239 723 2299 lnrtmnini
774 2244 827 2297 in
870 2243 1098 2299 Domino
1131 2253 1179 2298 et
1217 2245 1500 2310 ersnltate,
1528 2245 1687 2314 justi,
1739 2254 1788 2299 et
1821 2246 2025 2316 gloria-

441 2334 597 2397 mini,
633 2350 811 2389 omnes
861 2334 989 2388 recti
1033 2334 1208 2389 corde.
1259 2333 1726 2400 Quemadmodum
1771 2344 2023 2404 peccato-

443 2440 563 2477 mn
606 2423 787 2478 ordini
822 2423 888 2478 ad
926 2425 1210 2479 sinistram
1257 2425 1457 2494 posito,
1493 2433 1886 2495 congruentem
1926 2425 2025 2482 tle-

442 2515 520 2567 ilit
552 2514 1000 2578 admonitionem,
1033 2515 1342 2586 exemplum
1375 2530 1497 2570 sese
1530 2517 1779 2586 prvebeus
1823 2517 1890 2571 iis
1928 2516 2022 2586 qui

441 2623 469 2673 β
507 2608 746 2678 peccatis
789 2616 1222 2675 convertuntur;
1270 2608 1353 2661 sic
1392 2608 1556 2681 etiam
1598 2608 1766 2677 justis
1802 2610 2023 2679 propria

441 2704 542 2758 sibi
577 2718 643 2759 ac
668 2703 1048 2759 conveniemia
1090 2704 1380 2757 annuntiat
1411 2703 1464 2757 in
1496 2703 1786 2772 praesenti,
1820 2703 2020 2767 cohor-

438 2803 564 2857 tans
600 2795 723 2851 illos
766 2802 823 2849 ut
855 2796 922 2851 de
956 2796 1104 2851 nulla
1145 2803 1489 2859 terrenarum
1535 2809 1719 2849 rerum
1750 2796 2020 2869 laetentur,

438 2889 533 2959 sed
567 2888 635 2959 de
659 2886 889 2943 Domino
916 2888 1205 2959 magnifice
1237 2889 1502 2950 sentiant,
1534 2895 1589 2942 et
1614 2887 1681 2943 de
1703 2893 1856 2940 tanto
1878 2887 2021 2941 bono

439 2983 713 3054 gaudeant
744 2991 799 3038 et
841 2968 1135 3047 exsultent.
1173 2979 1283 3035 Sed
1327 2981 1517 3042 etiam,
1551 2979 1641 3047 qui
1667 2979 1939 3048 gloriatur
1966 2981 2022 3033 in

438 3078 667 3142 Domino
696 3076 971 3147 glorietur,
1017 3073 1095 3126 ait
1124 3072 1421 3144 Apostolus
1448 3071 1487 3123 ¹.
1515 3069 1646 3139 lure
1693 3071 1877 3141 itaque
1918 3072 2022 3126 hoc

2125 1880 2191 1933 δι’
2223 1881 2528 1953 ὑπερϐολὴν
2559 1881 2971 1954 φιλανθρωπίας
3006 1882 3213 1945 πάντας
3247 1880 3565 1952 βουλόμενος
3604 1898 3709 1935 σω-

2127 1974 2305 2043 θῆναι.
2324 1974 2432 2027 Καὶ
2455 1975 2615 2039 αὑτὸς
2646 1974 2702 2027 δὲ
2733 1975 2761 2026 ὁ
2791 1973 2972 2036 Δαυῒδ,
3002 1971 3362 2045 προσδιελθὼν
3392 1973 3489 2043 τὴν
3516 1971 3709 2028 ἑαυτοῦ

2128 2064 2533 2135 ἐξομολόγησιν,
2572 2066 2756 2129 αἰσίας
2789 2082 2848 2117 τε
2880 2064 3223 2135 ἀποκρίσεως
3253 2064 3346 2116 καὶ
3377 2063 3709 2132 ἐπαγγελίας

2126 2154 2503 2220 καταξιωθεὶς,
2523 2155 2580 2221 ἐξ
2599 2155 2834 2227 ὑπερόαλ
2845 2155 3042 2226 λούσης
3063 2157 3236 2227 χαρᾶς
3258 2156 3352 2208 καὶ
3375 2157 3485 2219 τοῖς
3505 2154 3709 2221 λοιποῖς

2128 2247 2438 2320 ἀνθρώποις
2472 2248 2722 2319 προξενεῖ
2758 2247 2827 2299 τὰ
2863 2246 2963 2315 τῆς
2999 2246 3287 2315 ὡφελείας.
3321 2247 3709 2316 Εὐφράνόητε

2128 2338 2225 2393 ἐπὶ
2265 2338 2484 2403 Κύριον
2512 2337 2612 2391 καὶ
2655 2334 3053 2406 ἀγαλλιᾶσθε,
3094 2335 3327 2397 δίκαιοι,
3360 2335 3458 2388 καὶ
3488 2332 3711 2402 καυχᾶρ

2127 2431 2239 2483 σθε
2271 2427 2495 2493 πάντες
2529 2430 2580 2480 οί
2614 2425 2809 2493 εὐθεῖς
2850 2425 2923 2494 τῇ
2960 2426 3191 2495 καρδίᾳ.
3240 2427 3451 2496 ’Ὠσπερ
3473 2424 3552 2494 τῷ
3590 2425 3715 2496 app.

2130 2519 2305 2592 στερῷ
2336 2520 2577 2589 τάγματι
2599 2518 2709 2572 τῶν
2741 2518 3082 2590 ἁμαρτωλῶν
3102 2517 3171 2571 τά
3200 2516 3510 2588 κατάλληλα
3533 2515 3712 2587 παρῄ-

2126 2628 2303 2675 νεσεν,
2327 2612 2518 2666 ἑαυτὸν
2552 2612 2856 2681 ὑπόδειγμα
2879 2609 3173 2681 παρασχὼν
3205 2612 3317 2673 τοῖς
3336 2608 3396 2673 ἐξ
3426 2606 3709 2679 ἁμαρτιῶν

2127 2704 2282 2758 ἑπιστ
2295 2705 2580 2775 ρέφουσιν·
2610 2704 2751 2757 οὑτω
2785 2704 2882 2758 καὶ
2916 2707 3030 2767 τοῖς
3057 2703 3287 2767 δικαίοις
3308 2702 3377 2755 τὰ
3410 2703 3588 2755 οἰκεῖα

2127 2797 2309 2861 αὑτοῖς
2346 2796 2579 2867 ἁρμόδια
2599 2795 3010 2865 εὐαγγελίζεται
3042 2797 3129 2852 διά
3165 2797 3274 2851 τῶν
3310 2796 3707 2869 προκειμένων,

2127 2888 2409 2960 παραινῶν
2442 2889 2624 2951 αὑτοῖς
2673 2888 2764 2941 ἐπὶ
2801 2889 2988 2959 μηδενὶ
3024 2890 3122 2960 μὲν
3155 2889 3264 2942 τῶν
3297 2886 3577 2960 κοσμικῶν
3623 2887 3713 2941 εὑη-

2128 2981 2473 3053 φραίνεσθαι,
2519 2981 2612 3035 ἐπὶ
2652 2982 2708 3035 δὲ
2751 2980 2842 3034 τὸν
2875 2981 3077 3053 Κύριον
3138 2982 3278 3053 μέγα
3319 2982 3564 3053 φρονεῖν,
3614 2976 3713 3034 καὶ

2130 3075 2215 3128 ἐπ’
2245 3072 2392 3144 αὑτῷ
2416 3073 2562 3143 μόνῳ
2585 3073 2991 3145 εὐφραίνεσθαι,
3013 3065 3223 3146 χαίρειν
3243 3091 3303 3126 τε
3327 3074 3422 3128 καὶ
3448 3070 3711 3142 ἁγαλλιᾷν

439 3169 565 3225 loco
594 3168 764 3229 totius
787 3165 1060 3225 sermonis
1104 3165 1262 3219 linem
1296 3162 1425 3217 facit
1460 3161 1546 3218 bis
1579 3162 1784 3231 verbis,
1819 3161 1886 3215 Et
1907 3161 2020 3232 glo-

2127 3167 2217 3219 ἐπὶ
2264 3166 2344 3237 τῷ
2375 3166 2616 3237 τοσούτῳ
2657 3165 2868 3237 ἀγαθῷ.
2910 3165 3072 3219 Ἀλλά
3115 3167 3209 3219 καὶ
3260 3169 3293 3220 ό
3327 3164 3711 3234 καυχώμενος

438 3261 660 3329 ﬂamini
686 3260 739 3313 in
774 3258 890 3322 illo,
934 3273 1111 3321 omnes
1159 3258 1289 3327 recti
1322 3253 1521 3313 corde:
1552 3269 1727 3323 neque
1759 3253 1826 3309 de
1867 3256 2021 3309 vobis

440 3353 577 3422 ipsis
606 3351 892 3422 magniﬁce
921 3348 1193 3407 sentiatis.
1228 3347 1326 3415 sed
1383 3347 1452 3402 de
1506 3345 1629 3417 ipso
1661 3344 1893 3400 Domino
1927 3347 2021 3416 qui

439 3443 596 3500 vobis
624 3443 845 3499 virtutis
877 3442 1056 3498 omnis
1089 3448 1282 3496 auctor
1321 3438 1444 3494 fuit.

2125 3258 2196 3311 ἐν
2220 3260 2413 3326 Κυρίῳ
2445 3257 2790 3328 καυχάσθω,
2809 3258 2949 3312 κατὰ
2976 3257 3067 3315 τὸν
3106 3257 3443 3311 Ἀπόστολον.
3473 3258 3715 3319 Εἰκότως

2125 3343 2220 3402 οὖν
2251 3351 2344 3403 καὶ
2383 3349 2615 3403 ἐνταῦθα
2655 3350 2715 3402 τὸ
2749 3349 3123 3421 συμπέρασμα
3166 3348 3262 3402 τοῦ
3312 3350 3508 3413 παντὸς
3548 3348 3713 3421 λόγου

2128 3438 2583 3511 ἐπισφραγίζεται
2611 3439 2802 3507 λέγων·
2821 3440 2928 3494 Καὶ
2951 3438 3258 3509 καυχᾶσθε
3276 3441 3347 3494 ἐν
3363 3439 3541 3506 αὐτῷ,
3560 3437 3710 3494 πάν-

438 3553 534 3603 τες
560 3538 614 3590 οἱ
640 3534 834 3603 εὐθεῖς
862 3532 938 3605 τῇ
974 3533 1221 3603 καρδίςιη
1264 3532 1339 3605 μὴ
1373 3532 1483 3606 γὰρ
1516 3534 1601 3603 ἐφ’
1638 3534 1849 3597 ἑαυτοῖς
1885 3530 2026 3608 μέγα
2063 3535 2301 3605 φρονεῖν,
2334 3532 2449 3588 ἀλλ’
2476 3534 2562 3603 ἐπ’
2593 3532 2742 3604 αὑτῷ
2767 3533 2846 3605 τῷ
2888 3533 3069 3604 πάσης
3099 3535 3226 3605 ὑμῖν
3288 3534 3491 3609 ἀρετῆς
3551 3530 3709 3605 αιτιφ

438 3627 716 3713 γενομένῳ
738 3626 948 3699 Κυρίῳ.

808 3741 1133 3799 essurus
1171 3742 1381 3812 ωιτη)
1419 3741 1638 3809 xxxn.

515 3835 826 3892 Secundum
855 3835 1174 3890 llebraicam
1207 3836 1496 3900 lectionem
1521 3842 1573 3890 et
1605 3833 1902 3895 secundum
1931 3848 2017 3893 re-

442 3930 625 4000 liquos
668 3930 989 4000 interpretes
1039 3929 1398 3999 inscriptione
1443 3936 1593 3984 caret
1625 3928 1715 3982 bic
1753 3928 2015 3997 psalmus,

441 4022 781 4090 multamque
821 4034 944 4074 cum
981 4019 1308 4090 praecedenti
1365 4018 1782 4073 consonantiam
1836 4018 2016 4073 habet.

442 4110 578 4167 Cum
608 4112 752 4167 enim
799 4110 852 4165 in
886 4109 990 4165 line
1041 4110 1189 4169 illius
1222 4111 1475 4177 dixisset,
1501 4108 1785 4165 La'tamini
1818 4110 1873 4162 in
1917 4106 2022 4161 Do-

441 4206 605 4269 mino,
629 4213 677 4259 et
694 4203 1134 4274 exsultatcdusti,
1161 4203 1230 4257 ab
1261 4202 1453 4258 iisdem
1480 4201 1649 4258 ferme
1674 4202 1857 4257 verbis
1885 4216 2022 4271 pra:-

444 4306 655 4355 sentem
696 4297 932 4361 orditur,
961 4295 1128 4352 Vens.
1163 4297 1187 4350 i
1226 4316 1239 4351 :
1281 4294 1582 4358 Exsultate,
1606 4296 1767 4367 justi.
1812 4296 1867 4349 in
1914 4294 2022 4353 Do-

445 4389 612 4444 mino.
648 4386 981 4458 Videturque
1010 4388 1141 4443 mihi
1171 4403 1233 4443 ea
1266 4404 1388 4458 qua:
1419 4387 1472 4441 in
1498 4388 1752 4458 prmsenli
1786 4387 2021 4457 prophe-

2503 3736 2798 3791 ΨΑΛΜΟΣ
2835 3737 2924 3791 ΤΩ
2966 3738 3165 3792 ΔΑΥΙΔ
3203 3738 3325 3792 AB‘.

2193 3829 2353 3886 Κατά
2409 3828 2506 3901 τὴν
2560 3828 2855 3903 Ἐϐραῖκὴν
2905 3830 3211 3898 ἀνάγνωσιν
3255 3830 3349 3883 καὶ
3389 3828 3533 3883 κατὰ
3580 3830 3715 3905 τοὺς

2124 3923 2346 3987 λοιποὺς
2380 3920 2722 3994 ἑρμηνευτὰς
2776 3922 3148 3993 ἀνεπίγραφός
3197 3924 3343 3975 ἐστιν
3390 3924 3420 3973 ὁ
3461 3920 3705 3990 qlaka-

2128 4016 2330 4091 πολλὴν
2386 4015 2443 4068 δὲ
2484 4012 2647 4078 σώζει
2714 4014 3034 4069 ἀκολουθίαν
3078 4013 3213 4084 πρὸς
3242 4011 3334 4064 τὸν
3376 4011 3483 4079 πρὸ
3514 4008 3709 4081 αὑτοῦ.

2125 4108 2414 4181 Προειπὼν
2445 4108 2554 4181 γὰρ
2582 4108 2724 4161 κατὰ
2757 4106 2819 4159 τὸ
2861 4106 3013 4168 τέλος
3042 4103 3249 4157 ἐκείνου
3274 4118 3287 4132 ·
3320 4102 3708 4169 Εὐφράνθητε

2126 4202 2227 4256 ἐπὶ
2267 4203 2485 4271 Κύριον
2532 4198 2632 4253 καί
2682 4195 3086 4267 ἀγαλλιᾶσθε,
3120 4191 3374 4247 δίκαιοι.
3426 4191 3706 4263 μονονουχὶ

2126 4294 2297 4365 αὑτῆς
2331 4292 2531 4365 ἤρξατο
2561 4290 2659 4360 τῆς
2697 4287 2895 4354 λέξεως
2938 4284 3031 4338 τοῦ
3082 4283 3463 4361 προκειμένου,
3489 4284 3701 4353 φήσαςο

2139 4383 2546 4456 Ἃγααῑνῑιᾶσθε,
2597 4380 2832 4440 δίκαιοι,
2877 4377 2948 4430 ἐν
2998 4376 3211 4444 Κυρίῳ.
3258 4374 3368 4429 Καί
3422 4392 3510 4446 μοι
3559 4374 3717 4429 δοκεῖ-

443 4478 551 4535 tice
582 4477 862 4541 dicuntur,
894 4479 958 4531 a~l
1008 4492 1301 4548 personam
1347 4493 1538 4533 eorum
1589 4478 1683 4549 qui
1733 4494 1787 4532 ιη
1819 4492 2020 4547 ριίυοθ-

2128 4473 2482 4550 προφητικῶς
2526 4472 2595 4525 τὰ
2637 4470 2902 4539 λεγόμενα
2935 4467 3024 4542 δ,ιά
3052 4467 3160 4521 τῶν
3199 4467 3575 4540 προκειμένων
3623 4467 3704 4529 είς

443 4570 593 4635 denti
626 4571 837 4642 psalmo
885 4569 1200 4624 indirantur
1233 4569 1459 4634 referri,
1512 4571 1816 4626 secundum
1851 4568 2021 4625 illud:

444 4661 599 4718 Beati
638 4679 859 4733 quorum
893 4662 1128 4717 remissa'
1162 4671 1284 4717 sunt
1329 4662 1655 4733 iniquitates,
1702 4669 1753 4725 et
1799 4677 2020 4732 quorum

445 4761 582 4814 tecta
610 4763 730 4807 sunt
754 4762 986 4824 peccata.
1025 4751 1161 4808 Nam
1204 4753 1268 4807 ad
1323 4746 1418 4808 eos
1451 4754 1543 4824 qui
1591 4769 1687 4825 per
1719 4753 2020 4808 salutarem

444 4847 681 4916 gratiam
722 4846 1101 4901 remissionem
1149 4852 1500 4919 peccatorum
1535 4844 1817 4900 consecuti
1867 4852 2016 4915 sunt,

443 4938 500 4992 id
536 4937 824 4994 vociferari
860 4936 1096 5003 videtur,
1140 4937 1439 5005 Exsultate,
1477 4937 1640 5007 justi,
1664 4938 1718 4991 in
1768 4936 2017 4994 Domino.

440 5026 566 5090 Non
613 5028 1047 5099 vobismetipsis,
1098 5044 1207 5093 non
1259 5031 1514 5100 cuiquam
1549 5030 1892 5085 saecularium
1929 5044 2022 5085 re-

444 5136 589 5187 rum,
632 5119 731 5178 sed
765 5119 998 5191 Domino
1026 5121 1244 5184 confisi,
1290 5121 1345 5174 in
1380 5121 1501 5191 ipso
1530 5120 1849 5192 dignitatem
1880 5135 2022 5191 prte-

445 5214 703 5280 ferentes,
736 5214 791 5269 in
829 5215 950 5288 ipso
979 5214 1300 5285 gloriantes,
1330 5213 1602 5273 exsultate
1634 5230 1750 5277 vos,
1791 5229 1825 5270 o
1855 5214 2023 5280 beati,

443 5321 679 5378 quorum
709 5306 951 5363 remissae
983 5312 1112 5361 sunt
1146 5299 1576 5374 iniquitates,'et
1614 5320 1845 5376 quorum
1876 5313 2019 5372 tecta

445 5407 577 5460 sunt
602 5409 844 5470 peccata.
897 5399 1081 5460 Rectos
1129 5406 1331 5473 quippe
1369 5416 1584 5466 omnes,
1634 5398 1833 5471 inquit,
1878 5398 2022 5453 decet

447 5488 545 5552 Dei
589 5491 947 5557 collaudatio;
986 5495 1284 5549 secundum
1339 5492 1593 5566 Aquilam
1650 5507 1816 5557 vero,
1849 5491 2023 5548 Rectis

448 5582 668 5651 pulchra
695 5593 773 5638 est
799 5585 1054 5640 cantatio.
1081 5584 1221 5652 Quia
1247 5586 1393 5641 enim
1419 5599 1529 5642 non
1558 5584 1841 5658 speciosus
1870 5585 2027 5658 bym-

533 5736 572 5769 "
601 5737 747 5811 Psal.
786 5755 997 5806 sum,
1038 5740 1121 5816 ἰᾷ.
1200 5738 1376 5798 'lCor.
1414 5757 1466 5811 ι,
1502 5741 1589 5799 3i.

2129 4572 2420 4643 πρόσωπον
2480 4562 2902 4636 ἀναπέμπεσθαι
2947 4563 3055 4616 τῶν
3104 4564 3163 4615 ἐν
3212 4562 3291 4633 τῷ
3353 4561 3460 4626 πρὸ
3516 4560 3709 4627 τούτου,

2128 4659 2325 4732 ψαλμῷ
2352 4656 2721 4730 δηλωθέντων,
2757 4653 2898 4707 κατά
2927 4652 3007 4717 τὸ,
3045 4651 3330 4719 Μακάριοι
3369 4646 3456 4706 ὧν
3485 4650 3705 4719 rigean-

2128 4770 2249 4821 σαν
2278 4754 2336 4804 al
2364 4749 2623 4818 ἀνομίαι,
2658 4745 2755 4800 καὶ
2783 4740 2870 4798 ὧν
2897 4744 3411 4812 ὲπεκιιλύςςθησαν
3437 4743 3496 4794 al
3525 4740 3706 4810 ἀμαρ-

2128 4847 2265 4900 τΙαι.
2307 4845 2395 4908 Ὠς
2432 4842 2541 4914 γάρ
2573 4840 2709 4911 πρὸς
2750 4839 2989 4903 ἐκείνους
3021 4839 3144 4901 τοὺς
3195 4834 3559 4905 τετυχηκότας
3607 4833 3709 4905 τῆς

2128 4936 2381 5006 ἀφέσεως.
2400 4932 2509 4987 τῶν
2551 4931 2965 5004 ἁμαρτημάτων
3000 4929 3086 4982 διὰ
3119 4927 3219 4997 τῆς
3250 4925 3515 4999 σωτηρίου
3547 4923 3707 4997 χάρι-

2127 5045 2219 5092 τος
2250 5028 2612 5096 ἁναφωνεῖται
2643 5022 2725 5087 τὸ,
2771 5018 3184 5091 Ἀτιιλλιᾶσθε,
3218 5017 3457 5078 δίκαιοι,
3495 5016 3565 5069 ἐν
3590 5019 3707 5070 Κυ-

2121 5122 2255 5192 ρίῳ.
2289 5120 2381 5192 Μὴ
2410 5118 2519 5191 γάρ
2558 5118 2641 5188 ἐφ’
2689 5112 2959 5185 ἑαυτοῖςῆ
3008 5112 3107 5165 ὲπί
3140 5128 3195 5164 τι
3237 5110 3344 5164 τῶν
3394 5106 3706 5178 κοσμικῶν,

2129 5213 2245 5270 ἀλλ’
2279 5214 2369 5266 ἐπὶ
2399 5210 2476 5282 τῷ
2507 5209 2695 5281 Κυρίῳ
2725 5205 3072 5268 πεποιθότες,
3101 5203 3193 5256 καὶ
3214 5201 3299 5255 ἐπ’
3332 5197 3480 5268 αὑτῷ
3509 5213 3716 5269 σεμνυτ

2126 5307 2337 5378 νόμενοι
2363 5305 2456 5365 καὶ
2479 5305 2536 5356 ἐν
2560 5299 2707 5372 αὑτῷ
2730 5295 3094 5369 καυχώμενοι,
3116 5289 3445 5363 ἀγαλλιᾶσθε
3468 5290 3627 5360 ὑμεῖς
3654 5285 3712 5359 οἱ,

2132 5399 2410 5472 μακάριοι,
2445 5389 2522 5450 ὧν
2559 5392 2838 5464 ἀφέθησαν
2887 5391 2943 5444 αἱ
2977 5388 3220 5460 ἀνομίαι,
3251 5385 3348 5439 καὶ
3384 5378 3461 5437 ὧν
3507 5384 3706 5438 ἐπεκα·

2128 5493 2407 5566 λύφθησαν
2439 5493 2497 5546 αί
2550 5489 2834 5562 ἁμαρτίαι.
2871 5485 3087 5555 Πρέπει
3129 5483 3271 5555 γὰρ,
3329 5478 3491 5551 φησὶ,
3539 5477 3711 5566 πᾶσιν.

2132 5564 2255 5650 τοῖς
2275 5564 2566 5651 εὐθέσινή
2607 5583 2692 5648 είς
2718 5579 2826 5635 τὸν
2869 5577 3017 5633 Θεὸν
3042 5577 3294 5641 alveare.
3332 5568 3489 5630 Κατά
3529 5567 3586 5626 δὲ
3613 5564 3707 5621 τὸν
