4100 6386
331 338 428 394 28!

1454 330 1962 387 COMMENTARIA
1999 332 2071 393 IN
2108 329 2449 389 PSALMOS.

3471 328 3584 388 282

343 452 597 515 Ἀκύλαν,
632 451 754 519 Τοῖς
801 451 1044 506 adﬂeat?
1078 447 1390 519 ὡραιοῦται
1432 448 1714 519 ὕμνησις.
1758 449 1912 503 Ἐπεὶ

2015 465 2119 506 nus
2145 458 2231 505 est
2259 449 2316 504 in
2339 464 2435 503 ore
2462 445 2787 519 peccatoris,
2826 446 2953 516 jure
2982 460 3098 509 eos,
3126 443 3371 516 quipura
3400 456 3582 498 mente

333 544 442 614 γὰρ
474 544 572 614 οὐχ
603 543 801 616 ὡραῖος
843 541 1010 614 ὕμνος
1039 544 1096 594 ὲν
1130 539 1358 611 στόματι
1391 539 1743 612 ἁμαρτωλοῦ,
1771 541 1914 594 είκό-

332 653 443 700 τως
473 640 584 699 τοῖς
606 634 852 708 καθαρὰς
884 634 1119 697 διανοίας
1145 634 1239 687 καὶ
1269 632 1486 704 καθαρά
1517 632 1671 705 χείλη
1716 650 1914 705 κεκτη-

339 728 520 801 μένοις
547 727 810 800 εὐπρέπει
833 730 867 798 ἡ
901 726 997 781 τοῦ
1024 725 1160 780 Θεοῦ
1195 725 1417 789 αἴνεσις.

420 820 908 891 Ἐξομολογεῑσθε
939 820 1021 886 τῷ
1064 820 1262 889 Κυρίῳ
1298 820 1368 873 ἐν
1395 817 1623 887 κιθάρᾳ,
1651 819 1721 873 ἐν
1749 822 1913 888 ψαλ-

334 915 512 984 τηρίῳ
535 913 874 983 δεκαχόρδῳ
898 912 1132 982 ψάλατε
1159 910 1342 981 αὐτῷ.
1374 911 1531 965 Κατά
1564 911 1787 985 πρώτην
1816 913 1910 967 τοῦ

334 1009 498 1078 νόμου
520 1008 818 1081 παράδοσιν
833 1004 1329 1079 γεγραμμένα.Καὶ
1349 1007 1378 1058 6
1396 1005 1494 1068 τὰς
1509 1003 1616 1056 ἔσω
1630 1002 1685 1055 δὲ
1702 1004 1796 1056 καὶ
1816 1001 1914 1065 τὰς

334 1098 437 1165 ἔξω
453 1099 734 1169 αἰσθήσεις
753 1095 997 1168 καθαρὰς
1013 1097 1107 1150 καὶ
1128 1096 1448 1167 ἀμέμπτους
1465 1092 1745 1162 φυλάττων
1760 1093 1818 1145 ὲν
1836 1092 1917 1151 δετ

333 1188 582 1260 καχόρδῳ
602 1188 776 1259 ψαλτη
786 1188 883 1259 ρίῳ
893 1186 1083 1257 ψάλλει
1100 1186 1178 1257 τῷ
1189 1186 1556 1258 Θεῷ.⁹ᾼσατε
1577 1182 1735 1249 αὐτῷ
1749 1176 1915 1251 ᾆσμα

332 1282 561 1334 καινόν.
597 1280 671 1333 T6
711 1280 807 1351 μὲν
852 1277 1079 1343 παλαιὸν
1108 1272 1262 1350 ᾇσμα
1293 1277 1381 1331 διὰ
1412 1278 1647 1340 παλαιᾶς
1678 1275 1914 1346 κιθάρας

333 1373 427 1425 καὶ
447 1371 679 1425 παλαιοῦ
700 1371 1020 1443 ψαλτηρίου,
1046 1370 1152 1424 τῶν
1184 1370 1406 1440 ἀψύχων
1437 1369 1703 1441 ὀργάνων,
1725 1351 1914 1438 ὥσπερ

331 1462 420 1531 διά
444 1464 724 1535 συμϐόλων
753 1465 846 1517 καὶ
892 1464 1116 1529 εἰκόνων
1149 1461 1519 1525 ἐσπουδάζετο
1557 1459 1635 1531 τῷ
1661 1460 1913 1532 προτέρῳ

331 1555 478 1627 λαῷ·
512 1556 572 1610 τὸ
614 1556 670 1609 δὲ
701 1556 885 1610 καινὸν
925 1552 1077 1628 ᾆσμα
1123 1554 1622 1626 μεγαλοφυέστερον
1659 1554 1756 1606 καὶ
1797 1551 1915 1605 θεο-

286 1707 294 1716 ,
332 1648 703 1720 πρεήστερον
736 1647 824 1702 διὰ
855 1647 1086 1719 κιθάρας
1121 1646 1321 1717 ζώσης,
1358 1647 1453 1698 καὶ
1473 1644 1561 1698 διὰ
1601 1644 1696 1698 τοῦ
1722 1642 1914 1696 ἀποδο-

333 1738 515 1803 θέντος
541 1738 866 1810 δεκαχόρδου
907 1737 1206 1810 ψαλτηρίου
1239 1738 1621 1806 ἀναπέμπεται
1666 1734 1744 1804 τῷ
1771 1733 1908 1804 Θεῷ.

2014 549 2070 610 et
2100 557 2240 614 puro
2265 539 2431 597 corde
2467 545 2617 605 sunt,
2652 538 2808 594 decet
2837 537 2934 593 Dei
2962 537 3310 592 collaudatio.

2081 800 2253 863 Vsus.
2295 799 2352 866 2,
2400 800 2457 856 '5.
2496 797 2832 869 Conﬁtemini
2878 796 3106 865 Domino
3153 795 3210 848 in
3261 795 3487 862 cithara,
3524 794 3583 851 in

2010 894 2265 966 psalterio
2289 892 2464 948 decem
2485 891 2802 947 chordarum
2825 889 3037 960 psallite
3064 889 3163 942 illi.
3193 886 3581 959 [Instrumenta

2012 986 2245 1060 scilicet]
2276 985 2576 1043 secundum
2614 986 2843 1056 primam
2890 983 3025 1052 legis
3058 981 3402 1035 traditionem
3439 977 3583 1036 scri-

2012 1088 2123 1153 pta.
2156 1079 2418 1150 Quisquis
2459 1092 2584 1135 cum
2631 1077 2944 1142 interiores,
2975 1084 3088 1129 tum
3119 1075 3419 1130 exteriores
3451 1088 3581 1129 sen-

2013 1188 2131 1238 sus,
2164 1186 2331 1242 puros
2373 1172 2792 1241 inculpatosque
2843 1174 3046 1232 servat,
3097 1167 3152 1221 in
3187 1165 3448 1236 psalterio
3486 1164 3582 1220 de-

2013 1276 2133 1319 cem
2181 1262 2507 1318 chordarum
2556 1262 2741 1332 psallit
2781 1259 2913 1315 Deo.
2959 1257 3186 1325 Cantate
3222 1260 3270 1313 ei
3317 1258 3581 1313 canticum

2011 1367 2223 1416 novum.
2254 1351 2543 1418 Canticum
2583 1358 2740 1407 vetus
2767 1352 2989 1421 antiqua
3020 1351 3231 1406 cithara
3271 1356 3326 1404 et
3357 1349 3582 1421 antiquo

2012 1445 2274 1516 psalterio
2294 1451 2572 1508 cantatur,
2594 1443 2977 1499 instrumentis
3002 1443 3215 1498 scilicet
3240 1441 3578 1507 inanimatis,

2013 1538 2172 1609 quasi
2204 1538 2468 1609 cymbalis
2489 1545 2545 1592 et
2584 1536 2913 1607 imaginibus
2943 1537 3143 1606 quibus
3183 1536 3334 1606 prior
3362 1534 3450 1601 ille
3481 1547 3582 1604 ρον

2012 1630 2175 1702 pultis
2202 1627 2475 1690 studebat.
2506 1628 2576 1681 At
2606 1643 2804 1682 novum
2834 1628 3107 1698 canticum
3141 1624 3582 1696 magniﬁcentius

2014 1737 2076 1775 ac
2108 1720 2215 1776 Deo
2249 1720 2489 1791 dignius,
2530 1720 2740 1774 cithara
2784 1721 2996 1775 vivente
3026 1734 3090 1775 ac
3139 1728 3445 1774 memorato
3485 1717 3583 1773 illo

273 1820 305 1853 ⁸⁸
330 1829 545 1896 Καλῶς
584 1806 812 1898 radiare
839 1806 1287 1898 sr'aaaiawa.
1333 1824 1501 1890 Οὗτος
1543 1828 1571 1879 6
1601 1825 1913 1895 ἀλαλαγμός

2015 1812 2355 1867 decachordo
2386 1810 2669 1881 psalterio,
2719 1810 2829 1865 Deo
2867 1811 3150 1864 emittitur.
3189 1808 3328 1864 Bene
3369 1806 3584 1877 psallite

331 1925 448 1974 ἐστι
482 1920 739 1991 μυστικάς
760 1938 772 1952 ⁸
805 1920 883 1973 διὸ
921 1920 1137 1991 εἴρηταί
1179 1937 1281 1972 που
1303 1936 1318 1967 ι
1352 1918 1651 1987 Μακάριος
1693 1919 1725 1969 ό
1763 1916 1913 1982 λαὸς

332 2014 366 2065 ό
390 2010 699 2079 γινώσκων
745 2014 1118 2082 ἀλαλαγμόν.
1159 2013 1318 2067 Ἀλλά
1352 2014 1445 2067 καὶ
1485 2013 1606 2066 ἀντὶ¹
1651 2010 1786 2082 βοῶν
1819 2010 1913 2065 καὶ

338 2102 572 2173 μόσχων,
616 2106 712 2157 καὶ
774 2103 880 2157 τῶν
929 2104 996 2157 δι’
1031 2106 1260 2175 αἵματος
1292 2103 1513 2168 θυσιῶν,
1548 2103 1739 2166 θυσίας
1782 2100 1914 2156 ἀλα-

333 2192 545 2266 λαγμοῦ
588 2194 1013 2260 κατατεθυκέναι
1060 2195 1224 2266 φησὶν
1256 2197 1284 2248 6
1319 2192 1518 2247 εἰπών·
1560 2194 1915 2246 Ἐκύκλωσα

331 2284 429 2338 καί
469 2285 658 2340 ἔθυσα
704 2284 868 2354 ἐντῇ
911 2284 1113 2355 σκηνῇ
1156 2285 1599 2343 αὐτοῦθυσίαν
1649 2285 1915 2353 datadar-

322 2395 465 2446 μου.

405 2468 533 2521 Ὀτι
565 2467 748 2534 εὐθὺς
776 2471 810 2522 ὁ
840 2468 1023 2538 λόγος
1048 2468 1154 2523 τοῦ
1193 2468 1436 2537 Κυρίου,
1472 2468 1569 2522 καὶ
1603 2466 1799 2521 πάντα
1841 2466 1915 2521 τὰ

326 2559 470 2629 ἔργα
501 2560 688 2626 αὐτοῦ
725 2560 795 2613 ἐν
832 2560 1054 2613 πίστει.
1106 2558 1324 2628 Ἄγαπᾷ
1355 2560 1779 2628 ἐλεημοσύνην
1812 2557 1911 2611 καὶ

326 2649 531 2716 κρίσιν
549 2667 562 2679 ·
591 2649 699 2703 τοῦ
722 2648 935 2715 ἐλέους
964 2649 1184 2716 Κυρίου
1218 2649 1461 2718 πλήρης
1490 2653 1528 2718 ἡ
1557 2649 1653 2719 γῆ.
1691 2651 1772 2705 Τά
1816 2651 1914 2722 μὲν

325 2740 430 2810 τῆς
477 2738 584 2793 τῶν
622 2740 791 2795 ὄντων
834 2740 1193 2812 καταλήψεως
1236 2740 1323 2794 διὰ
1362 2741 1601 2805 πίστεως
1641 2744 1772 2812 ἡμῖν
1804 2760 1913 2812 χω-

331 2832 514 2905 ρείτω,
548 2831 618 2884 τά
655 2831 711 2885 δὲ
767 2832 859 2884 τοῦ
903 2832 1208 2904 πρακτικοῦ
1245 2832 1361 2903 βίου
1407 2815 1498 2887 διὰ
1548 2833 1914 2904 ἐλεημοσύνης

329 2925 427 2978 καὶ
460 2923 714 2995 κρίσεως.
743 2925 929 2979 Ταῦτα
955 2926 1065 2997 γὰρ
1096 2926 1289 2997 ἀγαπᾷ
1314 2926 1343 2978 6
1381 2925 1544 2990 εὐθὺς
1578 2925 1671 2978 τοῦ
1708 2926 1912 2997 Κυρίου

328 3013 488 3083 λόγος
515 3031 528 3044 ·
561 3014 654 3069 ἅτε
704 3018 984 3088 κριτικοὺς
1020 3019 1171 3089 ἡμᾶς
1216 3017 1631 3082 κατασκευάσας
1659 3018 1753 3071 καὶ
1799 3017 1916 3072 δια-

331 3106 612 3176 κριτικοὺς
638 3105 732 3175 τοῦ
764 3124 823 3159 τε
850 3107 1016 3161 καλοῦ
1066 3094 1165 3163 κα)⁸
1193 3108 1287 3162 τοῦ
1334 3092 1623 3163 ὲναντίουί
1649 3109 1740 3162 Διὸ
1791 3109 1914 3180 βού-

2012 1905 2065 1958 in
2108 1904 2449 1972 jubilatione.
2510 1902 2634 1956 Haec
2673 1903 2930 1971 jubilatio
2976 1902 3207 1973 mystica
3252 1908 3337 1955 est
3370 1919 3382 1955 :
3411 1913 3583 1970 quare

2012 1997 2217 2051 dictum
2251 1997 2450 2050 alicubi
2484 1997 2621 2052 fuit:
2656 1995 2849 2061 Beatus
2879 1994 3101 2064 populus
3134 1993 3223 2063 qui
3255 1994 3354 2046 scit
3386 1990 3584 2056 iubila-

2015 2089 2203 2157 tionem
2226 2090 2268 2143 ².
2306 2085 2417 2141 lmo
2459 2102 2589 2142 vero
2626 2086 2813 2149 boum,
2857 2085 3175 2147 vitulorum,
3202 2091 3583 2136 cruentarum-

2013 2193 2119 2248 que
2155 2178 2551 2234 sacriﬁciorum
2582 2178 2722 2242 loco,
2751 2176 2986 2230 hostiam
3014 2173 3361 2245 jubilationis
3389 2173 3585 2227 immo-

2013 2273 2156 2329 lasse
2192 2273 2270 2326 ait
2318 2272 2409 2326 ille
2434 2291 2447 2326 :
2473 2270 2704 2327 Circuiri
2744 2280 2794 2335 et
2840 2270 3108 2324 immolavi
3143 2270 3198 2323 in
3242 2267 3584 2322 tabernaculo

2011 2361 2127 2433 eju's
2160 2361 2386 2416 hostiam
2408 2360 2746 2430 jubilationis
2764 2361 2806 2416 '.

2084 2452 2252 2509 Vens.
2280 2454 2334 2517 4,
2377 2453 2429 2508 5.
2473 2451 2615 2517 Quia
2642 2462 2839 2509 rectum
2887 2460 2967 2506 est
3006 2450 3217 2509 verbum
3251 2448 3487 2515 Domini,
3531 2453 3586 2504 et

2015 2545 2193 2598 omnia
2234 2559 2393 2612 opera
2421 2542 2534 2611 ejus
2572 2542 2627 2594 in
2665 2540 2788 2610 ﬁde.
2838 2539 3027 2612 Diligit
3073 2540 3495 2594 misericordiam
3533 2546 3585 2594 et

2005 2633 2269 2702 judicium
2297 2648 2315 2687 :
2348 2629 2714 2687 misericordia
2735 2629 2949 2697 Domini
2975 2630 3131 2696 plena
3157 2639 3231 2683 est
3266 2639 3426 2687 terra.
3455 2628 3587 2695 Qua:

2014 2726 2403 2797 cogitationem
2431 2738 2496 2776 ac
2522 2723 3066 2793 comprehensionem
3095 2737 3279 2775 rerum
3312 2727 3584 2790 spectant,

2014 2833 2111 2890 per
2139 2817 2297 2871 tidem
2340 2816 2500 2870 nobis
2535 2814 2853 2882 tradantur;
2906 2829 3029 2880 quae
3071 2820 3251 2868 autem
3287 2812 3585 2883 practicam

2013 2899 2203 2975 vitam,
2246 2925 2345 2982 per
2391 2908 2824 2971 misericordiam
2868 2906 3238 2976 etjudicium.
3272 2904 3398 2960 Haec
3440 2904 3587 2959 enim

2014 3001 2192 3071 diligit
2237 3008 2446 3055 rectum
2488 2999 2623 3053 illud
2658 2999 2884 3054 verbum
2908 2995 3154 3060 Domini,
3203 3004 3391 3067 utpote
3437 2993 3588 3067 quod

2013 3094 2174 3148 nobis
2223 3091 2631 3148 internoscendi
2662 3091 2773 3144 vim
2798 3089 3090 3155 .indiderit,
3126 3104 3191 3143 ac
3239 3088 3588 3146 discernendi

329 3197 478 3250 λεται
510 3198 657 3269 ἡμᾶς
705 3198 872 3270 μηδὲν
906 3200 1149 3272 ἀκρίτως
1195 3201 1476 3273 πράττειν,
1522 3201 1655 3272 μηδὲ
1702 3200 1911 3271 ἀλόγως

2015 3186 2157 3240 inter
2179 3184 2382 3239 bonum
2412 3190 2469 3238 et
2496 3182 2808 3254 oppositum
2850 3182 3019 3236 illius.
3057 3180 3424 3247 Quamobrem
3473 3181 3590 3237 vult

330 3289 592 3361 φέρεσθαι
637 3293 755 3355 ταῖς
796 3290 855 3358 ἐξ
896 3291 1075 3346 αὐτῶν
1116 3296 1343 3366 ὁρμαῖς,
1396 3293 1738 3366 κεκριμένως,
1784 3294 1912 3364 περὶ

330 3379 438 3434 τῶν
472 3381 759 3453 πρακτέων
811 3382 1163 3456 βουλεύεσθαι
1190 3426 1204 3449 ,
1259 3384 1354 3438 καὶ
1391 3385 1528 3455 πρός
1580 3400 1644 3453 γε
1693 3383 1914 3440 πάντων

330 3471 714 3543 ἑλεημονικοὺς
772 3469 909 3528 εἶναι
935 3514 950 3541 ,
1005 3474 1447 3547 συγνωμονικοὺς
1497 3473 1553 3527 δὲ
1606 3474 1743 3545 πρὸς
1787 3475 1915 3538 τοὺς

332 3564 742 3637 ἁμαρτάνοντας
770 3567 1146 3639 γιγνομένους,
1176 3565 1481 3638 συμπαθεῖς
1518 3565 1574 3619 δὲ
1603 3564 1697 3634 καὶ
1728 3563 1915 3633 φιλαν-

332 3655 583 3728 θρώπους
617 3658 753 3730 πρὸς
780 3659 907 3723 τοὺς
933 3659 1083 3714 ἐλέου
1110 3661 1421 3732 δεομένους.

414 3747 497 3813 Τῷ
521 3751 682 3821 λόγῳ
704 3750 810 3803 τοῦ
842 3752 1067 3820 Κυρίου
1093 3755 1145 3805 οἱ
1174 3750 1416 3826 οὐρανοὶ
1443 3748 1913 3817 ἐστερεώθησαν,

332 3844 431 3897 καὶ
458 3843 538 3909 τῷ
566 3845 858 3914 πνεύματι
883 3843 989 3898 τοῦ
1015 3846 1314 3911 στόματος
1334 3840 1522 3896 αὑτοῦ
1548 3838 1717 3894 πᾶσα
1747 3841 1786 3907 η
1809 3837 1913 3891 δύ-

331 3951 508 4004 ναμις
563 3934 782 3988 αὐτῶν.
831 3933 923 4006 Τῷ
977 3931 1070 3988 οὖν
1128 3931 1305 4003 Πατρὶ
1344 3932 1497 3984 πᾶσα
1541 3928 1833 4001 ἡδύναμις
1877 3928 1913 3998 ή

333 4025 724 4097 ὑπερουράνιος
777 4023 1115 4097 ὲστερεώθη·
1162 4021 1408 4076 τουτέστι
1454 4019 1516 4072 τὸ
1562 4016 1776 4071 εὔτονον
1822 4016 1917 4070 καὶ

336 4118 552 4189 βέϐαιον
584 4118 679 4172 καὶ
708 4117 901 4187 πάγιον
929 4118 986 4170 ὲν
1013 4113 1293 4186 ἁγιασμῷ,
1327 4113 1420 4166 καὶ
1454 4112 1606 4185 πᾴσῃ
1631 4110 1918 4183 πρεπούσῃ

332 4200 453 4282 ταῖς
488 4215 656 4287 ἱεραῖς
693 4210 985 4281 δυνάμεσιν
1013 4208 1205 4279 ἀρετῇ,
1250 4206 1315 4258 ὲκ
1346 4204 1448 4274 τῆς
1471 4201 1564 4257 τοῦ
1604 4200 1918 4272 Πνεύματος

336 4306 654 4377 ἐπικουρίας
683 4303 915 4374 ἔχουσιν.
970 4297 1188 4353 Ἐνθάδε
1231 4297 1328 4368 μὲν
1361 4291 1453 4349 οὖν
1498 4294 1735 4364 πνεῦμα
1787 4294 1920 4351 στότ

329 4417 518 4472 ματος
545 4395 731 4468 αὐτοῦ
758 4392 1190 4466 ἀναγέγραπται.
1225 4388 1547 4460 Εὑρὴσομεν
1585 4386 1641 4440 δὲ
1683 4384 1916 4455 ἀλλαχοῦ

335 4478 428 4561 καὶ
469 4491 626 4559 λόγον
675 4487 940 4558 στόματος
973 4481 1138 4537 αὐτοῦ
1188 4478 1500 4550 είρημένον,
1558 4477 1645 4531 ἵνα
1684 4475 1850 4548 νοηθῇ
1886 4477 1916 4528 6

335 4582 525 4654 Σωτὴρ
563 4581 658 4635 xui.
689 4578 750 4632 τὸ
795 4578 951 4645 ἅγιον
985 4573 1150 4628 αὑτοῦ
1204 4570 1448 4641 Πνεῦμα.
1508 4568 1821 4639 Ἀμφότερα
1858 4567 1917 4620 δὲ

244 4722 247 4723 ,
338 4679 678 4743 συνήργησεν
715 4669 772 4721 ἐν
819 4669 886 4738 τῇ
922 4663 1094 4717 κτίσει
1132 4660 1240 4715 τῶν
1279 4657 1526 4730 οὐρανῶν
1557 4656 1654 4710 καὶ
1698 4656 1809 4709 τῶν
1859 4657 1918 4722 ἐν

338 4765 520 4836 αὐτοῖς
546 4760 826 4831 δυνάμεων
846 4771 861 4788 ·
892 4753 984 4808 διὰ
1014 4750 1172 4805 τοῦτο
1213 4751 1428 4822 εἴρηται
1449 4766 1462 4779 ·
1504 4748 1589 4814 Τῷ
1612 4748 1772 4817 λόγῳ
1806 4750 1922 4801 Κν-

332 4854 471 4922 ρίου
511 4853 565 4904 οί
592 4847 833 4918 οὐρανοί
871 4842 1350 4913 ἐστερεώθησαν,
1384 4839 1485 4894 καὶ
1515 4838 1596 4904 τῷ
1629 4839 1922 4907 πνεύματι

339 4930 446 4999 τοῦ
493 4942 788 5011 στόματος
837 4936 1025 4993 αὐτοῦ
1087 4933 1256 4989 πᾶσα
1310 4935 1350 5002 ὴ
1398 4931 1651 5002 δύναμις
1702 4926 1916 4984 αὐτῶν.

340 5037 502 5101 Οὐδὲν
529 5033 636 5107 γὰρ
662 5030 942 5100 ἁγιάζεται
981 5028 1054 5100 μὴ
1078 5028 1144 5098 τῇ
1175 5024 1444 5098 παρουσίᾳ
1465 5023 1558 5078 τοῦ
1578 5023 1912 5095 Πνεύματος.

353 5127 620 5197 Ἂγγέλων
647 5123 777 5193 γοῦν
820 5122 919 5193 τὴν
951 5120 1050 5190 μὲν
1082 5120 1163 5181 είς
1189 5116 1250 5173 τὸ
1292 5111 1432 5171 εἶναι
1471 5114 1706 5187 πάροδον
1751 5114 1781 5166 6
1819 5115 1916 5186 δη-

348 5218 602 5313 μιουργὸς
625 5216 814 5285 Λόγος,
841 5216 870 5267 6
894 5212 1124 5285 ποιητὴς
1149 5209 1257 5265 τῶν
1279 5208 1441 5271 ὅλων,
1470 5207 1759 5313 παρείχετο
1775 5224 1791 5255 ι
1824 5205 1916 5261 τὸν

343 5299 614 5382 ἆγιασμδν
629 5309 687 5364 δὲ
706 5309 889 5381 αὐτοῖς
908 5305 967 5358 τὸ
995 5305 1219 5375 Πνεῦμα
1242 5303 1304 5357 τὸ
1337 5302 1491 5371 ἅγιον
1512 5299 1878 5370 συνεπεφερεν
1896 5315 1910 5328 ·

343 5405 406 5464 οὐ
432 5401 540 5474 γὰρ
565 5401 749 5471 νήπιοι
784 5396 1093 5458 κτισθέντες
1119 5394 1170 5451 οι
1191 5392 1442 5462 ἄγγελοι.

414 5490 727 5561 Φοϐηθήτω
766 5489 875 5544 τὸν
920 5488 1139 5556 Κύριον
1155 5483 1324 5540 πᾶσα
1359 5485 1399 5552 ἡ
1584 5479 1687 5536 ἀπ’
1729 5477 1917 5534 αὑτοῦ

230 5585 246 5597 ’
346 5587 412 5647 δὲ
437 5582 908 5651 σαλευθήτωσαν
964 5577 1191 5646 πάντες
1235 5579 1289 5632 ot
1345 5573 1770 5634 κατοικοῦντες
1800 5570 1916 5641 τὴν

417 5766 439 5801 ⁸
478 5762 622 5828 Psal.
659 5774 938 5827 uxxvnt,
972 5756 1061 5814 16.
1138 5755 1156 5787 ³
1197 5752 1341 5809 Psal.
1379 5767 1504 5807 xxvi
1528 5790 1542 5818 ,
1576 5748 1629 5807 6.

2014 3292 2117 3336 nos
2150 3276 2288 3331 nihil
2320 3276 2440 3333 sine
2461 3275 2674 3346 judicio
2717 3290 2898 3346 agere,
2929 3289 3110 3343 neque
3141 3272 3590 3329 irrationabiliter

2015 3368 2335 3440 impetuque
2359 3368 2583 3439 proprio
2619 3368 2771 3431 ferri,
2803 3368 2870 3422 de
2892 3366 3116 3437 agendis
3145 3364 3441 3436 prudenter
3459 3378 3593 3421 con—

2016 3462 2217 3529 sulere,
2261 3477 2327 3517 ac
2374 3477 2486 3533 prae
2517 3461 2795 3523 omnibus,
2844 3459 3231 3515 misericordes
3268 3473 3412 3521 esse,
3456 3472 3589 3531 pec-

2015 3563 2138 3615 cata
2170 3556 2224 3610 in
2254 3568 2358 3615 nos
2390 3553 2634 3609 admissa
2666 3552 2829 3610 facile
2858 3553 3189 3613 condonare,
3213 3548 3503 3605 condolcre
3524 3562 3591 3606 ac

2014 3649 2178 3717 mites
2205 3663 2330 3704 esse
2355 3663 2482 3718 erga
2512 3661 2614 3702 eos
2640 3645 2736 3716 qui
2763 3643 3138 3703 misericordia
3179 3649 3361 3713 egent.

2089 3738 2252 3794 Vens.
2285 3738 2338 3793 6.
2390 3737 2557 3793 Verbo
2581 3737 2797 3792 Domini
2838 3735 2956 3790 caeli
2985 3735 3191 3805 ﬁrmati
3224 3744 3369 3796 sunt,
3399 3742 3448 3788 et
3478 3732 3591 3804 spi-

2015 3833 2125 3895 ritu
2154 3832 2261 3884 oris
2283 3830 2397 3899 ejus
2419 3830 2589 3883 omnis
2613 3828 2779 3882 virtus
2800 3843 3004 3881 eorum.
3030 3827 3077 3879 A
3100 3824 3263 3881 Patre
3287 3826 3455 3897 igitur
3474 3840 3588 3882 om-

2015 3924 2103 3979 nis
2130 3923 2309 3976 virtus
2333 3919 2578 3975 caelestis
2614 3918 2830 3974 ﬁrmata
2873 3927 2979 3979 est,
3013 3918 3067 3971 id
3096 3926 3181 3973 est
3207 3917 3458 3982 ﬁrmitas,
3491 3931 3586 3974 so-

2017 4015 2224 4079 liditas,
2252 4013 2633 4081 stabilitasque
2664 4011 2722 4067 in
2755 4008 3190 4066 sanctiﬁcatione
3223 4023 3288 4064 ac
3312 4010 3461 4064 omni
3492 4023 3589 4065 sa.

2017 4105 2130 4171 cris
2177 4101 2540 4174 potestatibus
2584 4099 2932 4155 convenienti
2984 4101 3187 4155 virtute
3238 4114 3304 4154 ex
3348 4098 3589 4170 Spiritus

2018 4195 2225 4251 auxilio
2257 4194 2385 4248 data
2426 4199 2531 4249 est.
2566 4191 2665 4246 llic
2698 4206 2864 4265 porro
2890 4190 3111 4259 spiritus
3157 4190 3262 4246 aris
3291 4191 3405 4259 ejus
3444 4188 3586 4245 scri-

2017 4294 2169 4357 ptum
2205 4290 2310 4340 est.
2352 4283 2497 4338 Alibi
2524 4295 2744 4354 quoque
2794 4281 3035 4350 reperire
3081 4286 3167 4335 est
3195 4279 3423 4333 verbum
3471 4277 3587 4334 oris

2019 4377 2158 4446 ejus,
2190 4383 2251 4430 ut
2296 4374 2383 4430 his
2432 4374 2770 4444 intelligatur
2818 4371 3070 4426 Salvator
3111 4379 3165 4426 et
3214 4378 3441 4426 sanctus
3466 4369 3589 4439 ejus

2021 4467 2257 4537 Spiritus
2295 4474 2558 4535 :uterque
2598 4476 2764 4533 porro
2810 4461 2866 4514 in
2913 4460 3191 4514 creatione
3224 4458 3487 4514 caelorum
3532 4463 3589 4511 et

2018 4567 2351 4643 potestatum
2379 4572 2572 4613 eorum
2596 4561 2924 4626 coeperatus
2950 4558 3053 4607 cst.
3088 4550 3214 4605 Ideo
3248 4549 3454 4604 dictum
3479 4555 3586 4612 est,

2031 4637 2196 4717 Verbo
2230 4650 2443 4707 Domini
2481 4649 2597 4704 cali
2624 4647 2828 4719 ﬁrmati
2855 4654 2999 4708 sunt,
3037 4651 3087 4697 et
3123 4640 3315 4712 spiritu
3338 4638 3445 4694 oris
3471 4637 3586 4707 ejus

2020 4746 2196 4809 omnis
2218 4745 2385 4804 virtus
2417 4758 2619 4797 eorum.
2657 4738 2804 4794 Nihil
2837 4737 2985 4793 enim
3019 4734 3139 4790 sine
3173 4730 3409 4802 Spiritus
3447 4744 3589 4799 prte-

2021 4840 2200 4895 sentia
2255 4836 2650 4892 sanctiﬁcatur.
2696 4831 2918 4901 Angelis
2958 4828 3124 4898 igitur
3173 4823 3464 4879 transitum
3515 4819 3586 4876 ad

2023 4930 2369 4989 existentiam
2409 4936 2627 4983 creator
2657 4922 2897 4980 Verbum
2921 4916 3172 4991 praebuit,
3202 4914 3583 4970 universorum

2018 5025 2202 5096 opifex
2230 5042 2244 5078 :
2283 5017 2770 5078 sanetilicationem
2801 5026 2930 5069 vero
2961 5008 3152 5066 eodem
3190 5014 3433 5077 tempore
3461 5000 3586 5073 Spi—

2019 5094 2162 5171 ritus
2189 5123 2414 5171 sanctus
2442 5109 2669 5177 indidit;
2699 5123 2810 5163 non
2839 5104 2983 5160 enim
3006 5099 3244 5157 infantes
3278 5094 3448 5153 creati
3484 5108 3586 5150 ano
3676 5176 3679 5179 Ι

2019 5210 2123 5284 geli
2158 5215 2306 5263 sunt.

2092 5474 2258 5531 Vsus.
2293 5472 2348 5537 8,
2378 5471 2431 5527 9.
2475 5469 2679 5525 Timeat
2700 5461 2983 5519 Dominum
3021 5455 3190 5511 omnis
3222 5462 3406 5505 terra:
3434 5444 3499 5502 ab
3520 5459 3583 5500 ca

2023 5578 2198 5624 autem
2223 5570 2646 5623 commoueantur
2665 5571 2839 5612 omnes
2864 5549 3216 5606 inhabitantes
3246 5542 3442 5597 orbem.
3471 5537 3581 5596 Ad-
