  <div class='ocr_page' id='page_1' title='image "/cluster/home/n/w/nwhite01/storage/ocr_20150623/23:no.5/coo.31924054873033/157.png"; bbox 0 0 4100 6372; ppageno 0'>
   <div class='ocr_carea' id='block_1_1' title="bbox 519 293 626 350">
    <p class='ocr_par' dir='ltr' id='par_1_1' title="bbox 519 293 626 350">
     <span class='ocr_line' id='line_1_1' title="bbox 519 293 626 350; baseline 0 0"><span class='ocrx_word' id='word_1_1' title='bbox 519 293 626 350; x_wconf 67' lang='lat'><strong>283</strong></span> 
     </span>
    </p>
   </div>
   <div class='ocr_carea' id='block_1_2' title="bbox 1172 280 3037 355">
    <p class='ocr_par' dir='ltr' id='par_1_2' title="bbox 1172 280 3037 355">
     <span class='ocr_line' id='line_1_2' title="bbox 1172 280 3037 355; baseline -0.002 -14"><span class='ocrx_word' id='word_1_2' title='bbox 1172 285 1446 344; x_wconf 83' lang='lat' dir='ltr'><strong>EUSEBII</strong></span> <span class='ocrx_word' id='word_1_3' title='bbox 1482 282 1961 347; x_wconf 64' lang='lat' dir='ltr'><strong>CESABIENSIS</strong></span> <span class='ocrx_word' id='word_1_4' title='bbox 1998 281 2149 345; x_wconf 84' lang='lat' dir='ltr'><strong>OPP.</strong></span> <span class='ocrx_word' id='word_1_5' title='bbox 2189 283 2370 355; x_wconf 62' lang='lat' dir='ltr'><strong>PARS</strong></span> <span class='ocrx_word' id='word_1_6' title='bbox 2405 282 2493 340; x_wconf 82' lang='grc' dir='ltr'><strong>ιιι.</strong></span> <span class='ocrx_word' id='word_1_7' title='bbox 2533 314 2603 324; x_wconf 91' lang='grc'><strong>--</strong></span> <span class='ocrx_word' id='word_1_8' title='bbox 2630 280 3037 339; x_wconf 72' lang='lat' dir='ltr'><strong>EXECETICA.</strong></span> 
     </span>
    </p>
   </div>
   <div class='ocr_carea' id='block_1_3' title="bbox 3642 282 3744 338">
    <p class='ocr_par' dir='ltr' id='par_1_3' title="bbox 3642 282 3744 338">
     <span class='ocr_line' id='line_1_3' title="bbox 3642 282 3744 338; baseline 0 0"><span class='ocrx_word' id='word_1_9' title='bbox 3642 282 3744 338; x_wconf 65' lang='grc' dir='ltr'><strong>εει</strong></span> 
     </span>
    </p>
   </div>
   <div class='ocr_carea' id='block_1_4' title="bbox 517 397 2067 480">
    <p class='ocr_par' dir='ltr' id='par_1_4' title="bbox 517 402 2067 480">
     <span class='ocr_line' id='line_1_4' title="bbox 517 402 2067 480; baseline -0.008 -12"><span class='ocrx_word' id='word_1_10' title='bbox 517 410 738 468; x_wconf 89' lang='lat' dir='ltr'><strong>modum</strong></span> <span class='ocrx_word' id='word_1_11' title='bbox 763 416 1180 480; x_wconf 74' lang='lat' dir='ltr'><strong>consequenter,</strong></span> <span class='ocrx_word' id='word_1_12' title='bbox 1209 416 1498 479; x_wconf 87' lang='lat' dir='ltr'><strong>postquam</strong></span> <span class='ocrx_word' id='word_1_13' title='bbox 1526 421 1720 478; x_wconf 86' lang='lat' dir='ltr'><strong>magna</strong></span> <span class='ocrx_word' id='word_1_14' title='bbox 1744 404 1839 463; x_wconf 86' lang='lat' dir='ltr'><strong>Dei</strong></span> <span class='ocrx_word' id='word_1_15' title='bbox 1865 402 2067 475; x_wconf 75' lang='lat' dir='ltr'><strong>opiﬁcis</strong></span> 
     </span>
    </p>
   </div>
   <div class='ocr_carea' id='block_1_5' title="bbox 2167 397 3743 480">
    <p class='ocr_par' dir='ltr' id='par_1_5' title="bbox 2179 397 3743 477">
     <span class='ocr_line' id='line_1_5' title="bbox 2179 397 3743 477; baseline -0.003 -22"><span class='ocrx_word' id='word_1_16' title='bbox 2179 405 2559 477; x_wconf 70' lang='grc' dir='ltr'><strong>οἰκουμένην.</strong></span> <span class='ocrx_word' id='word_1_17' title='bbox 2592 400 2803 474; x_wconf 66' lang='grc' dir='ltr'><strong>Σφόδρα</strong></span> <span class='ocrx_word' id='word_1_18' title='bbox 2826 401 2883 470; x_wconf 68' lang='grc' dir='ltr'><strong>δὲ</strong></span> <span class='ocrx_word' id='word_1_19' title='bbox 2911 398 3219 470; x_wconf 79' lang='grc' dir='ltr'><strong>ἀκολούθως</strong></span> <span class='ocrx_word' id='word_1_20' title='bbox 3248 397 3346 462; x_wconf 87' lang='grc' dir='ltr'><strong>τὰς</strong></span> <span class='ocrx_word' id='word_1_21' title='bbox 3371 397 3465 452; x_wconf 85' lang='grc' dir='ltr'><strong>τοῦ</strong></span> <span class='ocrx_word' id='word_1_22' title='bbox 3491 397 3625 452; x_wconf 81' lang='grc' dir='ltr'><strong>Θεοῦ</strong></span> <span class='ocrx_word' id='word_1_23' title='bbox 3655 418 3743 471; x_wconf 83' lang='grc' dir='ltr'><strong>με-</strong></span> 
     </span>
    </p>
   </div>
   <div class='ocr_carea' id='block_1_6' title="bbox 518 499 2080 570">
    <p class='ocr_par' dir='ltr' id='par_1_6' title="bbox 518 499 2080 570">
     <span class='ocr_line' id='line_1_6' title="bbox 518 499 2080 570; baseline -0.004 -12"><span class='ocrx_word' id='word_1_24' title='bbox 518 502 829 564; x_wconf 88' lang='lat' dir='ltr'><strong>declaravit,</strong></span> <span class='ocrx_word' id='word_1_25' title='bbox 857 517 920 558; x_wconf 89' lang='lat' dir='ltr'><strong>ac</strong></span> <span class='ocrx_word' id='word_1_26' title='bbox 950 508 1159 559; x_wconf 90' lang='lat' dir='ltr'><strong>tantum</strong></span> <span class='ocrx_word' id='word_1_27' title='bbox 1186 515 1295 557; x_wconf 90' lang='lat' dir='ltr'><strong>non</strong></span> <span class='ocrx_word' id='word_1_28' title='bbox 1316 500 1386 555; x_wconf 89' lang='lat' dir='ltr'><strong>ob</strong></span> <span class='ocrx_word' id='word_1_29' title='bbox 1406 499 1596 555; x_wconf 90' lang='lat' dir='ltr'><strong>oculos</strong></span> <span class='ocrx_word' id='word_1_30' title='bbox 1616 499 1819 570; x_wconf 87' lang='lat' dir='ltr'><strong>posuit,</strong></span> <span class='ocrx_word' id='word_1_31' title='bbox 1844 504 2080 568; x_wconf 90' lang='lat' dir='ltr'><strong>quantus</strong></span> 
     </span>
    </p>
   </div>
   <div class='ocr_carea' id='block_1_7' title="bbox 518 590 2078 658">
    <p class='ocr_par' dir='ltr' id='par_1_7' title="bbox 518 590 2078 658">
     <span class='ocr_line' id='line_1_7' title="bbox 518 590 2078 658; baseline -0.006 -7"><span class='ocrx_word' id='word_1_32' title='bbox 518 595 591 651; x_wconf 88' lang='lat' dir='ltr'><strong>sit</strong></span> <span class='ocrx_word' id='word_1_33' title='bbox 620 595 709 650; x_wconf 89' lang='lat' dir='ltr'><strong>ille</strong></span> <span class='ocrx_word' id='word_1_34' title='bbox 740 595 930 648; x_wconf 89' lang='lat' dir='ltr'><strong>talium</strong></span> <span class='ocrx_word' id='word_1_35' title='bbox 976 608 1156 649; x_wconf 91' lang='lat' dir='ltr'><strong>rerum</strong></span> <span class='ocrx_word' id='word_1_36' title='bbox 1202 592 1453 647; x_wconf 87' lang='lat' dir='ltr'><strong>conditor</strong></span> <span class='ocrx_word' id='word_1_37' title='bbox 1503 591 1804 658; x_wconf 88' lang='lat' dir='ltr'><strong>Dominus;</strong></span> <span class='ocrx_word' id='word_1_38' title='bbox 1853 604 1977 645; x_wconf 89' lang='lat' dir='ltr'><strong>eum</strong></span> <span class='ocrx_word' id='word_1_39' title='bbox 2006 590 2078 643; x_wconf 89' lang='lat' dir='ltr'><strong>ti-</strong></span> 
     </span>
    </p>
   </div>
   <div class='ocr_carea' id='block_1_8' title="bbox 517 681 2078 756">
    <p class='ocr_par' dir='ltr' id='par_1_8' title="bbox 517 681 2078 756">
     <span class='ocr_line' id='line_1_8' title="bbox 517 681 2078 756; baseline -0.004 -14"><span class='ocrx_word' id='word_1_40' title='bbox 517 701 667 742; x_wconf 85' lang='lat' dir='ltr'><strong>mere</strong></span> <span class='ocrx_word' id='word_1_41' title='bbox 710 684 984 756; x_wconf 74' lang='lat' dir='ltr'><strong>przncepit.</strong></span> <span class='ocrx_word' id='word_1_42' title='bbox 1031 683 1440 753; x_wconf 82' lang='lat' dir='ltr'><strong>Annuntiatque</strong></span> <span class='ocrx_word' id='word_1_43' title='bbox 1470 698 1579 737; x_wconf 87' lang='lat' dir='ltr'><strong>non</strong></span> <span class='ocrx_word' id='word_1_44' title='bbox 1613 682 1754 737; x_wconf 91' lang='lat' dir='ltr'><strong>ultra</strong></span> <span class='ocrx_word' id='word_1_45' title='bbox 1787 682 1947 736; x_wconf 84' lang='lat' dir='ltr'><strong>idolis</strong></span> <span class='ocrx_word' id='word_1_46' title='bbox 1977 681 2078 736; x_wconf 87' lang='lat' dir='ltr'><strong>ad-</strong></span> 
     </span>
    </p>
   </div>
   <div class='ocr_carea' id='block_1_9' title="bbox 517 776 2076 841">
    <p class='ocr_par' dir='ltr' id='par_1_9' title="bbox 517 776 2076 841">
     <span class='ocr_line' id='line_1_9' title="bbox 517 776 2076 841; baseline -0.003 -7"><span class='ocrx_word' id='word_1_47' title='bbox 517 777 816 834; x_wconf 86' lang='lat' dir='ltr'><strong>hibendum</strong></span> <span class='ocrx_word' id='word_1_48' title='bbox 867 778 1127 841; x_wconf 87' lang='lat' dir='ltr'><strong>animum,</strong></span> <span class='ocrx_word' id='word_1_49' title='bbox 1163 792 1273 830; x_wconf 89' lang='lat' dir='ltr'><strong>non</strong></span> <span class='ocrx_word' id='word_1_50' title='bbox 1324 777 1600 831; x_wconf 62' lang='lat' dir='ltr'><strong>damonas</strong></span> <span class='ocrx_word' id='word_1_51' title='bbox 1627 776 1888 832; x_wconf 89' lang='lat' dir='ltr'><strong>colendos</strong></span> <span class='ocrx_word' id='word_1_52' title='bbox 1933 789 2076 838; x_wconf 89' lang='lat' dir='ltr'><strong>esse,</strong></span> 
     </span>
    </p>
   </div>
   <div class='ocr_carea' id='block_1_10' title="bbox 520 868 2080 940">
    <p class='ocr_par' dir='ltr' id='par_1_10' title="bbox 520 868 2080 940">
     <span class='ocr_line' id='line_1_10' title="bbox 520 868 2080 940; baseline -0.003 -12"><span class='ocrx_word' id='word_1_53' title='bbox 520 872 618 928; x_wconf 85' lang='lat' dir='ltr'><strong>sed</strong></span> <span class='ocrx_word' id='word_1_54' title='bbox 664 878 933 924; x_wconf 90' lang='lat' dir='ltr'><strong>tantarum</strong></span> <span class='ocrx_word' id='word_1_55' title='bbox 970 886 1151 925; x_wconf 91' lang='lat' dir='ltr'><strong>rerum</strong></span> <span class='ocrx_word' id='word_1_56' title='bbox 1187 886 1355 924; x_wconf 92' lang='lat' dir='ltr'><strong>unum</strong></span> <span class='ocrx_word' id='word_1_57' title='bbox 1398 871 1664 940; x_wconf 82' lang='lat' dir='ltr'><strong>opiﬁcem.</strong></span> <span class='ocrx_word' id='word_1_58' title='bbox 1715 868 1862 925; x_wconf 82' lang='lat' dir='ltr'><strong>Illius</strong></span> <span class='ocrx_word' id='word_1_59' title='bbox 1896 877 2080 924; x_wconf 89' lang='lat' dir='ltr'><strong>autem</strong></span> 
     </span>
    </p>
   </div>
   <div class='ocr_carea' id='block_1_11' title="bbox 518 958 2075 1031">
    <p class='ocr_par' dir='ltr' id='par_1_11' title="bbox 518 958 2075 1031">
     <span class='ocr_line' id='line_1_11' title="bbox 518 958 2075 1031; baseline -0.002 -15"><span class='ocrx_word' id='word_1_60' title='bbox 518 961 657 1025; x_wconf 89' lang='lat' dir='ltr'><strong>loco,</strong></span> <span class='ocrx_word' id='word_1_61' title='bbox 678 969 1114 1023; x_wconf 77' lang='lat' dir='ltr'><strong>commoveantur,</strong></span> <span class='ocrx_word' id='word_1_62' title='bbox 1143 958 1502 1031; x_wconf 83' lang='lat' dir='ltr'><strong>Symmachus</strong></span> <span class='ocrx_word' id='word_1_63' title='bbox 1531 970 1862 1015; x_wconf 80' lang='lat' dir='ltr'><strong>revereantur</strong></span> <span class='ocrx_word' id='word_1_64' title='bbox 1883 960 2075 1016; x_wconf 78' lang='lat' dir='ltr'><strong>edidit.</strong></span> 
     </span>
    </p>
   </div>
   <div class='ocr_carea' id='block_1_12' title="bbox 516 1051 2079 1122">
    <p class='ocr_par' dir='ltr' id='par_1_12' title="bbox 516 1051 2079 1122">
     <span class='ocr_line' id='line_1_12' title="bbox 516 1051 2079 1122; baseline 0.001 -15"><span class='ocrx_word' id='word_1_65' title='bbox 516 1051 618 1107; x_wconf 81' lang='lat' dir='ltr'><strong>Hic</strong></span> <span class='ocrx_word' id='word_1_66' title='bbox 664 1052 953 1122; x_wconf 77' lang='lat' dir='ltr'><strong>intelligas,</strong></span> <span class='ocrx_word' id='word_1_67' title='bbox 1004 1067 1113 1122; x_wconf 90' lang='lat' dir='ltr'><strong>quo</strong></span> <span class='ocrx_word' id='word_1_68' title='bbox 1144 1059 1304 1122; x_wconf 86' lang='lat' dir='ltr'><strong>pacto</strong></span> <span class='ocrx_word' id='word_1_69' title='bbox 1335 1051 1575 1107; x_wconf 79' lang='lat' dir='ltr'><strong>futurum</strong></span> <span class='ocrx_word' id='word_1_70' title='bbox 1619 1059 1736 1108; x_wconf 89' lang='lat' dir='ltr'><strong>erat</strong></span> <span class='ocrx_word' id='word_1_71' title='bbox 1786 1060 1846 1107; x_wconf 93' lang='lat' dir='ltr'><strong>ut</strong></span> <span class='ocrx_word' id='word_1_72' title='bbox 1892 1052 1963 1107; x_wconf 86' lang='lat' dir='ltr'><strong>ab</strong></span> <span class='ocrx_word' id='word_1_73' title='bbox 2010 1066 2079 1109; x_wconf 84' lang='lat' dir='ltr'><strong>eo</strong></span> 
     </span>
    </p>
   </div>
   <div class='ocr_carea' id='block_1_13' title="bbox 516 1144 2077 1208">
    <p class='ocr_par' dir='ltr' id='par_1_13' title="bbox 516 1144 2077 1208">
     <span class='ocr_line' id='line_1_13' title="bbox 516 1144 2077 1208; baseline -0.001 -8"><span class='ocrx_word' id='word_1_74' title='bbox 516 1152 988 1203; x_wconf 82' lang='lat' dir='ltr'><strong>commoverentur</strong></span> <span class='ocrx_word' id='word_1_75' title='bbox 1057 1160 1246 1201; x_wconf 87' lang='lat' dir='ltr'><strong>omnes</strong></span> <span class='ocrx_word' id='word_1_76' title='bbox 1310 1146 1678 1203; x_wconf 90' lang='lat' dir='ltr'><strong>inhabitantes</strong></span> <span class='ocrx_word' id='word_1_77' title='bbox 1744 1144 1970 1208; x_wconf 85' lang='lat' dir='ltr'><strong>orbem,</strong></span> <span class='ocrx_word' id='word_1_78' title='bbox 2030 1144 2077 1199; x_wconf 86' lang='lat' dir='ltr'><strong>si</strong></span> 
     </span>
    </p>
   </div>
   <div class='ocr_carea' id='block_1_14' title="bbox 515 1235 2076 1308">
    <p class='ocr_par' dir='ltr' id='par_1_14' title="bbox 515 1235 2076 1308">
     <span class='ocr_line' id='line_1_14' title="bbox 515 1235 2076 1308; baseline 0.001 -19"><span class='ocrx_word' id='word_1_79' title='bbox 515 1236 697 1290; x_wconf 84' lang='lat' dir='ltr'><strong>animo</strong></span> <span class='ocrx_word' id='word_1_80' title='bbox 724 1236 1030 1306; x_wconf 86' lang='lat' dir='ltr'><strong>perpendas</strong></span> <span class='ocrx_word' id='word_1_81' title='bbox 1074 1252 1183 1306; x_wconf 89' lang='lat' dir='ltr'><strong>qua</strong></span> <span class='ocrx_word' id='word_1_82' title='bbox 1233 1237 1447 1293; x_wconf 80' lang='lat' dir='ltr'><strong>ratione</strong></span> <span class='ocrx_word' id='word_1_83' title='bbox 1495 1253 1594 1307; x_wconf 91' lang='lat' dir='ltr'><strong>per</strong></span> <span class='ocrx_word' id='word_1_84' title='bbox 1638 1235 2076 1308; x_wconf 63' lang='lat' dir='ltr'><strong>praedicationem</strong></span> 
     </span>
    </p>
   </div>
   <div class='ocr_carea' id='block_1_15' title="bbox 510 1327 2077 1397">
    <p class='ocr_par' dir='ltr' id='par_1_15' title="bbox 510 1327 2077 1397">
     <span class='ocr_line' id='line_1_15' title="bbox 510 1327 2077 1397; baseline 0.001 -15"><span class='ocrx_word' id='word_1_85' title='bbox 510 1327 878 1397; x_wconf 86' lang='lat' dir='ltr'><strong>evangelicam</strong></span> <span class='ocrx_word' id='word_1_86' title='bbox 900 1334 965 1382; x_wconf 79' lang='lat' dir='ltr'><strong>et</strong></span> <span class='ocrx_word' id='word_1_87' title='bbox 998 1327 1295 1383; x_wconf 83' lang='lat' dir='ltr'><strong>salutarem</strong></span> <span class='ocrx_word' id='word_1_88' title='bbox 1340 1328 1648 1385; x_wconf 83' lang='lat' dir='ltr'><strong>doctrinam</strong></span> <span class='ocrx_word' id='word_1_89' title='bbox 1697 1329 1753 1383; x_wconf 90' lang='lat' dir='ltr'><strong>in</strong></span> <span class='ocrx_word' id='word_1_90' title='bbox 1802 1335 1917 1383; x_wconf 92' lang='lat' dir='ltr'><strong>toto</strong></span> <span class='ocrx_word' id='word_1_91' title='bbox 1944 1327 2077 1383; x_wconf 84' lang='lat' dir='ltr'><strong>orbe</strong></span> 
     </span>
    </p>
   </div>
   <div class='ocr_carea' id='block_1_16' title="bbox 512 1413 2076 1486">
    <p class='ocr_par' dir='ltr' id='par_1_16' title="bbox 512 1413 2076 1486">
     <span class='ocr_line' id='line_1_16' title="bbox 512 1413 2076 1486; baseline 0.003 -14"><span class='ocrx_word' id='word_1_92' title='bbox 512 1413 769 1474; x_wconf 64' lang='lat' dir='ltr'><strong>Ecclesiae</strong></span> <span class='ocrx_word' id='word_1_93' title='bbox 796 1417 909 1473; x_wconf 90' lang='lat' dir='ltr'><strong>Deo</strong></span> <span class='ocrx_word' id='word_1_94' title='bbox 942 1419 1251 1475; x_wconf 69' lang='lat' dir='ltr'><strong>constituta:</strong></span> <span class='ocrx_word' id='word_1_95' title='bbox 1283 1420 1415 1486; x_wconf 92' lang='lat' dir='ltr'><strong>sint,</strong></span> <span class='ocrx_word' id='word_1_96' title='bbox 1448 1434 1609 1476; x_wconf 84' lang='lat' dir='ltr'><strong>aures</strong></span> <span class='ocrx_word' id='word_1_97' title='bbox 1638 1421 1881 1475; x_wconf 89' lang='lat' dir='ltr'><strong>omnium</strong></span> <span class='ocrx_word' id='word_1_98' title='bbox 1911 1421 2076 1476; x_wconf 86' lang='lat' dir='ltr'><strong>verbo</strong></span> 
     </span>
    </p>
   </div>
   <div class='ocr_carea' id='block_1_17' title="bbox 513 1509 2076 1581">
    <p class='ocr_par' dir='ltr' id='par_1_17' title="bbox 513 1509 2076 1581">
     <span class='ocr_line' id='line_1_17' title="bbox 513 1509 2076 1581; baseline 0.002 -17"><span class='ocrx_word' id='word_1_99' title='bbox 513 1510 729 1579; x_wconf 71' lang='lat' dir='ltr'><strong>repleta:</strong></span> <span class='ocrx_word' id='word_1_100' title='bbox 756 1548 773 1575; x_wconf 93' lang='lat'><strong>,</strong></span> <span class='ocrx_word' id='word_1_101' title='bbox 822 1509 1173 1581; x_wconf 82' lang='lat' dir='ltr'><strong>universique</strong></span> <span class='ocrx_word' id='word_1_102' title='bbox 1231 1511 1480 1567; x_wconf 89' lang='lat' dir='ltr'><strong>homines</strong></span> <span class='ocrx_word' id='word_1_103' title='bbox 1526 1511 1619 1566; x_wconf 85' lang='lat' dir='ltr'><strong>illa</strong></span> <span class='ocrx_word' id='word_1_104' title='bbox 1672 1518 1824 1565; x_wconf 89' lang='lat' dir='ltr'><strong>tanta</strong></span> <span class='ocrx_word' id='word_1_105' title='bbox 1873 1510 2076 1567; x_wconf 82' lang='lat' dir='ltr'><strong>virtute</strong></span> 
     </span>
    </p>
   </div>
   <div class='ocr_carea' id='block_1_18' title="bbox 511 1599 2074 1673">
    <p class='ocr_par' dir='ltr' id='par_1_18' title="bbox 511 1599 2074 1673">
     <span class='ocr_line' id='line_1_18' title="bbox 511 1599 2074 1673; baseline 0.003 -21"><span class='ocrx_word' id='word_1_106' title='bbox 511 1599 790 1665; x_wconf 90' lang='lat' dir='ltr'><strong>commoti,</strong></span> <span class='ocrx_word' id='word_1_107' title='bbox 828 1616 894 1655; x_wconf 93' lang='lat' dir='ltr'><strong>ac</strong></span> <span class='ocrx_word' id='word_1_108' title='bbox 925 1601 1119 1655; x_wconf 86' lang='lat' dir='ltr'><strong>mutati</strong></span> <span class='ocrx_word' id='word_1_109' title='bbox 1149 1615 1180 1656; x_wconf 90' lang='lat' dir='ltr'><strong>a</strong></span> <span class='ocrx_word' id='word_1_110' title='bbox 1208 1602 1442 1673; x_wconf 85' lang='lat' dir='ltr'><strong>pristino</strong></span> <span class='ocrx_word' id='word_1_111' title='bbox 1467 1601 1734 1656; x_wconf 82' lang='lat' dir='ltr'><strong>idolorum</strong></span> <span class='ocrx_word' id='word_1_112' title='bbox 1768 1616 1972 1665; x_wconf 89' lang='lat' dir='ltr'><strong>errore,</strong></span> <span class='ocrx_word' id='word_1_113' title='bbox 2006 1600 2074 1656; x_wconf 91' lang='lat' dir='ltr'><strong>ad</strong></span> 
     </span>
    </p>
   </div>
   <div class='ocr_carea' id='block_1_19' title="bbox 510 1692 2072 1762">
    <p class='ocr_par' dir='ltr' id='par_1_19' title="bbox 510 1692 2072 1762">
     <span class='ocr_line' id='line_1_19' title="bbox 510 1692 2072 1762; baseline -0.001 -16"><span class='ocrx_word' id='word_1_114' title='bbox 510 1708 650 1747; x_wconf 81' lang='lat' dir='ltr'><strong>vera:</strong></span> <span class='ocrx_word' id='word_1_115' title='bbox 676 1693 893 1762; x_wconf 86' lang='lat' dir='ltr'><strong>pietatis</strong></span> <span class='ocrx_word' id='word_1_116' title='bbox 916 1694 1390 1749; x_wconf 88' lang='lat' dir='ltr'><strong>commonitionem</strong></span> <span class='ocrx_word' id='word_1_117' title='bbox 1416 1692 1780 1749; x_wconf 80' lang='lat' dir='ltr'><strong>accesserint:</strong></span> <span class='ocrx_word' id='word_1_118' title='bbox 1808 1693 2072 1759; x_wconf 84' lang='lat' dir='ltr'><strong>Quoniam</strong></span> 
     </span>
    </p>
   </div>
   <div class='ocr_carea' id='block_1_20' title="bbox 2181 489 3744 565">
    <p class='ocr_par' dir='ltr' id='par_1_20' title="bbox 2181 489 3744 565">
     <span class='ocr_line' id='line_1_20' title="bbox 2181 489 3744 565; baseline -0.002 -18"><span class='ocrx_word' id='word_1_119' title='bbox 2181 493 2511 564; x_wconf 84' lang='grc' dir='ltr'><strong>γαλουργίας</strong></span> <span class='ocrx_word' id='word_1_120' title='bbox 2572 494 2944 565; x_wconf 83' lang='grc' dir='ltr'><strong>παραστήσας,</strong></span> <span class='ocrx_word' id='word_1_121' title='bbox 2984 491 3078 545; x_wconf 65' lang='grc' dir='ltr'><strong>καὶ⁸</strong></span> <span class='ocrx_word' id='word_1_122' title='bbox 3119 490 3395 562; x_wconf 79' lang='grc' dir='ltr'><strong>μονονουχὶ</strong></span> <span class='ocrx_word' id='word_1_123' title='bbox 3455 489 3744 561; x_wconf 77' lang='grc' dir='ltr'><strong>ὀφθαλμοῖς</strong></span> 
     </span>
    </p>
   </div>
   <div class='ocr_carea' id='block_1_21' title="bbox 2179 580 3744 655">
    <p class='ocr_par' dir='ltr' id='par_1_21' title="bbox 2179 580 3744 655">
     <span class='ocr_line' id='line_1_21' title="bbox 2179 580 3744 655; baseline -0.002 -19"><span class='ocrx_word' id='word_1_124' title='bbox 2179 584 2448 653; x_wconf 74' lang='grc' dir='ltr'><strong>ἐπιδείξας</strong></span> <span class='ocrx_word' id='word_1_125' title='bbox 2480 584 2737 655; x_wconf 86' lang='grc' dir='ltr'><strong>ὁπηλίκος</strong></span> <span class='ocrx_word' id='word_1_126' title='bbox 2760 584 2904 645; x_wconf 58' lang='grc' dir='ltr'><strong>ἐστὶν</strong></span> <span class='ocrx_word' id='word_1_127' title='bbox 2934 583 2963 635; x_wconf 81' lang='grc' dir='ltr'>ὁ</span> <span class='ocrx_word' id='word_1_128' title='bbox 2986 582 3094 636; x_wconf 75' lang='grc' dir='ltr'><strong>τῶν</strong></span> <span class='ocrx_word' id='word_1_129' title='bbox 3118 582 3369 635; x_wconf 80' lang='grc' dir='ltr'><strong>τοιούτων</strong></span> <span class='ocrx_word' id='word_1_130' title='bbox 3418 580 3744 652; x_wconf 83' lang='grc' dir='ltr'><strong>δημιουργὸς</strong></span> 
     </span>
    </p>
   </div>
   <div class='ocr_carea' id='block_1_22' title="bbox 2178 671 3744 749">
    <p class='ocr_par' dir='ltr' id='par_1_22' title="bbox 2178 671 3744 749">
     <span class='ocr_line' id='line_1_22' title="bbox 2178 671 3744 749; baseline -0.001 -20"><span class='ocrx_word' id='word_1_131' title='bbox 2178 675 2401 749; x_wconf 81' lang='grc' dir='ltr'><strong>Κύριος,</strong></span> <span class='ocrx_word' id='word_1_132' title='bbox 2436 675 2868 747; x_wconf 80' lang='grc' dir='ltr'><strong>παρακελεύεται</strong></span> <span class='ocrx_word' id='word_1_133' title='bbox 2918 673 3104 727; x_wconf 78' lang='grc' dir='ltr'><strong>τοῦτον</strong></span> <span class='ocrx_word' id='word_1_134' title='bbox 3164 671 3461 741; x_wconf 79' lang='grc' dir='ltr'><strong>φοϐεῖσθαι.</strong></span> <span class='ocrx_word' id='word_1_135' title='bbox 3511 673 3744 741; x_wconf 76' lang='grc' dir='ltr'><strong>Εύαγγε-</strong></span> 
     </span>
    </p>
   </div>
   <div class='ocr_carea' id='block_1_23' title="bbox 2178 765 3744 838">
    <p class='ocr_par' dir='ltr' id='par_1_23' title="bbox 2178 765 3744 838">
     <span class='ocr_line' id='line_1_23' title="bbox 2178 765 3744 838; baseline -0.001 -18"><span class='ocrx_word' id='word_1_136' title='bbox 2178 765 2384 831; x_wconf 76' lang='grc' dir='ltr'><strong>λίζεται</strong></span> <span class='ocrx_word' id='word_1_137' title='bbox 2408 767 2464 820; x_wconf 81' lang='grc' dir='ltr'><strong>δὲ</strong></span> <span class='ocrx_word' id='word_1_138' title='bbox 2498 766 2731 830; x_wconf 79' lang='grc' dir='ltr'><strong>εἰδώλοις</strong></span> <span class='ocrx_word' id='word_1_139' title='bbox 2768 767 2965 838; x_wconf 79' lang='grc' dir='ltr'><strong>μηκέτι</strong></span> <span class='ocrx_word' id='word_1_140' title='bbox 2997 765 3285 837; x_wconf 84' lang='grc' dir='ltr'><strong>προσέχειν</strong></span> <span class='ocrx_word' id='word_1_141' title='bbox 3301 766 3391 819; x_wconf 79' lang='grc' dir='ltr'><strong>τὸν</strong></span> <span class='ocrx_word' id='word_1_142' title='bbox 3422 765 3569 838; x_wconf 72' lang='grc' dir='ltr'><strong>νοῦν,</strong></span> <span class='ocrx_word' id='word_1_143' title='bbox 3609 766 3744 837; x_wconf 77' lang='grc' dir='ltr'><strong>μήτε</strong></span> 
     </span>
    </p>
   </div>
   <div class='ocr_carea' id='block_1_24' title="bbox 2177 855 3746 928">
    <p class='ocr_par' dir='ltr' id='par_1_24' title="bbox 2177 855 3746 928">
     <span class='ocr_line' id='line_1_24' title="bbox 2177 855 3746 928; baseline -0.001 -16"><span class='ocrx_word' id='word_1_144' title='bbox 2177 857 2435 928; x_wconf 85' lang='grc' dir='ltr'><strong>δαίμονας</strong></span> <span class='ocrx_word' id='word_1_145' title='bbox 2464 858 2733 925; x_wconf 77' lang='grc' dir='ltr'><strong>σέϐεσθαι,</strong></span> <span class='ocrx_word' id='word_1_146' title='bbox 2764 858 2898 911; x_wconf 88' lang='grc' dir='ltr'><strong>ἀλλά</strong></span> <span class='ocrx_word' id='word_1_147' title='bbox 2923 858 3013 910; x_wconf 80' lang='grc' dir='ltr'><strong>τὸν</strong></span> <span class='ocrx_word' id='word_1_148' title='bbox 3036 857 3301 911; x_wconf 80' lang='grc' dir='ltr'><strong>τοσούτων</strong></span> <span class='ocrx_word' id='word_1_149' title='bbox 3324 858 3571 927; x_wconf 79' lang='grc' dir='ltr'><strong>ποιητήν.</strong></span> <span class='ocrx_word' id='word_1_150' title='bbox 3603 855 3746 911; x_wconf 74' lang='grc' dir='ltr'><strong>Ἀντὶ</strong></span> 
     </span>
    </p>
   </div>
   <div class='ocr_carea' id='block_1_25' title="bbox 2176 948 3745 1021">
    <p class='ocr_par' dir='ltr' id='par_1_25' title="bbox 2176 948 3745 1021">
     <span class='ocr_line' id='line_1_25' title="bbox 2176 948 3745 1021; baseline 0 -18"><span class='ocrx_word' id='word_1_151' title='bbox 2176 949 2232 1003; x_wconf 81' lang='grc' dir='ltr'><strong>δὲ</strong></span> <span class='ocrx_word' id='word_1_152' title='bbox 2258 949 2374 1021; x_wconf 83' lang='grc' dir='ltr'><strong>τοῦ,</strong></span> <span class='ocrx_word' id='word_1_153' title='bbox 2409 949 2900 1017; x_wconf 65' lang='grc' dir='ltr'><strong>σαλευθήτωσαν,</strong></span> <span class='ocrx_word' id='word_1_154' title='bbox 2924 951 2953 1002; x_wconf 87' lang='grc' dir='ltr'>ὀ</span> <span class='ocrx_word' id='word_1_155' title='bbox 2994 949 3308 1021; x_wconf 81' lang='grc' dir='ltr'><strong>Σύμμαχος,</strong></span> <span class='ocrx_word' id='word_1_156' title='bbox 3351 948 3745 1013; x_wconf 69' lang='grc' dir='ltr'><strong>εὐλαϐεῖσθαι-</strong></span> 
     </span>
    </p>
   </div>
   <div class='ocr_carea' id='block_1_26' title="bbox 2178 1039 3743 1112">
    <p class='ocr_par' dir='ltr' id='par_1_26' title="bbox 2178 1039 3743 1112">
     <span class='ocr_line' id='line_1_26' title="bbox 2178 1039 3743 1112; baseline 0.001 -18"><span class='ocrx_word' id='word_1_157' title='bbox 2178 1056 2319 1105; x_wconf 86' lang='grc' dir='ltr'><strong>σαν,</strong></span> <span class='ocrx_word' id='word_1_158' title='bbox 2375 1040 2622 1106; x_wconf 77' lang='grc' dir='ltr'><strong>ἐξέδωκε.</strong></span> <span class='ocrx_word' id='word_1_159' title='bbox 2663 1041 2899 1112; x_wconf 81' lang='grc' dir='ltr'><strong>Νοήσεις</strong></span> <span class='ocrx_word' id='word_1_160' title='bbox 2937 1040 3083 1104; x_wconf 83' lang='grc' dir='ltr'><strong>ὅπως</strong></span> <span class='ocrx_word' id='word_1_161' title='bbox 3145 1040 3368 1111; x_wconf 77' lang='grc' dir='ltr'><strong>ἔμελλον</strong></span> <span class='ocrx_word' id='word_1_162' title='bbox 3419 1039 3743 1096; x_wconf 70' lang='grc' dir='ltr'><strong>σαλεύεσθαι</strong></span> 
     </span>
    </p>
   </div>
   <div class='ocr_carea' id='block_1_27' title="bbox 2176 1131 3741 1204">
    <p class='ocr_par' dir='ltr' id='par_1_27' title="bbox 2176 1131 3741 1204">
     <span class='ocr_line' id='line_1_27' title="bbox 2176 1131 3741 1204; baseline 0 -18"><span class='ocrx_word' id='word_1_163' title='bbox 2176 1134 2273 1186; x_wconf 87' lang='grc' dir='ltr'><strong>ἀπ’</strong></span> <span class='ocrx_word' id='word_1_164' title='bbox 2302 1132 2466 1192; x_wconf 79' lang='grc' dir='ltr'><strong>αὑτοῦ</strong></span> <span class='ocrx_word' id='word_1_165' title='bbox 2496 1133 2695 1197; x_wconf 83' lang='grc' dir='ltr'><strong>πάντες</strong></span> <span class='ocrx_word' id='word_1_166' title='bbox 2727 1133 2775 1185; x_wconf 89' lang='grc' dir='ltr'><strong>οἱ</strong></span> <span class='ocrx_word' id='word_1_167' title='bbox 2822 1132 3198 1195; x_wconf 77' lang='grc' dir='ltr'><strong>κατοικοῦντες</strong></span> <span class='ocrx_word' id='word_1_168' title='bbox 3258 1131 3355 1203; x_wconf 83' lang='grc' dir='ltr'><strong>τὴν</strong></span> <span class='ocrx_word' id='word_1_169' title='bbox 3398 1131 3741 1204; x_wconf 81' lang='grc' dir='ltr'><strong>οἰκουμένην,</strong></span> 
     </span>
    </p>
   </div>
   <div class='ocr_carea' id='block_1_28' title="bbox 2176 1216 3744 1293">
    <p class='ocr_par' dir='ltr' id='par_1_28' title="bbox 2176 1216 3744 1293">
     <span class='ocr_line' id='line_1_28' title="bbox 2176 1216 3744 1293; baseline -0.003 -19"><span class='ocrx_word' id='word_1_170' title='bbox 2176 1223 2474 1293; x_wconf 75' lang='grc' dir='ltr'><strong>ἐπιστήσας</strong></span> <span class='ocrx_word' id='word_1_171' title='bbox 2493 1220 2592 1293; x_wconf 82' lang='grc' dir='ltr'><strong>τὴν</strong></span> <span class='ocrx_word' id='word_1_172' title='bbox 2631 1220 2886 1285; x_wconf 88' lang='grc' dir='ltr'><strong>διάνοιαν,</strong></span> <span class='ocrx_word' id='word_1_173' title='bbox 2933 1219 3009 1283; x_wconf 87' lang='grc' dir='ltr'><strong>ὡς</strong></span> <span class='ocrx_word' id='word_1_174' title='bbox 3060 1218 3152 1273; x_wconf 76' lang='grc' dir='ltr'><strong>ἐπὶ</strong></span> <span class='ocrx_word' id='word_1_175' title='bbox 3190 1217 3269 1291; x_wconf 75' lang='grc' dir='ltr'><strong>τῷ</strong></span> <span class='ocrx_word' id='word_1_176' title='bbox 3330 1217 3640 1289; x_wconf 65' lang='grc' dir='ltr'><strong>κηρύγματι</strong></span> <span class='ocrx_word' id='word_1_177' title='bbox 3666 1216 3744 1288; x_wconf 82' lang='grc' dir='ltr'><strong>τῷ</strong></span> 
     </span>
    </p>
   </div>
   <div class='ocr_carea' id='block_1_29' title="bbox 2177 1306 3745 1383">
    <p class='ocr_par' dir='ltr' id='par_1_29' title="bbox 2177 1306 3745 1383">
     <span class='ocr_line' id='line_1_29' title="bbox 2177 1306 3745 1383; baseline -0.005 -17"><span class='ocrx_word' id='word_1_178' title='bbox 2177 1311 2510 1383; x_wconf 82' lang='grc' dir='ltr'><strong>εὐαγγελικῷ</strong></span> <span class='ocrx_word' id='word_1_179' title='bbox 2540 1312 2633 1365; x_wconf 74' lang='grc' dir='ltr'><strong>καὶ</strong></span> <span class='ocrx_word' id='word_1_180' title='bbox 2653 1314 2719 1383; x_wconf 78' lang='grc' dir='ltr'><strong>τῇ</strong></span> <span class='ocrx_word' id='word_1_181' title='bbox 2751 1311 3003 1381; x_wconf 78' lang='grc' dir='ltr'><strong>σωτηρίῳ</strong></span> <span class='ocrx_word' id='word_1_182' title='bbox 3025 1308 3333 1380; x_wconf 76' lang='grc' dir='ltr'><strong>διδασκαλίᾳ</strong></span> <span class='ocrx_word' id='word_1_183' title='bbox 3360 1306 3480 1361; x_wconf 79' lang='grc' dir='ltr'><strong>καθ’</strong></span> <span class='ocrx_word' id='word_1_184' title='bbox 3497 1307 3622 1378; x_wconf 80' lang='grc' dir='ltr'><strong>ὅλης</strong></span> <span class='ocrx_word' id='word_1_185' title='bbox 3646 1309 3745 1378; x_wconf 83' lang='grc' dir='ltr'><strong>τῆς</strong></span> 
     </span>
    </p>
   </div>
   <div class='ocr_carea' id='block_1_30' title="bbox 2174 1398 3743 1476">
    <p class='ocr_par' dir='ltr' id='par_1_30' title="bbox 2174 1398 3743 1476">
     <span class='ocr_line' id='line_1_30' title="bbox 2174 1398 3743 1476; baseline -0.006 -17"><span class='ocrx_word' id='word_1_186' title='bbox 2174 1404 2496 1476; x_wconf 67' lang='grc' dir='ltr'><strong>οἰκουμένης</strong></span> <span class='ocrx_word' id='word_1_187' title='bbox 2528 1404 2843 1475; x_wconf 83' lang='grc' dir='ltr'><strong>Ἐκκλησίαι</strong></span> <span class='ocrx_word' id='word_1_188' title='bbox 2875 1402 2952 1473; x_wconf 83' lang='grc' dir='ltr'><strong>τῷ</strong></span> <span class='ocrx_word' id='word_1_189' title='bbox 2971 1400 3088 1472; x_wconf 86' lang='grc' dir='ltr'><strong>Θεῷ</strong></span> <span class='ocrx_word' id='word_1_190' title='bbox 3114 1400 3464 1471; x_wconf 86' lang='grc' dir='ltr'><strong>συνέστησαν·</strong></span> <span class='ocrx_word' id='word_1_191' title='bbox 3495 1398 3647 1471; x_wconf 72' lang='grc' dir='ltr'><strong>πᾶσά</strong></span> <span class='ocrx_word' id='word_1_192' title='bbox 3683 1415 3743 1452; x_wconf 89' lang='grc' dir='ltr'><strong>τε</strong></span> 
     </span>
    </p>
   </div>
   <div class='ocr_carea' id='block_1_31' title="bbox 2174 1491 3745 1569">
    <p class='ocr_par' dir='ltr' id='par_1_31' title="bbox 2174 1491 3745 1569">
     <span class='ocr_line' id='line_1_31' title="bbox 2174 1491 3745 1569; baseline -0.006 -16"><span class='ocrx_word' id='word_1_193' title='bbox 2174 1497 2310 1569; x_wconf 79' lang='grc' dir='ltr'><strong>ἀκοὴ</strong></span> <span class='ocrx_word' id='word_1_194' title='bbox 2338 1495 2626 1569; x_wconf 78' lang='grc' dir='ltr'><strong>ἐπληρώθη</strong></span> <span class='ocrx_word' id='word_1_195' title='bbox 2648 1496 2741 1550; x_wconf 78' lang='grc' dir='ltr'><strong>τοῦ</strong></span> <span class='ocrx_word' id='word_1_196' title='bbox 2777 1495 2960 1564; x_wconf 72' lang='grc' dir='ltr'><strong>λόγον,</strong></span> <span class='ocrx_word' id='word_1_197' title='bbox 2995 1495 3089 1547; x_wconf 59' lang='grc' dir='ltr'><strong>καὶ⁸</strong></span> <span class='ocrx_word' id='word_1_198' title='bbox 3123 1492 3324 1561; x_wconf 80' lang='grc' dir='ltr'><strong>πάντες</strong></span> <span class='ocrx_word' id='word_1_199' title='bbox 3348 1492 3623 1565; x_wconf 77' lang='grc' dir='ltr'><strong>ἄνθρωποι</strong></span> <span class='ocrx_word' id='word_1_200' title='bbox 3650 1491 3745 1544; x_wconf 82' lang='grc' dir='ltr'><strong>ἐπὶ</strong></span> 
     </span>
    </p>
   </div>
   <div class='ocr_carea' id='block_1_32' title="bbox 2170 1569 3745 1662">
    <p class='ocr_par' dir='ltr' id='par_1_32' title="bbox 2170 1569 3745 1662">
     <span class='ocr_line' id='line_1_32' title="bbox 2170 1569 3745 1662; baseline -0.003 -19"><span class='ocrx_word' id='word_1_201' title='bbox 2170 1593 2238 1661; x_wconf 81' lang='grc' dir='ltr'><strong>τῇ</strong></span> <span class='ocrx_word' id='word_1_202' title='bbox 2266 1589 2503 1662; x_wconf 81' lang='grc' dir='ltr'><strong>τοσαύτῃ</strong></span> <span class='ocrx_word' id='word_1_203' title='bbox 2531 1588 2757 1658; x_wconf 85' lang='grc' dir='ltr'><strong>δυνάμει</strong></span> <span class='ocrx_word' id='word_1_204' title='bbox 2816 1585 3143 1656; x_wconf 86' lang='grc' dir='ltr'><strong>κεκίνηνται,</strong></span> <span class='ocrx_word' id='word_1_205' title='bbox 3182 1569 3605 1655; x_wconf 76' lang='grc' dir='ltr'><strong>μεταϐάλλοντες</strong></span> <span class='ocrx_word' id='word_1_206' title='bbox 3637 1581 3745 1638; x_wconf 72' lang='grc' dir='ltr'><strong>ἀπὸ</strong></span> 
     </span>
    </p>
   </div>
   <div class='ocr_carea' id='block_1_33' title="bbox 2174 1674 3815 1752">
    <p class='ocr_par' dir='ltr' id='par_1_33' title="bbox 2174 1674 3815 1752">
     <span class='ocr_line' id='line_1_33' title="bbox 2174 1674 3815 1752; baseline -0.005 -18"><span class='ocrx_word' id='word_1_207' title='bbox 2174 1684 2271 1752; x_wconf 77' lang='grc' dir='ltr'><strong>τῆς</strong></span> <span class='ocrx_word' id='word_1_208' title='bbox 2327 1680 2598 1752; x_wconf 80' lang='grc' dir='ltr'><strong>προτέρας</strong></span> <span class='ocrx_word' id='word_1_209' title='bbox 2662 1678 2791 1749; x_wconf 77' lang='grc' dir='ltr'><strong>περὶ</strong></span> <span class='ocrx_word' id='word_1_210' title='bbox 2835 1677 2923 1731; x_wconf 85' lang='grc' dir='ltr'><strong>-τά</strong></span> <span class='ocrx_word' id='word_1_211' title='bbox 2984 1677 3175 1730; x_wconf 79' lang='grc' dir='ltr'><strong>εἴδωλα</strong></span> <span class='ocrx_word' id='word_1_212' title='bbox 3225 1676 3451 1746; x_wconf 83' lang='grc' dir='ltr'><strong>πλάνης,</strong></span> <span class='ocrx_word' id='word_1_213' title='bbox 3522 1674 3617 1741; x_wconf 77' lang='grc' dir='ltr'><strong>καὶ</strong></span> <span class='ocrx_word' id='word_1_214' title='bbox 3662 1675 3743 1739; x_wconf 85' lang='grc' dir='ltr'><strong>είς</strong></span> <span class='ocrx_word' id='word_1_215' title='bbox 3806 1682 3815 1691; x_wconf 89' lang='grc'><em>’</em></span> 
     </span>
    </p>
   </div>
   <div class='ocr_carea' id='block_1_34' title="bbox 510 1767 2067 1865">
    <p class='ocr_par' dir='ltr' id='par_1_34' title="bbox 510 1783 2067 1865">
     <span class='ocr_line' id='line_1_34' title="bbox 510 1783 2067 1865; baseline -0.001 -28"><span class='ocrx_word' id='word_1_216' title='bbox 510 1784 620 1853; x_wconf 82' lang='lat' dir='ltr'><strong>ipse</strong></span> <span class='ocrx_word' id='word_1_217' title='bbox 646 1784 801 1851; x_wconf 74' lang='lat' dir='ltr'><strong>dixit,</strong></span> <span class='ocrx_word' id='word_1_218' title='bbox 835 1794 883 1841; x_wconf 84' lang='lat' dir='ltr'><strong>et</strong></span> <span class='ocrx_word' id='word_1_219' title='bbox 933 1785 1076 1854; x_wconf 76' lang='lat' dir='ltr'><strong>facta</strong></span> <span class='ocrx_word' id='word_1_220' title='bbox 1108 1796 1268 1865; x_wconf 54' lang='lat' dir='ltr'><strong>sunt;</strong></span> <span class='ocrx_word' id='word_1_221' title='bbox 1317 1786 1426 1856; x_wconf 80' lang='lat' dir='ltr'><strong>ipse</strong></span> <span class='ocrx_word' id='word_1_222' title='bbox 1474 1783 1767 1851; x_wconf 79' lang='lat' dir='ltr'><strong>mandavit,</strong></span> <span class='ocrx_word' id='word_1_223' title='bbox 1813 1793 1863 1839; x_wconf 88' lang='lat' dir='ltr'><strong>et</strong></span> <span class='ocrx_word' id='word_1_224' title='bbox 1888 1793 2067 1838; x_wconf 83' lang='lat' dir='ltr'><strong>creata</strong></span> 
     </span>
    </p>
   </div>
   <div class='ocr_carea' id='block_1_35' title="bbox 2167 1767 3823 1865">
    <p class='ocr_par' dir='ltr' id='par_1_35' title="bbox 2170 1767 3823 1843">
     <span class='ocr_line' id='line_1_35' title="bbox 2170 1767 3823 1843; baseline -0.002 -17"><span class='ocrx_word' id='word_1_225' title='bbox 2170 1773 2474 1843; x_wconf 80' lang='grc' dir='ltr'><strong>ὑπόμνησιν</strong></span> <span class='ocrx_word' id='word_1_226' title='bbox 2500 1770 2742 1835; x_wconf 77' lang='grc' dir='ltr'><strong>ἐλθόντες</strong></span> <span class='ocrx_word' id='word_1_227' title='bbox 2761 1770 2860 1842; x_wconf 86' lang='grc' dir='ltr'><strong>τῆς</strong></span> <span class='ocrx_word' id='word_1_228' title='bbox 2881 1768 3111 1840; x_wconf 78' lang='grc' dir='ltr'><strong>ἀληθοῦς</strong></span> <span class='ocrx_word' id='word_1_229' title='bbox 3143 1767 3330 1822; x_wconf 78' lang='grc' dir='ltr'><strong>εύσεὸε</strong></span> <span class='ocrx_word' id='word_1_230' title='bbox 3341 1768 3442 1831; x_wconf 89' lang='grc' dir='ltr'><strong>ίας·</strong></span> <span class='ocrx_word' id='word_1_231' title='bbox 3476 1767 3613 1820; x_wconf 78' lang='grc' dir='ltr'><strong>Ὀτι</strong></span> <span class='ocrx_word' id='word_1_232' title='bbox 3637 1767 3744 1820; x_wconf 84' lang='grc' dir='ltr'><strong>αὐ·</strong></span> <span class='ocrx_word' id='word_1_233' title='bbox 3795 1796 3823 1823; x_wconf 77' lang='grc' dir='ltr'><strong>ο</strong></span> 
     </span>
    </p>
   </div>
   <div class='ocr_carea' id='block_1_36' title="bbox 508 1887 649 1932">
    <p class='ocr_par' dir='ltr' id='par_1_36' title="bbox 508 1887 649 1932">
     <span class='ocr_line' id='line_1_36' title="bbox 508 1887 649 1932; baseline 0 0"><span class='ocrx_word' id='word_1_234' title='bbox 508 1887 649 1932; x_wconf 82' lang='lat' dir='ltr'><strong>sunt.</strong></span> 
     </span>
    </p>
   </div>
   <div class='ocr_carea' id='block_1_37' title="bbox 565 2056 2070 2127">
    <p class='ocr_par' dir='ltr' id='par_1_37' title="bbox 565 2056 2070 2127">
     <span class='ocr_line' id='line_1_37' title="bbox 565 2056 2070 2127; baseline -0.001 -14"><span class='ocrx_word' id='word_1_235' title='bbox 565 2057 732 2115; x_wconf 71' lang='lat' dir='ltr'><strong>Vens.</strong></span> <span class='ocrx_word' id='word_1_236' title='bbox 763 2059 846 2115; x_wconf 87' lang='lat' dir='ltr'><strong>IO.</strong></span> <span class='ocrx_word' id='word_1_237' title='bbox 876 2058 1131 2113; x_wconf 75' lang='lat' dir='ltr'><strong>Dominus</strong></span> <span class='ocrx_word' id='word_1_238' title='bbox 1159 2058 1385 2127; x_wconf 83' lang='lat' dir='ltr'><strong>dissipat</strong></span> <span class='ocrx_word' id='word_1_239' title='bbox 1441 2056 1666 2111; x_wconf 81' lang='lat' dir='ltr'><strong>consilia</strong></span> <span class='ocrx_word' id='word_1_240' title='bbox 1698 2056 1948 2127; x_wconf 86' lang='lat' dir='ltr'><strong>gentium,</strong></span> <span class='ocrx_word' id='word_1_241' title='bbox 1987 2072 2070 2113; x_wconf 56' lang='lat' dir='ltr'><strong>ree</strong></span> 
     </span>
    </p>
   </div>
   <div class='ocr_carea' id='block_1_38' title="bbox 504 2146 2070 2221">
    <p class='ocr_par' dir='ltr' id='par_1_38' title="bbox 504 2146 2070 2221">
     <span class='ocr_line' id='line_1_38' title="bbox 504 2146 2070 2221; baseline -0.003 -16"><span class='ocrx_word' id='word_1_242' title='bbox 504 2150 693 2220; x_wconf 80' lang='lat' dir='ltr'><strong>probat</strong></span> <span class='ocrx_word' id='word_1_243' title='bbox 741 2159 917 2205; x_wconf 78' lang='lat' dir='ltr'><strong>autem</strong></span> <span class='ocrx_word' id='word_1_244' title='bbox 971 2150 1310 2221; x_wconf 77' lang='lat' dir='ltr'><strong>cogitationes</strong></span> <span class='ocrx_word' id='word_1_245' title='bbox 1343 2148 1672 2218; x_wconf 84' lang='lat' dir='ltr'><strong>populorum,</strong></span> <span class='ocrx_word' id='word_1_246' title='bbox 1724 2155 1773 2200; x_wconf 81' lang='lat' dir='ltr'><strong>et</strong></span> <span class='ocrx_word' id='word_1_247' title='bbox 1825 2146 2070 2215; x_wconf 84' lang='lat' dir='ltr'><strong>reprobat</strong></span> 
     </span>
    </p>
   </div>
   <div class='ocr_carea' id='block_1_39' title="bbox 505 2239 2071 2312">
    <p class='ocr_par' dir='ltr' id='par_1_39' title="bbox 505 2239 2071 2312">
     <span class='ocr_line' id='line_1_39' title="bbox 505 2239 2071 2312; baseline -0.003 -15"><span class='ocrx_word' id='word_1_248' title='bbox 505 2243 731 2297; x_wconf 72' lang='lat' dir='ltr'><strong>consilia</strong></span> <span class='ocrx_word' id='word_1_249' title='bbox 767 2242 1082 2312; x_wconf 83' lang='lat' dir='ltr'><strong>principum.</strong></span> <span class='ocrx_word' id='word_1_250' title='bbox 1124 2240 1262 2307; x_wconf 80' lang='lat' dir='ltr'><strong>Quia</strong></span> <span class='ocrx_word' id='word_1_251' title='bbox 1309 2239 1528 2295; x_wconf 76' lang='lat' dir='ltr'><strong>videbat</strong></span> <span class='ocrx_word' id='word_1_252' title='bbox 1565 2239 1791 2309; x_wconf 88' lang='lat' dir='ltr'><strong>spiritus</strong></span> <span class='ocrx_word' id='word_1_253' title='bbox 1836 2239 2071 2309; x_wconf 86' lang='lat' dir='ltr'><strong>prophe-</strong></span> 
     </span>
    </p>
   </div>
   <div class='ocr_carea' id='block_1_40' title="bbox 505 2330 2070 2403">
    <p class='ocr_par' dir='ltr' id='par_1_40' title="bbox 505 2330 2070 2403">
     <span class='ocr_line' id='line_1_40' title="bbox 505 2330 2070 2403; baseline -0.005 -12"><span class='ocrx_word' id='word_1_254' title='bbox 505 2337 651 2392; x_wconf 88' lang='lat' dir='ltr'><strong>ticus</strong></span> <span class='ocrx_word' id='word_1_255' title='bbox 676 2335 918 2390; x_wconf 80' lang='lat' dir='ltr'><strong>futurum</strong></span> <span class='ocrx_word' id='word_1_256' title='bbox 941 2348 1081 2399; x_wconf 88' lang='lat' dir='ltr'><strong>esse,</strong></span> <span class='ocrx_word' id='word_1_257' title='bbox 1109 2340 1169 2387; x_wconf 91' lang='lat' dir='ltr'><strong>ut</strong></span> <span class='ocrx_word' id='word_1_258' title='bbox 1190 2330 1656 2403; x_wconf 86' lang='lat' dir='ltr'><strong>persecutionibus</strong></span> <span class='ocrx_word' id='word_1_259' title='bbox 1683 2330 2070 2384; x_wconf 81' lang='lat' dir='ltr'><strong>amictarenlur</strong></span> 
     </span>
    </p>
   </div>
   <div class='ocr_carea' id='block_1_41' title="bbox 505 2423 2065 2498">
    <p class='ocr_par' dir='ltr' id='par_1_41' title="bbox 505 2423 2065 2498">
     <span class='ocr_line' id='line_1_41' title="bbox 505 2423 2065 2498; baseline -0.005 -15"><span class='ocrx_word' id='word_1_260' title='bbox 505 2428 543 2483; x_wconf 91' lang='lat' dir='ltr'><strong>ii</strong></span> <span class='ocrx_word' id='word_1_261' title='bbox 576 2429 670 2498; x_wconf 89' lang='lat' dir='ltr'><strong>qui</strong></span> <span class='ocrx_word' id='word_1_262' title='bbox 700 2443 731 2481; x_wconf 91' lang='lat' dir='ltr'><strong>a</strong></span> <span class='ocrx_word' id='word_1_263' title='bbox 764 2426 946 2497; x_wconf 85' lang='lat' dir='ltr'><strong>prisca</strong></span> <span class='ocrx_word' id='word_1_264' title='bbox 1008 2426 1097 2480; x_wconf 86' lang='lat' dir='ltr'><strong>illa</strong></span> <span class='ocrx_word' id='word_1_265' title='bbox 1160 2424 1545 2493; x_wconf 87' lang='lat' dir='ltr'><strong>superstitione</strong></span> <span class='ocrx_word' id='word_1_266' title='bbox 1585 2423 1854 2479; x_wconf 87' lang='lat' dir='ltr'><strong>recessuri</strong></span> <span class='ocrx_word' id='word_1_267' title='bbox 1888 2429 2065 2489; x_wconf 89' lang='lat' dir='ltr'><strong>erant,</strong></span> 
     </span>
    </p>
   </div>
   <div class='ocr_carea' id='block_1_42' title="bbox 503 2515 2069 2581">
    <p class='ocr_par' dir='ltr' id='par_1_42' title="bbox 503 2515 2069 2581">
     <span class='ocr_line' id='line_1_42' title="bbox 503 2515 2069 2581; baseline -0.004 -5"><span class='ocrx_word' id='word_1_268' title='bbox 503 2527 560 2576; x_wconf 87' lang='lat' dir='ltr'><strong>et</strong></span> <span class='ocrx_word' id='word_1_269' title='bbox 587 2520 883 2575; x_wconf 88' lang='lat' dir='ltr'><strong>multorum</strong></span> <span class='ocrx_word' id='word_1_270' title='bbox 913 2518 1137 2573; x_wconf 90' lang='lat' dir='ltr'><strong>deorum</strong></span> <span class='ocrx_word' id='word_1_271' title='bbox 1171 2530 1415 2571; x_wconf 86' lang='lat' dir='ltr'><strong>errorem</strong></span> <span class='ocrx_word' id='word_1_272' title='bbox 1465 2515 1785 2581; x_wconf 89' lang='lat' dir='ltr'><strong>aversaturi,</strong></span> <span class='ocrx_word' id='word_1_273' title='bbox 1840 2523 1897 2570; x_wconf 88' lang='lat' dir='ltr'><strong>ut</strong></span> <span class='ocrx_word' id='word_1_274' title='bbox 1947 2530 2069 2570; x_wconf 85' lang='lat' dir='ltr'><strong>sese</strong></span> 
     </span>
    </p>
   </div>
   <div class='ocr_carea' id='block_1_43' title="bbox 502 2607 2066 2674">
    <p class='ocr_par' dir='ltr' id='par_1_43' title="bbox 502 2607 2066 2674">
     <span class='ocr_line' id='line_1_43' title="bbox 502 2607 2066 2674; baseline -0.003 -7"><span class='ocrx_word' id='word_1_275' title='bbox 502 2613 570 2667; x_wconf 85' lang='lat' dir='ltr'><strong>ad</strong></span> <span class='ocrx_word' id='word_1_276' title='bbox 605 2613 983 2667; x_wconf 86' lang='lat' dir='ltr'><strong>universorum</strong></span> <span class='ocrx_word' id='word_1_277' title='bbox 1010 2609 1296 2663; x_wconf 89' lang='lat' dir='ltr'><strong>Dominum</strong></span> <span class='ocrx_word' id='word_1_278' title='bbox 1319 2614 1731 2674; x_wconf 86' lang='lat' dir='ltr'><strong>converterent;</strong></span> <span class='ocrx_word' id='word_1_279' title='bbox 1757 2607 2066 2662; x_wconf 85' lang='lat' dir='ltr'><strong>necessario</strong></span> 
     </span>
    </p>
   </div>
   <div class='ocr_carea' id='block_1_44' title="bbox 502 2698 2063 2773">
    <p class='ocr_par' dir='ltr' id='par_1_44' title="bbox 502 2698 2063 2773">
     <span class='ocr_line' id='line_1_44' title="bbox 502 2698 2063 2773; baseline -0.004 -15"><span class='ocrx_word' id='word_1_280' title='bbox 502 2703 746 2773; x_wconf 66' lang='lat' dir='ltr'><strong>praecipit</strong></span> <span class='ocrx_word' id='word_1_281' title='bbox 768 2702 871 2767; x_wconf 89' lang='lat' dir='ltr'><strong>eis,</strong></span> <span class='ocrx_word' id='word_1_282' title='bbox 906 2700 997 2772; x_wconf 88' lang='lat' dir='ltr'><strong>qui</strong></span> <span class='ocrx_word' id='word_1_283' title='bbox 1036 2715 1219 2755; x_wconf 89' lang='lat' dir='ltr'><strong>rerum</strong></span> <span class='ocrx_word' id='word_1_284' title='bbox 1246 2698 1488 2753; x_wconf 90' lang='lat' dir='ltr'><strong>omnium</strong></span> <span class='ocrx_word' id='word_1_285' title='bbox 1517 2698 1766 2768; x_wconf 87' lang='lat' dir='ltr'><strong>opiﬁcem</strong></span> <span class='ocrx_word' id='word_1_286' title='bbox 1794 2700 2063 2765; x_wconf 83' lang='lat' dir='ltr'><strong>noverint,</strong></span> 
     </span>
    </p>
   </div>
   <div class='ocr_carea' id='block_1_45' title="bbox 499 2790 2071 2864">
    <p class='ocr_par' dir='ltr' id='par_1_45' title="bbox 499 2790 2071 2864">
     <span class='ocr_line' id='line_1_45' title="bbox 499 2790 2071 2864; baseline -0.003 -13"><span class='ocrx_word' id='word_1_287' title='bbox 499 2805 560 2851; x_wconf 89' lang='lat' dir='ltr'><strong>ut</strong></span> <span class='ocrx_word' id='word_1_288' title='bbox 589 2794 865 2851; x_wconf 89' lang='lat' dir='ltr'><strong>immissos</strong></span> <span class='ocrx_word' id='word_1_289' title='bbox 899 2807 930 2846; x_wconf 88' lang='lat' dir='ltr'><strong>a</strong></span> <span class='ocrx_word' id='word_1_290' title='bbox 969 2792 1224 2864; x_wconf 89' lang='lat' dir='ltr'><strong>gentibus</strong></span> <span class='ocrx_word' id='word_1_291' title='bbox 1252 2791 1310 2845; x_wconf 90' lang='lat' dir='ltr'><strong>in</strong></span> <span class='ocrx_word' id='word_1_292' title='bbox 1354 2790 1672 2846; x_wconf 88' lang='lat' dir='ltr'><strong>inﬁdelitate</strong></span> <span class='ocrx_word' id='word_1_293' title='bbox 1713 2804 2071 2860; x_wconf 53' lang='lat' dir='ltr'><strong>perseverans</strong></span> 
     </span>
    </p>
   </div>
   <div class='ocr_carea' id='block_1_46' title="bbox 500 2883 2062 2955">
    <p class='ocr_par' dir='ltr' id='par_1_46' title="bbox 500 2883 2062 2955">
     <span class='ocr_line' id='line_1_46' title="bbox 500 2883 2062 2955; baseline -0.003 -13"><span class='ocrx_word' id='word_1_294' title='bbox 500 2888 648 2944; x_wconf 82' lang='lat' dir='ltr'><strong>tibus</strong></span> <span class='ocrx_word' id='word_1_295' title='bbox 682 2898 940 2951; x_wconf 85' lang='lat' dir='ltr'><strong>terrores,</strong></span> <span class='ocrx_word' id='word_1_296' title='bbox 990 2901 1289 2955; x_wconf 88' lang='lat' dir='ltr'><strong>eorumque</strong></span> <span class='ocrx_word' id='word_1_297' title='bbox 1334 2885 1509 2938; x_wconf 81' lang='lat' dir='ltr'><strong>minas</strong></span> <span class='ocrx_word' id='word_1_298' title='bbox 1538 2898 1649 2938; x_wconf 90' lang='lat' dir='ltr'><strong>non</strong></span> <span class='ocrx_word' id='word_1_299' title='bbox 1687 2883 2062 2939; x_wconf 74' lang='lat' dir='ltr'><strong>reformident.</strong></span> 
     </span>
    </p>
   </div>
   <div class='ocr_carea' id='block_1_47' title="bbox 500 2975 2067 3043">
    <p class='ocr_par' dir='ltr' id='par_1_47' title="bbox 500 2975 2067 3043">
     <span class='ocr_line' id='line_1_47' title="bbox 500 2975 2067 3043; baseline -0.001 -11"><span class='ocrx_word' id='word_1_300' title='bbox 500 2978 653 3036; x_wconf 84' lang='lat' dir='ltr'><strong>Licet</strong></span> <span class='ocrx_word' id='word_1_301' title='bbox 680 2979 825 3035; x_wconf 89' lang='lat' dir='ltr'><strong>enim</strong></span> <span class='ocrx_word' id='word_1_302' title='bbox 858 2977 1070 3032; x_wconf 87' lang='lat' dir='ltr'><strong>inﬁnita</strong></span> <span class='ocrx_word' id='word_1_303' title='bbox 1099 2983 1290 3032; x_wconf 89' lang='lat' dir='ltr'><strong>contra</strong></span> <span class='ocrx_word' id='word_1_304' title='bbox 1323 2990 1420 3031; x_wconf 89' lang='lat' dir='ltr'><strong>vos</strong></span> <span class='ocrx_word' id='word_1_305' title='bbox 1462 2976 1797 3043; x_wconf 84' lang='lat' dir='ltr'><strong>moliantur;</strong></span> <span class='ocrx_word' id='word_1_306' title='bbox 1833 2985 1887 3029; x_wconf 88' lang='lat' dir='ltr'><strong>at</strong></span> <span class='ocrx_word' id='word_1_307' title='bbox 1929 2975 2067 3030; x_wconf 89' lang='lat' dir='ltr'><strong>nihil</strong></span> 
     </span>
    </p>
   </div>
   <div class='ocr_carea' id='block_1_48' title="bbox 2173 1856 3741 1932">
    <p class='ocr_par' dir='ltr' id='par_1_48' title="bbox 2173 1856 3741 1932">
     <span class='ocr_line' id='line_1_48' title="bbox 2173 1856 3741 1932; baseline -0.004 -13"><span class='ocrx_word' id='word_1_308' title='bbox 2173 1865 2275 1931; x_wconf 78' lang='grc' dir='ltr'><strong>τὸς</strong></span> <span class='ocrx_word' id='word_1_309' title='bbox 2304 1860 2451 1929; x_wconf 80' lang='grc' dir='ltr'><strong>εἶπε,</strong></span> <span class='ocrx_word' id='word_1_310' title='bbox 2476 1864 2575 1918; x_wconf 76' lang='grc' dir='ltr'><strong>καί</strong></span> <span class='ocrx_word' id='word_1_311' title='bbox 2609 1860 3001 1932; x_wconf 64' lang='grc' dir='ltr'><strong>ἐγενήθησαν·</strong></span> <span class='ocrx_word' id='word_1_312' title='bbox 3044 1859 3230 1927; x_wconf 73' lang='grc' dir='ltr'><strong>αὐτὸς</strong></span> <span class='ocrx_word' id='word_1_313' title='bbox 3260 1858 3613 1924; x_wconf 78' lang='grc' dir='ltr'><strong>ἐνετείλατο,</strong></span> <span class='ocrx_word' id='word_1_314' title='bbox 3644 1856 3741 1912; x_wconf 71' lang='grc' dir='ltr'><strong>καὶ</strong></span> 
     </span>
    </p>
   </div>
   <div class='ocr_carea' id='block_1_49' title="bbox 2173 1954 2559 2023">
    <p class='ocr_par' dir='ltr' id='par_1_49' title="bbox 2173 1954 2559 2023">
     <span class='ocr_line' id='line_1_49' title="bbox 2173 1954 2559 2023; baseline 0 -15"><span class='ocrx_word' id='word_1_315' title='bbox 2173 1954 2559 2023; x_wconf 77' lang='grc' dir='ltr'><strong>ἐκτίσθησαν.</strong></span> 
     </span>
    </p>
   </div>
   <div class='ocr_carea' id='block_1_50' title="bbox 2243 2036 3745 2115">
    <p class='ocr_par' dir='ltr' id='par_1_50' title="bbox 2243 2036 3745 2115">
     <span class='ocr_line' id='line_1_50' title="bbox 2243 2036 3745 2115; baseline -0.003 -13"><span class='ocrx_word' id='word_1_316' title='bbox 2243 2048 2457 2115; x_wconf 82' lang='grc' dir='ltr'><strong>Κύριος</strong></span> <span class='ocrx_word' id='word_1_317' title='bbox 2480 2045 2846 2108; x_wconf 83' lang='grc' dir='ltr'><strong>διασκεδάζει</strong></span> <span class='ocrx_word' id='word_1_318' title='bbox 2879 2045 3114 2111; x_wconf 75' lang='grc' dir='ltr'><strong>,βουλὰς</strong></span> <span class='ocrx_word' id='word_1_319' title='bbox 3162 2042 3351 2109; x_wconf 72' lang='grc' dir='ltr'><strong>ἐθνῶν</strong></span> <span class='ocrx_word' id='word_1_320' title='bbox 3368 2083 3383 2108; x_wconf 94' lang='grc'><strong>,</strong></span> <span class='ocrx_word' id='word_1_321' title='bbox 3453 2038 3652 2107; x_wconf 79' lang='grc' dir='ltr'><strong>ἀθετεῖ</strong></span> <span class='ocrx_word' id='word_1_322' title='bbox 3675 2036 3745 2097; x_wconf 66' lang='grc' dir='ltr'><strong>δὲ</strong></span> 
     </span>
    </p>
   </div>
   <div class='ocr_carea' id='block_1_51' title="bbox 2172 2131 3744 2209">
    <p class='ocr_par' dir='ltr' id='par_1_51' title="bbox 2172 2131 3744 2209">
     <span class='ocr_line' id='line_1_51' title="bbox 2172 2131 3744 2209; baseline -0.019 2"><span class='ocrx_word' id='word_1_323' title='bbox 2172 2139 2502 2209; x_wconf 75' lang='grc' dir='ltr'><strong>λογισμοὺς</strong></span> <span class='ocrx_word' id='word_1_324' title='bbox 2548 2138 2734 2203; x_wconf 70' lang='grc' dir='ltr'><strong>λαῶν,</strong></span> <span class='ocrx_word' id='word_1_325' title='bbox 2800 2139 2899 2193; x_wconf 74' lang='grc' dir='ltr'><strong>καί</strong></span> <span class='ocrx_word' id='word_1_326' title='bbox 2966 2136 3165 2199; x_wconf 76' lang='grc' dir='ltr'><strong>ἀθετεῖ</strong></span> <span class='ocrx_word' id='word_1_327' title='bbox 3223 2132 3459 2201; x_wconf 69' lang='grc' dir='ltr'><strong>,ϐουλὰς</strong></span> <span class='ocrx_word' id='word_1_328' title='bbox 3523 2131 3744 2205; x_wconf 73' lang='grc' dir='ltr'><strong>ἀρχόν·-</strong></span> 
     </span>
    </p>
   </div>
   <div class='ocr_carea' id='block_1_52' title="bbox 2172 2220 3741 2302">
    <p class='ocr_par' dir='ltr' id='par_1_52' title="bbox 2172 2220 3741 2302">
     <span class='ocr_line' id='line_1_52' title="bbox 2172 2220 3741 2302; baseline -0.008 -17"><span class='ocrx_word' id='word_1_329' title='bbox 2172 2249 2311 2285; x_wconf 62' lang='lat' dir='ltr'><strong>tam.</strong></span> <span class='ocrx_word' id='word_1_330' title='bbox 2357 2233 2505 2285; x_wconf 75' lang='grc' dir='ltr'><strong>Ἐπεὶ</strong></span> <span class='ocrx_word' id='word_1_331' title='bbox 2561 2231 2803 2302; x_wconf 83' lang='grc' dir='ltr'><strong>συνεώρα</strong></span> <span class='ocrx_word' id='word_1_332' title='bbox 2852 2230 2915 2283; x_wconf 79' lang='grc' dir='ltr'><strong>τὸ</strong></span> <span class='ocrx_word' id='word_1_333' title='bbox 2973 2227 3307 2300; x_wconf 74' lang='grc' dir='ltr'><strong>προφητικὸν</strong></span> <span class='ocrx_word' id='word_1_334' title='bbox 3359 2222 3575 2294; x_wconf 79' lang='grc' dir='ltr'><strong>πνεῦμα</strong></span> <span class='ocrx_word' id='word_1_335' title='bbox 3615 2220 3741 2292; x_wconf 77' lang='grc' dir='ltr'><strong>μέλ-</strong></span> 
     </span>
    </p>
   </div>
   <div class='ocr_carea' id='block_1_53' title="bbox 2156 2312 3741 2391">
    <p class='ocr_par' dir='ltr' id='par_1_53' title="bbox 2156 2312 3741 2391">
     <span class='ocr_line' id='line_1_53' title="bbox 2156 2312 3741 2391; baseline -0.007 -17"><span class='ocrx_word' id='word_1_336' title='bbox 2156 2322 2362 2385; x_wconf 79' lang='grc' dir='ltr'><strong>ολοντας</strong></span> <span class='ocrx_word' id='word_1_337' title='bbox 2389 2321 2711 2388; x_wconf 83' lang='grc' dir='ltr'><strong>ἐξάπτεσθαι</strong></span> <span class='ocrx_word' id='word_1_338' title='bbox 2770 2321 3039 2391; x_wconf 71' lang='grc' dir='ltr'><strong>διωγμοὺς</strong></span> <span class='ocrx_word' id='word_1_339' title='bbox 3088 2318 3227 2372; x_wconf 86' lang='grc' dir='ltr'><strong>κατά</strong></span> <span class='ocrx_word' id='word_1_340' title='bbox 3257 2316 3364 2369; x_wconf 84' lang='grc' dir='ltr'><strong>τῶν</strong></span> <span class='ocrx_word' id='word_1_341' title='bbox 3395 2312 3741 2384; x_wconf 82' lang='grc' dir='ltr'><strong>ἀναχωρούν-</strong></span> 
     </span>
    </p>
   </div>
   <div class='ocr_carea' id='block_1_54' title="bbox 2171 2406 3740 2485">
    <p class='ocr_par' dir='ltr' id='par_1_54' title="bbox 2171 2406 3740 2485">
     <span class='ocr_line' id='line_1_54' title="bbox 2171 2406 3740 2485; baseline -0.006 -18"><span class='ocrx_word' id='word_1_342' title='bbox 2171 2431 2280 2467; x_wconf 85' lang='grc' dir='ltr'><strong>των</strong></span> <span class='ocrx_word' id='word_1_343' title='bbox 2309 2414 2407 2485; x_wconf 86' lang='grc' dir='ltr'><strong>μὲν</strong></span> <span class='ocrx_word' id='word_1_344' title='bbox 2426 2414 2523 2485; x_wconf 85' lang='grc' dir='ltr'><strong>τῆς</strong></span> <span class='ocrx_word' id='word_1_345' title='bbox 2551 2412 2818 2485; x_wconf 78' lang='grc' dir='ltr'><strong>προτέρας</strong></span> <span class='ocrx_word' id='word_1_346' title='bbox 2838 2406 3252 2481; x_wconf 73' lang='grc' dir='ltr'><strong>δεισιδαιμονίας</strong></span> <span class='ocrx_word' id='word_1_347' title='bbox 3280 2408 3375 2462; x_wconf 74' lang='grc' dir='ltr'><strong>καὶ</strong></span> <span class='ocrx_word' id='word_1_348' title='bbox 3398 2410 3740 2476; x_wconf 82' lang='grc' dir='ltr'><strong>ἀποστρεφο-</strong></span> 
     </span>
    </p>
   </div>
   <div class='ocr_carea' id='block_1_55' title="bbox 2140 2494 3739 2571">
    <p class='ocr_par' dir='ltr' id='par_1_55' title="bbox 2140 2494 3739 2571">
     <span class='ocr_line' id='line_1_55' title="bbox 2140 2494 3739 2571; baseline -0.003 -21"><span class='ocrx_word' id='word_1_349' title='bbox 2140 2546 2145 2549; x_wconf 92' lang='grc'>.</span> <span class='ocrx_word' id='word_1_350' title='bbox 2177 2499 2353 2569; x_wconf 86' lang='grc' dir='ltr'><strong>μένων</strong></span> <span class='ocrx_word' id='word_1_351' title='bbox 2372 2501 2471 2571; x_wconf 84' lang='grc' dir='ltr'><strong>τὴν</strong></span> <span class='ocrx_word' id='word_1_352' title='bbox 2515 2499 2771 2554; x_wconf 86' lang='grc' dir='ltr'><strong>πολύθεον</strong></span> <span class='ocrx_word' id='word_1_353' title='bbox 2822 2498 3048 2569; x_wconf 81' lang='grc' dir='ltr'><strong>πλάνην,</strong></span> <span class='ocrx_word' id='word_1_354' title='bbox 3080 2498 3173 2551; x_wconf 82' lang='grc' dir='ltr'><strong>ἐπὶ</strong></span> <span class='ocrx_word' id='word_1_355' title='bbox 3225 2497 3282 2551; x_wconf 81' lang='grc' dir='ltr'><strong>δέ</strong></span> <span class='ocrx_word' id='word_1_356' title='bbox 3322 2496 3411 2550; x_wconf 79' lang='grc' dir='ltr'><strong>τὸν</strong></span> <span class='ocrx_word' id='word_1_357' title='bbox 3461 2495 3567 2549; x_wconf 84' lang='grc' dir='ltr'><strong>τῶν</strong></span> <span class='ocrx_word' id='word_1_358' title='bbox 3603 2494 3739 2548; x_wconf 84' lang='grc' dir='ltr'><strong>ὅλων</strong></span> 
     </span>
    </p>
   </div>
   <div class='ocr_carea' id='block_1_56' title="bbox 2172 2586 3741 2663">
    <p class='ocr_par' dir='ltr' id='par_1_56' title="bbox 2172 2586 3741 2663">
     <span class='ocr_line' id='line_1_56' title="bbox 2172 2586 3741 2663; baseline -0.004 -18"><span class='ocrx_word' id='word_1_359' title='bbox 2172 2591 2375 2663; x_wconf 83' lang='grc' dir='ltr'><strong>Κύριον</strong></span> <span class='ocrx_word' id='word_1_360' title='bbox 2403 2592 2854 2661; x_wconf 82' lang='grc' dir='ltr'><strong>ἐπιστρεφόντων,</strong></span> <span class='ocrx_word' id='word_1_361' title='bbox 2903 2588 3211 2658; x_wconf 79' lang='grc' dir='ltr'><strong>ἀναγκαίως</strong></span> <span class='ocrx_word' id='word_1_362' title='bbox 3255 2588 3364 2641; x_wconf 85' lang='grc' dir='ltr'><strong>τῶν</strong></span> <span class='ocrx_word' id='word_1_363' title='bbox 3407 2590 3463 2641; x_wconf 92' lang='grc' dir='ltr'><strong>ἐν</strong></span> <span class='ocrx_word' id='word_1_364' title='bbox 3512 2586 3741 2658; x_wconf 80' lang='grc' dir='ltr'><strong>ἀπιστίᾳ</strong></span> 
     </span>
    </p>
   </div>
   <div class='ocr_carea' id='block_1_57' title="bbox 2175 2676 3741 2755">
    <p class='ocr_par' dir='ltr' id='par_1_57' title="bbox 2175 2676 3741 2755">
     <span class='ocr_line' id='line_1_57' title="bbox 2175 2676 3741 2755; baseline -0.004 -18"><span class='ocrx_word' id='word_1_365' title='bbox 2175 2683 2469 2755; x_wconf 87' lang='grc' dir='ltr'><strong>μεινάντων</strong></span> <span class='ocrx_word' id='word_1_366' title='bbox 2507 2682 2674 2736; x_wconf 83' lang='grc' dir='ltr'><strong>ἐθνῶν</strong></span> <span class='ocrx_word' id='word_1_367' title='bbox 2733 2684 2858 2746; x_wconf 76' lang='grc' dir='ltr'><strong>τοὺς</strong></span> <span class='ocrx_word' id='word_1_368' title='bbox 2887 2682 3081 2751; x_wconf 71' lang='grc' dir='ltr'><strong>φόϐους</strong></span> <span class='ocrx_word' id='word_1_369' title='bbox 3111 2682 3204 2735; x_wconf 80' lang='grc' dir='ltr'><strong>καὶ</strong></span> <span class='ocrx_word' id='word_1_370' title='bbox 3255 2679 3353 2743; x_wconf 78' lang='grc' dir='ltr'><strong>τὰς</strong></span> <span class='ocrx_word' id='word_1_371' title='bbox 3401 2677 3628 2742; x_wconf 83' lang='grc' dir='ltr'><strong>ἀπειλὰς</strong></span> <span class='ocrx_word' id='word_1_372' title='bbox 3664 2676 3741 2749; x_wconf 83' lang='grc' dir='ltr'><strong>μὴ</strong></span> 
     </span>
    </p>
   </div>
   <div class='ocr_carea' id='block_1_58' title="bbox 2170 2754 3755 2846">
    <p class='ocr_par' dir='ltr' id='par_1_58' title="bbox 2170 2754 3755 2846">
     <span class='ocr_line' id='line_1_58' title="bbox 2170 2754 3755 2846; baseline -0.004 -17"><span class='ocrx_word' id='word_1_373' title='bbox 2170 2775 2395 2829; x_wconf 85' lang='grc' dir='ltr'><strong>δεδιέναι</strong></span> <span class='ocrx_word' id='word_1_374' title='bbox 2427 2773 2853 2846; x_wconf 72' lang='grc' dir='ltr'><strong>παρακελεύεται</strong></span> <span class='ocrx_word' id='word_1_375' title='bbox 2886 2776 2997 2837; x_wconf 87' lang='grc' dir='ltr'><strong>τοῖς</strong></span> <span class='ocrx_word' id='word_1_376' title='bbox 3030 2773 3145 2843; x_wconf 33' lang='grc' dir='ltr'><strong>τῶν,</strong></span> <span class='ocrx_word' id='word_1_377' title='bbox 3193 2770 3329 2826; x_wconf 84' lang='grc' dir='ltr'><strong>ὅλων</strong></span> <span class='ocrx_word' id='word_1_378' title='bbox 3360 2769 3586 2842; x_wconf 81' lang='grc' dir='ltr'><strong>ποιητὴν</strong></span> <span class='ocrx_word' id='word_1_379' title='bbox 3612 2754 3755 2823; x_wconf 54' lang='grc' dir='ltr'><strong>ἐπεέ</strong></span> 
     </span>
    </p>
   </div>
   <div class='ocr_carea' id='block_1_59' title="bbox 2170 2859 3741 2938">
    <p class='ocr_par' dir='ltr' id='par_1_59' title="bbox 2170 2859 3741 2938">
     <span class='ocr_line' id='line_1_59' title="bbox 2170 2859 3741 2938; baseline -0.006 -16"><span class='ocrx_word' id='word_1_380' title='bbox 2170 2867 2456 2937; x_wconf 87' lang='grc' dir='ltr'><strong>γνωκὸσιν.</strong></span> <span class='ocrx_word' id='word_1_381' title='bbox 2489 2865 2604 2920; x_wconf 83' lang='grc' dir='ltr'><strong>Κᾶν</strong></span> <span class='ocrx_word' id='word_1_382' title='bbox 2639 2864 2747 2938; x_wconf 82' lang='grc' dir='ltr'><strong>γὰρ</strong></span> <span class='ocrx_word' id='word_1_383' title='bbox 2781 2863 2950 2936; x_wconf 87' lang='grc' dir='ltr'><strong>μυρία</strong></span> <span class='ocrx_word' id='word_1_384' title='bbox 2977 2862 3099 2931; x_wconf 73' lang='grc' dir='ltr'><strong>καθ’</strong></span> <span class='ocrx_word' id='word_1_385' title='bbox 3136 2862 3288 2933; x_wconf 84' lang='grc' dir='ltr'><strong>ὑμῶν</strong></span> <span class='ocrx_word' id='word_1_386' title='bbox 3317 2859 3741 2913; x_wconf 67' lang='grc' dir='ltr'><strong>ἐπιϐουλεύσωνα</strong></span> 
     </span>
    </p>
   </div>
   <div class='ocr_carea' id='block_1_60' title="bbox 2169 2951 3739 3028">
    <p class='ocr_par' dir='ltr' id='par_1_60' title="bbox 2169 2951 3739 3028">
     <span class='ocr_line' id='line_1_60' title="bbox 2169 2951 3739 3028; baseline -0.008 -15"><span class='ocrx_word' id='word_1_387' title='bbox 2169 2976 2277 3014; x_wconf 87' lang='grc' dir='ltr'><strong>ται·</strong></span> <span class='ocrx_word' id='word_1_388' title='bbox 2307 2958 2420 3012; x_wconf 80' lang='grc' dir='ltr'><strong>ἀλλ’</strong></span> <span class='ocrx_word' id='word_1_389' title='bbox 2450 2958 2623 3023; x_wconf 80' lang='grc' dir='ltr'><strong>οὐδὲν,</strong></span> <span class='ocrx_word' id='word_1_390' title='bbox 2659 2958 2842 3028; x_wconf 69' lang='grc' dir='ltr'><strong>φησιν,</strong></span> <span class='ocrx_word' id='word_1_391' title='bbox 2875 2954 3149 3027; x_wconf 88' lang='grc' dir='ltr'><strong>ίσχύσουσι</strong></span> <span class='ocrx_word' id='word_1_392' title='bbox 3176 2953 3294 3008; x_wconf 81' lang='grc' dir='ltr'><strong>καθ’</strong></span> <span class='ocrx_word' id='word_1_393' title='bbox 3321 2951 3473 3023; x_wconf 87' lang='grc' dir='ltr'><strong>ὑμῶν</strong></span> <span class='ocrx_word' id='word_1_394' title='bbox 3511 2952 3739 3023; x_wconf 76' lang='grc' dir='ltr'><strong>ἐνεργῆ-</strong></span> 
     </span>
    </p>
   </div>
   <div class='ocr_carea' id='block_1_61' title="bbox 501 3031 2067 3139">
    <p class='ocr_par' dir='ltr' id='par_1_61' title="bbox 501 3067 2067 3139">
     <span class='ocr_line' id='line_1_61' title="bbox 501 3067 2067 3139; baseline -0.001 -14"><span class='ocrx_word' id='word_1_395' title='bbox 501 3070 561 3125; x_wconf 90' lang='lat' dir='ltr'><strong>in</strong></span> <span class='ocrx_word' id='word_1_396' title='bbox 605 3070 774 3125; x_wconf 89' lang='lat' dir='ltr'><strong>vestri</strong></span> <span class='ocrx_word' id='word_1_397' title='bbox 800 3069 1095 3139; x_wconf 86' lang='lat' dir='ltr'><strong>perniciem</strong></span> <span class='ocrx_word' id='word_1_398' title='bbox 1121 3067 1346 3137; x_wconf 81' lang='lat' dir='ltr'><strong>exsequi</strong></span> <span class='ocrx_word' id='word_1_399' title='bbox 1368 3068 1645 3123; x_wconf 87' lang='lat' dir='ltr'><strong>valebunt.</strong></span> <span class='ocrx_word' id='word_1_400' title='bbox 1682 3068 1804 3138; x_wconf 86' lang='lat' dir='ltr'><strong>Ipse</strong></span> <span class='ocrx_word' id='word_1_401' title='bbox 1831 3082 2067 3138; x_wconf 82' lang='lat' dir='ltr'><strong>namque</strong></span> 
     </span>
    </p>
   </div>
   <div class='ocr_carea' id='block_1_62' title="bbox 2167 3031 3741 3139">
    <p class='ocr_par' dir='ltr' id='par_1_62' title="bbox 2173 3031 3741 3121">
     <span class='ocr_line' id='line_1_62' title="bbox 2173 3031 3741 3121; baseline -0.006 -18"><span class='ocrx_word' id='word_1_402' title='bbox 2173 3067 2284 3105; x_wconf 89' lang='grc' dir='ltr'><strong>σαι.</strong></span> <span class='ocrx_word' id='word_1_403' title='bbox 2316 3049 2487 3113; x_wconf 79' lang='grc' dir='ltr'><strong>Αὐτὸς</strong></span> <span class='ocrx_word' id='word_1_404' title='bbox 2519 3048 2627 3120; x_wconf 80' lang='grc' dir='ltr'><strong>γὰρ</strong></span> <span class='ocrx_word' id='word_1_405' title='bbox 2659 3050 2688 3119; x_wconf 72' lang='grc' dir='ltr'>ὁ</span> <span class='ocrx_word' id='word_1_406' title='bbox 2732 3048 2950 3121; x_wconf 75' lang='grc' dir='ltr'><strong>πάντων</strong></span> <span class='ocrx_word' id='word_1_407' title='bbox 2977 3044 3306 3117; x_wconf 73' lang='grc' dir='ltr'><strong>δημιουργὸς</strong></span> <span class='ocrx_word' id='word_1_408' title='bbox 3335 3046 3427 3096; x_wconf 74' lang='grc' dir='ltr'><strong>καὶ</strong></span> <span class='ocrx_word' id='word_1_409' title='bbox 3454 3031 3741 3113; x_wconf 79' lang='grc' dir='ltr'><strong>Κύριος,ᾧ</strong></span> 
     </span>
    </p>
   </div>
   <div class='ocr_carea' id='block_1_63' title="bbox 503 3133 2067 3232">
    <p class='ocr_par' dir='ltr' id='par_1_63' title="bbox 503 3133 2065 3232">
     <span class='ocr_line' id='line_1_63' title="bbox 503 3133 2065 3232; baseline -0.001 -16"><span class='ocrx_word' id='word_1_410' title='bbox 503 3162 749 3216; x_wconf 84' lang='lat' dir='ltr'><strong>omnium</strong></span> <span class='ocrx_word' id='word_1_411' title='bbox 780 3133 962 3232; x_wconf 77' lang='lat' dir='ltr'><strong>opifex</strong></span> <span class='ocrx_word' id='word_1_412' title='bbox 1003 3167 1057 3215; x_wconf 92' lang='lat' dir='ltr'><strong>et</strong></span> <span class='ocrx_word' id='word_1_413' title='bbox 1105 3133 1388 3224; x_wconf 80' lang='lat' dir='ltr'><strong>Dominus,</strong></span> <span class='ocrx_word' id='word_1_414' title='bbox 1421 3159 1490 3214; x_wconf 91' lang='lat' dir='ltr'><strong>ad</strong></span> <span class='ocrx_word' id='word_1_415' title='bbox 1515 3174 1677 3230; x_wconf 88' lang='lat' dir='ltr'><strong>quem</strong></span> <span class='ocrx_word' id='word_1_416' title='bbox 1707 3133 2065 3229; x_wconf 66' lang='lat' dir='ltr'><strong>confugistis,</strong></span> 
     </span>
    </p>
   </div>
   <div class='ocr_carea' id='block_1_64' title="bbox 2167 3133 3741 3232">
    <p class='ocr_par' dir='ltr' id='par_1_64' title="bbox 2170 3133 3741 3214">
     <span class='ocr_line' id='line_1_64' title="bbox 2170 3133 3741 3214; baseline -0.006 -18"><span class='ocrx_word' id='word_1_417' title='bbox 2170 3142 2562 3214; x_wconf 81' lang='grc' dir='ltr'><strong>προσεφύγετε,</strong></span> <span class='ocrx_word' id='word_1_418' title='bbox 2618 3138 2718 3203; x_wconf 84' lang='grc' dir='ltr'><strong>τὰς</strong></span> <span class='ocrx_word' id='word_1_419' title='bbox 2749 3139 2870 3193; x_wconf 79' lang='grc' dir='ltr'><strong>καθ’</strong></span> <span class='ocrx_word' id='word_1_420' title='bbox 2898 3137 3048 3208; x_wconf 82' lang='grc' dir='ltr'><strong>ὑμῶν</strong></span> <span class='ocrx_word' id='word_1_421' title='bbox 3095 3136 3383 3207; x_wconf 76' lang='grc' dir='ltr'><strong>ἐπιϐουλὰς</strong></span> <span class='ocrx_word' id='word_1_422' title='bbox 3439 3134 3544 3188; x_wconf 84' lang='grc' dir='ltr'><strong>τῶν</strong></span> <span class='ocrx_word' id='word_1_423' title='bbox 3572 3133 3741 3187; x_wconf 82' lang='grc' dir='ltr'><strong>ἐθνῶν</strong></span> 
     </span>
    </p>
   </div>
   <div class='ocr_carea' id='block_1_65' title="bbox 504 3251 2069 3324">
    <p class='ocr_par' dir='ltr' id='par_1_65' title="bbox 504 3251 2069 3324">
     <span class='ocr_line' id='line_1_65' title="bbox 504 3251 2069 3324; baseline -0.001 -16"><span class='ocrx_word' id='word_1_424' title='bbox 504 3252 735 3309; x_wconf 88' lang='lat' dir='ltr'><strong>insidias</strong></span> <span class='ocrx_word' id='word_1_425' title='bbox 766 3268 798 3306; x_wconf 91' lang='lat' dir='ltr'><strong>a</strong></span> <span class='ocrx_word' id='word_1_426' title='bbox 826 3251 1081 3324; x_wconf 78' lang='lat' dir='ltr'><strong>gentibus</strong></span> <span class='ocrx_word' id='word_1_427' title='bbox 1109 3267 1174 3306; x_wconf 88' lang='lat' dir='ltr'><strong>ac</strong></span> <span class='ocrx_word' id='word_1_428' title='bbox 1208 3251 1516 3315; x_wconf 84' lang='lat' dir='ltr'><strong>inﬁdelibus</strong></span> <span class='ocrx_word' id='word_1_429' title='bbox 1547 3252 1763 3322; x_wconf 89' lang='lat' dir='ltr'><strong>populis</strong></span> <span class='ocrx_word' id='word_1_430' title='bbox 1789 3252 1944 3309; x_wconf 85' lang='lat' dir='ltr'><strong>vobis</strong></span> <span class='ocrx_word' id='word_1_431' title='bbox 1974 3269 2069 3324; x_wconf 88' lang='lat' dir='ltr'><strong>pa-</strong></span> 
     </span>
    </p>
   </div>
   <div class='ocr_carea' id='block_1_66' title="bbox 501 3342 2069 3413">
    <p class='ocr_par' dir='ltr' id='par_1_66' title="bbox 501 3342 2069 3413">
     <span class='ocr_line' id='line_1_66' title="bbox 501 3342 2069 3413; baseline -0.001 -14"><span class='ocrx_word' id='word_1_432' title='bbox 501 3351 670 3408; x_wconf 86' lang='lat' dir='ltr'><strong>ratas,</strong></span> <span class='ocrx_word' id='word_1_433' title='bbox 724 3349 779 3399; x_wconf 91' lang='lat' dir='ltr'><strong>et</strong></span> <span class='ocrx_word' id='word_1_434' title='bbox 831 3342 1190 3413; x_wconf 83' lang='lat' dir='ltr'><strong>cogitationes</strong></span> <span class='ocrx_word' id='word_1_435' title='bbox 1239 3356 1429 3396; x_wconf 90' lang='lat' dir='ltr'><strong>eorum</strong></span> <span class='ocrx_word' id='word_1_436' title='bbox 1473 3342 1632 3406; x_wconf 81' lang='lat' dir='ltr'><strong>vobis</strong></span> <span class='ocrx_word' id='word_1_437' title='bbox 1680 3342 1938 3399; x_wconf 85' lang='lat' dir='ltr'><strong>adversas</strong></span> <span class='ocrx_word' id='word_1_438' title='bbox 1985 3343 2069 3398; x_wconf 81' lang='lat' dir='ltr'><strong>vel</strong></span> 
     </span>
    </p>
   </div>
   <div class='ocr_carea' id='block_1_67' title="bbox 500 3432 2070 3504">
    <p class='ocr_par' dir='ltr' id='par_1_67' title="bbox 500 3432 2070 3504">
     <span class='ocr_line' id='line_1_67' title="bbox 500 3432 2070 3504; baseline -0.001 -13"><span class='ocrx_word' id='word_1_439' title='bbox 500 3444 637 3491; x_wconf 88' lang='lat' dir='ltr'><strong>nutu</strong></span> <span class='ocrx_word' id='word_1_440' title='bbox 691 3434 809 3491; x_wconf 91' lang='lat' dir='ltr'><strong>solo</strong></span> <span class='ocrx_word' id='word_1_441' title='bbox 864 3433 1191 3503; x_wconf 87' lang='lat' dir='ltr'><strong>dissipabit:</strong></span> <span class='ocrx_word' id='word_1_442' title='bbox 1240 3439 1295 3488; x_wconf 89' lang='lat' dir='ltr'><strong>et</strong></span> <span class='ocrx_word' id='word_1_443' title='bbox 1350 3432 1646 3504; x_wconf 85' lang='lat' dir='ltr'><strong>siquando</strong></span> <span class='ocrx_word' id='word_1_444' title='bbox 1703 3434 1972 3503; x_wconf 87' lang='lat' dir='ltr'><strong>principes</strong></span> <span class='ocrx_word' id='word_1_445' title='bbox 2004 3448 2070 3489; x_wconf 88' lang='lat' dir='ltr'><strong>ac</strong></span> 
     </span>
    </p>
   </div>
   <div class='ocr_carea' id='block_1_68' title="bbox 497 3526 2065 3602">
    <p class='ocr_par' dir='ltr' id='par_1_68' title="bbox 497 3526 2065 3602">
     <span class='ocr_line' id='line_1_68' title="bbox 497 3526 2065 3602; baseline -0.001 -18"><span class='ocrx_word' id='word_1_446' title='bbox 497 3545 655 3602; x_wconf 87' lang='lat' dir='ltr'><strong>reges</strong></span> <span class='ocrx_word' id='word_1_447' title='bbox 707 3529 867 3585; x_wconf 84' lang='lat' dir='ltr'><strong>vobis</strong></span> <span class='ocrx_word' id='word_1_448' title='bbox 920 3535 1298 3595; x_wconf 86' lang='lat' dir='ltr'><strong>succenseant,</strong></span> <span class='ocrx_word' id='word_1_449' title='bbox 1351 3534 1407 3582; x_wconf 84' lang='lat' dir='ltr'><strong>at</strong></span> <span class='ocrx_word' id='word_1_450' title='bbox 1455 3526 1504 3582; x_wconf 88' lang='lat' dir='ltr'><strong>is</strong></span> <span class='ocrx_word' id='word_1_451' title='bbox 1542 3527 1771 3582; x_wconf 87' lang='lat' dir='ltr'><strong>consilia</strong></span> <span class='ocrx_word' id='word_1_452' title='bbox 1822 3527 2065 3596; x_wconf 87' lang='lat' dir='ltr'><strong>ipsorum</strong></span> 
     </span>
    </p>
   </div>
   <div class='ocr_carea' id='block_1_69' title="bbox 501 3616 2068 3688">
    <p class='ocr_par' dir='ltr' id='par_1_69' title="bbox 501 3616 2068 3688">
     <span class='ocr_line' id='line_1_69' title="bbox 501 3616 2068 3688; baseline -0.004 -10"><span class='ocrx_word' id='word_1_453' title='bbox 501 3620 658 3678; x_wconf 82' lang='lat' dir='ltr'><strong>irrita</strong></span> <span class='ocrx_word' id='word_1_454' title='bbox 703 3617 887 3682; x_wconf 82' lang='lat' dir='ltr'><strong>faciet,</strong></span> <span class='ocrx_word' id='word_1_455' title='bbox 922 3619 1212 3688; x_wconf 85' lang='lat' dir='ltr'><strong>solumque.</strong></span> <span class='ocrx_word' id='word_1_456' title='bbox 1239 3618 1359 3687; x_wconf 86' lang='lat' dir='ltr'><strong>ejus</strong></span> <span class='ocrx_word' id='word_1_457' title='bbox 1393 3616 1683 3673; x_wconf 88' lang='lat' dir='ltr'><strong>consilium</strong></span> <span class='ocrx_word' id='word_1_458' title='bbox 1716 3617 1770 3670; x_wconf 92' lang='lat' dir='ltr'><strong>in</strong></span> <span class='ocrx_word' id='word_1_459' title='bbox 1802 3625 2068 3673; x_wconf 69' lang='lat' dir='ltr'><strong>aeternum</strong></span> 
     </span>
    </p>
   </div>
   <div class='ocr_carea' id='block_1_70' title="bbox 499 3709 2065 3781">
    <p class='ocr_par' dir='ltr' id='par_1_70' title="bbox 499 3709 2065 3781">
     <span class='ocr_line' id='line_1_70' title="bbox 499 3709 2065 3781; baseline -0.003 -13"><span class='ocrx_word' id='word_1_460' title='bbox 499 3711 762 3769; x_wconf 86' lang='lat' dir='ltr'><strong>manebit.</strong></span> <span class='ocrx_word' id='word_1_461' title='bbox 791 3709 1086 3766; x_wconf 85' lang='lat' dir='ltr'><strong>Enimvero</strong></span> <span class='ocrx_word' id='word_1_462' title='bbox 1109 3709 1467 3781; x_wconf 84' lang='lat' dir='ltr'><strong>cogitationes</strong></span> <span class='ocrx_word' id='word_1_463' title='bbox 1505 3710 1783 3779; x_wconf 79' lang='lat' dir='ltr'><strong>sapientiae</strong></span> <span class='ocrx_word' id='word_1_464' title='bbox 1811 3711 1930 3780; x_wconf 80' lang='lat' dir='ltr'><strong>ejus</strong></span> <span class='ocrx_word' id='word_1_465' title='bbox 1956 3725 2065 3765; x_wconf 90' lang='lat' dir='ltr'><strong>non</strong></span> 
     </span>
    </p>
   </div>
   <div class='ocr_carea' id='block_1_71' title="bbox 499 3802 2069 3877">
    <p class='ocr_par' dir='ltr' id='par_1_71' title="bbox 499 3802 2069 3877">
     <span class='ocr_line' id='line_1_71' title="bbox 499 3802 2069 3877; baseline -0.001 -19"><span class='ocrx_word' id='word_1_466' title='bbox 499 3803 727 3877; x_wconf 86' lang='lat' dir='ltr'><strong>perinde</strong></span> <span class='ocrx_word' id='word_1_467' title='bbox 765 3809 928 3873; x_wconf 89' lang='lat' dir='ltr'><strong>atque</strong></span> <span class='ocrx_word' id='word_1_468' title='bbox 957 3804 1314 3875; x_wconf 86' lang='lat' dir='ltr'><strong>cogitationes</strong></span> <span class='ocrx_word' id='word_1_469' title='bbox 1342 3802 1624 3858; x_wconf 83' lang='lat' dir='ltr'><strong>hominum</strong></span> <span class='ocrx_word' id='word_1_470' title='bbox 1669 3802 1836 3857; x_wconf 69' lang='lat' dir='ltr'><strong>irritae</strong></span> <span class='ocrx_word' id='word_1_471' title='bbox 1862 3811 2024 3859; x_wconf 87' lang='lat' dir='ltr'><strong>erunt</strong></span> <span class='ocrx_word' id='word_1_472' title='bbox 2048 3821 2069 3857; x_wconf 69' lang='grc' dir='ltr'><strong>ι</strong></span> 
     </span>
    </p>
   </div>
   <div class='ocr_carea' id='block_1_72' title="bbox 499 3893 2070 3965">
    <p class='ocr_par' dir='ltr' id='par_1_72' title="bbox 499 3893 2070 3965">
     <span class='ocr_line' id='line_1_72' title="bbox 499 3893 2070 3965; baseline -0.001 -14"><span class='ocrx_word' id='word_1_473' title='bbox 499 3893 595 3951; x_wconf 81' lang='lat' dir='ltr'><strong>sed</strong></span> <span class='ocrx_word' id='word_1_474' title='bbox 617 3893 825 3964; x_wconf 86' lang='lat' dir='ltr'><strong>judicia</strong></span> <span class='ocrx_word' id='word_1_475' title='bbox 854 3894 974 3964; x_wconf 88' lang='lat' dir='ltr'><strong>ejus</strong></span> <span class='ocrx_word' id='word_1_476' title='bbox 1010 3901 1325 3963; x_wconf 86' lang='lat' dir='ltr'><strong>permanent</strong></span> <span class='ocrx_word' id='word_1_477' title='bbox 1354 3894 1411 3948; x_wconf 90' lang='lat' dir='ltr'><strong>iu</strong></span> <span class='ocrx_word' id='word_1_478' title='bbox 1444 3893 1848 3964; x_wconf 84' lang='lat' dir='ltr'><strong>generationem</strong></span> <span class='ocrx_word' id='word_1_479' title='bbox 1891 3901 1947 3949; x_wconf 89' lang='lat' dir='ltr'><strong>et</strong></span> <span class='ocrx_word' id='word_1_480' title='bbox 1973 3909 2070 3965; x_wconf 87' lang='lat' dir='ltr'><strong>ge-</strong></span> 
     </span>
    </p>
   </div>
   <div class='ocr_carea' id='block_1_73' title="bbox 498 3985 2071 4057">
    <p class='ocr_par' dir='ltr' id='par_1_73' title="bbox 498 3985 2071 4057">
     <span class='ocr_line' id='line_1_73' title="bbox 498 3985 2071 4057; baseline 0.002 -16"><span class='ocrx_word' id='word_1_481' title='bbox 498 3987 855 4042; x_wconf 88' lang='lat' dir='ltr'><strong>nerationem.</strong></span> <span class='ocrx_word' id='word_1_482' title='bbox 888 3985 1258 4057; x_wconf 81' lang='lat' dir='ltr'><strong>Cogitationes</strong></span> <span class='ocrx_word' id='word_1_483' title='bbox 1289 3987 1490 4057; x_wconf 88' lang='lat' dir='ltr'><strong>quippe</strong></span> <span class='ocrx_word' id='word_1_484' title='bbox 1520 4001 1651 4045; x_wconf 85' lang='lat' dir='ltr'><strong>suas</strong></span> <span class='ocrx_word' id='word_1_485' title='bbox 1691 3994 1936 4043; x_wconf 88' lang='lat' dir='ltr'><strong>reservat</strong></span> <span class='ocrx_word' id='word_1_486' title='bbox 1970 3987 2071 4045; x_wconf 83' lang='lat' dir='ltr'><strong>ho-.</strong></span> 
     </span>
    </p>
   </div>
   <div class='ocr_carea' id='block_1_74' title="bbox 496 4078 2067 4149">
    <p class='ocr_par' dir='ltr' id='par_1_74' title="bbox 496 4078 2067 4149">
     <span class='ocr_line' id='line_1_74' title="bbox 496 4078 2067 4149; baseline -0.001 -14"><span class='ocrx_word' id='word_1_487' title='bbox 496 4079 737 4135; x_wconf 88' lang='lat' dir='ltr'><strong>minibus</strong></span> <span class='ocrx_word' id='word_1_488' title='bbox 764 4093 824 4134; x_wconf 83' lang='lat' dir='ltr'><strong>se</strong></span> <span class='ocrx_word' id='word_1_489' title='bbox 849 4079 1069 4149; x_wconf 85' lang='lat' dir='ltr'><strong>dignis;</strong></span> <span class='ocrx_word' id='word_1_490' title='bbox 1099 4089 1151 4134; x_wconf 89' lang='lat' dir='ltr'><strong>et</strong></span> <span class='ocrx_word' id='word_1_491' title='bbox 1178 4078 1307 4148; x_wconf 90' lang='lat' dir='ltr'><strong>quia</strong></span> <span class='ocrx_word' id='word_1_492' title='bbox 1338 4078 1395 4133; x_wconf 89' lang='lat' dir='ltr'><strong>in</strong></span> <span class='ocrx_word' id='word_1_493' title='bbox 1429 4079 1658 4149; x_wconf 89' lang='lat' dir='ltr'><strong>singulis</strong></span> <span class='ocrx_word' id='word_1_494' title='bbox 1697 4079 2067 4149; x_wconf 73' lang='lat' dir='ltr'><strong>generationi—</strong></span> 
     </span>
    </p>
   </div>
   <div class='ocr_carea' id='block_1_75' title="bbox 495 4168 2063 4241">
    <p class='ocr_par' dir='ltr' id='par_1_75' title="bbox 495 4168 2063 4241">
     <span class='ocr_line' id='line_1_75' title="bbox 495 4168 2063 4241; baseline -0.003 -13"><span class='ocrx_word' id='word_1_495' title='bbox 495 4172 601 4229; x_wconf 88' lang='lat' dir='ltr'><strong>bus</strong></span> <span class='ocrx_word' id='word_1_496' title='bbox 655 4181 710 4227; x_wconf 87' lang='lat' dir='ltr'><strong>et</strong></span> <span class='ocrx_word' id='word_1_497' title='bbox 764 4171 1049 4225; x_wconf 85' lang='lat' dir='ltr'><strong>hominum</strong></span> <span class='ocrx_word' id='word_1_498' title='bbox 1104 4168 1592 4233; x_wconf 87' lang='lat' dir='ltr'><strong>successionibus,</strong></span> <span class='ocrx_word' id='word_1_499' title='bbox 1646 4170 1866 4240; x_wconf 87' lang='lat' dir='ltr'><strong>quidam</strong></span> <span class='ocrx_word' id='word_1_500' title='bbox 1913 4170 2063 4241; x_wconf 86' lang='lat' dir='ltr'><strong>digni</strong></span> 
     </span>
    </p>
   </div>
   <div class='ocr_carea' id='block_1_76' title="bbox 497 4261 2062 4333">
    <p class='ocr_par' dir='ltr' id='par_1_76' title="bbox 497 4261 2062 4333">
     <span class='ocr_line' id='line_1_76' title="bbox 497 4261 2062 4333; baseline 0 -16"><span class='ocrx_word' id='word_1_501' title='bbox 497 4262 891 4333; x_wconf 89' lang='lat' dir='ltr'><strong>reperiuntur,</strong></span> <span class='ocrx_word' id='word_1_502' title='bbox 953 4262 1076 4332; x_wconf 81' lang='lat' dir='ltr'><strong>jure</strong></span> <span class='ocrx_word' id='word_1_503' title='bbox 1123 4277 1187 4316; x_wconf 90' lang='lat' dir='ltr'><strong>ac</strong></span> <span class='ocrx_word' id='word_1_504' title='bbox 1239 4262 1435 4317; x_wconf 84' lang='lat' dir='ltr'><strong>merito</strong></span> <span class='ocrx_word' id='word_1_505' title='bbox 1498 4261 1702 4318; x_wconf 89' lang='lat' dir='ltr'><strong>eisdem</strong></span> <span class='ocrx_word' id='word_1_506' title='bbox 1776 4263 2062 4331; x_wconf 80' lang='lat' dir='ltr'><strong>cogitatio-</strong></span> 
     </span>
    </p>
   </div>
   <div class='ocr_carea' id='block_1_77' title="bbox 497 4353 2059 4426">
    <p class='ocr_par' dir='ltr' id='par_1_77' title="bbox 497 4353 2059 4426">
     <span class='ocr_line' id='line_1_77' title="bbox 497 4353 2059 4426; baseline -0.002 -16"><span class='ocrx_word' id='word_1_507' title='bbox 497 4369 595 4411; x_wconf 86' lang='lat' dir='ltr'><strong>nes</strong></span> <span class='ocrx_word' id='word_1_508' title='bbox 649 4368 875 4410; x_wconf 87' lang='lat' dir='ltr'><strong>servans</strong></span> <span class='ocrx_word' id='word_1_509' title='bbox 936 4370 1097 4419; x_wconf 89' lang='lat' dir='ltr'><strong>suas,</strong></span> <span class='ocrx_word' id='word_1_510' title='bbox 1157 4355 1307 4425; x_wconf 87' lang='lat' dir='ltr'><strong>ipsas</strong></span> <span class='ocrx_word' id='word_1_511' title='bbox 1367 4354 1424 4409; x_wconf 90' lang='lat' dir='ltr'><strong>in</strong></span> <span class='ocrx_word' id='word_1_512' title='bbox 1503 4353 1885 4426; x_wconf 85' lang='lat' dir='ltr'><strong>generationes</strong></span> <span class='ocrx_word' id='word_1_513' title='bbox 1940 4369 2059 4408; x_wconf 79' lang='lat' dir='ltr'><strong>om—</strong></span> 
     </span>
    </p>
   </div>
   <div class='ocr_carea' id='block_1_78' title="bbox 498 4443 2062 4516">
    <p class='ocr_par' dir='ltr' id='par_1_78' title="bbox 498 4443 2062 4516">
     <span class='ocr_line' id='line_1_78' title="bbox 498 4443 2062 4516; baseline 0.001 -17"><span class='ocrx_word' id='word_1_514' title='bbox 498 4459 599 4500; x_wconf 88' lang='lat' dir='ltr'><strong>nes</strong></span> <span class='ocrx_word' id='word_1_515' title='bbox 629 4443 903 4511; x_wconf 87' lang='lat' dir='ltr'><strong>producit.</strong></span> <span class='ocrx_word' id='word_1_516' title='bbox 937 4443 1002 4498; x_wconf 88' lang='lat' dir='ltr'><strong>Et</strong></span> <span class='ocrx_word' id='word_1_517' title='bbox 1057 4443 1173 4499; x_wconf 68' lang='lat' dir='ltr'><strong>haec</strong></span> <span class='ocrx_word' id='word_1_518' title='bbox 1202 4458 1334 4500; x_wconf 84' lang='lat' dir='ltr'><strong>sane</strong></span> <span class='ocrx_word' id='word_1_519' title='bbox 1394 4444 1524 4499; x_wconf 89' lang='lat' dir='ltr'><strong>olim</strong></span> <span class='ocrx_word' id='word_1_520' title='bbox 1584 4445 1895 4516; x_wconf 83' lang='lat' dir='ltr'><strong>prophetice</strong></span> <span class='ocrx_word' id='word_1_521' title='bbox 1921 4459 2062 4514; x_wconf 85' lang='lat' dir='ltr'><strong>prae-</strong></span> 
     </span>
    </p>
   </div>
   <div class='ocr_carea' id='block_1_79' title="bbox 497 4535 2067 4607">
    <p class='ocr_par' dir='ltr' id='par_1_79' title="bbox 497 4535 2067 4607">
     <span class='ocr_line' id='line_1_79' title="bbox 497 4535 2067 4607; baseline 0.001 -16"><span class='ocrx_word' id='word_1_522' title='bbox 497 4537 643 4592; x_wconf 89' lang='lat' dir='ltr'><strong>dicta</strong></span> <span class='ocrx_word' id='word_1_523' title='bbox 695 4541 851 4600; x_wconf 88' lang='lat' dir='ltr'><strong>sunt,</strong></span> <span class='ocrx_word' id='word_1_524' title='bbox 887 4535 1132 4605; x_wconf 85' lang='lat' dir='ltr'><strong>ipsisque</strong></span> <span class='ocrx_word' id='word_1_525' title='bbox 1185 4536 1349 4592; x_wconf 90' lang='lat' dir='ltr'><strong>rebus</strong></span> <span class='ocrx_word' id='word_1_526' title='bbox 1394 4537 1561 4607; x_wconf 81' lang='lat' dir='ltr'><strong>gestis</strong></span> <span class='ocrx_word' id='word_1_527' title='bbox 1616 4552 1717 4593; x_wconf 89' lang='lat' dir='ltr'><strong>nos</strong></span> <span class='ocrx_word' id='word_1_528' title='bbox 1764 4535 2067 4601; x_wconf 26' lang='lat' dir='ltr'><strong>verborum,</strong></span> 
     </span>
    </p>
   </div>
   <div class='ocr_carea' id='block_1_80' title="bbox 497 4626 2060 4697">
    <p class='ocr_par' dir='ltr' id='par_1_80' title="bbox 497 4626 2060 4697">
     <span class='ocr_line' id='line_1_80' title="bbox 497 4626 2060 4697; baseline 0.001 -13"><span class='ocrx_word' id='word_1_529' title='bbox 497 4636 753 4684; x_wconf 87' lang='lat' dir='ltr'><strong>eventum</strong></span> <span class='ocrx_word' id='word_1_530' title='bbox 780 4626 1116 4697; x_wconf 83' lang='lat' dir='ltr'><strong>excepimus.</strong></span> <span class='ocrx_word' id='word_1_531' title='bbox 1149 4627 1366 4692; x_wconf 80' lang='lat' dir='ltr'><strong>Quanta</strong></span> <span class='ocrx_word' id='word_1_532' title='bbox 1388 4629 1535 4683; x_wconf 91' lang='lat' dir='ltr'><strong>enim</strong></span> <span class='ocrx_word' id='word_1_533' title='bbox 1565 4629 1829 4686; x_wconf 89' lang='lat' dir='ltr'><strong>adversus</strong></span> <span class='ocrx_word' id='word_1_534' title='bbox 1869 4629 2060 4687; x_wconf 89' lang='lat' dir='ltr'><strong>Eccle-</strong></span> 
     </span>
    </p>
   </div>
   <div class='ocr_carea' id='block_1_81' title="bbox 498 4719 2060 4792">
    <p class='ocr_par' dir='ltr' id='par_1_81' title="bbox 498 4719 2060 4792">
     <span class='ocr_line' id='line_1_81' title="bbox 498 4719 2060 4792; baseline 0.003 -17"><span class='ocrx_word' id='word_1_535' title='bbox 498 4719 636 4775; x_wconf 86' lang='lat' dir='ltr'><strong>siam</strong></span> <span class='ocrx_word' id='word_1_536' title='bbox 686 4719 807 4791; x_wconf 80' lang='lat' dir='ltr'><strong>ejus</strong></span> <span class='ocrx_word' id='word_1_537' title='bbox 855 4719 1155 4775; x_wconf 82' lang='lat' dir='ltr'><strong>machinati</strong></span> <span class='ocrx_word' id='word_1_538' title='bbox 1214 4720 1364 4784; x_wconf 90' lang='lat' dir='ltr'><strong>sint,</strong></span> <span class='ocrx_word' id='word_1_539' title='bbox 1416 4721 1606 4790; x_wconf 85' lang='lat' dir='ltr'><strong>quales</strong></span> <span class='ocrx_word' id='word_1_540' title='bbox 1651 4723 2060 4792; x_wconf 86' lang='lat' dir='ltr'><strong>persecutiones</strong></span> 
     </span>
    </p>
   </div>
   <div class='ocr_carea' id='block_1_82' title="bbox 498 4810 2064 4882">
    <p class='ocr_par' dir='ltr' id='par_1_82' title="bbox 498 4810 2064 4882">
     <span class='ocr_line' id='line_1_82' title="bbox 498 4810 2064 4882; baseline 0.002 -17"><span class='ocrx_word' id='word_1_541' title='bbox 498 4811 874 4877; x_wconf 72' lang='lat' dir='ltr'><strong>excitaret-int,</strong></span> <span class='ocrx_word' id='word_1_542' title='bbox 910 4811 1219 4882; x_wconf 78' lang='lat' dir='ltr'><strong>cuiusmodi</strong></span> <span class='ocrx_word' id='word_1_543' title='bbox 1239 4810 1469 4868; x_wconf 89' lang='lat' dir='ltr'><strong>consilia</strong></span> <span class='ocrx_word' id='word_1_544' title='bbox 1489 4820 1679 4867; x_wconf 89' lang='lat' dir='ltr'><strong>contra</strong></span> <span class='ocrx_word' id='word_1_545' title='bbox 1710 4829 1810 4868; x_wconf 87' lang='lat' dir='ltr'><strong>nos</strong></span> <span class='ocrx_word' id='word_1_546' title='bbox 1838 4815 2064 4870; x_wconf 88' lang='lat' dir='ltr'><strong>inierint</strong></span> 
     </span>
    </p>
   </div>
   <div class='ocr_carea' id='block_1_83' title="bbox 500 4901 2059 4975">
    <p class='ocr_par' dir='ltr' id='par_1_83' title="bbox 500 4901 2059 4975">
     <span class='ocr_line' id='line_1_83' title="bbox 500 4901 2059 4975; baseline 0.003 -20"><span class='ocrx_word' id='word_1_547' title='bbox 500 4901 774 4972; x_wconf 87' lang='lat' dir='ltr'><strong>principes</strong></span> <span class='ocrx_word' id='word_1_548' title='bbox 806 4902 970 4973; x_wconf 88' lang='lat' dir='ltr'><strong>hujus</strong></span> <span class='ocrx_word' id='word_1_549' title='bbox 998 4904 1207 4968; x_wconf 61' lang='lat' dir='ltr'><strong>saculi,</strong></span> <span class='ocrx_word' id='word_1_550' title='bbox 1255 4919 1355 4975; x_wconf 88' lang='lat' dir='ltr'><strong>pro</strong></span> <span class='ocrx_word' id='word_1_551' title='bbox 1388 4905 1467 4960; x_wconf 91' lang='lat' dir='ltr'><strong>rei</strong></span> <span class='ocrx_word' id='word_1_552' title='bbox 1514 4906 1776 4974; x_wconf 83' lang='lat' dir='ltr'><strong>gravitate</strong></span> <span class='ocrx_word' id='word_1_553' title='bbox 1815 4906 2059 4961; x_wconf 85' lang='lat' dir='ltr'><strong>enarrari</strong></span> 
     </span>
    </p>
   </div>
   <div class='ocr_carea' id='block_1_84' title="bbox 497 4992 2060 5066">
    <p class='ocr_par' dir='ltr' id='par_1_84' title="bbox 497 4992 2060 5066">
     <span class='ocr_line' id='line_1_84' title="bbox 497 4992 2060 5066; baseline 0.001 -18"><span class='ocrx_word' id='word_1_554' title='bbox 497 4992 728 5063; x_wconf 89' lang='lat' dir='ltr'><strong>nequit:</strong></span> <span class='ocrx_word' id='word_1_555' title='bbox 760 5009 937 5064; x_wconf 92' lang='lat' dir='ltr'><strong>neque</strong></span> <span class='ocrx_word' id='word_1_556' title='bbox 963 4997 1238 5051; x_wconf 89' lang='lat' dir='ltr'><strong>reoenseri</strong></span> <span class='ocrx_word' id='word_1_557' title='bbox 1267 5010 1376 5065; x_wconf 94' lang='lat' dir='ltr'><strong>quo</strong></span> <span class='ocrx_word' id='word_1_558' title='bbox 1416 5005 1576 5065; x_wconf 89' lang='lat' dir='ltr'><strong>pacto</strong></span> <span class='ocrx_word' id='word_1_559' title='bbox 1609 4996 1723 5049; x_wconf 64' lang='lat' dir='ltr'><strong>haec</strong></span> <span class='ocrx_word' id='word_1_560' title='bbox 1753 4997 1934 5051; x_wconf 84' lang='lat' dir='ltr'><strong>omnia</strong></span> <span class='ocrx_word' id='word_1_561' title='bbox 1965 5012 2060 5066; x_wconf 89' lang='lat' dir='ltr'><strong>per</strong></span> 
     </span>
    </p>
   </div>
   <div class='ocr_carea' id='block_1_85' title="bbox 496 5082 2061 5157">
    <p class='ocr_par' dir='ltr' id='par_1_85' title="bbox 496 5082 2061 5157">
     <span class='ocr_line' id='line_1_85' title="bbox 496 5082 2061 5157; baseline 0.001 -17"><span class='ocrx_word' id='word_1_562' title='bbox 496 5082 759 5140; x_wconf 88' lang='lat' dir='ltr'><strong>virtutem</strong></span> <span class='ocrx_word' id='word_1_563' title='bbox 790 5082 884 5138; x_wconf 90' lang='lat' dir='ltr'><strong>Dei</strong></span> <span class='ocrx_word' id='word_1_564' title='bbox 916 5084 1181 5157; x_wconf 89' lang='lat' dir='ltr'><strong>dissipata</strong></span> <span class='ocrx_word' id='word_1_565' title='bbox 1217 5086 1417 5142; x_wconf 81' lang='lat' dir='ltr'><strong>fuerint</strong></span> <span class='ocrx_word' id='word_1_566' title='bbox 1442 5104 1457 5153; x_wconf 94' lang='lat'><strong>;</strong></span> <span class='ocrx_word' id='word_1_567' title='bbox 1485 5101 1662 5156; x_wconf 88' lang='lat' dir='ltr'><strong>neque</strong></span> <span class='ocrx_word' id='word_1_568' title='bbox 1686 5094 1847 5141; x_wconf 69' lang='lat' dir='ltr'><strong>aetate</strong></span> <span class='ocrx_word' id='word_1_569' title='bbox 1871 5097 2061 5142; x_wconf 86' lang='lat' dir='ltr'><strong>nostra</strong></span> 
     </span>
    </p>
   </div>
   <div class='ocr_carea' id='block_1_86' title="bbox 497 5176 2061 5249">
    <p class='ocr_par' dir='ltr' id='par_1_86' title="bbox 497 5176 2061 5249">
     <span class='ocr_line' id='line_1_86' title="bbox 497 5176 2061 5249; baseline -0.001 -16"><span class='ocrx_word' id='word_1_570' title='bbox 497 5176 864 5241; x_wconf 88' lang='lat' dir='ltr'><strong>solummodo,</strong></span> <span class='ocrx_word' id='word_1_571' title='bbox 901 5179 993 5232; x_wconf 82' lang='lat' dir='ltr'><strong>sed</strong></span> <span class='ocrx_word' id='word_1_572' title='bbox 1025 5193 1122 5248; x_wconf 89' lang='lat' dir='ltr'><strong>per</strong></span> <span class='ocrx_word' id='word_1_573' title='bbox 1166 5178 1410 5248; x_wconf 84' lang='lat' dir='ltr'><strong>singulas</strong></span> <span class='ocrx_word' id='word_1_574' title='bbox 1437 5179 1817 5249; x_wconf 87' lang='lat' dir='ltr'><strong>generationes</strong></span> <span class='ocrx_word' id='word_1_575' title='bbox 1858 5192 1890 5232; x_wconf 89' lang='lat' dir='ltr'><strong>a</strong></span> <span class='ocrx_word' id='word_1_576' title='bbox 1922 5188 2061 5241; x_wconf 47' lang='lat' dir='ltr'><strong>tem:</strong></span> 
     </span>
    </p>
   </div>
   <div class='ocr_carea' id='block_1_87' title="bbox 496 5268 2055 5340">
    <p class='ocr_par' dir='ltr' id='par_1_87' title="bbox 496 5268 2055 5340">
     <span class='ocr_line' id='line_1_87' title="bbox 496 5268 2055 5340; baseline 0.001 -18"><span class='ocrx_word' id='word_1_577' title='bbox 496 5283 627 5337; x_wconf 89' lang='lat' dir='ltr'><strong>pore</strong></span> <span class='ocrx_word' id='word_1_578' title='bbox 649 5268 820 5323; x_wconf 90' lang='lat' dir='ltr'><strong>divini</strong></span> <span class='ocrx_word' id='word_1_579' title='bbox 850 5268 1149 5325; x_wconf 87' lang='lat' dir='ltr'><strong>Salvatoris</strong></span> <span class='ocrx_word' id='word_1_580' title='bbox 1177 5270 1352 5328; x_wconf 83' lang='lat' dir='ltr'><strong>nostri</strong></span> <span class='ocrx_word' id='word_1_581' title='bbox 1376 5269 1644 5326; x_wconf 89' lang='lat' dir='ltr'><strong>adventus</strong></span> <span class='ocrx_word' id='word_1_582' title='bbox 1682 5270 1904 5340; x_wconf 87' lang='lat' dir='ltr'><strong>impleta</strong></span> <span class='ocrx_word' id='word_1_583' title='bbox 1926 5271 2055 5326; x_wconf 87' lang='lat' dir='ltr'><strong>sint.</strong></span> 
     </span>
    </p>
   </div>
   <div class='ocr_carea' id='block_1_88' title="bbox 566 5358 2057 5433">
    <p class='ocr_par' dir='ltr' id='par_1_88' title="bbox 566 5358 2057 5433">
     <span class='ocr_line' id='line_1_88' title="bbox 566 5358 2057 5433; baseline 0.003 -20"><span class='ocrx_word' id='word_1_584' title='bbox 566 5358 733 5415; x_wconf 67' lang='lat' dir='ltr'><strong>Vens.</strong></span> <span class='ocrx_word' id='word_1_585' title='bbox 770 5360 838 5413; x_wconf 74' lang='grc'><strong>12</strong></span> <span class='ocrx_word' id='word_1_586' title='bbox 867 5387 892 5401; x_wconf 89' lang='lat'><strong>-</strong></span> <span class='ocrx_word' id='word_1_587' title='bbox 918 5360 1004 5415; x_wconf 82' lang='grc'><strong>15.</strong></span> <span class='ocrx_word' id='word_1_588' title='bbox 1071 5360 1238 5415; x_wconf 88' lang='lat' dir='ltr'><strong>Beata</strong></span> <span class='ocrx_word' id='word_1_589' title='bbox 1299 5378 1424 5433; x_wconf 78' lang='lat' dir='ltr'><strong>gens</strong></span> <span class='ocrx_word' id='word_1_590' title='bbox 1470 5360 1620 5431; x_wconf 85' lang='lat' dir='ltr'><strong>cujus</strong></span> <span class='ocrx_word' id='word_1_591' title='bbox 1673 5371 1751 5417; x_wconf 85' lang='lat' dir='ltr'><strong>est</strong></span> <span class='ocrx_word' id='word_1_592' title='bbox 1802 5361 2057 5418; x_wconf 84' lang='lat' dir='ltr'><strong>Dominus</strong></span> 
     </span>
    </p>
   </div>
   <div class='ocr_carea' id='block_1_89' title="bbox 498 5449 2056 5525">
    <p class='ocr_par' dir='ltr' id='par_1_89' title="bbox 498 5449 2056 5525">
     <span class='ocr_line' id='line_1_89' title="bbox 498 5449 2056 5525; baseline 0.005 -21"><span class='ocrx_word' id='word_1_593' title='bbox 498 5449 638 5505; x_wconf 84' lang='lat' dir='ltr'><strong>Deus</strong></span> <span class='ocrx_word' id='word_1_594' title='bbox 696 5452 832 5522; x_wconf 75' lang='lat' dir='ltr'><strong>eius,</strong></span> <span class='ocrx_word' id='word_1_595' title='bbox 898 5452 1119 5522; x_wconf 85' lang='lat' dir='ltr'><strong>populus</strong></span> <span class='ocrx_word' id='word_1_596' title='bbox 1169 5469 1320 5525; x_wconf 84' lang='lat' dir='ltr'><strong>quem</strong></span> <span class='ocrx_word' id='word_1_597' title='bbox 1377 5454 1534 5525; x_wconf 82' lang='lat' dir='ltr'><strong>elegit</strong></span> <span class='ocrx_word' id='word_1_598' title='bbox 1592 5457 1648 5509; x_wconf 86' lang='lat' dir='ltr'><strong>in</strong></span> <span class='ocrx_word' id='word_1_599' title='bbox 1692 5455 2056 5513; x_wconf 76' lang='lat' dir='ltr'><strong>hwreditatem</strong></span> 
     </span>
    </p>
   </div>
   <div class='ocr_carea' id='block_1_90' title="bbox 498 5540 2060 5619">
    <p class='ocr_par' dir='ltr' id='par_1_90' title="bbox 498 5540 2060 5619">
     <span class='ocr_line' id='line_1_90' title="bbox 498 5540 2060 5619; baseline 0.006 -25"><span class='ocrx_word' id='word_1_600' title='bbox 498 5540 620 5594; x_wconf 83' lang='lat' dir='ltr'><strong>sibi.</strong></span> <span class='ocrx_word' id='word_1_601' title='bbox 656 5541 795 5596; x_wconf 90' lang='lat' dir='ltr'><strong>Olim</strong></span> <span class='ocrx_word' id='word_1_602' title='bbox 828 5542 1048 5613; x_wconf 91' lang='lat' dir='ltr'><strong>quidem</strong></span> <span class='ocrx_word' id='word_1_603' title='bbox 1077 5559 1203 5614; x_wconf 89' lang='lat' dir='ltr'><strong>pars</strong></span> <span class='ocrx_word' id='word_1_604' title='bbox 1251 5553 1413 5617; x_wconf 89' lang='lat' dir='ltr'><strong>atque</strong></span> <span class='ocrx_word' id='word_1_605' title='bbox 1443 5546 1730 5603; x_wconf 62' lang='lat' dir='ltr'><strong>hereditas</strong></span> <span class='ocrx_word' id='word_1_606' title='bbox 1771 5549 1890 5619; x_wconf 89' lang='lat' dir='ltr'><strong>ejus</strong></span> <span class='ocrx_word' id='word_1_607' title='bbox 1939 5558 2060 5605; x_wconf 88' lang='lat' dir='ltr'><strong>erat</strong></span> 
     </span>
    </p>
   </div>
   <div class='ocr_carea' id='block_1_91' title="bbox 499 5630 2056 5710">
    <p class='ocr_par' dir='ltr' id='par_1_91' title="bbox 499 5630 2056 5710">
     <span class='ocr_line' id='line_1_91' title="bbox 499 5630 2056 5710; baseline 0.008 -26"><span class='ocrx_word' id='word_1_608' title='bbox 499 5630 664 5686; x_wconf 86' lang='lat' dir='ltr'><strong>Israel</strong></span> <span class='ocrx_word' id='word_1_609' title='bbox 699 5649 713 5685; x_wconf 88' lang='lat'><strong>:</strong></span> <span class='ocrx_word' id='word_1_610' title='bbox 762 5648 948 5688; x_wconf 84' lang='lat' dir='ltr'><strong>verum</strong></span> <span class='ocrx_word' id='word_1_611' title='bbox 977 5634 1103 5705; x_wconf 88' lang='lat' dir='ltr'><strong>quia</strong></span> <span class='ocrx_word' id='word_1_612' title='bbox 1134 5635 1186 5689; x_wconf 89' lang='lat' dir='ltr'><strong>id</strong></span> <span class='ocrx_word' id='word_1_613' title='bbox 1227 5636 1317 5693; x_wconf 91' lang='lat' dir='ltr'><strong>ille</strong></span> <span class='ocrx_word' id='word_1_614' title='bbox 1348 5639 1705 5709; x_wconf 87' lang='lat' dir='ltr'><strong>contempsit,</strong></span> <span class='ocrx_word' id='word_1_615' title='bbox 1754 5641 1821 5695; x_wconf 89' lang='lat' dir='ltr'><strong>ad</strong></span> <span class='ocrx_word' id='word_1_616' title='bbox 1869 5649 2056 5710; x_wconf 87' lang='lat' dir='ltr'><strong>gentes</strong></span> 
     </span>
    </p>
   </div>
   <div class='ocr_carea' id='block_1_92' title="bbox 495 5723 2053 5807">
    <p class='ocr_par' dir='ltr' id='par_1_92' title="bbox 495 5723 2053 5807">
     <span class='ocr_line' id='line_1_92' title="bbox 495 5723 2053 5807; baseline 0.007 -30"><span class='ocrx_word' id='word_1_617' title='bbox 495 5723 670 5805; x_wconf 78' lang='lat' dir='ltr'><strong>gratia</strong></span> <span class='ocrx_word' id='word_1_618' title='bbox 708 5726 1025 5781; x_wconf 86' lang='lat' dir='ltr'><strong>transmissa</strong></span> <span class='ocrx_word' id='word_1_619' title='bbox 1072 5734 1177 5782; x_wconf 84' lang='lat' dir='ltr'><strong>est.</strong></span> <span class='ocrx_word' id='word_1_620' title='bbox 1208 5726 1285 5782; x_wconf 85' lang='lat' dir='ltr'><strong>De</strong></span> <span class='ocrx_word' id='word_1_621' title='bbox 1336 5729 1461 5785; x_wconf 68' lang='lat' dir='ltr'><strong>caelo</strong></span> <span class='ocrx_word' id='word_1_622' title='bbox 1508 5731 1732 5807; x_wconf 76' lang='lat' dir='ltr'><strong>respexit</strong></span> <span class='ocrx_word' id='word_1_623' title='bbox 1774 5730 2053 5802; x_wconf 83' lang='lat' dir='ltr'><strong>Dominus,</strong></span> 
     </span>
    </p>
   </div>
   <div class='ocr_carea' id='block_1_93' title="bbox 2171 3225 3740 3299">
    <p class='ocr_par' dir='ltr' id='par_1_93' title="bbox 2171 3225 3740 3299">
     <span class='ocr_line' id='line_1_93' title="bbox 2171 3225 3740 3299; baseline -0.005 -12"><span class='ocrx_word' id='word_1_624' title='bbox 2171 3233 2400 3288; x_wconf 78' lang='grc' dir='ltr'><strong>καὶτῶν</strong></span> <span class='ocrx_word' id='word_1_625' title='bbox 2452 3232 2694 3286; x_wconf 86' lang='grc' dir='ltr'><strong>ἀπίστων</strong></span> <span class='ocrx_word' id='word_1_626' title='bbox 2726 3229 2890 3299; x_wconf 80' lang='grc' dir='ltr'><strong>λαῶν,</strong></span> <span class='ocrx_word' id='word_1_627' title='bbox 2938 3229 3060 3291; x_wconf 76' lang='grc' dir='ltr'><strong>τοὺς</strong></span> <span class='ocrx_word' id='word_1_628' title='bbox 3100 3228 3223 3295; x_wconf 80' lang='grc' dir='ltr'><strong>καθ’</strong></span> <span class='ocrx_word' id='word_1_629' title='bbox 3253 3226 3405 3298; x_wconf 85' lang='grc' dir='ltr'><strong>ὑμῶν</strong></span> <span class='ocrx_word' id='word_1_630' title='bbox 3448 3225 3740 3297; x_wconf 77' lang='grc' dir='ltr'><strong>λογισμοὺς</strong></span> 
     </span>
    </p>
   </div>
   <div class='ocr_carea' id='block_1_94' title="bbox 2167 3315 3737 3394">
    <p class='ocr_par' dir='ltr' id='par_1_94' title="bbox 2167 3315 3737 3394">
     <span class='ocr_line' id='line_1_94' title="bbox 2167 3315 3737 3394; baseline -0.006 -18"><span class='ocrx_word' id='word_1_631' title='bbox 2167 3325 2248 3377; x_wconf 70' lang='grc' dir='ltr'><strong>ἐν).</strong></span> <span class='ocrx_word' id='word_1_632' title='bbox 2280 3324 2507 3394; x_wconf 89' lang='grc' dir='ltr'><strong>νεύματι</strong></span> <span class='ocrx_word' id='word_1_633' title='bbox 2534 3320 2891 3391; x_wconf 73' lang='grc' dir='ltr'><strong>διασκεδάσει.</strong></span> <span class='ocrx_word' id='word_1_634' title='bbox 2927 3320 2988 3372; x_wconf 83' lang='lat' dir='ltr'><strong>Et</strong></span> <span class='ocrx_word' id='word_1_635' title='bbox 3040 3318 3096 3371; x_wconf 82' lang='grc' dir='ltr'><strong>δὲ</strong></span> <span class='ocrx_word' id='word_1_636' title='bbox 3151 3319 3243 3383; x_wconf 78' lang='grc' dir='ltr'><strong>καὶ</strong></span> <span class='ocrx_word' id='word_1_637' title='bbox 3296 3315 3551 3389; x_wconf 81' lang='grc' dir='ltr'><strong>ἄρχοντές</strong></span> <span class='ocrx_word' id='word_1_638' title='bbox 3609 3330 3737 3369; x_wconf 76' lang='grc' dir='ltr'><strong>ποτε</strong></span> 
     </span>
    </p>
   </div>
   <div class='ocr_carea' id='block_1_95' title="bbox 2168 3403 3734 3485">
    <p class='ocr_par' dir='ltr' id='par_1_95' title="bbox 2168 3403 3734 3485">
     <span class='ocr_line' id='line_1_95' title="bbox 2168 3403 3734 3485; baseline -0.006 -17"><span class='ocrx_word' id='word_1_639' title='bbox 2168 3416 2263 3469; x_wconf 80' lang='grc' dir='ltr'><strong>καὶ</strong></span> <span class='ocrx_word' id='word_1_640' title='bbox 2294 3413 2533 3485; x_wconf 81' lang='grc' dir='ltr'><strong>βασιλεῖς</strong></span> <span class='ocrx_word' id='word_1_641' title='bbox 2569 3411 2810 3483; x_wconf 86' lang='grc' dir='ltr'><strong>μέλλοιεν</strong></span> <span class='ocrx_word' id='word_1_642' title='bbox 2856 3410 2976 3464; x_wconf 87' lang='grc' dir='ltr'><strong>καθ’</strong></span> <span class='ocrx_word' id='word_1_643' title='bbox 3011 3408 3164 3483; x_wconf 83' lang='grc' dir='ltr'><strong>ὑμῶν</strong></span> <span class='ocrx_word' id='word_1_644' title='bbox 3211 3406 3559 3475; x_wconf 79' lang='grc' dir='ltr'><strong>ἐξάπτεσθαι,</strong></span> <span class='ocrx_word' id='word_1_645' title='bbox 3604 3403 3734 3461; x_wconf 75' lang='grc' dir='ltr'><strong>ἀλλὰ</strong></span> 
     </span>
    </p>
   </div>
   <div class='ocr_carea' id='block_1_96' title="bbox 2166 3497 3735 3576">
    <p class='ocr_par' dir='ltr' id='par_1_96' title="bbox 2166 3497 3735 3576">
     <span class='ocr_line' id='line_1_96' title="bbox 2166 3497 3735 3576; baseline -0.008 -14"><span class='ocrx_word' id='word_1_646' title='bbox 2166 3507 2259 3562; x_wconf 78' lang='grc' dir='ltr'><strong>καὶ</strong></span> <span class='ocrx_word' id='word_1_647' title='bbox 2287 3505 2489 3559; x_wconf 90' lang='grc' dir='ltr'><strong>τούτων</strong></span> <span class='ocrx_word' id='word_1_648' title='bbox 2520 3503 2771 3576; x_wconf 81' lang='grc' dir='ltr'><strong>ἀθετήσει</strong></span> <span class='ocrx_word' id='word_1_649' title='bbox 2794 3500 3004 3574; x_wconf 84' lang='grc' dir='ltr'><strong>βουλάς·</strong></span> <span class='ocrx_word' id='word_1_650' title='bbox 3038 3503 3300 3574; x_wconf 74' lang='grc' dir='ltr'><strong>κρατήσει</strong></span> <span class='ocrx_word' id='word_1_651' title='bbox 3332 3500 3387 3554; x_wconf 87' lang='grc' dir='ltr'><strong>δὲ</strong></span> <span class='ocrx_word' id='word_1_652' title='bbox 3412 3499 3546 3571; x_wconf 87' lang='grc' dir='ltr'><strong>μόνη</strong></span> <span class='ocrx_word' id='word_1_653' title='bbox 3580 3500 3613 3570; x_wconf 79' lang='grc' dir='ltr'>ἡ</span> <span class='ocrx_word' id='word_1_654' title='bbox 3638 3497 3735 3551; x_wconf 82' lang='grc' dir='ltr'><strong>αύ-</strong></span> 
     </span>
    </p>
   </div>
   <div class='ocr_carea' id='block_1_97' title="bbox 2164 3588 3738 3667">
    <p class='ocr_par' dir='ltr' id='par_1_97' title="bbox 2164 3588 3738 3667">
     <span class='ocr_line' id='line_1_97' title="bbox 2164 3588 3738 3667; baseline -0.006 -16"><span class='ocrx_word' id='word_1_655' title='bbox 2164 3597 2257 3651; x_wconf 82' lang='grc' dir='ltr'>τοῦ</span> <span class='ocrx_word' id='word_1_656' title='bbox 2290 3596 2452 3667; x_wconf 81' lang='grc' dir='ltr'><strong>βουλὴ</strong></span> <span class='ocrx_word' id='word_1_657' title='bbox 2476 3598 2554 3659; x_wconf 86' lang='grc' dir='ltr'><strong>είς</strong></span> <span class='ocrx_word' id='word_1_658' title='bbox 2598 3595 2688 3647; x_wconf 85' lang='grc' dir='ltr'><strong>τὸν</strong></span> <span class='ocrx_word' id='word_1_659' title='bbox 2719 3594 2908 3663; x_wconf 77' lang='grc' dir='ltr'><strong>αἰῶνα.</strong></span> <span class='ocrx_word' id='word_1_660' title='bbox 2969 3591 3126 3655; x_wconf 86' lang='grc' dir='ltr'><strong>Ἀλλά</strong></span> <span class='ocrx_word' id='word_1_661' title='bbox 3179 3592 3273 3644; x_wconf 73' lang='grc' dir='ltr'><strong>καὶ</strong></span> <span class='ocrx_word' id='word_1_662' title='bbox 3316 3591 3417 3661; x_wconf 79' lang='grc' dir='ltr'><strong>τῆς</strong></span> <span class='ocrx_word' id='word_1_663' title='bbox 3469 3588 3656 3658; x_wconf 78' lang='grc' dir='ltr'><strong>σοφίας</strong></span> <span class='ocrx_word' id='word_1_664' title='bbox 3686 3588 3738 3642; x_wconf 70' lang='grc' dir='ltr'><strong>οἱ</strong></span> 
     </span>
    </p>
   </div>
   <div class='ocr_carea' id='block_1_98' title="bbox 2165 3680 3739 3760">
    <p class='ocr_par' dir='ltr' id='par_1_98' title="bbox 2165 3680 3739 3760">
     <span class='ocr_line' id='line_1_98' title="bbox 2165 3680 3739 3760; baseline -0.006 -19"><span class='ocrx_word' id='word_1_665' title='bbox 2165 3688 2415 3760; x_wconf 47' lang='grc' dir='ltr'><strong>λογισμοί</strong></span> <span class='ocrx_word' id='word_1_666' title='bbox 2437 3685 2600 3756; x_wconf 69' lang='grc' dir='ltr'><strong>αὐτού</strong></span> <span class='ocrx_word' id='word_1_667' title='bbox 2629 3687 2727 3759; x_wconf 77' lang='grc' dir='ltr'><strong>ούχ</strong></span> <span class='ocrx_word' id='word_1_668' title='bbox 2763 3685 2962 3757; x_wconf 82' lang='grc' dir='ltr'><strong>ὁμοίως</strong></span> <span class='ocrx_word' id='word_1_669' title='bbox 3012 3688 3127 3749; x_wconf 75' lang='grc' dir='ltr'><strong>τοῖς</strong></span> <span class='ocrx_word' id='word_1_670' title='bbox 3176 3684 3454 3753; x_wconf 79' lang='grc' dir='ltr'><strong>λογισμοῖς</strong></span> <span class='ocrx_word' id='word_1_671' title='bbox 3504 3680 3611 3734; x_wconf 84' lang='grc' dir='ltr'><strong>τῶν</strong></span> <span class='ocrx_word' id='word_1_672' title='bbox 3645 3680 3739 3733; x_wconf 86' lang='grc' dir='ltr'><strong>ἀν-</strong></span> 
     </span>
    </p>
   </div>
   <div class='ocr_carea' id='block_1_99' title="bbox 2167 3774 3738 3857">
    <p class='ocr_par' dir='ltr' id='par_1_99' title="bbox 2167 3774 3738 3857">
     <span class='ocr_line' id='line_1_99' title="bbox 2167 3774 3738 3857; baseline -0.008 -21"><span class='ocrx_word' id='word_1_673' title='bbox 2167 3783 2399 3857; x_wconf 82' lang='grc' dir='ltr'><strong>θρώπων</strong></span> <span class='ocrx_word' id='word_1_674' title='bbox 2427 3781 2797 3855; x_wconf 85' lang='grc' dir='ltr'><strong>ἀθετήσονται·</strong></span> <span class='ocrx_word' id='word_1_675' title='bbox 2824 3779 3197 3852; x_wconf 77' lang='grc' dir='ltr'><strong>παραμένουσι</strong></span> <span class='ocrx_word' id='word_1_676' title='bbox 3222 3778 3278 3831; x_wconf 81' lang='grc' dir='ltr'><strong>δὲ</strong></span> <span class='ocrx_word' id='word_1_677' title='bbox 3299 3775 3492 3831; x_wconf 79' lang='grc' dir='ltr'><strong>ἐαυτοῦ</strong></span> <span class='ocrx_word' id='word_1_678' title='bbox 3526 3774 3738 3846; x_wconf 80' lang='grc' dir='ltr'><strong>κρίσεις</strong></span> 
     </span>
    </p>
   </div>
   <div class='ocr_carea' id='block_1_100' title="bbox 2165 3865 3738 3947">
    <p class='ocr_par' dir='ltr' id='par_1_100' title="bbox 2165 3865 3738 3947">
     <span class='ocr_line' id='line_1_100' title="bbox 2165 3865 3738 3947; baseline -0.009 -17"><span class='ocrx_word' id='word_1_679' title='bbox 2165 3880 2246 3942; x_wconf 82' lang='grc' dir='ltr'><strong>είς</strong></span> <span class='ocrx_word' id='word_1_680' title='bbox 2275 3877 2467 3945; x_wconf 87' lang='grc' dir='ltr'><strong>γενεάν</strong></span> <span class='ocrx_word' id='word_1_681' title='bbox 2498 3875 2592 3930; x_wconf 73' lang='grc' dir='ltr'><strong>καὶ</strong></span> <span class='ocrx_word' id='word_1_682' title='bbox 2625 3875 2837 3944; x_wconf 81' lang='grc' dir='ltr'><strong>γενεάν.</strong></span> <span class='ocrx_word' id='word_1_683' title='bbox 2863 3873 3123 3926; x_wconf 76' lang='grc' dir='ltr'><strong>Φυλάττει</strong></span> <span class='ocrx_word' id='word_1_684' title='bbox 3145 3871 3255 3947; x_wconf 77' lang='grc' dir='ltr'><strong>γὰρ</strong></span> <span class='ocrx_word' id='word_1_685' title='bbox 3286 3872 3412 3931; x_wconf 77' lang='grc' dir='ltr'><strong>τοὺς</strong></span> <span class='ocrx_word' id='word_1_686' title='bbox 3436 3866 3601 3920; x_wconf 82' lang='grc' dir='ltr'><strong>αὐτοῦ</strong></span> <span class='ocrx_word' id='word_1_687' title='bbox 3650 3865 3738 3917; x_wconf 88' lang='grc' dir='ltr'><strong>λο-</strong></span> 
     </span>
    </p>
   </div>
   <div class='ocr_carea' id='block_1_101' title="bbox 2163 3950 3734 4048">
    <p class='ocr_par' dir='ltr' id='par_1_101' title="bbox 2163 3950 3734 4048">
     <span class='ocr_line' id='line_1_101' title="bbox 2163 3950 3734 4048; baseline -0.012 -24"><span class='ocrx_word' id='word_1_688' title='bbox 2163 3970 2394 4048; x_wconf 75' lang='grc' dir='ltr'><strong>γισμοὺς</strong></span> <span class='ocrx_word' id='word_1_689' title='bbox 2422 3969 2533 4031; x_wconf 82' lang='grc' dir='ltr'><strong>τοῖς</strong></span> <span class='ocrx_word' id='word_1_690' title='bbox 2559 3966 2752 4021; x_wconf 73' lang='grc' dir='ltr'><strong>ἑαυτοῦ</strong></span> <span class='ocrx_word' id='word_1_691' title='bbox 2778 3964 2966 4030; x_wconf 80' lang='grc' dir='ltr'><strong>ἀξίοις⁸</strong></span> <span class='ocrx_word' id='word_1_692' title='bbox 3003 3966 3096 4018; x_wconf 71' lang='grc' dir='ltr'><strong>καὶ</strong></span> <span class='ocrx_word' id='word_1_693' title='bbox 3122 3950 3417 4033; x_wconf 80' lang='grc' dir='ltr'><strong>ἐπειδήπερ</strong></span> <span class='ocrx_word' id='word_1_694' title='bbox 3459 3956 3579 4048; x_wconf 40' lang='grc' dir='ltr'><strong>καθῗ</strong></span> <span class='ocrx_word' id='word_1_695' title='bbox 3605 3955 3734 4007; x_wconf 83' lang='grc' dir='ltr'><strong>ἐκά-</strong></span> 
     </span>
    </p>
   </div>
   <div class='ocr_carea' id='block_1_102' title="bbox 2165 4045 3751 4133">
    <p class='ocr_par' dir='ltr' id='par_1_102' title="bbox 2165 4045 3751 4133">
     <span class='ocr_line' id='line_1_102' title="bbox 2165 4045 3751 4133; baseline -0.014 -18"><span class='ocrx_word' id='word_1_696' title='bbox 2165 4045 2294 4133; x_wconf 86' lang='grc' dir='ltr'><strong>στην</strong></span> <span class='ocrx_word' id='word_1_697' title='bbox 2316 4061 2507 4131; x_wconf 79' lang='grc' dir='ltr'><strong>γενεὰν</strong></span> <span class='ocrx_word' id='word_1_698' title='bbox 2533 4061 2628 4114; x_wconf 70' lang='grc' dir='ltr'><strong>καὶ</strong></span> <span class='ocrx_word' id='word_1_699' title='bbox 2651 4058 2897 4129; x_wconf 81' lang='grc' dir='ltr'><strong>διαδοχὴν</strong></span> <span class='ocrx_word' id='word_1_700' title='bbox 2919 4054 3217 4125; x_wconf 80' lang='grc' dir='ltr'><strong>ἀνθρώπων</strong></span> <span class='ocrx_word' id='word_1_701' title='bbox 3239 4045 3751 4120; x_wconf 22' lang='grc' dir='ltr'><strong>εύρίσκονταίτινεςι</strong></span> 
     </span>
    </p>
   </div>
   <div class='ocr_carea' id='block_1_103' title="bbox 2162 4133 3733 4221">
    <p class='ocr_par' dir='ltr' id='par_1_103' title="bbox 2162 4133 3733 4221">
     <span class='ocr_line' id='line_1_103' title="bbox 2162 4133 3733 4221; baseline -0.014 -12"><span class='ocrx_word' id='word_1_702' title='bbox 2162 4154 2325 4221; x_wconf 79' lang='grc' dir='ltr'><strong>ἄξιοι,</strong></span> <span class='ocrx_word' id='word_1_703' title='bbox 2360 4155 2585 4216; x_wconf 83' lang='grc' dir='ltr'><strong>εἰκότως</strong></span> <span class='ocrx_word' id='word_1_704' title='bbox 2632 4150 2841 4214; x_wconf 84' lang='grc' dir='ltr'><strong>τούτοις</strong></span> <span class='ocrx_word' id='word_1_705' title='bbox 2889 4147 3071 4208; x_wconf 78' lang='grc' dir='ltr'><strong>αὐτοῖς</strong></span> <span class='ocrx_word' id='word_1_706' title='bbox 3114 4140 3381 4212; x_wconf 82' lang='grc' dir='ltr'><strong>διατηρῶν</strong></span> <span class='ocrx_word' id='word_1_707' title='bbox 3414 4139 3539 4201; x_wconf 81' lang='grc' dir='ltr'><strong>τοὺς</strong></span> <span class='ocrx_word' id='word_1_708' title='bbox 3567 4133 3733 4190; x_wconf 79' lang='grc' dir='ltr'><strong>αὑτοῦ</strong></span> 
     </span>
    </p>
   </div>
   <div class='ocr_carea' id='block_1_104' title="bbox 2161 4220 3728 4317">
    <p class='ocr_par' dir='ltr' id='par_1_104' title="bbox 2161 4220 3728 4317">
     <span class='ocr_line' id='line_1_104' title="bbox 2161 4220 3728 4317; baseline -0.015 -16"><span class='ocrx_word' id='word_1_709' title='bbox 2161 4245 2473 4317; x_wconf 75' lang='grc' dir='ltr'><strong>λογισμοὺς,</strong></span> <span class='ocrx_word' id='word_1_710' title='bbox 2501 4247 2579 4313; x_wconf 81' lang='grc' dir='ltr'><strong>είς</strong></span> <span class='ocrx_word' id='word_1_711' title='bbox 2596 4220 2895 4311; x_wconf 7' lang='grc' dir='ltr'><strong>γενεὰνηκαὶ</strong></span> <span class='ocrx_word' id='word_1_712' title='bbox 2920 4232 3112 4303; x_wconf 84' lang='grc' dir='ltr'><strong>γενεὰν</strong></span> <span class='ocrx_word' id='word_1_713' title='bbox 3144 4230 3341 4294; x_wconf 72' lang='grc' dir='ltr'><strong>αὐτοὺς</strong></span> <span class='ocrx_word' id='word_1_714' title='bbox 3366 4227 3728 4298; x_wconf 83' lang='grc' dir='ltr'><strong>παρεκτείνει.</strong></span> 
     </span>
    </p>
   </div>
   <div class='ocr_carea' id='block_1_105' title="bbox 2160 4316 3745 4405">
    <p class='ocr_par' dir='ltr' id='par_1_105' title="bbox 2160 4316 3745 4405">
     <span class='ocr_line' id='line_1_105' title="bbox 2160 4316 3745 4405; baseline -0.015 -14"><span class='ocrx_word' id='word_1_715' title='bbox 2160 4336 2271 4389; x_wconf 79' lang='grc' dir='ltr'><strong>Καὶ</strong></span> <span class='ocrx_word' id='word_1_716' title='bbox 2294 4316 2463 4389; x_wconf 83' lang='grc' dir='ltr'><strong>ταῦτα</strong></span> <span class='ocrx_word' id='word_1_717' title='bbox 2493 4335 2587 4405; x_wconf 79' lang='grc' dir='ltr'><strong>μὲν</strong></span> <span class='ocrx_word' id='word_1_718' title='bbox 2622 4331 2786 4385; x_wconf 83' lang='grc' dir='ltr'><strong>πάλαι</strong></span> <span class='ocrx_word' id='word_1_719' title='bbox 2812 4322 3132 4399; x_wconf 85' lang='grc' dir='ltr'><strong>προελέγετο</strong></span> <span class='ocrx_word' id='word_1_720' title='bbox 3161 4317 3527 4395; x_wconf 72' lang='grc' dir='ltr'><strong>προφητικῶς·</strong></span> <span class='ocrx_word' id='word_1_721' title='bbox 3553 4316 3745 4389; x_wconf 78' lang='grc' dir='ltr'><strong>ἔργοις¹</strong></span> 
     </span>
    </p>
   </div>
   <div class='ocr_carea' id='block_1_106' title="bbox 2160 4409 3729 4505">
    <p class='ocr_par' dir='ltr' id='par_1_106' title="bbox 2160 4409 3729 4505">
     <span class='ocr_line' id='line_1_106' title="bbox 2160 4409 3729 4505; baseline -0.012 -22"><span class='ocrx_word' id='word_1_722' title='bbox 2160 4429 2217 4503; x_wconf 75' lang='grc' dir='ltr'><strong>δὲ</strong></span> <span class='ocrx_word' id='word_1_723' title='bbox 2249 4429 2431 4490; x_wconf 79' lang='grc' dir='ltr'><strong>αὐτοῖς</strong></span> <span class='ocrx_word' id='word_1_724' title='bbox 2459 4425 2556 4505; x_wconf 76' lang='grc' dir='ltr'><strong>τὴν</strong></span> <span class='ocrx_word' id='word_1_725' title='bbox 2588 4422 2810 4493; x_wconf 76' lang='grc' dir='ltr'><strong>ἔκϐασιν</strong></span> <span class='ocrx_word' id='word_1_726' title='bbox 2838 4417 2946 4472; x_wconf 82' lang='grc' dir='ltr'><strong>τῶν</strong></span> <span class='ocrx_word' id='word_1_727' title='bbox 2974 4417 3147 4485; x_wconf 78' lang='grc' dir='ltr'><strong>λόγων</strong></span> <span class='ocrx_word' id='word_1_728' title='bbox 3192 4416 3352 4487; x_wconf 75' lang='grc' dir='ltr'><strong>ἡμεῖς</strong></span> <span class='ocrx_word' id='word_1_729' title='bbox 3386 4409 3729 4505; x_wconf 54' lang='grc' dir='ltr'><strong>παρειλήφα-</strong></span> 
     </span>
    </p>
   </div>
   <div class='ocr_carea' id='block_1_107' title="bbox 2164 4501 3749 4593">
    <p class='ocr_par' dir='ltr' id='par_1_107' title="bbox 2164 4501 3749 4593">
     <span class='ocr_line' id='line_1_107' title="bbox 2164 4501 3749 4593; baseline -0.014 -18"><span class='ocrx_word' id='word_1_730' title='bbox 2164 4501 2294 4593; x_wconf 66' lang='grc' dir='ltr'><strong>μεν.⁸</strong></span> <span class='ocrx_word' id='word_1_731' title='bbox 2319 4520 2455 4591; x_wconf 81' lang='grc' dir='ltr'><strong>Ὅσα</strong></span> <span class='ocrx_word' id='word_1_732' title='bbox 2488 4501 2596 4588; x_wconf 80' lang='grc' dir='ltr'><strong>γὰρ</strong></span> <span class='ocrx_word' id='word_1_733' title='bbox 2630 4513 3042 4593; x_wconf 73' lang='grc' dir='ltr'><strong>ἐμηχανήσαντο</strong></span> <span class='ocrx_word' id='word_1_734' title='bbox 3079 4508 3218 4563; x_wconf 88' lang='grc' dir='ltr'><strong>κατά</strong></span> <span class='ocrx_word' id='word_1_735' title='bbox 3266 4510 3365 4576; x_wconf 73' lang='grc' dir='ltr'><strong>τῆς</strong></span> <span class='ocrx_word' id='word_1_736' title='bbox 3406 4501 3749 4579; x_wconf 61' lang='grc' dir='ltr'><strong>Ἐκκλησίαςο</strong></span> 
     </span>
    </p>
   </div>
   <div class='ocr_carea' id='block_1_108' title="bbox 2160 4592 3727 4675">
    <p class='ocr_par' dir='ltr' id='par_1_108' title="bbox 2160 4592 3727 4675">
     <span class='ocr_line' id='line_1_108' title="bbox 2160 4592 3727 4675; baseline -0.013 -9"><span class='ocrx_word' id='word_1_737' title='bbox 2160 4611 2346 4675; x_wconf 78' lang='grc' dir='ltr'><strong>αὐτοῦ,</strong></span> <span class='ocrx_word' id='word_1_738' title='bbox 2381 4610 2475 4665; x_wconf 73' lang='grc' dir='ltr'><strong>καὶ</strong></span> <span class='ocrx_word' id='word_1_739' title='bbox 2502 4592 2716 4670; x_wconf 83' lang='grc' dir='ltr'><strong>ὁποίους</strong></span> <span class='ocrx_word' id='word_1_740' title='bbox 2746 4605 2863 4659; x_wconf 75' lang='grc' dir='ltr'><strong>καθ’</strong></span> <span class='ocrx_word' id='word_1_741' title='bbox 2899 4601 3054 4675; x_wconf 79' lang='grc' dir='ltr'><strong>ἡμῶν</strong></span> <span class='ocrx_word' id='word_1_742' title='bbox 3100 4601 3398 4670; x_wconf 82' lang='grc' dir='ltr'><strong>ἐπήγειραν</strong></span> <span class='ocrx_word' id='word_1_743' title='bbox 3434 4594 3727 4665; x_wconf 77' lang='grc' dir='ltr'><strong>διωγμοὺς,</strong></span> 
     </span>
    </p>
   </div>
   <div class='ocr_carea' id='block_1_109' title="bbox 2158 4688 3732 4773">
    <p class='ocr_par' dir='ltr' id='par_1_109' title="bbox 2158 4688 3732 4773">
     <span class='ocr_line' id='line_1_109' title="bbox 2158 4688 3732 4773; baseline -0.013 -13"><span class='ocrx_word' id='word_1_744' title='bbox 2158 4704 2347 4767; x_wconf 83' lang='grc' dir='ltr'><strong>ὁποίας</strong></span> <span class='ocrx_word' id='word_1_745' title='bbox 2369 4719 2429 4756; x_wconf 88' lang='grc' dir='ltr'><strong>τε</strong></span> <span class='ocrx_word' id='word_1_746' title='bbox 2463 4701 2655 4773; x_wconf 81' lang='grc' dir='ltr'><strong>βουλὰς</strong></span> <span class='ocrx_word' id='word_1_747' title='bbox 2683 4697 3065 4767; x_wconf 78' lang='grc' dir='ltr'><strong>ἐϐουλεύσαντο</strong></span> <span class='ocrx_word' id='word_1_748' title='bbox 3122 4695 3171 4747; x_wconf 84' lang='grc' dir='ltr'><strong>οἱ</strong></span> <span class='ocrx_word' id='word_1_749' title='bbox 3224 4692 3483 4765; x_wconf 81' lang='grc' dir='ltr'><strong>ἄρχοντες</strong></span> <span class='ocrx_word' id='word_1_750' title='bbox 3512 4688 3604 4743; x_wconf 81' lang='grc' dir='ltr'><strong>τοῦ</strong></span> <span class='ocrx_word' id='word_1_751' title='bbox 3651 4689 3732 4742; x_wconf 88' lang='grc' dir='ltr'><strong>αί-</strong></span> 
     </span>
    </p>
   </div>
   <div class='ocr_carea' id='block_1_110' title="bbox 2159 4781 3727 4862">
    <p class='ocr_par' dir='ltr' id='par_1_110' title="bbox 2159 4781 3727 4862">
     <span class='ocr_line' id='line_1_110' title="bbox 2159 4781 3727 4862; baseline -0.014 -10"><span class='ocrx_word' id='word_1_752' title='bbox 2159 4799 2295 4859; x_wconf 86' lang='grc' dir='ltr'><strong>ῶνος</strong></span> <span class='ocrx_word' id='word_1_753' title='bbox 2313 4795 2499 4849; x_wconf 89' lang='grc' dir='ltr'><strong>τούτου</strong></span> <span class='ocrx_word' id='word_1_754' title='bbox 2525 4791 2646 4846; x_wconf 88' lang='grc' dir='ltr'><strong>καθ’</strong></span> <span class='ocrx_word' id='word_1_755' title='bbox 2675 4790 2848 4862; x_wconf 79' lang='grc' dir='ltr'><strong>ἡμῶν.</strong></span> <span class='ocrx_word' id='word_1_756' title='bbox 2876 4789 2976 4856; x_wconf 76' lang='grc' dir='ltr'><strong>οὐκ</strong></span> <span class='ocrx_word' id='word_1_757' title='bbox 3028 4786 3171 4840; x_wconf 75' lang='grc' dir='ltr'><strong>ἐστιν</strong></span> <span class='ocrx_word' id='word_1_758' title='bbox 3203 4782 3438 4849; x_wconf 80' lang='grc' dir='ltr'><strong>ἐπαξίως</strong></span> <span class='ocrx_word' id='word_1_759' title='bbox 3467 4781 3727 4849; x_wconf 82' lang='grc' dir='ltr'><strong>διηγήσα-</strong></span> 
     </span>
    </p>
   </div>
   <div class='ocr_carea' id='block_1_111' title="bbox 2162 4872 3730 4949">
    <p class='ocr_par' dir='ltr' id='par_1_111' title="bbox 2162 4872 3730 4949">
     <span class='ocr_line' id='line_1_111' title="bbox 2162 4872 3730 4949; baseline -0.013 -6"><span class='ocrx_word' id='word_1_760' title='bbox 2162 4889 2305 4943; x_wconf 69' lang='grc' dir='ltr'><strong>σθαιο</strong></span> <span class='ocrx_word' id='word_1_761' title='bbox 2344 4887 2436 4940; x_wconf 74' lang='grc' dir='ltr'><strong>καὶ</strong></span> <span class='ocrx_word' id='word_1_762' title='bbox 2461 4887 2535 4949; x_wconf 81' lang='grc' dir='ltr'><strong>ὡς</strong></span> <span class='ocrx_word' id='word_1_763' title='bbox 2569 4884 2741 4938; x_wconf 78' lang='grc' dir='ltr'><strong>ταῦτα</strong></span> <span class='ocrx_word' id='word_1_764' title='bbox 2771 4882 2946 4937; x_wconf 85' lang='grc' dir='ltr'><strong>πάντα</strong></span> <span class='ocrx_word' id='word_1_765' title='bbox 2983 4878 3116 4940; x_wconf 77' lang='grc' dir='ltr'><strong>Θεοῦ</strong></span> <span class='ocrx_word' id='word_1_766' title='bbox 3158 4877 3383 4947; x_wconf 88' lang='grc' dir='ltr'><strong>δυνάμει</strong></span> <span class='ocrx_word' id='word_1_767' title='bbox 3428 4872 3730 4928; x_wconf 86' lang='grc' dir='ltr'><strong>διεσκεδάν-</strong></span> 
     </span>
    </p>
   </div>
   <div class='ocr_carea' id='block_1_112' title="bbox 2158 4963 3725 5047">
    <p class='ocr_par' dir='ltr' id='par_1_112' title="bbox 2158 4963 3725 5047">
     <span class='ocr_line' id='line_1_112' title="bbox 2158 4963 3725 5047; baseline -0.012 -13"><span class='ocrx_word' id='word_1_768' title='bbox 2158 4996 2334 5035; x_wconf 86' lang='grc' dir='ltr'><strong>νυντο·</strong></span> <span class='ocrx_word' id='word_1_769' title='bbox 2370 4979 2462 5032; x_wconf 71' lang='grc' dir='ltr'><strong>καὶ</strong></span> <span class='ocrx_word' id='word_1_770' title='bbox 2487 4979 2561 5042; x_wconf 84' lang='grc' dir='ltr'><strong>ὡς</strong></span> <span class='ocrx_word' id='word_1_771' title='bbox 2582 4978 2681 5030; x_wconf 74' lang='grc' dir='ltr'><strong>οὐκ</strong></span> <span class='ocrx_word' id='word_1_772' title='bbox 2722 4977 2805 5044; x_wconf 73' lang='grc' dir='ltr'><strong>ἐφ’</strong></span> <span class='ocrx_word' id='word_1_773' title='bbox 2836 4971 2991 5047; x_wconf 78' lang='grc' dir='ltr'><strong>ἡμῶν</strong></span> <span class='ocrx_word' id='word_1_774' title='bbox 3030 4971 3205 5041; x_wconf 88' lang='grc' dir='ltr'><strong>μόνον,</strong></span> <span class='ocrx_word' id='word_1_775' title='bbox 3260 4968 3393 5022; x_wconf 84' lang='grc' dir='ltr'><strong>ἀλλὰ</strong></span> <span class='ocrx_word' id='word_1_776' title='bbox 3446 4966 3565 5020; x_wconf 80' lang='grc' dir='ltr'><strong>καθ’</strong></span> <span class='ocrx_word' id='word_1_777' title='bbox 3596 4963 3725 5017; x_wconf 82' lang='grc' dir='ltr'><strong>ἑκά-</strong></span> 
     </span>
    </p>
   </div>
   <div class='ocr_carea' id='block_1_113' title="bbox 2160 5057 3739 5141">
    <p class='ocr_par' dir='ltr' id='par_1_113' title="bbox 2160 5057 3739 5141">
     <span class='ocr_line' id='line_1_113' title="bbox 2160 5057 3739 5141; baseline -0.011 -17"><span class='ocrx_word' id='word_1_778' title='bbox 2160 5088 2292 5141; x_wconf 81' lang='grc' dir='ltr'><strong>στην</strong></span> <span class='ocrx_word' id='word_1_779' title='bbox 2316 5070 2506 5139; x_wconf 85' lang='grc' dir='ltr'><strong>γενεὰν</strong></span> <span class='ocrx_word' id='word_1_780' title='bbox 2532 5069 2709 5141; x_wconf 79' lang='grc' dir='ltr'><strong>ἔργοις</strong></span> <span class='ocrx_word' id='word_1_781' title='bbox 2732 5067 2905 5120; x_wconf 81' lang='grc' dir='ltr'><strong>ταῦτα</strong></span> <span class='ocrx_word' id='word_1_782' title='bbox 2930 5062 3229 5135; x_wconf 77' lang='grc' dir='ltr'><strong>ἐπληροῦτο</strong></span> <span class='ocrx_word' id='word_1_783' title='bbox 3262 5061 3368 5115; x_wconf 81' lang='grc' dir='ltr'><strong>ἀπὸ</strong></span> <span class='ocrx_word' id='word_1_784' title='bbox 3389 5059 3494 5113; x_wconf 83' lang='grc' dir='ltr'><strong>τῶν</strong></span> <span class='ocrx_word' id='word_1_785' title='bbox 3524 5057 3739 5129; x_wconf 60' lang='grc' dir='ltr'><strong>χρόνων,</strong></span> 
     </span>
    </p>
   </div>
   <div class='ocr_carea' id='block_1_114' title="bbox 2158 5154 3323 5236">
    <p class='ocr_par' dir='ltr' id='par_1_114' title="bbox 2158 5154 3323 5236">
     <span class='ocr_line' id='line_1_114' title="bbox 2158 5154 3323 5236; baseline -0.011 -19"><span class='ocrx_word' id='word_1_786' title='bbox 2158 5166 2256 5236; x_wconf 84' lang='grc' dir='ltr'><strong>τῆς</strong></span> <span class='ocrx_word' id='word_1_787' title='bbox 2281 5162 2376 5216; x_wconf 82' lang='grc' dir='ltr'><strong>τοῦ</strong></span> <span class='ocrx_word' id='word_1_788' title='bbox 2403 5163 2651 5233; x_wconf 84' lang='grc' dir='ltr'><strong>Σωτῆρος</strong></span> <span class='ocrx_word' id='word_1_789' title='bbox 2678 5157 2994 5228; x_wconf 72' lang='grc' dir='ltr'><strong>θεοφανείας</strong></span> <span class='ocrx_word' id='word_1_790' title='bbox 3023 5154 3323 5226; x_wconf 79' lang='grc' dir='ltr'><strong>ἀρξάμενα.</strong></span> 
     </span>
    </p>
   </div>
   <div class='ocr_carea' id='block_1_115' title="bbox 2227 5351 3730 5434">
    <p class='ocr_par' dir='ltr' id='par_1_115' title="bbox 2227 5351 3730 5434">
     <span class='ocr_line' id='line_1_115' title="bbox 2227 5351 3730 5434; baseline -0.011 -15"><span class='ocrx_word' id='word_1_791' title='bbox 2227 5362 2532 5434; x_wconf 77' lang='grc' dir='ltr'><strong>Μακάρων</strong></span> <span class='ocrx_word' id='word_1_792' title='bbox 2558 5360 2625 5416; x_wconf 80' lang='grc' dir='ltr'><strong>τὸ</strong></span> <span class='ocrx_word' id='word_1_793' title='bbox 2658 5360 2832 5425; x_wconf 79' lang='grc' dir='ltr'><strong>ἔθνος</strong></span> <span class='ocrx_word' id='word_1_794' title='bbox 2864 5353 2935 5412; x_wconf 87' lang='grc' dir='ltr'><strong>οὗ</strong></span> <span class='ocrx_word' id='word_1_795' title='bbox 2989 5356 3160 5412; x_wconf 75' lang='grc' dir='ltr'><strong>ἐστιν</strong></span> <span class='ocrx_word' id='word_1_796' title='bbox 3185 5358 3219 5408; x_wconf 81' lang='grc' dir='ltr'><em>ὁ</em></span> <span class='ocrx_word' id='word_1_797' title='bbox 3269 5354 3483 5422; x_wconf 77' lang='grc' dir='ltr'><strong>Κύριος</strong></span> <span class='ocrx_word' id='word_1_798' title='bbox 3506 5356 3538 5407; x_wconf 89' lang='lat' dir='ltr'><strong>o&#39;</strong></span> <span class='ocrx_word' id='word_1_799' title='bbox 3585 5351 3730 5429; x_wconf 68' lang='grc' dir='ltr'><strong>Θεὸς</strong></span> 
     </span>
    </p>
   </div>
   <div class='ocr_carea' id='block_1_116' title="bbox 2156 5443 3730 5521">
    <p class='ocr_par' dir='ltr' id='par_1_116' title="bbox 2156 5443 3730 5521">
     <span class='ocr_line' id='line_1_116' title="bbox 2156 5443 3730 5521; baseline -0.012 -9"><span class='ocrx_word' id='word_1_800' title='bbox 2156 5456 2373 5521; x_wconf 84' lang='grc' dir='ltr'><strong>αὐτοῦ,</strong></span> <span class='ocrx_word' id='word_1_801' title='bbox 2430 5454 2579 5520; x_wconf 75' lang='grc' dir='ltr'><strong>λαὸς</strong></span> <span class='ocrx_word' id='word_1_802' title='bbox 2648 5451 2721 5505; x_wconf 81' lang='grc' dir='ltr'><strong>ὃν</strong></span> <span class='ocrx_word' id='word_1_803' title='bbox 2787 5446 3107 5513; x_wconf 76' lang='grc' dir='ltr'><strong>ἐξελέξατο</strong></span> <span class='ocrx_word' id='word_1_804' title='bbox 3164 5446 3252 5511; x_wconf 79' lang='grc' dir='ltr'><strong>εις</strong></span> <span class='ocrx_word' id='word_1_805' title='bbox 3323 5443 3730 5512; x_wconf 74' lang='grc' dir='ltr'><strong>κληρονομίαν</strong></span> 
     </span>
    </p>
   </div>
   <div class='ocr_carea' id='block_1_117' title="bbox 2156 5532 3730 5616">
    <p class='ocr_par' dir='ltr' id='par_1_117' title="bbox 2156 5532 3730 5616">
     <span class='ocr_line' id='line_1_117' title="bbox 2156 5532 3730 5616; baseline -0.01 -14"><span class='ocrx_word' id='word_1_806' title='bbox 2156 5545 2365 5616; x_wconf 74' lang='grc' dir='ltr'><strong>ἑαυτῷ.</strong></span> <span class='ocrx_word' id='word_1_807' title='bbox 2403 5544 2577 5599; x_wconf 87' lang='grc' dir='ltr'><strong>Πάλαι</strong></span> <span class='ocrx_word' id='word_1_808' title='bbox 2603 5542 2701 5614; x_wconf 88' lang='grc' dir='ltr'><strong>μὲν</strong></span> <span class='ocrx_word' id='word_1_809' title='bbox 2731 5541 2840 5613; x_wconf 85' lang='grc' dir='ltr'><strong>γὰρ</strong></span> <span class='ocrx_word' id='word_1_810' title='bbox 2870 5536 2938 5611; x_wconf 78' lang='grc' dir='ltr'><strong>ἦν</strong></span> <span class='ocrx_word' id='word_1_811' title='bbox 2975 5536 3190 5609; x_wconf 77' lang='grc' dir='ltr'><strong>Ἰσραὴλ</strong></span> <span class='ocrx_word' id='word_1_812' title='bbox 3244 5539 3400 5609; x_wconf 73' lang='grc' dir='ltr'><strong>μερὶς</strong></span> <span class='ocrx_word' id='word_1_813' title='bbox 3454 5536 3546 5590; x_wconf 77' lang='grc' dir='ltr'><strong>καὶ</strong></span> <span class='ocrx_word' id='word_1_814' title='bbox 3601 5532 3730 5602; x_wconf 81' lang='grc' dir='ltr'><strong>κλη-</strong></span> 
     </span>
    </p>
   </div>
   <div class='ocr_carea' id='block_1_118' title="bbox 2160 5623 3727 5709">
    <p class='ocr_par' dir='ltr' id='par_1_118' title="bbox 2160 5623 3727 5709">
     <span class='ocr_line' id='line_1_118' title="bbox 2160 5623 3727 5709; baseline -0.01 -17"><span class='ocrx_word' id='word_1_815' title='bbox 2160 5636 2384 5709; x_wconf 87' lang='grc' dir='ltr'><strong>ρονομία</strong></span> <span class='ocrx_word' id='word_1_816' title='bbox 2412 5634 2594 5689; x_wconf 80' lang='grc' dir='ltr'><strong>αὑτοῦ·</strong></span> <span class='ocrx_word' id='word_1_817' title='bbox 2646 5632 2760 5686; x_wconf 87' lang='grc' dir='ltr'><strong>ἀλλ’</strong></span> <span class='ocrx_word' id='word_1_818' title='bbox 2792 5633 2914 5685; x_wconf 78' lang='grc' dir='ltr'><strong>ἐπεὶ</strong></span> <span class='ocrx_word' id='word_1_819' title='bbox 2965 5630 3196 5700; x_wconf 77' lang='grc' dir='ltr'><strong>ὴθέτησε</strong></span> <span class='ocrx_word' id='word_1_820' title='bbox 3254 5628 3647 5700; x_wconf 60' lang='grc' dir='ltr'><strong>μταὸέὸληται</strong></span> <span class='ocrx_word' id='word_1_821' title='bbox 3692 5623 3727 5693; x_wconf 79' lang='grc' dir='ltr'><strong>ἡ</strong></span> 
     </span>
    </p>
   </div>
   <div class='ocr_carea' id='block_1_119' title="bbox 2157 5716 3728 5803">
    <p class='ocr_par' dir='ltr' id='par_1_119' title="bbox 2157 5716 3728 5803">
     <span class='ocr_line' id='line_1_119' title="bbox 2157 5716 3728 5803; baseline -0.005 -20"><span class='ocrx_word' id='word_1_822' title='bbox 2157 5730 2315 5803; x_wconf 83' lang='grc' dir='ltr'><strong>χάρις</strong></span> <span class='ocrx_word' id='word_1_823' title='bbox 2347 5728 2437 5783; x_wconf 74' lang='grc' dir='ltr'><strong>ἐπὶ</strong></span> <span class='ocrx_word' id='word_1_824' title='bbox 2462 5726 2528 5782; x_wconf 68' lang='grc' dir='ltr'><strong>τὰ</strong></span> <span class='ocrx_word' id='word_1_825' title='bbox 2556 5724 2702 5795; x_wconf 79' lang='grc' dir='ltr'><strong>ἔθνη.</strong></span> <span class='ocrx_word' id='word_1_826' title='bbox 2748 5724 2848 5791; x_wconf 82' lang='grc' dir='ltr'><strong>Ἐξ</strong></span> <span class='ocrx_word' id='word_1_827' title='bbox 2889 5722 3149 5791; x_wconf 75' lang='grc' dir='ltr'><strong>οὐρανοῦ</strong></span> <span class='ocrx_word' id='word_1_828' title='bbox 3183 5722 3515 5788; x_wconf 63' lang='grc' dir='ltr'><strong>ἐπέϐλεψεν</strong></span> <span class='ocrx_word' id='word_1_829' title='bbox 3548 5722 3579 5771; x_wconf 86' lang='grc' dir='ltr'><em>ό</em></span> <span class='ocrx_word' id='word_1_830' title='bbox 3611 5716 3728 5775; x_wconf 75' lang='grc' dir='ltr'><strong>Κὺο</strong></span> 
     </span>
    </p>
   </div>
  </div>
