  <div class='ocr_page' id='page_1' title='image "/cluster/home/n/w/nwhite01/storage/ocr_20150623/23:no.5/coo.31924054873033/158.png"; bbox 0 0 4100 6392; ppageno 0'>
   <div class='ocr_carea' id='block_1_1' title="bbox 347 335 456 395">
    <p class='ocr_par' dir='ltr' id='par_1_1' title="bbox 347 335 456 395">
     <span class='ocr_line' id='line_1_1' title="bbox 347 335 456 395; baseline 0 0"><span class='ocrx_word' id='word_1_1' title='bbox 347 335 456 395; x_wconf 82' lang='lat'><strong>285</strong></span> 
     </span>
    </p>
   </div>
   <div class='ocr_carea' id='block_1_2' title="bbox 1462 306 2444 379">
    <p class='ocr_par' dir='ltr' id='par_1_2' title="bbox 1462 306 2444 379">
     <span class='ocr_line' id='line_1_2' title="bbox 1462 306 2444 379; baseline -0.01 -5"><span class='ocrx_word' id='word_1_2' title='bbox 1462 309 1959 379; x_wconf 76' lang='lat' dir='ltr'><strong>COMMENTABIA</strong></span> <span class='ocrx_word' id='word_1_3' title='bbox 2000 308 2070 365; x_wconf 80' lang='lat' dir='ltr'><strong>IN</strong></span> <span class='ocrx_word' id='word_1_4' title='bbox 2105 306 2444 365; x_wconf 79' lang='lat' dir='ltr'><strong>PSALMOS.</strong></span> 
     </span>
    </p>
   </div>
   <div class='ocr_carea' id='block_1_3' title="bbox 3483 302 3595 361">
    <p class='ocr_par' dir='ltr' id='par_1_3' title="bbox 3483 302 3595 361">
     <span class='ocr_line' id='line_1_3' title="bbox 3483 302 3595 361; baseline 0 -2"><span class='ocrx_word' id='word_1_5' title='bbox 3483 302 3595 361; x_wconf 72' lang='grc'><strong>988</strong></span> 
     </span>
    </p>
   </div>
   <div class='ocr_carea' id='block_1_4' title="bbox 339 380 1923 524">
    <p class='ocr_par' dir='ltr' id='par_1_4' title="bbox 339 430 1917 524">
     <span class='ocr_line' id='line_1_4' title="bbox 339 430 1917 524; baseline -0.016 -14"><span class='ocrx_word' id='word_1_6' title='bbox 339 467 492 524; x_wconf 83' lang='grc' dir='ltr'>ριος,</span> <span class='ocrx_word' id='word_1_7' title='bbox 520 450 641 505; x_wconf 78' lang='grc' dir='ltr'><em>εἶδε</em></span> <span class='ocrx_word' id='word_1_8' title='bbox 669 446 897 514; x_wconf 75' lang='grc' dir='ltr'><em>πάντας</em></span> <span class='ocrx_word' id='word_1_9' title='bbox 917 444 1059 512; x_wconf 79' lang='grc' dir='ltr'><em>τοὺς</em></span> <span class='ocrx_word' id='word_1_10' title='bbox 1085 441 1253 508; x_wconf 76' lang='grc' dir='ltr'><em>υἱοὺς</em></span> <span class='ocrx_word' id='word_1_11' title='bbox 1281 440 1399 495; x_wconf 85' lang='grc' dir='ltr'><em>τῶν</em></span> <span class='ocrx_word' id='word_1_12' title='bbox 1442 435 1784 505; x_wconf 84' lang='grc' dir='ltr'><strong>ἀνθρώπων.</strong></span> <span class='ocrx_word' id='word_1_13' title='bbox 1821 430 1917 524; x_wconf 75' lang='grc' dir='ltr'><strong><em>Ἐ</em></strong></span> 
     </span>
    </p>
   </div>
   <div class='ocr_carea' id='block_1_5' title="bbox 2029 380 3590 524">
    <p class='ocr_par' dir='ltr' id='par_1_5' title="bbox 2029 380 3590 497">
     <span class='ocr_line' id='line_1_5' title="bbox 2029 380 3590 497; baseline -0.005 -12"><span class='ocrx_word' id='word_1_14' title='bbox 2029 428 2149 485; x_wconf 74' lang='lat' dir='ltr'><strong>vidit</strong></span> <span class='ocrx_word' id='word_1_15' title='bbox 2194 446 2372 485; x_wconf 87' lang='lat' dir='ltr'><strong>omnes</strong></span> <span class='ocrx_word' id='word_1_16' title='bbox 2415 427 2556 497; x_wconf 79' lang='lat' dir='ltr'><strong>ﬁlios</strong></span> <span class='ocrx_word' id='word_1_17' title='bbox 2589 426 2882 481; x_wconf 81' lang='lat' dir='ltr'><strong>hominum.</strong></span> <span class='ocrx_word' id='word_1_18' title='bbox 2947 426 3025 481; x_wconf 88' lang='lat' dir='ltr'><strong>De</strong></span> <span class='ocrx_word' id='word_1_19' title='bbox 3055 380 3353 494; x_wconf 67' lang='lat' dir='ltr'><strong>pra’parato</strong></span> <span class='ocrx_word' id='word_1_20' title='bbox 3382 422 3590 481; x_wconf 80' lang='lat' dir='ltr'><strong>habita-</strong></span> 
     </span>
    </p>
   </div>
   <div class='ocr_carea' id='block_1_6' title="bbox 345 522 1918 613">
    <p class='ocr_par' dir='ltr' id='par_1_6' title="bbox 345 522 1918 613">
     <span class='ocr_line' id='line_1_6' title="bbox 345 522 1918 613; baseline -0.015 -14"><span class='ocrx_word' id='word_1_21' title='bbox 345 522 617 613; x_wconf 59' lang='lat' dir='ltr'><strong>titolttou</strong></span> <span class='ocrx_word' id='word_1_22' title='bbox 648 537 1098 608; x_wconf 85' lang='grc' dir='ltr'><em>κατοικητηρίου</em></span> <span class='ocrx_word' id='word_1_23' title='bbox 1172 531 1356 592; x_wconf 85' lang='grc' dir='ltr'><em>αὑτοῦ</em></span> <span class='ocrx_word' id='word_1_24' title='bbox 1426 528 1760 596; x_wconf 72' lang='grc' dir='ltr'><em>ἐπέϐλεψεν</em></span> <span class='ocrx_word' id='word_1_25' title='bbox 1818 522 1918 577; x_wconf 78' lang='grc' dir='ltr'><strong>ἐπὶ</strong></span> 
     </span>
    </p>
   </div>
   <div class='ocr_carea' id='block_1_7' title="bbox 347 616 1920 701">
    <p class='ocr_par' dir='ltr' id='par_1_7' title="bbox 347 616 1920 701">
     <span class='ocr_line' id='line_1_7' title="bbox 347 616 1920 701; baseline -0.015 -9"><span class='ocrx_word' id='word_1_26' title='bbox 347 634 582 701; x_wconf 78' lang='grc' dir='ltr'><em>πάντας</em></span> <span class='ocrx_word' id='word_1_27' title='bbox 602 633 743 700; x_wconf 88' lang='grc' dir='ltr'><em>τοὺς</em></span> <span class='ocrx_word' id='word_1_28' title='bbox 764 630 1192 694; x_wconf 78' lang='grc' dir='ltr'><strong>κατοικοῦντας</strong></span> <span class='ocrx_word' id='word_1_29' title='bbox 1220 624 1337 694; x_wconf 84' lang='grc' dir='ltr'><em>τὴν</em></span> <span class='ocrx_word' id='word_1_30' title='bbox 1388 623 1524 692; x_wconf 76' lang='grc' dir='ltr'><strong>γῆν.</strong></span> <span class='ocrx_word' id='word_1_31' title='bbox 1558 622 1623 675; x_wconf 87' lang='grc' dir='ltr'>Ὃ</span> <span class='ocrx_word' id='word_1_32' title='bbox 1676 616 1920 681; x_wconf 83' lang='grc' dir='ltr'><em>πλάσας</em></span> 
     </span>
    </p>
   </div>
   <div class='ocr_carea' id='block_1_8' title="bbox 346 708 1922 800">
    <p class='ocr_par' dir='ltr' id='par_1_8' title="bbox 346 708 1922 800">
     <span class='ocr_line' id='line_1_8' title="bbox 346 708 1922 800; baseline -0.015 -15"><span class='ocrx_word' id='word_1_33' title='bbox 346 728 686 800; x_wconf 75' lang='grc' dir='ltr'><em>καταμόνας</em></span> <span class='ocrx_word' id='word_1_34' title='bbox 723 725 832 791; x_wconf 81' lang='grc' dir='ltr'><em>τὰς</em></span> <span class='ocrx_word' id='word_1_35' title='bbox 871 723 1120 792; x_wconf 80' lang='grc' dir='ltr'><strong>καρδίας</strong></span> <span class='ocrx_word' id='word_1_36' title='bbox 1182 717 1402 781; x_wconf 87' lang='grc' dir='ltr'><em>αὐτῶν,</em></span> <span class='ocrx_word' id='word_1_37' title='bbox 1438 719 1471 770; x_wconf 86' lang='grc' dir='ltr'><em>ὀ</em></span> <span class='ocrx_word' id='word_1_38' title='bbox 1527 712 1760 778; x_wconf 76' lang='grc' dir='ltr'><em>συνιεὶς</em></span> <span class='ocrx_word' id='word_1_39' title='bbox 1821 708 1922 764; x_wconf 71' lang='grc' dir='ltr'><strong>ἐπὶ</strong></span> 
     </span>
    </p>
   </div>
   <div class='ocr_carea' id='block_1_9' title="bbox 349 800 1919 886">
    <p class='ocr_par' dir='ltr' id='par_1_9' title="bbox 349 800 1919 886">
     <span class='ocr_line' id='line_1_9' title="bbox 349 800 1919 886; baseline -0.017 -8"><span class='ocrx_word' id='word_1_40' title='bbox 349 821 545 877; x_wconf 80' lang='grc' dir='ltr'><em>πάντα</em></span> <span class='ocrx_word' id='word_1_41' title='bbox 573 818 643 873; x_wconf 84' lang='grc' dir='ltr'><em>τὰ</em></span> <span class='ocrx_word' id='word_1_42' title='bbox 667 817 811 886; x_wconf 76' lang='grc' dir='ltr'><em>ἔργα</em></span> <span class='ocrx_word' id='word_1_43' title='bbox 845 815 1062 872; x_wconf 81' lang='grc' dir='ltr'><em>αὐτῶν.</em></span> <span class='ocrx_word' id='word_1_44' title='bbox 1106 813 1222 866; x_wconf 84' lang='grc' dir='ltr'><strong>Ἵνα</strong></span> <span class='ocrx_word' id='word_1_45' title='bbox 1272 807 1491 880; x_wconf 81' lang='grc' dir='ltr'>γνῶμεν</span> <span class='ocrx_word' id='word_1_46' title='bbox 1543 804 1660 868; x_wconf 88' lang='grc' dir='ltr'><strong>πῶς</strong></span> <span class='ocrx_word' id='word_1_47' title='bbox 1710 800 1919 870; x_wconf 76' lang='grc' dir='ltr'>ὑπέστη</span> 
     </span>
    </p>
   </div>
   <div class='ocr_carea' id='block_1_10' title="bbox 347 889 1920 983">
    <p class='ocr_par' dir='ltr' id='par_1_10' title="bbox 347 889 1920 983">
     <span class='ocr_line' id='line_1_10' title="bbox 347 889 1920 983; baseline -0.013 -17"><span class='ocrx_word' id='word_1_48' title='bbox 347 911 410 966; x_wconf 82' lang='grc' dir='ltr'>τδ</span> <span class='ocrx_word' id='word_1_49' title='bbox 432 907 863 983; x_wconf 81' lang='grc' dir='ltr'><strong>μακαριζόμενον</strong></span> <span class='ocrx_word' id='word_1_50' title='bbox 896 905 1067 969; x_wconf 71' lang='grc' dir='ltr'>ἔθνος,</span> <span class='ocrx_word' id='word_1_51' title='bbox 1106 902 1201 956; x_wconf 74' lang='grc' dir='ltr'>καὶ</span> <span class='ocrx_word' id='word_1_52' title='bbox 1251 899 1415 953; x_wconf 84' lang='grc' dir='ltr'>πόθεν</span> <span class='ocrx_word' id='word_1_53' title='bbox 1470 895 1660 967; x_wconf 79' lang='grc' dir='ltr'>εἴληφε</span> <span class='ocrx_word' id='word_1_54' title='bbox 1693 890 1794 961; x_wconf 79' lang='grc' dir='ltr'><strong>τὴν</strong></span> <span class='ocrx_word' id='word_1_55' title='bbox 1822 889 1920 947; x_wconf 48' lang='grc' dir='ltr'><strong>σύγ</strong></span> 
     </span>
    </p>
   </div>
   <div class='ocr_carea' id='block_1_11' title="bbox 350 988 1919 1063">
    <p class='ocr_par' dir='ltr' id='par_1_11' title="bbox 350 988 1919 1063">
     <span class='ocr_line' id='line_1_11' title="bbox 350 988 1919 1063; baseline -0.008 -7"><span class='ocrx_word' id='word_1_56' title='bbox 350 1018 535 1056; x_wconf 84' lang='grc' dir='ltr'>στασιν</span> <span class='ocrx_word' id='word_1_57' title='bbox 565 1002 595 1053; x_wconf 99' lang='lat'><strong>6</strong></span> <span class='ocrx_word' id='word_1_58' title='bbox 621 999 747 1061; x_wconf 85' lang='grc' dir='ltr'><em>λαὸς</em></span> <span class='ocrx_word' id='word_1_59' title='bbox 773 997 831 1050; x_wconf 81' lang='grc' dir='ltr'>ὃν</span> <span class='ocrx_word' id='word_1_60' title='bbox 873 993 1152 1063; x_wconf 71' lang='grc' dir='ltr'><strong>ἐξελέξατο</strong></span> <span class='ocrx_word' id='word_1_61' title='bbox 1194 994 1272 1056; x_wconf 76' lang='grc' dir='ltr'><em>εἰς</em></span> <span class='ocrx_word' id='word_1_62' title='bbox 1315 990 1678 1063; x_wconf 81' lang='grc' dir='ltr'>κληρονομίαν</span> <span class='ocrx_word' id='word_1_63' title='bbox 1721 988 1919 1061; x_wconf 78' lang='grc' dir='ltr'>ἐαυτῷ,</span> 
     </span>
    </p>
   </div>
   <div class='ocr_carea' id='block_1_12' title="bbox 346 1081 1922 1157">
    <p class='ocr_par' dir='ltr' id='par_1_12' title="bbox 346 1081 1922 1157">
     <span class='ocr_line' id='line_1_12' title="bbox 346 1081 1922 1157; baseline -0.01 -8"><span class='ocrx_word' id='word_1_64' title='bbox 346 1090 653 1155; x_wconf 79' lang='grc' dir='ltr'><strong>ἀκολούθως</strong></span> <span class='ocrx_word' id='word_1_65' title='bbox 675 1089 934 1153; x_wconf 78' lang='grc' dir='ltr'><strong>διδάσκει,</strong></span> <span class='ocrx_word' id='word_1_66' title='bbox 961 1087 1037 1151; x_wconf 87' lang='grc' dir='ltr'><strong>ὼς</strong></span> <span class='ocrx_word' id='word_1_67' title='bbox 1064 1087 1172 1157; x_wconf 75' lang='grc' dir='ltr'><strong>ἄρα</strong></span> <span class='ocrx_word' id='word_1_68' title='bbox 1203 1083 1366 1147; x_wconf 81' lang='grc' dir='ltr'>αὐτὸς</span> <span class='ocrx_word' id='word_1_69' title='bbox 1412 1085 1442 1136; x_wconf 95' lang='lat'><strong>6</strong></span> <span class='ocrx_word' id='word_1_70' title='bbox 1492 1081 1695 1155; x_wconf 85' lang='grc' dir='ltr'>Κύριος</span> <span class='ocrx_word' id='word_1_71' title='bbox 1714 1083 1922 1145; x_wconf 81' lang='grc' dir='ltr'><strong>πάντας</strong></span> 
     </span>
    </p>
   </div>
   <div class='ocr_carea' id='block_1_13' title="bbox 346 1173 1921 1249">
    <p class='ocr_par' dir='ltr' id='par_1_13' title="bbox 346 1173 1921 1249">
     <span class='ocr_line' id='line_1_13' title="bbox 346 1173 1921 1249; baseline -0.006 -13"><span class='ocrx_word' id='word_1_72' title='bbox 346 1183 471 1245; x_wconf 81' lang='grc' dir='ltr'><em>τοὺς</em></span> <span class='ocrx_word' id='word_1_73' title='bbox 506 1182 656 1247; x_wconf 80' lang='grc' dir='ltr'>υἱοὺς</span> <span class='ocrx_word' id='word_1_74' title='bbox 674 1178 781 1242; x_wconf 74' lang='grc' dir='ltr'><strong>τῶν</strong></span> <span class='ocrx_word' id='word_1_75' title='bbox 807 1176 1107 1249; x_wconf 78' lang='grc' dir='ltr'>ἀνθρώπων</span> <span class='ocrx_word' id='word_1_76' title='bbox 1129 1176 1254 1239; x_wconf 85' lang='grc' dir='ltr'><em>τοὺς</em></span> <span class='ocrx_word' id='word_1_77' title='bbox 1281 1175 1666 1239; x_wconf 79' lang='grc' dir='ltr'><strong>κατοικοῦντας</strong></span> <span class='ocrx_word' id='word_1_78' title='bbox 1693 1173 1790 1247; x_wconf 86' lang='grc' dir='ltr'>τὴν</span> <span class='ocrx_word' id='word_1_79' title='bbox 1818 1174 1921 1244; x_wconf 84' lang='grc' dir='ltr'>γῆν</span> 
     </span>
    </p>
   </div>
   <div class='ocr_carea' id='block_1_14' title="bbox 345 1266 1922 1345">
    <p class='ocr_par' dir='ltr' id='par_1_14' title="bbox 345 1266 1922 1345">
     <span class='ocr_line' id='line_1_14' title="bbox 345 1266 1922 1345; baseline -0.006 -17"><span class='ocrx_word' id='word_1_80' title='bbox 345 1272 802 1345; x_wconf 78' lang='grc' dir='ltr'><strong>ἐπισκεψάμενος,</strong></span> <span class='ocrx_word' id='word_1_81' title='bbox 848 1268 909 1335; x_wconf 75' lang='grc' dir='ltr'>ἐξ</span> <span class='ocrx_word' id='word_1_82' title='bbox 935 1269 1190 1323; x_wconf 83' lang='grc' dir='ltr'>ἁπάντων</span> <span class='ocrx_word' id='word_1_83' title='bbox 1212 1266 1419 1322; x_wconf 85' lang='grc' dir='ltr'>τούτων</span> <span class='ocrx_word' id='word_1_84' title='bbox 1466 1266 1832 1337; x_wconf 84' lang='grc' dir='ltr'><strong>συνεστήσατο</strong></span> <span class='ocrx_word' id='word_1_85' title='bbox 1861 1266 1922 1319; x_wconf 82' lang='grc' dir='ltr'><strong>τὸ</strong></span> 
     </span>
    </p>
   </div>
   <div class='ocr_carea' id='block_1_15' title="bbox 345 1357 1919 1438">
    <p class='ocr_par' dir='ltr' id='par_1_15' title="bbox 345 1357 1919 1438">
     <span class='ocr_line' id='line_1_15' title="bbox 345 1357 1919 1438; baseline -0.005 -20"><span class='ocrx_word' id='word_1_86' title='bbox 345 1364 641 1438; x_wconf 72' lang='grc' dir='ltr'>προλεχθὲν</span> <span class='ocrx_word' id='word_1_87' title='bbox 689 1362 861 1427; x_wconf 77' lang='grc' dir='ltr'>ἔθνος,</span> <span class='ocrx_word' id='word_1_88' title='bbox 919 1363 1014 1416; x_wconf 70' lang='grc' dir='ltr'><strong>καὶ</strong></span> <span class='ocrx_word' id='word_1_89' title='bbox 1057 1361 1148 1414; x_wconf 83' lang='grc' dir='ltr'>τὸν</span> <span class='ocrx_word' id='word_1_90' title='bbox 1193 1358 1589 1432; x_wconf 78' lang='grc' dir='ltr'>προειρημένον</span> <span class='ocrx_word' id='word_1_91' title='bbox 1640 1358 1803 1422; x_wconf 85' lang='grc' dir='ltr'>λαὸν,</span> <span class='ocrx_word' id='word_1_92' title='bbox 1858 1357 1919 1411; x_wconf 76' lang='grc' dir='ltr'><strong>οὐ</strong></span> 
     </span>
    </p>
   </div>
   <div class='ocr_carea' id='block_1_16' title="bbox 342 1449 1920 1531">
    <p class='ocr_par' dir='ltr' id='par_1_16' title="bbox 342 1449 1920 1531">
     <span class='ocr_line' id='line_1_16' title="bbox 342 1449 1920 1531; baseline -0.007 -17"><span class='ocrx_word' id='word_1_93' title='bbox 342 1459 609 1521; x_wconf 77' lang='grc' dir='ltr'>διακόνοις</span> <span class='ocrx_word' id='word_1_94' title='bbox 630 1457 835 1530; x_wconf 74' lang='grc' dir='ltr'>ἑτέροις</span> <span class='ocrx_word' id='word_1_95' title='bbox 854 1453 1209 1531; x_wconf 68' lang='grc' dir='ltr'><strong>κεχρημένος.</strong></span> <span class='ocrx_word' id='word_1_96' title='bbox 1246 1454 1389 1511; x_wconf 75' lang='grc' dir='ltr'><strong>Ἀντὶ</strong></span> <span class='ocrx_word' id='word_1_97' title='bbox 1414 1452 1472 1505; x_wconf 83' lang='grc' dir='ltr'><strong>δὲ</strong></span> <span class='ocrx_word' id='word_1_98' title='bbox 1495 1450 1607 1505; x_wconf 74' lang='grc' dir='ltr'><strong>τοῦ·</strong></span> <span class='ocrx_word' id='word_1_99' title='bbox 1634 1449 1737 1515; x_wconf 79' lang='grc' dir='ltr'><strong>Ἐξ</strong></span> <span class='ocrx_word' id='word_1_100' title='bbox 1767 1451 1920 1504; x_wconf 77' lang='grc' dir='ltr'><em>ἑτοί-</em></span> 
     </span>
    </p>
   </div>
   <div class='ocr_carea' id='block_1_17' title="bbox 338 1535 1920 1619">
    <p class='ocr_par' dir='ltr' id='par_1_17' title="bbox 338 1535 1920 1619">
     <span class='ocr_line' id='line_1_17' title="bbox 338 1535 1920 1619; baseline -0.009 -16"><span class='ocrx_word' id='word_1_101' title='bbox 338 1567 460 1619; x_wconf 83' lang='grc' dir='ltr'><strong>μου</strong></span> <span class='ocrx_word' id='word_1_102' title='bbox 510 1544 964 1615; x_wconf 77' lang='grc' dir='ltr'><em>κατοικητηρὶου</em></span> <span class='ocrx_word' id='word_1_103' title='bbox 1009 1541 1219 1605; x_wconf 82' lang='grc' dir='ltr'><em>αὐτοῦ,</em></span> <span class='ocrx_word' id='word_1_104' title='bbox 1265 1542 1295 1594; x_wconf 93' lang='lat'><strong>6</strong></span> <span class='ocrx_word' id='word_1_105' title='bbox 1348 1539 1446 1611; x_wconf 81' lang='grc' dir='ltr'><strong>μὲν</strong></span> <span class='ocrx_word' id='word_1_106' title='bbox 1488 1537 1742 1602; x_wconf 82' lang='grc' dir='ltr'><strong>Ἀκύλας,</strong></span> <span class='ocrx_word' id='word_1_107' title='bbox 1802 1535 1920 1595; x_wconf 81' lang='grc' dir='ltr'><strong>ἀπὸ</strong></span> 
     </span>
    </p>
   </div>
   <div class='ocr_carea' id='block_1_18' title="bbox 343 1626 1924 1711">
    <p class='ocr_par' dir='ltr' id='par_1_18' title="bbox 343 1626 1924 1711">
     <span class='ocr_line' id='line_1_18' title="bbox 343 1626 1924 1711; baseline -0.009 -17"><span class='ocrx_word' id='word_1_108' title='bbox 343 1637 720 1711; x_wconf 70' lang='grc' dir='ltr'><em>ἐδρὰσματος</em></span> <span class='ocrx_word' id='word_1_109' title='bbox 772 1635 1064 1704; x_wconf 80' lang='grc' dir='ltr'><strong>καθέδρας</strong></span> <span class='ocrx_word' id='word_1_110' title='bbox 1124 1632 1334 1696; x_wconf 78' lang='grc' dir='ltr'><em>αὑτοῦ,</em></span> <span class='ocrx_word' id='word_1_111' title='bbox 1381 1631 1750 1702; x_wconf 73' lang='grc' dir='ltr'>ἡρμήνευσεψ</span> <span class='ocrx_word' id='word_1_112' title='bbox 1797 1630 1827 1682; x_wconf 92' lang='lat'><strong>6</strong></span> <span class='ocrx_word' id='word_1_113' title='bbox 1864 1626 1924 1680; x_wconf 78' lang='grc' dir='ltr'><strong>δὲ</strong></span> 
     </span>
    </p>
   </div>
   <div class='ocr_carea' id='block_1_19' title="bbox 345 1720 1920 1801">
    <p class='ocr_par' dir='ltr' id='par_1_19' title="bbox 345 1720 1920 1801">
     <span class='ocr_line' id='line_1_19' title="bbox 345 1720 1920 1801; baseline -0.005 -17"><span class='ocrx_word' id='word_1_114' title='bbox 345 1730 658 1801; x_wconf 78' lang='grc' dir='ltr'><strong>Σύμμαχος,</strong></span> <span class='ocrx_word' id='word_1_115' title='bbox 691 1726 809 1799; x_wconf 77' lang='grc' dir='ltr'><strong>ᾴπὸ</strong></span> <span class='ocrx_word' id='word_1_116' title='bbox 834 1726 1011 1796; x_wconf 80' lang='grc' dir='ltr'><em>ἕδρας</em></span> <span class='ocrx_word' id='word_1_117' title='bbox 1031 1725 1337 1790; x_wconf 80' lang='grc' dir='ltr'><strong>κατοικίας</strong></span> <span class='ocrx_word' id='word_1_118' title='bbox 1357 1722 1546 1778; x_wconf 83' lang='grc' dir='ltr'><em>αὐτοῦ</em></span> <span class='ocrx_word' id='word_1_119' title='bbox 1567 1720 1920 1790; x_wconf 67' lang='grc' dir='ltr'><em>ἐπέϐλεψεν.</em></span> 
     </span>
    </p>
   </div>
   <div class='ocr_carea' id='block_1_20' title="bbox 2020 514 3591 587">
    <p class='ocr_par' dir='ltr' id='par_1_20' title="bbox 2020 514 3591 587">
     <span class='ocr_line' id='line_1_20' title="bbox 2020 514 3591 587; baseline -0.004 -14"><span class='ocrx_word' id='word_1_120' title='bbox 2020 520 2139 573; x_wconf 86' lang='lat' dir='ltr'><strong>culo</strong></span> <span class='ocrx_word' id='word_1_121' title='bbox 2178 535 2275 574; x_wconf 82' lang='lat' dir='ltr'><strong>suo</strong></span> <span class='ocrx_word' id='word_1_122' title='bbox 2308 519 2533 587; x_wconf 74' lang='lat' dir='ltr'><strong>respexit</strong></span> <span class='ocrx_word' id='word_1_123' title='bbox 2568 530 2723 584; x_wconf 85' lang='lat' dir='ltr'><strong><em>super</em></strong></span> <span class='ocrx_word' id='word_1_124' title='bbox 2749 531 2927 570; x_wconf 88' lang='lat' dir='ltr'><strong>omnes</strong></span> <span class='ocrx_word' id='word_1_125' title='bbox 2960 516 3050 585; x_wconf 88' lang='lat' dir='ltr'><strong>qui</strong></span> <span class='ocrx_word' id='word_1_126' title='bbox 3088 514 3326 569; x_wconf 87' lang='lat' dir='ltr'><strong>habitant</strong></span> <span class='ocrx_word' id='word_1_127' title='bbox 3369 522 3591 578; x_wconf 81' lang='lat' dir='ltr'><strong>terram.</strong></span> 
     </span>
    </p>
   </div>
   <div class='ocr_carea' id='block_1_21' title="bbox 2022 603 3593 680">
    <p class='ocr_par' dir='ltr' id='par_1_21' title="bbox 2022 603 3593 680">
     <span class='ocr_line' id='line_1_21' title="bbox 2022 603 3593 680; baseline -0.004 -16"><span class='ocrx_word' id='word_1_128' title='bbox 2022 609 2127 676; x_wconf 86' lang='lat' dir='ltr'><strong>Qui</strong></span> <span class='ocrx_word' id='word_1_129' title='bbox 2174 610 2331 680; x_wconf 70' lang='lat' dir='ltr'><strong>ﬁnxit</strong></span> <span class='ocrx_word' id='word_1_130' title='bbox 2375 609 2655 680; x_wconf 78' lang='lat' dir='ltr'><strong>sigillatim</strong></span> <span class='ocrx_word' id='word_1_131' title='bbox 2710 606 2876 661; x_wconf 88' lang='lat' dir='ltr'><strong>corda</strong></span> <span class='ocrx_word' id='word_1_132' title='bbox 2926 622 3155 672; x_wconf 88' lang='lat' dir='ltr'><strong>eorum,</strong></span> <span class='ocrx_word' id='word_1_133' title='bbox 3209 605 3299 676; x_wconf 91' lang='lat' dir='ltr'><strong>qui</strong></span> <span class='ocrx_word' id='word_1_134' title='bbox 3345 603 3593 674; x_wconf 85' lang='lat' dir='ltr'><strong>intelligit</strong></span> 
     </span>
    </p>
   </div>
   <div class='ocr_carea' id='block_1_22' title="bbox 2022 693 3594 766">
    <p class='ocr_par' dir='ltr' id='par_1_22' title="bbox 2022 693 3594 766">
     <span class='ocr_line' id='line_1_22' title="bbox 2022 693 3594 766; baseline -0.002 -15"><span class='ocrx_word' id='word_1_135' title='bbox 2022 698 2202 759; x_wconf 85' lang='lat' dir='ltr'><strong>omnia</strong></span> <span class='ocrx_word' id='word_1_136' title='bbox 2241 712 2401 766; x_wconf 83' lang='lat' dir='ltr'><strong>opera</strong></span> <span class='ocrx_word' id='word_1_137' title='bbox 2452 712 2657 752; x_wconf 84' lang='lat' dir='ltr'><strong>eorum.</strong></span> <span class='ocrx_word' id='word_1_138' title='bbox 2704 693 2776 751; x_wconf 85' lang='lat' dir='ltr'><strong>Ut</strong></span> <span class='ocrx_word' id='word_1_139' title='bbox 2825 694 3065 751; x_wconf 81' lang='lat' dir='ltr'><strong>sciamus</strong></span> <span class='ocrx_word' id='word_1_140' title='bbox 3094 709 3204 765; x_wconf 91' lang='lat' dir='ltr'><strong>quo</strong></span> <span class='ocrx_word' id='word_1_141' title='bbox 3233 701 3393 764; x_wconf 89' lang='lat' dir='ltr'><strong>pacto</strong></span> <span class='ocrx_word' id='word_1_142' title='bbox 3436 708 3594 765; x_wconf 81' lang='lat' dir='ltr'><strong>gens,</strong></span> 
     </span>
    </p>
   </div>
   <div class='ocr_carea' id='block_1_23' title="bbox 2022 785 3600 860">
    <p class='ocr_par' dir='ltr' id='par_1_23' title="bbox 2022 785 3600 860">
     <span class='ocr_line' id='line_1_23' title="bbox 2022 785 3600 860; baseline -0.001 -18"><span class='ocrx_word' id='word_1_143' title='bbox 2022 803 2143 859; x_wconf 69' lang='lat' dir='ltr'><strong>quae</strong></span> <span class='ocrx_word' id='word_1_144' title='bbox 2190 788 2348 845; x_wconf 88' lang='lat' dir='ltr'><strong>beata</strong></span> <span class='ocrx_word' id='word_1_145' title='bbox 2394 788 2745 860; x_wconf 65' lang='lat' dir='ltr'><strong>praedicatur,</strong></span> <span class='ocrx_word' id='word_1_146' title='bbox 2782 787 3080 843; x_wconf 89' lang='lat' dir='ltr'><strong>constituta</strong></span> <span class='ocrx_word' id='word_1_147' title='bbox 3121 785 3306 850; x_wconf 82' lang='lat' dir='ltr'><strong>fuerit,</strong></span> <span class='ocrx_word' id='word_1_148' title='bbox 3353 794 3410 841; x_wconf 87' lang='lat' dir='ltr'><strong>et</strong></span> <span class='ocrx_word' id='word_1_149' title='bbox 3453 785 3600 841; x_wconf 87' lang='lat' dir='ltr'><strong>unde</strong></span> 
     </span>
    </p>
   </div>
   <div class='ocr_carea' id='block_1_24' title="bbox 2021 873 3598 953">
    <p class='ocr_par' dir='ltr' id='par_1_24' title="bbox 2021 873 3598 953">
     <span class='ocr_line' id='line_1_24' title="bbox 2021 873 3598 953; baseline -0.004 -18"><span class='ocrx_word' id='word_1_150' title='bbox 2021 881 2286 939; x_wconf 88' lang='lat' dir='ltr'><strong>collectus</strong></span> <span class='ocrx_word' id='word_1_151' title='bbox 2314 881 2481 936; x_wconf 79' lang='lat' dir='ltr'><strong>fuerit</strong></span> <span class='ocrx_word' id='word_1_152' title='bbox 2504 880 2741 952; x_wconf 88' lang='lat' dir='ltr'><strong>populus</strong></span> <span class='ocrx_word' id='word_1_153' title='bbox 2774 879 2868 953; x_wconf 89' lang='lat' dir='ltr'><strong>ille</strong></span> <span class='ocrx_word' id='word_1_154' title='bbox 2896 894 3059 949; x_wconf 87' lang='lat' dir='ltr'><strong>quem</strong></span> <span class='ocrx_word' id='word_1_155' title='bbox 3096 876 3259 947; x_wconf 89' lang='lat' dir='ltr'><strong>elegit</strong></span> <span class='ocrx_word' id='word_1_156' title='bbox 3286 876 3344 930; x_wconf 90' lang='lat' dir='ltr'><strong>in</strong></span> <span class='ocrx_word' id='word_1_157' title='bbox 3364 873 3598 930; x_wconf 70' lang='lat' dir='ltr'><strong>haeredi-</strong></span> 
     </span>
    </p>
   </div>
   <div class='ocr_carea' id='block_1_25' title="bbox 2025 966 3600 1048">
    <p class='ocr_par' dir='ltr' id='par_1_25' title="bbox 2025 966 3600 1048">
     <span class='ocr_line' id='line_1_25' title="bbox 2025 966 3600 1048; baseline -0.004 -22"><span class='ocrx_word' id='word_1_158' title='bbox 2025 980 2196 1033; x_wconf 87' lang='lat' dir='ltr'><strong>tatem</strong></span> <span class='ocrx_word' id='word_1_159' title='bbox 2228 974 2373 1048; x_wconf 79' lang='lat' dir='ltr'><strong>sibi;</strong></span> <span class='ocrx_word' id='word_1_160' title='bbox 2406 979 2810 1044; x_wconf 75' lang='lat' dir='ltr'><strong>consequenter</strong></span> <span class='ocrx_word' id='word_1_161' title='bbox 2838 971 3020 1036; x_wconf 90' lang='lat' dir='ltr'><strong>docet,</strong></span> <span class='ocrx_word' id='word_1_162' title='bbox 3062 968 3155 1040; x_wconf 89' lang='lat' dir='ltr'><strong>qui</strong></span> <span class='ocrx_word' id='word_1_163' title='bbox 3183 967 3301 1038; x_wconf 89' lang='lat' dir='ltr'><strong>ipse</strong></span> <span class='ocrx_word' id='word_1_164' title='bbox 3338 966 3600 1020; x_wconf 86' lang='lat' dir='ltr'><strong>Dominus</strong></span> 
     </span>
    </p>
   </div>
   <div class='ocr_carea' id='block_1_26' title="bbox 2022 1059 3600 1133">
    <p class='ocr_par' dir='ltr' id='par_1_26' title="bbox 2022 1059 3600 1133">
     <span class='ocr_line' id='line_1_26' title="bbox 2022 1059 3600 1133; baseline -0.007 -13"><span class='ocrx_word' id='word_1_165' title='bbox 2022 1080 2149 1120; x_wconf 90' lang='lat' dir='ltr'><strong>eum</strong></span> <span class='ocrx_word' id='word_1_166' title='bbox 2199 1079 2391 1121; x_wconf 91' lang='lat' dir='ltr'><strong>omnes</strong></span> <span class='ocrx_word' id='word_1_167' title='bbox 2443 1064 2587 1119; x_wconf 85' lang='lat' dir='ltr'><strong>ﬁlios</strong></span> <span class='ocrx_word' id='word_1_168' title='bbox 2644 1063 2926 1133; x_wconf 83' lang='lat' dir='ltr'><strong>hominum</strong></span> <span class='ocrx_word' id='word_1_169' title='bbox 2974 1061 3067 1131; x_wconf 86' lang='lat' dir='ltr'><strong>qui</strong></span> <span class='ocrx_word' id='word_1_170' title='bbox 3113 1059 3365 1115; x_wconf 87' lang='lat' dir='ltr'><strong>habitant</strong></span> <span class='ocrx_word' id='word_1_171' title='bbox 3397 1065 3600 1112; x_wconf 88' lang='lat' dir='ltr'><strong>terram</strong></span> 
     </span>
    </p>
   </div>
   <div class='ocr_carea' id='block_1_27' title="bbox 2022 1147 3603 1228">
    <p class='ocr_par' dir='ltr' id='par_1_27' title="bbox 2022 1147 3603 1228">
     <span class='ocr_line' id='line_1_27' title="bbox 2022 1147 3603 1228; baseline -0.007 -15"><span class='ocrx_word' id='word_1_172' title='bbox 2022 1157 2343 1228; x_wconf 76' lang='lat' dir='ltr'><strong>respiceret,</strong></span> <span class='ocrx_word' id='word_1_173' title='bbox 2372 1172 2440 1212; x_wconf 85' lang='lat' dir='ltr'><strong>ex</strong></span> <span class='ocrx_word' id='word_1_174' title='bbox 2486 1157 2554 1218; x_wconf 88' lang='lat' dir='ltr'><strong>iis</strong></span> <span class='ocrx_word' id='word_1_175' title='bbox 2600 1155 2857 1217; x_wconf 87' lang='lat' dir='ltr'><strong>omnibus</strong></span> <span class='ocrx_word' id='word_1_176' title='bbox 2899 1153 3217 1225; x_wconf 74' lang='lat' dir='ltr'><strong>praedictam</strong></span> <span class='ocrx_word' id='word_1_177' title='bbox 3245 1159 3461 1224; x_wconf 78' lang='lat' dir='ltr'><strong>gentem</strong></span> <span class='ocrx_word' id='word_1_178' title='bbox 3495 1147 3603 1205; x_wconf 84' lang='lat' dir='ltr'><strong>sibi</strong></span> 
     </span>
    </p>
   </div>
   <div class='ocr_carea' id='block_1_28' title="bbox 2022 1238 3603 1318">
    <p class='ocr_par' dir='ltr' id='par_1_28' title="bbox 2022 1238 3603 1318">
     <span class='ocr_line' id='line_1_28' title="bbox 2022 1238 3603 1318; baseline -0.005 -17"><span class='ocrx_word' id='word_1_179' title='bbox 2022 1245 2302 1318; x_wconf 87' lang='lat' dir='ltr'><strong>selegerit,</strong></span> <span class='ocrx_word' id='word_1_180' title='bbox 2337 1260 2553 1307; x_wconf 86' lang='lat' dir='ltr'><strong>necnon</strong></span> <span class='ocrx_word' id='word_1_181' title='bbox 2582 1255 2946 1313; x_wconf 80' lang='lat' dir='ltr'><strong>memoratum</strong></span> <span class='ocrx_word' id='word_1_182' title='bbox 2985 1243 3280 1313; x_wconf 86' lang='lat' dir='ltr'><strong>populum,</strong></span> <span class='ocrx_word' id='word_1_183' title='bbox 3319 1254 3431 1295; x_wconf 88' lang='lat' dir='ltr'><strong>non</strong></span> <span class='ocrx_word' id='word_1_184' title='bbox 3479 1238 3603 1293; x_wconf 87' lang='lat' dir='ltr'><strong>aliis</strong></span> 
     </span>
    </p>
   </div>
   <div class='ocr_carea' id='block_1_29' title="bbox 2023 1331 3603 1412">
    <p class='ocr_par' dir='ltr' id='par_1_29' title="bbox 2023 1331 3603 1412">
     <span class='ocr_line' id='line_1_29' title="bbox 2023 1331 3603 1412; baseline -0.003 -20"><span class='ocrx_word' id='word_1_185' title='bbox 2023 1354 2188 1410; x_wconf 87' lang='lat' dir='ltr'><strong>quam</strong></span> <span class='ocrx_word' id='word_1_186' title='bbox 2226 1339 2481 1409; x_wconf 78' lang='lat' dir='ltr'><strong>superius</strong></span> <span class='ocrx_word' id='word_1_187' title='bbox 2505 1346 2641 1394; x_wconf 80' lang='lat' dir='ltr'><strong>uSus</strong></span> <span class='ocrx_word' id='word_1_188' title='bbox 2672 1337 2967 1412; x_wconf 61' lang='lat' dir='ltr'><strong>ministris,</strong></span> <span class='ocrx_word' id='word_1_189' title='bbox 3013 1334 3120 1390; x_wconf 87' lang='lat' dir='ltr'><strong>Pro</strong></span> <span class='ocrx_word' id='word_1_190' title='bbox 3155 1335 3248 1390; x_wconf 89' lang='lat' dir='ltr'><strong>illo</strong></span> <span class='ocrx_word' id='word_1_191' title='bbox 3282 1341 3487 1398; x_wconf 90' lang='lat' dir='ltr'><strong>autem,</strong></span> <span class='ocrx_word' id='word_1_192' title='bbox 3522 1331 3603 1387; x_wconf 85' lang='lat' dir='ltr'><strong>De</strong></span> 
     </span>
    </p>
   </div>
   <div class='ocr_carea' id='block_1_30' title="bbox 2020 1429 3602 1501">
    <p class='ocr_par' dir='ltr' id='par_1_30' title="bbox 2020 1429 3602 1501">
     <span class='ocr_line' id='line_1_30' title="bbox 2020 1429 3602 1501; baseline -0.002 -16"><span class='ocrx_word' id='word_1_193' title='bbox 2020 1440 2322 1501; x_wconf 61' lang='grc' dir='ltr'><em>μῆτραι-ατο</em></span> <span class='ocrx_word' id='word_1_194' title='bbox 2366 1430 2672 1499; x_wconf 82' lang='lat' dir='ltr'><strong>habitacula</strong></span> <span class='ocrx_word' id='word_1_195' title='bbox 2721 1446 2855 1497; x_wconf 86' lang='lat' dir='ltr'><strong>suo,</strong></span> <span class='ocrx_word' id='word_1_196' title='bbox 2901 1430 3120 1501; x_wconf 88' lang='lat' dir='ltr'><strong>Aquila,</strong></span> <span class='ocrx_word' id='word_1_197' title='bbox 3168 1448 3203 1483; x_wconf 89' lang='lat' dir='ltr'><strong>a</strong></span> <span class='ocrx_word' id='word_1_198' title='bbox 3243 1429 3602 1484; x_wconf 82' lang='lat' dir='ltr'><strong>stabilimenta</strong></span> 
     </span>
    </p>
   </div>
   <div class='ocr_carea' id='block_1_31' title="bbox 2023 1522 3605 1596">
    <p class='ocr_par' dir='ltr' id='par_1_31' title="bbox 2023 1522 3605 1596">
     <span class='ocr_line' id='line_1_31' title="bbox 2023 1522 3605 1596; baseline 0.001 -17"><span class='ocrx_word' id='word_1_199' title='bbox 2023 1523 2163 1579; x_wconf 84' lang='lat' dir='ltr'><strong>sedis</strong></span> <span class='ocrx_word' id='word_1_200' title='bbox 2197 1538 2328 1596; x_wconf 73' lang='lat' dir='ltr'><strong>sure,</strong></span> <span class='ocrx_word' id='word_1_201' title='bbox 2357 1523 2750 1595; x_wconf 75' lang='lat' dir='ltr'><strong>interpretatus</strong></span> <span class='ocrx_word' id='word_1_202' title='bbox 2777 1531 2862 1580; x_wconf 90' lang='lat' dir='ltr'><strong>est</strong></span> <span class='ocrx_word' id='word_1_203' title='bbox 2890 1540 2906 1590; x_wconf 89' lang='lat'><strong>;</strong></span> <span class='ocrx_word' id='word_1_204' title='bbox 2956 1522 3317 1595; x_wconf 83' lang='lat' dir='ltr'><strong>Symmachus</strong></span> <span class='ocrx_word' id='word_1_205' title='bbox 3340 1530 3543 1591; x_wconf 89' lang='lat' dir='ltr'><strong>autem,</strong></span> <span class='ocrx_word' id='word_1_206' title='bbox 3568 1540 3605 1579; x_wconf 88' lang='lat' dir='ltr'><strong>a</strong></span> 
     </span>
    </p>
   </div>
   <div class='ocr_carea' id='block_1_32' title="bbox 2023 1611 3605 1691">
    <p class='ocr_par' dir='ltr' id='par_1_32' title="bbox 2023 1611 3605 1691">
     <span class='ocr_line' id='line_1_32' title="bbox 2023 1611 3605 1691; baseline 0.001 -22"><span class='ocrx_word' id='word_1_207' title='bbox 2023 1613 2144 1669; x_wconf 88' lang='lat' dir='ltr'><strong>sede</strong></span> <span class='ocrx_word' id='word_1_208' title='bbox 2171 1612 2518 1677; x_wconf 79' lang='lat' dir='ltr'><strong>habitationis</strong></span> <span class='ocrx_word' id='word_1_209' title='bbox 2553 1630 2666 1684; x_wconf 78' lang='lat' dir='ltr'><strong>sua:</strong></span> <span class='ocrx_word' id='word_1_210' title='bbox 2696 1614 2945 1691; x_wconf 75' lang='lat' dir='ltr'><strong>respexit.</strong></span> <span class='ocrx_word' id='word_1_211' title='bbox 2981 1611 3221 1670; x_wconf 78' lang='lat' dir='ltr'><strong>Verbum</strong></span> <span class='ocrx_word' id='word_1_212' title='bbox 3251 1621 3436 1668; x_wconf 88' lang='lat' dir='ltr'><strong>autem</strong></span> <span class='ocrx_word' id='word_1_213' title='bbox 3481 1613 3605 1684; x_wconf 88' lang='lat' dir='ltr'><strong>ejus</strong></span> 
     </span>
    </p>
   </div>
   <div class='ocr_carea' id='block_1_33' title="bbox 2027 1702 3604 1773">
    <p class='ocr_par' dir='ltr' id='par_1_33' title="bbox 2027 1702 3604 1773">
     <span class='ocr_line' id='line_1_33' title="bbox 2027 1702 3604 1773; baseline 0 -14"><span class='ocrx_word' id='word_1_214' title='bbox 2027 1706 2260 1759; x_wconf 77' lang='lat' dir='ltr'><strong>salutem</strong></span> <span class='ocrx_word' id='word_1_215' title='bbox 2284 1703 2354 1759; x_wconf 90' lang='lat' dir='ltr'><strong>iis</strong></span> <span class='ocrx_word' id='word_1_216' title='bbox 2383 1703 2477 1773; x_wconf 92' lang='lat' dir='ltr'><strong>qui</strong></span> <span class='ocrx_word' id='word_1_217' title='bbox 2503 1704 2784 1773; x_wconf 76' lang='lat' dir='ltr'><strong>accepturi</strong></span> <span class='ocrx_word' id='word_1_218' title='bbox 2807 1709 2964 1770; x_wconf 85' lang='lat' dir='ltr'><strong>erant</strong></span> <span class='ocrx_word' id='word_1_219' title='bbox 2995 1702 3444 1763; x_wconf 86' lang='lat' dir='ltr'><strong>administrabat:</strong></span> <span class='ocrx_word' id='word_1_220' title='bbox 3475 1719 3604 1759; x_wconf 89' lang='lat' dir='ltr'><strong>nam</strong></span> 
     </span>
    </p>
   </div>
   <div class='ocr_carea' id='block_1_34' title="bbox 357 1781 1923 1890">
    <p class='ocr_par' dir='ltr' id='par_1_34' title="bbox 357 1781 1919 1890">
     <span class='ocr_line' id='line_1_34' title="bbox 357 1781 1919 1890; baseline -0.008 -16"><span class='ocrx_word' id='word_1_221' title='bbox 357 1781 915 1890; x_wconf 28' lang='lat' dir='ltr'><strong>iri—Kurograbroﬁ&#39;</strong></span> <span class='ocrx_word' id='word_1_222' title='bbox 934 1781 1031 1887; x_wconf 60' lang='grc' dir='ltr'><strong>την</strong></span> <span class='ocrx_word' id='word_1_223' title='bbox 1066 1781 1337 1884; x_wconf 70' lang='grc' dir='ltr'>σωτηρίαν</span> <span class='ocrx_word' id='word_1_224' title='bbox 1360 1811 1646 1877; x_wconf 76' lang='grc' dir='ltr'>διεκονεῖτο</span> <span class='ocrx_word' id='word_1_225' title='bbox 1673 1781 1919 1874; x_wconf 40' lang='grc' dir='ltr'><strong>τοῖςνσῳ-</strong></span> 
     </span>
    </p>
   </div>
   <div class='ocr_carea' id='block_1_35' title="bbox 2029 1781 3607 1890">
    <p class='ocr_par' dir='ltr' id='par_1_35' title="bbox 2029 1790 3607 1865">
     <span class='ocr_line' id='line_1_35' title="bbox 2029 1790 3607 1865; baseline 0.001 -19"><span class='ocrx_word' id='word_1_226' title='bbox 2029 1792 2170 1846; x_wconf 87' lang='lat' dir='ltr'><strong>misit</strong></span> <span class='ocrx_word' id='word_1_227' title='bbox 2196 1790 2405 1853; x_wconf 70' lang='lat' dir='ltr'><strong>uerbum</strong></span> <span class='ocrx_word' id='word_1_228' title='bbox 2438 1807 2594 1863; x_wconf 87' lang='lat' dir='ltr'><strong>suum</strong></span> <span class='ocrx_word' id='word_1_229' title='bbox 2635 1801 2685 1859; x_wconf 82' lang='lat' dir='ltr'><strong>et</strong></span> <span class='ocrx_word' id='word_1_230' title='bbox 2714 1793 2922 1865; x_wconf 80' lang='lat' dir='ltr'><strong>sanavit</strong></span> <span class='ocrx_word' id='word_1_231' title='bbox 2952 1809 3062 1857; x_wconf 83' lang='lat' dir='ltr'><strong>eos,</strong></span> <span class='ocrx_word' id='word_1_232' title='bbox 3108 1802 3159 1865; x_wconf 81' lang='lat' dir='ltr'><strong>et</strong></span> <span class='ocrx_word' id='word_1_233' title='bbox 3186 1793 3377 1861; x_wconf 83' lang='lat' dir='ltr'><strong>eripuit</strong></span> <span class='ocrx_word' id='word_1_234' title='bbox 3420 1809 3509 1848; x_wconf 86' lang='lat' dir='ltr'><strong>eos</strong></span> <span class='ocrx_word' id='word_1_235' title='bbox 3540 1790 3607 1847; x_wconf 89' lang='lat' dir='ltr'><strong>de</strong></span> 
     </span>
    </p>
   </div>
   <div class='ocr_carea' id='block_1_36' title="bbox 346 1899 1920 1982">
    <p class='ocr_par' dir='ltr' id='par_1_36' title="bbox 346 1899 1920 1982">
     <span class='ocr_line' id='line_1_36' title="bbox 346 1899 1920 1982; baseline -0.008 -18"><span class='ocrx_word' id='word_1_236' title='bbox 346 1909 612 1982; x_wconf 72' lang='grc' dir='ltr'>ζομένοιςο</span> <span class='ocrx_word' id='word_1_237' title='bbox 680 1908 1027 1977; x_wconf 76' lang='grc' dir='ltr'><strong>Ἀπέστειλε</strong></span> <span class='ocrx_word' id='word_1_238' title='bbox 1072 1904 1183 1977; x_wconf 82' lang='grc' dir='ltr'>γὰρ</span> <span class='ocrx_word' id='word_1_239' title='bbox 1209 1904 1318 1959; x_wconf 79' lang='grc' dir='ltr'><em>τὸν</em></span> <span class='ocrx_word' id='word_1_240' title='bbox 1353 1904 1542 1972; x_wconf 79' lang='grc' dir='ltr'><em>λόγον</em></span> <span class='ocrx_word' id='word_1_241' title='bbox 1582 1899 1768 1972; x_wconf 82' lang='grc' dir='ltr'><em>αὑτοῦ</em></span> <span class='ocrx_word' id='word_1_242' title='bbox 1821 1899 1920 1953; x_wconf 76' lang='grc' dir='ltr'><em>καὶ</em></span> 
     </span>
    </p>
   </div>
   <div class='ocr_carea' id='block_1_37' title="bbox 347 1990 1921 2072">
    <p class='ocr_par' dir='ltr' id='par_1_37' title="bbox 347 1990 1921 2072">
     <span class='ocr_line' id='line_1_37' title="bbox 347 1990 1921 2072; baseline -0.008 -15"><span class='ocrx_word' id='word_1_243' title='bbox 347 2000 559 2072; x_wconf 76' lang='grc' dir='ltr'><em>ιάσατο</em></span> <span class='ocrx_word' id='word_1_244' title='bbox 588 1999 831 2069; x_wconf 80' lang='grc' dir='ltr'><em>αὐτοὺς,</em></span> <span class='ocrx_word' id='word_1_245' title='bbox 861 1999 959 2053; x_wconf 82' lang='grc' dir='ltr'><em>καὶ</em></span> <span class='ocrx_word' id='word_1_246' title='bbox 983 2000 1274 2067; x_wconf 73' lang='grc' dir='ltr'><em>ἐρρύσατο</em></span> <span class='ocrx_word' id='word_1_247' title='bbox 1302 1994 1520 2061; x_wconf 84' lang='grc' dir='ltr'><em>αὐτοὺς</em></span> <span class='ocrx_word' id='word_1_248' title='bbox 1541 1994 1611 2051; x_wconf 78' lang='grc' dir='ltr'><em>ἐκ</em></span> <span class='ocrx_word' id='word_1_249' title='bbox 1637 1990 1754 2047; x_wconf 82' lang='grc' dir='ltr'><em>τῶν</em></span> <span class='ocrx_word' id='word_1_250' title='bbox 1794 1990 1921 2052; x_wconf 79' lang='grc' dir='ltr'><em>δια-</em></span> 
     </span>
    </p>
   </div>
   <div class='ocr_carea' id='block_1_38' title="bbox 347 2078 1921 2161">
    <p class='ocr_par' dir='ltr' id='par_1_38' title="bbox 347 2078 1921 2161">
     <span class='ocr_line' id='line_1_38' title="bbox 347 2078 1921 2161; baseline -0.01 -14"><span class='ocrx_word' id='word_1_251' title='bbox 347 2090 582 2161; x_wconf 70' lang='grc' dir='ltr'><em>φθορῶν</em></span> <span class='ocrx_word' id='word_1_252' title='bbox 605 2088 821 2148; x_wconf 83' lang='grc' dir='ltr'><em>αὐτῶν.</em></span> <span class='ocrx_word' id='word_1_253' title='bbox 856 2088 953 2143; x_wconf 82' lang='grc' dir='ltr'><strong>Διὰ</strong></span> <span class='ocrx_word' id='word_1_254' title='bbox 985 2086 1120 2142; x_wconf 81' lang='grc' dir='ltr'><em>τίδὲ</em></span> <span class='ocrx_word' id='word_1_255' title='bbox 1149 2085 1208 2151; x_wconf 75' lang='grc' dir='ltr'><strong>ἐξ</strong></span> <span class='ocrx_word' id='word_1_256' title='bbox 1237 2083 1466 2157; x_wconf 79' lang='grc' dir='ltr'>οὐρανοῦ</span> <span class='ocrx_word' id='word_1_257' title='bbox 1500 2080 1762 2154; x_wconf 73' lang='grc' dir='ltr'>ἐπέϐλεψε</span> <span class='ocrx_word' id='word_1_258' title='bbox 1803 2078 1921 2133; x_wconf 80' lang='grc' dir='ltr'><strong>Κύ-</strong></span> 
     </span>
    </p>
   </div>
   <div class='ocr_carea' id='block_1_39' title="bbox 348 2172 1923 2259">
    <p class='ocr_par' dir='ltr' id='par_1_39' title="bbox 348 2172 1923 2259">
     <span class='ocr_line' id='line_1_39' title="bbox 348 2172 1923 2259; baseline -0.009 -20"><span class='ocrx_word' id='word_1_259' title='bbox 348 2201 486 2259; x_wconf 82' lang='grc' dir='ltr'>ριος,</span> <span class='ocrx_word' id='word_1_260' title='bbox 516 2184 610 2238; x_wconf 71' lang='grc' dir='ltr'><strong>καὶ</strong></span> <span class='ocrx_word' id='word_1_261' title='bbox 637 2183 690 2237; x_wconf 80' lang='grc' dir='ltr'>τι</span> <span class='ocrx_word' id='word_1_262' title='bbox 711 2183 773 2236; x_wconf 84' lang='grc' dir='ltr'><strong>τὸ</strong></span> <span class='ocrx_word' id='word_1_263' title='bbox 793 2182 963 2245; x_wconf 74' lang='grc' dir='ltr'>αἴτιον</span> <span class='ocrx_word' id='word_1_264' title='bbox 983 2179 1076 2233; x_wconf 83' lang='grc' dir='ltr'><strong>τοῦ</strong></span> <span class='ocrx_word' id='word_1_265' title='bbox 1104 2176 1439 2244; x_wconf 82' lang='grc' dir='ltr'>καταξιῶσαι</span> <span class='ocrx_word' id='word_1_266' title='bbox 1466 2176 1566 2246; x_wconf 85' lang='grc' dir='ltr'><strong>τῆς</strong></span> <span class='ocrx_word' id='word_1_267' title='bbox 1584 2172 1777 2229; x_wconf 75' lang='grc' dir='ltr'>ἑαυτοῦ</span> <span class='ocrx_word' id='word_1_268' title='bbox 1799 2173 1923 2226; x_wconf 76' lang='grc' dir='ltr'>ἑπι-</span> 
     </span>
    </p>
   </div>
   <div class='ocr_carea' id='block_1_40' title="bbox 346 2266 1922 2347">
    <p class='ocr_par' dir='ltr' id='par_1_40' title="bbox 346 2266 1922 2347">
     <span class='ocr_line' id='line_1_40' title="bbox 346 2266 1922 2347; baseline -0.009 -14"><span class='ocrx_word' id='word_1_269' title='bbox 346 2278 554 2347; x_wconf 86' lang='grc' dir='ltr'>σκοπῆς</span> <span class='ocrx_word' id='word_1_270' title='bbox 584 2276 793 2343; x_wconf 75' lang='grc' dir='ltr'>πᾲντας</span> <span class='ocrx_word' id='word_1_271' title='bbox 819 2273 946 2337; x_wconf 74' lang='grc' dir='ltr'>τοὺς</span> <span class='ocrx_word' id='word_1_272' title='bbox 969 2273 1119 2341; x_wconf 76' lang='grc' dir='ltr'>υζοὺς</span> <span class='ocrx_word' id='word_1_273' title='bbox 1157 2270 1266 2335; x_wconf 72' lang='grc' dir='ltr'><strong>τῶν</strong></span> <span class='ocrx_word' id='word_1_274' title='bbox 1297 2268 1620 2341; x_wconf 73' lang='grc' dir='ltr'>ἀνθρώπων,</span> <span class='ocrx_word' id='word_1_275' title='bbox 1654 2266 1922 2339; x_wconf 82' lang='grc' dir='ltr'>παρίστη-</span> 
     </span>
    </p>
   </div>
   <div class='ocr_carea' id='block_1_41' title="bbox 346 2346 1922 2434">
    <p class='ocr_par' dir='ltr' id='par_1_41' title="bbox 346 2346 1922 2434">
     <span class='ocr_line' id='line_1_41' title="bbox 346 2346 1922 2434; baseline -0.006 -16"><span class='ocrx_word' id='word_1_276' title='bbox 346 2382 430 2418; x_wconf 88' lang='grc' dir='ltr'>σιν</span> <span class='ocrx_word' id='word_1_277' title='bbox 458 2346 586 2434; x_wconf 76' lang='grc' dir='ltr'><strong>ἑξῆς</strong></span> <span class='ocrx_word' id='word_1_278' title='bbox 618 2346 816 2430; x_wconf 9' lang='grc' dir='ltr'><strong>ἤλέγωνν</strong></span> <span class='ocrx_word' id='word_1_279' title='bbox 864 2359 927 2413; x_wconf 87' lang='lat'><strong>&#39;0</strong></span> <span class='ocrx_word' id='word_1_280' title='bbox 976 2357 1221 2429; x_wconf 79' lang='grc' dir='ltr'><em>πλάσας</em></span> <span class='ocrx_word' id='word_1_281' title='bbox 1268 2358 1610 2427; x_wconf 79' lang='grc' dir='ltr'><em>καταμόνας</em></span> <span class='ocrx_word' id='word_1_282' title='bbox 1641 2356 1749 2422; x_wconf 85' lang='grc' dir='ltr'><strong>τὰς</strong></span> <span class='ocrx_word' id='word_1_283' title='bbox 1778 2373 1922 2424; x_wconf 91' lang='grc' dir='ltr'><em>καρ-</em></span> 
     </span>
    </p>
   </div>
   <div class='ocr_carea' id='block_1_42' title="bbox 341 2445 1921 2527">
    <p class='ocr_par' dir='ltr' id='par_1_42' title="bbox 341 2445 1921 2527">
     <span class='ocr_line' id='line_1_42' title="bbox 341 2445 1921 2527; baseline -0.005 -18"><span class='ocrx_word' id='word_1_284' title='bbox 341 2455 476 2521; x_wconf 70' lang='grc' dir='ltr'><em>δίας</em></span> <span class='ocrx_word' id='word_1_285' title='bbox 496 2452 716 2508; x_wconf 82' lang='grc' dir='ltr'><em>αὐτῶν·</em></span> <span class='ocrx_word' id='word_1_286' title='bbox 747 2450 863 2527; x_wconf 71' lang='grc' dir='ltr'>ᾀνθ’</span> <span class='ocrx_word' id='word_1_287' title='bbox 890 2445 950 2505; x_wconf 75' lang='grc' dir='ltr'>οὗ</span> <span class='ocrx_word' id='word_1_288' title='bbox 978 2451 1007 2502; x_wconf 93' lang='lat'><strong>6</strong></span> <span class='ocrx_word' id='word_1_289' title='bbox 1063 2449 1357 2520; x_wconf 80' lang='grc' dir='ltr'><strong>Σύμμαχός</strong></span> <span class='ocrx_word' id='word_1_290' title='bbox 1403 2463 1585 2519; x_wconf 78' lang='grc' dir='ltr'>φησιν’</span> <span class='ocrx_word' id='word_1_291' title='bbox 1630 2447 1693 2499; x_wconf 87' lang='lat'><strong>&#39;0</strong></span> <span class='ocrx_word' id='word_1_292' title='bbox 1722 2445 1921 2501; x_wconf 85' lang='grc' dir='ltr'><em>πλάσ-</em></span> 
     </span>
    </p>
   </div>
   <div class='ocr_carea' id='block_1_43' title="bbox 341 2536 1922 2615">
    <p class='ocr_par' dir='ltr' id='par_1_43' title="bbox 341 2536 1922 2615">
     <span class='ocr_line' id='line_1_43' title="bbox 341 2536 1922 2615; baseline -0.007 -13"><span class='ocrx_word' id='word_1_293' title='bbox 341 2562 470 2602; x_wconf 85' lang='grc' dir='ltr'><em>σων</em></span> <span class='ocrx_word' id='word_1_294' title='bbox 501 2544 843 2615; x_wconf 79' lang='grc' dir='ltr'><em>καταμόνας</em></span> <span class='ocrx_word' id='word_1_295' title='bbox 863 2540 1131 2609; x_wconf 77' lang='grc' dir='ltr'><em>ἑκάστην</em></span> <span class='ocrx_word' id='word_1_296' title='bbox 1165 2539 1416 2608; x_wconf 83' lang='grc' dir='ltr'><em>καρδίαν</em></span> <span class='ocrx_word' id='word_1_297' title='bbox 1456 2536 1674 2592; x_wconf 86' lang='grc' dir='ltr'><em>αὐτῶν.</em></span> <span class='ocrx_word' id='word_1_298' title='bbox 1719 2537 1783 2589; x_wconf 81' lang='lat' dir='ltr'><strong>Ei</strong></span> <span class='ocrx_word' id='word_1_299' title='bbox 1823 2537 1922 2608; x_wconf 80' lang='grc' dir='ltr'>μὲν</span> 
     </span>
    </p>
   </div>
   <div class='ocr_carea' id='block_1_44' title="bbox 340 2627 1922 2710">
    <p class='ocr_par' dir='ltr' id='par_1_44' title="bbox 340 2627 1922 2710">
     <span class='ocr_line' id='line_1_44' title="bbox 340 2627 1922 2710; baseline -0.006 -20"><span class='ocrx_word' id='word_1_300' title='bbox 340 2636 450 2710; x_wconf 77' lang='grc' dir='ltr'><strong>γὰρ</strong></span> <span class='ocrx_word' id='word_1_301' title='bbox 471 2636 671 2708; x_wconf 81' lang='grc' dir='ltr'><em>ὁμοίως</em></span> <span class='ocrx_word' id='word_1_302' title='bbox 693 2637 807 2698; x_wconf 79' lang='grc' dir='ltr'>τοῖς</span> <span class='ocrx_word' id='word_1_303' title='bbox 863 2633 1080 2705; x_wconf 73' lang='grc' dir='ltr'>ᾁλόγοις</span> <span class='ocrx_word' id='word_1_304' title='bbox 1138 2629 1297 2695; x_wconf 77' lang='grc' dir='ltr'>ζώοις</span> <span class='ocrx_word' id='word_1_305' title='bbox 1326 2630 1421 2684; x_wconf 76' lang='grc' dir='ltr'><strong>καὶ</strong></span> <span class='ocrx_word' id='word_1_306' title='bbox 1462 2629 1553 2683; x_wconf 80' lang='grc' dir='ltr'>τὸν</span> <span class='ocrx_word' id='word_1_307' title='bbox 1583 2627 1922 2700; x_wconf 79' lang='grc' dir='ltr'>ἀνθρώπινον</span> 
     </span>
    </p>
   </div>
   <div class='ocr_carea' id='block_1_45' title="bbox 340 2719 1921 2797">
    <p class='ocr_par' dir='ltr' id='par_1_45' title="bbox 340 2719 1921 2797">
     <span class='ocr_line' id='line_1_45' title="bbox 340 2719 1921 2797; baseline -0.006 -14"><span class='ocrx_word' id='word_1_308' title='bbox 340 2727 467 2783; x_wconf 83' lang='grc' dir='ltr'>νοῦν</span> <span class='ocrx_word' id='word_1_309' title='bbox 495 2729 718 2797; x_wconf 70' lang='grc' dir='ltr'>ὑφίστη,</span> <span class='ocrx_word' id='word_1_310' title='bbox 751 2726 902 2789; x_wconf 76' lang='grc' dir='ltr'>οὐδὲν</span> <span class='ocrx_word' id='word_1_311' title='bbox 949 2721 1019 2796; x_wconf 78' lang='grc' dir='ltr'>ἦν</span> <span class='ocrx_word' id='word_1_312' title='bbox 1071 2725 1367 2791; x_wconf 83' lang='grc' dir='ltr'>ἀναγκαῖον</span> <span class='ocrx_word' id='word_1_313' title='bbox 1413 2720 1726 2774; x_wconf 77' lang='grc' dir='ltr'>ἐπιϐλέπειν</span> <span class='ocrx_word' id='word_1_314' title='bbox 1760 2719 1921 2773; x_wconf 80' lang='grc' dir='ltr'>αὐτὸν</span> 
     </span>
    </p>
   </div>
   <div class='ocr_carea' id='block_1_46' title="bbox 341 2811 1921 2891">
    <p class='ocr_par' dir='ltr' id='par_1_46' title="bbox 341 2811 1921 2891">
     <span class='ocr_line' id='line_1_46' title="bbox 341 2811 1921 2891; baseline -0.006 -17"><span class='ocrx_word' id='word_1_315' title='bbox 341 2819 436 2874; x_wconf 65' lang='grc' dir='ltr'><strong>ἐπὶ</strong></span> <span class='ocrx_word' id='word_1_316' title='bbox 465 2835 591 2882; x_wconf 88' lang='grc' dir='ltr'>τους</span> <span class='ocrx_word' id='word_1_317' title='bbox 609 2819 759 2881; x_wconf 76' lang='grc' dir='ltr'>υἱοὺς</span> <span class='ocrx_word' id='word_1_318' title='bbox 805 2814 915 2871; x_wconf 86' lang='grc' dir='ltr'><strong>τῶν</strong></span> <span class='ocrx_word' id='word_1_319' title='bbox 970 2812 1293 2885; x_wconf 55' lang='grc' dir='ltr'><strong>ἀνθρώπων</strong></span> <span class='ocrx_word' id='word_1_320' title='bbox 1349 2813 1591 2884; x_wconf 86' lang='grc' dir='ltr'>ἁπήρκει</span> <span class='ocrx_word' id='word_1_321' title='bbox 1615 2811 1724 2891; x_wconf 75' lang='grc' dir='ltr'>γὰρ</span> <span class='ocrx_word' id='word_1_322' title='bbox 1746 2812 1779 2882; x_wconf 78' lang='grc' dir='ltr'>ἡ</span> <span class='ocrx_word' id='word_1_323' title='bbox 1801 2812 1921 2865; x_wconf 84' lang='grc' dir='ltr'>καθ’</span> 
     </span>
    </p>
   </div>
   <div class='ocr_carea' id='block_1_47' title="bbox 340 2904 1920 2984">
    <p class='ocr_par' dir='ltr' id='par_1_47' title="bbox 340 2904 1920 2984">
     <span class='ocr_line' id='line_1_47' title="bbox 340 2904 1920 2984; baseline -0.006 -18"><span class='ocrx_word' id='word_1_324' title='bbox 340 2912 464 2968; x_wconf 76' lang='grc' dir='ltr'>ὅλου</span> <span class='ocrx_word' id='word_1_325' title='bbox 494 2911 718 2984; x_wconf 87' lang='grc' dir='ltr'>πρόνοια</span> <span class='ocrx_word' id='word_1_326' title='bbox 748 2909 965 2964; x_wconf 82' lang='grc' dir='ltr'>πάντων</span> <span class='ocrx_word' id='word_1_327' title='bbox 993 2905 1054 2972; x_wconf 76' lang='grc' dir='ltr'>ἐξ</span> <span class='ocrx_word' id='word_1_328' title='bbox 1114 2905 1229 2959; x_wconf 77' lang='grc' dir='ltr'>ἴσου</span> <span class='ocrx_word' id='word_1_329' title='bbox 1280 2904 1675 2981; x_wconf 75' lang='grc' dir='ltr'>προνοουμένητ</span> <span class='ocrx_word' id='word_1_330' title='bbox 1705 2905 1822 2970; x_wconf 76' lang='grc' dir='ltr'>νυνὶ</span> <span class='ocrx_word' id='word_1_331' title='bbox 1842 2904 1920 2969; x_wconf 80' lang='grc' dir='ltr'>δὲ,</span> 
     </span>
    </p>
   </div>
   <div class='ocr_carea' id='block_1_48' title="bbox 340 2994 1923 3075">
    <p class='ocr_par' dir='ltr' id='par_1_48' title="bbox 340 2994 1923 3075">
     <span class='ocr_line' id='line_1_48' title="bbox 340 2994 1923 3075; baseline -0.007 -17"><span class='ocrx_word' id='word_1_332' title='bbox 340 3003 640 3075; x_wconf 58' lang='grc' dir='ltr'>ἐπειδήπερ</span> <span class='ocrx_word' id='word_1_333' title='bbox 662 2999 938 3073; x_wconf 77' lang='grc' dir='ltr'><em>ἐξαίρετός</em></span> <span class='ocrx_word' id='word_1_334' title='bbox 964 3016 1048 3063; x_wconf 87' lang='grc' dir='ltr'>τις</span> <span class='ocrx_word' id='word_1_335' title='bbox 1077 2997 1233 3052; x_wconf 79' lang='grc' dir='ltr'><em>οὐσία</em></span> <span class='ocrx_word' id='word_1_336' title='bbox 1274 2995 1564 3068; x_wconf 68' lang='grc' dir='ltr'>ἀνθρώπου</span> <span class='ocrx_word' id='word_1_337' title='bbox 1592 2994 1759 3066; x_wconf 79' lang='grc' dir='ltr'>ψυχὴ,</span> <span class='ocrx_word' id='word_1_338' title='bbox 1802 2995 1923 3058; x_wconf 76' lang='grc' dir='ltr'>ἐπεὶ</span> 
     </span>
    </p>
   </div>
   <div class='ocr_carea' id='block_1_49' title="bbox 342 3083 1918 3167">
    <p class='ocr_par' dir='ltr' id='par_1_49' title="bbox 342 3083 1918 3167">
     <span class='ocr_line' id='line_1_49' title="bbox 342 3083 1918 3167; baseline -0.006 -19"><span class='ocrx_word' id='word_1_339' title='bbox 342 3095 473 3167; x_wconf 78' lang='grc' dir='ltr'>περὶ</span> <span class='ocrx_word' id='word_1_340' title='bbox 553 3092 715 3165; x_wconf 87' lang='grc' dir='ltr'>μόνου</span> <span class='ocrx_word' id='word_1_341' title='bbox 796 3089 1084 3162; x_wconf 85' lang='grc' dir='ltr'>ἀνθρώπου</span> <span class='ocrx_word' id='word_1_342' title='bbox 1163 3087 1578 3160; x_wconf 83' lang='grc' dir='ltr'>μεμαρτύρηται</span> <span class='ocrx_word' id='word_1_343' title='bbox 1644 3083 1918 3157; x_wconf 79' lang='grc' dir='ltr'>εἰρηκώς·</span> 
     </span>
    </p>
   </div>
   <div class='ocr_carea' id='block_1_50' title="bbox 2026 1882 3607 1956">
    <p class='ocr_par' dir='ltr' id='par_1_50' title="bbox 2026 1882 3607 1956">
     <span class='ocr_line' id='line_1_50' title="bbox 2026 1882 3607 1956; baseline -0.001 -16"><span class='ocrx_word' id='word_1_344' title='bbox 2026 1883 2418 1955; x_wconf 72' lang='lat' dir='ltr'><strong>inter-itionibus</strong></span> <span class='ocrx_word' id='word_1_345' title='bbox 2446 1900 2630 1941; x_wconf 87' lang='lat' dir='ltr'><strong>eorum</strong></span> <span class='ocrx_word' id='word_1_346' title='bbox 2654 1883 2697 1939; x_wconf 68' lang='lat'><strong>‘.</strong></span> <span class='ocrx_word' id='word_1_347' title='bbox 2733 1882 2846 1940; x_wconf 86' lang='lat' dir='ltr'><strong>Cur</strong></span> <span class='ocrx_word' id='word_1_348' title='bbox 2881 1894 3063 1940; x_wconf 89' lang='lat' dir='ltr'><strong>autem</strong></span> <span class='ocrx_word' id='word_1_349' title='bbox 3094 1883 3163 1941; x_wconf 90' lang='lat' dir='ltr'><strong>de</strong></span> <span class='ocrx_word' id='word_1_350' title='bbox 3195 1886 3337 1941; x_wconf 76' lang='lat' dir='ltr'><strong>etelo</strong></span> <span class='ocrx_word' id='word_1_351' title='bbox 3363 1885 3607 1956; x_wconf 80' lang='lat' dir='ltr'><strong>respexit</strong></span> 
     </span>
    </p>
   </div>
   <div class='ocr_carea' id='block_1_51' title="bbox 2027 1976 3607 2050">
    <p class='ocr_par' dir='ltr' id='par_1_51' title="bbox 2027 1976 3607 2050">
     <span class='ocr_line' id='line_1_51' title="bbox 2027 1976 3607 2050; baseline 0.002 -20"><span class='ocrx_word' id='word_1_352' title='bbox 2027 1976 2314 2047; x_wconf 82' lang='lat' dir='ltr'><strong>Dominus,</strong></span> <span class='ocrx_word' id='word_1_353' title='bbox 2348 1985 2404 2035; x_wconf 90' lang='lat' dir='ltr'><strong>et</strong></span> <span class='ocrx_word' id='word_1_354' title='bbox 2434 1992 2556 2048; x_wconf 67' lang='lat' dir='ltr'><strong>quae</strong></span> <span class='ocrx_word' id='word_1_355' title='bbox 2589 1991 2758 2045; x_wconf 80' lang='lat' dir='ltr'><strong>causa</strong></span> <span class='ocrx_word' id='word_1_356' title='bbox 2836 1976 3002 2033; x_wconf 82' lang='lat' dir='ltr'><strong>fuerit</strong></span> <span class='ocrx_word' id='word_1_357' title='bbox 3035 1977 3180 2050; x_wconf 85' lang='lat' dir='ltr'><strong>quod</strong></span> <span class='ocrx_word' id='word_1_358' title='bbox 3226 1993 3418 2035; x_wconf 90' lang='lat' dir='ltr'><strong>omnes</strong></span> <span class='ocrx_word' id='word_1_359' title='bbox 3465 1978 3607 2033; x_wconf 83' lang='lat' dir='ltr'><strong>ﬁlios</strong></span> 
     </span>
    </p>
   </div>
   <div class='ocr_carea' id='block_1_52' title="bbox 2029 2069 3606 2141">
    <p class='ocr_par' dir='ltr' id='par_1_52' title="bbox 2029 2069 3606 2141">
     <span class='ocr_line' id='line_1_52' title="bbox 2029 2069 3606 2141; baseline 0 -17"><span class='ocrx_word' id='word_1_360' title='bbox 2029 2069 2311 2124; x_wconf 85' lang='lat' dir='ltr'><strong>hominum</strong></span> <span class='ocrx_word' id='word_1_361' title='bbox 2338 2069 2657 2134; x_wconf 79' lang='lat' dir='ltr'><strong>visitatione</strong></span> <span class='ocrx_word' id='word_1_362' title='bbox 2685 2085 2786 2125; x_wconf 88' lang='lat' dir='ltr'><strong>sua</strong></span> <span class='ocrx_word' id='word_1_363' title='bbox 2806 2069 3149 2141; x_wconf 81' lang='lat' dir='ltr'><strong>dignaretur,</strong></span> <span class='ocrx_word' id='word_1_364' title='bbox 3177 2069 3419 2137; x_wconf 80' lang='lat' dir='ltr'><strong>declarat</strong></span> <span class='ocrx_word' id='word_1_365' title='bbox 3450 2070 3606 2125; x_wconf 88' lang='lat' dir='ltr'><strong>dein-</strong></span> 
     </span>
    </p>
   </div>
   <div class='ocr_carea' id='block_1_53' title="bbox 2026 2161 3605 2235">
    <p class='ocr_par' dir='ltr' id='par_1_53' title="bbox 2026 2161 3605 2235">
     <span class='ocr_line' id='line_1_53' title="bbox 2026 2161 3605 2235; baseline -0.002 -18"><span class='ocrx_word' id='word_1_366' title='bbox 2026 2177 2157 2233; x_wconf 86' lang='lat' dir='ltr'><strong>ceps</strong></span> <span class='ocrx_word' id='word_1_367' title='bbox 2191 2161 2278 2229; x_wconf 88' lang='lat' dir='ltr'><strong>his</strong></span> <span class='ocrx_word' id='word_1_368' title='bbox 2320 2162 2539 2235; x_wconf 76' lang='lat' dir='ltr'><strong>verbis;</strong></span> <span class='ocrx_word' id='word_1_369' title='bbox 2585 2162 2691 2228; x_wconf 90' lang='lat' dir='ltr'><strong>Qui</strong></span> <span class='ocrx_word' id='word_1_370' title='bbox 2716 2163 2874 2233; x_wconf 76' lang='lat' dir='ltr'><strong>ﬁnxit</strong></span> <span class='ocrx_word' id='word_1_371' title='bbox 2902 2162 3181 2232; x_wconf 87' lang='lat' dir='ltr'><strong>sigillatim</strong></span> <span class='ocrx_word' id='word_1_372' title='bbox 3214 2162 3378 2229; x_wconf 72' lang='lat' dir='ltr'><strong>corda</strong></span> <span class='ocrx_word' id='word_1_373' title='bbox 3400 2176 3605 2227; x_wconf 83' lang='lat' dir='ltr'><strong>eorum;</strong></span> 
     </span>
    </p>
   </div>
   <div class='ocr_carea' id='block_1_54' title="bbox 2025 2253 3609 2328">
    <p class='ocr_par' dir='ltr' id='par_1_54' title="bbox 2025 2253 3609 2328">
     <span class='ocr_line' id='line_1_54' title="bbox 2025 2253 3609 2328; baseline -0.001 -18"><span class='ocrx_word' id='word_1_374' title='bbox 2025 2271 2126 2328; x_wconf 92' lang='lat' dir='ltr'><strong>pro</strong></span> <span class='ocrx_word' id='word_1_375' title='bbox 2136 2270 2245 2326; x_wconf 89' lang='lat' dir='ltr'><strong>quo</strong></span> <span class='ocrx_word' id='word_1_376' title='bbox 2260 2253 2621 2327; x_wconf 86' lang='lat' dir='ltr'><strong>Symmachus</strong></span> <span class='ocrx_word' id='word_1_377' title='bbox 2635 2255 2816 2319; x_wconf 90' lang='lat' dir='ltr'><strong>habet,</strong></span> <span class='ocrx_word' id='word_1_378' title='bbox 2835 2255 2939 2322; x_wconf 90' lang='lat' dir='ltr'><strong>Qui</strong></span> <span class='ocrx_word' id='word_1_379' title='bbox 2952 2256 3103 2326; x_wconf 80' lang='lat' dir='ltr'><strong>ﬁngit</strong></span> <span class='ocrx_word' id='word_1_380' title='bbox 3120 2256 3396 2326; x_wconf 85' lang='lat' dir='ltr'><strong>sigillatim</strong></span> <span class='ocrx_word' id='word_1_381' title='bbox 3418 2271 3609 2328; x_wconf 85' lang='lat' dir='ltr'><strong>unum-</strong></span> 
     </span>
    </p>
   </div>
   <div class='ocr_carea' id='block_1_55' title="bbox 2025 2344 3603 2419">
    <p class='ocr_par' dir='ltr' id='par_1_55' title="bbox 2025 2344 3603 2419">
     <span class='ocr_line' id='line_1_55' title="bbox 2025 2344 3603 2419; baseline 0.001 -20"><span class='ocrx_word' id='word_1_382' title='bbox 2025 2344 2262 2417; x_wconf 83' lang='lat' dir='ltr'><strong>quodque</strong></span> <span class='ocrx_word' id='word_1_383' title='bbox 2288 2361 2379 2399; x_wconf 87' lang='lat' dir='ltr'><strong>cor</strong></span> <span class='ocrx_word' id='word_1_384' title='bbox 2402 2361 2606 2402; x_wconf 88' lang='lat' dir='ltr'><strong>eorum.</strong></span> <span class='ocrx_word' id='word_1_385' title='bbox 2632 2345 2689 2405; x_wconf 77' lang='lat' dir='ltr'><strong>Si</strong></span> <span class='ocrx_word' id='word_1_386' title='bbox 2717 2345 2867 2400; x_wconf 85' lang='lat' dir='ltr'><strong>enim</strong></span> <span class='ocrx_word' id='word_1_387' title='bbox 2889 2345 3188 2419; x_wconf 79' lang='lat' dir='ltr'><strong>humanam</strong></span> <span class='ocrx_word' id='word_1_388' title='bbox 3217 2355 3453 2414; x_wconf 73' lang='lat' dir='ltr'><strong>mentem</strong></span> <span class='ocrx_word' id='word_1_389' title='bbox 3481 2344 3603 2416; x_wconf 87' lang='lat' dir='ltr'><strong>pari</strong></span> 
     </span>
    </p>
   </div>
   <div class='ocr_carea' id='block_1_56' title="bbox 2027 2439 3611 2509">
    <p class='ocr_par' dir='ltr' id='par_1_56' title="bbox 2027 2439 3611 2509">
     <span class='ocr_line' id='line_1_56' title="bbox 2027 2439 3611 2509; baseline 0.002 -16"><span class='ocrx_word' id='word_1_390' title='bbox 2027 2447 2190 2509; x_wconf 88' lang='lat' dir='ltr'><strong>atque</strong></span> <span class='ocrx_word' id='word_1_391' title='bbox 2221 2439 2477 2494; x_wconf 86' lang='lat' dir='ltr'><strong>animalia</strong></span> <span class='ocrx_word' id='word_1_392' title='bbox 2508 2439 2670 2495; x_wconf 88' lang='lat' dir='ltr'><strong>bruta</strong></span> <span class='ocrx_word' id='word_1_393' title='bbox 2697 2439 2910 2504; x_wconf 80' lang='lat' dir='ltr'><strong>ratione</strong></span> <span class='ocrx_word' id='word_1_394' title='bbox 2941 2439 3341 2506; x_wconf 83' lang='lat' dir='ltr'><strong>constituisset,</strong></span> <span class='ocrx_word' id='word_1_395' title='bbox 3380 2454 3611 2508; x_wconf 79' lang='lat' dir='ltr'><strong>necesse</strong></span> 
     </span>
    </p>
   </div>
   <div class='ocr_carea' id='block_1_57' title="bbox 2026 2529 3611 2602">
    <p class='ocr_par' dir='ltr' id='par_1_57' title="bbox 2026 2529 3611 2602">
     <span class='ocr_line' id='line_1_57' title="bbox 2026 2529 3611 2602; baseline 0.001 -18"><span class='ocrx_word' id='word_1_396' title='bbox 2026 2529 2274 2601; x_wconf 82' lang='lat' dir='ltr'><strong>profecto</strong></span> <span class='ocrx_word' id='word_1_397' title='bbox 2295 2546 2407 2585; x_wconf 90' lang='lat' dir='ltr'><strong>non</strong></span> <span class='ocrx_word' id='word_1_398' title='bbox 2425 2539 2544 2585; x_wconf 88' lang='lat' dir='ltr'><strong>erat</strong></span> <span class='ocrx_word' id='word_1_399' title='bbox 2562 2531 2739 2601; x_wconf 90' lang='lat' dir='ltr'><strong>ipsum</strong></span> <span class='ocrx_word' id='word_1_400' title='bbox 2772 2532 3045 2601; x_wconf 74' lang='lat' dir='ltr'><strong>reSpieere</strong></span> <span class='ocrx_word' id='word_1_401' title='bbox 3073 2546 3238 2602; x_wconf 79' lang='lat' dir='ltr'><strong>super</strong></span> <span class='ocrx_word' id='word_1_402' title='bbox 3267 2532 3408 2591; x_wconf 87' lang='lat' dir='ltr'><strong>lilios</strong></span> <span class='ocrx_word' id='word_1_403' title='bbox 3428 2532 3611 2587; x_wconf 90' lang='lat' dir='ltr'><strong>homi-</strong></span> 
     </span>
    </p>
   </div>
   <div class='ocr_carea' id='block_1_58' title="bbox 2028 2620 3608 2692">
    <p class='ocr_par' dir='ltr' id='par_1_58' title="bbox 2028 2620 3608 2692">
     <span class='ocr_line' id='line_1_58' title="bbox 2028 2620 3608 2692; baseline 0 -16"><span class='ocrx_word' id='word_1_404' title='bbox 2028 2638 2196 2687; x_wconf 89' lang='lat' dir='ltr'><strong>num;</strong></span> <span class='ocrx_word' id='word_1_405' title='bbox 2248 2620 2520 2677; x_wconf 83' lang='lat' dir='ltr'><strong>sulliceret</strong></span> <span class='ocrx_word' id='word_1_406' title='bbox 2556 2621 2702 2675; x_wconf 90' lang='lat' dir='ltr'><strong>enim</strong></span> <span class='ocrx_word' id='word_1_407' title='bbox 2747 2621 3076 2683; x_wconf 79' lang='lat' dir='ltr'><strong>universalis</strong></span> <span class='ocrx_word' id='word_1_408' title='bbox 3105 2622 3195 2674; x_wconf 89' lang='lat' dir='ltr'><strong>illa</strong></span> <span class='ocrx_word' id='word_1_409' title='bbox 3246 2622 3608 2692; x_wconf 79' lang='lat' dir='ltr'><strong>providentia,</strong></span> 
     </span>
    </p>
   </div>
   <div class='ocr_carea' id='block_1_59' title="bbox 2028 2710 3612 2783">
    <p class='ocr_par' dir='ltr' id='par_1_59' title="bbox 2028 2710 3612 2783">
     <span class='ocr_line' id='line_1_59' title="bbox 2028 2710 3612 2783; baseline 0.002 -18"><span class='ocrx_word' id='word_1_410' title='bbox 2028 2711 2283 2766; x_wconf 90' lang='lat' dir='ltr'><strong>omnibus</strong></span> <span class='ocrx_word' id='word_1_411' title='bbox 2333 2710 2619 2780; x_wconf 77' lang='lat' dir='ltr'><strong>aequaliter</strong></span> <span class='ocrx_word' id='word_1_412' title='bbox 2657 2710 3023 2780; x_wconf 82' lang='lat' dir='ltr'><strong>prospiciens.</strong></span> <span class='ocrx_word' id='word_1_413' title='bbox 3062 2712 3221 2773; x_wconf 85' lang='lat' dir='ltr'><strong>Nune</strong></span> <span class='ocrx_word' id='word_1_414' title='bbox 3266 2720 3447 2783; x_wconf 76' lang='lat' dir='ltr'><strong>autem</strong></span> <span class='ocrx_word' id='word_1_415' title='bbox 3481 2714 3612 2783; x_wconf 75' lang='lat' dir='ltr'><strong>quia</strong></span> 
     </span>
    </p>
   </div>
   <div class='ocr_carea' id='block_1_60' title="bbox 2029 2801 3610 2874">
    <p class='ocr_par' dir='ltr' id='par_1_60' title="bbox 2029 2801 3610 2874">
     <span class='ocr_line' id='line_1_60' title="bbox 2029 2801 3610 2874; baseline 0.002 -18"><span class='ocrx_word' id='word_1_416' title='bbox 2029 2801 2345 2874; x_wconf 80' lang='lat' dir='ltr'><strong>praecellens</strong></span> <span class='ocrx_word' id='word_1_417' title='bbox 2369 2801 2619 2872; x_wconf 66' lang='lat' dir='ltr'><strong>quaedam</strong></span> <span class='ocrx_word' id='word_1_418' title='bbox 2656 2801 2965 2863; x_wconf 85' lang='lat' dir='ltr'><strong>substantia</strong></span> <span class='ocrx_word' id='word_1_419' title='bbox 2999 2809 3085 2861; x_wconf 85' lang='lat' dir='ltr'><strong>est</strong></span> <span class='ocrx_word' id='word_1_420' title='bbox 3118 2801 3300 2862; x_wconf 85' lang='lat' dir='ltr'><strong>anima</strong></span> <span class='ocrx_word' id='word_1_421' title='bbox 3349 2802 3610 2868; x_wconf 89' lang='lat' dir='ltr'><strong>hominis,</strong></span> 
     </span>
    </p>
   </div>
   <div class='ocr_carea' id='block_1_61' title="bbox 2028 2892 3613 2964">
    <p class='ocr_par' dir='ltr' id='par_1_61' title="bbox 2028 2892 3613 2964">
     <span class='ocr_line' id='line_1_61' title="bbox 2028 2892 3613 2964; baseline 0.001 -17"><span class='ocrx_word' id='word_1_422' title='bbox 2028 2893 2470 2964; x_wconf 80' lang='lat' dir='ltr'><strong>quandoquidem</strong></span> <span class='ocrx_word' id='word_1_423' title='bbox 2490 2893 2558 2951; x_wconf 85' lang='lat' dir='ltr'><strong>de</strong></span> <span class='ocrx_word' id='word_1_424' title='bbox 2578 2893 2696 2963; x_wconf 83' lang='lat' dir='ltr'><strong>solo</strong></span> <span class='ocrx_word' id='word_1_425' title='bbox 2710 2892 2930 2948; x_wconf 89' lang='lat' dir='ltr'><strong>homine</strong></span> <span class='ocrx_word' id='word_1_426' title='bbox 2948 2893 3284 2964; x_wconf 78' lang='lat' dir='ltr'><strong>declaratum</strong></span> <span class='ocrx_word' id='word_1_427' title='bbox 3303 2902 3409 2958; x_wconf 91' lang='lat' dir='ltr'><strong>est,</strong></span> <span class='ocrx_word' id='word_1_428' title='bbox 3422 2893 3613 2961; x_wconf 73' lang='lat' dir='ltr'><strong>Facia-</strong></span> 
     </span>
    </p>
   </div>
   <div class='ocr_carea' id='block_1_62' title="bbox 2030 2985 3617 3057">
    <p class='ocr_par' dir='ltr' id='par_1_62' title="bbox 2030 2985 3617 3057">
     <span class='ocr_line' id='line_1_62' title="bbox 2030 2985 3617 3057; baseline -0.001 -16"><span class='ocrx_word' id='word_1_429' title='bbox 2030 3003 2147 3041; x_wconf 87' lang='lat' dir='ltr'><strong>mus</strong></span> <span class='ocrx_word' id='word_1_430' title='bbox 2173 2985 2432 3051; x_wconf 80' lang='lat' dir='ltr'><strong>hominem</strong></span> <span class='ocrx_word' id='word_1_431' title='bbox 2452 2987 2520 3055; x_wconf 78' lang='lat' dir='ltr'><strong>ad</strong></span> <span class='ocrx_word' id='word_1_432' title='bbox 2542 2987 2826 3057; x_wconf 74' lang='lat' dir='ltr'><strong>imaginem</strong></span> <span class='ocrx_word' id='word_1_433' title='bbox 2843 2995 2894 3049; x_wconf 82' lang='lat' dir='ltr'><strong>et</strong></span> <span class='ocrx_word' id='word_1_434' title='bbox 2913 2987 3313 3041; x_wconf 79' lang='lat' dir='ltr'><strong>similitudinem</strong></span> <span class='ocrx_word' id='word_1_435' title='bbox 3342 2996 3578 3054; x_wconf 85' lang='lat' dir='ltr'><strong>nostram</strong></span> <span class='ocrx_word' id='word_1_436' title='bbox 3597 3001 3617 3039; x_wconf 84' lang='lat'><strong>.&#39;</strong></span> 
     </span>
    </p>
   </div>
   <div class='ocr_carea' id='block_1_63' title="bbox 2029 3076 3616 3150">
    <p class='ocr_par' dir='ltr' id='par_1_63' title="bbox 2029 3076 3616 3150">
     <span class='ocr_line' id='line_1_63' title="bbox 2029 3076 3616 3150; baseline 0.002 -19"><span class='ocrx_word' id='word_1_437' title='bbox 2029 3086 2079 3131; x_wconf 91' lang='lat' dir='ltr'><strong>et</strong></span> <span class='ocrx_word' id='word_1_438' title='bbox 2111 3077 2236 3147; x_wconf 78' lang='lat' dir='ltr'><strong>fecit</strong></span> <span class='ocrx_word' id='word_1_439' title='bbox 2265 3076 2408 3141; x_wconf 84' lang='lat' dir='ltr'><strong>Deus</strong></span> <span class='ocrx_word' id='word_1_440' title='bbox 2432 3076 2688 3147; x_wconf 75' lang='lat' dir='ltr'><strong>hominem</strong></span> <span class='ocrx_word' id='word_1_441' title='bbox 2708 3094 2727 3132; x_wconf 90' lang='lat'><strong><em>:</em></strong></span> <span class='ocrx_word' id='word_1_442' title='bbox 2753 3077 2823 3131; x_wconf 86' lang='lat' dir='ltr'><strong>ad</strong></span> <span class='ocrx_word' id='word_1_443' title='bbox 2843 3078 3225 3150; x_wconf 88' lang='lat' dir='ltr'><strong>imaginemDei</strong></span> <span class='ocrx_word' id='word_1_444' title='bbox 3249 3079 3371 3149; x_wconf 81' lang='lat' dir='ltr'><strong>fecit</strong></span> <span class='ocrx_word' id='word_1_445' title='bbox 3388 3080 3541 3141; x_wconf 86' lang='lat' dir='ltr'><strong>illum</strong></span> <span class='ocrx_word' id='word_1_446' title='bbox 3559 3080 3616 3140; x_wconf 74' lang='grc' dir='ltr'><strong>’ς</strong></span> 
     </span>
    </p>
   </div>
   <div class='ocr_carea' id='block_1_64' title="bbox 340 3141 1923 3257">
    <p class='ocr_par' dir='ltr' id='par_1_64' title="bbox 340 3141 1923 3257">
     <span class='ocr_line' id='line_1_64' title="bbox 340 3141 1923 3257; baseline -0.01 -12"><span class='ocrx_word' id='word_1_447' title='bbox 1065 3141 1211 3234; x_wconf 67' lang='grc' dir='ltr'><em>κατ’</em></span> <span class='ocrx_word' id='word_1_448' title='bbox 1237 3141 1446 3232; x_wconf 67' lang='grc' dir='ltr'><em>εἰκόνα</em></span> <span class='ocrx_word' id='word_1_449' title='bbox 1474 3141 1786 3247; x_wconf 49' lang='grc' dir='ltr'><em>’ἡμετέραν</em></span> <span class='ocrx_word' id='word_1_450' title='bbox 1823 3141 1923 3230; x_wconf 75' lang='grc' dir='ltr'><em>καὶ</em></span> 
     </span>
    </p>
   </div>
   <div class='ocr_carea' id='block_1_65' title="bbox 2029 3141 3618 3257">
    <p class='ocr_par' dir='ltr' id='par_1_65' title="bbox 2030 3141 3618 3243">
     <span class='ocr_line' id='line_1_65' title="bbox 2030 3141 3618 3243; baseline 0.002 -18"><span class='ocrx_word' id='word_1_451' title='bbox 2030 3169 2156 3240; x_wconf 86' lang='lat' dir='ltr'><strong>jure</strong></span> <span class='ocrx_word' id='word_1_452' title='bbox 2206 3169 2465 3241; x_wconf 77' lang='lat' dir='ltr'><strong>imaginis</strong></span> <span class='ocrx_word' id='word_1_453' title='bbox 2513 3170 2603 3225; x_wconf 89' lang='lat' dir='ltr'><strong>ille</strong></span> <span class='ocrx_word' id='word_1_454' title='bbox 2644 3141 2784 3227; x_wconf 73' lang='lat' dir='ltr'><strong>suae</strong></span> <span class='ocrx_word' id='word_1_455' title='bbox 2824 3141 3219 3242; x_wconf 77' lang='lat' dir='ltr'><strong>providentiam</strong></span> <span class='ocrx_word' id='word_1_456' title='bbox 3249 3141 3468 3243; x_wconf 45' lang='lat' dir='ltr'><strong>&#39;gerens</strong></span> <span class='ocrx_word' id='word_1_457' title='bbox 3492 3214 3506 3239; x_wconf 90' lang='lat'><strong>,</strong></span> <span class='ocrx_word' id='word_1_458' title='bbox 3551 3171 3618 3233; x_wconf 77' lang='lat' dir='ltr'><strong>de</strong></span> 
     </span>
    </p>
   </div>
   <div class='ocr_carea' id='block_1_66' title="bbox 339 3265 1929 3347">
    <p class='ocr_par' dir='ltr' id='par_1_66' title="bbox 339 3265 1929 3347">
     <span class='ocr_line' id='line_1_66' title="bbox 339 3265 1929 3347; baseline -0.008 -15"><span class='ocrx_word' id='word_1_459' title='bbox 339 3280 473 3333; x_wconf 84' lang='grc' dir='ltr'><em>καθ’</em></span> <span class='ocrx_word' id='word_1_460' title='bbox 525 3277 828 3347; x_wconf 69' lang='grc' dir='ltr'><em>ὁμοίωσινο</em></span> <span class='ocrx_word' id='word_1_461' title='bbox 880 3273 978 3327; x_wconf 73' lang='grc' dir='ltr'><em>καὶ</em></span> <span class='ocrx_word' id='word_1_462' title='bbox 1031 3270 1321 3338; x_wconf 88' lang='grc' dir='ltr'><em>ἐποίησεν</em></span> <span class='ocrx_word' id='word_1_463' title='bbox 1363 3270 1397 3322; x_wconf 90' lang='grc' dir='ltr'><strong>ό</strong></span> <span class='ocrx_word' id='word_1_464' title='bbox 1429 3267 1646 3335; x_wconf 85' lang='grc' dir='ltr'><em>Κύριος</em></span> <span class='ocrx_word' id='word_1_465' title='bbox 1692 3265 1799 3333; x_wconf 77' lang='grc' dir='ltr'><strong>τὸν</strong></span> <span class='ocrx_word' id='word_1_466' title='bbox 1824 3266 1929 3320; x_wconf 82' lang='grc' dir='ltr'><em>ἇν-</em></span> 
     </span>
    </p>
   </div>
   <div class='ocr_carea' id='block_1_67' title="bbox 340 3356 1923 3439">
    <p class='ocr_par' dir='ltr' id='par_1_67' title="bbox 340 3356 1923 3439">
     <span class='ocr_line' id='line_1_67' title="bbox 340 3356 1923 3439; baseline -0.009 -16"><span class='ocrx_word' id='word_1_467' title='bbox 340 3373 593 3439; x_wconf 76' lang='grc' dir='ltr'><em>θρωπονο</em></span> <span class='ocrx_word' id='word_1_468' title='bbox 613 3365 739 3421; x_wconf 90' lang='grc' dir='ltr'><em>κατ’</em></span> <span class='ocrx_word' id='word_1_469' title='bbox 760 3363 964 3419; x_wconf 73' lang='grc' dir='ltr'><em>εἰκόνα</em></span> <span class='ocrx_word' id='word_1_470' title='bbox 979 3359 1127 3416; x_wconf 81' lang='grc' dir='ltr'><em>Θεοῦ</em></span> <span class='ocrx_word' id='word_1_471' title='bbox 1141 3359 1430 3426; x_wconf 81' lang='grc' dir='ltr'><em>ἐποίησεν</em></span> <span class='ocrx_word' id='word_1_472' title='bbox 1453 3359 1659 3411; x_wconf 68' lang='grc' dir='ltr'><em>αὑτόντ</em></span> <span class='ocrx_word' id='word_1_473' title='bbox 1677 3356 1923 3422; x_wconf 78' lang='grc' dir='ltr'><em>εἰκότως,</em></span> 
     </span>
    </p>
   </div>
   <div class='ocr_carea' id='block_1_68' title="bbox 338 3448 1927 3532">
    <p class='ocr_par' dir='ltr' id='par_1_68' title="bbox 338 3448 1927 3532">
     <span class='ocr_line' id='line_1_68' title="bbox 338 3448 1927 3532; baseline -0.009 -16"><span class='ocrx_word' id='word_1_474' title='bbox 338 3460 417 3525; x_wconf 77' lang='grc' dir='ltr'>ὡς</span> <span class='ocrx_word' id='word_1_475' title='bbox 442 3459 509 3515; x_wconf 82' lang='grc' dir='ltr'>ἂν</span> <span class='ocrx_word' id='word_1_476' title='bbox 532 3462 633 3532; x_wconf 84' lang='grc' dir='ltr'><strong>τῆς</strong></span> <span class='ocrx_word' id='word_1_477' title='bbox 664 3455 856 3513; x_wconf 77' lang='grc' dir='ltr'>ἑαυτοῦ</span> <span class='ocrx_word' id='word_1_478' title='bbox 889 3454 1094 3517; x_wconf 80' lang='grc' dir='ltr'><em>εἰκόνος</em></span> <span class='ocrx_word' id='word_1_479' title='bbox 1124 3451 1391 3525; x_wconf 83' lang='grc' dir='ltr'>προνοῶν,</span> <span class='ocrx_word' id='word_1_480' title='bbox 1418 3450 1487 3514; x_wconf 76' lang='grc' dir='ltr'><strong>ἐξ</strong></span> <span class='ocrx_word' id='word_1_481' title='bbox 1504 3449 1763 3520; x_wconf 86' lang='grc' dir='ltr'><em>οὐρανοῦ</em></span> <span class='ocrx_word' id='word_1_482' title='bbox 1791 3448 1927 3503; x_wconf 80' lang='grc' dir='ltr'><strong>ἐπέ-</strong></span> 
     </span>
    </p>
   </div>
   <div class='ocr_carea' id='block_1_69' title="bbox 342 3540 1926 3620">
    <p class='ocr_par' dir='ltr' id='par_1_69' title="bbox 342 3540 1926 3620">
     <span class='ocr_line' id='line_1_69' title="bbox 342 3540 1926 3620; baseline -0.009 -13"><span class='ocrx_word' id='word_1_483' title='bbox 342 3554 530 3620; x_wconf 53' lang='lat' dir='ltr'><strong>meum</strong></span> <span class='ocrx_word' id='word_1_484' title='bbox 562 3549 660 3603; x_wconf 79' lang='grc' dir='ltr'><em>καὶ</em></span> <span class='ocrx_word' id='word_1_485' title='bbox 702 3544 823 3602; x_wconf 76' lang='grc' dir='ltr'><em>εἶδε</em></span> <span class='ocrx_word' id='word_1_486' title='bbox 870 3544 1104 3612; x_wconf 80' lang='grc' dir='ltr'><em>πάντας</em></span> <span class='ocrx_word' id='word_1_487' title='bbox 1141 3542 1285 3610; x_wconf 87' lang='grc' dir='ltr'><em>τοὺς</em></span> <span class='ocrx_word' id='word_1_488' title='bbox 1332 3542 1504 3609; x_wconf 77' lang='grc' dir='ltr'><em>υἱοὺς</em></span> <span class='ocrx_word' id='word_1_489' title='bbox 1534 3540 1654 3596; x_wconf 85' lang='grc' dir='ltr'><em>τῶν</em></span> <span class='ocrx_word' id='word_1_490' title='bbox 1702 3540 1926 3609; x_wconf 83' lang='grc' dir='ltr'><em>ἀνθρώ-</em></span> 
     </span>
    </p>
   </div>
   <div class='ocr_carea' id='block_1_70' title="bbox 341 3631 1926 3710">
    <p class='ocr_par' dir='ltr' id='par_1_70' title="bbox 341 3631 1926 3710">
     <span class='ocr_line' id='line_1_70' title="bbox 341 3631 1926 3710; baseline -0.006 -17"><span class='ocrx_word' id='word_1_491' title='bbox 341 3655 494 3699; x_wconf 61' lang='lat' dir='ltr'><strong>ator.</strong></span> <span class='ocrx_word' id='word_1_492' title='bbox 535 3641 602 3693; x_wconf 80' lang='grc' dir='ltr'>ὐ</span> <span class='ocrx_word' id='word_1_493' title='bbox 656 3637 721 3710; x_wconf 82' lang='grc' dir='ltr'><strong>δὴ</strong></span> <span class='ocrx_word' id='word_1_494' title='bbox 768 3635 1040 3708; x_wconf 76' lang='grc' dir='ltr'>παριστὰς</span> <span class='ocrx_word' id='word_1_495' title='bbox 1084 3637 1114 3688; x_wconf 92' lang='lat'><strong>6</strong></span> <span class='ocrx_word' id='word_1_496' title='bbox 1166 3631 1357 3706; x_wconf 87' lang='grc' dir='ltr'>παρὼν</span> <span class='ocrx_word' id='word_1_497' title='bbox 1399 3633 1558 3701; x_wconf 76' lang='grc' dir='ltr'><em>λόγος</em></span> <span class='ocrx_word' id='word_1_498' title='bbox 1608 3631 1791 3703; x_wconf 75' lang='grc' dir='ltr'>φησιν’</span> <span class='ocrx_word' id='word_1_499' title='bbox 1863 3631 1926 3684; x_wconf 83' lang='lat'><strong>&#39;0</strong></span> 
     </span>
    </p>
   </div>
   <div class='ocr_carea' id='block_1_71' title="bbox 342 3721 1930 3805">
    <p class='ocr_par' dir='ltr' id='par_1_71' title="bbox 342 3721 1930 3805">
     <span class='ocr_line' id='line_1_71' title="bbox 342 3721 1930 3805; baseline -0.009 -17"><span class='ocrx_word' id='word_1_500' title='bbox 342 3730 644 3794; x_wconf 76' lang='grc' dir='ltr'><em>πλάσσων</em></span> <span class='ocrx_word' id='word_1_501' title='bbox 677 3729 1018 3797; x_wconf 77' lang='grc' dir='ltr'><em>καταμόνας</em></span> <span class='ocrx_word' id='word_1_502' title='bbox 1044 3726 1151 3793; x_wconf 83' lang='grc' dir='ltr'><em>τὰς</em></span> <span class='ocrx_word' id='word_1_503' title='bbox 1202 3724 1452 3805; x_wconf 85' lang='grc' dir='ltr'><em>καρδίας</em></span> <span class='ocrx_word' id='word_1_504' title='bbox 1496 3721 1715 3777; x_wconf 81' lang='grc' dir='ltr'><em>αὐτῶν·</em></span> <span class='ocrx_word' id='word_1_505' title='bbox 1760 3738 1930 3775; x_wconf 87' lang='grc' dir='ltr'>κατα-</span> 
     </span>
    </p>
   </div>
   <div class='ocr_carea' id='block_1_72' title="bbox 348 3814 1926 3897">
    <p class='ocr_par' dir='ltr' id='par_1_72' title="bbox 348 3814 1926 3897">
     <span class='ocr_line' id='line_1_72' title="bbox 348 3814 1926 3897; baseline -0.007 -19"><span class='ocrx_word' id='word_1_506' title='bbox 348 3825 516 3897; x_wconf 85' lang='grc' dir='ltr'><em>μόνας</em></span> <span class='ocrx_word' id='word_1_507' title='bbox 546 3823 604 3878; x_wconf 63' lang='lat' dir='ltr'><strong>se</strong></span> <span class='ocrx_word' id='word_1_508' title='bbox 645 3821 859 3894; x_wconf 77' lang='grc' dir='ltr'>εἴρηται</span> <span class='ocrx_word' id='word_1_509' title='bbox 901 3819 1021 3877; x_wconf 78' lang='grc' dir='ltr'><strong>ἀντὶ</strong></span> <span class='ocrx_word' id='word_1_510' title='bbox 1072 3816 1198 3884; x_wconf 82' lang='grc' dir='ltr'>τοῦ,</span> <span class='ocrx_word' id='word_1_511' title='bbox 1253 3815 1651 3887; x_wconf 80' lang='grc' dir='ltr'><strong>ἀφωρισμένως</strong></span> <span class='ocrx_word' id='word_1_512' title='bbox 1687 3814 1838 3885; x_wconf 81' lang='grc' dir='ltr'>παρὰ</span> <span class='ocrx_word' id='word_1_513' title='bbox 1858 3814 1926 3868; x_wconf 74' lang='grc' dir='ltr'>τὰ</span> 
     </span>
    </p>
   </div>
   <div class='ocr_carea' id='block_1_73' title="bbox 345 3906 1924 3982">
    <p class='ocr_par' dir='ltr' id='par_1_73' title="bbox 345 3906 1924 3982">
     <span class='ocr_line' id='line_1_73' title="bbox 345 3906 1924 3982; baseline -0.008 -11"><span class='ocrx_word' id='word_1_514' title='bbox 345 3915 510 3971; x_wconf 85' lang='grc' dir='ltr'><em>λοιπά</em></span> <span class='ocrx_word' id='word_1_515' title='bbox 531 3914 665 3980; x_wconf 83' lang='grc' dir='ltr'><strong>ζῶα.</strong></span> <span class='ocrx_word' id='word_1_516' title='bbox 688 3912 935 3982; x_wconf 81' lang='grc' dir='ltr'><em>Καρδίας</em></span> <span class='ocrx_word' id='word_1_517' title='bbox 959 3911 1015 3964; x_wconf 83' lang='grc' dir='ltr'><strong>δὲ</strong></span> <span class='ocrx_word' id='word_1_518' title='bbox 1036 3910 1210 3979; x_wconf 82' lang='grc' dir='ltr'>λέγων</span> <span class='ocrx_word' id='word_1_519' title='bbox 1241 3911 1367 3977; x_wconf 72' lang='grc' dir='ltr'><em>τοὺς</em></span> <span class='ocrx_word' id='word_1_520' title='bbox 1394 3908 1686 3978; x_wconf 80' lang='grc' dir='ltr'>λογισμοὺς</span> <span class='ocrx_word' id='word_1_521' title='bbox 1712 3906 1924 3978; x_wconf 78' lang='grc' dir='ltr'>ἐδήλου,</span> 
     </span>
    </p>
   </div>
   <div class='ocr_carea' id='block_1_74' title="bbox 347 3997 1927 4082">
    <p class='ocr_par' dir='ltr' id='par_1_74' title="bbox 347 3997 1927 4082">
     <span class='ocr_line' id='line_1_74' title="bbox 347 3997 1927 4082; baseline -0.015 -17"><span class='ocrx_word' id='word_1_522' title='bbox 347 4011 444 4066; x_wconf 76' lang='grc' dir='ltr'>καὶ</span> <span class='ocrx_word' id='word_1_523' title='bbox 468 4009 549 4067; x_wconf 84' lang='grc' dir='ltr'>ὅτι</span> <span class='ocrx_word' id='word_1_524' title='bbox 575 4004 972 4082; x_wconf 63' lang='grc' dir='ltr'>ἀφωρισμένοις</span> <span class='ocrx_word' id='word_1_525' title='bbox 995 4003 1226 4074; x_wconf 66' lang='grc' dir='ltr'><em>ἕκαστος</em></span> <span class='ocrx_word' id='word_1_526' title='bbox 1273 3998 1560 4072; x_wconf 67' lang='grc' dir='ltr'>ἄνθρωπος</span> <span class='ocrx_word' id='word_1_527' title='bbox 1600 3997 1788 4074; x_wconf 81' lang='grc' dir='ltr'>ὥσπερ</span> <span class='ocrx_word' id='word_1_528' title='bbox 1829 4014 1927 4061; x_wconf 37' lang='lat' dir='ltr'><strong>me</strong></span> 
     </span>
    </p>
   </div>
   <div class='ocr_carea' id='block_1_75' title="bbox 350 4087 1925 4176">
    <p class='ocr_par' dir='ltr' id='par_1_75' title="bbox 350 4087 1925 4176">
     <span class='ocr_line' id='line_1_75' title="bbox 350 4087 1925 4176; baseline -0.013 -18"><span class='ocrx_word' id='word_1_529' title='bbox 350 4104 522 4176; x_wconf 80' lang='grc' dir='ltr'>μιεῖον</span> <span class='ocrx_word' id='word_1_530' title='bbox 550 4097 1045 4169; x_wconf 82' lang='grc' dir='ltr'>ἀποκεκλεισμένον</span> <span class='ocrx_word' id='word_1_531' title='bbox 1075 4090 1305 4165; x_wconf 66' lang='grc' dir='ltr'>εχειζτὴν</span> <span class='ocrx_word' id='word_1_532' title='bbox 1332 4089 1525 4161; x_wconf 70' lang='grc' dir='ltr'>ἑαυτοῦ</span> <span class='ocrx_word' id='word_1_533' title='bbox 1556 4088 1815 4159; x_wconf 78' lang='grc' dir='ltr'>διάνοιαν,</span> 
     </span>
    </p>
   </div>
   <div class='ocr_carea' id='block_1_76' title="bbox 351 4179 1922 4272">
    <p class='ocr_par' dir='ltr' id='par_1_76' title="bbox 351 4179 1922 4272">
     <span class='ocr_line' id='line_1_76' title="bbox 351 4179 1922 4272; baseline -0.013 -19"><span class='ocrx_word' id='word_1_534' title='bbox 351 4198 556 4272; x_wconf 80' lang='grc' dir='ltr'>μηδένα</span> <span class='ocrx_word' id='word_1_535' title='bbox 579 4195 836 4252; x_wconf 82' lang='grc' dir='ltr'>δύνασθαι</span> <span class='ocrx_word' id='word_1_536' title='bbox 865 4192 1084 4262; x_wconf 78' lang='grc' dir='ltr'>ἑτέρους</span> <span class='ocrx_word' id='word_1_537' title='bbox 1120 4182 1573 4269; x_wconf 79' lang='grc' dir='ltr'>καταλαμϐάνειν</span> <span class='ocrx_word' id='word_1_538' title='bbox 1609 4179 1922 4272; x_wconf 66' lang='grc' dir='ltr'><strong>λογισμούς,</strong></span> 
     </span>
    </p>
   </div>
   <div class='ocr_carea' id='block_1_77' title="bbox 352 4271 1925 4360">
    <p class='ocr_par' dir='ltr' id='par_1_77' title="bbox 352 4271 1925 4360">
     <span class='ocr_line' id='line_1_77' title="bbox 352 4271 1925 4360; baseline -0.015 -13"><span class='ocrx_word' id='word_1_539' title='bbox 352 4271 563 4356; x_wconf 74' lang='grc' dir='ltr'><em>οὐδεὶς</em></span> <span class='ocrx_word' id='word_1_540' title='bbox 590 4288 740 4360; x_wconf 73' lang='grc' dir='ltr'><strong>γοῦν</strong></span> <span class='ocrx_word' id='word_1_541' title='bbox 791 4284 955 4340; x_wconf 77' lang='grc' dir='ltr'><em>οἶδεν</em></span> <span class='ocrx_word' id='word_1_542' title='bbox 982 4279 1310 4350; x_wconf 77' lang='grc' dir='ltr'><em>ἀνθρώπων</em></span> <span class='ocrx_word' id='word_1_543' title='bbox 1345 4276 1420 4331; x_wconf 85' lang='grc' dir='ltr'><em>τὰ</em></span> <span class='ocrx_word' id='word_1_544' title='bbox 1446 4274 1552 4330; x_wconf 88' lang='grc' dir='ltr'><strong>τοῦ</strong></span> <span class='ocrx_word' id='word_1_545' title='bbox 1588 4271 1925 4341; x_wconf 85' lang='grc' dir='ltr'><strong>ἀνθρώπου,</strong></span> 
     </span>
    </p>
   </div>
   <div class='ocr_carea' id='block_1_78' title="bbox 352 4364 1926 4455">
    <p class='ocr_par' dir='ltr' id='par_1_78' title="bbox 352 4364 1926 4455">
     <span class='ocr_line' id='line_1_78' title="bbox 352 4364 1926 4455; baseline -0.014 -16"><span class='ocrx_word' id='word_1_546' title='bbox 352 4386 402 4439; x_wconf 77' lang='lat' dir='ltr'><strong>rl</strong></span> <span class='ocrx_word' id='word_1_547' title='bbox 421 4383 509 4455; x_wconf 81' lang='grc' dir='ltr'><strong>μὴ</strong></span> <span class='ocrx_word' id='word_1_548' title='bbox 527 4382 596 4437; x_wconf 87' lang='grc' dir='ltr'><em>τὸ</em></span> <span class='ocrx_word' id='word_1_549' title='bbox 620 4380 857 4448; x_wconf 85' lang='grc' dir='ltr'><em>πνεῦμα</em></span> <span class='ocrx_word' id='word_1_550' title='bbox 889 4374 997 4431; x_wconf 86' lang='grc' dir='ltr'><em>τοῦ</em></span> <span class='ocrx_word' id='word_1_551' title='bbox 1027 4371 1344 4442; x_wconf 83' lang='grc' dir='ltr'><strong>ἀνθρώπου</strong></span> <span class='ocrx_word' id='word_1_552' title='bbox 1399 4367 1465 4423; x_wconf 86' lang='grc' dir='ltr'><strong>τὸ</strong></span> <span class='ocrx_word' id='word_1_553' title='bbox 1503 4369 1573 4422; x_wconf 88' lang='grc' dir='ltr'><em>ἐν</em></span> <span class='ocrx_word' id='word_1_554' title='bbox 1599 4365 1778 4432; x_wconf 80' lang='grc' dir='ltr'><em>αὐτῷ.</em></span> <span class='ocrx_word' id='word_1_555' title='bbox 1835 4364 1926 4418; x_wconf 85' lang='grc' dir='ltr'><strong>Διὸ</strong></span> 
     </span>
    </p>
   </div>
   <div class='ocr_carea' id='block_1_79' title="bbox 250 4457 2005 4556">
    <p class='ocr_par' dir='ltr' id='par_1_79' title="bbox 250 4457 2005 4556">
     <span class='ocr_line' id='line_1_79' title="bbox 250 4457 2005 4556; baseline 0.004 -6"><span class='ocrx_word' id='word_1_556' title='bbox 250 4518 257 4523; x_wconf 91' lang='grc'><strong>-</strong></span> <span class='ocrx_word' id='word_1_557' title='bbox 352 4478 480 4550; x_wconf 67' lang='grc' dir='ltr'>περι</span> <span class='ocrx_word' id='word_1_558' title='bbox 511 4475 671 4548; x_wconf 53' lang='lat' dir='ltr'><strong>tum</strong></span> <span class='ocrx_word' id='word_1_559' title='bbox 700 4470 794 4527; x_wconf 72' lang='grc' dir='ltr'><strong>τοῦ</strong></span> <span class='ocrx_word' id='word_1_560' title='bbox 828 4471 1078 4540; x_wconf 75' lang='grc' dir='ltr'><strong>Σωτῆρος</strong></span> <span class='ocrx_word' id='word_1_561' title='bbox 1116 4465 1273 4556; x_wconf 61' lang='grc' dir='ltr'><strong>ἡμῶν</strong></span> <span class='ocrx_word' id='word_1_562' title='bbox 1315 4463 1400 4556; x_wconf 65' lang='grc' dir='ltr'>εις</span> <span class='ocrx_word' id='word_1_563' title='bbox 1442 4461 1800 4556; x_wconf 48' lang='lat' dir='ltr'><strong>“seems:</strong></span> <span class='ocrx_word' id='word_1_564' title='bbox 1826 4457 1928 4556; x_wconf 64' lang='grc' dir='ltr'><strong>τῆς</strong></span> <span class='ocrx_word' id='word_1_565' title='bbox 1959 4500 2005 4556; x_wconf 77' lang='grc' dir='ltr'>ι)</span> 
     </span>
    </p>
   </div>
   <div class='ocr_carea' id='block_1_80' title="bbox 353 4545 1930 4634">
    <p class='ocr_par' dir='ltr' id='par_1_80' title="bbox 353 4545 1930 4634">
     <span class='ocr_line' id='line_1_80' title="bbox 353 4545 1930 4634; baseline -0.013 -11"><span class='ocrx_word' id='word_1_566' title='bbox 353 4545 523 4625; x_wconf 59' lang='grc' dir='ltr'><strong>ιιιῖνῖεοῐὶ⁷</strong></span> <span class='ocrx_word' id='word_1_567' title='bbox 561 4563 814 4634; x_wconf 84' lang='grc' dir='ltr'><em>θεότητος</em></span> <span class='ocrx_word' id='word_1_568' title='bbox 843 4559 1078 4626; x_wconf 76' lang='grc' dir='ltr'><strong>ἐλέγετο·</strong></span> <span class='ocrx_word' id='word_1_569' title='bbox 1108 4553 1302 4623; x_wconf 78' lang='grc' dir='ltr'><em>Αὐτὸς</em></span> <span class='ocrx_word' id='word_1_570' title='bbox 1337 4550 1452 4623; x_wconf 75' lang='grc' dir='ltr'><strong>γὰρ</strong></span> <span class='ocrx_word' id='word_1_571' title='bbox 1502 4549 1635 4621; x_wconf 77' lang='grc' dir='ltr'><em>ᾔδει</em></span> <span class='ocrx_word' id='word_1_572' title='bbox 1674 4551 1730 4604; x_wconf 93' lang='grc' dir='ltr'><strong>τί</strong></span> <span class='ocrx_word' id='word_1_573' title='bbox 1760 4545 1838 4620; x_wconf 83' lang='grc' dir='ltr'><em>ἦν</em></span> <span class='ocrx_word' id='word_1_574' title='bbox 1859 4548 1930 4603; x_wconf 83' lang='grc' dir='ltr'><em>ἐν</em></span> 
     </span>
    </p>
   </div>
   <div class='ocr_carea' id='block_1_81' title="bbox 354 4639 1928 4728">
    <p class='ocr_par' dir='ltr' id='par_1_81' title="bbox 354 4639 1928 4728">
     <span class='ocr_line' id='line_1_81' title="bbox 354 4639 1928 4728; baseline -0.013 -15"><span class='ocrx_word' id='word_1_575' title='bbox 354 4656 432 4728; x_wconf 77' lang='grc' dir='ltr'><em>τῷ</em></span> <span class='ocrx_word' id='word_1_576' title='bbox 464 4653 772 4723; x_wconf 80' lang='grc' dir='ltr'><strong>ἀνθρώπῳ·</strong></span> <span class='ocrx_word' id='word_1_577' title='bbox 825 4648 922 4704; x_wconf 79' lang='grc' dir='ltr'><strong>καὶ</strong></span> <span class='ocrx_word' id='word_1_578' title='bbox 974 4645 1157 4701; x_wconf 64' lang='grc' dir='ltr'><em>πάλιν</em></span> <span class='ocrx_word' id='word_1_579' title='bbox 1218 4641 1409 4709; x_wconf 70' lang='grc' dir='ltr'><em>Εἰδὼς</em></span> <span class='ocrx_word' id='word_1_580' title='bbox 1431 4640 1501 4695; x_wconf 91' lang='grc' dir='ltr'><strong>δὲ</strong></span> <span class='ocrx_word' id='word_1_581' title='bbox 1542 4640 1688 4707; x_wconf 88' lang='grc' dir='ltr'><em>τοὺς</em></span> <span class='ocrx_word' id='word_1_582' title='bbox 1723 4639 1928 4694; x_wconf 88' lang='grc' dir='ltr'><em>διαλο-</em></span> 
     </span>
    </p>
   </div>
   <div class='ocr_carea' id='block_1_82' title="bbox 353 4733 1931 4826">
    <p class='ocr_par' dir='ltr' id='par_1_82' title="bbox 353 4733 1931 4826">
     <span class='ocr_line' id='line_1_82' title="bbox 353 4733 1931 4826; baseline -0.011 -23"><span class='ocrx_word' id='word_1_583' title='bbox 353 4748 604 4826; x_wconf 71' lang='grc' dir='ltr'><em>γισμοὺς</em></span> <span class='ocrx_word' id='word_1_584' title='bbox 633 4743 853 4818; x_wconf 71' lang='grc' dir='ltr'><em>αὐτῶν.</em></span> <span class='ocrx_word' id='word_1_585' title='bbox 883 4740 1055 4799; x_wconf 80' lang='grc' dir='ltr'>Τοῦτο</span> <span class='ocrx_word' id='word_1_586' title='bbox 1079 4740 1137 4811; x_wconf 80' lang='grc' dir='ltr'><strong>δὲ</strong></span> <span class='ocrx_word' id='word_1_587' title='bbox 1167 4738 1264 4792; x_wconf 72' lang='grc' dir='ltr'><strong>καὶ</strong></span> <span class='ocrx_word' id='word_1_588' title='bbox 1295 4739 1352 4790; x_wconf 78' lang='grc' dir='ltr'><strong>ὲν</strong></span> <span class='ocrx_word' id='word_1_589' title='bbox 1378 4737 1491 4814; x_wconf 63' lang='grc' dir='ltr'><em>τοῖς</em></span> <span class='ocrx_word' id='word_1_590' title='bbox 1543 4733 1931 4811; x_wconf 76' lang='grc' dir='ltr'>προκειμένοις</span> 
     </span>
    </p>
   </div>
   <div class='ocr_carea' id='block_1_83' title="bbox 358 4826 1932 4916">
    <p class='ocr_par' dir='ltr' id='par_1_83' title="bbox 358 4826 1932 4916">
     <span class='ocr_line' id='line_1_83' title="bbox 358 4826 1932 4916; baseline -0.011 -19"><span class='ocrx_word' id='word_1_591' title='bbox 358 4842 702 4916; x_wconf 50' lang='grc' dir='ltr'>παρίσταται·</span> <span class='ocrx_word' id='word_1_592' title='bbox 741 4837 880 4911; x_wconf 81' lang='grc' dir='ltr'>μετὰ</span> <span class='ocrx_word' id='word_1_593' title='bbox 924 4833 1032 4907; x_wconf 85' lang='grc' dir='ltr'>γὰρ</span> <span class='ocrx_word' id='word_1_594' title='bbox 1075 4832 1158 4886; x_wconf 87' lang='grc' dir='ltr'><strong>τό·</strong></span> <span class='ocrx_word' id='word_1_595' title='bbox 1204 4831 1268 4883; x_wconf 91' lang='lat'><strong>&#39;0</strong></span> <span class='ocrx_word' id='word_1_596' title='bbox 1312 4827 1559 4894; x_wconf 81' lang='grc' dir='ltr'><em>πλάσας</em></span> <span class='ocrx_word' id='word_1_597' title='bbox 1591 4826 1932 4896; x_wconf 86' lang='grc' dir='ltr'><em>καταμόνας</em></span> 
     </span>
    </p>
   </div>
   <div class='ocr_carea' id='block_1_84' title="bbox 356 4917 1933 5002">
    <p class='ocr_par' dir='ltr' id='par_1_84' title="bbox 356 4917 1933 5002">
     <span class='ocr_line' id='line_1_84' title="bbox 356 4917 1933 5002; baseline -0.011 -11"><span class='ocrx_word' id='word_1_598' title='bbox 356 4935 457 5002; x_wconf 82' lang='grc' dir='ltr'><strong>τὰς</strong></span> <span class='ocrx_word' id='word_1_599' title='bbox 479 4930 728 5001; x_wconf 81' lang='grc' dir='ltr'><em>καρδίας</em></span> <span class='ocrx_word' id='word_1_600' title='bbox 745 4926 966 4992; x_wconf 85' lang='grc' dir='ltr'><em>αὐτῶν,</em></span> <span class='ocrx_word' id='word_1_601' title='bbox 993 4923 1263 4995; x_wconf 79' lang='grc' dir='ltr'>συνῆπται</span> <span class='ocrx_word' id='word_1_602' title='bbox 1288 4921 1367 4974; x_wconf 65' lang='grc' dir='ltr'><em>τό*</em></span> <span class='ocrx_word' id='word_1_603' title='bbox 1399 4920 1462 4974; x_wconf 87' lang='lat'>&#39;0</span> <span class='ocrx_word' id='word_1_604' title='bbox 1489 4918 1723 4985; x_wconf 78' lang='grc' dir='ltr'><em>συνιεὶς</em></span> <span class='ocrx_word' id='word_1_605' title='bbox 1735 4917 1933 4973; x_wconf 82' lang='grc' dir='ltr'><em>πάντα</em></span> 
     </span>
    </p>
   </div>
   <div class='ocr_carea' id='block_1_85' title="bbox 2033 3260 3617 3335">
    <p class='ocr_par' dir='ltr' id='par_1_85' title="bbox 2033 3260 3617 3335">
     <span class='ocr_line' id='line_1_85' title="bbox 2033 3260 3617 3335; baseline 0.001 -17"><span class='ocrx_word' id='word_1_606' title='bbox 2033 3266 2161 3318; x_wconf 76' lang='lat' dir='ltr'><strong>caelo</strong></span> <span class='ocrx_word' id='word_1_607' title='bbox 2196 3263 2421 3332; x_wconf 74' lang='lat' dir='ltr'><strong>respexit</strong></span> <span class='ocrx_word' id='word_1_608' title='bbox 2469 3270 2519 3317; x_wconf 91' lang='lat' dir='ltr'><strong>et</strong></span> <span class='ocrx_word' id='word_1_609' title='bbox 2562 3260 2693 3331; x_wconf 80' lang='lat' dir='ltr'><strong>vidit</strong></span> <span class='ocrx_word' id='word_1_610' title='bbox 2731 3277 2907 3330; x_wconf 81' lang='lat' dir='ltr'><strong>omnes</strong></span> <span class='ocrx_word' id='word_1_611' title='bbox 2941 3262 3083 3334; x_wconf 84' lang='lat' dir='ltr'><strong>ﬁlios</strong></span> <span class='ocrx_word' id='word_1_612' title='bbox 3133 3261 3425 3335; x_wconf 78' lang='lat' dir='ltr'><strong>hominum.</strong></span> <span class='ocrx_word' id='word_1_613' title='bbox 3459 3262 3617 3331; x_wconf 85' lang='lat' dir='ltr'><strong>Quod</strong></span> 
     </span>
    </p>
   </div>
   <div class='ocr_carea' id='block_1_86' title="bbox 2033 3338 3617 3426">
    <p class='ocr_par' dir='ltr' id='par_1_86' title="bbox 2033 3338 3617 3426">
     <span class='ocr_line' id='line_1_86' title="bbox 2033 3338 3617 3426; baseline -0.001 -15"><span class='ocrx_word' id='word_1_614' title='bbox 2033 3354 2123 3412; x_wconf 90' lang='lat' dir='ltr'><strong>bis</strong></span> <span class='ocrx_word' id='word_1_615' title='bbox 2183 3355 2368 3411; x_wconf 81' lang='lat' dir='ltr'><strong>verbis</strong></span> <span class='ocrx_word' id='word_1_616' title='bbox 2426 3354 2485 3409; x_wconf 89' lang='lat' dir='ltr'><strong>in</strong></span> <span class='ocrx_word' id='word_1_617' title='bbox 2540 3354 2800 3425; x_wconf 65' lang='lat' dir='ltr'><strong>praesenti</strong></span> <span class='ocrx_word' id='word_1_618' title='bbox 2844 3356 3255 3426; x_wconf 84' lang='lat' dir='ltr'><strong>pronuntiatur,</strong></span> <span class='ocrx_word' id='word_1_619' title='bbox 3312 3354 3416 3421; x_wconf 86' lang='lat' dir='ltr'><strong>Qui</strong></span> <span class='ocrx_word' id='word_1_620' title='bbox 3461 3338 3617 3426; x_wconf 70' lang='lat' dir='ltr'><strong>ﬁngit</strong></span> 
     </span>
    </p>
   </div>
   <div class='ocr_carea' id='block_1_87' title="bbox 2032 3446 3616 3522">
    <p class='ocr_par' dir='ltr' id='par_1_87' title="bbox 2032 3446 3616 3522">
     <span class='ocr_line' id='line_1_87' title="bbox 2032 3446 3616 3522; baseline 0 -19"><span class='ocrx_word' id='word_1_621' title='bbox 2032 3447 2314 3518; x_wconf 78' lang='lat' dir='ltr'><strong>sigillatim</strong></span> <span class='ocrx_word' id='word_1_622' title='bbox 2359 3446 2522 3502; x_wconf 86' lang='lat' dir='ltr'><strong>corda</strong></span> <span class='ocrx_word' id='word_1_623' title='bbox 2556 3463 2737 3502; x_wconf 88' lang='lat' dir='ltr'><strong>eorum</strong></span> <span class='ocrx_word' id='word_1_624' title='bbox 2757 3463 2776 3520; x_wconf 81' lang='grc'><em>;</em></span> <span class='ocrx_word' id='word_1_625' title='bbox 2824 3447 3097 3517; x_wconf 88' lang='lat' dir='ltr'><strong>sigillatim</strong></span> <span class='ocrx_word' id='word_1_626' title='bbox 3121 3447 3327 3502; x_wconf 91' lang='lat' dir='ltr'><strong>dictum</strong></span> <span class='ocrx_word' id='word_1_627' title='bbox 3356 3454 3438 3509; x_wconf 88' lang='lat' dir='ltr'><strong>est</strong></span> <span class='ocrx_word' id='word_1_628' title='bbox 3459 3447 3616 3522; x_wconf 87' lang='lat' dir='ltr'><strong>quasi</strong></span> 
     </span>
    </p>
   </div>
   <div class='ocr_carea' id='block_1_88' title="bbox 2034 3536 3615 3610">
    <p class='ocr_par' dir='ltr' id='par_1_88' title="bbox 2034 3536 3615 3610">
     <span class='ocr_line' id='line_1_88' title="bbox 2034 3536 3615 3610; baseline -0.002 -15"><span class='ocrx_word' id='word_1_629' title='bbox 2034 3538 2329 3610; x_wconf 84' lang='lat' dir='ltr'><strong>separatim</strong></span> <span class='ocrx_word' id='word_1_630' title='bbox 2373 3544 2427 3593; x_wconf 90' lang='lat' dir='ltr'><strong>et</strong></span> <span class='ocrx_word' id='word_1_631' title='bbox 2466 3552 2716 3593; x_wconf 89' lang='lat' dir='ltr'><strong>seorsum</strong></span> <span class='ocrx_word' id='word_1_632' title='bbox 2756 3551 2786 3591; x_wconf 91' lang='lat' dir='ltr'><strong>a</strong></span> <span class='ocrx_word' id='word_1_633' title='bbox 2826 3537 3056 3609; x_wconf 78' lang='lat' dir='ltr'><strong>reliquis</strong></span> <span class='ocrx_word' id='word_1_634' title='bbox 3084 3536 3433 3609; x_wconf 82' lang='lat' dir='ltr'><strong>animalibus.</strong></span> <span class='ocrx_word' id='word_1_635' title='bbox 3476 3536 3615 3601; x_wconf 87' lang='lat' dir='ltr'><strong>Dum</strong></span> 
     </span>
    </p>
   </div>
   <div class='ocr_carea' id='block_1_89' title="bbox 2033 3610 3614 3698">
    <p class='ocr_par' dir='ltr' id='par_1_89' title="bbox 2033 3610 3614 3698">
     <span class='ocr_line' id='line_1_89' title="bbox 2033 3610 3614 3698; baseline 0.001 -15"><span class='ocrx_word' id='word_1_636' title='bbox 2033 3636 2215 3691; x_wconf 84' lang='lat' dir='ltr'><strong>autem</strong></span> <span class='ocrx_word' id='word_1_637' title='bbox 2247 3626 2415 3682; x_wconf 87' lang='lat' dir='ltr'><strong>corda</strong></span> <span class='ocrx_word' id='word_1_638' title='bbox 2449 3610 3202 3698; x_wconf 60' lang='lat' dir='ltr'><strong>memoraret,‘cogitationes</strong></span> <span class='ocrx_word' id='word_1_639' title='bbox 3251 3626 3614 3697; x_wconf 72' lang='lat' dir='ltr'><strong>significavit:</strong></span> 
     </span>
    </p>
   </div>
   <div class='ocr_carea' id='block_1_90' title="bbox 2034 3718 3618 3793">
    <p class='ocr_par' dir='ltr' id='par_1_90' title="bbox 2034 3718 3618 3793">
     <span class='ocr_line' id='line_1_90' title="bbox 2034 3718 3618 3793; baseline 0.001 -18"><span class='ocrx_word' id='word_1_640' title='bbox 2034 3720 2162 3792; x_wconf 76' lang='lat' dir='ltr'><strong>quia</strong></span> <span class='ocrx_word' id='word_1_641' title='bbox 2230 3718 2459 3790; x_wconf 89' lang='lat' dir='ltr'><strong>quilibet</strong></span> <span class='ocrx_word' id='word_1_642' title='bbox 2504 3718 2669 3774; x_wconf 92' lang='lat' dir='ltr'><strong>homo</strong></span> <span class='ocrx_word' id='word_1_643' title='bbox 2715 3732 2964 3781; x_wconf 82' lang='lat' dir='ltr'><strong>seorsum</strong></span> <span class='ocrx_word' id='word_1_644' title='bbox 3011 3725 3248 3782; x_wconf 83' lang='lat' dir='ltr'><strong>mentem</strong></span> <span class='ocrx_word' id='word_1_645' title='bbox 3307 3734 3463 3793; x_wconf 82' lang='lat' dir='ltr'><strong>suam</strong></span> <span class='ocrx_word' id='word_1_646' title='bbox 3514 3734 3618 3776; x_wconf 87' lang='lat' dir='ltr'><strong>ceu</strong></span> 
     </span>
    </p>
   </div>
   <div class='ocr_carea' id='block_1_91' title="bbox 2032 3809 3617 3885">
    <p class='ocr_par' dir='ltr' id='par_1_91' title="bbox 2032 3809 3617 3885">
     <span class='ocr_line' id='line_1_91' title="bbox 2032 3809 3617 3885; baseline 0.001 -21"><span class='ocrx_word' id='word_1_647' title='bbox 2032 3809 2441 3881; x_wconf 86' lang='lat' dir='ltr'><strong>receptaculum</strong></span> <span class='ocrx_word' id='word_1_648' title='bbox 2500 3809 2781 3865; x_wconf 88' lang='lat' dir='ltr'><strong>occlusam</strong></span> <span class='ocrx_word' id='word_1_649' title='bbox 2837 3809 3036 3880; x_wconf 67' lang='lat' dir='ltr'><strong>habet,</strong></span> <span class='ocrx_word' id='word_1_650' title='bbox 3084 3816 3143 3880; x_wconf 83' lang='lat' dir='ltr'><strong>ut</strong></span> <span class='ocrx_word' id='word_1_651' title='bbox 3182 3825 3342 3865; x_wconf 89' lang='lat' dir='ltr'><strong>nemo</strong></span> <span class='ocrx_word' id='word_1_652' title='bbox 3391 3811 3617 3885; x_wconf 80' lang='lat' dir='ltr'><strong>alterius</strong></span> 
     </span>
    </p>
   </div>
   <div class='ocr_carea' id='block_1_92' title="bbox 2033 3900 3616 3981">
    <p class='ocr_par' dir='ltr' id='par_1_92' title="bbox 2033 3900 3616 3981">
     <span class='ocr_line' id='line_1_92' title="bbox 2033 3900 3616 3981; baseline 0.001 -24"><span class='ocrx_word' id='word_1_653' title='bbox 2033 3902 2399 3973; x_wconf 86' lang='lat' dir='ltr'><strong>cogitationes</strong></span> <span class='ocrx_word' id='word_1_654' title='bbox 2468 3900 2876 3972; x_wconf 79' lang='lat' dir='ltr'><strong>deprehendere</strong></span> <span class='ocrx_word' id='word_1_655' title='bbox 2941 3901 3138 3957; x_wconf 87' lang='lat' dir='ltr'><strong>valeat.</strong></span> <span class='ocrx_word' id='word_1_656' title='bbox 3200 3900 3399 3973; x_wconf 70' lang='lat' dir='ltr'><strong>Nullus</strong></span> <span class='ocrx_word' id='word_1_657' title='bbox 3454 3905 3616 3981; x_wconf 74' lang='lat' dir='ltr'><strong>igitur</strong></span> 
     </span>
    </p>
   </div>
   <div class='ocr_carea' id='block_1_93' title="bbox 2033 3990 3619 4065">
    <p class='ocr_par' dir='ltr' id='par_1_93' title="bbox 2033 3990 3619 4065">
     <span class='ocr_line' id='line_1_93' title="bbox 2033 3990 3619 4065; baseline 0.001 -18"><span class='ocrx_word' id='word_1_658' title='bbox 2033 3992 2303 4065; x_wconf 81' lang='lat' dir='ltr'><strong>hominum</strong></span> <span class='ocrx_word' id='word_1_659' title='bbox 2330 3991 2474 4046; x_wconf 85' lang='lat' dir='ltr'><strong>novit</strong></span> <span class='ocrx_word' id='word_1_660' title='bbox 2502 4008 2619 4062; x_wconf 68' lang='lat' dir='ltr'><strong>quia</strong></span> <span class='ocrx_word' id='word_1_661' title='bbox 2646 3999 2772 4049; x_wconf 83' lang='lat' dir='ltr'><strong>sunt</strong></span> <span class='ocrx_word' id='word_1_662' title='bbox 2796 3990 3047 4059; x_wconf 75' lang='lat' dir='ltr'><strong>hominis,</strong></span> <span class='ocrx_word' id='word_1_663' title='bbox 3068 3993 3174 4046; x_wconf 87' lang='lat' dir='ltr'><strong>nisi</strong></span> <span class='ocrx_word' id='word_1_664' title='bbox 3206 3995 3424 4061; x_wconf 85' lang='lat' dir='ltr'><strong>spiritus</strong></span> <span class='ocrx_word' id='word_1_665' title='bbox 3451 3994 3619 4049; x_wconf 82' lang='lat' dir='ltr'><strong>Itami-</strong></span> 
     </span>
    </p>
   </div>
   <div class='ocr_carea' id='block_1_94' title="bbox 2033 4082 3614 4156">
    <p class='ocr_par' dir='ltr' id='par_1_94' title="bbox 2033 4082 3614 4156">
     <span class='ocr_line' id='line_1_94' title="bbox 2033 4082 3614 4156; baseline 0.001 -16"><span class='ocrx_word' id='word_1_666' title='bbox 2033 4086 2117 4141; x_wconf 89' lang='lat' dir='ltr'><strong>nis</strong></span> <span class='ocrx_word' id='word_1_667' title='bbox 2147 4085 2238 4156; x_wconf 87' lang='lat' dir='ltr'><strong>qui</strong></span> <span class='ocrx_word' id='word_1_668' title='bbox 2260 4094 2337 4139; x_wconf 88' lang='lat' dir='ltr'><strong>est</strong></span> <span class='ocrx_word' id='word_1_669' title='bbox 2363 4087 2417 4138; x_wconf 87' lang='lat' dir='ltr'><strong>in</strong></span> <span class='ocrx_word' id='word_1_670' title='bbox 2442 4085 2553 4153; x_wconf 82' lang='lat' dir='ltr'><strong>ipso</strong></span> <span class='ocrx_word' id='word_1_671' title='bbox 2577 4087 2618 4138; x_wconf 82' lang='grc'><strong>⁸.</strong></span> <span class='ocrx_word' id='word_1_672' title='bbox 2637 4082 2817 4151; x_wconf 84' lang='lat' dir='ltr'><strong>Quare</strong></span> <span class='ocrx_word' id='word_1_673' title='bbox 2842 4082 2910 4137; x_wconf 92' lang='lat' dir='ltr'><strong>de</strong></span> <span class='ocrx_word' id='word_1_674' title='bbox 2941 4083 3060 4139; x_wconf 91' lang='lat' dir='ltr'><strong>solo</strong></span> <span class='ocrx_word' id='word_1_675' title='bbox 3094 4083 3375 4142; x_wconf 86' lang='lat' dir='ltr'><strong>Salvatore</strong></span> <span class='ocrx_word' id='word_1_676' title='bbox 3402 4094 3614 4153; x_wconf 87' lang='lat' dir='ltr'><strong>nostro,</strong></span> 
     </span>
    </p>
   </div>
   <div class='ocr_carea' id='block_1_95' title="bbox 2034 4176 3617 4249">
    <p class='ocr_par' dir='ltr' id='par_1_95' title="bbox 2034 4176 3617 4249">
     <span class='ocr_line' id='line_1_95' title="bbox 2034 4176 3617 4249; baseline 0 -13"><span class='ocrx_word' id='word_1_677' title='bbox 2034 4180 2103 4249; x_wconf 79' lang='lat' dir='ltr'><strong>ad</strong></span> <span class='ocrx_word' id='word_1_678' title='bbox 2136 4178 2558 4236; x_wconf 89' lang='lat' dir='ltr'><strong>declarationem</strong></span> <span class='ocrx_word' id='word_1_679' title='bbox 2580 4179 2701 4247; x_wconf 88' lang='lat' dir='ltr'><strong>ejus</strong></span> <span class='ocrx_word' id='word_1_680' title='bbox 2716 4176 2968 4249; x_wconf 82' lang='lat' dir='ltr'><strong>Deitatis,</strong></span> <span class='ocrx_word' id='word_1_681' title='bbox 2996 4177 3303 4243; x_wconf 87' lang='lat' dir='ltr'><strong>dicebatur,</strong></span> <span class='ocrx_word' id='word_1_682' title='bbox 3327 4178 3450 4249; x_wconf 74' lang='lat' dir='ltr'><strong>Ipse</strong></span> <span class='ocrx_word' id='word_1_683' title='bbox 3475 4181 3617 4236; x_wconf 83' lang='lat' dir='ltr'><strong>enim</strong></span> 
     </span>
    </p>
   </div>
   <div class='ocr_carea' id='block_1_96' title="bbox 2035 4269 3615 4343">
    <p class='ocr_par' dir='ltr' id='par_1_96' title="bbox 2035 4269 3615 4343">
     <span class='ocr_line' id='line_1_96' title="bbox 2035 4269 3615 4343; baseline -0.001 -15"><span class='ocrx_word' id='word_1_684' title='bbox 2035 4272 2234 4328; x_wconf 83' lang='lat' dir='ltr'><strong>sciebat</strong></span> <span class='ocrx_word' id='word_1_685' title='bbox 2261 4271 2388 4343; x_wconf 84' lang='lat' dir='ltr'><strong>quid</strong></span> <span class='ocrx_word' id='word_1_686' title='bbox 2427 4280 2560 4325; x_wconf 88' lang='lat' dir='ltr'><strong>esset</strong></span> <span class='ocrx_word' id='word_1_687' title='bbox 2604 4271 2660 4324; x_wconf 87' lang='lat' dir='ltr'><strong>in</strong></span> <span class='ocrx_word' id='word_1_688' title='bbox 2696 4271 2985 4339; x_wconf 83' lang='lat' dir='ltr'><strong>homine”;</strong></span> <span class='ocrx_word' id='word_1_689' title='bbox 3023 4284 3087 4325; x_wconf 89' lang='lat' dir='ltr'><strong>ac</strong></span> <span class='ocrx_word' id='word_1_690' title='bbox 3113 4285 3336 4337; x_wconf 83' lang='lat' dir='ltr'><strong>rursum</strong></span> <span class='ocrx_word' id='word_1_691' title='bbox 3371 4290 3384 4326; x_wconf 89' lang='lat'><strong>:</strong></span> <span class='ocrx_word' id='word_1_692' title='bbox 3431 4269 3615 4328; x_wconf 82' lang='lat' dir='ltr'><strong>Sciens</strong></span> 
     </span>
    </p>
   </div>
   <div class='ocr_carea' id='block_1_97' title="bbox 2033 4360 3618 4437">
    <p class='ocr_par' dir='ltr' id='par_1_97' title="bbox 2033 4360 3618 4437">
     <span class='ocr_line' id='line_1_97' title="bbox 2033 4360 3618 4437; baseline -0.001 -15"><span class='ocrx_word' id='word_1_693' title='bbox 2033 4366 2377 4437; x_wconf 82' lang='lat' dir='ltr'><strong>cogitationes</strong></span> <span class='ocrx_word' id='word_1_694' title='bbox 2425 4363 2641 4417; x_wconf 83' lang='lat' dir='ltr'><strong>illorum</strong></span> <span class='ocrx_word' id='word_1_695' title='bbox 2660 4363 2701 4417; x_wconf 77' lang='grc'><strong>⁸.</strong></span> <span class='ocrx_word' id='word_1_696' title='bbox 2732 4360 2848 4416; x_wconf 83' lang='lat' dir='ltr'><strong>Hoc</strong></span> <span class='ocrx_word' id='word_1_697' title='bbox 2880 4362 3009 4417; x_wconf 90' lang='lat' dir='ltr'><strong>item</strong></span> <span class='ocrx_word' id='word_1_698' title='bbox 3040 4362 3097 4431; x_wconf 84' lang='lat' dir='ltr'><strong>in</strong></span> <span class='ocrx_word' id='word_1_699' title='bbox 3121 4363 3378 4434; x_wconf 69' lang='lat' dir='ltr'><strong>praesenti</strong></span> <span class='ocrx_word' id='word_1_700' title='bbox 3432 4362 3618 4420; x_wconf 90' lang='lat' dir='ltr'><strong>decla-</strong></span> 
     </span>
    </p>
   </div>
   <div class='ocr_carea' id='block_1_98' title="bbox 2033 4453 3616 4531">
    <p class='ocr_par' dir='ltr' id='par_1_98' title="bbox 2033 4453 3616 4531">
     <span class='ocr_line' id='line_1_98' title="bbox 2033 4453 3616 4531; baseline -0.003 -16"><span class='ocrx_word' id='word_1_701' title='bbox 2033 4463 2301 4529; x_wconf 76' lang='lat' dir='ltr'><strong>ratz-post</strong></span> <span class='ocrx_word' id='word_1_702' title='bbox 2336 4455 2470 4511; x_wconf 88' lang='lat' dir='ltr'><strong>illud</strong></span> <span class='ocrx_word' id='word_1_703' title='bbox 2504 4455 2675 4520; x_wconf 89' lang='lat' dir='ltr'><strong>enim,</strong></span> <span class='ocrx_word' id='word_1_704' title='bbox 2700 4453 2806 4521; x_wconf 86' lang='lat' dir='ltr'><strong>Qui</strong></span> <span class='ocrx_word' id='word_1_705' title='bbox 2828 4454 2986 4524; x_wconf 78' lang='lat' dir='ltr'><strong>ﬁnxit</strong></span> <span class='ocrx_word' id='word_1_706' title='bbox 3016 4454 3295 4531; x_wconf 85' lang='lat' dir='ltr'><strong>sigillatim</strong></span> <span class='ocrx_word' id='word_1_707' title='bbox 3327 4454 3490 4511; x_wconf 88' lang='lat' dir='ltr'><strong>corda</strong></span> <span class='ocrx_word' id='word_1_708' title='bbox 3527 4471 3616 4511; x_wconf 84' lang='lat' dir='ltr'><strong>eo-</strong></span> 
     </span>
    </p>
   </div>
   <div class='ocr_carea' id='block_1_99' title="bbox 2034 4542 3610 4621">
    <p class='ocr_par' dir='ltr' id='par_1_99' title="bbox 2034 4542 3610 4621">
     <span class='ocr_line' id='line_1_99' title="bbox 2034 4542 3610 4621; baseline -0.001 -19"><span class='ocrx_word' id='word_1_709' title='bbox 2034 4563 2188 4621; x_wconf 82' lang='lat' dir='ltr'><strong>rum,</strong></span> <span class='ocrx_word' id='word_1_710' title='bbox 2225 4545 2445 4601; x_wconf 89' lang='lat' dir='ltr'><strong>additur</strong></span> <span class='ocrx_word' id='word_1_711' title='bbox 2466 4544 2591 4609; x_wconf 89' lang='lat' dir='ltr'><strong>hoc,</strong></span> <span class='ocrx_word' id='word_1_712' title='bbox 2624 4542 2728 4619; x_wconf 87' lang='lat' dir='ltr'><strong>Qui</strong></span> <span class='ocrx_word' id='word_1_713' title='bbox 2753 4542 3001 4621; x_wconf 71' lang='lat' dir='ltr'><strong>intelligit</strong></span> <span class='ocrx_word' id='word_1_714' title='bbox 3017 4545 3199 4616; x_wconf 79' lang='lat' dir='ltr'><strong>omnia</strong></span> <span class='ocrx_word' id='word_1_715' title='bbox 3227 4559 3384 4612; x_wconf 85' lang='lat' dir='ltr'><strong>opera</strong></span> <span class='ocrx_word' id='word_1_716' title='bbox 3410 4561 3610 4601; x_wconf 89' lang='lat' dir='ltr'><strong>eorum.</strong></span> 
     </span>
    </p>
   </div>
   <div class='ocr_carea' id='block_1_100' title="bbox 2036 4634 3616 4710">
    <p class='ocr_par' dir='ltr' id='par_1_100' title="bbox 2036 4634 3616 4710">
     <span class='ocr_line' id='line_1_100' title="bbox 2036 4634 3616 4710; baseline -0.001 -16"><span class='ocrx_word' id='word_1_717' title='bbox 2036 4639 2159 4710; x_wconf 82' lang='lat' dir='ltr'><strong>ipse</strong></span> <span class='ocrx_word' id='word_1_718' title='bbox 2185 4650 2421 4707; x_wconf 88' lang='lat' dir='ltr'><strong>namque</strong></span> <span class='ocrx_word' id='word_1_719' title='bbox 2451 4634 2602 4691; x_wconf 91' lang='lat' dir='ltr'><strong>solus</strong></span> <span class='ocrx_word' id='word_1_720' title='bbox 2632 4634 2887 4706; x_wconf 76' lang='lat' dir='ltr'><strong>intelligit</strong></span> <span class='ocrx_word' id='word_1_721' title='bbox 2912 4650 2977 4691; x_wconf 80' lang='lat' dir='ltr'><strong>ex</strong></span> <span class='ocrx_word' id='word_1_722' title='bbox 3012 4634 3319 4707; x_wconf 85' lang='lat' dir='ltr'><strong>cujusmodi</strong></span> <span class='ocrx_word' id='word_1_723' title='bbox 3347 4636 3616 4692; x_wconf 89' lang='lat' dir='ltr'><strong>electione</strong></span> 
     </span>
    </p>
   </div>
   <div class='ocr_carea' id='block_1_101' title="bbox 2035 4726 3616 4799">
    <p class='ocr_par' dir='ltr' id='par_1_101' title="bbox 2035 4726 3616 4799">
     <span class='ocr_line' id='line_1_101' title="bbox 2035 4726 3616 4799; baseline -0.001 -13"><span class='ocrx_word' id='word_1_724' title='bbox 2035 4729 2341 4786; x_wconf 74' lang='lat' dir='ltr'><strong>voluntatis</strong></span> <span class='ocrx_word' id='word_1_725' title='bbox 2387 4727 2674 4799; x_wconf 79' lang='lat' dir='ltr'><strong>hominum</strong></span> <span class='ocrx_word' id='word_1_726' title='bbox 2733 4739 2899 4797; x_wconf 89' lang='lat' dir='ltr'><strong>opera</strong></span> <span class='ocrx_word' id='word_1_727' title='bbox 2956 4726 3211 4790; x_wconf 90' lang='lat' dir='ltr'><strong>edantur,</strong></span> <span class='ocrx_word' id='word_1_728' title='bbox 3261 4734 3388 4780; x_wconf 67' lang='lat' dir='ltr'><strong>mm</strong></span> <span class='ocrx_word' id='word_1_729' title='bbox 3431 4726 3616 4784; x_wconf 85' lang='lat' dir='ltr'><strong>nullus</strong></span> 
     </span>
    </p>
   </div>
   <div class='ocr_carea' id='block_1_102' title="bbox 2037 4817 3616 4899">
    <p class='ocr_par' dir='ltr' id='par_1_102' title="bbox 2037 4817 3616 4899">
     <span class='ocr_line' id='line_1_102' title="bbox 2037 4817 3616 4899; baseline -0.002 -21"><span class='ocrx_word' id='word_1_730' title='bbox 2037 4823 2180 4899; x_wconf 72' lang='lat' dir='ltr'><strong>alius</strong></span> <span class='ocrx_word' id='word_1_731' title='bbox 2220 4820 2522 4892; x_wconf 74' lang='lat' dir='ltr'><strong>intelligere</strong></span> <span class='ocrx_word' id='word_1_732' title='bbox 2560 4819 2730 4891; x_wconf 84' lang='lat' dir='ltr'><strong>queat‘</strong></span> <span class='ocrx_word' id='word_1_733' title='bbox 2753 4834 2821 4873; x_wconf 83' lang='lat' dir='ltr'><strong>ex</strong></span> <span class='ocrx_word' id='word_1_734' title='bbox 2854 4819 3162 4891; x_wconf 88' lang='lat' dir='ltr'><strong>cujusmodi</strong></span> <span class='ocrx_word' id='word_1_735' title='bbox 3203 4817 3507 4889; x_wconf 88' lang='lat' dir='ltr'><strong>proposito,</strong></span> <span class='ocrx_word' id='word_1_736' title='bbox 3547 4833 3616 4875; x_wconf 77' lang='lat' dir='ltr'><strong>ex</strong></span> 
     </span>
    </p>
   </div>
   <div class='ocr_carea' id='block_1_103' title="bbox 2037 4903 3609 4990">
    <p class='ocr_par' dir='ltr' id='par_1_103' title="bbox 2037 4903 3609 4990">
     <span class='ocr_line' id='line_1_103' title="bbox 2037 4903 3609 4990; baseline -0.006 -17"><span class='ocrx_word' id='word_1_737' title='bbox 2037 4934 2148 4990; x_wconf 87' lang='lat' dir='ltr'><strong>quo</strong></span> <span class='ocrx_word' id='word_1_738' title='bbox 2173 4923 2323 4970; x_wconf 91' lang='lat' dir='ltr'><strong>motu</strong></span> <span class='ocrx_word' id='word_1_739' title='bbox 2344 4909 2649 4965; x_wconf 80' lang='lat' dir='ltr'><strong>voluntatis</strong></span> <span class='ocrx_word' id='word_1_740' title='bbox 2669 4908 2852 4979; x_wconf 83' lang='lat' dir='ltr'><strong>quivis</strong></span> <span class='ocrx_word' id='word_1_741' title='bbox 2882 4909 3162 4964; x_wconf 90' lang='lat' dir='ltr'><strong>hominum</strong></span> <span class='ocrx_word' id='word_1_742' title='bbox 3190 4903 3452 4980; x_wconf 40' lang='lat' dir='ltr'><strong>agat’quaa</strong></span> <span class='ocrx_word' id='word_1_743' title='bbox 3478 4908 3609 4979; x_wconf 87' lang='lat' dir='ltr'><strong>agit.</strong></span> 
     </span>
    </p>
   </div>
   <div class='ocr_carea' id='block_1_104' title="bbox 355 4998 3616 5095">
    <p class='ocr_par' dir='ltr' id='par_1_104' title="bbox 355 4998 3616 5095">
     <span class='ocr_line' id='line_1_104' title="bbox 355 4998 3616 5095; baseline -0.006 -15"><span class='ocrx_word' id='word_1_744' title='bbox 355 4998 586 5095; x_wconf 33' lang='grc' dir='ltr'><strong>ινα-ἔργα</strong></span> <span class='ocrx_word' id='word_1_745' title='bbox 609 5018 829 5076; x_wconf 83' lang='grc' dir='ltr'><em>αὐτῶν.</em></span> <span class='ocrx_word' id='word_1_746' title='bbox 856 5017 1035 5087; x_wconf 70' lang='grc' dir='ltr'><em>Μόνος</em></span> <span class='ocrx_word' id='word_1_747' title='bbox 1059 5013 1169 5085; x_wconf 78' lang='grc' dir='ltr'>γὰρ</span> <span class='ocrx_word' id='word_1_748' title='bbox 1195 5011 1355 5089; x_wconf 62' lang='lat' dir='ltr'><strong>absit;</strong></span> <span class='ocrx_word' id='word_1_749' title='bbox 1383 5009 1627 5084; x_wconf 78' lang='grc' dir='ltr'>συνίησιν</span> <span class='ocrx_word' id='word_1_750' title='bbox 1658 5011 1718 5086; x_wconf 66' lang='grc' dir='ltr'><strong>εξ</strong></span> <span class='ocrx_word' id='word_1_751' title='bbox 1748 5012 1939 5079; x_wconf 82' lang='grc' dir='ltr'>ὁποίας</span> <span class='ocrx_word' id='word_1_752' title='bbox 1973 5006 2347 5086; x_wconf 75' lang='grc' dir='ltr'>προαιρέσεως</span> <span class='ocrx_word' id='word_1_753' title='bbox 2375 5001 2446 5079; x_wconf 72' lang='grc' dir='ltr'><strong>’ςά</strong></span> <span class='ocrx_word' id='word_1_754' title='bbox 2473 5001 2581 5095; x_wconf 60' lang='grc' dir='ltr'><strong>τςῦν</strong></span> <span class='ocrx_word' id='word_1_755' title='bbox 2935 4998 3073 5095; x_wconf 46' lang='grc' dir='ltr'>ἔργα</span> <span class='ocrx_word' id='word_1_756' title='bbox 3117 5000 3467 5095; x_wconf 22' lang='grc' dir='ltr'>επιτεηλεζῖαι,</span> <span class='ocrx_word' id='word_1_757' title='bbox 3505 5017 3616 5073; x_wconf 84' lang='grc' dir='ltr'>μη·</span> 
     </span>
    </p>
   </div>
   <div class='ocr_carea' id='block_1_105' title="bbox 355 5090 3502 5181">
    <p class='ocr_par' dir='ltr' id='par_1_105' title="bbox 355 5090 3502 5181">
     <span class='ocr_line' id='line_1_105' title="bbox 355 5090 3502 5181; baseline -0.008 -10"><span class='ocrx_word' id='word_1_758' title='bbox 355 5090 501 5179; x_wconf 70' lang='grc' dir='ltr'>δενδς</span> <span class='ocrx_word' id='word_1_759' title='bbox 519 5090 684 5169; x_wconf 48' lang='grc' dir='ltr'>ἄλλον</span> <span class='ocrx_word' id='word_1_760' title='bbox 709 5108 1008 5181; x_wconf 82' lang='grc' dir='ltr'>δυναμένου</span> <span class='ocrx_word' id='word_1_761' title='bbox 1039 5105 1272 5160; x_wconf 87' lang='grc' dir='ltr'>συνιέναι</span> <span class='ocrx_word' id='word_1_762' title='bbox 1304 5102 1433 5173; x_wconf 77' lang='grc' dir='ltr'>ποίᾳ</span> <span class='ocrx_word' id='word_1_763' title='bbox 1457 5102 1712 5174; x_wconf 82' lang='grc' dir='ltr'>προθέσει</span> <span class='ocrx_word' id='word_1_764' title='bbox 1736 5104 1831 5157; x_wconf 84' lang='grc' dir='ltr'><strong>καὶ</strong></span> <span class='ocrx_word' id='word_1_765' title='bbox 1859 5107 2022 5179; x_wconf 66' lang='grc' dir='ltr'>ὁποίᾳ</span> <span class='ocrx_word' id='word_1_766' title='bbox 2049 5102 2194 5174; x_wconf 79' lang='grc' dir='ltr'>ὁρμῇ</span> <span class='ocrx_word' id='word_1_767' title='bbox 2218 5098 2446 5159; x_wconf 73' lang='grc' dir='ltr'>ἕκαστος</span> <span class='ocrx_word' id='word_1_768' title='bbox 2470 5092 2577 5147; x_wconf 89' lang='grc' dir='ltr'><strong>τῶν</strong></span> <span class='ocrx_word' id='word_1_769' title='bbox 2604 5090 2906 5165; x_wconf 76' lang='grc' dir='ltr'>ἀνθρώπιον</span> <span class='ocrx_word' id='word_1_770' title='bbox 2935 5090 3161 5161; x_wconf 84' lang='grc' dir='ltr'>πράττει</span> <span class='ocrx_word' id='word_1_771' title='bbox 3181 5091 3218 5148; x_wconf 75' lang='grc' dir='ltr'>ἃ</span> <span class='ocrx_word' id='word_1_772' title='bbox 3252 5092 3502 5165; x_wconf 83' lang='grc' dir='ltr'>πράττει.</span> 
     </span>
    </p>
   </div>
   <div class='ocr_carea' id='block_1_106' title="bbox 426 5197 1927 5272">
    <p class='ocr_par' dir='ltr' id='par_1_106' title="bbox 426 5197 1927 5272">
     <span class='ocr_line' id='line_1_106' title="bbox 426 5197 1927 5272; baseline -0.007 -6"><span class='ocrx_word' id='word_1_773' title='bbox 426 5214 512 5268; x_wconf 73' lang='grc' dir='ltr'><strong>Οὐ</strong></span> <span class='ocrx_word' id='word_1_774' title='bbox 541 5200 786 5272; x_wconf 77' lang='grc' dir='ltr'><em>σώζεται</em></span> <span class='ocrx_word' id='word_1_775' title='bbox 821 5201 1120 5271; x_wconf 82' lang='grc' dir='ltr'><em>,βασιλεὺς</em></span> <span class='ocrx_word' id='word_1_776' title='bbox 1142 5198 1242 5254; x_wconf 86' lang='grc' dir='ltr'><strong>διὰ</strong></span> <span class='ocrx_word' id='word_1_777' title='bbox 1264 5197 1509 5269; x_wconf 76' lang='grc' dir='ltr'><em>πολλὴν</em></span> <span class='ocrx_word' id='word_1_778' title='bbox 1528 5199 1805 5269; x_wconf 79' lang='grc' dir='ltr'><em>δύναμιν,</em></span> <span class='ocrx_word' id='word_1_779' title='bbox 1825 5201 1927 5255; x_wconf 79' lang='grc' dir='ltr'><em>καὶ</em></span> 
     </span>
    </p>
   </div>
   <div class='ocr_carea' id='block_1_107' title="bbox 358 5289 1925 5379">
    <p class='ocr_par' dir='ltr' id='par_1_107' title="bbox 358 5289 1925 5379">
     <span class='ocr_line' id='line_1_107' title="bbox 358 5289 1925 5379; baseline -0.005 -23"><span class='ocrx_word' id='word_1_780' title='bbox 358 5306 527 5379; x_wconf 73' lang='grc' dir='ltr'><em>τίτας</em></span> <span class='ocrx_word' id='word_1_781' title='bbox 578 5303 650 5357; x_wconf 90' lang='grc' dir='ltr'><strong>οὐ</strong></span> <span class='ocrx_word' id='word_1_782' title='bbox 691 5297 1027 5365; x_wconf 86' lang='grc' dir='ltr'><em>σωθήσεται</em></span> <span class='ocrx_word' id='word_1_783' title='bbox 1079 5289 1150 5349; x_wconf 74' lang='grc' dir='ltr'><em>ἐν</em></span> <span class='ocrx_word' id='word_1_784' title='bbox 1184 5291 1400 5362; x_wconf 77' lang='grc' dir='ltr'><em>πλήθει</em></span> <span class='ocrx_word' id='word_1_785' title='bbox 1451 5291 1666 5359; x_wconf 73' lang='grc' dir='ltr'><em>ἰσχύος</em></span> <span class='ocrx_word' id='word_1_786' title='bbox 1716 5293 1925 5348; x_wconf 82' lang='grc' dir='ltr'><em>αὐτοῦ.</em></span> 
     </span>
    </p>
   </div>
   <div class='ocr_carea' id='block_1_108' title="bbox 362 5383 1930 5465">
    <p class='ocr_par' dir='ltr' id='par_1_108' title="bbox 362 5383 1930 5465">
     <span class='ocr_line' id='line_1_108' title="bbox 362 5383 1930 5465; baseline -0.014 -13"><span class='ocrx_word' id='word_1_787' title='bbox 362 5393 600 5465; x_wconf 66' lang='grc' dir='ltr'><strong>Ψωδὴς</strong></span> <span class='ocrx_word' id='word_1_788' title='bbox 622 5394 809 5460; x_wconf 78' lang='grc' dir='ltr'><em>ἵππος</em></span> <span class='ocrx_word' id='word_1_789' title='bbox 839 5392 927 5458; x_wconf 81' lang='grc' dir='ltr'><em>εις</em></span> <span class='ocrx_word' id='word_1_790' title='bbox 955 5386 1272 5456; x_wconf 81' lang='grc' dir='ltr'><em>σωτηρίαν·</em></span> <span class='ocrx_word' id='word_1_791' title='bbox 1312 5385 1384 5440; x_wconf 78' lang='grc' dir='ltr'><em>ἐν</em></span> <span class='ocrx_word' id='word_1_792' title='bbox 1415 5383 1483 5437; x_wconf 87' lang='grc' dir='ltr'><strong>δὲ</strong></span> <span class='ocrx_word' id='word_1_793' title='bbox 1503 5383 1721 5452; x_wconf 82' lang='grc' dir='ltr'><em>πλήθει</em></span> <span class='ocrx_word' id='word_1_794' title='bbox 1744 5385 1930 5441; x_wconf 80' lang='grc' dir='ltr'><em>δυνά.</em></span> 
     </span>
    </p>
   </div>
   <div class='ocr_carea' id='block_1_109' title="bbox 355 5473 1933 5559">
    <p class='ocr_par' dir='ltr' id='par_1_109' title="bbox 355 5473 1933 5559">
     <span class='ocr_line' id='line_1_109' title="bbox 355 5473 1933 5559; baseline -0.008 -17"><span class='ocrx_word' id='word_1_795' title='bbox 355 5504 509 5559; x_wconf 83' lang='grc' dir='ltr'><em>μεως</em></span> <span class='ocrx_word' id='word_1_796' title='bbox 550 5483 735 5540; x_wconf 86' lang='grc' dir='ltr'><em>αὐτοῦ</em></span> <span class='ocrx_word' id='word_1_797' title='bbox 789 5482 863 5538; x_wconf 77' lang='grc' dir='ltr'><strong>οὐ</strong></span> <span class='ocrx_word' id='word_1_798' title='bbox 919 5475 1275 5546; x_wconf 83' lang='grc' dir='ltr'><em>σωθήσεται.</em></span> <span class='ocrx_word' id='word_1_799' title='bbox 1336 5473 1484 5530; x_wconf 84' lang='grc' dir='ltr'><strong>Ἰδοὺ</strong></span> <span class='ocrx_word' id='word_1_800' title='bbox 1535 5478 1589 5531; x_wconf 87' lang='lat' dir='ltr'><strong>ol</strong></span> <span class='ocrx_word' id='word_1_801' title='bbox 1638 5475 1933 5546; x_wconf 71' lang='grc' dir='ltr'><em>ὀφθαλμοὶ</em></span> 
     </span>
    </p>
   </div>
   <div class='ocr_carea' id='block_1_110' title="bbox 281 5564 1932 5665">
    <p class='ocr_par' dir='ltr' id='par_1_110' title="bbox 281 5564 1932 5665">
     <span class='ocr_line' id='line_1_110' title="bbox 281 5564 1932 5665; baseline -0.01 -28"><span class='ocrx_word' id='word_1_802' title='bbox 281 5616 290 5624; x_wconf 86' lang='grc'><strong><em>-</em></strong></span> <span class='ocrx_word' id='word_1_803' title='bbox 358 5564 579 5665; x_wconf 61' lang='grc' dir='ltr'><strong>ζςυρίου</strong></span> <span class='ocrx_word' id='word_1_804' title='bbox 623 5577 723 5634; x_wconf 79' lang='grc' dir='ltr'><strong>ἐπὶ</strong></span> <span class='ocrx_word' id='word_1_805' title='bbox 741 5575 885 5644; x_wconf 88' lang='grc' dir='ltr'><em>τοὺς</em></span> <span class='ocrx_word' id='word_1_806' title='bbox 906 5570 1315 5646; x_wconf 78' lang='grc' dir='ltr'><em>φοϐουμένους</em></span> <span class='ocrx_word' id='word_1_807' title='bbox 1346 5568 1554 5635; x_wconf 83' lang='grc' dir='ltr'><em>αὑτὸν,</em></span> <span class='ocrx_word' id='word_1_808' title='bbox 1589 5567 1729 5636; x_wconf 87' lang='grc' dir='ltr'><em>τοὺς</em></span> <span class='ocrx_word' id='word_1_809' title='bbox 1763 5570 1932 5625; x_wconf 81' lang='grc' dir='ltr'><em>ἐλπί-</em></span> 
     </span>
    </p>
   </div>
   <div class='ocr_carea' id='block_1_111' title="bbox 2101 5186 3613 5259">
    <p class='ocr_par' dir='ltr' id='par_1_111' title="bbox 2101 5186 3613 5259">
     <span class='ocr_line' id='line_1_111' title="bbox 2101 5186 3613 5259; baseline -0.009 -5"><span class='ocrx_word' id='word_1_810' title='bbox 2101 5196 2273 5253; x_wconf 77' lang='lat' dir='ltr'><strong>Vttns.</strong></span> <span class='ocrx_word' id='word_1_811' title='bbox 2304 5189 2422 5248; x_wconf 71' lang='lat'><strong>16-</strong></span> <span class='ocrx_word' id='word_1_812' title='bbox 2454 5189 2543 5245; x_wconf 79' lang='grc'><strong>19.</strong></span> <span class='ocrx_word' id='word_1_813' title='bbox 2575 5187 2701 5243; x_wconf 86' lang='lat' dir='ltr'><strong>Non</strong></span> <span class='ocrx_word' id='word_1_814' title='bbox 2745 5187 3040 5244; x_wconf 82' lang='lat' dir='ltr'><strong>salvabitur</strong></span> <span class='ocrx_word' id='word_1_815' title='bbox 3082 5202 3175 5241; x_wconf 70' lang='lat' dir='ltr'><strong>rem</strong></span> <span class='ocrx_word' id='word_1_816' title='bbox 3235 5203 3331 5259; x_wconf 83' lang='lat' dir='ltr'><strong>per</strong></span> <span class='ocrx_word' id='word_1_817' title='bbox 3386 5186 3613 5241; x_wconf 86' lang='lat' dir='ltr'><strong>multam</strong></span> 
     </span>
    </p>
   </div>
   <div class='ocr_carea' id='block_1_112' title="bbox 2030 5277 3613 5353">
    <p class='ocr_par' dir='ltr' id='par_1_112' title="bbox 2030 5277 3613 5353">
     <span class='ocr_line' id='line_1_112' title="bbox 2030 5277 3613 5353; baseline -0.011 -4"><span class='ocrx_word' id='word_1_818' title='bbox 2030 5294 2309 5353; x_wconf 74' lang='lat' dir='ltr'><strong>virtutem,</strong></span> <span class='ocrx_word' id='word_1_819' title='bbox 2360 5294 2412 5339; x_wconf 91' lang='lat' dir='ltr'><strong>et</strong></span> <span class='ocrx_word' id='word_1_820' title='bbox 2441 5284 2588 5353; x_wconf 80' lang='lat' dir='ltr'><strong>gigas</strong></span> <span class='ocrx_word' id='word_1_821' title='bbox 2663 5296 2766 5336; x_wconf 89' lang='lat' dir='ltr'><strong>non</strong></span> <span class='ocrx_word' id='word_1_822' title='bbox 2817 5277 3113 5335; x_wconf 76' lang='lat' dir='ltr'><strong>salvabitur</strong></span> <span class='ocrx_word' id='word_1_823' title='bbox 3163 5279 3216 5331; x_wconf 87' lang='lat' dir='ltr'><strong>in</strong></span> <span class='ocrx_word' id='word_1_824' title='bbox 3275 5277 3613 5333; x_wconf 81' lang='lat' dir='ltr'><strong>multitudine</strong></span> 
     </span>
    </p>
   </div>
   <div class='ocr_carea' id='block_1_113' title="bbox 2035 5367 3612 5451">
    <p class='ocr_par' dir='ltr' id='par_1_113' title="bbox 2035 5367 3612 5451">
     <span class='ocr_line' id='line_1_113' title="bbox 2035 5367 3612 5451; baseline -0.01 -10"><span class='ocrx_word' id='word_1_825' title='bbox 2035 5384 2243 5443; x_wconf 80' lang='lat' dir='ltr'><strong>uirtutis</strong></span> <span class='ocrx_word' id='word_1_826' title='bbox 2268 5394 2399 5436; x_wconf 64' lang='lat' dir='ltr'><strong>suae.</strong></span> <span class='ocrx_word' id='word_1_827' title='bbox 2426 5373 2628 5451; x_wconf 70' lang='lat' dir='ltr'><strong>Fallax</strong></span> <span class='ocrx_word' id='word_1_828' title='bbox 2650 5388 2811 5443; x_wconf 88' lang='lat' dir='ltr'><strong>equus</strong></span> <span class='ocrx_word' id='word_1_829' title='bbox 2834 5369 2904 5424; x_wconf 85' lang='lat' dir='ltr'><strong>ad</strong></span> <span class='ocrx_word' id='word_1_830' title='bbox 2925 5368 3151 5424; x_wconf 85' lang='lat' dir='ltr'><strong>salutem</strong></span> <span class='ocrx_word' id='word_1_831' title='bbox 3169 5410 3184 5434; x_wconf 95' lang='lat'><strong>,</strong></span> <span class='ocrx_word' id='word_1_832' title='bbox 3208 5369 3262 5423; x_wconf 87' lang='lat' dir='ltr'><strong>in</strong></span> <span class='ocrx_word' id='word_1_833' title='bbox 3284 5367 3612 5426; x_wconf 85' lang='lat' dir='ltr'><strong>abundantia</strong></span> 
     </span>
    </p>
   </div>
   <div class='ocr_carea' id='block_1_114' title="bbox 2038 5458 3611 5532">
    <p class='ocr_par' dir='ltr' id='par_1_114' title="bbox 2038 5458 3611 5532">
     <span class='ocr_line' id='line_1_114' title="bbox 2038 5458 3611 5532; baseline -0.01 1"><span class='ocrx_word' id='word_1_834' title='bbox 2038 5486 2215 5532; x_wconf 89' lang='lat' dir='ltr'><strong>autem</strong></span> <span class='ocrx_word' id='word_1_835' title='bbox 2236 5469 2445 5528; x_wconf 78' lang='lat' dir='ltr'><strong>virtutis</strong></span> <span class='ocrx_word' id='word_1_836' title='bbox 2468 5482 2581 5523; x_wconf 69' lang='lat' dir='ltr'><strong>suae</strong></span> <span class='ocrx_word' id='word_1_837' title='bbox 2603 5481 2704 5520; x_wconf 85' lang='lat' dir='ltr'><strong>non</strong></span> <span class='ocrx_word' id='word_1_838' title='bbox 2728 5460 3043 5517; x_wconf 82' lang='lat' dir='ltr'><strong>salvabitur.</strong></span> <span class='ocrx_word' id='word_1_839' title='bbox 3070 5458 3205 5517; x_wconf 86' lang='lat' dir='ltr'><strong>Ecce</strong></span> <span class='ocrx_word' id='word_1_840' title='bbox 3229 5460 3369 5515; x_wconf 90' lang='lat' dir='ltr'><strong>oculi</strong></span> <span class='ocrx_word' id='word_1_841' title='bbox 3397 5458 3611 5517; x_wconf 76' lang='lat' dir='ltr'><strong>Domini</strong></span> 
     </span>
    </p>
   </div>
   <div class='ocr_carea' id='block_1_115' title="bbox 2039 5554 3613 5637">
    <p class='ocr_par' dir='ltr' id='par_1_115' title="bbox 2039 5554 3613 5637">
     <span class='ocr_line' id='line_1_115' title="bbox 2039 5554 3613 5637; baseline -0.008 -14"><span class='ocrx_word' id='word_1_842' title='bbox 2039 5583 2194 5637; x_wconf 83' lang='lat' dir='ltr'><strong>super</strong></span> <span class='ocrx_word' id='word_1_843' title='bbox 2226 5569 2510 5620; x_wconf 84' lang='lat' dir='ltr'><strong>metuentes</strong></span> <span class='ocrx_word' id='word_1_844' title='bbox 2533 5573 2681 5624; x_wconf 90' lang='lat' dir='ltr'><strong>eum,</strong></span> <span class='ocrx_word' id='word_1_845' title='bbox 2713 5564 2762 5611; x_wconf 90' lang='lat' dir='ltr'><strong>et</strong></span> <span class='ocrx_word' id='word_1_846' title='bbox 2792 5554 2846 5609; x_wconf 89' lang='lat' dir='ltr'><strong>in</strong></span> <span class='ocrx_word' id='word_1_847' title='bbox 2874 5554 2950 5610; x_wconf 88' lang='lat' dir='ltr'><strong>eis</strong></span> <span class='ocrx_word' id='word_1_848' title='bbox 2978 5555 3069 5626; x_wconf 88' lang='lat' dir='ltr'><strong>qui</strong></span> <span class='ocrx_word' id='word_1_849' title='bbox 3092 5562 3305 5626; x_wconf 87' lang='lat' dir='ltr'><strong>sperant</strong></span> <span class='ocrx_word' id='word_1_850' title='bbox 3326 5570 3481 5625; x_wconf 87' lang='lat' dir='ltr'><strong>super</strong></span> <span class='ocrx_word' id='word_1_851' title='bbox 3508 5555 3613 5612; x_wconf 80' lang='lat' dir='ltr'><strong>mi-</strong></span> 
     </span>
    </p>
   </div>
   <div class='ocr_carea' id='block_1_116' title="bbox 448 5756 1923 5858">
    <p class='ocr_par' dir='ltr' id='par_1_116' title="bbox 448 5769 1923 5857">
     <span class='ocr_line' id='line_1_116' title="bbox 448 5769 1923 5857; baseline -0.01 -14"><span class='ocrx_word' id='word_1_852' title='bbox 448 5783 633 5846; x_wconf 61' lang='lat' dir='ltr'><strong>?Psal.</strong></span> <span class='ocrx_word' id='word_1_853' title='bbox 664 5797 789 5857; x_wconf 72' lang='lat' dir='ltr'><strong>cvi,</strong></span> <span class='ocrx_word' id='word_1_854' title='bbox 814 5782 907 5841; x_wconf 71' lang='lat'><strong>20.</strong></span> <span class='ocrx_word' id='word_1_855' title='bbox 981 5780 1015 5850; x_wconf 64' lang='grc'><strong>⁸,</strong></span> <span class='ocrx_word' id='word_1_856' title='bbox 1043 5778 1241 5838; x_wconf 74' lang='lat' dir='ltr'><strong>Cenes.</strong></span> <span class='ocrx_word' id='word_1_857' title='bbox 1279 5788 1319 5841; x_wconf 84' lang='grc' dir='ltr'>ι,</span> <span class='ocrx_word' id='word_1_858' title='bbox 1354 5773 1446 5843; x_wconf 75' lang='grc'>26,</span> <span class='ocrx_word' id='word_1_859' title='bbox 1482 5774 1571 5828; x_wconf 74' lang='grc' dir='ltr'><strong>Ξῖ.</strong></span> <span class='ocrx_word' id='word_1_860' title='bbox 1651 5773 1671 5805; x_wconf 80' lang='grc'>⁸</span> <span class='ocrx_word' id='word_1_861' title='bbox 1712 5769 1755 5826; x_wconf 84' lang='grc' dir='ltr'><strong>ιι</strong></span> <span class='ocrx_word' id='word_1_862' title='bbox 1791 5770 1923 5827; x_wconf 79' lang='lat' dir='ltr'><strong>Cor.</strong></span> 
     </span>
    </p>
   </div>
   <div class='ocr_carea' id='block_1_117' title="bbox 2029 5756 3199 5858">
    <p class='ocr_par' dir='ltr' id='par_1_117' title="bbox 2029 5756 3199 5839">
     <span class='ocr_line' id='line_1_117' title="bbox 2029 5756 3199 5839; baseline -0.009 -15"><span class='ocrx_word' id='word_1_863' title='bbox 2029 5766 2166 5839; x_wconf 72' lang='lat' dir='ltr'><strong>,il.</strong></span> <span class='ocrx_word' id='word_1_864' title='bbox 2245 5765 2265 5797; x_wconf 81' lang='lat'><em>’</em></span> <span class='ocrx_word' id='word_1_865' title='bbox 2302 5762 2462 5822; x_wconf 82' lang='lat' dir='ltr'><strong>Joan.</strong></span> <span class='ocrx_word' id='word_1_866' title='bbox 2497 5775 2577 5829; x_wconf 82' lang='grc' dir='ltr'><strong>ιι,</strong></span> <span class='ocrx_word' id='word_1_867' title='bbox 2614 5759 2704 5817; x_wconf 73' lang='lat'><strong>9.5.</strong></span> <span class='ocrx_word' id='word_1_868' title='bbox 2784 5759 2808 5794; x_wconf 82' lang='grc'><strong><em>⁸</em></strong></span> <span class='ocrx_word' id='word_1_869' title='bbox 2849 5758 2984 5816; x_wconf 88' lang='lat' dir='ltr'><strong>Luc.</strong></span> <span class='ocrx_word' id='word_1_870' title='bbox 3014 5771 3107 5828; x_wconf 75' lang='lat' dir='ltr'><strong>vx,</strong></span> <span class='ocrx_word' id='word_1_871' title='bbox 3141 5756 3199 5816; x_wconf 85' lang='lat'><strong>8.</strong></span> 
     </span>
    </p>
   </div>
  </div>
