4100 6386
500 311 606 368 287

1121 306 1389 365 EUSEBII
1426 306 1902 363 CESARKENSIS
1935 306 2086 364 OPP.
2126 306 2308 364 PARS
2369 308 2458 365 Ill.
2497 338 2569 352 —
2604 309 3016 371 EXEGETICA.

3622 318 3729 376 288

499 422 788 480 sericordia
818 437 957 491 ejus,
1000 430 1057 474 ut
1089 432 1247 475 eruat
1280 438 1313 475 ιι
1338 430 1506 475 morte
1539 421 1747 474 animus
1773 435 1952 474 eorum
1971 458 1987 482 ,
2015 429 2057 472 et

2166 416 2374 489 ζοντας
2394 422 2493 476 ἐπὶ
2518 423 2584 478 τὸ
2617 424 2791 493 ἕλεος
2818 428 3025 495 αὐτοῦ,
3050 431 3357 500 ῥύσασθαι
3377 430 3447 485 ἐκ
3485 433 3749 491 θανάτου

497 521 611 573 alat
645 532 734 572 eos
772 515 827 569 in
868 515 1033 584 fame.
1073 512 1266 575 lsthagc
1303 511 1748 583 supradictorum
1788 511 2072 568 sententiae

495 608 789 662 cohazrent.
824 603 1018 660 Sermo
1045 618 1282 675 namque
1312 610 1600 675 postquam
1643 618 1836 659 omnes
1876 601 1970 673 qui
2012 601 2068 655 in

493 707 640 755 terra
669 706 797 754 sunt
831 698 1080 753 homines
1126 697 1195 756 ad
1242 696 1336 753 Dei
1367 697 1618 752 timorem
1653 697 1907 767 superius
1940 709 2073 749 evo-

492 792 638 847 cavit
665 790 753 848 his
782 790 990 854 verbis,
1014 788 1220 844 Timeat
1253 788 1532 843 Dominum
1561 789 1729 844 omnis
1761 797 1941 851 terra;
1974 786 2071 842 de-

493 885 621 939 inde
666 890 726 937 ut
776 883 989 937 animos
1040 880 1303 943 adderet,
1347 896 1417 936 ne
1457 881 1639 935 animo
1680 879 1975 935 deﬁcerent
2004 894 2070 934 ac

492 975 915 1030 reformidarent
940 972 1356 1043 persecutiones
1381 972 1712 1027 obventuras
1731 1013 1746 1040 ,
1773 979 1898 1026 ante
1926 970 2072 1041 adje-

493 1078 672 1134 cerat,
700 1069 958 1124 Dominus
983 1068 1208 1137 dissipat
1231 1066 1456 1121 consilia
1477 1066 1709 1136 gentium
1726 1105 1742 1129 ,
1764 1072 1818 1121 et
1844 1073 2064 1123 caetera.

491 1160 679 1216 Eidem
714 1161 878 1231 igitur
907 1158 1194 1215 sententiae
1222 1157 1488 1214 insistens
1520 1157 1574 1212 in
1606 1158 1861 1228 superius
1891 1158 2069 1212 allatis

492 1256 568 1311 ait
598 1298 610 1309 .
641 1252 945 1320 Conﬁdite,
973 1267 1071 1307 vos
1103 1267 1296 1307 omnes
1333 1251 1401 1306 ad
1435 1265 1574 1322 quos
1607 1265 1789 1305 sermo
1812 1250 2065 1306 vertitur.

492 1347 551 1404 Si
599 1347 786 1418 itaque
828 1346 898 1401 ad
945 1346 1094 1400 hunc
1138 1345 1388 1399 timorem
1442 1342 1827 1405 accesseritis,
1879 1343 2075 1405 oculos

489 1441 611 1511 ejus
654 1440 877 1511 vimque
909 1438 1060 1494 illius
1092 1436 1468 1508 perspicacem
1499 1436 1656 1493 vobis
1687 1434 2067 1505 providentem

488 1530 810 1586 obtinebitis
832 1571 846 1593 ,
885 1544 1008 1600 quae
1048 1544 1146 1585 vos
1176 1528 1245 1582 ab
1273 1527 1529 1593 omnibus
1565 1527 1805 1593 inimicis
1833 1541 1897 1586 ac
1932 1526 2068 1581 insi-

486 1624 795 1680 diatoribus
823 1624 1101 1679 liberabit.
1134 1621 1269 1676 Ecce
1300 1635 1537 1692 namque
1568 1618 1708 1673 oculi
1739 1616 1950 1671 Domini
1974 1633 2068 1671 su-

482 1732 576 1787 per
608 1726 895 1772 metuentes
927 1733 1046 1770 eum
1067 1755 1083 1780 ,
1115 1716 1206 1786 qui
1237 1721 1451 1782 sperant
1499 1727 1656 1779 super
1696 1707 2065 1768 misericordia

2171 512 2279 579 τὰς
2301 513 2508 583 ψυχὰς
2532 516 2750 581 αὐτῶν,
2775 520 2873 574 καὶ
2901 520 3213 591 διαθρέψαι
3237 522 3458 590 αὐτοὺς
3476 525 3547 578 ἐν
3568 526 3744 596 λιμῷ.

2175 604 2398 675 Ἐχεται
2433 609 2530 677 τῆς
2556 606 2662 660 τῶν
2689 610 3129 683 προλελεγμένων
3169 615 3407 679 διανοίας
3425 616 3494 670 τὰ
3524 618 3748 689 προκεί-

2174 712 2330 765 μενα.
2358 698 2704 766 Συγκαλέσας
2725 702 2831 773 γὰρ
2850 705 2878 756 ὁ
2909 704 3066 774 λόγος
3105 708 3310 773 πάντας
3337 712 3463 774 τοὺς
3521 712 3615 765 ἐπὶ
3645 717 3750 788 γῆς

2171 790 2491 878 ἀνθριῦπους
2545 794 2637 847 ἐπὶ
2686 796 2774 849 τὸν
2804 798 2965 866 φόϐον
3002 799 3096 853 τοῦ
3130 802 3262 855 Θεοῦ
3289 804 3375 859 διὰ
3416 805 3510 858 τοῦ
3559 824 3749 878 προει-

2170 884 2312 947 πεῖνο
2342 885 2654 952 Φοϐηθήτω
2686 888 2793 941 τὸν
2837 892 3056 958 Κύριον
3080 892 3249 947 πᾶσα
3272 898 3310 964 ἠ
3351 896 3449 966 γῆο
3500 895 3618 955 εἶτα
3644 917 3750 956 πα-

2172 974 2519 1047 ραθαρρύνας
2551 978 2624 1050 μὴ
2657 980 2893 1052 ἀγωνιᾷν
2928 983 3061 1056 μηδὲ
3121 986 3399 1055 φοϐεῖσθαι
3459 990 3584 1055 τοὺς
3618 993 3746 1063 μέλ-

2170 1066 2359 1133 λοντας
2396 1070 2785 1125 ἐπανίστασθαι
2847 1076 3029 1139 αὐτοῖς
3076 1078 3369 1149 διωγμοὺς,
3404 1084 3605 1156 συνῆψε
3659 1087 3749 1143 διὰ

2168 1160 2278 1215 τῶν
2316 1162 2624 1234 ἔμπροσθεν
2688 1164 2771 1217 “:6-
2829 1167 3043 1235 Κύριος
3091 1170 3462 1236 διασκεδάζει
3505 1179 3748 1247 βουλὰς
3832 1184 3839 1193 ’

2169 1252 2379 1317 ἐθνῶν,
2410 1254 2505 1308 καὶ
2533 1253 2599 1306 τὰ
2622 1251 2769 1325 ἑξῆς.
2803 1255 2916 1326 Τῆς
2945 1253 3038 1311 οὖν
3069 1261 3240 1332 αὐτῆς
3290 1263 3527 1330 διανοίας
3558 1269 3750 1339 ἐχόμε-

2170 1363 2258 1410 νος
2283 1349 2376 1401 καὶ
2407 1348 2495 1403 διὰ
2524 1350 2634 1402 τῶν
2663 1354 3036 1423 προκειμένων
3089 1358 3239 1426 φησί’
3275 1357 3560 1432 Θαρσεῖτε.
3609 1364 3748 1417 πάν-

2169 1456 2259 1502 τες
2284 1441 2439 1511 ὑμεῖς
2466 1443 2603 1513 πρὸς
2634 1444 2774 1515 οὓςδ
2794 1446 2966 1515 λόγος.
3000 1450 3060 1502 Et
3110 1450 3241 1519 γοῦν
3295 1454 3640 1524 προσέλθοιτε
3670 1458 3748 1529 τῷ

2170 1532 2332 1585 αὐτοῦ
2366 1534 2533 1605 φόϐῳ,
2558 1535 2708 1601 ἕξετε
2727 1540 2852 1602 τοὺς
2873 1540 3036 1594 αὐτοῦ
3065 1542 3375 1614 ὀφθαλμοὺς
3401 1546 3493 1599 καὶ
3513 1549 3613 1616 τὴν
3641 1548 3750 1605 διο-

2173 1620 2397 1692 ρατικὴν
2424 1623 2588 1677 αὑτοῦ
2608 1624 2833 1697 δύναμιν
2869 1632 3270 1686 ἐπισκοποῦσαν
3296 1635 3460 1699 ὑμᾶς,
3493 1640 3586 1692 καὶ
3615 1640 3752 1697 πάν-

2168 1729 2273 1765 των
2301 1714 2509 1785 ἐχθρῶν
2539 1718 2630 1770 καὶ
2686 1714 2983 1777 ἐπιϐούλων
3039 1726 3327 1798 ῥυομένην.
3379 1727 3532 1783 Ἰδοὺ
3555 1730 3664 1802 γὰρ
3695 1735 3753 1788 οι

483 1807 635 1878 ejus,
682 1818 742 1862 ut
785 1817 934 1861 eruat
986 1824 1019 1861 a
1061 1815 1230 1871 morte
1279 1806 1488 1859 animas
1528 1818 1732 1858 eorum.
1773 1799 1910 1854 Nam
1945 1801 2057 1862 sine

2170 1804 2463 1874 ὀφθαλμοὶ
2491 1810 2713 1875 Kvpt'ov
2762 1811 2862 1865 ἐπὶ
2916 1815 3057 1885 τοὺς
3105 1821 3515 1887 φοϐουμέιόυς
3541 1799 3749 1890 αὐτὸν,

481 1898 660 1961 oculis
686 1898 780 1958 Dei
811 1899 959 1952 nulla
993 1897 1187 1953 salutis
1229 1911 1360 1967 spes
1405 1901 1524 1960 est,
1567 1909 1636 1948 ne
1679 1891 1901 1962 quidem
1943 1891 2058 1961 regi

481 1989 539 2045 in
572 1991 794 2046 militari
825 1996 1097 2061 potestate
1134 1988 1319 2043 ﬁdenti
1350 2005 1365 2055 ;
1400 2003 1514 2041 non
1558 1985 1765 2056 giganti
1811 1984 1867 2039 in
1910 1984 2058 2039 mul-

480 2078 717 2137 titudinc
767 2081 987 2136 virtutis
1025 2087 1081 2141 et
1128 2076 1467 2141 fortitudinis
1515 2075 1898 2146 superhienti;
1946 2090 2056 2129 non

481 2187 627 2243 equo
682 2172 959 2227 velocitati
1019 2170 1221 2241 pedum
1280 2167 1602 2223 conﬁdenti.
1678 2165 1805 2222 Haec
1859 2167 2062 2237 quippe

479 2260 668 2316 omnia
697 2259 948 2328 decipere
980 2260 1158 2315 solent
1179 2298 1195 2322 ,
1232 2259 1421 2314 fallere
1455 2259 1583 2313 item
1630 2263 1687 2311 et
1728 2257 1783 2310 in
1815 2270 2058 2312 errorem

480 2349 743 2407 inducere
772 2365 866 2405 eos
895 2350 987 2420 qui
1038 2350 1094 2404 in
1140 2350 1335 2405 iisdem
1375 2364 1526 2419 spem
1564 2349 1787 2403 habent.
1823 2346 1929 2401 Sed
1959 2362 2065 2407 vos

480 2442 739 2500 conﬁdite
766 2442 858 2512 qui
889 2439 1177 2495 Dominum
1206 2441 1473 2495 invocatis
1495 2480 1512 2502 ,
1542 2439 1773 2511 ejusque
1807 2438 2057 2493 timorem

479 2532 879 2601 assumpsistis.
909 2532 1150 2593 Consilia
1179 2532 1421 2603 gentium
1449 2545 1518 2586 ne
1542 2530 1912 2586 reformidetis
1935 2544 2060 2601 quae

479 2621 745 2680 Dominus
807 2623 1082 2694 dissipat,
1140 2637 1243 2678 nec
1302 2622 1666 2694 cogitationes
1725 2623 2053 2693 populorum

474 2731 598 2789 quae
640 2730 670 2770 a
720 2718 830 2771 Deo
879 2716 1048 2770 irritae
1089 2714 1422 2780 elﬁciuntur,
1471 2730 1575 2771 nec
1612 2716 1847 2770 consilia
1903 2716 2057 2786 prin:

474 2813 657 2875 eipum
715 2822 837 2877 qua:
882 2806 1017 2877 ipse
1077 2806 1388 2867 subvertit,
1448 2805 1560 2859 imo
1626 2821 1806 2879 neque
1869 2819 2055 2876 regem

474 2897 660 2954 manui
703 2896 930 2952 militari
978 2896 1263 2961 innixum,
1307 2910 1487 2965 neque
1530 2896 1805 2965 gigantem
1839 2895 2056 2949 fortitu-

473 2989 601 3046 dine
631 3005 697 3045 ac
724 2990 936 3045 viribus
965 2989 1248 3059 corporeis
1274 2996 1595 3043 tumentem.
1622 2988 1688 3042 Et
1710 3003 1834 3043 cum
1863 2992 2059 3058 ingens

472 3080 790 3154 praesidium
810 3121 825 3147 ,
855 3080 1111 3137 videlicet
1135 3081 1494 3151 providentiae
1523 3082 1696 3151 ipsius
1725 3081 1917 3135 oculos
1949 3081 2050 3134 ob-

2166 1894 2307 1960 τοὺς
2333 1896 2682 1966 ἐλπίζοντας
2734 1902 2832 1955 ἐπὶ
2891 1904 2957 1957 τὸ
3000 1906 3171 1974 ἕλεος
3202 1907 3410 1973 αὑτοῦ,
3443 1912 3753 1977 ῥύσασθαι

2166 1988 2233 2040 ἐκ
2265 1990 2523 2045 θανάτου
2557 1992 2665 2061 τὰς
2688 1995 2895 2065 ψυχὰς
2950 1998 3168 2054 αὐτῶν.
3222 2002 3354 2073 Δίχα
3412 2003 3521 2077 γὰρ
3572 2006 3753 2061 αὐτῶν

2166 2078 2274 2132 τῶν
2306 2081 2398 2134 τοῦ
2426 2083 2559 2137 Θεοῦ
2592 2086 2885 2158 ὀφθαλμῶν
2941 2091 3043 2144 οὐκ
3087 2091 3234 2144 ἔστιν
3287 2094 3418 2166 ἄλλη
3483 2099 3755 2172 σωτηρίας

2168 2174 2341 2239 ἐλπὶς,
2368 2175 2492 2230 οὒτε
2525 2178 2734 2248 βασιλεῖ
2771 2187 3131 2256 στρατιωτικῇ
3168 2185 3395 2257 δυνάμει
3441 2188 3752 2262 θαρροῦντι,

2166 2265 2290 2320 οὔτε
2324 2268 2543 2336 γίγαντι
2577 2272 2668 2323 ἐπὶ
2702 2271 2891 2344 πλήθει
2936 2274 3220 2346 δυνάμεως
3253 2279 3347 2332 καὶ
3410 2281 3593 2351 ίσχύος
3619 2300 3754 2351 γαυ-

2172 2360 2439 2430 ρουμένῳ,
2468 2360 2591 2415 οὔτε
2628 2363 2777 2433 ἵππῳ
2811 2365 2986 2418 ποδῶν
3014 2367 3253 2439 ὠκύτητι
3280 2368 3590 2442 θαρροῦντι.
3617 2374 3756 2429 Πάν-

2167 2465 2235 2503 τα
2267 2450 2373 2523 γὰρ
2401 2451 2575 2505 ταῦτα
2608 2453 2971 2523 διαψεύδεται,
3005 2458 3227 2526 σφάλλει
3281 2461 3375 2513 καὶ
3414 2462 3593 2534 πλανᾷ
3628 2467 3755 2529 τοὺς

2167 2542 2255 2593 ἐπ’
2286 2542 2469 2606 αὐτοξ
2519 2542 2836 2613 ἠλπικότας.
2887 2547 3023 2599 Ἀλλ’
3072 2549 3229 2619 ὑμεῖς
3279 2550 3553 2623 θαρσεῖτε,
3585 2556 3633 2607 οἱ
3659 2554 3753 2608 τὸν

2166 2630 2369 2701 Κύριον
2391 2632 2797 2697 ἐπικαλοῦντες,
2829 2636 2920 2690 καὶ
2952 2636 3044 2689 τὸν
3083 2637 3246 2691 αὑτοῦ
3275 2640 3440 2708 φόϐον
3470 2639 3754 2711 ἀνειληφό-

2164 2739 2275 2787 τες.
2306 2725 2416 2778 Καὶ
2442 2726 2580 2796 μήτε
2604 2725 2797 2796 βουλὰς
2831 2728 3001 2782 ἐθνῶν
3057 2730 3329 2800 φοϐεῖσθε,
3364 2732 3431 2798 ἃς
3485 2735 3513 2787 ὁ
3546 2734 3752 2805 Κύριος

2164 2813 2600 2879 διασκεδάννυσι,
2649 2819 2789 2890 μήτε
2816 2818 3110 2890 λογισμοὺς
3150 2820 3313 2884 λαῶν,
3363 2821 3455 2886 οὒς
3487 2825 3514 2876 ὁ
3546 2824 3752 2895 Κύριος

2164 2906 2364 2971 ἀθετεῖ,
2409 2910 2545 2979 μήτε
2577 2908 2771 2978 βουλὰς
2798 2911 3095 2982 ἀρχόντων,
3138 2913 3204 2977 ἃς
3229 2913 3391 2977 αὐτὸς
3429 2916 3746 2987 ἀνατρέπει.

2178 2996 2335 3065 Ἀλλὰ
2367 2998 2502 3069 μηδὲ
2538 2998 2759 3069 βασιλέα
2790 3001 2981 3072 πλήθει
3030 3005 3424 3075 στρατιωτικῆς
3467 3006 3750 3075 δυνάμεως

2166 3087 2464 3141 πεποιθότα
2489 3090 2958 3161 καταπλήττεσθε,
2998 3094 3131 3164 μηδὲ
3186 3095 3417 3163 γίγαντα
3476 3096 3618 3164 ἰσχύϊ
3654 3097 3749 3150 καὶ

475 3173 729 3238 tineatis,
765 3174 822 3229 in
847 3174 968 3245 ipso
994 3175 1114 3228 solo
1144 3182 1200 3230 et
1235 3175 1289 3227 in
1326 3174 1710 3230 misericordia
1738 3173 1861 3243 ejus
1899 3187 2051 3242 spem

2164 3178 2297 3250 ἀλκῇ
2347 3177 2599 3251 σώματος
2651 3182 3011 3253 τυφούμενον.
3066 3185 3322 3255 Ἔχοντες
3364 3186 3420 3239 δὲ
3473 3188 3615 3257 μέγα
3647 3207 3747 3258 φυ-

473 3268 722 3334 reponite
749 3275 987 3323 vestram
1009 3306 1023 3332 ,
1059 3276 1117 3319 ut
1150 3275 1305 3323 eruat
1340 3282 1373 3321 a
1406 3275 1575 3331 morte
1606 3268 1811 3319 animas
1844 3280 2050 3319 eorum.

474 3357 622 3416 Mors
653 3366 834 3414 autem
867 3357 1063 3416 anima:
1105 3356 1270 3413 fuerit
1309 3358 1406 3415 Dei
1448 3358 1769 3430 abnegatio,
1821 3356 2055 3412 defectio

471 3454 631 3524 plena
651 3492 666 3517 ,
695 3459 751 3508 et
778 3461 1003 3523 peccata
1032 3452 1098 3507 ad
1130 3460 1362 3507 mortem
1436 3451 1509 3506 ita
1540 3456 1601 3504 ut
1633 3451 1678 3504 si
1711 3448 1931 3520 quando
1962 3464 2055 3504 ac-

471 3545 650 3613 cidat,
686 3554 746 3600 ut
786 3548 1124 3618 sperautium
1174 3545 1230 3599 in
1280 3544 1448 3600 Deum
1494 3558 1726 3613 corpora
1772 3540 2052 3597 communi

471 3636 669 3702 morti,
715 3637 787 3691 ob
829 3637 950 3707 ejus
994 3636 1372 3692 testimonium
1419 3635 1751 3699 tradantur,
1801 3641 1858 3689 at
1908 3633 2054 3699 oculi

469 3727 567 3784 Dei
596 3729 811 3785 animas
841 3745 1032 3785 eorum
1060 3735 1320 3785 curantes
1347 3744 1378 3785 a
1410 3735 1587 3783 morte
1634 3729 1785 3799 ipsos
1827 3728 2050 3798 eripue-

472 3827 620 3875 runt.
649 3818 839 3891 Neque
871 3820 925 3875 id
960 3822 1305 3877 solummodo
1338 3830 1601 3893 praestant
1633 3839 1648 3887 ;
1683 3819 1780 3876 sed
1810 3829 1871 3875 ut
1899 3822 2051 3885 alant

468 3926 564 3968 eos
594 3913 648 3967 in
684 3913 828 3969 fame
852 3954 867 3979 ,
904 3914 1312 3984 providentiam
1347 3913 1571 3969 habent.
1610 3911 1892 3983 Siquidem
1927 3927 2053 3982 per-

468 4005 815 4062 secutionum
863 4013 1140 4078 tempore,
1186 4022 1295 4078 quo
1338 4009 1663 4079 plerumque
1701 4006 1951 4062 doctrina
1997 4015 2052 4061 et

467 4099 777 4155 divinarum
825 4099 1239 4171 Scripturarum
1290 4100 1558 4157 lectiones
1610 4101 2046 4172 praepediuntur,

2158 3270 2450 3343 λακτήριον
2498 3274 2625 3336 τοὺς
2678 3273 2780 3343 τῆς
2814 3275 3070 3344 προνοίας
3103 3276 3264 3329 αὐτοῦ
3296 3278 3626 3348 ὀφθαλμοὺς,
3656 3282 3745 3334 ἐπ’

2158 3357 2318 3409 αὑτὸν
2343 3358 2591 3422 ἐλπίζετε
2629 3360 2789 3432 μόνον
2819 3363 2913 3416 καὶ
2938 3363 3030 3415 ἐπὶ
3074 3364 3134 3417 τὸ
3163 3364 3311 3430 ἕλεος
3335 3368 3522 3431 αὐτοῦ,
3565 3372 3651 3436 εις
3674 3371 3740 3424 τὸ

2147 3448 2457 3515 ῥύσασθαι
2494 3449 2564 3502 ἐκ
2588 3450 2849 3505 θανάτου
2882 3452 2991 3519 τὰς
3020 3455 3224 3525 ψυχὰς
3255 3457 3473 3513 αὐτῶν.
3503 3458 3738 3526 θάνατος

2156 3541 2202 3593 δ’
2225 3542 2291 3595 ἂν
2330 3542 2413 3613 εἴη
2436 3542 2615 3613 ψυχῆς
2652 3544 2685 3616 ὴ
2737 3543 2965 3615 ἄρνησις
2998 3547 3092 3601 τοῦ
3119 3548 3252 3602 θεοῦ
3284 3551 3380 3604 καὶ
3408 3554 3440 3623 ἡ
3476 3552 3740 3626 παντελὴς

2154 3634 2482 3699 ἀποστασία,
2500 3635 2591 3689 καὶ
2621 3637 2677 3689 αἱ
2733 3636 2868 3709 πρὸς
2896 3638 3123 3693 θάνατον
3140 3642 3423 3713 ἁμαρτίαι·
3443 3646 3605 3710 ὥστε,
3638 3646 3751 3700 κᾶν

2156 3726 2335 3799 συμϐῇ
2367 3745 2494 3781 ποτε
2526 3728 2633 3781 τῶν
2666 3729 2992 3795 ἐλπιζόντων
3018 3734 3114 3788 ἐπὶ
3146 3735 3237 3787 τὸν
3270 3735 3475 3807 Κύριον
3523 3739 3591 3792 τὰ
3645 3740 3743 3793 σώ-

2157 3834 2301 3889 ματα
2322 3819 2535 3891 θανάτῳ
2561 3821 2950 3891 παραδίδοσθαι
2980 3826 3057 3897 τῷ
3096 3826 3259 3897 κοινῴ
3292 3827 3381 3881 διὰ
3410 3830 3508 3899 τὴν
3542 3834 3621 3894 είς
3639 3834 3741 3885 αὐ-

2150 3911 2242 3964 τὸν
2280 3914 2604 3986 μαρτυρίαν,
2627 3914 2741 3969 ἀλλ’
2766 3918 2815 3971 οἱ
2841 3917 3111 3989 ὀφθαλμοὶ
3134 3919 3299 3973 αὐτοῦ
3322 3920 3414 3973 τοῦ
3434 3922 3742 3991 κρείττονος

2150 4006 2571 4078 ἐπιμεληθέντες
2602 4010 2702 4074 τὰς
2732 4011 2911 4084 ψυχὰς
2947 4011 3126 4066 αὐτῶν
3151 4011 3452 4083 ἐρρύσαντο
3484 4014 3546 4065 ἐκ
3576 4012 3740 4067 θανά-

2148 4114 2262 4151 του.
2295 4101 2370 4153 Οὺ
2409 4102 2568 4171 μόνον
2594 4101 2651 4154 δὲ
2680 4084 2839 4156 τοῦτο
2870 4100 3137 4165 ποιοῦσιν,
3188 4100 3323 4156 ἀλλὰ
3355 4103 3449 4155 καὶ
3494 4104 3587 4157 τοῦ
3618 4106 3736 4160 δια-

465 4192 685 4264 rarique
719 4200 1019 4247 occurrunt
1057 4194 1152 4263 qui
1197 4194 1516 4263 spirituales
1558 4194 1713 4249 cibos
1755 4192 2051 4257 animabus,

2164 4188 2344 4271 ὶρέψαι
2371 4192 2568 4255 αὐτοὺς
2596 4195 2654 4246 ἐν
2676 4191 2821 4263 λιμῷ
2853 4191 3109 4262 πρόνοιαν
3162 4192 3459 4247 ποιοῦνται.
3501 4195 3589 4249 Ἑν
3625 4200 3736 4270 γὰρ

466 4285 751 4339 hominum
794 4284 1158 4356 impertiant;
1207 4295 1448 4341 attamen
1497 4285 1643 4341 oculi
1677 4285 1928 4351 Domini,
1960 4285 2046 4340 di-

2164 4285 2257 4346 τοῖς
2289 4287 2499 4354 καιροῖς
2522 4284 2631 4336 τῶν
2688 4281 2962 4351 διωγμῶν,
2992 4280 3114 4336 καθ’
3134 4281 3227 4347 οὓς
3277 4284 3533 4353 πολλάκις
3559 4289 3734 4344 κεκῶ-

464 4373 578 4429 vini
609 4372 852 4445 Spiritus
890 4374 1099 4441 iulium
1121 4417 1136 4441 ,
1185 4375 1433 4447 ipsorum
1467 4378 1681 4432 animus
1712 4377 1864 4432 alunt
1889 4383 1943 4430 et
1973 4375 2044 4430 ab

2164 4392 2329 4428 ιυνται
2364 4376 2460 4445 μὲν
2499 4377 2563 4442 ait
2612 4374 2953 4437 διδασκαλίαι
2988 4375 3083 4431 καὶ
3105 4376 3173 4431 τὰ
3202 4376 3312 4430 τῶν
3359 4378 3734 4438 θεοπνεύστων

462 4465 586 4537 ipso
615 4464 725 4520 Deo
751 4465 1035 4521 institutas
1064 4466 1309 4522 etliciunt
1335 4507 1350 4533 ,
1378 4468 1454 4522 ita
1488 4476 1545 4522 ut
1574 4469 1715 4522 citra
1745 4469 2042 4527 humanam

2164 4464 2379 4543 Γραφῶν
2411 4462 2834 4535 ἁναγνώσματα,
2890 4461 3139 4528 σπανίζει
3168 4465 3227 4519 δὲ
3251 4468 3280 4520 ὁ
3304 4465 3404 4531 τὰς
3431 4486 3735 4541 πνευματι-

465 4534 632 4613 ullam
676 4557 1059 4630 disciplinam,
1112 4573 1313 4617 arcana
1362 4563 1597 4631 quadam
1625 4562 1825 4616 virtute
1855 4559 2038 4615 nutri-

2164 4534 2249 4621 ιάς
2278 4534 2485 4629 τροφὰς
2532 4559 2652 4619 ταῖς
2674 4534 2796 4610 τῶν
2832 4556 3134 4629 ἀνθρώπων
3192 4558 3460 4626 διαδιδοὺς
3509 4534 3731 4634 ψυχαῖς,

466 4661 647 4706 antur.
2145 4652 2296 4723 ὅμως
2324 4653 2373 4704 οἱ
2400 4649 2668 4722 ὀφθαλμοὶ
2694 4650 2787 4704 τοῦ
2812 4651 3019 4723 Κυρίου
3046 4655 3112 4725 τῇ
3141 4655 3232 4709 τοῦ
3255 4655 3399 4709 θείου
3417 4657 3734 4729 Πνεύματος

464 4746 712 4821 ἐπιρροῇ,
746 4746 841 4804 καὶ
866 4748 1072 4809 τούτων
1126 4751 1227 4816 τὰς
1270 4750 1446 4823 ψυχὰς
1510 4751 1855 4825 διατρέφουσι
1908 4749 2280 4815 θεοδιδάκτους
2336 4747 2534 4812 αὐτοὺς
2566 4746 3018 4825 ἀπεργαζόμενοι,
3080 4749 3156 4813 ὡς
3185 4751 3280 4807 καὶ
3310 4753 3438 4806 ἄνευ
3483 4755 3583 4826 τῆς
3639 4758 3734 4810 ἀν-

466 4837 696 4911 θρώπων
729 4843 1073 4910 διδασκαλίας
1098 4844 1399 4918 ἀπορρήτῳ
1428 4845 1655 4917 δυνάμει
1706 4843 2025 4915 τρέφεσθαι..

707 5030 716 5039 '
770 5018 831 5075 IN
867 5020 1201 5078 PSALMUM
1242 5014 1450 5079 DAVID
1487 5021 1724 5080 XXXIII.

465 5176 517 5235 1.
570 5176 797 5245 Quando
834 5179 1133 5234 immutari!
1172 5181 1374 5235 vultum
1412 5198 1569 5236 suum
1605 5198 1787 5236 coram
1822 5182 2045 5239 Abime-e.

788 5250 933 5317 lech,
971 5259 1022 5305 et
1057 5251 1262 5306 dimisit
1299 5268 1416 5307 eum
1453 5263 1504 5308 et
1543 5254 1700 5309 abiit.

534 5405 765 5473 Quidam
812 5386 1073 5478 suspicati
1118 5416 1248 5464 sunt
1305 5407 1452 5463 illam
1501 5406 1790 5478 praesentis
1833 5405 2041 5478 psalmi

467 5498 877 5569 inscriptionem
900 5539 914 5563 ,
947 5499 1233 5555 historiam
1264 5500 1539 5571 respicere
1557 5538 1572 5563 ,
1601 5513 1709 5570 qua
1738 5497 1913 5554 fertur
1944 5497 2041 5553 Da—

463 5593 643 5647 videm
672 5608 701 5646 a
730 5592 871 5650 facie
895 5591 1078 5650 Saulis
1103 5593 1405 5665 fugientem
1428 5633 1443 5657 ,
1476 5590 1543 5646 ad
1570 5590 1819 5646 Ancbum
1850 5606 2037 5664 regem

462 5683 603 5740 Geth
638 5687 974 5751 accessisse,
1005 5687 1226 5756 quando
1260 5686 1531 5741 insaniam
1568 5686 1840 5742 simulans
1879 5685 2038 5757 quasi

463 5787 721 5858 tympano
752 5779 1003 5852 pulsabat
1035 5781 1101 5835 ad
1134 5787 1323 5854 portas
1356 5779 1535 5848 urbis,
1573 5790 1625 5837 et
1656 5780 2035 5845 deferebatur.

2383 5018 2494 5074 ΕΙΣ
2525 5020 2663 5075 ΤΟΝ
2689 5020 2991 5075 ΨΑΛΜΟΝ
3022 5019 3108 5075 ΤΩ
3139 5022 3339 5076 ΔΑΥΙΔ
3368 5021 3485 5076 ΛΡ.

2162 5181 2371 5234 Ὁπότε
2414 5180 2716 5247 ήλλοίωσε
2753 5179 2820 5234 τὸ
2880 5180 3204 5247 πρόσωπον
3249 5180 3439 5235 αὑτοῦ
3475 5180 3747 5238 ἐνώπιον-

2199 5250 2524 5321 Ἀϐιμέλεχ,
2557 5252 2654 5305 καί
2685 5249 2998 5307 ἀπέλυσεν
3029 5251 3216 5307 αὐτὸν
3251 5252 3350 5305 καὶ
3399 5251 3692 5321 ἀπῆλθεν.
3760 5247 3772 5260 “

2229 5406 2525 5460 Ὑπέλαϐὁν
2576 5424 2722 5470 τινες
2774 5406 2873 5478 τὴν
2949 5405 3043 5460 τοῦ
3096 5407 3457 5479 προκειμένου
3508 5406 3726 5480 ψαλμοῦ

2148 5498 2471 5571 προγραφὴν
2502 5499 2717 5568 ἐκείνην
2745 5497 3029 5570 σημαίνειν
3078 5500 3177 5571 τὴν
3236 5501 3496 5569 ἱστορίαν,
3542 5499 3725 5575 δι’ἧς,

2148 5588 2362 5657 φεύγων
2393 5586 2553 5640 Δαυῒδ
2582 5587 2691 5640 ἀπὸ
2723 5586 3013 5658 προσώπου
3026 5588 3219 5653 Σαοὺλ,
3245 5588 3560 5661 ἐληλυθέναι
3591 5592 3725 5663 πρρς

2159 5681 2383 5751 Ἄγχους
2408 5679 2628 5750 βασιλέα
2642 5679 2740 5732 Γὲθ
2757 5680 3189 5750 ἀναγέγραπται·
3217 5682 3304 5735 ὅτε
3334 5683 3529 5753 μανίαν
3559 5701 3725 5756 προσι-

2147 5773 2389 5847 ποιηθεὶς
2441 5770 2806 5845 ἐτυμπὰνιζεν
2832 5774 2925 5827 ἐπὶ
2974 5776 3094 5839 ταῖς
3140 5774 3331 5853 θύραις
3364 5777 3462 5851 τῆς
3497 5776 3731 5851 πόλεως,
