  <div class='ocr_page' id='page_1' title='image "/cluster/home/n/w/nwhite01/storage/ocr_20150623/23:no.5/coo.31924054873033/160.png"; bbox 0 0 4100 6416; ppageno 0'>
   <div class='ocr_carea' id='block_1_1' title="bbox 361 463 469 519">
    <p class='ocr_par' dir='ltr' id='par_1_1' title="bbox 361 463 469 519">
     <span class='ocr_line' id='line_1_1' title="bbox 361 463 469 519; baseline -0.019 0"><span class='ocrx_word' id='word_1_1' title='bbox 361 463 469 519; x_wconf 73' lang='grc'><strong>289</strong></span> 
     </span>
    </p>
   </div>
   <div class='ocr_carea' id='block_1_2' title="bbox 1492 429 2476 511">
    <p class='ocr_par' dir='ltr' id='par_1_2' title="bbox 1492 429 2476 511">
     <span class='ocr_line' id='line_1_2' title="bbox 1492 429 2476 511; baseline -0.006 0"><span class='ocrx_word' id='word_1_2' title='bbox 1492 434 1996 511; x_wconf 72' lang='lat' dir='ltr'><strong>COMMENTARIA</strong></span> <span class='ocrx_word' id='word_1_3' title='bbox 2033 429 2102 505; x_wconf 65' lang='grc' dir='ltr'><strong>ιιι</strong></span> <span class='ocrx_word' id='word_1_4' title='bbox 2134 447 2476 505; x_wconf 79' lang='lat' dir='ltr'><strong>PSALMOS.</strong></span> 
     </span>
    </p>
   </div>
   <div class='ocr_carea' id='block_1_3' title="bbox 3506 452 3613 508">
    <p class='ocr_par' dir='ltr' id='par_1_3' title="bbox 3506 452 3613 508">
     <span class='ocr_line' id='line_1_3' title="bbox 3506 452 3613 508; baseline 0.019 -2"><span class='ocrx_word' id='word_1_5' title='bbox 3506 452 3613 508; x_wconf 74' lang='grc'><strong>290</strong></span> 
     </span>
    </p>
   </div>
   <div class='ocr_carea' id='block_1_4' title="bbox 365 566 1952 657">
    <p class='ocr_par' dir='ltr' id='par_1_4' title="bbox 365 574 1938 657">
     <span class='ocr_line' id='line_1_4' title="bbox 365 574 1938 657; baseline -0.004 -22"><span class='ocrx_word' id='word_1_6' title='bbox 365 583 459 636; x_wconf 75' lang='grc' dir='ltr'>καὶ</span> <span class='ocrx_word' id='word_1_7' title='bbox 487 578 848 652; x_wconf 78' lang='grc' dir='ltr'><strong>παρεφέρετο,</strong></span> <span class='ocrx_word' id='word_1_8' title='bbox 883 578 977 632; x_wconf 77' lang='grc' dir='ltr'>καὶ</span> <span class='ocrx_word' id='word_1_9' title='bbox 1002 577 1215 641; x_wconf 75' lang='grc' dir='ltr'>ἔπιπτε,</span> <span class='ocrx_word' id='word_1_10' title='bbox 1267 578 1361 632; x_wconf 70' lang='grc' dir='ltr'><strong>καὶ</strong></span> <span class='ocrx_word' id='word_1_11' title='bbox 1391 577 1648 657; x_wconf 76' lang='grc' dir='ltr'>κατέρρει</span> <span class='ocrx_word' id='word_1_12' title='bbox 1687 574 1757 631; x_wconf 73' lang='grc' dir='ltr'><strong>τὰ</strong></span> <span class='ocrx_word' id='word_1_13' title='bbox 1786 575 1938 629; x_wconf 80' lang='grc' dir='ltr'>σίελα</span> 
     </span>
    </p>
   </div>
   <div class='ocr_carea' id='block_1_5' title="bbox 2050 566 3613 657">
    <p class='ocr_par' dir='ltr' id='par_1_5' title="bbox 2050 566 3613 640">
     <span class='ocr_line' id='line_1_5' title="bbox 2050 566 3613 640; baseline 0.001 -14"><span class='ocrx_word' id='word_1_14' title='bbox 2050 579 2098 627; x_wconf 81' lang='lat' dir='ltr'><strong>et</strong></span> <span class='ocrx_word' id='word_1_15' title='bbox 2130 569 2449 637; x_wconf 72' lang='lat' dir='ltr'><strong>decidebat,</strong></span> <span class='ocrx_word' id='word_1_16' title='bbox 2487 575 2541 625; x_wconf 85' lang='lat' dir='ltr'><strong>et</strong></span> <span class='ocrx_word' id='word_1_17' title='bbox 2575 566 2890 626; x_wconf 87' lang='lat' dir='ltr'><strong>deﬂuebant</strong></span> <span class='ocrx_word' id='word_1_18' title='bbox 2921 571 3108 625; x_wconf 79' lang='lat' dir='ltr'><strong>salivae</strong></span> <span class='ocrx_word' id='word_1_19' title='bbox 3138 569 3260 640; x_wconf 85' lang='lat' dir='ltr'><strong>ejus</strong></span> <span class='ocrx_word' id='word_1_20' title='bbox 3293 569 3348 625; x_wconf 91' lang='lat' dir='ltr'><strong>in</strong></span> <span class='ocrx_word' id='word_1_21' title='bbox 3380 570 3613 631; x_wconf 79' lang='lat' dir='ltr'><strong>barbam</strong></span> 
     </span>
    </p>
   </div>
   <div class='ocr_carea' id='block_1_6' title="bbox 364 666 1938 741">
    <p class='ocr_par' dir='ltr' id='par_1_6' title="bbox 364 666 1938 741">
     <span class='ocr_line' id='line_1_6' title="bbox 364 666 1938 741; baseline -0.004 -14"><span class='ocrx_word' id='word_1_22' title='bbox 364 672 527 728; x_wconf 80' lang='grc' dir='ltr'>αὐτοῦ</span> <span class='ocrx_word' id='word_1_23' title='bbox 556 671 648 724; x_wconf 73' lang='grc' dir='ltr'>ἐπὶ</span> <span class='ocrx_word' id='word_1_24' title='bbox 677 672 766 724; x_wconf 78' lang='grc' dir='ltr'><strong>τὸν</strong></span> <span class='ocrx_word' id='word_1_25' title='bbox 788 669 1021 741; x_wconf 83' lang='grc' dir='ltr'>πώγωνα</span> <span class='ocrx_word' id='word_1_26' title='bbox 1040 670 1225 724; x_wconf 76' lang='grc' dir='ltr'>αὐτοῦ·</span> <span class='ocrx_word' id='word_1_27' title='bbox 1245 669 1373 723; x_wconf 85' lang='grc' dir='ltr'>ὥστ’</span> <span class='ocrx_word' id='word_1_28' title='bbox 1391 670 1563 723; x_wconf 75' lang='grc' dir='ltr'>εἰπεῖν</span> <span class='ocrx_word' id='word_1_29' title='bbox 1588 668 1682 722; x_wconf 82' lang='grc' dir='ltr'><strong>τὸν</strong></span> <span class='ocrx_word' id='word_1_30' title='bbox 1709 666 1938 738; x_wconf 83' lang='grc' dir='ltr'>Ἀγχοῦς</span> 
     </span>
    </p>
   </div>
   <div class='ocr_carea' id='block_1_7' title="bbox 366 759 1940 837">
    <p class='ocr_par' dir='ltr' id='par_1_7' title="bbox 366 759 1940 837">
     <span class='ocr_line' id='line_1_7' title="bbox 366 759 1940 837; baseline -0.004 -17"><span class='ocrx_word' id='word_1_31' title='bbox 366 764 505 837; x_wconf 82' lang='grc' dir='ltr'>πρὸς</span> <span class='ocrx_word' id='word_1_32' title='bbox 534 766 659 828; x_wconf 85' lang='grc' dir='ltr'>τοὺς</span> <span class='ocrx_word' id='word_1_33' title='bbox 706 762 898 825; x_wconf 84' lang='grc' dir='ltr'>παῖδας</span> <span class='ocrx_word' id='word_1_34' title='bbox 956 761 1142 816; x_wconf 81' lang='grc' dir='ltr'>αὐτοῦ·</span> <span class='ocrx_word' id='word_1_35' title='bbox 1185 763 1388 835; x_wconf 82' lang='grc' dir='ltr'>Ἀνδρα</span> <span class='ocrx_word' id='word_1_36' title='bbox 1439 762 1734 833; x_wconf 76' lang='grc' dir='ltr'><strong>ἐπίληπτον</strong></span> <span class='ocrx_word' id='word_1_37' title='bbox 1770 762 1853 814; x_wconf 81' lang='grc' dir='ltr'>ἵνα</span> <span class='ocrx_word' id='word_1_38' title='bbox 1886 759 1940 814; x_wconf 82' lang='grc' dir='ltr'><strong>τί</strong></span> 
     </span>
    </p>
   </div>
   <div class='ocr_carea' id='block_1_8' title="bbox 368 846 1942 930">
    <p class='ocr_par' dir='ltr' id='par_1_8' title="bbox 368 846 1942 930">
     <span class='ocr_line' id='line_1_8' title="bbox 368 846 1942 930; baseline -0.005 -16"><span class='ocrx_word' id='word_1_39' title='bbox 368 858 685 930; x_wconf 76' lang='grc' dir='ltr'>εἰσηγαγετε</span> <span class='ocrx_word' id='word_1_40' title='bbox 744 856 880 928; x_wconf 86' lang='grc' dir='ltr'>πρὸς</span> <span class='ocrx_word' id='word_1_41' title='bbox 928 855 1032 926; x_wconf 82' lang='grc' dir='ltr'><strong>μὲ;</strong></span> <span class='ocrx_word' id='word_1_42' title='bbox 1088 853 1225 921; x_wconf 81' lang='grc' dir='ltr'>Ἀλλ’</span> <span class='ocrx_word' id='word_1_43' title='bbox 1277 856 1358 908; x_wconf 84' lang='grc' dir='ltr'>ὅτι</span> <span class='ocrx_word' id='word_1_44' title='bbox 1411 856 1509 927; x_wconf 79' lang='grc' dir='ltr'><strong>μὲν</strong></span> <span class='ocrx_word' id='word_1_45' title='bbox 1562 846 1824 925; x_wconf 75' lang='grc' dir='ltr'>ἠλλοίωσε</span> <span class='ocrx_word' id='word_1_46' title='bbox 1880 854 1942 906; x_wconf 82' lang='grc' dir='ltr'><strong>τὸ</strong></span> 
     </span>
    </p>
   </div>
   <div class='ocr_carea' id='block_1_9' title="bbox 369 930 1942 1021">
    <p class='ocr_par' dir='ltr' id='par_1_9' title="bbox 369 944 1942 1021">
     <span class='ocr_line' id='line_1_9' title="bbox 369 944 1942 1021; baseline -0.004 -19"><span class='ocrx_word' id='word_1_47' title='bbox 369 948 654 1021; x_wconf 73' lang='grc' dir='ltr'>πρόσωπον</span> <span class='ocrx_word' id='word_1_48' title='bbox 685 946 870 1011; x_wconf 80' lang='grc' dir='ltr'>αὐτοῦ,</span> <span class='ocrx_word' id='word_1_49' title='bbox 921 947 1160 1018; x_wconf 70' lang='grc' dir='ltr'>ἥκουσαν</span> <span class='ocrx_word' id='word_1_50' title='bbox 1187 948 1235 999; x_wconf 81' lang='grc' dir='ltr'>οἱ</span> <span class='ocrx_word' id='word_1_51' title='bbox 1298 945 1544 999; x_wconf 85' lang='grc' dir='ltr'>τοιοῦτοι·</span> <span class='ocrx_word' id='word_1_52' title='bbox 1596 947 1678 1000; x_wconf 81' lang='grc' dir='ltr'><strong>ὅτι</strong></span> <span class='ocrx_word' id='word_1_53' title='bbox 1739 946 1784 999; x_wconf 87' lang='grc' dir='ltr'>δ’</span> <span class='ocrx_word' id='word_1_54' title='bbox 1814 944 1942 1016; x_wconf 77' lang='grc' dir='ltr'>ἑξῆς</span> 
     </span>
    </p>
   </div>
   <div class='ocr_carea' id='block_1_10' title="bbox 371 1036 1943 1110">
    <p class='ocr_par' dir='ltr' id='par_1_10' title="bbox 371 1036 1943 1110">
     <span class='ocr_line' id='line_1_10' title="bbox 371 1036 1943 1110; baseline -0.001 -18"><span class='ocrx_word' id='word_1_55' title='bbox 371 1038 653 1108; x_wconf 77' lang='grc' dir='ltr'><strong>συνῆπται,</strong></span> <span class='ocrx_word' id='word_1_56' title='bbox 685 1037 964 1091; x_wconf 84' lang='grc' dir='ltr'>ἐναντίον</span> <span class='ocrx_word' id='word_1_57' title='bbox 1004 1037 1330 1108; x_wconf 77' lang='grc' dir='ltr'>Ἀϐιμέλεχ,</span> <span class='ocrx_word' id='word_1_58' title='bbox 1362 1036 1575 1091; x_wconf 84' lang='grc' dir='ltr'>δοκοῦσί</span> <span class='ocrx_word' id='word_1_59' title='bbox 1605 1054 1695 1108; x_wconf 91' lang='grc' dir='ltr'><strong>μοι</strong></span> <span class='ocrx_word' id='word_1_60' title='bbox 1725 1054 1943 1110; x_wconf 82' lang='grc' dir='ltr'>παρεω-</span> 
     </span>
    </p>
   </div>
   <div class='ocr_carea' id='block_1_11' title="bbox 368 1125 1942 1203">
    <p class='ocr_par' dir='ltr' id='par_1_11' title="bbox 368 1125 1942 1203">
     <span class='ocr_line' id='line_1_11' title="bbox 368 1125 1942 1203; baseline 0 -21"><span class='ocrx_word' id='word_1_61' title='bbox 368 1129 611 1203; x_wconf 76' lang='grc' dir='ltr'>ρακέναι.</span> <span class='ocrx_word' id='word_1_62' title='bbox 660 1129 719 1182; x_wconf 85' lang='lat'><strong>&#39;0</strong></span> <span class='ocrx_word' id='word_1_63' title='bbox 754 1129 851 1200; x_wconf 83' lang='grc' dir='ltr'><strong>μὲν</strong></span> <span class='ocrx_word' id='word_1_64' title='bbox 877 1125 969 1182; x_wconf 75' lang='grc' dir='ltr'><strong>οὖν</strong></span> <span class='ocrx_word' id='word_1_65' title='bbox 1013 1129 1239 1201; x_wconf 77' lang='grc' dir='ltr'>Ἀγχοῦς</span> <span class='ocrx_word' id='word_1_66' title='bbox 1265 1129 1373 1184; x_wconf 81' lang='grc' dir='ltr'><strong>τῶν</strong></span> <span class='ocrx_word' id='word_1_67' title='bbox 1403 1129 1712 1199; x_wconf 74' lang='grc' dir='ltr'><strong>ἀλλοφύλων</strong></span> <span class='ocrx_word' id='word_1_68' title='bbox 1739 1125 1808 1201; x_wconf 84' lang='grc' dir='ltr'>ἦν</span> <span class='ocrx_word' id='word_1_69' title='bbox 1840 1129 1942 1199; x_wconf 88' lang='grc' dir='ltr'><strong>βα-</strong></span> 
     </span>
    </p>
   </div>
   <div class='ocr_carea' id='block_1_12' title="bbox 367 1218 1942 1291">
    <p class='ocr_par' dir='ltr' id='par_1_12' title="bbox 367 1218 1942 1291">
     <span class='ocr_line' id='line_1_12' title="bbox 367 1218 1942 1291; baseline 0.001 -20"><span class='ocrx_word' id='word_1_70' title='bbox 367 1218 545 1283; x_wconf 81' lang='grc' dir='ltr'>σιλεὺς</span> <span class='ocrx_word' id='word_1_71' title='bbox 594 1218 706 1272; x_wconf 81' lang='grc' dir='ltr'><strong>τῶν</strong></span> <span class='ocrx_word' id='word_1_72' title='bbox 754 1219 1147 1273; x_wconf 82' lang='grc' dir='ltr'>κατοικούντων</span> <span class='ocrx_word' id='word_1_73' title='bbox 1178 1218 1275 1291; x_wconf 80' lang='grc' dir='ltr'>τὴν</span> <span class='ocrx_word' id='word_1_74' title='bbox 1324 1219 1444 1273; x_wconf 82' lang='grc' dir='ltr'>Γὲθ·</span> <span class='ocrx_word' id='word_1_75' title='bbox 1477 1222 1506 1272; x_wconf 86' lang='grc' dir='ltr'>ὁ</span> <span class='ocrx_word' id='word_1_76' title='bbox 1555 1219 1613 1273; x_wconf 84' lang='grc' dir='ltr'>δὲ</span> <span class='ocrx_word' id='word_1_77' title='bbox 1655 1220 1942 1291; x_wconf 73' lang='grc' dir='ltr'>Ἀδιμέλεχ</span> 
     </span>
    </p>
   </div>
   <div class='ocr_carea' id='block_1_13' title="bbox 368 1300 1943 1384">
    <p class='ocr_par' dir='ltr' id='par_1_13' title="bbox 368 1300 1943 1384">
     <span class='ocr_line' id='line_1_13' title="bbox 368 1300 1943 1384; baseline 0.003 -22"><span class='ocrx_word' id='word_1_78' title='bbox 368 1311 545 1382; x_wconf 74' lang='grc' dir='ltr'>ἱερεὺς</span> <span class='ocrx_word' id='word_1_79' title='bbox 584 1309 678 1364; x_wconf 86' lang='grc' dir='ltr'><strong>τοῦ</strong></span> <span class='ocrx_word' id='word_1_80' title='bbox 716 1309 853 1364; x_wconf 87' lang='grc' dir='ltr'>Θεοῦ</span> <span class='ocrx_word' id='word_1_81' title='bbox 909 1310 1326 1383; x_wconf 82' lang='grc' dir='ltr'>μνημονεύεται·</span> <span class='ocrx_word' id='word_1_82' title='bbox 1384 1308 1521 1384; x_wconf 77' lang='grc' dir='ltr'>πρὸς</span> <span class='ocrx_word' id='word_1_83' title='bbox 1550 1311 1608 1365; x_wconf 83' lang='grc' dir='ltr'>ὃν</span> <span class='ocrx_word' id='word_1_84' title='bbox 1656 1313 1749 1366; x_wconf 75' lang='grc' dir='ltr'>καὶ</span> <span class='ocrx_word' id='word_1_85' title='bbox 1780 1300 1943 1367; x_wconf 69' lang='grc' dir='ltr'>αὐτὸν</span> 
     </span>
    </p>
   </div>
   <div class='ocr_carea' id='block_1_14' title="bbox 365 1402 1942 1479">
    <p class='ocr_par' dir='ltr' id='par_1_14' title="bbox 365 1402 1942 1479">
     <span class='ocr_line' id='line_1_14' title="bbox 365 1402 1942 1479; baseline 0.003 -24"><span class='ocrx_word' id='word_1_86' title='bbox 365 1402 640 1475; x_wconf 70' lang='grc' dir='ltr'>ἐληλυθὼς</span> <span class='ocrx_word' id='word_1_87' title='bbox 686 1405 715 1458; x_wconf 87' lang='grc' dir='ltr'>ὁ</span> <span class='ocrx_word' id='word_1_88' title='bbox 746 1404 908 1458; x_wconf 79' lang='grc' dir='ltr'><strong>Δαυῖδ</strong></span> <span class='ocrx_word' id='word_1_89' title='bbox 954 1405 1061 1477; x_wconf 86' lang='grc' dir='ltr'><strong>πρὸ</strong></span> <span class='ocrx_word' id='word_1_90' title='bbox 1088 1405 1188 1475; x_wconf 89' lang='grc' dir='ltr'><strong>τῆς</strong></span> <span class='ocrx_word' id='word_1_91' title='bbox 1231 1407 1530 1479; x_wconf 75' lang='grc' dir='ltr'>παρουσίας</span> <span class='ocrx_word' id='word_1_92' title='bbox 1558 1407 1656 1478; x_wconf 88' lang='grc' dir='ltr'><strong>τῆς</strong></span> <span class='ocrx_word' id='word_1_93' title='bbox 1684 1403 1821 1479; x_wconf 81' lang='grc' dir='ltr'>πρὸς</span> <span class='ocrx_word' id='word_1_94' title='bbox 1851 1407 1942 1459; x_wconf 85' lang='grc' dir='ltr'><strong>τὸν</strong></span> 
     </span>
    </p>
   </div>
   <div class='ocr_carea' id='block_1_15' title="bbox 378 1494 1945 1571">
    <p class='ocr_par' dir='ltr' id='par_1_15' title="bbox 378 1494 1945 1571">
     <span class='ocr_line' id='line_1_15' title="bbox 378 1494 1945 1571; baseline 0.004 -25"><span class='ocrx_word' id='word_1_95' title='bbox 378 1494 605 1566; x_wconf 71' lang='grc' dir='ltr'>Ἀγχοῦς</span> <span class='ocrx_word' id='word_1_96' title='bbox 639 1495 947 1565; x_wconf 77' lang='grc' dir='ltr'>ἱστορεῖται·</span> <span class='ocrx_word' id='word_1_97' title='bbox 985 1497 1130 1567; x_wconf 82' lang='grc' dir='ltr'>λέγει</span> <span class='ocrx_word' id='word_1_98' title='bbox 1158 1497 1267 1570; x_wconf 85' lang='grc' dir='ltr'>γὰρ</span> <span class='ocrx_word' id='word_1_99' title='bbox 1296 1500 1328 1571; x_wconf 85' lang='grc' dir='ltr'>ὴ</span> <span class='ocrx_word' id='word_1_100' title='bbox 1363 1500 1552 1570; x_wconf 84' lang='grc' dir='ltr'>Γραφή</span> <span class='ocrx_word' id='word_1_101' title='bbox 1575 1516 1589 1530; x_wconf 92' lang='grc'><strong>·</strong></span> <span class='ocrx_word' id='word_1_102' title='bbox 1625 1498 1734 1555; x_wconf 85' lang='grc' dir='ltr'><strong>Καὶ</strong></span> <span class='ocrx_word' id='word_1_103' title='bbox 1776 1499 1945 1568; x_wconf 79' lang='grc' dir='ltr'>ἔρχε-</span> 
     </span>
    </p>
   </div>
   <div class='ocr_carea' id='block_1_16' title="bbox 366 1586 1942 1664">
    <p class='ocr_par' dir='ltr' id='par_1_16' title="bbox 366 1586 1942 1664">
     <span class='ocr_line' id='line_1_16' title="bbox 366 1586 1942 1664; baseline 0.004 -25"><span class='ocrx_word' id='word_1_104' title='bbox 366 1600 461 1639; x_wconf 85' lang='grc' dir='ltr'><strong>ται</strong></span> <span class='ocrx_word' id='word_1_105' title='bbox 493 1589 526 1639; x_wconf 83' lang='grc' dir='ltr'><em>ὁ</em></span> <span class='ocrx_word' id='word_1_106' title='bbox 551 1586 730 1639; x_wconf 83' lang='grc' dir='ltr'>Δαυῒδ</span> <span class='ocrx_word' id='word_1_107' title='bbox 759 1590 846 1664; x_wconf 72' lang='grc' dir='ltr'><strong>είς</strong></span> <span class='ocrx_word' id='word_1_108' title='bbox 868 1588 1026 1642; x_wconf 77' lang='grc' dir='ltr'><strong>Νοϐὰ</strong></span> <span class='ocrx_word' id='word_1_109' title='bbox 1053 1591 1202 1657; x_wconf 84' lang='grc' dir='ltr'>πρὸς</span> <span class='ocrx_word' id='word_1_110' title='bbox 1259 1590 1573 1660; x_wconf 85' lang='grc' dir='ltr'>Ἀχιμέλεχ</span> <span class='ocrx_word' id='word_1_111' title='bbox 1605 1591 1711 1645; x_wconf 82' lang='grc' dir='ltr'>τὸν</span> <span class='ocrx_word' id='word_1_112' title='bbox 1764 1588 1942 1659; x_wconf 78' lang='grc' dir='ltr'>ἱερέα,</span> 
     </span>
    </p>
   </div>
   <div class='ocr_carea' id='block_1_17' title="bbox 366 1675 1945 1749">
    <p class='ocr_par' dir='ltr' id='par_1_17' title="bbox 366 1675 1945 1749">
     <span class='ocr_line' id='line_1_17' title="bbox 366 1675 1945 1749; baseline 0.003 -20"><span class='ocrx_word' id='word_1_113' title='bbox 366 1675 466 1729; x_wconf 78' lang='grc' dir='ltr'><strong>καὶ</strong></span> <span class='ocrx_word' id='word_1_114' title='bbox 492 1675 711 1745; x_wconf 79' lang='grc' dir='ltr'>ἐξίστη</span> <span class='ocrx_word' id='word_1_115' title='bbox 766 1678 1077 1748; x_wconf 83' lang='grc' dir='ltr'>Ἀχιμέλεχ</span> <span class='ocrx_word' id='word_1_116' title='bbox 1103 1678 1178 1749; x_wconf 78' lang='grc' dir='ltr'>τῇ</span> <span class='ocrx_word' id='word_1_117' title='bbox 1201 1680 1536 1747; x_wconf 81' lang='grc' dir='ltr'>ἀπαντήσει</span> <span class='ocrx_word' id='word_1_118' title='bbox 1576 1681 1781 1736; x_wconf 85' lang='grc' dir='ltr'>αὐτοῦ·</span> <span class='ocrx_word' id='word_1_119' title='bbox 1844 1680 1945 1735; x_wconf 78' lang='grc' dir='ltr'><strong>καὶ</strong></span> 
     </span>
    </p>
   </div>
   <div class='ocr_carea' id='block_1_18' title="bbox 364 1769 1945 1843">
    <p class='ocr_par' dir='ltr' id='par_1_18' title="bbox 364 1769 1945 1843">
     <span class='ocr_line' id='line_1_18' title="bbox 364 1769 1945 1843; baseline 0.003 -20"><span class='ocrx_word' id='word_1_120' title='bbox 364 1769 534 1823; x_wconf 77' lang='grc' dir='ltr'>εἶπεν</span> <span class='ocrx_word' id='word_1_121' title='bbox 561 1769 739 1835; x_wconf 85' lang='grc' dir='ltr'>αὐτῷ·</span> <span class='ocrx_word' id='word_1_122' title='bbox 766 1771 825 1823; x_wconf 86' lang='grc' dir='ltr'>Τί</span> <span class='ocrx_word' id='word_1_123' title='bbox 852 1770 942 1824; x_wconf 84' lang='grc' dir='ltr'>ὅτι</span> <span class='ocrx_word' id='word_1_124' title='bbox 973 1772 1053 1826; x_wconf 87' lang='grc' dir='ltr'>σὺ</span> <span class='ocrx_word' id='word_1_125' title='bbox 1079 1773 1269 1841; x_wconf 83' lang='grc' dir='ltr'><em>μόνος</em></span> <span class='ocrx_word' id='word_1_126' title='bbox 1287 1772 1383 1826; x_wconf 80' lang='grc' dir='ltr'><strong>καὶ</strong></span> <span class='ocrx_word' id='word_1_127' title='bbox 1413 1773 1612 1839; x_wconf 76' lang='grc' dir='ltr'>οὐδεὶς</span> <span class='ocrx_word' id='word_1_128' title='bbox 1631 1774 1780 1843; x_wconf 88' lang='grc' dir='ltr'>μετὰ</span> <span class='ocrx_word' id='word_1_129' title='bbox 1804 1774 1945 1837; x_wconf 86' lang='grc' dir='ltr'>σοῦ;</span> 
     </span>
    </p>
   </div>
   <div class='ocr_carea' id='block_1_19' title="bbox 365 1857 1947 1934">
    <p class='ocr_par' dir='ltr' id='par_1_19' title="bbox 365 1857 1947 1934">
     <span class='ocr_line' id='line_1_19' title="bbox 365 1857 1947 1934; baseline 0.006 -21"><span class='ocrx_word' id='word_1_130' title='bbox 365 1861 478 1914; x_wconf 81' lang='grc' dir='ltr'><strong>Καὶ</strong></span> <span class='ocrx_word' id='word_1_131' title='bbox 527 1857 658 1916; x_wconf 75' lang='grc' dir='ltr'>εἷπε</span> <span class='ocrx_word' id='word_1_132' title='bbox 678 1863 857 1916; x_wconf 84' lang='grc' dir='ltr'>Δαυῒδ</span> <span class='ocrx_word' id='word_1_133' title='bbox 894 1862 973 1929; x_wconf 84' lang='grc' dir='ltr'>τῷ</span> <span class='ocrx_word' id='word_1_134' title='bbox 1007 1865 1164 1933; x_wconf 80' lang='grc' dir='ltr'>ἱερεῖ·</span> <span class='ocrx_word' id='word_1_135' title='bbox 1239 1865 1303 1918; x_wconf 88' lang='lat'><strong>&#39;0</strong></span> <span class='ocrx_word' id='word_1_136' title='bbox 1336 1866 1639 1934; x_wconf 79' lang='grc' dir='ltr'>,ϐασιλεὺς</span> <span class='ocrx_word' id='word_1_137' title='bbox 1669 1867 1947 1922; x_wconf 75' lang='grc' dir='ltr'>ἐντέταλ-</span> 
     </span>
    </p>
   </div>
   <div class='ocr_carea' id='block_1_20' title="bbox 2041 661 3613 735">
    <p class='ocr_par' dir='ltr' id='par_1_20' title="bbox 2041 661 3613 735">
     <span class='ocr_line' id='line_1_20' title="bbox 2041 661 3613 735; baseline 0 -17"><span class='ocrx_word' id='word_1_138' title='bbox 2041 663 2217 735; x_wconf 85' lang='lat' dir='ltr'><strong>ipsius</strong></span> <span class='ocrx_word' id='word_1_139' title='bbox 2246 681 2261 730; x_wconf 92' lang='lat'><strong>;</strong></span> <span class='ocrx_word' id='word_1_140' title='bbox 2296 663 2370 717; x_wconf 90' lang='lat' dir='ltr'><strong>ita</strong></span> <span class='ocrx_word' id='word_1_141' title='bbox 2408 669 2470 716; x_wconf 92' lang='lat' dir='ltr'><strong>ut</strong></span> <span class='ocrx_word' id='word_1_142' title='bbox 2503 661 2711 717; x_wconf 90' lang='lat' dir='ltr'><strong>diceret</strong></span> <span class='ocrx_word' id='word_1_143' title='bbox 2744 661 2973 717; x_wconf 86' lang='lat' dir='ltr'><strong>Auchus</strong></span> <span class='ocrx_word' id='word_1_144' title='bbox 3007 661 3192 732; x_wconf 87' lang='lat' dir='ltr'><strong>pueris</strong></span> <span class='ocrx_word' id='word_1_145' title='bbox 3225 662 3344 717; x_wconf 85' lang='lat' dir='ltr'><strong>suis</strong></span> <span class='ocrx_word' id='word_1_146' title='bbox 3378 681 3390 717; x_wconf 93' lang='lat'><strong>:</strong></span> <span class='ocrx_word' id='word_1_147' title='bbox 3429 662 3613 729; x_wconf 87' lang='lat' dir='ltr'><strong>Quare</strong></span> 
     </span>
    </p>
   </div>
   <div class='ocr_carea' id='block_1_21' title="bbox 2038 753 3615 825">
    <p class='ocr_par' dir='ltr' id='par_1_21' title="bbox 2038 753 3615 825">
     <span class='ocr_line' id='line_1_21' title="bbox 2038 753 3615 825; baseline 0 -15"><span class='ocrx_word' id='word_1_148' title='bbox 2038 755 2216 810; x_wconf 81' lang='lat' dir='ltr'><strong>virum</strong></span> <span class='ocrx_word' id='word_1_149' title='bbox 2247 754 2509 825; x_wconf 82' lang='lat' dir='ltr'><strong>epilepsia</strong></span> <span class='ocrx_word' id='word_1_150' title='bbox 2535 762 2847 824; x_wconf 85' lang='lat' dir='ltr'><strong>correptum</strong></span> <span class='ocrx_word' id='word_1_151' title='bbox 2873 753 2940 807; x_wconf 88' lang='lat' dir='ltr'><strong>ad</strong></span> <span class='ocrx_word' id='word_1_152' title='bbox 2960 769 3043 809; x_wconf 90' lang='lat' dir='ltr'><strong>me</strong></span> <span class='ocrx_word' id='word_1_153' title='bbox 3063 754 3447 809; x_wconf 76' lang='lat' dir='ltr'><strong>introduxistis</strong></span> <span class='ocrx_word' id='word_1_154' title='bbox 3469 755 3489 808; x_wconf 85' lang='lat'><strong>?</strong></span> <span class='ocrx_word' id='word_1_155' title='bbox 3511 753 3615 810; x_wconf 79' lang='lat' dir='ltr'><strong>Ve-</strong></span> 
     </span>
    </p>
   </div>
   <div class='ocr_carea' id='block_1_22' title="bbox 2038 845 3615 917">
    <p class='ocr_par' dir='ltr' id='par_1_22' title="bbox 2038 845 3615 917">
     <span class='ocr_line' id='line_1_22' title="bbox 2038 845 3615 917; baseline 0 -16"><span class='ocrx_word' id='word_1_156' title='bbox 2038 862 2162 902; x_wconf 87' lang='lat' dir='ltr'><strong>rum</strong></span> <span class='ocrx_word' id='word_1_157' title='bbox 2188 847 2267 901; x_wconf 89' lang='lat' dir='ltr'><strong>illi</strong></span> <span class='ocrx_word' id='word_1_158' title='bbox 2295 846 2362 900; x_wconf 90' lang='lat' dir='ltr'><strong>ad</strong></span> <span class='ocrx_word' id='word_1_159' title='bbox 2393 846 2450 900; x_wconf 87' lang='lat' dir='ltr'><strong>id</strong></span> <span class='ocrx_word' id='word_1_160' title='bbox 2478 847 2656 902; x_wconf 89' lang='lat' dir='ltr'><strong>solum</strong></span> <span class='ocrx_word' id='word_1_161' title='bbox 2685 847 3039 901; x_wconf 88' lang='lat' dir='ltr'><strong>attenderunt</strong></span> <span class='ocrx_word' id='word_1_162' title='bbox 3066 845 3213 917; x_wconf 88' lang='lat' dir='ltr'><strong>quod</strong></span> <span class='ocrx_word' id='word_1_163' title='bbox 3245 846 3615 901; x_wconf 78' lang='lat' dir='ltr'><strong>immutaverit</strong></span> 
     </span>
    </p>
   </div>
   <div class='ocr_carea' id='block_1_23' title="bbox 2038 937 3617 1009">
    <p class='ocr_par' dir='ltr' id='par_1_23' title="bbox 2038 937 3617 1009">
     <span class='ocr_line' id='line_1_23' title="bbox 2038 937 3617 1009; baseline -0.001 -14"><span class='ocrx_word' id='word_1_164' title='bbox 2038 941 2249 995; x_wconf 85' lang='lat' dir='ltr'><strong>vultum</strong></span> <span class='ocrx_word' id='word_1_165' title='bbox 2275 955 2434 995; x_wconf 89' lang='lat' dir='ltr'><strong>suum</strong></span> <span class='ocrx_word' id='word_1_166' title='bbox 2460 957 2476 1006; x_wconf 87' lang='lat'><strong>;</strong></span> <span class='ocrx_word' id='word_1_167' title='bbox 2503 938 2598 994; x_wconf 89' lang='lat' dir='ltr'><strong>sed</strong></span> <span class='ocrx_word' id='word_1_168' title='bbox 2624 937 2879 993; x_wconf 88' lang='lat' dir='ltr'><strong>videntur</strong></span> <span class='ocrx_word' id='word_1_169' title='bbox 2902 938 3032 992; x_wconf 88' lang='lat' dir='ltr'><strong>mihi</strong></span> <span class='ocrx_word' id='word_1_170' title='bbox 3059 938 3115 993; x_wconf 88' lang='lat' dir='ltr'><strong>id</strong></span> <span class='ocrx_word' id='word_1_171' title='bbox 3141 938 3447 1009; x_wconf 81' lang='lat' dir='ltr'><strong>neglexisse</strong></span> <span class='ocrx_word' id='word_1_172' title='bbox 3470 937 3617 1007; x_wconf 85' lang='lat' dir='ltr'><strong>quod</strong></span> 
     </span>
    </p>
   </div>
   <div class='ocr_carea' id='block_1_24' title="bbox 2040 1029 3616 1103">
    <p class='ocr_par' dir='ltr' id='par_1_24' title="bbox 2040 1029 3616 1103">
     <span class='ocr_line' id='line_1_24' title="bbox 2040 1029 3616 1103; baseline -0.003 -14"><span class='ocrx_word' id='word_1_173' title='bbox 2040 1049 2168 1089; x_wconf 80' lang='lat' dir='ltr'><strong>mox</strong></span> <span class='ocrx_word' id='word_1_174' title='bbox 2212 1033 2484 1103; x_wconf 87' lang='lat' dir='ltr'><strong>sequitur,</strong></span> <span class='ocrx_word' id='word_1_175' title='bbox 2530 1047 2713 1086; x_wconf 88' lang='lat' dir='ltr'><strong>coram</strong></span> <span class='ocrx_word' id='word_1_176' title='bbox 2759 1030 3083 1085; x_wconf 81' lang='lat' dir='ltr'><strong>Abimelech.</strong></span> <span class='ocrx_word' id='word_1_177' title='bbox 3108 1033 3177 1087; x_wconf 89' lang='lat' dir='ltr'><strong>At</strong></span> <span class='ocrx_word' id='word_1_178' title='bbox 3199 1031 3345 1085; x_wconf 86' lang='lat' dir='ltr'><strong>enim</strong></span> <span class='ocrx_word' id='word_1_179' title='bbox 3391 1029 3616 1085; x_wconf 84' lang='lat' dir='ltr'><strong>Auchus</strong></span> 
     </span>
    </p>
   </div>
   <div class='ocr_carea' id='block_1_25' title="bbox 2042 1112 3619 1197">
    <p class='ocr_par' dir='ltr' id='par_1_25' title="bbox 2042 1112 3619 1197">
     <span class='ocr_line' id='line_1_25' title="bbox 2042 1112 3619 1197; baseline -0.001 -17"><span class='ocrx_word' id='word_1_180' title='bbox 2042 1112 2730 1197; x_wconf 78' lang='lat' dir='ltr'><strong>aliertigenarutnGetham</strong></span> <span class='ocrx_word' id='word_1_181' title='bbox 2776 1123 3129 1179; x_wconf 79' lang='lat' dir='ltr'><strong>incolentium</strong></span> <span class='ocrx_word' id='word_1_182' title='bbox 3184 1138 3276 1178; x_wconf 82' lang='lat' dir='ltr'><strong>rex</strong></span> <span class='ocrx_word' id='word_1_183' title='bbox 3304 1129 3460 1189; x_wconf 89' lang='lat' dir='ltr'><strong>erat;</strong></span> <span class='ocrx_word' id='word_1_184' title='bbox 3488 1120 3619 1179; x_wconf 83' lang='lat' dir='ltr'><strong>Abi-</strong></span> 
     </span>
    </p>
   </div>
   <div class='ocr_carea' id='block_1_26' title="bbox 2041 1213 3617 1284">
    <p class='ocr_par' dir='ltr' id='par_1_26' title="bbox 2041 1213 3617 1284">
     <span class='ocr_line' id='line_1_26' title="bbox 2041 1213 3617 1284; baseline -0.004 -10"><span class='ocrx_word' id='word_1_185' title='bbox 2041 1219 2249 1275; x_wconf 87' lang='lat' dir='ltr'><strong>meleeh</strong></span> <span class='ocrx_word' id='word_1_186' title='bbox 2279 1233 2409 1275; x_wconf 77' lang='lat' dir='ltr'><strong>vero</strong></span> <span class='ocrx_word' id='word_1_187' title='bbox 2439 1217 2700 1273; x_wconf 82' lang='lat' dir='ltr'><strong>sacerdos</strong></span> <span class='ocrx_word' id='word_1_188' title='bbox 2722 1213 2815 1271; x_wconf 89' lang='lat' dir='ltr'><strong>Dei</strong></span> <span class='ocrx_word' id='word_1_189' title='bbox 2849 1216 3018 1272; x_wconf 82' lang='lat' dir='ltr'><strong>fuisse</strong></span> <span class='ocrx_word' id='word_1_190' title='bbox 3045 1221 3379 1272; x_wconf 83' lang='lat' dir='ltr'><strong>memoratur</strong></span> <span class='ocrx_word' id='word_1_191' title='bbox 3408 1230 3423 1268; x_wconf 90' lang='lat'><strong>:</strong></span> <span class='ocrx_word' id='word_1_192' title='bbox 3453 1228 3617 1284; x_wconf 87' lang='lat' dir='ltr'><strong>quem</strong></span> 
     </span>
    </p>
   </div>
   <div class='ocr_carea' id='block_1_27' title="bbox 2040 1304 3621 1378">
    <p class='ocr_par' dir='ltr' id='par_1_27' title="bbox 2040 1304 3621 1378">
     <span class='ocr_line' id='line_1_27' title="bbox 2040 1304 3621 1378; baseline -0.003 -14"><span class='ocrx_word' id='word_1_193' title='bbox 2040 1310 2173 1366; x_wconf 90' lang='lat' dir='ltr'><strong>item</strong></span> <span class='ocrx_word' id='word_1_194' title='bbox 2209 1309 2377 1365; x_wconf 85' lang='lat' dir='ltr'><strong>David</strong></span> <span class='ocrx_word' id='word_1_195' title='bbox 2409 1308 2645 1372; x_wconf 79' lang='lat' dir='ltr'><strong>adiisse,</strong></span> <span class='ocrx_word' id='word_1_196' title='bbox 2680 1317 2972 1377; x_wconf 86' lang='lat' dir='ltr'><strong>antequam</strong></span> <span class='ocrx_word' id='word_1_197' title='bbox 3001 1307 3116 1378; x_wconf 70' lang='lat' dir='ltr'><strong>regi</strong></span> <span class='ocrx_word' id='word_1_198' title='bbox 3159 1306 3385 1361; x_wconf 80' lang='lat' dir='ltr'><strong>Auchus</strong></span> <span class='ocrx_word' id='word_1_199' title='bbox 3435 1320 3494 1360; x_wconf 89' lang='lat' dir='ltr'><strong>se</strong></span> <span class='ocrx_word' id='word_1_200' title='bbox 3544 1304 3621 1359; x_wconf 76' lang='lat' dir='ltr'><strong>si-</strong></span> 
     </span>
    </p>
   </div>
   <div class='ocr_carea' id='block_1_28' title="bbox 2041 1397 3667 1471">
    <p class='ocr_par' dir='ltr' id='par_1_28' title="bbox 2041 1397 3667 1471">
     <span class='ocr_line' id='line_1_28' title="bbox 2041 1397 3667 1471; baseline -0.004 -14"><span class='ocrx_word' id='word_1_201' title='bbox 2041 1409 2247 1466; x_wconf 86' lang='lat' dir='ltr'><strong>steret,</strong></span> <span class='ocrx_word' id='word_1_202' title='bbox 2299 1408 2630 1470; x_wconf 86' lang='lat' dir='ltr'><strong>enarratur;</strong></span> <span class='ocrx_word' id='word_1_203' title='bbox 2684 1401 2761 1455; x_wconf 88' lang='lat' dir='ltr'><strong>ait</strong></span> <span class='ocrx_word' id='word_1_204' title='bbox 2788 1401 2989 1471; x_wconf 89' lang='lat' dir='ltr'><strong>quippe</strong></span> <span class='ocrx_word' id='word_1_205' title='bbox 3021 1399 3349 1471; x_wconf 89' lang='lat' dir='ltr'><strong>Scriptura:</strong></span> <span class='ocrx_word' id='word_1_206' title='bbox 3384 1397 3452 1452; x_wconf 85' lang='lat' dir='ltr'><strong>Et</strong></span> <span class='ocrx_word' id='word_1_207' title='bbox 3481 1398 3621 1452; x_wconf 69' lang='lat' dir='ltr'><strong>vertit</strong></span> <span class='ocrx_word' id='word_1_208' title='bbox 3657 1451 3667 1468; x_wconf 42' lang='grc' dir='ltr'><strong>ι</strong></span> 
     </span>
    </p>
   </div>
   <div class='ocr_carea' id='block_1_29' title="bbox 2042 1488 3621 1552">
    <p class='ocr_par' dir='ltr' id='par_1_29' title="bbox 2042 1488 3621 1552">
     <span class='ocr_line' id='line_1_29' title="bbox 2042 1488 3621 1552; baseline -0.003 -5"><span class='ocrx_word' id='word_1_209' title='bbox 2042 1492 2215 1547; x_wconf 81' lang='lat' dir='ltr'><strong>David</strong></span> <span class='ocrx_word' id='word_1_210' title='bbox 2248 1493 2302 1546; x_wconf 87' lang='lat' dir='ltr'><strong>in</strong></span> <span class='ocrx_word' id='word_1_211' title='bbox 2336 1492 2546 1546; x_wconf 88' lang='lat' dir='ltr'><strong>Nobam</strong></span> <span class='ocrx_word' id='word_1_212' title='bbox 2581 1492 2648 1547; x_wconf 87' lang='lat' dir='ltr'><strong>ad</strong></span> <span class='ocrx_word' id='word_1_213' title='bbox 2675 1490 3007 1545; x_wconf 84' lang='lat' dir='ltr'><strong>Acltimeleclt</strong></span> <span class='ocrx_word' id='word_1_214' title='bbox 3046 1489 3408 1552; x_wconf 83' lang='lat' dir='ltr'><strong>sacerdotem,</strong></span> <span class='ocrx_word' id='word_1_215' title='bbox 3441 1499 3493 1544; x_wconf 89' lang='lat' dir='ltr'><strong>et</strong></span> <span class='ocrx_word' id='word_1_216' title='bbox 3527 1488 3621 1543; x_wconf 87' lang='lat' dir='ltr'><strong>ob-</strong></span> 
     </span>
    </p>
   </div>
   <div class='ocr_carea' id='block_1_30' title="bbox 2045 1582 3620 1653">
    <p class='ocr_par' dir='ltr' id='par_1_30' title="bbox 2045 1582 3620 1653">
     <span class='ocr_line' id='line_1_30' title="bbox 2045 1582 3620 1653; baseline -0.001 -15"><span class='ocrx_word' id='word_1_217' title='bbox 2045 1584 2247 1653; x_wconf 79' lang='lat' dir='ltr'><strong>stupuit</strong></span> <span class='ocrx_word' id='word_1_218' title='bbox 2293 1582 2621 1638; x_wconf 78' lang='lat' dir='ltr'><strong>Acltimeleclt</strong></span> <span class='ocrx_word' id='word_1_219' title='bbox 2666 1583 2731 1638; x_wconf 90' lang='lat' dir='ltr'><strong>de</strong></span> <span class='ocrx_word' id='word_1_220' title='bbox 2782 1599 3005 1637; x_wconf 85' lang='lat' dir='ltr'><strong>occursu</strong></span> <span class='ocrx_word' id='word_1_221' title='bbox 3049 1583 3207 1651; x_wconf 87' lang='lat' dir='ltr'><strong>ejus;</strong></span> <span class='ocrx_word' id='word_1_222' title='bbox 3242 1592 3292 1637; x_wconf 90' lang='lat' dir='ltr'><strong>et</strong></span> <span class='ocrx_word' id='word_1_223' title='bbox 3338 1582 3477 1635; x_wconf 76' lang='lat' dir='ltr'><strong>dixit</strong></span> <span class='ocrx_word' id='word_1_224' title='bbox 3524 1583 3620 1636; x_wconf 89' lang='lat' dir='ltr'><strong>ei:</strong></span> 
     </span>
    </p>
   </div>
   <div class='ocr_carea' id='block_1_31' title="bbox 2046 1676 3618 1747">
    <p class='ocr_par' dir='ltr' id='par_1_31' title="bbox 2046 1676 3618 1747">
     <span class='ocr_line' id='line_1_31' title="bbox 2046 1676 3618 1747; baseline -0.001 -15"><span class='ocrx_word' id='word_1_225' title='bbox 2046 1679 2229 1747; x_wconf 79' lang='lat' dir='ltr'><strong>Quare</strong></span> <span class='ocrx_word' id='word_1_226' title='bbox 2256 1687 2312 1732; x_wconf 90' lang='lat' dir='ltr'><strong>tu</strong></span> <span class='ocrx_word' id='word_1_227' title='bbox 2337 1679 2483 1733; x_wconf 85' lang='lat' dir='ltr'><strong>solus</strong></span> <span class='ocrx_word' id='word_1_228' title='bbox 2513 1688 2563 1733; x_wconf 85' lang='lat' dir='ltr'><strong>et</strong></span> <span class='ocrx_word' id='word_1_229' title='bbox 2591 1679 2770 1733; x_wconf 86' lang='lat' dir='ltr'><strong>nullus</strong></span> <span class='ocrx_word' id='word_1_230' title='bbox 2798 1689 2872 1733; x_wconf 89' lang='lat' dir='ltr'><strong>est</strong></span> <span class='ocrx_word' id='word_1_231' title='bbox 2903 1688 3070 1732; x_wconf 81' lang='lat' dir='ltr'><strong>tecum</strong></span> <span class='ocrx_word' id='word_1_232' title='bbox 3097 1681 3122 1735; x_wconf 72' lang='lat' dir='ltr'><strong>l</strong></span> <span class='ocrx_word' id='word_1_233' title='bbox 3150 1678 3218 1732; x_wconf 90' lang='lat' dir='ltr'><strong>Et</strong></span> <span class='ocrx_word' id='word_1_234' title='bbox 3246 1680 3322 1732; x_wconf 87' lang='lat' dir='ltr'><strong>ait</strong></span> <span class='ocrx_word' id='word_1_235' title='bbox 3347 1678 3519 1732; x_wconf 81' lang='lat' dir='ltr'><strong>David</strong></span> <span class='ocrx_word' id='word_1_236' title='bbox 3547 1676 3618 1731; x_wconf 85' lang='lat' dir='ltr'><strong>ad</strong></span> 
     </span>
    </p>
   </div>
   <div class='ocr_carea' id='block_1_32' title="bbox 2047 1767 3619 1838">
    <p class='ocr_par' dir='ltr' id='par_1_32' title="bbox 2047 1767 3619 1838">
     <span class='ocr_line' id='line_1_32' title="bbox 2047 1767 3619 1838; baseline -0.004 -11"><span class='ocrx_word' id='word_1_237' title='bbox 2047 1772 2419 1827; x_wconf 84' lang='lat' dir='ltr'><strong>sacerdotem:</strong></span> <span class='ocrx_word' id='word_1_238' title='bbox 2453 1768 2565 1823; x_wconf 79' lang='lat' dir='ltr'><strong>Rea:</strong></span> <span class='ocrx_word' id='word_1_239' title='bbox 2602 1770 2847 1838; x_wconf 64' lang='lat' dir='ltr'><strong>praecepit</strong></span> <span class='ocrx_word' id='word_1_240' title='bbox 2882 1768 3012 1822; x_wconf 82' lang='lat' dir='ltr'><strong>mihi</strong></span> <span class='ocrx_word' id='word_1_241' title='bbox 3049 1784 3341 1824; x_wconf 76' lang='lat' dir='ltr'><strong>sermonem</strong></span> <span class='ocrx_word' id='word_1_242' title='bbox 3381 1767 3531 1822; x_wconf 80' lang='lat' dir='ltr'><strong>hodie</strong></span> <span class='ocrx_word' id='word_1_243' title='bbox 3567 1777 3619 1821; x_wconf 87' lang='lat' dir='ltr'><strong>et</strong></span> 
     </span>
    </p>
   </div>
   <div class='ocr_carea' id='block_1_33' title="bbox 2046 1862 3618 1932">
    <p class='ocr_par' dir='ltr' id='par_1_33' title="bbox 2046 1862 3618 1932">
     <span class='ocr_line' id='line_1_33' title="bbox 2046 1862 3618 1932; baseline -0.005 -12"><span class='ocrx_word' id='word_1_244' title='bbox 2046 1865 2186 1920; x_wconf 74' lang='lat' dir='ltr'><strong>dixit</strong></span> <span class='ocrx_word' id='word_1_245' title='bbox 2212 1865 2342 1919; x_wconf 80' lang='lat' dir='ltr'><strong>mihi</strong></span> <span class='ocrx_word' id='word_1_246' title='bbox 2370 1880 2389 1918; x_wconf 91' lang='lat'><strong><em>:</em></strong></span> <span class='ocrx_word' id='word_1_247' title='bbox 2421 1862 2593 1919; x_wconf 88' lang='lat' dir='ltr'><strong>Nemo</strong></span> <span class='ocrx_word' id='word_1_248' title='bbox 2621 1864 2757 1917; x_wconf 80' lang='lat' dir='ltr'><strong>sciat</strong></span> <span class='ocrx_word' id='word_1_249' title='bbox 2786 1878 2895 1916; x_wconf 86' lang='lat' dir='ltr'><strong>rem</strong></span> <span class='ocrx_word' id='word_1_250' title='bbox 2921 1871 3132 1930; x_wconf 84' lang='lat' dir='ltr'><strong>propter</strong></span> <span class='ocrx_word' id='word_1_251' title='bbox 3156 1878 3314 1932; x_wconf 89' lang='lat' dir='ltr'><strong>quam</strong></span> <span class='ocrx_word' id='word_1_252' title='bbox 3339 1877 3432 1932; x_wconf 87' lang='lat' dir='ltr'><strong>ego</strong></span> <span class='ocrx_word' id='word_1_253' title='bbox 3464 1864 3618 1915; x_wconf 85' lang='lat' dir='ltr'><strong>mitto</strong></span> 
     </span>
    </p>
   </div>
   <div class='ocr_carea' id='block_1_34' title="bbox 366 1952 1952 2029">
    <p class='ocr_par' dir='ltr' id='par_1_34' title="bbox 366 1952 1944 2029">
     <span class='ocr_line' id='line_1_34' title="bbox 366 1952 1944 2029; baseline 0.004 -24"><span class='ocrx_word' id='word_1_254' title='bbox 366 1953 463 2006; x_wconf 83' lang='grc' dir='ltr'><strong>ταί</strong></span> <span class='ocrx_word' id='word_1_255' title='bbox 487 1969 588 2022; x_wconf 87' lang='grc' dir='ltr'><strong>μοι</strong></span> <span class='ocrx_word' id='word_1_256' title='bbox 608 1953 776 2021; x_wconf 75' lang='grc' dir='ltr'>ῥῆμα</span> <span class='ocrx_word' id='word_1_257' title='bbox 797 1953 1062 2024; x_wconf 80' lang='grc' dir='ltr'>σήμερον</span> <span class='ocrx_word' id='word_1_258' title='bbox 1080 1956 1178 2010; x_wconf 78' lang='grc' dir='ltr'><strong>καὶ</strong></span> <span class='ocrx_word' id='word_1_259' title='bbox 1204 1952 1335 2010; x_wconf 80' lang='grc' dir='ltr'>εἶπέ</span> <span class='ocrx_word' id='word_1_260' title='bbox 1355 1974 1475 2027; x_wconf 88' lang='grc' dir='ltr'>μοι·</span> <span class='ocrx_word' id='word_1_261' title='bbox 1493 1958 1720 2027; x_wconf 72' lang='grc' dir='ltr'>Μηδεὶς</span> <span class='ocrx_word' id='word_1_262' title='bbox 1744 1958 1944 2029; x_wconf 75' lang='grc' dir='ltr'>γνώτω</span> 
     </span>
    </p>
   </div>
   <div class='ocr_carea' id='block_1_35' title="bbox 2050 1952 3618 2029">
    <p class='ocr_par' dir='ltr' id='par_1_35' title="bbox 2050 1955 3618 2029">
     <span class='ocr_line' id='line_1_35' title="bbox 2050 1955 3618 2029; baseline -0.004 -16"><span class='ocrx_word' id='word_1_263' title='bbox 2050 1969 2126 2024; x_wconf 84' lang='lat' dir='ltr'><strong>te,</strong></span> <span class='ocrx_word' id='word_1_264' title='bbox 2154 1968 2203 2014; x_wconf 88' lang='lat' dir='ltr'><strong>et</strong></span> <span class='ocrx_word' id='word_1_265' title='bbox 2227 1958 2290 2013; x_wconf 88' lang='lat' dir='ltr'><strong>de</strong></span> <span class='ocrx_word' id='word_1_266' title='bbox 2316 1972 2422 2029; x_wconf 84' lang='lat' dir='ltr'><strong>qua</strong></span> <span class='ocrx_word' id='word_1_267' title='bbox 2448 1958 2670 2027; x_wconf 78' lang='lat' dir='ltr'><strong>prwcepi</strong></span> <span class='ocrx_word' id='word_1_268' title='bbox 2714 1956 2808 2009; x_wconf 86' lang='lat' dir='ltr'><strong>tibi</strong></span> <span class='ocrx_word' id='word_1_269' title='bbox 2830 1971 2849 2020; x_wconf 92' lang='lat'><strong><em>;</em></strong></span> <span class='ocrx_word' id='word_1_270' title='bbox 2876 1962 2927 2009; x_wconf 87' lang='lat' dir='ltr'><strong>et</strong></span> <span class='ocrx_word' id='word_1_271' title='bbox 2952 1955 3129 2023; x_wconf 82' lang='lat' dir='ltr'><strong>pueris</strong></span> <span class='ocrx_word' id='word_1_272' title='bbox 3159 1955 3473 2023; x_wconf 77' lang='lat' dir='ltr'><strong>testiﬁcatus</strong></span> <span class='ocrx_word' id='word_1_273' title='bbox 3501 1968 3618 2007; x_wconf 87' lang='lat' dir='ltr'><strong>sum</strong></span> 
     </span>
    </p>
   </div>
   <div class='ocr_carea' id='block_1_36' title="bbox 367 2041 1943 2121">
    <p class='ocr_par' dir='ltr' id='par_1_36' title="bbox 367 2041 1943 2121">
     <span class='ocr_line' id='line_1_36' title="bbox 367 2041 1943 2121; baseline 0.005 -25"><span class='ocrx_word' id='word_1_274' title='bbox 367 2044 436 2097; x_wconf 89' lang='grc' dir='ltr'>τὸ</span> <span class='ocrx_word' id='word_1_275' title='bbox 466 2041 631 2113; x_wconf 73' lang='grc' dir='ltr'>ῥῆμα</span> <span class='ocrx_word' id='word_1_276' title='bbox 665 2044 798 2113; x_wconf 76' lang='grc' dir='ltr'>περὶ</span> <span class='ocrx_word' id='word_1_277' title='bbox 846 2042 918 2101; x_wconf 87' lang='grc' dir='ltr'>οὗ</span> <span class='ocrx_word' id='word_1_278' title='bbox 976 2045 1092 2117; x_wconf 74' lang='grc' dir='ltr'>ἐγὼ</span> <span class='ocrx_word' id='word_1_279' title='bbox 1146 2046 1505 2103; x_wconf 80' lang='grc' dir='ltr'>ἀποστέλλω</span> <span class='ocrx_word' id='word_1_280' title='bbox 1529 2063 1622 2115; x_wconf 90' lang='grc' dir='ltr'><strong>σε,</strong></span> <span class='ocrx_word' id='word_1_281' title='bbox 1659 2050 1756 2105; x_wconf 81' lang='grc' dir='ltr'><strong>καὶ</strong></span> <span class='ocrx_word' id='word_1_282' title='bbox 1788 2050 1943 2121; x_wconf 82' lang='grc' dir='ltr'>ὑπὲρ</span> 
     </span>
    </p>
   </div>
   <div class='ocr_carea' id='block_1_37' title="bbox 369 2131 1944 2212">
    <p class='ocr_par' dir='ltr' id='par_1_37' title="bbox 369 2131 1944 2212">
     <span class='ocr_line' id='line_1_37' title="bbox 369 2131 1944 2212; baseline 0.003 -21"><span class='ocrx_word' id='word_1_283' title='bbox 369 2131 444 2193; x_wconf 87' lang='grc' dir='ltr'>οὗ</span> <span class='ocrx_word' id='word_1_284' title='bbox 476 2137 831 2208; x_wconf 81' lang='grc' dir='ltr'>ἐντέταλμαί</span> <span class='ocrx_word' id='word_1_285' title='bbox 887 2154 1005 2203; x_wconf 83' lang='grc' dir='ltr'>σοι,</span> <span class='ocrx_word' id='word_1_286' title='bbox 1069 2141 1167 2195; x_wconf 82' lang='grc' dir='ltr'><strong>καὶ</strong></span> <span class='ocrx_word' id='word_1_287' title='bbox 1198 2140 1322 2207; x_wconf 85' lang='grc' dir='ltr'>τοῖς</span> <span class='ocrx_word' id='word_1_288' title='bbox 1379 2141 1710 2211; x_wconf 82' lang='grc' dir='ltr'>παιδαρίοις</span> <span class='ocrx_word' id='word_1_289' title='bbox 1747 2141 1944 2212; x_wconf 85' lang='grc' dir='ltr'>διαμε-</span> 
     </span>
    </p>
   </div>
   <div class='ocr_carea' id='block_1_38' title="bbox 363 2231 1946 2305">
    <p class='ocr_par' dir='ltr' id='par_1_38' title="bbox 363 2231 1946 2305">
     <span class='ocr_line' id='line_1_38' title="bbox 363 2231 1946 2305; baseline 0.005 -24"><span class='ocrx_word' id='word_1_290' title='bbox 363 2231 739 2300; x_wconf 84' lang='grc' dir='ltr'>μαρτύρημαι</span> <span class='ocrx_word' id='word_1_291' title='bbox 788 2233 861 2286; x_wconf 88' lang='grc' dir='ltr'>ἐν</span> <span class='ocrx_word' id='word_1_292' title='bbox 905 2232 986 2298; x_wconf 88' lang='grc' dir='ltr'>τῷ</span> <span class='ocrx_word' id='word_1_293' title='bbox 1013 2233 1175 2299; x_wconf 86' lang='grc' dir='ltr'>τόπῳ</span> <span class='ocrx_word' id='word_1_294' title='bbox 1205 2234 1286 2299; x_wconf 85' lang='grc' dir='ltr'>τῷ</span> <span class='ocrx_word' id='word_1_295' title='bbox 1343 2234 1644 2305; x_wconf 82' lang='grc' dir='ltr'>λεγομένῳ</span> <span class='ocrx_word' id='word_1_296' title='bbox 1674 2235 1820 2290; x_wconf 85' lang='grc' dir='ltr'>Θεοῦ</span> <span class='ocrx_word' id='word_1_297' title='bbox 1850 2236 1946 2289; x_wconf 85' lang='grc' dir='ltr'>πί-</span> 
     </span>
    </p>
   </div>
   <div class='ocr_carea' id='block_1_39' title="bbox 367 2324 1942 2396">
    <p class='ocr_par' dir='ltr' id='par_1_39' title="bbox 367 2324 1942 2396">
     <span class='ocr_line' id='line_1_39' title="bbox 367 2324 1942 2396; baseline 0.003 -20"><span class='ocrx_word' id='word_1_298' title='bbox 367 2337 522 2389; x_wconf 86' lang='grc' dir='ltr'>στις.</span> <span class='ocrx_word' id='word_1_299' title='bbox 545 2324 657 2377; x_wconf 79' lang='grc' dir='ltr'><strong>Καὶ</strong></span> <span class='ocrx_word' id='word_1_300' title='bbox 684 2324 802 2378; x_wconf 87' lang='grc' dir='ltr'><strong>νῦν</strong></span> <span class='ocrx_word' id='word_1_301' title='bbox 826 2324 883 2378; x_wconf 83' lang='grc' dir='ltr'>ετ</span> <span class='ocrx_word' id='word_1_302' title='bbox 904 2327 1063 2383; x_wconf 75' lang='grc' dir='ltr'>εἰσιν</span> <span class='ocrx_word' id='word_1_303' title='bbox 1084 2324 1204 2379; x_wconf 85' lang='grc' dir='ltr'><strong>ὑπὸ</strong></span> <span class='ocrx_word' id='word_1_304' title='bbox 1260 2326 1375 2395; x_wconf 79' lang='grc' dir='ltr'><strong>τὴν</strong></span> <span class='ocrx_word' id='word_1_305' title='bbox 1427 2326 1595 2396; x_wconf 80' lang='grc' dir='ltr'>χεῖρά</span> <span class='ocrx_word' id='word_1_306' title='bbox 1618 2342 1732 2381; x_wconf 91' lang='grc' dir='ltr'><strong>σου</strong></span> <span class='ocrx_word' id='word_1_307' title='bbox 1758 2325 1942 2396; x_wconf 81' lang='grc' dir='ltr'>ἄρτοι,</span> 
     </span>
    </p>
   </div>
   <div class='ocr_carea' id='block_1_40' title="bbox 367 2411 1946 2490">
    <p class='ocr_par' dir='ltr' id='par_1_40' title="bbox 367 2411 1946 2490">
     <span class='ocr_line' id='line_1_40' title="bbox 367 2411 1946 2490; baseline 0.005 -24"><span class='ocrx_word' id='word_1_308' title='bbox 367 2411 474 2479; x_wconf 82' lang='grc' dir='ltr'>δὸς</span> <span class='ocrx_word' id='word_1_309' title='bbox 500 2417 586 2480; x_wconf 81' lang='grc' dir='ltr'>εὶς</span> <span class='ocrx_word' id='word_1_310' title='bbox 606 2415 812 2484; x_wconf 83' lang='grc' dir='ltr'>χεῖράς</span> <span class='ocrx_word' id='word_1_311' title='bbox 836 2434 956 2486; x_wconf 90' lang='grc' dir='ltr'><strong>μου</strong></span> <span class='ocrx_word' id='word_1_312' title='bbox 998 2417 1066 2471; x_wconf 81' lang='grc' dir='ltr'>τὸ</span> <span class='ocrx_word' id='word_1_313' title='bbox 1106 2417 1371 2487; x_wconf 85' lang='grc' dir='ltr'>εὑρεθέν.</span> <span class='ocrx_word' id='word_1_314' title='bbox 1413 2420 1522 2474; x_wconf 76' lang='grc' dir='ltr'><strong>Καὶ</strong></span> <span class='ocrx_word' id='word_1_315' title='bbox 1562 2420 1855 2490; x_wconf 82' lang='grc' dir='ltr'><strong>ἀπεκρίθη</strong></span> <span class='ocrx_word' id='word_1_316' title='bbox 1912 2422 1946 2474; x_wconf 87' lang='grc' dir='ltr'><em>ό</em></span> 
     </span>
    </p>
   </div>
   <div class='ocr_carea' id='block_1_41' title="bbox 368 2503 1946 2580">
    <p class='ocr_par' dir='ltr' id='par_1_41' title="bbox 368 2503 1946 2580">
     <span class='ocr_line' id='line_1_41' title="bbox 368 2503 1946 2580; baseline 0.006 -24"><span class='ocrx_word' id='word_1_317' title='bbox 368 2503 561 2571; x_wconf 76' lang='grc' dir='ltr'>ἱερεὺς</span> <span class='ocrx_word' id='word_1_318' title='bbox 583 2504 663 2570; x_wconf 85' lang='grc' dir='ltr'>τῷ</span> <span class='ocrx_word' id='word_1_319' title='bbox 704 2506 904 2574; x_wconf 83' lang='grc' dir='ltr'>Δαυῒδ,</span> <span class='ocrx_word' id='word_1_320' title='bbox 933 2507 1033 2561; x_wconf 76' lang='grc' dir='ltr'><strong>καὶ</strong></span> <span class='ocrx_word' id='word_1_321' title='bbox 1064 2504 1256 2563; x_wconf 77' lang='grc' dir='ltr'>εἶπεν·</span> <span class='ocrx_word' id='word_1_322' title='bbox 1292 2512 1413 2565; x_wconf 83' lang='grc' dir='ltr'><strong>Οὐκ</strong></span> <span class='ocrx_word' id='word_1_323' title='bbox 1442 2511 1602 2565; x_wconf 76' lang='grc' dir='ltr'>εἰσὶν</span> <span class='ocrx_word' id='word_1_324' title='bbox 1627 2510 1793 2580; x_wconf 83' lang='grc' dir='ltr'>ἆρτοι</span> <span class='ocrx_word' id='word_1_325' title='bbox 1836 2509 1946 2576; x_wconf 77' lang='grc' dir='ltr'>,ϐέ-</span> 
     </span>
    </p>
   </div>
   <div class='ocr_carea' id='block_1_42' title="bbox 368 2596 1949 2674">
    <p class='ocr_par' dir='ltr' id='par_1_42' title="bbox 368 2596 1949 2674">
     <span class='ocr_line' id='line_1_42' title="bbox 368 2596 1949 2674; baseline 0.006 -26"><span class='ocrx_word' id='word_1_326' title='bbox 368 2596 537 2662; x_wconf 76' lang='grc' dir='ltr'>ϐηλοι</span> <span class='ocrx_word' id='word_1_327' title='bbox 558 2596 673 2650; x_wconf 83' lang='grc' dir='ltr'><strong>ὑπὸ</strong></span> <span class='ocrx_word' id='word_1_328' title='bbox 707 2598 823 2667; x_wconf 81' lang='grc' dir='ltr'>τὴν</span> <span class='ocrx_word' id='word_1_329' title='bbox 846 2597 1016 2669; x_wconf 82' lang='grc' dir='ltr'>χεῖρά</span> <span class='ocrx_word' id='word_1_330' title='bbox 1033 2618 1175 2670; x_wconf 88' lang='grc' dir='ltr'>μου,</span> <span class='ocrx_word' id='word_1_331' title='bbox 1208 2601 1297 2655; x_wconf 84' lang='grc' dir='ltr'>ὅτι</span> <span class='ocrx_word' id='word_1_332' title='bbox 1328 2602 1465 2657; x_wconf 77' lang='grc' dir='ltr'>ἀλλ’</span> <span class='ocrx_word' id='word_1_333' title='bbox 1501 2602 1540 2672; x_wconf 78' lang='grc' dir='ltr'>ἢ</span> <span class='ocrx_word' id='word_1_334' title='bbox 1583 2603 1749 2672; x_wconf 79' lang='grc' dir='ltr'>ἄρτοι</span> <span class='ocrx_word' id='word_1_335' title='bbox 1792 2604 1949 2674; x_wconf 77' lang='grc' dir='ltr'>ἅγιοι</span> 
     </span>
    </p>
   </div>
   <div class='ocr_carea' id='block_1_43' title="bbox 366 2688 1948 2763">
    <p class='ocr_par' dir='ltr' id='par_1_43' title="bbox 366 2688 1948 2763">
     <span class='ocr_line' id='line_1_43' title="bbox 366 2688 1948 2763; baseline 0.006 -23"><span class='ocrx_word' id='word_1_336' title='bbox 366 2688 547 2740; x_wconf 75' lang='grc' dir='ltr'>εἰσιν·</span> <span class='ocrx_word' id='word_1_337' title='bbox 588 2690 642 2741; x_wconf 85' lang='grc' dir='ltr'>εὶ</span> <span class='ocrx_word' id='word_1_338' title='bbox 684 2692 1114 2761; x_wconf 68' lang='grc' dir='ltr'>πεφυλαγμένα</span> <span class='ocrx_word' id='word_1_339' title='bbox 1170 2693 1245 2747; x_wconf 87' lang='grc' dir='ltr'>τὰ</span> <span class='ocrx_word' id='word_1_340' title='bbox 1293 2692 1572 2763; x_wconf 84' lang='grc' dir='ltr'>παιδάριά</span> <span class='ocrx_word' id='word_1_341' title='bbox 1615 2695 1789 2749; x_wconf 83' lang='grc' dir='ltr'>ἐστιν</span> <span class='ocrx_word' id='word_1_342' title='bbox 1829 2696 1948 2750; x_wconf 81' lang='grc' dir='ltr'>ἀπὸ</span> 
     </span>
    </p>
   </div>
   <div class='ocr_carea' id='block_1_44' title="bbox 368 2777 1950 2854">
    <p class='ocr_par' dir='ltr' id='par_1_44' title="bbox 368 2777 1950 2854">
     <span class='ocr_line' id='line_1_44' title="bbox 368 2777 1950 2854; baseline 0.009 -26"><span class='ocrx_word' id='word_1_343' title='bbox 368 2777 674 2848; x_wconf 72' lang='grc' dir='ltr'>γυναικὸς,</span> <span class='ocrx_word' id='word_1_344' title='bbox 717 2780 816 2833; x_wconf 76' lang='grc' dir='ltr'><strong>καὶ</strong></span> <span class='ocrx_word' id='word_1_345' title='bbox 881 2779 1117 2850; x_wconf 73' lang='grc' dir='ltr'>φάγετε.</span> <span class='ocrx_word' id='word_1_346' title='bbox 1153 2783 1263 2838; x_wconf 79' lang='grc' dir='ltr'><strong>Καὶ</strong></span> <span class='ocrx_word' id='word_1_347' title='bbox 1316 2784 1605 2853; x_wconf 82' lang='grc' dir='ltr'><strong>ἀπεκρίθη</strong></span> <span class='ocrx_word' id='word_1_348' title='bbox 1630 2786 1813 2841; x_wconf 84' lang='grc' dir='ltr'>Δαυῒδ</span> <span class='ocrx_word' id='word_1_349' title='bbox 1868 2786 1950 2854; x_wconf 88' lang='grc' dir='ltr'>τῷ</span> 
     </span>
    </p>
   </div>
   <div class='ocr_carea' id='block_1_45' title="bbox 368 2865 1950 2949">
    <p class='ocr_par' dir='ltr' id='par_1_45' title="bbox 368 2865 1950 2949">
     <span class='ocr_line' id='line_1_45' title="bbox 368 2865 1950 2949; baseline 0.006 -27"><span class='ocrx_word' id='word_1_350' title='bbox 368 2867 531 2938; x_wconf 73' lang='grc' dir='ltr'>ἱερεῖ,</span> <span class='ocrx_word' id='word_1_351' title='bbox 555 2867 653 2921; x_wconf 73' lang='grc' dir='ltr'><strong>καὶ</strong></span> <span class='ocrx_word' id='word_1_352' title='bbox 671 2865 840 2937; x_wconf 70' lang='grc' dir='ltr'>εἶπεν</span> <span class='ocrx_word' id='word_1_353' title='bbox 860 2869 1038 2936; x_wconf 84' lang='grc' dir='ltr'>αὐτῷ·</span> <span class='ocrx_word' id='word_1_354' title='bbox 1069 2873 1221 2927; x_wconf 80' lang='grc' dir='ltr'>Ἀλλ’</span> <span class='ocrx_word' id='word_1_355' title='bbox 1243 2874 1359 2928; x_wconf 87' lang='grc' dir='ltr'>ἀπὸ</span> <span class='ocrx_word' id='word_1_356' title='bbox 1375 2876 1659 2945; x_wconf 77' lang='grc' dir='ltr'>γυναικὸς</span> <span class='ocrx_word' id='word_1_357' title='bbox 1681 2878 1950 2949; x_wconf 75' lang='grc' dir='ltr'>ἀπεσκή-</span> 
     </span>
    </p>
   </div>
   <div class='ocr_carea' id='block_1_46' title="bbox 364 2958 1952 3038">
    <p class='ocr_par' dir='ltr' id='par_1_46' title="bbox 364 2958 1952 3038">
     <span class='ocr_line' id='line_1_46' title="bbox 364 2958 1952 3038; baseline 0.006 -26"><span class='ocrx_word' id='word_1_358' title='bbox 364 2961 520 3028; x_wconf 79' lang='grc' dir='ltr'>μεθιι</span> <span class='ocrx_word' id='word_1_359' title='bbox 541 2958 716 3028; x_wconf 83' lang='grc' dir='ltr'>ἐχθὲς</span> <span class='ocrx_word' id='word_1_360' title='bbox 740 2960 837 3013; x_wconf 79' lang='grc' dir='ltr'><strong>καὶ</strong></span> <span class='ocrx_word' id='word_1_361' title='bbox 864 2961 1071 3030; x_wconf 80' lang='grc' dir='ltr'>τρίτην</span> <span class='ocrx_word' id='word_1_362' title='bbox 1096 2961 1341 3031; x_wconf 73' lang='grc' dir='ltr'>ἡμέραν·</span> <span class='ocrx_word' id='word_1_363' title='bbox 1367 2964 1437 3017; x_wconf 80' lang='grc' dir='ltr'>ἐν</span> <span class='ocrx_word' id='word_1_364' title='bbox 1482 2963 1562 3031; x_wconf 86' lang='grc' dir='ltr'>τῷ</span> <span class='ocrx_word' id='word_1_365' title='bbox 1587 2965 1853 3031; x_wconf 79' lang='grc' dir='ltr'>ἐξελθεῖν</span> <span class='ocrx_word' id='word_1_366' title='bbox 1874 2986 1952 3038; x_wconf 86' lang='grc' dir='ltr'><strong>με</strong></span> 
     </span>
    </p>
   </div>
   <div class='ocr_carea' id='block_1_47' title="bbox 371 3050 1959 3129">
    <p class='ocr_par' dir='ltr' id='par_1_47' title="bbox 371 3050 1959 3129">
     <span class='ocr_line' id='line_1_47' title="bbox 371 3050 1959 3129; baseline 0.006 -25"><span class='ocrx_word' id='word_1_367' title='bbox 371 3053 459 3117; x_wconf 78' lang='grc' dir='ltr'>εἰς</span> <span class='ocrx_word' id='word_1_368' title='bbox 481 3050 622 3104; x_wconf 79' lang='grc' dir='ltr'>ὁδὸν</span> <span class='ocrx_word' id='word_1_369' title='bbox 641 3050 849 3121; x_wconf 72' lang='grc' dir='ltr'>γέγονε</span> <span class='ocrx_word' id='word_1_370' title='bbox 880 3052 951 3107; x_wconf 86' lang='grc' dir='ltr'>τὰ</span> <span class='ocrx_word' id='word_1_371' title='bbox 976 3052 1253 3122; x_wconf 80' lang='grc' dir='ltr'>παιδάρια</span> <span class='ocrx_word' id='word_1_372' title='bbox 1281 3055 1634 3126; x_wconf 78' lang='grc' dir='ltr'>ἡγνισμένα·</span> <span class='ocrx_word' id='word_1_373' title='bbox 1671 3059 1769 3112; x_wconf 75' lang='grc' dir='ltr'><strong>καὶ</strong></span> <span class='ocrx_word' id='word_1_374' title='bbox 1798 3060 1959 3129; x_wconf 79' lang='grc' dir='ltr'>αὕτη</span> 
     </span>
    </p>
   </div>
   <div class='ocr_carea' id='block_1_48' title="bbox 371 3140 1953 3215">
    <p class='ocr_par' dir='ltr' id='par_1_48' title="bbox 371 3140 1953 3215">
     <span class='ocr_line' id='line_1_48' title="bbox 371 3140 1953 3215; baseline 0.004 -18"><span class='ocrx_word' id='word_1_375' title='bbox 371 3143 412 3210; x_wconf 82' lang='grc' dir='ltr'><em>ἠ</em></span> <span class='ocrx_word' id='word_1_376' title='bbox 442 3141 580 3207; x_wconf 81' lang='grc' dir='ltr'>ὁδὸς</span> <span class='ocrx_word' id='word_1_377' title='bbox 604 3140 889 3209; x_wconf 79' lang='grc' dir='ltr'>βέϐηλος·</span> <span class='ocrx_word' id='word_1_378' title='bbox 926 3143 1078 3197; x_wconf 85' lang='grc' dir='ltr'>διότι</span> <span class='ocrx_word' id='word_1_379' title='bbox 1107 3143 1377 3213; x_wconf 83' lang='grc' dir='ltr'>σήμερον</span> <span class='ocrx_word' id='word_1_380' title='bbox 1397 3146 1826 3215; x_wconf 78' lang='grc' dir='ltr'>ἀγιασθήσεται</span> <span class='ocrx_word' id='word_1_381' title='bbox 1855 3148 1953 3203; x_wconf 84' lang='grc' dir='ltr'>διὰ</span> 
     </span>
    </p>
   </div>
   <div class='ocr_carea' id='block_1_49' title="bbox 371 3230 1953 3306">
    <p class='ocr_par' dir='ltr' id='par_1_49' title="bbox 371 3230 1953 3306">
     <span class='ocr_line' id='line_1_49' title="bbox 371 3230 1953 3306; baseline 0.004 -21"><span class='ocrx_word' id='word_1_382' title='bbox 371 3230 443 3285; x_wconf 88' lang='grc' dir='ltr'>τὰ</span> <span class='ocrx_word' id='word_1_383' title='bbox 463 3232 655 3300; x_wconf 82' lang='grc' dir='ltr'>σκεύη</span> <span class='ocrx_word' id='word_1_384' title='bbox 700 3249 839 3302; x_wconf 90' lang='grc' dir='ltr'>μου.</span> <span class='ocrx_word' id='word_1_385' title='bbox 890 3234 999 3288; x_wconf 76' lang='grc' dir='ltr'><strong>Καὶ</strong></span> <span class='ocrx_word' id='word_1_386' title='bbox 1067 3233 1288 3288; x_wconf 79' lang='grc' dir='ltr'>ἔδωκεν</span> <span class='ocrx_word' id='word_1_387' title='bbox 1337 3233 1497 3301; x_wconf 80' lang='grc' dir='ltr'>αὐτῷ</span> <span class='ocrx_word' id='word_1_388' title='bbox 1553 3236 1868 3306; x_wconf 84' lang='grc' dir='ltr'>Ἀχιμέλεχ</span> <span class='ocrx_word' id='word_1_389' title='bbox 1919 3240 1953 3291; x_wconf 86' lang='grc' dir='ltr'><em>ό</em></span> 
     </span>
    </p>
   </div>
   <div class='ocr_carea' id='block_1_50' title="bbox 2044 2044 3618 2121">
    <p class='ocr_par' dir='ltr' id='par_1_50' title="bbox 2044 2044 3618 2121">
     <span class='ocr_line' id='line_1_50' title="bbox 2044 2044 3618 2121; baseline -0.007 -14"><span class='ocrx_word' id='word_1_390' title='bbox 2044 2053 2099 2106; x_wconf 87' lang='lat' dir='ltr'><strong>in</strong></span> <span class='ocrx_word' id='word_1_391' title='bbox 2133 2051 2247 2105; x_wconf 89' lang='lat' dir='ltr'><strong>loco</strong></span> <span class='ocrx_word' id='word_1_392' title='bbox 2277 2050 2368 2121; x_wconf 87' lang='lat' dir='ltr'><strong>qui</strong></span> <span class='ocrx_word' id='word_1_393' title='bbox 2395 2049 2615 2114; x_wconf 85' lang='lat' dir='ltr'><strong>dicitur,</strong></span> <span class='ocrx_word' id='word_1_394' title='bbox 2648 2048 2746 2101; x_wconf 85' lang='lat' dir='ltr'><strong>Dei</strong></span> <span class='ocrx_word' id='word_1_395' title='bbox 2779 2045 2932 2117; x_wconf 81' lang='lat' dir='ltr'><strong>ﬁdes.</strong></span> <span class='ocrx_word' id='word_1_396' title='bbox 2960 2045 3119 2099; x_wconf 83' lang='lat' dir='ltr'><strong>Nunc</strong></span> <span class='ocrx_word' id='word_1_397' title='bbox 3142 2061 3266 2116; x_wconf 86' lang='lat' dir='ltr'><strong>ergo</strong></span> <span class='ocrx_word' id='word_1_398' title='bbox 3300 2045 3347 2099; x_wconf 88' lang='lat' dir='ltr'><strong>si</strong></span> <span class='ocrx_word' id='word_1_399' title='bbox 3379 2044 3487 2098; x_wconf 86' lang='lat' dir='ltr'><strong>sint</strong></span> <span class='ocrx_word' id='word_1_400' title='bbox 3521 2044 3618 2098; x_wconf 88' lang='lat' dir='ltr'><strong>sub</strong></span> 
     </span>
    </p>
   </div>
   <div class='ocr_carea' id='block_1_51' title="bbox 2043 2136 3618 2211">
    <p class='ocr_par' dir='ltr' id='par_1_51' title="bbox 2043 2136 3618 2211">
     <span class='ocr_line' id='line_1_51' title="bbox 2043 2136 3618 2211; baseline -0.005 -14"><span class='ocrx_word' id='word_1_401' title='bbox 2043 2160 2205 2198; x_wconf 85' lang='lat' dir='ltr'><strong>manu</strong></span> <span class='ocrx_word' id='word_1_402' title='bbox 2240 2151 2334 2195; x_wconf 90' lang='lat' dir='ltr'><strong>tua</strong></span> <span class='ocrx_word' id='word_1_403' title='bbox 2360 2157 2520 2211; x_wconf 84' lang='lat' dir='ltr'><strong>panes</strong></span> <span class='ocrx_word' id='word_1_404' title='bbox 2546 2181 2560 2202; x_wconf 84' lang='lat'><em>.</em></span> <span class='ocrx_word' id='word_1_405' title='bbox 2590 2138 2661 2193; x_wconf 88' lang='lat' dir='ltr'><strong>da</strong></span> <span class='ocrx_word' id='word_1_406' title='bbox 2690 2140 2748 2193; x_wconf 90' lang='lat' dir='ltr'><strong>in</strong></span> <span class='ocrx_word' id='word_1_407' title='bbox 2780 2154 2969 2192; x_wconf 88' lang='lat' dir='ltr'><strong>manus</strong></span> <span class='ocrx_word' id='word_1_408' title='bbox 3003 2153 3147 2192; x_wconf 87' lang='lat' dir='ltr'><strong>meas</strong></span> <span class='ocrx_word' id='word_1_409' title='bbox 3180 2136 3318 2208; x_wconf 91' lang='lat' dir='ltr'><strong>quod</strong></span> <span class='ocrx_word' id='word_1_410' title='bbox 3354 2148 3618 2205; x_wconf 84' lang='lat' dir='ltr'><strong>repertum</strong></span> 
     </span>
    </p>
   </div>
   <div class='ocr_carea' id='block_1_52' title="bbox 2047 2224 3619 2302">
    <p class='ocr_par' dir='ltr' id='par_1_52' title="bbox 2047 2224 3619 2302">
     <span class='ocr_line' id='line_1_52' title="bbox 2047 2224 3619 2302; baseline -0.006 -13"><span class='ocrx_word' id='word_1_411' title='bbox 2047 2236 2227 2301; x_wconf 79' lang='lat' dir='ltr'><strong>fuerit.</strong></span> <span class='ocrx_word' id='word_1_412' title='bbox 2267 2233 2337 2288; x_wconf 90' lang='lat' dir='ltr'><strong>Et</strong></span> <span class='ocrx_word' id='word_1_413' title='bbox 2371 2230 2684 2302; x_wconf 85' lang='lat' dir='ltr'><strong>respondens</strong></span> <span class='ocrx_word' id='word_1_414' title='bbox 2717 2229 2966 2286; x_wconf 86' lang='lat' dir='ltr'><strong>sacerdos</strong></span> <span class='ocrx_word' id='word_1_415' title='bbox 2996 2228 3191 2285; x_wconf 83' lang='lat' dir='ltr'><strong>Davidi</strong></span> <span class='ocrx_word' id='word_1_416' title='bbox 3220 2229 3296 2283; x_wconf 88' lang='lat' dir='ltr'><strong>ait</strong></span> <span class='ocrx_word' id='word_1_417' title='bbox 3331 2228 3412 2281; x_wconf 87' lang='lat' dir='ltr'><strong>illi</strong></span> <span class='ocrx_word' id='word_1_418' title='bbox 3441 2243 3459 2282; x_wconf 90' lang='lat'><strong><em>:</em></strong></span> <span class='ocrx_word' id='word_1_419' title='bbox 3493 2224 3619 2280; x_wconf 85' lang='lat' dir='ltr'><strong>Non</strong></span> 
     </span>
    </p>
   </div>
   <div class='ocr_carea' id='block_1_53' title="bbox 2045 2319 3618 2394">
    <p class='ocr_par' dir='ltr' id='par_1_53' title="bbox 2045 2319 3618 2394">
     <span class='ocr_line' id='line_1_53' title="bbox 2045 2319 3618 2394; baseline -0.004 -15"><span class='ocrx_word' id='word_1_420' title='bbox 2045 2334 2169 2379; x_wconf 88' lang='lat' dir='ltr'><strong>sunt</strong></span> <span class='ocrx_word' id='word_1_421' title='bbox 2206 2340 2367 2394; x_wconf 86' lang='lat' dir='ltr'><strong>panes</strong></span> <span class='ocrx_word' id='word_1_422' title='bbox 2409 2324 2536 2377; x_wconf 90' lang='lat' dir='ltr'><strong>laici</strong></span> <span class='ocrx_word' id='word_1_423' title='bbox 2574 2321 2668 2376; x_wconf 87' lang='lat' dir='ltr'><strong>sub</strong></span> <span class='ocrx_word' id='word_1_424' title='bbox 2708 2336 2871 2375; x_wconf 86' lang='lat' dir='ltr'><strong>manu</strong></span> <span class='ocrx_word' id='word_1_425' title='bbox 2909 2337 3057 2387; x_wconf 85' lang='lat' dir='ltr'><strong>mea,</strong></span> <span class='ocrx_word' id='word_1_426' title='bbox 3097 2319 3187 2374; x_wconf 88' lang='lat' dir='ltr'><strong>sed</strong></span> <span class='ocrx_word' id='word_1_427' title='bbox 3222 2329 3426 2373; x_wconf 87' lang='lat' dir='ltr'><strong>tantum</strong></span> <span class='ocrx_word' id='word_1_428' title='bbox 3459 2334 3618 2387; x_wconf 75' lang='lat' dir='ltr'><strong>panes</strong></span> 
     </span>
    </p>
   </div>
   <div class='ocr_carea' id='block_1_54' title="bbox 2045 2411 3620 2485">
    <p class='ocr_par' dir='ltr' id='par_1_54' title="bbox 2045 2411 3620 2485">
     <span class='ocr_line' id='line_1_54' title="bbox 2045 2411 3620 2485; baseline -0.006 -13"><span class='ocrx_word' id='word_1_429' title='bbox 2045 2418 2253 2485; x_wconf 84' lang='lat' dir='ltr'><strong>sancti,</strong></span> <span class='ocrx_word' id='word_1_430' title='bbox 2294 2416 2342 2471; x_wconf 91' lang='lat' dir='ltr'><strong>si</strong></span> <span class='ocrx_word' id='word_1_431' title='bbox 2381 2416 2748 2470; x_wconf 82' lang='lat' dir='ltr'><strong>abstinuerunt</strong></span> <span class='ocrx_word' id='word_1_432' title='bbox 2794 2415 2945 2482; x_wconf 85' lang='lat' dir='ltr'><strong>pueri</strong></span> <span class='ocrx_word' id='word_1_433' title='bbox 2992 2429 3028 2467; x_wconf 92' lang='lat' dir='ltr'><strong>a</strong></span> <span class='ocrx_word' id='word_1_434' title='bbox 3068 2411 3417 2476; x_wconf 85' lang='lat' dir='ltr'><strong>mulieribus,</strong></span> <span class='ocrx_word' id='word_1_435' title='bbox 3446 2426 3620 2465; x_wconf 82' lang='lat' dir='ltr'><strong>come—</strong></span> 
     </span>
    </p>
   </div>
   <div class='ocr_carea' id='block_1_55' title="bbox 2046 2500 3622 2576">
    <p class='ocr_par' dir='ltr' id='par_1_55' title="bbox 2046 2500 3622 2576">
     <span class='ocr_line' id='line_1_55' title="bbox 2046 2500 3622 2576; baseline -0.006 -13"><span class='ocrx_word' id='word_1_436' title='bbox 2046 2508 2175 2563; x_wconf 86' lang='lat' dir='ltr'><strong>dite.</strong></span> <span class='ocrx_word' id='word_1_437' title='bbox 2206 2507 2271 2561; x_wconf 86' lang='lat' dir='ltr'><strong>Et</strong></span> <span class='ocrx_word' id='word_1_438' title='bbox 2299 2507 2567 2576; x_wconf 83' lang='lat' dir='ltr'><strong>respondit</strong></span> <span class='ocrx_word' id='word_1_439' title='bbox 2598 2505 2767 2560; x_wconf 81' lang='lat' dir='ltr'><strong>David</strong></span> <span class='ocrx_word' id='word_1_440' title='bbox 2791 2506 3087 2569; x_wconf 79' lang='lat' dir='ltr'><strong>sacerdoti,</strong></span> <span class='ocrx_word' id='word_1_441' title='bbox 3115 2513 3164 2559; x_wconf 89' lang='lat' dir='ltr'><strong>et</strong></span> <span class='ocrx_word' id='word_1_442' title='bbox 3190 2504 3324 2558; x_wconf 73' lang='lat' dir='ltr'><strong>dixit</strong></span> <span class='ocrx_word' id='word_1_443' title='bbox 3350 2504 3438 2557; x_wconf 88' lang='lat' dir='ltr'><strong>ei:</strong></span> <span class='ocrx_word' id='word_1_444' title='bbox 3469 2500 3622 2556; x_wconf 84' lang='lat' dir='ltr'><strong>Certe</strong></span> 
     </span>
    </p>
   </div>
   <div class='ocr_carea' id='block_1_56' title="bbox 2049 2594 3625 2655">
    <p class='ocr_par' dir='ltr' id='par_1_56' title="bbox 2049 2594 3625 2655">
     <span class='ocr_line' id='line_1_56' title="bbox 2049 2594 3625 2655; baseline -0.006 0"><span class='ocrx_word' id='word_1_445' title='bbox 2049 2617 2084 2655; x_wconf 90' lang='lat' dir='ltr'><strong>a</strong></span> <span class='ocrx_word' id='word_1_446' title='bbox 2113 2599 2420 2653; x_wconf 86' lang='lat' dir='ltr'><strong>mulieribus</strong></span> <span class='ocrx_word' id='word_1_447' title='bbox 2453 2599 2809 2652; x_wconf 86' lang='lat' dir='ltr'><strong>continuimus</strong></span> <span class='ocrx_word' id='word_1_448' title='bbox 2841 2613 2938 2653; x_wconf 82' lang='lat' dir='ltr'><strong>nos</strong></span> <span class='ocrx_word' id='word_1_449' title='bbox 2972 2595 3037 2650; x_wconf 91' lang='lat' dir='ltr'><strong>ab</strong></span> <span class='ocrx_word' id='word_1_450' title='bbox 3069 2597 3181 2650; x_wconf 83' lang='lat' dir='ltr'><strong>heri</strong></span> <span class='ocrx_word' id='word_1_451' title='bbox 3211 2604 3261 2649; x_wconf 91' lang='lat' dir='ltr'><strong>et</strong></span> <span class='ocrx_word' id='word_1_452' title='bbox 3291 2594 3485 2651; x_wconf 83' lang='lat' dir='ltr'><strong>nudius</strong></span> <span class='ocrx_word' id='word_1_453' title='bbox 3518 2602 3625 2648; x_wconf 83' lang='lat' dir='ltr'><strong>ter-</strong></span> 
     </span>
    </p>
   </div>
   <div class='ocr_carea' id='block_1_57' title="bbox 2050 2684 3627 2759">
    <p class='ocr_par' dir='ltr' id='par_1_57' title="bbox 2050 2684 3627 2759">
     <span class='ocr_line' id='line_1_57' title="bbox 2050 2684 3627 2759; baseline -0.004 -15"><span class='ocrx_word' id='word_1_454' title='bbox 2050 2692 2155 2744; x_wconf 80' lang='lat' dir='ltr'><strong>tius</strong></span> <span class='ocrx_word' id='word_1_455' title='bbox 2171 2730 2187 2755; x_wconf 91' lang='lat'><strong>,</strong></span> <span class='ocrx_word' id='word_1_456' title='bbox 2211 2688 2420 2759; x_wconf 85' lang='lat' dir='ltr'><strong>quando</strong></span> <span class='ocrx_word' id='word_1_457' title='bbox 2445 2688 2641 2759; x_wconf 83' lang='lat' dir='ltr'><strong>egressi</strong></span> <span class='ocrx_word' id='word_1_458' title='bbox 2666 2703 2849 2742; x_wconf 89' lang='lat' dir='ltr'><strong>sumus</strong></span> <span class='ocrx_word' id='word_1_459' title='bbox 2877 2689 2932 2741; x_wconf 87' lang='lat' dir='ltr'><strong>in</strong></span> <span class='ocrx_word' id='word_1_460' title='bbox 2956 2688 3096 2742; x_wconf 76' lang='lat' dir='ltr'><strong>uiam</strong></span> <span class='ocrx_word' id='word_1_461' title='bbox 3118 2730 3133 2750; x_wconf 86' lang='lat'><strong>,</strong></span> <span class='ocrx_word' id='word_1_462' title='bbox 3161 2696 3211 2742; x_wconf 85' lang='lat' dir='ltr'><strong>et</strong></span> <span class='ocrx_word' id='word_1_463' title='bbox 3238 2687 3451 2756; x_wconf 77' lang='lat' dir='ltr'><strong>fuerunt</strong></span> <span class='ocrx_word' id='word_1_464' title='bbox 3472 2684 3627 2754; x_wconf 81' lang='lat' dir='ltr'><strong>pueri</strong></span> 
     </span>
    </p>
   </div>
   <div class='ocr_carea' id='block_1_58' title="bbox 2049 2778 3622 2850">
    <p class='ocr_par' dir='ltr' id='par_1_58' title="bbox 2049 2778 3622 2850">
     <span class='ocr_line' id='line_1_58' title="bbox 2049 2778 3622 2850; baseline -0.002 -14"><span class='ocrx_word' id='word_1_465' title='bbox 2049 2781 2371 2850; x_wconf 78' lang='lat' dir='ltr'><strong>sanctiﬁcati</strong></span> <span class='ocrx_word' id='word_1_466' title='bbox 2395 2796 2412 2834; x_wconf 91' lang='lat'><strong><em>:</em></strong></span> <span class='ocrx_word' id='word_1_467' title='bbox 2442 2795 2600 2849; x_wconf 88' lang='lat' dir='ltr'><strong>porro</strong></span> <span class='ocrx_word' id='word_1_468' title='bbox 2630 2779 2713 2834; x_wconf 85' lang='lat' dir='ltr'><strong>via</strong></span> <span class='ocrx_word' id='word_1_469' title='bbox 2739 2778 2851 2833; x_wconf 74' lang='lat' dir='ltr'><strong>hinc</strong></span> <span class='ocrx_word' id='word_1_470' title='bbox 2879 2779 3084 2846; x_wconf 85' lang='lat' dir='ltr'><strong>polluta</strong></span> <span class='ocrx_word' id='word_1_471' title='bbox 3113 2787 3235 2841; x_wconf 84' lang='lat' dir='ltr'><strong>est;</strong></span> <span class='ocrx_word' id='word_1_472' title='bbox 3262 2778 3353 2833; x_wconf 86' lang='lat' dir='ltr'><strong>sed</strong></span> <span class='ocrx_word' id='word_1_473' title='bbox 3383 2779 3499 2847; x_wconf 89' lang='lat' dir='ltr'><strong>ipsa</strong></span> <span class='ocrx_word' id='word_1_474' title='bbox 3526 2778 3622 2833; x_wconf 82' lang='grc' dir='ltr'>Ιισ-</span> 
     </span>
    </p>
   </div>
   <div class='ocr_carea' id='block_1_59' title="bbox 2049 2858 3625 2940">
    <p class='ocr_par' dir='ltr' id='par_1_59' title="bbox 2049 2858 3625 2940">
     <span class='ocr_line' id='line_1_59' title="bbox 2049 2858 3625 2940; baseline -0.003 -15"><span class='ocrx_word' id='word_1_475' title='bbox 2049 2871 2135 2925; x_wconf 79' lang='lat' dir='ltr'><strong>die</strong></span> <span class='ocrx_word' id='word_1_476' title='bbox 2148 2858 2785 2940; x_wconf 81' lang='lat' dir='ltr'><strong>sanctiﬁcabiturpropter</strong></span> <span class='ocrx_word' id='word_1_477' title='bbox 2808 2886 2936 2923; x_wconf 76' lang='lat' dir='ltr'><strong>uasa</strong></span> <span class='ocrx_word' id='word_1_478' title='bbox 2962 2885 3097 2923; x_wconf 88' lang='lat' dir='ltr'><strong>mea.</strong></span> <span class='ocrx_word' id='word_1_479' title='bbox 3125 2867 3191 2922; x_wconf 88' lang='lat' dir='ltr'><strong>Et</strong></span> <span class='ocrx_word' id='word_1_480' title='bbox 3219 2868 3363 2922; x_wconf 87' lang='lat' dir='ltr'><strong>dedit</strong></span> <span class='ocrx_word' id='word_1_481' title='bbox 3388 2870 3436 2922; x_wconf 89' lang='lat' dir='ltr'><strong>ei</strong></span> <span class='ocrx_word' id='word_1_482' title='bbox 3463 2867 3625 2921; x_wconf 73' lang='lat' dir='ltr'><strong>Achi-</strong></span> 
     </span>
    </p>
   </div>
   <div class='ocr_carea' id='block_1_60' title="bbox 2051 2961 3626 3033">
    <p class='ocr_par' dir='ltr' id='par_1_60' title="bbox 2051 2961 3626 3033">
     <span class='ocr_line' id='line_1_60' title="bbox 2051 2961 3626 3033; baseline -0.003 -16"><span class='ocrx_word' id='word_1_483' title='bbox 2051 2962 2247 3018; x_wconf 88' lang='lat' dir='ltr'><strong>meleclt</strong></span> <span class='ocrx_word' id='word_1_484' title='bbox 2275 2962 2519 3019; x_wconf 86' lang='lat' dir='ltr'><strong>sacerdos</strong></span> <span class='ocrx_word' id='word_1_485' title='bbox 2545 2979 2703 3033; x_wconf 86' lang='lat' dir='ltr'><strong>panes</strong></span> <span class='ocrx_word' id='word_1_486' title='bbox 2730 2962 3103 3031; x_wconf 82' lang='lat' dir='ltr'><strong>propositionis</strong></span> <span class='ocrx_word' id='word_1_487' title='bbox 3124 3002 3139 3027; x_wconf 92' lang='lat'><strong>,</strong></span> <span class='ocrx_word' id='word_1_488' title='bbox 3165 2978 3325 3033; x_wconf 88' lang='lat' dir='ltr'><strong>neque</strong></span> <span class='ocrx_word' id='word_1_489' title='bbox 3344 2961 3481 3015; x_wconf 86' lang='lat' dir='ltr'><strong>enim</strong></span> <span class='ocrx_word' id='word_1_490' title='bbox 3509 2968 3626 3014; x_wconf 84' lang='lat' dir='ltr'><strong>erat</strong></span> 
     </span>
    </p>
   </div>
   <div class='ocr_carea' id='block_1_61' title="bbox 2052 3053 3632 3126">
    <p class='ocr_par' dir='ltr' id='par_1_61' title="bbox 2052 3053 3632 3126">
     <span class='ocr_line' id='line_1_61' title="bbox 2052 3053 3632 3126; baseline -0.001 -16"><span class='ocrx_word' id='word_1_491' title='bbox 2052 3057 2126 3110; x_wconf 88' lang='lat' dir='ltr'><strong>ibi</strong></span> <span class='ocrx_word' id='word_1_492' title='bbox 2153 3059 2339 3126; x_wconf 84' lang='lat' dir='ltr'><strong>panis,</strong></span> <span class='ocrx_word' id='word_1_493' title='bbox 2372 3058 2476 3111; x_wconf 80' lang='lat' dir='ltr'><strong>nisi</strong></span> <span class='ocrx_word' id='word_1_494' title='bbox 2508 3066 2713 3110; x_wconf 87' lang='lat' dir='ltr'><strong>tantum</strong></span> <span class='ocrx_word' id='word_1_495' title='bbox 2741 3070 2904 3124; x_wconf 85' lang='lat' dir='ltr'><strong>panes</strong></span> <span class='ocrx_word' id='word_1_496' title='bbox 2934 3055 3123 3123; x_wconf 76' lang='lat' dir='ltr'><strong>faciei,</strong></span> <span class='ocrx_word' id='word_1_497' title='bbox 3154 3054 3245 3125; x_wconf 88' lang='lat' dir='ltr'><strong>qui</strong></span> <span class='ocrx_word' id='word_1_498' title='bbox 3281 3053 3474 3107; x_wconf 75' lang='lat' dir='ltr'><strong>sublati</strong></span> <span class='ocrx_word' id='word_1_499' title='bbox 3511 3053 3632 3123; x_wconf 71' lang='lat' dir='ltr'><strong>[uc-</strong></span> 
     </span>
    </p>
   </div>
   <div class='ocr_carea' id='block_1_62' title="bbox 2055 3142 3627 3214">
    <p class='ocr_par' dir='ltr' id='par_1_62' title="bbox 2055 3142 3627 3214">
     <span class='ocr_line' id='line_1_62' title="bbox 2055 3142 3627 3214; baseline -0.002 -16"><span class='ocrx_word' id='word_1_500' title='bbox 2055 3156 2175 3199; x_wconf 85' lang='lat' dir='ltr'><strong>rant</strong></span> <span class='ocrx_word' id='word_1_501' title='bbox 2201 3162 2234 3198; x_wconf 91' lang='lat' dir='ltr'><strong>a</strong></span> <span class='ocrx_word' id='word_1_502' title='bbox 2264 3144 2401 3214; x_wconf 79' lang='lat' dir='ltr'><strong>facie</strong></span> <span class='ocrx_word' id='word_1_503' title='bbox 2425 3145 2638 3200; x_wconf 87' lang='lat' dir='ltr'><strong>Domini</strong></span> <span class='ocrx_word' id='word_1_504' title='bbox 2659 3184 2672 3209; x_wconf 91' lang='lat'><strong>,</strong></span> <span class='ocrx_word' id='word_1_505' title='bbox 2700 3153 2757 3197; x_wconf 87' lang='lat' dir='ltr'><strong>ut</strong></span> <span class='ocrx_word' id='word_1_506' title='bbox 2786 3153 3064 3213; x_wconf 85' lang='lat' dir='ltr'><strong>poneretur</strong></span> <span class='ocrx_word' id='word_1_507' title='bbox 3086 3144 3240 3213; x_wconf 84' lang='lat' dir='ltr'><strong>panis</strong></span> <span class='ocrx_word' id='word_1_508' title='bbox 3268 3142 3494 3207; x_wconf 86' lang='lat' dir='ltr'><strong>calidus,</strong></span> <span class='ocrx_word' id='word_1_509' title='bbox 3523 3158 3627 3208; x_wconf 78' lang='lat' dir='ltr'><strong>qua</strong></span> 
     </span>
    </p>
   </div>
   <div class='ocr_carea' id='block_1_63' title="bbox 2054 3239 2561 3308">
    <p class='ocr_par' dir='ltr' id='par_1_63' title="bbox 2054 3239 2561 3308">
     <span class='ocr_line' id='line_1_63' title="bbox 2054 3239 2561 3308; baseline 0 -17"><span class='ocrx_word' id='word_1_510' title='bbox 2054 3239 2139 3292; x_wconf 89' lang='lat' dir='ltr'><strong>die</strong></span> <span class='ocrx_word' id='word_1_511' title='bbox 2170 3240 2368 3308; x_wconf 87' lang='lat' dir='ltr'><strong>accepit</strong></span> <span class='ocrx_word' id='word_1_512' title='bbox 2399 3255 2486 3293; x_wconf 87' lang='lat' dir='ltr'><strong>eos</strong></span> <span class='ocrx_word' id='word_1_513' title='bbox 2518 3240 2561 3291; x_wconf 75' lang='grc'><strong>⁸.</strong></span> 
     </span>
    </p>
   </div>
   <div class='ocr_carea' id='block_1_64' title="bbox 372 3321 3630 3401">
    <p class='ocr_par' dir='ltr' id='par_1_64' title="bbox 372 3321 3630 3401">
     <span class='ocr_line' id='line_1_64' title="bbox 372 3321 3630 3401; baseline 0.003 -27"><span class='ocrx_word' id='word_1_514' title='bbox 372 3321 561 3390; x_wconf 75' lang='grc' dir='ltr'>ἱερεὺς</span> <span class='ocrx_word' id='word_1_515' title='bbox 589 3322 732 3389; x_wconf 86' lang='grc' dir='ltr'>τοὺς</span> <span class='ocrx_word' id='word_1_516' title='bbox 776 3323 998 3392; x_wconf 77' lang='grc' dir='ltr'>ἄρτους</span> <span class='ocrx_word' id='word_1_517' title='bbox 1034 3324 1146 3394; x_wconf 85' lang='grc' dir='ltr'><strong>τῆς</strong></span> <span class='ocrx_word' id='word_1_518' title='bbox 1179 3328 1537 3395; x_wconf 80' lang='grc' dir='ltr'>προθέσεως·</span> <span class='ocrx_word' id='word_1_519' title='bbox 1590 3329 1680 3383; x_wconf 85' lang='grc' dir='ltr'>ὅτι</span> <span class='ocrx_word' id='word_1_520' title='bbox 1734 3331 1847 3383; x_wconf 84' lang='grc' dir='ltr'><strong>οὐκ</strong></span> <span class='ocrx_word' id='word_1_521' title='bbox 1887 3325 1967 3401; x_wconf 77' lang='grc' dir='ltr'>ἦν</span> <span class='ocrx_word' id='word_1_522' title='bbox 2003 3328 2203 3398; x_wconf 78' lang='grc' dir='ltr'>ἄρτος,</span> <span class='ocrx_word' id='word_1_523' title='bbox 2235 3331 2374 3384; x_wconf 81' lang='grc' dir='ltr'>ἀλλ’</span> <span class='ocrx_word' id='word_1_524' title='bbox 2398 3331 2436 3399; x_wconf 81' lang='grc' dir='ltr'><em>ἢ</em></span> <span class='ocrx_word' id='word_1_525' title='bbox 2463 3330 2626 3399; x_wconf 74' lang='grc' dir='ltr'>ἄρτοι</span> <span class='ocrx_word' id='word_1_526' title='bbox 2652 3331 2761 3386; x_wconf 88' lang='grc' dir='ltr'><strong>τοῦ</strong></span> <span class='ocrx_word' id='word_1_527' title='bbox 2783 3332 3107 3401; x_wconf 84' lang='grc' dir='ltr'>προσώπου</span> <span class='ocrx_word' id='word_1_528' title='bbox 3141 3332 3195 3384; x_wconf 83' lang='grc' dir='ltr'><strong>οι</strong></span> <span class='ocrx_word' id='word_1_529' title='bbox 3260 3330 3630 3400; x_wconf 63' lang='grc' dir='ltr'>ἀφῃρημένοι</span> 
     </span>
    </p>
   </div>
   <div class='ocr_carea' id='block_1_65' title="bbox 368 3419 3132 3502">
    <p class='ocr_par' dir='ltr' id='par_1_65' title="bbox 368 3419 3132 3502">
     <span class='ocr_line' id='line_1_65' title="bbox 368 3419 3132 3502; baseline 0.006 -28"><span class='ocrx_word' id='word_1_530' title='bbox 368 3419 440 3474; x_wconf 80' lang='grc' dir='ltr'><strong>ἐκ</strong></span> <span class='ocrx_word' id='word_1_531' title='bbox 461 3421 785 3489; x_wconf 87' lang='grc' dir='ltr'>προσώπου</span> <span class='ocrx_word' id='word_1_532' title='bbox 809 3422 1029 3491; x_wconf 63' lang='grc' dir='ltr'>Κυρίου</span> <span class='ocrx_word' id='word_1_533' title='bbox 1054 3423 1162 3477; x_wconf 87' lang='grc' dir='ltr'><strong>τοῦ</strong></span> <span class='ocrx_word' id='word_1_534' title='bbox 1202 3426 1603 3496; x_wconf 83' lang='grc' dir='ltr'>παρατεθῆναι</span> <span class='ocrx_word' id='word_1_535' title='bbox 1636 3428 1818 3497; x_wconf 78' lang='grc' dir='ltr'>ἄρτον</span> <span class='ocrx_word' id='word_1_536' title='bbox 1855 3430 2091 3499; x_wconf 83' lang='grc' dir='ltr'>θερμὸν,</span> <span class='ocrx_word' id='word_1_537' title='bbox 2117 3424 2157 3502; x_wconf 83' lang='grc' dir='ltr'><strong><em>ᾖ</em></strong></span> <span class='ocrx_word' id='word_1_538' title='bbox 2200 3429 2392 3500; x_wconf 79' lang='grc' dir='ltr'>ἡμέρᾳ</span> <span class='ocrx_word' id='word_1_539' title='bbox 2415 3429 2631 3486; x_wconf 78' lang='grc' dir='ltr'>ἐλαϐεν</span> <span class='ocrx_word' id='word_1_540' title='bbox 2650 3431 2892 3496; x_wconf 82' lang='grc' dir='ltr'>αὐτούς.</span> <span class='ocrx_word' id='word_1_541' title='bbox 3126 3485 3132 3491; x_wconf 87' lang='grc'>.</span> 
     </span>
    </p>
   </div>
   <div class='ocr_carea' id='block_1_66' title="bbox 443 3510 1952 3597">
    <p class='ocr_par' dir='ltr' id='par_1_66' title="bbox 443 3510 1950 3594">
     <span class='ocr_line' id='line_1_66' title="bbox 443 3510 1950 3594; baseline 0.006 -28"><span class='ocrx_word' id='word_1_542' title='bbox 443 3511 631 3567; x_wconf 85' lang='grc' dir='ltr'>Ταῦτα</span> <span class='ocrx_word' id='word_1_543' title='bbox 673 3513 770 3591; x_wconf 72' lang='grc' dir='ltr'><strong>μὲν</strong></span> <span class='ocrx_word' id='word_1_544' title='bbox 817 3510 910 3567; x_wconf 81' lang='grc' dir='ltr'><strong>οὖν</strong></span> <span class='ocrx_word' id='word_1_545' title='bbox 948 3515 982 3587; x_wconf 84' lang='grc' dir='ltr'>ἡ</span> <span class='ocrx_word' id='word_1_546' title='bbox 1021 3517 1152 3587; x_wconf 74' lang='grc' dir='ltr'>περὶ</span> <span class='ocrx_word' id='word_1_547' title='bbox 1195 3517 1291 3570; x_wconf 88' lang='grc' dir='ltr'><strong>τοῦ</strong></span> <span class='ocrx_word' id='word_1_548' title='bbox 1361 3518 1647 3591; x_wconf 84' lang='grc' dir='ltr'>Ἀχιμέλεχ</span> <span class='ocrx_word' id='word_1_549' title='bbox 1697 3521 1950 3594; x_wconf 79' lang='grc' dir='ltr'>διήγησις</span> 
     </span>
    </p>
   </div>
   <div class='ocr_carea' id='block_1_67' title="bbox 2050 3510 3629 3597">
    <p class='ocr_par' dir='ltr' id='par_1_67' title="bbox 2124 3517 3629 3579">
     <span class='ocr_line' id='line_1_67' title="bbox 2124 3517 3629 3579; baseline -0.001 -2"><span class='ocrx_word' id='word_1_550' title='bbox 2124 3523 2250 3579; x_wconf 67' lang='lat' dir='ltr'><strong>llaae</strong></span> <span class='ocrx_word' id='word_1_551' title='bbox 2289 3523 2451 3578; x_wconf 87' lang='lat' dir='ltr'><strong>habet</strong></span> <span class='ocrx_word' id='word_1_552' title='bbox 2490 3522 2734 3576; x_wconf 84' lang='lat' dir='ltr'><strong>narratio</strong></span> <span class='ocrx_word' id='word_1_553' title='bbox 2773 3522 2865 3575; x_wconf 90' lang='lat' dir='ltr'><strong>illa</strong></span> <span class='ocrx_word' id='word_1_554' title='bbox 2902 3519 2969 3575; x_wconf 90' lang='lat' dir='ltr'><strong>de</strong></span> <span class='ocrx_word' id='word_1_555' title='bbox 3006 3518 3379 3574; x_wconf 86' lang='lat' dir='ltr'><strong>Achimeleeh.</strong></span> <span class='ocrx_word' id='word_1_556' title='bbox 3421 3517 3629 3576; x_wconf 89' lang='lat' dir='ltr'><strong>Deinde</strong></span> 
     </span>
    </p>
   </div>
   <div class='ocr_carea' id='block_1_68' title="bbox 372 3604 1949 3682">
    <p class='ocr_par' dir='ltr' id='par_1_68' title="bbox 372 3604 1949 3682">
     <span class='ocr_line' id='line_1_68' title="bbox 372 3604 1949 3682; baseline 0.006 -23"><span class='ocrx_word' id='word_1_557' title='bbox 372 3604 636 3679; x_wconf 77' lang='grc' dir='ltr'>περιέχει·</span> <span class='ocrx_word' id='word_1_558' title='bbox 691 3604 818 3675; x_wconf 77' lang='grc' dir='ltr'>ἑξῆς</span> <span class='ocrx_word' id='word_1_559' title='bbox 867 3605 925 3658; x_wconf 79' lang='grc' dir='ltr'><strong>δὲ</strong></span> <span class='ocrx_word' id='word_1_560' title='bbox 973 3608 1242 3677; x_wconf 80' lang='grc' dir='ltr'>συνῆπται</span> <span class='ocrx_word' id='word_1_561' title='bbox 1289 3609 1364 3673; x_wconf 82' lang='grc' dir='ltr'>ὡς</span> <span class='ocrx_word' id='word_1_562' title='bbox 1394 3612 1593 3682; x_wconf 80' lang='grc' dir='ltr'>ἀνέστη</span> <span class='ocrx_word' id='word_1_563' title='bbox 1645 3614 1810 3667; x_wconf 75' lang='grc' dir='ltr'><strong>Δαυῖδ</strong></span> <span class='ocrx_word' id='word_1_564' title='bbox 1855 3617 1949 3669; x_wconf 76' lang='grc' dir='ltr'><strong>καὶ</strong></span> 
     </span>
    </p>
   </div>
   <div class='ocr_carea' id='block_1_69' title="bbox 372 3698 1952 3776">
    <p class='ocr_par' dir='ltr' id='par_1_69' title="bbox 372 3698 1952 3776">
     <span class='ocr_line' id='line_1_69' title="bbox 372 3698 1952 3776; baseline 0.005 -24"><span class='ocrx_word' id='word_1_565' title='bbox 372 3699 573 3767; x_wconf 71' lang='grc' dir='ltr'>ἔφυγεν</span> <span class='ocrx_word' id='word_1_566' title='bbox 595 3699 653 3751; x_wconf 81' lang='grc' dir='ltr'>ὲν</span> <span class='ocrx_word' id='word_1_567' title='bbox 680 3701 746 3769; x_wconf 78' lang='grc' dir='ltr'>τῇ</span> <span class='ocrx_word' id='word_1_568' title='bbox 777 3698 962 3769; x_wconf 78' lang='grc' dir='ltr'>ἡμέρᾳ</span> <span class='ocrx_word' id='word_1_569' title='bbox 995 3700 1198 3771; x_wconf 78' lang='grc' dir='ltr'>ἐκείνῃ·</span> <span class='ocrx_word' id='word_1_570' title='bbox 1259 3700 1355 3754; x_wconf 89' lang='grc' dir='ltr'><strong>τοῦ</strong></span> <span class='ocrx_word' id='word_1_571' title='bbox 1381 3719 1441 3756; x_wconf 91' lang='grc' dir='ltr'><strong>τε</strong></span> <span class='ocrx_word' id='word_1_572' title='bbox 1483 3705 1768 3776; x_wconf 83' lang='grc' dir='ltr'>Ἀχιμέλεχ</span> <span class='ocrx_word' id='word_1_573' title='bbox 1822 3707 1952 3761; x_wconf 84' lang='grc' dir='ltr'>ἀνα-</span> 
     </span>
    </p>
   </div>
   <div class='ocr_carea' id='block_1_70' title="bbox 371 3784 1952 3869">
    <p class='ocr_par' dir='ltr' id='par_1_70' title="bbox 371 3784 1952 3869">
     <span class='ocr_line' id='line_1_70' title="bbox 371 3784 1952 3869; baseline 0.001 -25"><span class='ocrx_word' id='word_1_574' title='bbox 371 3793 645 3864; x_wconf 79' lang='grc' dir='ltr'>χωρήσας,</span> <span class='ocrx_word' id='word_1_575' title='bbox 671 3784 802 3860; x_wconf 79' lang='grc' dir='ltr'>ῆλθε</span> <span class='ocrx_word' id='word_1_576' title='bbox 847 3790 984 3861; x_wconf 84' lang='grc' dir='ltr'>πρὸς</span> <span class='ocrx_word' id='word_1_577' title='bbox 1020 3790 1247 3862; x_wconf 84' lang='grc' dir='ltr'>Ἀγχοῦς</span> <span class='ocrx_word' id='word_1_578' title='bbox 1293 3792 1517 3863; x_wconf 81' lang='grc' dir='ltr'>βασιλέα</span> <span class='ocrx_word' id='word_1_579' title='bbox 1578 3796 1700 3848; x_wconf 85' lang='grc' dir='ltr'>Γέθ.</span> <span class='ocrx_word' id='word_1_580' title='bbox 1761 3798 1817 3850; x_wconf 87' lang='grc' dir='ltr'><strong>Ὀ</strong></span> <span class='ocrx_word' id='word_1_581' title='bbox 1854 3798 1952 3869; x_wconf 85' lang='grc' dir='ltr'>μὲν</span> 
     </span>
    </p>
   </div>
   <div class='ocr_carea' id='block_1_71' title="bbox 373 3880 1949 3959">
    <p class='ocr_par' dir='ltr' id='par_1_71' title="bbox 373 3880 1949 3959">
     <span class='ocr_line' id='line_1_71' title="bbox 373 3880 1949 3959; baseline 0.003 -23"><span class='ocrx_word' id='word_1_582' title='bbox 373 3880 467 3936; x_wconf 77' lang='grc' dir='ltr'><strong>οὖν</strong></span> <span class='ocrx_word' id='word_1_583' title='bbox 495 3900 577 3946; x_wconf 86' lang='grc' dir='ltr'><strong>τις</strong></span> <span class='ocrx_word' id='word_1_584' title='bbox 606 3884 740 3954; x_wconf 81' lang='grc' dir='ltr'>ἐρεῖ,</span> <span class='ocrx_word' id='word_1_585' title='bbox 770 3881 892 3934; x_wconf 69' lang='grc' dir='ltr'>ἐπεὶ</span> <span class='ocrx_word' id='word_1_586' title='bbox 955 3882 1028 3953; x_wconf 85' lang='grc' dir='ltr'>μὴ</span> <span class='ocrx_word' id='word_1_587' title='bbox 1098 3884 1392 3955; x_wconf 72' lang='grc' dir='ltr'>ἐμφέρεται</span> <span class='ocrx_word' id='word_1_588' title='bbox 1427 3887 1486 3938; x_wconf 83' lang='grc' dir='ltr'>ὲν</span> <span class='ocrx_word' id='word_1_589' title='bbox 1513 3888 1578 3957; x_wconf 81' lang='grc' dir='ltr'>τῇ</span> <span class='ocrx_word' id='word_1_590' title='bbox 1643 3887 1853 3959; x_wconf 78' lang='grc' dir='ltr'>ἱστορίᾳ</span> <span class='ocrx_word' id='word_1_591' title='bbox 1882 3890 1949 3959; x_wconf 82' lang='grc' dir='ltr'>τῇ</span> 
     </span>
    </p>
   </div>
   <div class='ocr_carea' id='block_1_72' title="bbox 375 3971 1954 4047">
    <p class='ocr_par' dir='ltr' id='par_1_72' title="bbox 375 3971 1954 4047">
     <span class='ocr_line' id='line_1_72' title="bbox 375 3971 1954 4047; baseline 0.002 -20"><span class='ocrx_word' id='word_1_592' title='bbox 375 3972 517 4027; x_wconf 77' lang='grc' dir='ltr'>κατὰ</span> <span class='ocrx_word' id='word_1_593' title='bbox 534 3971 625 4025; x_wconf 85' lang='grc' dir='ltr'><strong>τὸν</strong></span> <span class='ocrx_word' id='word_1_594' title='bbox 681 3971 969 4043; x_wconf 82' lang='grc' dir='ltr'>Ἀχιμέλεχ</span> <span class='ocrx_word' id='word_1_595' title='bbox 1010 3989 1028 4023; x_wconf 83' lang='lat' dir='ltr'><strong>t</strong></span> <span class='ocrx_word' id='word_1_596' title='bbox 1062 3971 1362 4037; x_wconf 84' lang='grc' dir='ltr'>ἀλλοιώσας</span> <span class='ocrx_word' id='word_1_597' title='bbox 1403 3973 1465 4028; x_wconf 80' lang='grc' dir='ltr'><strong>τὸ</strong></span> <span class='ocrx_word' id='word_1_598' title='bbox 1514 3975 1804 4047; x_wconf 83' lang='grc' dir='ltr'>πρόσωπον</span> <span class='ocrx_word' id='word_1_599' title='bbox 1857 3978 1954 4031; x_wconf 87' lang='grc' dir='ltr'>αύ-</span> 
     </span>
    </p>
   </div>
   <div class='ocr_carea' id='block_1_73' title="bbox 372 4064 1951 4139">
    <p class='ocr_par' dir='ltr' id='par_1_73' title="bbox 372 4064 1951 4139">
     <span class='ocr_line' id='line_1_73' title="bbox 372 4064 1951 4139; baseline 0.003 -19"><span class='ocrx_word' id='word_1_600' title='bbox 372 4065 469 4120; x_wconf 76' lang='grc' dir='ltr'><strong>τοῦ</strong></span> <span class='ocrx_word' id='word_1_601' title='bbox 499 4068 528 4119; x_wconf 83' lang='grc' dir='ltr'>ὁ</span> <span class='ocrx_word' id='word_1_602' title='bbox 558 4064 737 4131; x_wconf 78' lang='grc' dir='ltr'>Δαυῒδ,</span> <span class='ocrx_word' id='word_1_603' title='bbox 777 4086 795 4118; x_wconf 78' lang='grc' dir='ltr'><strong>ι</strong></span> <span class='ocrx_word' id='word_1_604' title='bbox 834 4069 975 4120; x_wconf 75' lang='grc' dir='ltr'>κατὰ</span> <span class='ocrx_word' id='word_1_605' title='bbox 1009 4064 1231 4135; x_wconf 82' lang='grc' dir='ltr'>σφάλμα</span> <span class='ocrx_word' id='word_1_606' title='bbox 1278 4066 1488 4122; x_wconf 83' lang='grc' dir='ltr'>κεῖσθαι</span> <span class='ocrx_word' id='word_1_607' title='bbox 1533 4069 1595 4123; x_wconf 86' lang='grc' dir='ltr'><strong>τὸ</strong></span> <span class='ocrx_word' id='word_1_608' title='bbox 1627 4069 1798 4139; x_wconf 75' lang='grc' dir='ltr'>ὄνομα</span> <span class='ocrx_word' id='word_1_609' title='bbox 1856 4069 1951 4125; x_wconf 85' lang='grc' dir='ltr'><strong>τοῦ</strong></span> 
     </span>
    </p>
   </div>
   <div class='ocr_carea' id='block_1_74' title="bbox 388 4156 1954 4233">
    <p class='ocr_par' dir='ltr' id='par_1_74' title="bbox 388 4156 1954 4233">
     <span class='ocr_line' id='line_1_74' title="bbox 388 4156 1954 4233; baseline 0.003 -23"><span class='ocrx_word' id='word_1_610' title='bbox 388 4156 672 4229; x_wconf 79' lang='grc' dir='ltr'>Ἀϐιμέλεχ</span> <span class='ocrx_word' id='word_1_611' title='bbox 706 4158 827 4211; x_wconf 74' lang='grc' dir='ltr'>ἀντὶ</span> <span class='ocrx_word' id='word_1_612' title='bbox 872 4157 966 4211; x_wconf 88' lang='grc' dir='ltr'><strong>τοῦ</strong></span> <span class='ocrx_word' id='word_1_613' title='bbox 1017 4157 1279 4228; x_wconf 80' lang='grc' dir='ltr'>ὀνόματος</span> <span class='ocrx_word' id='word_1_614' title='bbox 1324 4158 1570 4229; x_wconf 72' lang='grc' dir='ltr'>Ἀγχοῦς·</span> <span class='ocrx_word' id='word_1_615' title='bbox 1629 4159 1813 4227; x_wconf 78' lang='grc' dir='ltr'>σαφῶς</span> <span class='ocrx_word' id='word_1_616' title='bbox 1844 4161 1954 4233; x_wconf 86' lang='grc' dir='ltr'>γὰρ</span> 
     </span>
    </p>
   </div>
   <div class='ocr_carea' id='block_1_75' title="bbox 375 4247 1952 4324">
    <p class='ocr_par' dir='ltr' id='par_1_75' title="bbox 375 4247 1952 4324">
     <span class='ocr_line' id='line_1_75' title="bbox 375 4247 1952 4324; baseline 0.003 -23"><span class='ocrx_word' id='word_1_617' title='bbox 375 4247 469 4302; x_wconf 67' lang='grc' dir='ltr'><strong>ἐπὶ</strong></span> <span class='ocrx_word' id='word_1_618' title='bbox 491 4248 583 4303; x_wconf 85' lang='grc' dir='ltr'><strong>τοῦ</strong></span> <span class='ocrx_word' id='word_1_619' title='bbox 609 4249 833 4321; x_wconf 85' lang='grc' dir='ltr'>Ἀγχοῦς</span> <span class='ocrx_word' id='word_1_620' title='bbox 864 4250 1095 4323; x_wconf 78' lang='grc' dir='ltr'>εἴρηται·</span> <span class='ocrx_word' id='word_1_621' title='bbox 1116 4264 1135 4299; x_wconf 80' lang='lat' dir='ltr'><strong>t</strong></span> <span class='ocrx_word' id='word_1_622' title='bbox 1151 4249 1445 4315; x_wconf 83' lang='grc' dir='ltr'>ἀλλοιώσας</span> <span class='ocrx_word' id='word_1_623' title='bbox 1464 4251 1525 4305; x_wconf 84' lang='grc' dir='ltr'>τὸ</span> <span class='ocrx_word' id='word_1_624' title='bbox 1549 4260 1838 4324; x_wconf 81' lang='grc' dir='ltr'>πρόσωπον</span> <span class='ocrx_word' id='word_1_625' title='bbox 1866 4254 1952 4306; x_wconf 83' lang='grc' dir='ltr'>αὑ-</span> 
     </span>
    </p>
   </div>
   <div class='ocr_carea' id='block_1_76' title="bbox 374 4341 1956 4416">
    <p class='ocr_par' dir='ltr' id='par_1_76' title="bbox 374 4341 1956 4416">
     <span class='ocr_line' id='line_1_76' title="bbox 374 4341 1956 4416; baseline 0.001 -20"><span class='ocrx_word' id='word_1_626' title='bbox 374 4343 494 4406; x_wconf 61' lang='grc' dir='ltr'><strong>⁸τοῦ,</strong></span> <span class='ocrx_word' id='word_1_627' title='bbox 524 4361 542 4392; x_wconf 79' lang='grc' dir='ltr'><strong>ι</strong></span> <span class='ocrx_word' id='word_1_628' title='bbox 565 4342 650 4395; x_wconf 79' lang='grc' dir='ltr'>ὅτε</span> <span class='ocrx_word' id='word_1_629' title='bbox 680 4342 772 4395; x_wconf 80' lang='grc' dir='ltr'>καὶ</span> <span class='ocrx_word' id='word_1_630' title='bbox 802 4341 872 4395; x_wconf 80' lang='grc' dir='ltr'>τὰ</span> <span class='ocrx_word' id='word_1_631' title='bbox 904 4342 1055 4396; x_wconf 85' lang='grc' dir='ltr'>σίελα</span> <span class='ocrx_word' id='word_1_632' title='bbox 1074 4342 1238 4396; x_wconf 79' lang='grc' dir='ltr'>αὐτοῦ</span> <span class='ocrx_word' id='word_1_633' title='bbox 1264 4344 1519 4416; x_wconf 73' lang='grc' dir='ltr'>κατέρρει</span> <span class='ocrx_word' id='word_1_634' title='bbox 1541 4345 1635 4399; x_wconf 78' lang='grc' dir='ltr'>καὶ</span> <span class='ocrx_word' id='word_1_635' title='bbox 1660 4345 1956 4416; x_wconf 79' lang='grc' dir='ltr'>ἑτυμπάνι-</span> 
     </span>
    </p>
   </div>
   <div class='ocr_carea' id='block_1_77' title="bbox 378 4431 1955 4510">
    <p class='ocr_par' dir='ltr' id='par_1_77' title="bbox 378 4431 1955 4510">
     <span class='ocr_line' id='line_1_77' title="bbox 378 4431 1955 4510; baseline 0.003 -21"><span class='ocrx_word' id='word_1_636' title='bbox 378 4433 490 4500; x_wconf 77' lang='grc' dir='ltr'>ξεν.</span> <span class='ocrx_word' id='word_1_637' title='bbox 529 4435 728 4505; x_wconf 87' lang='grc' dir='ltr'>Ἔργον</span> <span class='ocrx_word' id='word_1_638' title='bbox 749 4433 805 4487; x_wconf 79' lang='grc' dir='ltr'>δὲ</span> <span class='ocrx_word' id='word_1_639' title='bbox 839 4433 1065 4504; x_wconf 80' lang='grc' dir='ltr'>θρασὺν,</span> <span class='ocrx_word' id='word_1_640' title='bbox 1094 4435 1188 4488; x_wconf 76' lang='grc' dir='ltr'>καὶ</span> <span class='ocrx_word' id='word_1_641' title='bbox 1228 4436 1496 4507; x_wconf 76' lang='grc' dir='ltr'>προπετὲς</span> <span class='ocrx_word' id='word_1_642' title='bbox 1528 4431 1666 4491; x_wconf 78' lang='grc' dir='ltr'>εἶναι</span> <span class='ocrx_word' id='word_1_643' title='bbox 1717 4438 1955 4510; x_wconf 84' lang='grc' dir='ltr'>ἡγοῦμαι</span> 
     </span>
    </p>
   </div>
   <div class='ocr_carea' id='block_1_78' title="bbox 378 4518 1956 4597">
    <p class='ocr_par' dir='ltr' id='par_1_78' title="bbox 378 4518 1956 4597">
     <span class='ocr_line' id='line_1_78' title="bbox 378 4518 1956 4597; baseline 0.001 -22"><span class='ocrx_word' id='word_1_644' title='bbox 378 4520 440 4577; x_wconf 52' lang='lat' dir='ltr'><strong>ab</strong></span> <span class='ocrx_word' id='word_1_645' title='bbox 466 4520 842 4591; x_wconf 64' lang='grc' dir='ltr'>ἀποφήνασθαι</span> <span class='ocrx_word' id='word_1_646' title='bbox 897 4518 1100 4591; x_wconf 82' lang='grc' dir='ltr'>τολμᾷν</span> <span class='ocrx_word' id='word_1_647' title='bbox 1130 4521 1230 4592; x_wconf 82' lang='grc' dir='ltr'><strong>τὴν</strong></span> <span class='ocrx_word' id='word_1_648' title='bbox 1264 4520 1413 4575; x_wconf 85' lang='grc' dir='ltr'>θείαν</span> <span class='ocrx_word' id='word_1_649' title='bbox 1456 4523 1676 4595; x_wconf 84' lang='grc' dir='ltr'>Γραφὴν</span> <span class='ocrx_word' id='word_1_650' title='bbox 1706 4525 1956 4597; x_wconf 77' lang='grc' dir='ltr'>ἡμαρτῆ-</span> 
     </span>
    </p>
   </div>
   <div class='ocr_carea' id='block_1_79' title="bbox 381 4610 1959 4685">
    <p class='ocr_par' dir='ltr' id='par_1_79' title="bbox 381 4610 1959 4685">
     <span class='ocr_line' id='line_1_79' title="bbox 381 4610 1959 4685; baseline 0.003 -18"><span class='ocrx_word' id='word_1_651' title='bbox 381 4616 525 4680; x_wconf 90' lang='grc' dir='ltr'>σθαι,</span> <span class='ocrx_word' id='word_1_652' title='bbox 554 4613 647 4667; x_wconf 79' lang='grc' dir='ltr'>καὶ</span> <span class='ocrx_word' id='word_1_653' title='bbox 671 4610 922 4665; x_wconf 83' lang='grc' dir='ltr'>τοσοῦτον</span> <span class='ocrx_word' id='word_1_654' title='bbox 950 4611 1498 4685; x_wconf 56' lang='grc' dir='ltr'>περιέχεινησφάλμα,</span> <span class='ocrx_word' id='word_1_655' title='bbox 1543 4613 1619 4678; x_wconf 87' lang='grc' dir='ltr'>ὡς</span> <span class='ocrx_word' id='word_1_656' title='bbox 1646 4616 1767 4669; x_wconf 80' lang='grc' dir='ltr'>ἀντὶ</span> <span class='ocrx_word' id='word_1_657' title='bbox 1801 4616 1959 4671; x_wconf 87' lang='grc' dir='ltr'>ἁλλο-</span> 
     </span>
    </p>
   </div>
   <div class='ocr_carea' id='block_1_80' title="bbox 381 4702 1957 4778">
    <p class='ocr_par' dir='ltr' id='par_1_80' title="bbox 381 4702 1957 4778">
     <span class='ocr_line' id='line_1_80' title="bbox 381 4702 1957 4778; baseline 0.002 -19"><span class='ocrx_word' id='word_1_658' title='bbox 381 4704 545 4774; x_wconf 77' lang='grc' dir='ltr'>φύλού</span> <span class='ocrx_word' id='word_1_659' title='bbox 576 4703 766 4775; x_wconf 79' lang='grc' dir='ltr'>ἀνδρὸς</span> <span class='ocrx_word' id='word_1_660' title='bbox 797 4702 945 4774; x_wconf 74' lang='grc' dir='ltr'>ἱερέα</span> <span class='ocrx_word' id='word_1_661' title='bbox 1010 4703 1144 4756; x_wconf 89' lang='grc' dir='ltr'>Θεοῦ</span> <span class='ocrx_word' id='word_1_662' title='bbox 1177 4704 1544 4776; x_wconf 88' lang='grc' dir='ltr'>παρενθεῖναι·</span> <span class='ocrx_word' id='word_1_663' title='bbox 1607 4707 1842 4778; x_wconf 82' lang='grc' dir='ltr'>μάλιστα</span> <span class='ocrx_word' id='word_1_664' title='bbox 1866 4709 1957 4762; x_wconf 79' lang='grc' dir='ltr'><strong>ὅτε</strong></span> 
     </span>
    </p>
   </div>
   <div class='ocr_carea' id='block_1_81' title="bbox 376 4794 1958 4871">
    <p class='ocr_par' dir='ltr' id='par_1_81' title="bbox 376 4794 1958 4871">
     <span class='ocr_line' id='line_1_81' title="bbox 376 4794 1958 4871; baseline 0.002 -20"><span class='ocrx_word' id='word_1_665' title='bbox 376 4798 531 4869; x_wconf 68' lang='grc' dir='ltr'>καὶὴ</span> <span class='ocrx_word' id='word_1_666' title='bbox 573 4794 835 4867; x_wconf 79' lang='grc' dir='ltr'>Ἐϐραῖκὴ</span> <span class='ocrx_word' id='word_1_667' title='bbox 865 4795 1169 4863; x_wconf 81' lang='grc' dir='ltr'>ἀνάγνωσις</span> <span class='ocrx_word' id='word_1_668' title='bbox 1202 4798 1297 4849; x_wconf 71' lang='grc' dir='ltr'><strong>καὶ</strong></span> <span class='ocrx_word' id='word_1_669' title='bbox 1326 4800 1375 4851; x_wconf 84' lang='lat' dir='ltr'><strong>oi</strong></span> <span class='ocrx_word' id='word_1_670' title='bbox 1417 4798 1594 4852; x_wconf 77' lang='grc' dir='ltr'>λοιποὶ</span> <span class='ocrx_word' id='word_1_671' title='bbox 1624 4796 1958 4871; x_wconf 71' lang='grc' dir='ltr'>ἑρμηνευταὶ</span> 
     </span>
    </p>
   </div>
   <div class='ocr_carea' id='block_1_82' title="bbox 382 4880 2029 4959">
    <p class='ocr_par' dir='ltr' id='par_1_82' title="bbox 382 4880 2029 4959">
     <span class='ocr_line' id='line_1_82' title="bbox 382 4880 2029 4959; baseline 0.002 -15"><span class='ocrx_word' id='word_1_672' title='bbox 382 4890 581 4953; x_wconf 81' lang='grc' dir='ltr'>πάντες</span> <span class='ocrx_word' id='word_1_673' title='bbox 603 4888 692 4941; x_wconf 83' lang='grc' dir='ltr'><strong>τὸν</strong></span> <span class='ocrx_word' id='word_1_674' title='bbox 728 4886 1014 4958; x_wconf 84' lang='grc' dir='ltr'>Ἀχιμέλεχ</span> <span class='ocrx_word' id='word_1_675' title='bbox 1034 4887 1393 4959; x_wconf 64' lang='grc' dir='ltr'>περιέχουσινσ</span> <span class='ocrx_word' id='word_1_676' title='bbox 1427 4889 1636 4945; x_wconf 82' lang='grc' dir='ltr'>Οὐκοῦν</span> <span class='ocrx_word' id='word_1_677' title='bbox 1663 4891 1954 4948; x_wconf 83' lang='grc' dir='ltr'>ἀκόλουθον</span> <span class='ocrx_word' id='word_1_678' title='bbox 1986 4880 2029 4936; x_wconf 80' lang='grc' dir='ltr'><strong>Ῐ)</strong></span> 
     </span>
    </p>
   </div>
   <div class='ocr_carea' id='block_1_83' title="bbox 383 4977 1957 5054">
    <p class='ocr_par' dir='ltr' id='par_1_83' title="bbox 383 4977 1957 5054">
     <span class='ocr_line' id='line_1_83' title="bbox 383 4977 1957 5054; baseline 0.002 -20"><span class='ocrx_word' id='word_1_679' title='bbox 383 4981 450 5037; x_wconf 78' lang='grc' dir='ltr'><strong>ἂν</strong></span> <span class='ocrx_word' id='word_1_680' title='bbox 473 4982 579 5053; x_wconf 78' lang='grc' dir='ltr'>εἴη,</span> <span class='ocrx_word' id='word_1_681' title='bbox 604 4977 971 5051; x_wconf 83' lang='grc' dir='ltr'>ἀληθευούσης</span> <span class='ocrx_word' id='word_1_682' title='bbox 1001 4979 1103 5050; x_wconf 84' lang='grc' dir='ltr'><strong>τῆς</strong></span> <span class='ocrx_word' id='word_1_683' title='bbox 1134 4981 1476 5052; x_wconf 86' lang='grc' dir='ltr'>προγραφῆς,</span> <span class='ocrx_word' id='word_1_684' title='bbox 1507 4982 1788 5054; x_wconf 78' lang='grc' dir='ltr'>ἐπιζητεῖν</span> <span class='ocrx_word' id='word_1_685' title='bbox 1839 4982 1957 5050; x_wconf 83' lang='grc' dir='ltr'>πῶς</span> 
     </span>
    </p>
   </div>
   <div class='ocr_carea' id='block_1_84' title="bbox 383 5057 1966 5140">
    <p class='ocr_par' dir='ltr' id='par_1_84' title="bbox 383 5057 1966 5140">
     <span class='ocr_line' id='line_1_84' title="bbox 383 5057 1966 5140; baseline 0.002 -11"><span class='ocrx_word' id='word_1_686' title='bbox 383 5075 478 5129; x_wconf 76' lang='grc' dir='ltr'>καὶ</span> <span class='ocrx_word' id='word_1_687' title='bbox 506 5073 634 5127; x_wconf 67' lang='grc' dir='ltr'>πότε</span> <span class='ocrx_word' id='word_1_688' title='bbox 676 5070 976 5137; x_wconf 80' lang='grc' dir='ltr'>ἡλλοίωσε</span> <span class='ocrx_word' id='word_1_689' title='bbox 1038 5071 1103 5125; x_wconf 87' lang='grc' dir='ltr'>τὸ</span> <span class='ocrx_word' id='word_1_690' title='bbox 1160 5073 1483 5140; x_wconf 84' lang='grc' dir='ltr'>πρόσωπον</span> <span class='ocrx_word' id='word_1_691' title='bbox 1528 5076 1715 5130; x_wconf 82' lang='grc' dir='ltr'>αὐτοῦ</span> <span class='ocrx_word' id='word_1_692' title='bbox 1778 5057 1966 5139; x_wconf 46' lang='lat' dir='ltr'><strong>Auum:</strong></span> 
     </span>
    </p>
   </div>
   <div class='ocr_carea' id='block_1_85' title="bbox 382 5164 1968 5236">
    <p class='ocr_par' dir='ltr' id='par_1_85' title="bbox 382 5164 1968 5236">
     <span class='ocr_line' id='line_1_85' title="bbox 382 5164 1968 5236; baseline 0.004 -15"><span class='ocrx_word' id='word_1_693' title='bbox 382 5164 658 5221; x_wconf 78' lang='grc' dir='ltr'>ἐναντίον</span> <span class='ocrx_word' id='word_1_694' title='bbox 719 5166 1046 5236; x_wconf 81' lang='grc' dir='ltr'>Ἀϐιμέλεχ,</span> <span class='ocrx_word' id='word_1_695' title='bbox 1095 5166 1193 5220; x_wconf 82' lang='grc' dir='ltr'><strong>καὶ</strong></span> <span class='ocrx_word' id='word_1_696' title='bbox 1254 5164 1566 5221; x_wconf 86' lang='grc' dir='ltr'>ἀπέλυσεν</span> <span class='ocrx_word' id='word_1_697' title='bbox 1611 5170 1817 5236; x_wconf 84' lang='grc' dir='ltr'>αὐτὸν,</span> <span class='ocrx_word' id='word_1_698' title='bbox 1857 5172 1968 5227; x_wconf 67' lang='grc' dir='ltr'><strong>καῖ</strong></span> 
     </span>
    </p>
   </div>
   <div class='ocr_carea' id='block_1_86' title="bbox 383 5257 1961 5331">
    <p class='ocr_par' dir='ltr' id='par_1_86' title="bbox 383 5257 1961 5331">
     <span class='ocr_line' id='line_1_86' title="bbox 383 5257 1961 5331; baseline 0.004 -18"><span class='ocrx_word' id='word_1_699' title='bbox 383 5258 636 5328; x_wconf 82' lang='grc' dir='ltr'>ἀπῆλθε.</span> <span class='ocrx_word' id='word_1_700' title='bbox 664 5257 821 5312; x_wconf 76' lang='grc' dir='ltr'>Δοκεῖ</span> <span class='ocrx_word' id='word_1_701' title='bbox 844 5257 906 5326; x_wconf 87' lang='grc' dir='ltr'>δή</span> <span class='ocrx_word' id='word_1_702' title='bbox 931 5275 1019 5329; x_wconf 87' lang='grc' dir='ltr'><strong>μοι</strong></span> <span class='ocrx_word' id='word_1_703' title='bbox 1047 5259 1111 5312; x_wconf 81' lang='grc' dir='ltr'>ὲκ</span> <span class='ocrx_word' id='word_1_704' title='bbox 1134 5259 1233 5330; x_wconf 83' lang='grc' dir='ltr'><strong>τῆς</strong></span> <span class='ocrx_word' id='word_1_705' title='bbox 1262 5258 1616 5331; x_wconf 82' lang='grc' dir='ltr'>παραθέσεως</span> <span class='ocrx_word' id='word_1_706' title='bbox 1632 5263 1737 5317; x_wconf 84' lang='grc' dir='ltr'>τῶν</span> <span class='ocrx_word' id='word_1_707' title='bbox 1759 5263 1961 5321; x_wconf 85' lang='grc' dir='ltr'>λοιπῶν</span> 
     </span>
    </p>
   </div>
   <div class='ocr_carea' id='block_1_87' title="bbox 385 5344 1957 5425">
    <p class='ocr_par' dir='ltr' id='par_1_87' title="bbox 385 5344 1957 5425">
     <span class='ocr_line' id='line_1_87' title="bbox 385 5344 1957 5425; baseline 0.003 -22"><span class='ocrx_word' id='word_1_708' title='bbox 385 5348 734 5423; x_wconf 76' lang='grc' dir='ltr'>ἑρμηνευτῶν</span> <span class='ocrx_word' id='word_1_709' title='bbox 759 5344 942 5412; x_wconf 81' lang='grc' dir='ltr'>λύσεις</span> <span class='ocrx_word' id='word_1_710' title='bbox 985 5347 1332 5421; x_wconf 76' lang='grc' dir='ltr'>εὑρίσκεσθαι</span> <span class='ocrx_word' id='word_1_711' title='bbox 1359 5350 1453 5404; x_wconf 87' lang='grc' dir='ltr'><strong>τοῦ</strong></span> <span class='ocrx_word' id='word_1_712' title='bbox 1498 5349 1854 5425; x_wconf 80' lang='grc' dir='ltr'>ζητουμένου.</span> <span class='ocrx_word' id='word_1_713' title='bbox 1898 5355 1957 5408; x_wconf 86' lang='grc' dir='ltr'><strong>Ὅ</strong></span> 
     </span>
    </p>
   </div>
   <div class='ocr_carea' id='block_1_88' title="bbox 390 5440 1972 5519">
    <p class='ocr_par' dir='ltr' id='par_1_88' title="bbox 390 5440 1972 5519">
     <span class='ocr_line' id='line_1_88' title="bbox 390 5440 1972 5519; baseline 0.001 -24"><span class='ocrx_word' id='word_1_714' title='bbox 390 5441 487 5513; x_wconf 79' lang='grc' dir='ltr'>μὲν</span> <span class='ocrx_word' id='word_1_715' title='bbox 515 5440 624 5514; x_wconf 73' lang='grc' dir='ltr'>γὰρ</span> <span class='ocrx_word' id='word_1_716' title='bbox 667 5440 898 5506; x_wconf 85' lang='grc' dir='ltr'>Ἀκύλας</span> <span class='ocrx_word' id='word_1_717' title='bbox 932 5441 1026 5495; x_wconf 77' lang='grc' dir='ltr'><strong>καὶ</strong></span> <span class='ocrx_word' id='word_1_718' title='bbox 1055 5442 1089 5512; x_wconf 81' lang='grc' dir='ltr'>ἡ</span> <span class='ocrx_word' id='word_1_719' title='bbox 1121 5442 1342 5514; x_wconf 77' lang='grc' dir='ltr'>πέμπτη</span> <span class='ocrx_word' id='word_1_720' title='bbox 1375 5442 1585 5508; x_wconf 77' lang='grc' dir='ltr'>ἔκδοσις</span> <span class='ocrx_word' id='word_1_721' title='bbox 1627 5445 1816 5499; x_wconf 88' lang='grc' dir='ltr'>τοῦτον</span> <span class='ocrx_word' id='word_1_722' title='bbox 1850 5444 1972 5519; x_wconf 58' lang='grc' dir='ltr'><strong>ἠρ-ξ</strong></span> 
     </span>
    </p>
   </div>
   <div class='ocr_carea' id='block_1_89' title="bbox 391 5503 1975 5607">
    <p class='ocr_par' dir='ltr' id='par_1_89' title="bbox 391 5503 1975 5607">
     <span class='ocr_line' id='line_1_89' title="bbox 391 5503 1975 5607; baseline 0.004 -21"><span class='ocrx_word' id='word_1_723' title='bbox 391 5503 660 5606; x_wconf 72' lang='grc' dir='ltr'>μήνευσαν</span> <span class='ocrx_word' id='word_1_724' title='bbox 683 5534 774 5587; x_wconf 83' lang='grc' dir='ltr'><strong>τὸν</strong></span> <span class='ocrx_word' id='word_1_725' title='bbox 800 5503 1020 5606; x_wconf 69' lang='grc' dir='ltr'>τρύπον·</span> <span class='ocrx_word' id='word_1_726' title='bbox 1056 5503 1167 5587; x_wconf 55' lang='grc' dir='ltr'>Ῠοῦ</span> <span class='ocrx_word' id='word_1_727' title='bbox 1196 5503 1386 5588; x_wconf 33' lang='lat' dir='ltr'><strong>“Am/id</strong></span> <span class='ocrx_word' id='word_1_728' title='bbox 1417 5534 1517 5589; x_wconf 85' lang='grc' dir='ltr'>ὅτε</span> <span class='ocrx_word' id='word_1_729' title='bbox 1562 5503 1975 5607; x_wconf 55' lang='grc' dir='ltr'>ηλλοίωσετὸξ</span> 
     </span>
    </p>
   </div>
   <div class='ocr_carea' id='block_1_90' title="bbox 387 5622 1972 5698">
    <p class='ocr_par' dir='ltr' id='par_1_90' title="bbox 387 5622 1972 5698">
     <span class='ocr_line' id='line_1_90' title="bbox 387 5622 1972 5698; baseline 0.001 -16"><span class='ocrx_word' id='word_1_730' title='bbox 387 5628 575 5697; x_wconf 71' lang='grc' dir='ltr'>γεῦμα</span> <span class='ocrx_word' id='word_1_731' title='bbox 610 5626 795 5682; x_wconf 83' lang='grc' dir='ltr'>αὑτοῦ</span> <span class='ocrx_word' id='word_1_732' title='bbox 838 5629 925 5692; x_wconf 82' lang='grc' dir='ltr'><strong>εις</strong></span> <span class='ocrx_word' id='word_1_733' title='bbox 972 5627 1296 5693; x_wconf 89' lang='grc' dir='ltr'>πρόσωπον</span> <span class='ocrx_word' id='word_1_734' title='bbox 1333 5627 1661 5698; x_wconf 79' lang='grc' dir='ltr'>Ἀϐιμέλεχ,</span> <span class='ocrx_word' id='word_1_735' title='bbox 1697 5629 1796 5683; x_wconf 80' lang='grc' dir='ltr'><strong>καὶ</strong></span> <span class='ocrx_word' id='word_1_736' title='bbox 1826 5622 1972 5694; x_wconf 60' lang='grc' dir='ltr'><strong>«ἕξετ’</strong></span> 
     </span>
    </p>
   </div>
   <div class='ocr_carea' id='block_1_91' title="bbox 389 5717 1957 5793">
    <p class='ocr_par' dir='ltr' id='par_1_91' title="bbox 389 5717 1957 5793">
     <span class='ocr_line' id='line_1_91' title="bbox 389 5717 1957 5793; baseline 0.002 -21"><span class='ocrx_word' id='word_1_737' title='bbox 389 5721 571 5773; x_wconf 78' lang='grc' dir='ltr'>ϐαλεν</span> <span class='ocrx_word' id='word_1_738' title='bbox 588 5719 792 5784; x_wconf 81' lang='grc' dir='ltr'>αὐτὸν.</span> <span class='ocrx_word' id='word_1_739' title='bbox 856 5718 954 5773; x_wconf 81' lang='grc' dir='ltr'><strong>καὶ</strong></span> <span class='ocrx_word' id='word_1_740' title='bbox 999 5717 1253 5787; x_wconf 84' lang='grc' dir='ltr'>ἀπῆλθε.</span> <span class='ocrx_word' id='word_1_741' title='bbox 1294 5719 1530 5792; x_wconf 58' lang='grc' dir='ltr'>,Μήποτε</span> <span class='ocrx_word' id='word_1_742' title='bbox 1556 5719 1665 5793; x_wconf 85' lang='grc' dir='ltr'><strong>γὰρ</strong></span> <span class='ocrx_word' id='word_1_743' title='bbox 1709 5721 1799 5777; x_wconf 74' lang='grc' dir='ltr'>διὰ</span> <span class='ocrx_word' id='word_1_744' title='bbox 1831 5724 1957 5786; x_wconf 76' lang='grc' dir='ltr'>τοὺς</span> 
     </span>
    </p>
   </div>
   <div class='ocr_carea' id='block_1_92' title="bbox 462 5896 995 5970">
    <p class='ocr_par' dir='ltr' id='par_1_92' title="bbox 462 5896 995 5970">
     <span class='ocr_line' id='line_1_92' title="bbox 462 5896 995 5970; baseline 0.002 -19"><span class='ocrx_word' id='word_1_745' title='bbox 462 5900 485 5931; x_wconf 87' lang='grc'><strong>⁹</strong></span> <span class='ocrx_word' id='word_1_746' title='bbox 521 5896 540 5951; x_wconf 88' lang='lat' dir='ltr'><strong>l</strong></span> <span class='ocrx_word' id='word_1_747' title='bbox 576 5897 707 5970; x_wconf 73' lang='lat' dir='ltr'><strong>Reg.</strong></span> <span class='ocrx_word' id='word_1_748' title='bbox 746 5898 995 5967; x_wconf 55' lang='grc' dir='ltr'><strong>χχιιι-6.</strong></span> 
     </span>
    </p>
   </div>
   <div class='ocr_carea' id='block_1_93' title="bbox 2052 3610 3632 3685">
    <p class='ocr_par' dir='ltr' id='par_1_93' title="bbox 2052 3610 3632 3685">
     <span class='ocr_line' id='line_1_93' title="bbox 2052 3610 3632 3685; baseline -0.001 -15"><span class='ocrx_word' id='word_1_749' title='bbox 2052 3616 2314 3685; x_wconf 83' lang='lat' dir='ltr'><strong>adjicitur</strong></span> <span class='ocrx_word' id='word_1_750' title='bbox 2367 3629 2477 3683; x_wconf 83' lang='lat' dir='ltr'><strong>quo</strong></span> <span class='ocrx_word' id='word_1_751' title='bbox 2520 3623 2683 3685; x_wconf 85' lang='lat' dir='ltr'><strong>pacto</strong></span> <span class='ocrx_word' id='word_1_752' title='bbox 2721 3613 2891 3668; x_wconf 80' lang='lat' dir='ltr'><strong>David</strong></span> <span class='ocrx_word' id='word_1_753' title='bbox 2944 3613 3249 3668; x_wconf 79' lang='lat' dir='ltr'><strong>surrexerit</strong></span> <span class='ocrx_word' id='word_1_754' title='bbox 3297 3619 3352 3666; x_wconf 90' lang='lat' dir='ltr'><strong>et</strong></span> <span class='ocrx_word' id='word_1_755' title='bbox 3381 3610 3632 3682; x_wconf 74' lang='lat' dir='ltr'><strong>effugerit</strong></span> 
     </span>
    </p>
   </div>
   <div class='ocr_carea' id='block_1_94' title="bbox 2053 3704 3630 3777">
    <p class='ocr_par' dir='ltr' id='par_1_94' title="bbox 2053 3704 3630 3777">
     <span class='ocr_line' id='line_1_94' title="bbox 2053 3704 3630 3777; baseline -0.001 -14"><span class='ocrx_word' id='word_1_756' title='bbox 2053 3708 2146 3763; x_wconf 89' lang='lat' dir='ltr'><strong>illa</strong></span> <span class='ocrx_word' id='word_1_757' title='bbox 2181 3708 2303 3772; x_wconf 87' lang='lat' dir='ltr'><strong>die,</strong></span> <span class='ocrx_word' id='word_1_758' title='bbox 2351 3721 2589 3777; x_wconf 84' lang='lat' dir='ltr'><strong>cumque</strong></span> <span class='ocrx_word' id='word_1_759' title='bbox 2632 3708 2702 3762; x_wconf 90' lang='lat' dir='ltr'><strong>ab</strong></span> <span class='ocrx_word' id='word_1_760' title='bbox 2756 3704 3105 3761; x_wconf 81' lang='lat' dir='ltr'><strong>Achimelech</strong></span> <span class='ocrx_word' id='word_1_761' title='bbox 3161 3704 3529 3771; x_wconf 82' lang='lat' dir='ltr'><strong>discessisset,</strong></span> <span class='ocrx_word' id='word_1_762' title='bbox 3560 3705 3630 3762; x_wconf 88' lang='lat' dir='ltr'><strong>ad</strong></span> 
     </span>
    </p>
   </div>
   <div class='ocr_carea' id='block_1_95' title="bbox 2051 3797 3628 3869">
    <p class='ocr_par' dir='ltr' id='par_1_95' title="bbox 2051 3797 3628 3869">
     <span class='ocr_line' id='line_1_95' title="bbox 2051 3797 3628 3869; baseline 0 -17"><span class='ocrx_word' id='word_1_763' title='bbox 2051 3799 2276 3854; x_wconf 72' lang='lat' dir='ltr'><strong>Auchus</strong></span> <span class='ocrx_word' id='word_1_764' title='bbox 2288 3812 2471 3868; x_wconf 84' lang='lat' dir='ltr'><strong>regem</strong></span> <span class='ocrx_word' id='word_1_765' title='bbox 2494 3799 2632 3854; x_wconf 87' lang='lat' dir='ltr'><strong>Geth</strong></span> <span class='ocrx_word' id='word_1_766' title='bbox 2656 3800 2972 3855; x_wconf 86' lang='lat' dir='ltr'><strong>accesserit.</strong></span> <span class='ocrx_word' id='word_1_767' title='bbox 2994 3797 3145 3854; x_wconf 88' lang='lat' dir='ltr'><strong>Dicet</strong></span> <span class='ocrx_word' id='word_1_768' title='bbox 3164 3797 3299 3855; x_wconf 78' lang='lat' dir='ltr'><strong>forte</strong></span> <span class='ocrx_word' id='word_1_769' title='bbox 3317 3798 3628 3869; x_wconf 73' lang='lat' dir='ltr'><strong>quiSpiam:</strong></span> 
     </span>
    </p>
   </div>
   <div class='ocr_carea' id='block_1_96' title="bbox 2055 3890 3623 3965">
    <p class='ocr_par' dir='ltr' id='par_1_96' title="bbox 2055 3890 3623 3965">
     <span class='ocr_line' id='line_1_96' title="bbox 2055 3890 3623 3965; baseline -0.001 -19"><span class='ocrx_word' id='word_1_770' title='bbox 2055 3893 2191 3947; x_wconf 83' lang='lat' dir='ltr'><strong>Cum</strong></span> <span class='ocrx_word' id='word_1_771' title='bbox 2223 3894 2278 3946; x_wconf 92' lang='lat' dir='ltr'><strong>in</strong></span> <span class='ocrx_word' id='word_1_772' title='bbox 2307 3891 2535 3944; x_wconf 87' lang='lat' dir='ltr'><strong>historia</strong></span> <span class='ocrx_word' id='word_1_773' title='bbox 2564 3893 2630 3945; x_wconf 88' lang='lat' dir='ltr'><strong>de</strong></span> <span class='ocrx_word' id='word_1_774' title='bbox 2664 3891 3012 3947; x_wconf 82' lang='lat' dir='ltr'><strong>Aehimeleeh</strong></span> <span class='ocrx_word' id='word_1_775' title='bbox 3039 3907 3147 3965; x_wconf 81' lang='lat' dir='ltr'><strong>non</strong></span> <span class='ocrx_word' id='word_1_776' title='bbox 3175 3890 3383 3946; x_wconf 85' lang='lat' dir='ltr'><strong>feratur</strong></span> <span class='ocrx_word' id='word_1_777' title='bbox 3412 3909 3431 3942; x_wconf 79' lang='grc' dir='ltr'><strong>ι</strong></span> <span class='ocrx_word' id='word_1_778' title='bbox 3460 3890 3623 3944; x_wconf 86' lang='lat' dir='ltr'><strong>Davi-</strong></span> 
     </span>
    </p>
   </div>
   <div class='ocr_carea' id='block_1_97' title="bbox 2053 3982 3695 4052">
    <p class='ocr_par' dir='ltr' id='par_1_97' title="bbox 2053 3982 3695 4052">
     <span class='ocr_line' id='line_1_97' title="bbox 2053 3982 3695 4052; baseline -0.001 -12"><span class='ocrx_word' id='word_1_779' title='bbox 2053 3984 2176 4040; x_wconf 90' lang='lat' dir='ltr'><strong>dem</strong></span> <span class='ocrx_word' id='word_1_780' title='bbox 2204 3985 2522 4038; x_wconf 85' lang='lat' dir='ltr'><strong>immutasse</strong></span> <span class='ocrx_word' id='word_1_781' title='bbox 2554 3983 2761 4036; x_wconf 86' lang='lat' dir='ltr'><strong>vultum</strong></span> <span class='ocrx_word' id='word_1_782' title='bbox 2790 3997 2972 4045; x_wconf 88' lang='lat' dir='ltr'><strong>suum,</strong></span> <span class='ocrx_word' id='word_1_783' title='bbox 3002 4002 3020 4034; x_wconf 78' lang='grc' dir='ltr'><strong>ι</strong></span> <span class='ocrx_word' id='word_1_784' title='bbox 3043 3983 3198 4052; x_wconf 87' lang='lat' dir='ltr'><strong>lapsu</strong></span> <span class='ocrx_word' id='word_1_785' title='bbox 3238 3982 3499 4051; x_wconf 79' lang='lat' dir='ltr'><strong>graphice</strong></span> <span class='ocrx_word' id='word_1_786' title='bbox 3530 3997 3634 4038; x_wconf 84' lang='lat' dir='ltr'><strong>no-</strong></span> <span class='ocrx_word' id='word_1_787' title='bbox 3688 4042 3695 4051; x_wconf 65' lang='grc'><em>,</em></span> 
     </span>
    </p>
   </div>
   <div class='ocr_carea' id='block_1_98' title="bbox 2054 4073 3623 4143">
    <p class='ocr_par' dir='ltr' id='par_1_98' title="bbox 2054 4073 3623 4143">
     <span class='ocr_line' id='line_1_98' title="bbox 2054 4073 3623 4143; baseline 0 -12"><span class='ocrx_word' id='word_1_788' title='bbox 2054 4091 2179 4131; x_wconf 87' lang='lat' dir='ltr'><strong>men</strong></span> <span class='ocrx_word' id='word_1_789' title='bbox 2212 4073 2561 4129; x_wconf 86' lang='lat' dir='ltr'><strong>Achimeleeh</strong></span> <span class='ocrx_word' id='word_1_790' title='bbox 2592 4087 2694 4143; x_wconf 91' lang='lat' dir='ltr'><strong>pro</strong></span> <span class='ocrx_word' id='word_1_791' title='bbox 2722 4075 2943 4127; x_wconf 86' lang='lat' dir='ltr'><strong>nomine</strong></span> <span class='ocrx_word' id='word_1_792' title='bbox 2983 4073 3208 4128; x_wconf 83' lang='lat' dir='ltr'><strong>Auchus</strong></span> <span class='ocrx_word' id='word_1_793' title='bbox 3238 4074 3473 4142; x_wconf 87' lang='lat' dir='ltr'><strong>positum</strong></span> <span class='ocrx_word' id='word_1_794' title='bbox 3498 4084 3581 4130; x_wconf 90' lang='lat' dir='ltr'><strong>est</strong></span> <span class='ocrx_word' id='word_1_795' title='bbox 3607 4094 3623 4131; x_wconf 87' lang='lat'><strong>:</strong></span> 
     </span>
    </p>
   </div>
   <div class='ocr_carea' id='block_1_99' title="bbox 2053 4164 3632 4223">
    <p class='ocr_par' dir='ltr' id='par_1_99' title="bbox 2053 4164 3632 4223">
     <span class='ocr_line' id='line_1_99' title="bbox 2053 4164 3632 4223; baseline -0.001 0"><span class='ocrx_word' id='word_1_796' title='bbox 2053 4167 2202 4223; x_wconf 86' lang='lat' dir='ltr'><strong>clare</strong></span> <span class='ocrx_word' id='word_1_797' title='bbox 2222 4166 2377 4223; x_wconf 86' lang='lat' dir='ltr'><strong>enim</strong></span> <span class='ocrx_word' id='word_1_798' title='bbox 2428 4166 2484 4220; x_wconf 89' lang='lat' dir='ltr'><strong>in</strong></span> <span class='ocrx_word' id='word_1_799' title='bbox 2530 4164 2762 4220; x_wconf 88' lang='lat' dir='ltr'><strong>historia</strong></span> <span class='ocrx_word' id='word_1_800' title='bbox 2799 4164 3023 4219; x_wconf 84' lang='lat' dir='ltr'><strong>Auchus</strong></span> <span class='ocrx_word' id='word_1_801' title='bbox 3070 4165 3276 4220; x_wconf 86' lang='lat' dir='ltr'><strong>dicitur</strong></span> <span class='ocrx_word' id='word_1_802' title='bbox 3313 4167 3632 4222; x_wconf 87' lang='lat' dir='ltr'><strong>immutasse</strong></span> 
     </span>
    </p>
   </div>
   <div class='ocr_carea' id='block_1_100' title="bbox 2054 4257 3634 4328">
    <p class='ocr_par' dir='ltr' id='par_1_100' title="bbox 2054 4257 3634 4328">
     <span class='ocr_line' id='line_1_100' title="bbox 2054 4257 3634 4328; baseline 0 -13"><span class='ocrx_word' id='word_1_803' title='bbox 2054 4261 2266 4315; x_wconf 80' lang='lat' dir='ltr'><strong>vultum</strong></span> <span class='ocrx_word' id='word_1_804' title='bbox 2315 4273 2498 4326; x_wconf 89' lang='lat' dir='ltr'><strong>suum,</strong></span> <span class='ocrx_word' id='word_1_805' title='bbox 2548 4257 2767 4328; x_wconf 87' lang='lat' dir='ltr'><strong>quando</strong></span> <span class='ocrx_word' id='word_1_806' title='bbox 2809 4258 2994 4313; x_wconf 81' lang='lat' dir='ltr'><strong>salivae</strong></span> <span class='ocrx_word' id='word_1_807' title='bbox 3042 4258 3161 4328; x_wconf 83' lang='lat' dir='ltr'><strong>ejus</strong></span> <span class='ocrx_word' id='word_1_808' title='bbox 3211 4257 3545 4321; x_wconf 76' lang='lat' dir='ltr'><strong>dilﬂuchaut,</strong></span> <span class='ocrx_word' id='word_1_809' title='bbox 3579 4267 3634 4315; x_wconf 88' lang='lat' dir='ltr'><strong>et</strong></span> 
     </span>
    </p>
   </div>
   <div class='ocr_carea' id='block_1_101' title="bbox 2056 4349 3632 4421">
    <p class='ocr_par' dir='ltr' id='par_1_101' title="bbox 2056 4349 3632 4421">
     <span class='ocr_line' id='line_1_101' title="bbox 2056 4349 3632 4421; baseline 0 -16"><span class='ocrx_word' id='word_1_810' title='bbox 2056 4349 2213 4421; x_wconf 86' lang='lat' dir='ltr'><strong>quasi</strong></span> <span class='ocrx_word' id='word_1_811' title='bbox 2242 4357 2503 4421; x_wconf 86' lang='lat' dir='ltr'><strong>tympano</strong></span> <span class='ocrx_word' id='word_1_812' title='bbox 2530 4349 2804 4421; x_wconf 78' lang='lat' dir='ltr'><strong>pulsabat.</strong></span> <span class='ocrx_word' id='word_1_813' title='bbox 2837 4350 2907 4403; x_wconf 91' lang='lat' dir='ltr'><strong>At</strong></span> <span class='ocrx_word' id='word_1_814' title='bbox 2929 4363 3030 4420; x_wconf 84' lang='lat' dir='ltr'><strong>ego</strong></span> <span class='ocrx_word' id='word_1_815' title='bbox 3051 4349 3229 4404; x_wconf 74' lang='lat' dir='ltr'><strong>audax</strong></span> <span class='ocrx_word' id='word_1_816' title='bbox 3255 4351 3632 4405; x_wconf 59' lang='lat' dir='ltr'><strong>temerariumc</strong></span> 
     </span>
    </p>
   </div>
   <div class='ocr_carea' id='block_1_102' title="bbox 2055 4442 3636 4515">
    <p class='ocr_par' dir='ltr' id='par_1_102' title="bbox 2055 4442 3636 4515">
     <span class='ocr_line' id='line_1_102' title="bbox 2055 4442 3636 4515; baseline 0.001 -17"><span class='ocrx_word' id='word_1_817' title='bbox 2055 4459 2164 4515; x_wconf 90' lang='lat' dir='ltr'><strong>que</strong></span> <span class='ocrx_word' id='word_1_818' title='bbox 2196 4442 2407 4499; x_wconf 78' lang='lat' dir='ltr'><strong>facinus</strong></span> <span class='ocrx_word' id='word_1_819' title='bbox 2435 4443 2677 4497; x_wconf 86' lang='lat' dir='ltr'><strong>arbitror</strong></span> <span class='ocrx_word' id='word_1_820' title='bbox 2708 4458 2852 4507; x_wconf 82' lang='lat' dir='ltr'><strong>esse.</strong></span> <span class='ocrx_word' id='word_1_821' title='bbox 2884 4444 3243 4513; x_wconf 89' lang='lat' dir='ltr'><strong>pronuntiare</strong></span> <span class='ocrx_word' id='word_1_822' title='bbox 3294 4443 3636 4499; x_wconf 79' lang='lat' dir='ltr'><strong>conﬁdenter</strong></span> 
     </span>
    </p>
   </div>
   <div class='ocr_carea' id='block_1_103' title="bbox 2056 4534 3631 4608">
    <p class='ocr_par' dir='ltr' id='par_1_103' title="bbox 2056 4534 3631 4608">
     <span class='ocr_line' id='line_1_103' title="bbox 2056 4534 3631 4608; baseline 0 -17"><span class='ocrx_word' id='word_1_823' title='bbox 2056 4536 2296 4591; x_wconf 81' lang='lat' dir='ltr'><strong>divinam</strong></span> <span class='ocrx_word' id='word_1_824' title='bbox 2324 4534 2664 4606; x_wconf 87' lang='lat' dir='ltr'><strong>Scripturam</strong></span> <span class='ocrx_word' id='word_1_825' title='bbox 2688 4534 2895 4604; x_wconf 87' lang='lat' dir='ltr'><strong>lapsam</strong></span> <span class='ocrx_word' id='word_1_826' title='bbox 2915 4550 3058 4600; x_wconf 89' lang='lat' dir='ltr'><strong>esse,</strong></span> <span class='ocrx_word' id='word_1_827' title='bbox 3078 4543 3133 4590; x_wconf 93' lang='lat' dir='ltr'><strong>et</strong></span> <span class='ocrx_word' id='word_1_828' title='bbox 3154 4536 3260 4591; x_wconf 88' lang='lat' dir='ltr'><strong>tale</strong></span> <span class='ocrx_word' id='word_1_829' title='bbox 3280 4536 3468 4591; x_wconf 82' lang='lat' dir='ltr'><strong>vitium</strong></span> <span class='ocrx_word' id='word_1_830' title='bbox 3494 4551 3631 4608; x_wconf 68' lang='lat' dir='ltr'><strong>prae-</strong></span> 
     </span>
    </p>
   </div>
   <div class='ocr_carea' id='block_1_104' title="bbox 2058 4625 3634 4699">
    <p class='ocr_par' dir='ltr' id='par_1_104' title="bbox 2058 4625 3634 4699">
     <span class='ocr_line' id='line_1_104' title="bbox 2058 4625 3634 4699; baseline 0.001 -17"><span class='ocrx_word' id='word_1_831' title='bbox 2058 4627 2220 4691; x_wconf 80' lang='lat' dir='ltr'><strong>ferre,</strong></span> <span class='ocrx_word' id='word_1_832' title='bbox 2255 4632 2314 4680; x_wconf 90' lang='lat' dir='ltr'><strong>ut</strong></span> <span class='ocrx_word' id='word_1_833' title='bbox 2351 4642 2451 4696; x_wconf 89' lang='lat' dir='ltr'><strong>pro</strong></span> <span class='ocrx_word' id='word_1_834' title='bbox 2480 4627 2599 4682; x_wconf 87' lang='lat' dir='ltr'><strong>viro</strong></span> <span class='ocrx_word' id='word_1_835' title='bbox 2644 4625 2950 4697; x_wconf 83' lang='lat' dir='ltr'><strong>alienigena</strong></span> <span class='ocrx_word' id='word_1_836' title='bbox 2992 4628 3250 4683; x_wconf 89' lang='lat' dir='ltr'><strong>sacerdos</strong></span> <span class='ocrx_word' id='word_1_837' title='bbox 3283 4627 3497 4682; x_wconf 90' lang='lat' dir='ltr'><strong>Domini</strong></span> <span class='ocrx_word' id='word_1_838' title='bbox 3532 4645 3634 4699; x_wconf 75' lang='lat' dir='ltr'><strong>po-</strong></span> 
     </span>
    </p>
   </div>
   <div class='ocr_carea' id='block_1_105' title="bbox 2058 4715 3634 4790">
    <p class='ocr_par' dir='ltr' id='par_1_105' title="bbox 2058 4715 3634 4790">
     <span class='ocr_line' id='line_1_105' title="bbox 2058 4715 3634 4790; baseline 0.002 -18"><span class='ocrx_word' id='word_1_839' title='bbox 2058 4727 2261 4785; x_wconf 88' lang='lat' dir='ltr'><strong>natur;</strong></span> <span class='ocrx_word' id='word_1_840' title='bbox 2299 4732 2425 4773; x_wconf 91' lang='lat' dir='ltr'><strong>cum</strong></span> <span class='ocrx_word' id='word_1_841' title='bbox 2471 4717 2708 4772; x_wconf 79' lang='lat' dir='ltr'><strong>maxime</strong></span> <span class='ocrx_word' id='word_1_842' title='bbox 2740 4715 3005 4773; x_wconf 86' lang='lat' dir='ltr'><strong>Hebraica</strong></span> <span class='ocrx_word' id='word_1_843' title='bbox 3038 4719 3280 4774; x_wconf 89' lang='lat' dir='ltr'><strong>lectio.et</strong></span> <span class='ocrx_word' id='word_1_844' title='bbox 3308 4719 3501 4790; x_wconf 87' lang='lat' dir='ltr'><strong>reliqui</strong></span> <span class='ocrx_word' id='word_1_845' title='bbox 3548 4721 3634 4775; x_wconf 85' lang='lat' dir='ltr'><strong>in-</strong></span> 
     </span>
    </p>
   </div>
   <div class='ocr_carea' id='block_1_106' title="bbox 2059 4809 3636 4880">
    <p class='ocr_par' dir='ltr' id='par_1_106' title="bbox 2059 4809 3636 4880">
     <span class='ocr_line' id='line_1_106' title="bbox 2059 4809 3636 4880; baseline 0.003 -17"><span class='ocrx_word' id='word_1_846' title='bbox 2059 4817 2330 4880; x_wconf 88' lang='lat' dir='ltr'><strong>terpretes</strong></span> <span class='ocrx_word' id='word_1_847' title='bbox 2376 4824 2566 4866; x_wconf 83' lang='lat' dir='ltr'><strong>omnes</strong></span> <span class='ocrx_word' id='word_1_848' title='bbox 2606 4809 2935 4865; x_wconf 80' lang='lat' dir='ltr'><strong>Achimelech</strong></span> <span class='ocrx_word' id='word_1_849' title='bbox 2994 4809 3404 4866; x_wconf 82' lang='lat' dir='ltr'><strong>circumferant.</strong></span> <span class='ocrx_word' id='word_1_850' title='bbox 3445 4811 3636 4869; x_wconf 82' lang='lat' dir='ltr'><strong>Restat</strong></span> 
     </span>
    </p>
   </div>
   <div class='ocr_carea' id='block_1_107' title="bbox 2058 4901 3634 4976">
    <p class='ocr_par' dir='ltr' id='par_1_107' title="bbox 2058 4901 3634 4976">
     <span class='ocr_line' id='line_1_107' title="bbox 2058 4901 3634 4976; baseline 0.004 -21"><span class='ocrx_word' id='word_1_851' title='bbox 2058 4901 2250 4973; x_wconf 72' lang='lat' dir='ltr'><strong>igitur,</strong></span> <span class='ocrx_word' id='word_1_852' title='bbox 2280 4903 2500 4973; x_wconf 91' lang='lat' dir='ltr'><strong>quando</strong></span> <span class='ocrx_word' id='word_1_853' title='bbox 2552 4902 2841 4974; x_wconf 87' lang='lat' dir='ltr'><strong>inscriptio</strong></span> <span class='ocrx_word' id='word_1_854' title='bbox 2867 4917 2993 4959; x_wconf 87' lang='lat' dir='ltr'><strong>vera</strong></span> <span class='ocrx_word' id='word_1_855' title='bbox 3025 4901 3250 4972; x_wconf 75' lang='lat' dir='ltr'><strong>profert,</strong></span> <span class='ocrx_word' id='word_1_856' title='bbox 3286 4911 3343 4957; x_wconf 93' lang='lat' dir='ltr'><strong>ut</strong></span> <span class='ocrx_word' id='word_1_857' title='bbox 3376 4906 3634 4976; x_wconf 83' lang='lat' dir='ltr'><strong>exquira-</strong></span> 
     </span>
    </p>
   </div>
   <div class='ocr_carea' id='block_1_108' title="bbox 2056 4993 3675 5077">
    <p class='ocr_par' dir='ltr' id='par_1_108' title="bbox 2056 4993 3675 5077">
     <span class='ocr_line' id='line_1_108' title="bbox 2056 4993 3675 5077; baseline 0.001 -29"><span class='ocrx_word' id='word_1_858' title='bbox 2056 5009 2185 5048; x_wconf 38' lang='lat' dir='ltr'><strong>lmus</strong></span> <span class='ocrx_word' id='word_1_859' title='bbox 2207 4993 2481 5064; x_wconf 88' lang='lat' dir='ltr'><strong>quomodo</strong></span> <span class='ocrx_word' id='word_1_860' title='bbox 2507 5001 2562 5048; x_wconf 88' lang='lat' dir='ltr'><strong>et</strong></span> <span class='ocrx_word' id='word_1_861' title='bbox 2590 4994 2811 5065; x_wconf 91' lang='lat' dir='ltr'><strong>quando</strong></span> <span class='ocrx_word' id='word_1_862' title='bbox 2833 4993 3001 5050; x_wconf 85' lang='lat' dir='ltr'><strong>David</strong></span> <span class='ocrx_word' id='word_1_863' title='bbox 3032 4993 3234 5049; x_wconf 74' lang='lat' dir='ltr'><strong>uultum</strong></span> <span class='ocrx_word' id='word_1_864' title='bbox 3256 5011 3410 5050; x_wconf 87' lang='lat' dir='ltr'><strong>suum</strong></span> <span class='ocrx_word' id='word_1_865' title='bbox 3435 4999 3632 5050; x_wconf 84' lang='lat' dir='ltr'><strong>immu-</strong></span> <span class='ocrx_word' id='word_1_866' title='bbox 3663 5060 3675 5077; x_wconf 38' lang='grc' dir='ltr'><strong>ο</strong></span> 
     </span>
    </p>
   </div>
   <div class='ocr_carea' id='block_1_109' title="bbox 2059 5085 3634 5152">
    <p class='ocr_par' dir='ltr' id='par_1_109' title="bbox 2059 5085 3634 5152">
     <span class='ocr_line' id='line_1_109' title="bbox 2059 5085 3634 5152; baseline 0.004 -13"><span class='ocrx_word' id='word_1_867' title='bbox 2059 5086 2190 5141; x_wconf 84' lang='lat' dir='ltr'><strong>tavit</strong></span> <span class='ocrx_word' id='word_1_868' title='bbox 2218 5102 2399 5140; x_wconf 86' lang='lat' dir='ltr'><strong>coram</strong></span> <span class='ocrx_word' id='word_1_869' title='bbox 2444 5085 2767 5152; x_wconf 81' lang='lat' dir='ltr'><strong>Abimelech,</strong></span> <span class='ocrx_word' id='word_1_870' title='bbox 2802 5096 2852 5140; x_wconf 92' lang='lat' dir='ltr'><strong>et</strong></span> <span class='ocrx_word' id='word_1_871' title='bbox 2888 5086 3090 5142; x_wconf 84' lang='lat' dir='ltr'><strong>dimisit</strong></span> <span class='ocrx_word' id='word_1_872' title='bbox 3117 5105 3256 5151; x_wconf 88' lang='lat' dir='ltr'><strong>eum,</strong></span> <span class='ocrx_word' id='word_1_873' title='bbox 3282 5100 3331 5144; x_wconf 87' lang='lat' dir='ltr'><strong>et</strong></span> <span class='ocrx_word' id='word_1_874' title='bbox 3355 5090 3506 5145; x_wconf 88' lang='lat' dir='ltr'><strong>abiit.</strong></span> <span class='ocrx_word' id='word_1_875' title='bbox 3538 5088 3634 5146; x_wconf 81' lang='lat' dir='ltr'><strong>Vi-</strong></span> 
     </span>
    </p>
   </div>
   <div class='ocr_carea' id='block_1_110' title="bbox 2061 5177 3633 5252">
    <p class='ocr_par' dir='ltr' id='par_1_110' title="bbox 2061 5177 3633 5252">
     <span class='ocr_line' id='line_1_110' title="bbox 2061 5177 3633 5252; baseline 0.003 -19"><span class='ocrx_word' id='word_1_876' title='bbox 2061 5177 2223 5233; x_wconf 88' lang='lat' dir='ltr'><strong>detur</strong></span> <span class='ocrx_word' id='word_1_877' title='bbox 2244 5192 2379 5233; x_wconf 87' lang='lat' dir='ltr'><strong>sane</strong></span> <span class='ocrx_word' id='word_1_878' title='bbox 2410 5177 2543 5232; x_wconf 88' lang='lat' dir='ltr'><strong>mihi</strong></span> <span class='ocrx_word' id='word_1_879' title='bbox 2581 5194 2649 5233; x_wconf 80' lang='lat' dir='ltr'><strong>ex</strong></span> <span class='ocrx_word' id='word_1_880' title='bbox 2674 5186 2993 5235; x_wconf 65' lang='lat' dir='ltr'><strong>cancrorum</strong></span> <span class='ocrx_word' id='word_1_881' title='bbox 3026 5180 3377 5250; x_wconf 88' lang='lat' dir='ltr'><strong>interpretum</strong></span> <span class='ocrx_word' id='word_1_882' title='bbox 3410 5197 3633 5252; x_wconf 90' lang='lat' dir='ltr'><strong>compa-</strong></span> 
     </span>
    </p>
   </div>
   <div class='ocr_carea' id='block_1_111' title="bbox 2062 5267 3631 5349">
    <p class='ocr_par' dir='ltr' id='par_1_111' title="bbox 2062 5267 3631 5349">
     <span class='ocr_line' id='line_1_111' title="bbox 2062 5267 3631 5349; baseline 0.003 -25"><span class='ocrx_word' id='word_1_883' title='bbox 2062 5269 2274 5325; x_wconf 85' lang='lat' dir='ltr'><strong>ratione</strong></span> <span class='ocrx_word' id='word_1_884' title='bbox 2329 5267 2544 5338; x_wconf 69' lang='lat' dir='ltr'><strong>quaasiti</strong></span> <span class='ocrx_word' id='word_1_885' title='bbox 2576 5270 2876 5324; x_wconf 86' lang='lat' dir='ltr'><strong>solutiones</strong></span> <span class='ocrx_word' id='word_1_886' title='bbox 2902 5269 3407 5340; x_wconf 86' lang='lat' dir='ltr'><strong>suppeditari.Nam</strong></span> <span class='ocrx_word' id='word_1_887' title='bbox 3435 5271 3631 5349; x_wconf 73' lang='lat' dir='ltr'><strong>quila</strong></span> 
     </span>
    </p>
   </div>
   <div class='ocr_carea' id='block_1_112' title="bbox 2062 5361 3634 5435">
    <p class='ocr_par' dir='ltr' id='par_1_112' title="bbox 2062 5361 3634 5435">
     <span class='ocr_line' id='line_1_112' title="bbox 2062 5361 3634 5435; baseline 0.004 -21"><span class='ocrx_word' id='word_1_888' title='bbox 2062 5367 2113 5415; x_wconf 88' lang='lat' dir='ltr'><strong>et</strong></span> <span class='ocrx_word' id='word_1_889' title='bbox 2144 5361 2334 5431; x_wconf 87' lang='lat' dir='ltr'><strong>quinta</strong></span> <span class='ocrx_word' id='word_1_890' title='bbox 2364 5361 2531 5417; x_wconf 77' lang='lat' dir='ltr'><strong>editio</strong></span> <span class='ocrx_word' id='word_1_891' title='bbox 2558 5361 2662 5417; x_wconf 87' lang='lat' dir='ltr'><strong>hoc</strong></span> <span class='ocrx_word' id='word_1_892' title='bbox 2687 5370 2848 5433; x_wconf 86' lang='lat' dir='ltr'><strong>pacto</strong></span> <span class='ocrx_word' id='word_1_893' title='bbox 2880 5362 3220 5435; x_wconf 89' lang='lat' dir='ltr'><strong>interpretati</strong></span> <span class='ocrx_word' id='word_1_894' title='bbox 3262 5371 3390 5422; x_wconf 88' lang='lat' dir='ltr'><strong>sunt</strong></span> <span class='ocrx_word' id='word_1_895' title='bbox 3421 5382 3434 5418; x_wconf 71' lang='grc' dir='ltr'><strong>ε</strong></span> <span class='ocrx_word' id='word_1_896' title='bbox 3469 5366 3634 5420; x_wconf 53' lang='lat' dir='ltr'><strong>Davi.</strong></span> 
     </span>
    </p>
   </div>
   <div class='ocr_carea' id='block_1_113' title="bbox 2058 5449 3632 5526">
    <p class='ocr_par' dir='ltr' id='par_1_113' title="bbox 2058 5449 3632 5526">
     <span class='ocr_line' id='line_1_113' title="bbox 2058 5449 3632 5526; baseline 0.006 -24"><span class='ocrx_word' id='word_1_897' title='bbox 2058 5449 2142 5504; x_wconf 88' lang='lat' dir='ltr'><strong>dis</strong></span> <span class='ocrx_word' id='word_1_898' title='bbox 2171 5452 2381 5522; x_wconf 86' lang='lat' dir='ltr'><strong>quando</strong></span> <span class='ocrx_word' id='word_1_899' title='bbox 2431 5452 2731 5506; x_wconf 86' lang='lat' dir='ltr'><strong>immutavit</strong></span> <span class='ocrx_word' id='word_1_900' title='bbox 2755 5461 2967 5522; x_wconf 85' lang='lat' dir='ltr'><strong>gustum</strong></span> <span class='ocrx_word' id='word_1_901' title='bbox 3008 5471 3161 5508; x_wconf 86' lang='lat' dir='ltr'><strong>suum</strong></span> <span class='ocrx_word' id='word_1_902' title='bbox 3194 5456 3262 5509; x_wconf 93' lang='lat' dir='ltr'><strong>ad</strong></span> <span class='ocrx_word' id='word_1_903' title='bbox 3290 5456 3477 5526; x_wconf 75' lang='lat' dir='ltr'><strong>{aciem</strong></span> <span class='ocrx_word' id='word_1_904' title='bbox 3498 5458 3632 5512; x_wconf 78' lang='lat' dir='ltr'><strong>Abi-</strong></span> 
     </span>
    </p>
   </div>
   <div class='ocr_carea' id='block_1_114' title="bbox 2058 5540 3631 5619">
    <p class='ocr_par' dir='ltr' id='par_1_114' title="bbox 2058 5540 3631 5619">
     <span class='ocr_line' id='line_1_114' title="bbox 2058 5540 3631 5619; baseline 0.006 -24"><span class='ocrx_word' id='word_1_905' title='bbox 2058 5540 2277 5605; x_wconf 78' lang='lat' dir='ltr'><strong>melech,</strong></span> <span class='ocrx_word' id='word_1_906' title='bbox 2338 5550 2389 5595; x_wconf 91' lang='lat' dir='ltr'><strong>et</strong></span> <span class='ocrx_word' id='word_1_907' title='bbox 2451 5541 2600 5611; x_wconf 87' lang='lat' dir='ltr'><strong>ejecit</strong></span> <span class='ocrx_word' id='word_1_908' title='bbox 2641 5557 2784 5606; x_wconf 87' lang='lat' dir='ltr'><strong>eum,</strong></span> <span class='ocrx_word' id='word_1_909' title='bbox 2843 5551 2893 5597; x_wconf 88' lang='lat' dir='ltr'><strong>et</strong></span> <span class='ocrx_word' id='word_1_910' title='bbox 2967 5543 3119 5602; x_wconf 88' lang='lat' dir='ltr'><strong>abiit.</strong></span> <span class='ocrx_word' id='word_1_911' title='bbox 3197 5545 3360 5602; x_wconf 88' lang='lat' dir='ltr'><strong>Forte</strong></span> <span class='ocrx_word' id='word_1_912' title='bbox 3408 5562 3631 5619; x_wconf 86' lang='lat' dir='ltr'><strong>propter</strong></span> 
     </span>
    </p>
   </div>
   <div class='ocr_carea' id='block_1_115' title="bbox 2059 5632 3632 5710">
    <p class='ocr_par' dir='ltr' id='par_1_115' title="bbox 2059 5632 3632 5710">
     <span class='ocr_line' id='line_1_115' title="bbox 2059 5632 3632 5710; baseline 0.008 -23"><span class='ocrx_word' id='word_1_913' title='bbox 2059 5648 2231 5705; x_wconf 87' lang='lat' dir='ltr'><strong>panes</strong></span> <span class='ocrx_word' id='word_1_914' title='bbox 2261 5632 2676 5704; x_wconf 88' lang='lat' dir='ltr'><strong>propositionis,</strong></span> <span class='ocrx_word' id='word_1_915' title='bbox 2704 5649 2846 5706; x_wconf 89' lang='lat' dir='ltr'><strong>quos</strong></span> <span class='ocrx_word' id='word_1_916' title='bbox 2895 5651 3020 5691; x_wconf 88' lang='lat' dir='ltr'><strong>cum</strong></span> <span class='ocrx_word' id='word_1_917' title='bbox 3064 5640 3364 5710; x_wconf 87' lang='lat' dir='ltr'><strong>accepisset</strong></span> <span class='ocrx_word' id='word_1_918' title='bbox 3396 5641 3466 5697; x_wconf 89' lang='lat' dir='ltr'><strong>ab</strong></span> <span class='ocrx_word' id='word_1_919' title='bbox 3500 5643 3632 5698; x_wconf 86' lang='lat' dir='ltr'><strong>Abi-</strong></span> 
     </span>
    </p>
   </div>
   <div class='ocr_carea' id='block_1_116' title="bbox 2058 5721 3627 5798">
    <p class='ocr_par' dir='ltr' id='par_1_116' title="bbox 2058 5721 3627 5798">
     <span class='ocr_line' id='line_1_116' title="bbox 2058 5721 3627 5798; baseline 0.004 -20"><span class='ocrx_word' id='word_1_920' title='bbox 2058 5723 2293 5789; x_wconf 87' lang='lat' dir='ltr'><strong>melech,</strong></span> <span class='ocrx_word' id='word_1_921' title='bbox 2324 5721 2560 5777; x_wconf 89' lang='lat' dir='ltr'><strong>comedit</strong></span> <span class='ocrx_word' id='word_1_922' title='bbox 2597 5723 2714 5794; x_wconf 88' lang='lat' dir='ltr'><strong>ipse</strong></span> <span class='ocrx_word' id='word_1_923' title='bbox 2765 5731 2820 5783; x_wconf 90' lang='lat' dir='ltr'><strong>et</strong></span> <span class='ocrx_word' id='word_1_924' title='bbox 2862 5727 3015 5797; x_wconf 89' lang='lat' dir='ltr'><strong>pueri</strong></span> <span class='ocrx_word' id='word_1_925' title='bbox 3049 5729 3141 5798; x_wconf 87' lang='lat' dir='ltr'><strong>qui</strong></span> <span class='ocrx_word' id='word_1_926' title='bbox 3187 5744 3311 5784; x_wconf 86' lang='lat' dir='ltr'><strong>eum</strong></span> <span class='ocrx_word' id='word_1_927' title='bbox 3344 5745 3409 5787; x_wconf 88' lang='lat' dir='ltr'><strong>eo</strong></span> <span class='ocrx_word' id='word_1_928' title='bbox 3450 5737 3627 5796; x_wconf 82' lang='lat' dir='ltr'><strong>erant,</strong></span> 
     </span>
    </p>
   </div>
  </div>
