4100 6388
534 386 633 448 291

1220 392 1489 450 EL'SEBH
1521 391 2000 449 CAISARIE‘NSIS
2035 391 2186 451 OPP.
2231 390 2409 447 PARS
2470 388 2643 446 lll.-—-
2679 366 3080 447 EXECETlCA.

3683 393 3787 448 292

533 507 856 563 immutasse
904 508 1107 564 dicitur
1142 519 1361 581 gustum
1391 513 1550 567 suum
1587 514 1652 567 ad
1678 512 1872 568 faciem
1896 513 2082 567 Abime

2184 561 2190 573 ,
2217 513 2415 583 ἄρτους
2432 512 2531 582 τῆς
2566 509 2894 580 προθέσεως,
2917 509 3012 573 οὓς
3041 507 3218 562 λαϐὼν
3247 509 3398 581 παρὰ
3427 509 3518 564 τοῦ
3567 511 3786 584 Ἀϐιμέ-

535 600 680 654 lech.
713 600 850 654 Cum
877 602 1022 655 enim
1063 605 1459 658 sanctiﬁcatum
1495 606 1675 660 cibum
1705 605 2018 668 comederit,
2046 620 2110 660 ac

534 692 904 748 sacerdotales
937 710 1128 764 panes,
1156 697 1357 766 quibus
1381 698 1600 752 nonnisi
1647 699 1778 754 solis
1809 697 2106 752 sacerdoti-

531 782 636 839 bus
665 786 740 839 uti
782 785 997 851 licebat,
1042 788 1348 842 immutaVit
1388 799 1603 858 gustum
1651 804 1832 845 suum.
1863 787 2110 860 Symma-

529 875 669 932 chus
697 891 826 932 vero
861 892 982 930 cum
1009 877 1162 940 dicit,
1203 879 1418 934 Davidis
1460 880 1669 952 quando
1703 882 2107 951 transformat/it

531 985 728 1024 morem
761 987 912 1023 suum
948 986 1125 1023 coram
1158 971 1474 1039 Abimelech,
1511 975 1674 1028 alium
1708 991 1929 1031 sensum
1976 979 2108 1032 sub-

525 1062 667 1132 jicit,
697 1064 825 1117 dum
870 1065 943 1118 ait
969 1081 1174 1120 morem
1222 1065 1444 1122 Davidis
1490 1067 1838 1124 immutatum
1872 1070 1926 1123 in
1969 1085 2103 1126 con-

529 1165 718 1226 specta
749 1157 1094 1211 Abimelcch:
1141 1159 1268 1226 quia
1315 1158 1525 1214 scilicet
1565 1159 1935 1232 interrogatus
1984 1173 2104 1231 qua:

527 1263 692 1304 causa
725 1256 990 1319 suscepta:
1018 1249 1117 1303 vize
1159 1249 1261 1304 sibi
1291 1259 1458 1313 esset,
1499 1253 1764 1308 mentitus
1791 1260 1897 1316 est,
1925 1269 1987 1307 ac
2015 1270 2104 1308 sa-

526 1342 801 1397 cerdotem
841 1341 1064 1396 fefellit:
1099 1345 1338 1397 alienum
1369 1342 1571 1413 quippe
1603 1344 1822 1400 Davidis
1860 1347 2102 1401 moribus

525 1442 643 1488 erat
677 1434 893 1488 fallacia
925 1434 1024 1497 uti,
1081 1450 1189 1504 qua
1238 1441 1420 1489 tamen
1455 1452 1588 1491 usus
1622 1453 1688 1490 eo
1727 1444 1970 1506 tempore
1998 1437 2102 1490 im-

523 1525 754 1577 mutavit
781 1535 982 1578 morem
1017 1537 1201 1590 suum,
1242 1527 1542 1582 secundum
1577 1528 1980 1599 Symmachum.
2019 1528 2099 1583 Ex

522 1615 683 1670 dictis
725 1629 890 1685 porro
927 1618 1097 1685 ipsam
1156 1632 1377 1688 quoque
1429 1617 1786 1688 Septuaginta
1839 1618 2098 1676 Virorum

521 1707 1022 1777 interpretationem
1057 1709 1300 1765 historia:
1322 1711 1656 1766 Abimelecbi
1682 1712 1940 1782 adaptare
1966 1714 2098 1768 lice-

519 1796 622 1862 bit,
648 1813 769 1867 quae
798 1807 986 1853 narrat
1030 1798 1289 1855 Davidem
1331 1800 1653 1858 immutasse
1679 1803 1890 1857 Vultum
1936 1817 2094 1859 suum

2211 605 2325 674 λεκν
2356 603 2556 672 ἔφαγεν
2603 601 2762 664 αὐτὸς
2791 603 2886 656 καὶ
2924 603 2990 654 τὰ
3047 601 3308 672 παιδάρια
3354 601 3421 654 τά
3456 602 3572 673 μετ’
3599 603 3785 667 αὑτοῦ,

2208 696 2562 767 ἡλλοιωκέναι
2591 695 2808 764 λέγεται
2863 697 2923 748 τὸ
2951 693 3129 764 γεῦμα
3174 694 3338 748 αὑτοῦ
3385 696 3465 758 είς
3496 695 3788 767 πρόσωπον

2223 789 2528 860 Ἀϐιμέλεχ.
2558 788 2922 859 Ἥγιασμένης
2950 788 3057 858 γὰρ
3080 789 3283 858 τροφῆς
3302 788 3654 858 γευσάμενος,
3690 789 3785 841 καὶ

2206 881 2314 933 τῶν
2344 882 2522 953 ἀρτων
2545 882 2649 934 τῶν
2709 880 3013 949 ἱερατικῶν,
3049 875 3129 942 οἷς
3161 880 3260 933 οὐκ
3305 879 3430 950 ἐξῆν
3476 879 3785 951 χρήσασθαι

2205 975 2254 1025 εἰ
2286 972 2360 1044 μὴ
2389 973 2566 1043 μόνοις
2600 976 2710 1038 τοῖς
2743 972 3268 1044 ἱερεῦσιν,ὴλλοίωσε
3295 973 3354 1024 τὸ
3386 973 3565 1042 γεῦμα
3597 973 3782 1030 αὑτοῦ.

2218 1066 2275 1119 ’0
2299 1066 2353 1119 δὲ
2375 1067 2668 1137 Σύμμαχος
2695 1064 2884 1120 είπώνο
2919 1066 3029 1118 Τοῦ
3064 1065 3242 1118 Δαυῒδ
3281 1066 3461 1118 ὁπότε
3485 1070 3782 1136 ,μετεμόρ-

2203 1175 2368 1226 φωσε
2399 1158 2504 1211 τὸν
2533 1161 2754 1226 τρόπον
2798 1158 2904 1211 τὸν
2933 1158 3152 1211 ἑαυτοῦ
3192 1158 3532 1227 ἔμπροσθεν
3566 1159 3783 1228 Ἀϐιμέ-

2202 1256 2335 1320 λεχ,
2377 1252 2567 1321 ἑτέραν
2615 1252 2850 1306 διάνοιαν
2893 1249 3253 1319 ὑποϐέϐληκε,
3307 1248 3399 1301 τὸν
3447 1249 3645 1320 τρόπον
3679 1249 3782 1311 ,τοῦ

2201 1344 2364 1396 Δαυῖδ
2391 1344 2712 1413 ἠλλοιῶσθαι
2768 1345 2943 1414 φήσας
2977 1341 3285 1415 ἔμπροσθεν
3355 1341 3662 1413 ’Λϐιμέλεχ,
3693 1342 3781 1397 διὰ

2201 1439 2279 1501 τὸ,
2308 1437 2642 1509 ἐρωτηθέντα
2674 1436 2756 1499 τίς
2784 1435 2868 1505 εἴη
2896 1433 3043 1504 αὐτῷ
3077 1437 3108 1504 ἡ
3166 1433 3311 1486 αἰτία
3345 1433 3444 1502 τῆς
3473 1429 3614 1493 ὁδοῦ,
3648 1433 3780 1503 ψεύ-

2203 1529 2395 1582 σασθαι
2425 1531 2518 1581 καὶ
2549 1525 3018 1600 παραλογίσασθαι
3045 1526 3136 1578 τὸν
3171 1525 3339 1596 ἱερέα·
3362 1523 3642 1595 ἀλλότριον
3673 1525 3778 1596 γάρ

2198 1615 2265 1689 ἦν
2296 1618 2387 1671 τοῦ
2430 1619 2632 1690 τρόπου
2681 1617 2774 1670 τοῦ
2817 1614 2980 1669 Δαυῖδ
3035 1615 3096 1667 τὸ
3139 1614 3325 1687 ἀπάτῃ
3384 1607 3707 1684 κεχρῆσθαι,

2197 1714 2318 1766 κατ’
2340 1714 2543 1766 ἐκεῖνον
2590 1711 2681 1765 τὸν
2741 1711 2932 1782 καιρὸν
2979 1709 3343 1781 χρησάμενος,
3397 1707 3654 1777 ἠλλοίωσε
3685 1709 3776 1762 τὸν

2196 1807 2392 1878 τρόπον
2423 1805 2608 1870 αὑτοῦ,
2635 1804 2778 1860 κατά
2807 1804 2899 1857 τὸν
2930 1803 3243 1874 Σύμμαχον.
3291 1803 3386 1854 Ἐκ
3404 1801 3459 1872 δέ
3487 1794 3594 1854 τῶν
3628 1803 3778 1874 εἱρη-

518 1901 703 1942 coram
746 1888 1082 1955 Abimelech,
1119 1891 1249 1962 quia
1292 1906 1400 1946 non
1448 1891 1552 1962 ipsi
1581 1907 1768 1947 veram
1810 1887 1947 1964 fuga:
1979 1910 2082 1950 sua

2199 1897 2375 1967 μένων
2398 1896 2493 1950 καὶ
2524 1896 2623 1967 τὴν
2645 1895 2753 1948 τῶν
2787 1893 3189 1964 Ἐϐδομήκοντα
3221 1889 3512 1962 ἑρμηνείαν
3535 1892 3776 1962 ἐφαρμό-

516 1994 740 2035 causam
791 1982 1191 2049 declaraverat,
1245 1981 1340 2038 sed
1381 1981 1648 2038 fefellerat
1694 1999 1818 2040 eum
1849 1986 1952 2039 alia
1993 2001 2092 2056 pro

517 2073 640 2128 aliis
674 2077 926 2142 locutus;
963 2077 1037 2128 ita
1065 2083 1123 2129 ut
1173 2075 1338 2130 etiam
1379 2077 1616 2132 Goliathi
1643 2077 1899 2134 frameam
1931 2079 2000 2133 ab
2026 2094 2092 2134 eo

517 2164 808 2232 acceperit,
844 2163 1058 2234 ipsique
1101 2165 1364 2234 perniciei
1391 2181 1559 2222 causa
1607 2167 1791 2222 fuerit.
1837 2168 1950 2223 Sub
1979 2169 2092 2225 hate

517 2254 663 2308 enim
688 2253 817 2308 Saul
839 2257 962 2309 eum
989 2271 1100 2311 rem
1135 2265 1341 2328 gestam
1372 2258 1670 2325 didicisset,
1702 2261 1851 2316 misit
1879 2264 1972 2332 qui
1993 2279 2090 2318 oc-

516 2346 762 2401 ciderent
787 2347 1101 2404 Abimelech
1125 2358 1180 2405 et
1212 2365 1398 2406 omnes
1433 2351 1747 2408 sacerdotes
1777 2353 2011 2420 Domini,
2037 2363 2092 2411 et

514 2435 725 2493 Nobam
764 2440 1040 2496 civitatem
1085 2443 1429 2499 sacerdotum
1481 2448 1771 2514 percussit.
1817 2447 2091 2520 Gestaque

513 2531 630 2586 haec
679 2533 862 2587 omnia
913 2543 1061 2601 sunt,
1112 2535 1240 2606 quia
1293 2535 1461 2593 David
1513 2541 1820 2595 immutavit
1865 2543 2088 2599 modum

510 2639 693 2693 suum,
739 2633 834 2680 aut
863 2616 1071 2682 vultum
1107 2645 1264 2684 suum
1323 2630 1377 2684 in
1423 2641 1719 2704 conspectu
1749 2634 2082 2690 Abimelech.

507 2709 818 2786 Regnorum
875 2716 1155 2790 Scriptura
1194 2721 1524 2776 Aclzimetech
1561 2724 1756 2792 habet;
1791 2741 1860 2781 ne
1895 2742 1962 2780 ex
1997 2727 2088 2780 lit-

507 2811 636 2861 terae
682 2811 1109 2866 commutatione
1159 2812 1431 2882 quispiam
1480 2823 1810 2871 moveatur:
1862 2832 1987 2872 nam
2019 2835 2084 2874 ex

501 2913 566 2954 ea
589 2914 711 2969 quae.
736 2901 1024 2956 intercedit
1053 2904 1195 2958 inter
1219 2906 1428 2960 litteras
1461 2906 1588 2960 Beth
1620 2913 1674 2963 et
1700 2905 1867 2978 Capit,
1899 2918 1957 2963 ut
1979 2908 2087 2966 He-

506 2989 634 3044 braei
681 3003 900 3054 vocant.
943 2994 1320 3062 similitudine,
1370 2997 1585 3052 diverse
1625 3013 1823 3054 nomen
1877 3000 2084 3055 editum

509 3079 610 3135 fuit
639 3099 653 3135 :
684 3081 953 3151 siquidem
991 3100 1097 3138 una
1121 3085 1420 3156 eademque
1453 3087 1564 3142 fere
1589 3087 1822 3143 duorum
1849 3091 2086 3146 elemen-

503 3177 685 3234 torum
721 3171 912 3242 ﬁgura,
940 3173 1265 3230 brevissimo
1292 3177 1447 3247 apice
1476 3179 1653 3232 solum
1685 3179 2079 3252 distinguente.

504 3263 563 3317 In
620 3241 927 3334 Evangeliis
1001 3280 1165 3335 porro
1223 3241 1453 3336 hujusce
1519 3267 1765 3324 historia;
1821 3241 2078 3328 Davidem
2107 3241 2148 3298 C

501 3356 802 3425 spectantis
850 3355 1101 3412 Salvator
1146 3360 1395 3414 meminit
1445 3361 1529 3416 his
1571 3363 1751 3418 verbis
1780 3383 1793 3419 :
1822 3363 1946 3420 Non
1999 3367 2077 3420 le-

497 3448 651 3518 gistis
687 3447 813 3516 quid
837 3448 1020 3517 fecerit
1058 3449 1248 3514 David,
1280 3453 1491 3522 quando
1524 3456 1732 3519 esuriit,
1767 3466 1815 3511 et
1843 3461 1933 3528 qui
1959 3474 2078 3515 cum

494 3552 555 3591 eo
585 3547 737 3592 erant
762 3556 778 3592 :
802 3540 1061 3609 quomodo
1087 3543 1306 3597 intravit
1337 3545 1391 3598 in
1430 3545 1647 3601 domum
1683 3547 1798 3614 Dei,-
1827 3560 1877 3604 et
1907 3569 2070 3622 panes

495 3632 870 3699 propositionis
891 3633 1137 3698 comedit,
1179 3651 1308 3706 quos
1354 3655 1457 3692 non
1488 3640 1675 3696 licebat
1705 3645 1753 3697 ei
1782 3643 1953 3711 edere,
1985 3664 2075 3701 ne-

494 3735 596 3789 que
628 3721 692 3774 iis
721 3724 812 3791 qui
839 3739 1051 3778 cumeo
1083 3737 1254 3794 erant,
1287 3729 1391 3784 nisi
1433 3731 1565 3786 solis
1609 3735 1968 3792 sacerdotibus
1993 3739 2076 3793 ‘°?

498 3805 615 3864 Hoc
639 3811 694 3865 in
718 3811 1010 3884 Ev‘angelio
1056 3819 1357 3874 secundum
1384 3820 1696 3880 Matthzeum
1731 3827 1936 3883 dictum
1965 3837 2068 3886 est.

494 3901 631 3957 Cum
663 3912 845 3960 autem
892 3907 1300 3980 in~Evangelio
1349 3914 1650 3970 secundum
1706 3916 1947 3974 Marcum
1995 3920 2071 3975 ila

495 3995 734 4050 locutum
767 3995 1105 4056 Salvatorem
1149 4017 1272 4058 esse
1307 4006 1622 4063 scribatur:
1664 4007 1952 4081 Nunquam
2001 4011 2072 4067 le-

490 4089 643 4159 gistis
682 4092 809 4162 quid
849 4093 1029 4162 fecerit
1075 4094 1271 4162 David,
1317 4098 1528 4168 quando
1579 4105 1942 4158 necessitatem
1981 4095 2072 4160 Ιιαρ

492 4179 622 4248 buit,
647 4192 696 4236 et
727 4186 913 4238 esuriit
968 4188 1077 4256 ipse
1111 4197 1163 4244 et
1203 4189 1292 4259 qui
1323 4205 1440 4243 cum
1484 4208 1544 4246 eo
1581 4197 1775 4250 erant?
1808 4199 2068 4266 quomodo

491 4272 726 4326 introivit
758 4276 813 4328 in
843 4275 1058 4330 domum
1087 4276 1185 4332 Dei
1223 4278 1318 4333 sub
1350 4279 1610 4335 Abiathar
1633 4286 1864 4355 principe
1893 4305 2069 4344 sacer-

490 4362 698 4429 dotum,
731 4374 782 4420 et
818 4382 979 4436 panes
1033 4371 1408 4438 propositionis
1458 4379 1792 4432 manducavit
1822 4379 1900 4433 “?
1941 4381 2065 4451 quis

491 4469 602 4509 non
632 4454 801 4508 animi
839 4458 1071 4527 pendeat
1103 4469 1396 4529 quaeratve,
1431 4479 1537 4534 qua
1576 4467 1786 4523 ratione
1817 4469 1905 4525 hic
1938 4469 2065 4527 Ser-

2193 2005 2307 2052 σεις
2334 1991 2400 2059 τῇ
2453 1987 2595 2042 κατὰ
2642 1987 2733 2040 τὸν
2776 1985 3063 2057 Ἀϐιμέλεχ
3117 1984 3347 2056 ἱστορίᾳ,
3401 1985 3620 2056 φησάσῃ
3681 1985 3775 2055 ηλ-

2191 2080 2586 2135 λοιωκέναιτδν
2637 2079 2798 2134 Δαυῖδ
2843 2080 2904 2133 τὸ
2961 2080 3251 2150 πρόσωπον
3305 2078 3499 2131 ἑαυτοῦ
3544 2077 3772 2132 ἐνώπιον

2203 2171 2510 2242 Ἀϐιμέλεχ,
2538 2170 2626 2224 διὰ
2667 2171 2728 2223 τὸ
2764 2171 2836 2241 μὴ
2902 2171 3233 2239 ἀπαγγεῖλαι
3285 2167 3433 2248 αςῦτῷ
3472 2169 3564 2222 τὸν
3597 2170 3770 2242 ἀληθῆ

2189 2261 2346 2330 λόγον
2401 2263 2501 2332 τῆς
2553 2261 2746 2316 ἑαυτοῦ
2801 2263 2998 2333 φυγῆς,
3062 2261 3533 2332 παραλογίσασθαι
3571 2262 3626 2315 δὲ
3679 2263 3772 2316 καὶ

2191 2351 2352 2423 ἕτερα
2381 2353 2496 2406 ἀνθ’
2529 2353 2732 2423 ἐτέρων
2769 2354 2961 2422 εἱπείν·
2982 2351 3057 2414 ὠς
3085 2353 3176 2404 καὶ
3220 2352 3317 2422 τὴν
3359 2351 3630 2422 ῥομφαίαν
3675 2352 3770 2406 τοῦ

2190 2442 2382 2496 Γολιὰθ
2413 2444 2538 2514 παρ’
2569 2443 2732 2498 αὑτοῦ
2781 2442 3058 2507 δέξασθαι,
3107 2443 3358 2520 γενέσθαι
3415 2461 3476 2497 τε
3508 2444 3657 2516 αὐτῷ
3688 2445 3771 2497 ai-

2187 2552 2300 2588 τιον
2326 2536 2618 2601 ἀπωλείας.
2644 2535 2845 2590 Μαθὼν
2878 2538 2985 2609 γὰρ
3015 2537 3151 2608 μετὰ
3176 2538 3345 2592 ταῦτα
3376 2539 3548 2594 Σαοὺλ
3574 2541 3642 2593 τὰ
3675 2557 3773 2592 πε-

2188 2628 2498 2698 πραγμένα,
2530 2627 2751 2697 πέμψας
2787 2629 3020 2696 ἀνεῖλεν,
3053 2628 3211 2681 αὐτόν
3251 2646 3310 2682 τε
3355 2629 3448 2684 τὸν
3487 2631 3770 2704 Ἀϐιμέλεχ

2188 2723 2280 2773 καὶ
2320 2721 2526 2782 πάντας
2577 2723 2703 2783 τοὺς
2753 2722 2914 2794 ἱερεῖς
2946 2721 3038 2774 τοῦ
3073 2723 3279 2794 Κυρίου
3331 2723 3546 2794 καὶτὴν
3589 2725 3770 2779 Νοϐὰν

2185 2813 2285 2884 τὴν
2317 2812 2470 2866 πόλιν
2496 2812 2602 2866 τῶν
2651 2813 2839 2885 ἱερέων
2895 2814 3151 2881 ἐπάταξε.
3209 2815 3319 2869 Καὶ
3361 2815 3536 2870 ταῦτα
3591 2817 3769 2871 πάντα

2187 2907 2520 2978 πέπρακται,
2550 2907 2682 2960 διότι
2703 2895 2959 2982 ηλλοίωσε
2987 2908 3149 2961 Δαυῒδ
3193 2909 3283 2962 τὸν
3309 2908 3511 2980 τρόπον
3542 2911 3704 2964 αὑτοῦ
3733 2910 3766 2982 ἢ

2185 2999 2246 3053 τὸ
2275 3000 2564 3072 πρόσωπον
2596 3000 2760 3053 αὐτοῦ
2811 2999 3040 3054 ἐνώπιον
3072 3001 3376 3072 Ἀϐιμέλεχ.
3417 3001 3479 3054 Ἦ
3501 3002 3610 3056 τῶν
3663 3003 3767 3056 Βα-

2187 3091 2401 3145 σιλειῶν
2423 3092 2610 3163 Γραφὴ
2647 3092 2951 3162 Ἀχιμέλεχ
2998 3093 3262 3164 περιέχει·
3298 3094 3599 3166 ὲναλλαγῆς
3621 3113 3764 3150 στοι-

2188 3185 2331 3254 χείου
2353 3184 2669 3255 γενομένης,
2707 3184 2859 3236 οὐδὲν
2893 3185 2974 3238 δεῖ
3023 3184 3306 3238 κινεῖσθαι·
3356 3186 3506 3258 παρά
3535 3187 3642 3260 γὰρ
3668 3188 3764 3260 τὴν

2181 3275 2472 3346 ὁμοιότητα
2505 3276 2600 3330 τοῦ
2644 3277 2906 3347 στοιχείου
2931 3275 3023 3329 τοῦ
3055 3277 3182 3345 βδρο
3205 3279 3332 3350 παρ’
3363 3277 3632 3351 Ἑϐραίοις
3669 3298 3762 3335 κα-

2179 3366 2438 3438 λουμένου
2481 3369 2574 3421 καὶ
2617 3368 2709 3421 τοῦ
2752 3370 2875 3438 χὰερ
2929 3368 3200 3440 διαφόρως
3230 3370 3446 3442 ἐξεδόθη
3497 3371 3752 3442 τοῦνομα·

2182 3461 2363 3530 σχεδὸν
2380 3463 2488 3535 γάρ
2513 3462 2571 3514 ἓν
2606 3464 2697 3516 καὶ
2734 3463 2929 3517 ταυτόν
2976 3464 3092 3516 ἐστι
3119 3463 3187 3516 τά
3217 3464 3307 3518 δύο
3331 3469 3587 3537 στοιχεῖα,
3621 3465 3752 3538 βρα-

2177 3553 2413 3624 χυτάτης
2442 3556 2669 3628 κεραίας
2700 3557 2867 3628 μόνης
2891 3557 3335 3630 ὲναλλαττούσης.
3369 3561 3656 3633 Μέμνηται
3698 3561 3755 3615 δὲ

2177 3645 2269 3695 καὶ
2307 3645 2334 3697 ὁ
2366 3646 2558 3717 Σωτὴρ
2586 3648 2643 3699 έν
2676 3649 2788 3711 τοῖς
2817 3647 3169 3718 Εὑαγγελίοις
3225 3651 3327 3721 τῆς
3388 3653 3760 3724 προκειμένης

2175 3736 2316 3790 κατά
2349 3737 2441 3790 τοῦ
2476 3737 2636 3792 Δαυῖδ
2670 3741 2906 3812 ἱστορίας
2959 3743 3150 3812 λέγων’
3202 3747 3322 3799 Οὐκ
3361 3746 3657 3816 ἀνέγνωτε
3699 3746 3760 3800 τι

2172 3827 2424 3895 ἐποίησε
2452 3829 2652 3894 Δαυῒδ,
2683 3830 2780 3885 ὅτε
2822 3833 3107 3887 ἐπείνασε
3143 3835 3239 3889 καὶ
3269 3838 3324 3890 οἱ
3371 3838 3498 3904 μετ’
3543 3837 3754 3892 αὑτοῦ·

2171 3918 2252 3984 ὡς
2278 3917 2564 3987 εἱσῆλθεν
2609 3923 2694 3988 εἰς
2749 3922 2856 3976 τὸν
2895 3921 3065 3978 οἷκον
3090 3924 3197 3978 τοῦ
3231 3923 3400 3988 Θεοῦ,
3454 3925 3550 3976 καὶ
3612 3927 3755 3990 τοὺς

2169 4009 2387 4078 ἄρτους
2414 4011 2524 4081 τῆς
2551 4013 2886 4082 προθέσεως
2909 4015 3151 4085 ἔφαγεν,
3179 4014 3288 4080 οὓς
3333 4015 3444 4066 οὐκ
3483 4013 3628 4076 ἐξὸν
3672 4011 3752 4084 ἦν

2167 4101 2381 4172 φαγεῖν
2410 4105 2558 4182 osos
2600 4105 2724 4173 τοῖς
2775 4107 2905 4176 μετ’
2938 4105 3152 4167 αὐτοῦ,
3176 4107 3230 4157 εἱ
3267 4102 3354 4173 μὴ
3376 4104 3587 4173 μόνοις
3623 4107 3749 4173 τοῖς

2168 4195 2427 4263 ἱερεῦσι;
2455 4196 2624 4250 Τοῦτο
2655 4197 2753 4266 μὲν
2779 4193 2872 4250 οὖν
2904 4198 2962 4250 ἓν
2993 4195 3069 4266 τῷ
3095 4198 3234 4249 κατὰ
3263 4195 3538 4249 Ματθαῖον
3561 4189 3744 4267 Εὐαγ-

2167 4287 2330 4360 γελίῳ
2361 4290 2596 4360 εἴρηται.
2628 4290 2778 4341 Ἐπεὶ
2816 4289 2872 4341 δὲ
2901 4289 2958 4339 ὲν
3003 4286 3080 4358 τῷ
3113 4289 3252 4341 κατὰ
3294 4288 3520 4360 Μάρκον
3561 4291 3737 4358 Εὐαγ-

2167 4379 2332 4451 γελίῳ
2369 4379 2782 4452 ἀναγέγραπται
2826 4381 2854 4432 ὁ
2895 4378 3083 4450 Σωτὴρ
3126 4380 3392 4451 εἰρηκώς·
3441 4381 3737 4435 Οὐδέποτε

2167 4472 2462 4542 ἀνέγνωτε
2490 4471 2546 4523 τί
2574 4472 2822 4538 ἐποίησε
2854 4469 3052 4535 Δαυῒδ,
3089 4471 3185 4525 ὅτε
3209 4474 3420 4542 χρείαν
3443 4471 3609 4541 ἔσχε,
3637 4474 3736 4527 zeal

488 4554 646 4600 valor
678 4561 784 4601 non
831 4549 1190 4616 Abimelechi,
1241 4553 1335 4608 sed
1386 4555 1694 4614 Abiatharis
1730 4563 2059 4618 mentionem

2184 4562 2488 4615 ἐπείνασεν
2511 4559 2691 4626 αὐτὸς
2713 4560 2808 4612 καὶ
2835 4565 2886 4614 οἰ
2905 4562 3032 4630 μετ’
3053 4563 3236 4616 αὑτοῦ
3259 4580 3277 4624 ;
3305 4563 3429 4628 πῶς
3453 4562 3734 4632 εἰσῆλθεν

490 4635 724 4693 fecerit?
754 4639 836 4694 Ad
874 4655 1037 4711 quam
1075 4657 1186 4696 rem
1234 4643 1371 4701 forte
1401 4649 1524 4716 quis
1557 4651 2063 4719 respondeatbino-

487 4727 690 4783 minem
738 4729 1150 4786 Abimelechum
1184 4733 1376 4802 fuisse,
1412 4739 1486 4791 ita
1533 4747 1591 4792 ut
1639 4741 1684 4794 is
1733 4741 1848 4811 ipse
1897 4743 2063 4799 fuerit

487 4817 581 4886 qui
629 4817 908 4874 Abiathar.
962 4819 1028 4874 Et
1059 4837 1192 4878 sane
1239 4839 1365 4879 mox
1411 4827 1532 4896 ejus
1587 4827 1747 4895 filius,
1798 4830 2062 4886 Abiathar

485 4907 668 4964 dictus
697 4908 752 4963 in
775 4910 914 4966 libro
940 4911 1253 4983 Regnorum
1284 4915 1455 4971 fertur
1483 4937 1497 4974 :
1521 4922 1612 4990 qui
1636 4922 1787 4978 solus
1817 4938 1846 4976 a
1874 4939 2061 4979 sacer-

483 5001 674 5057 dotum
700 5003 846 5058 crede
896 5006 1139 5076 elapsus,
1179 5025 1302 5064 cum
1345 5009 1547 5066 Davide
1590 5009 1730 5068 erat.
1769 5016 1922 5071 Alius
1952 5016 2060 5070 ior-

483 5105 630 5149 tasse
657 5095 875 5161 dixerit,
917 5099 972 5152 iu
1008 5100 1235 5155 historia
1266 5101 1675 5159 Abimelechum
1719 5114 1776 5160 ut
1797 5107 2054 5164 sacerdo-

482 5196 590 5243 tem
624 5189 942 5258 memorari;
979 5199 1034 5246 at
1087 5193 1190 5248 hoc
1245 5195 1365 5250 loco
1421 5195 1762 5254 Salvatorem
1821 5199 2051 5266 dixisse,

480 5281 836 5335 Abiatharum
865 5298 931 5338 eo
971 5293 1215 5356 tempore
1247 5286 1414 5344 fuisse
1462 5291 1763 5361 principem
1798 5293 2057 5347 sacerdo-

483 5383 596 5426 tum
631 5392 644 5427 :
679 5370 948 5438 Introivit,
979 5377 1074 5439 ait,
1110 5376 1283 5432 David
1313 5382 1368 5432 in
1395 5379 1609 5434 domum
1643 5382 1740 5436 Dei
1770 5383 1864 5436 sub
1889 5384 2054 5438 Abia-

483 5464 603 5518 thar
636 5467 868 5536 principe
907 5469 1258 5523 sacerdotum.
1297 5471 1439 5528 Sane
1470 5489 1599 5528 vero
1625 5475 1852 5530 historia
1882 5493 2054 5534 caesos

481 5559 827 5614 Achimelech
860 5567 913 5616 et
943 5562 1253 5618 sacerdotes
1283 5581 1311 5617 a
1346 5563 1508 5620 Saule
1551 5581 1887 5635 memorans,
1919 5569 2062 5625 nihil

548 5831 593 5912 ἕο
633 5828 820 5886 Matth.
858 5846 964 5899 xu,
1002 5831 1116 5899 δ,ι.
1157 5833 1238 5909 ,η
1283 5830 1447 5888 Marc.
1487 5849 1555 5898 ιι,
1591 5832 1682 5900 9-5,
1711 5832 1801 5888 26.

2169 4657 2255 4719 εἱς
2281 4652 2388 4707 τὸν
2418 4649 2582 4706 οἶκον
2627 4653 2732 4706 τοῦ
2777 4653 2918 4708 Θεοῦ
2958 4655 3054 4708 ἐπὶ
3087 4656 3354 4723 Ἀϐιάθαρ
3395 4656 3500 4709 τοῦ
3536 4657 3736 4725 ἀρχιε-

2165 4745 2336 4815 ρέως,
2366 4743 2463 4798 καὶ
2500 4744 2639 4810 τοὺς
2669 4744 2882 4814 ἇρτους
2916 4746 3022 4814 τῆς
3049 4747 3379 4815 προθέσεως
3406 4749 3622 4817 Egars;
3658 4749 3739 4812 τίς

2169 4835 2269 4888 οὐκ
2301 4835 2364 4889 ἂν
2395 4835 2707 4906 ἀπορήσειε,
2739 4837 2852 4901 πῶς
2877 4840 2905 4890 ὁ
2929 4838 3118 4909 Σωτὴρ
3140 4838 3370 4891 ἐνταῦθα
3395 4840 3454 4892 οὐ
3477 4839 3568 4892 τοῦ
3591 4837 3740 4892 Ἀϐι-

2177 4924 2364 4995 μέλεχ,
2398 4925 2532 4978 ἀλλὰ
2579 4925 2668 4978 τοῦ
2705 4927 2966 4998 Ἀϐιάθαρ
3017 4927 3316 4998 μέμνηται;
3364 4929 3504 5000 Πρδς
3545 4929 3573 4980 ὃ
3600 4929 3741 4981 εἴποι

2169 5033 2253 5080 τις
2280 5016 2346 5070 ἂν
2368 5015 2631 5087 διώνυμον
2654 5019 2976 5090 γεγενῆσθαι
3005 5021 3093 5073 τὸν
3117 5019 3421 5090 Ἀϐιμέλεχ,
3449 5021 3576 5073 ὥστ’
3603 5016 3740 5073 εἶναι

2170 5107 2262 5160 τὸν
2295 5108 2455 5161 αὑτὸν
2483 5108 2559 5175 τῷ
2589 5109 2868 5181 Ἀϐιάθαρ.
2900 5109 3106 5164 Αὐτίκα
3137 5111 3265 5178 γοῦν
3307 5111 3402 5164 καὶ
3443 5110 3555 5174 υἱὸς
3597 5107 3744 5176 αὐτῷ

2170 5198 2430 5271 Ἀϐιάθαρ
2481 5197 2812 5269 κεκλημένος
2843 5195 3139 5268 ἐμφέρεται
3178 5198 3242 5266 τῇ
3275 5194 3463 5267 Γραφῇ
3491 5193 3598 5246 τῶν
3629 5193 3736 5246 Βα-

2158 5290 2387 5346 σιλειῶν’
2423 5290 2500 5354 ὃς,
2528 5288 2802 5359 διαφυγὼν
2832 5287 2936 5340 ἀπὸ
2970 5286 3075 5340 τῶν
3101 5285 3492 5357 ἀναιρεθέντων
3547 5282 3736 5355 ἱερέων

2160 5387 2336 5456 μόνος,
2366 5385 2444 5455 τῷ
2482 5384 2643 5437 Δαυῒδ
2694 5383 2881 5452 συνῆν.
2921 5381 3113 5446 Ἀλλος
3163 5381 3206 5434 δ’
3234 5380 3299 5434 ἂν
3327 5379 3468 5432 εῐποι
3498 5376 3590 5431 τοῦ
3637 5376 3736 5447 μὲν

2171 5478 2455 5549 Ἀϐιμέλεχ
2477 5477 2573 5547 τὴν
2603 5476 2836 5547 ἱστορίαν
2878 5475 2954 5541 ὡς
3010 5474 3198 5546 ἱερέως
3243 5469 3615 5542 μνημονεύειν⁸
3649 5471 3735 5522 ὲν-

2157 5569 2328 5624 ταῦθα
2359 5569 2415 5624 δὲ
2449 5570 2536 5622 τὸν
2563 5568 2790 5640 Σωτῆρα
2837 5569 2926 5621 τὸν
2972 5565 3235 5638 Ἀϐιάθαρ
3257 5563 3518 5636 ἀρχιερέα
3539 5559 3735 5632 τυγχάν-
