4100 6386
505 402 619 461 295

1178 371 1449 458 sesami
1483 394 1962 458 CESARIENSIS
1998 397 2148 455 ore.
2188 397 2373 454 pass
2409 376 2497 454 ni.
2536 428 2609 439 —
2642 378 3054 455 exsomnes.

3670 402 3782 458 επ

506 524 715 581 tradit:
757 519 867 576 Iste
887 534 1088 590 pauper
1124 520 1396 584 clamavit,
1432 529 1481 574 et
1522 518 1780 573 Dominus
1817 516 2080 573 exaudivit

2188 515 2282 570 τοῦ
2320 513 2563 569 διδάσκει
2586 514 2760 584 λέγων
2779 533 2792 546 ·
2823 510 3012 580 Οὗτος
3039 518 3071 568 ὀ
3099 516 3334 586 πτωχὸς
3368 516 3653 586 ἐκέκραξε
3677 522 3778 575 καὶ

502 632 647 673 eum.
682 615 749 669 At
779 628 868 677 ne,
920 613 1116 683 inquit,
1167 612 1553 676 arbitremini,
1594 628 1680 667 me
1724 610 1944 681 quidem
1991 608 2086 679 qui

503 725 607 782 pro
636 724 762 779 rege
804 722 869 762 ac
902 707 1147 761 universi
1203 707 1385 776 populi
1428 705 1673 776 principe
1714 704 1954 766 habeor,
1990 699 2087 756 sed

505 804 692 860 animo
722 802 794 856 ob
859 800 953 855 Dei
1010 807 1212 854 metum
1264 814 1472 869 pauper
1513 813 1674 859 sum,
1724 796 1902 852 solum
1958 794 2087 849 talia

504 903 895 959 consecutum;
921 894 1201 948 enimvero
1225 892 1393 961 probe
1415 896 1753 960 compertum
1776 898 1879 950 est,
1907 888 2086 958 ipsum

470 988 797 1049 .Dominum
832 987 923 1056 qui
973 998 1217 1055 praesens
1273 983 1532 1037 omnibus
1576 989 1681 1044 est,
1728 980 1940 1036 similes
1977 979 2085 1035 mei

505 1091 805 1153 pauperes,
838 1077 1093 1132 videlicet
1126 1076 1381 1130 timentes
1427 1073 1622 1138 Deum,
1672 1071 2082 1127 exauditurum.

506 1171 727 1228 Gustata
783 1179 833 1225 et
884 1169 1052 1224 ridete
1110 1167 1362 1238 quoniam
1414 1165 1590 1220 suavis
1650 1172 1728 1219 est
1785 1162 2084 1217 Dominus:

505 1267 687 1321 beatus
721 1264 799 1317 vir
831 1262 922 1333 qui
953 1269 1129 1330 sperat
1174 1262 1229 1313 in
1258 1276 1339 1314 eo.
1379 1257 1644 1328 Quisquis
1672 1256 1743 1310 ob
1788 1255 2084 1327 perfectam

470 1364 558 1430 ,ει
588 1354 986 1410 indelicientem
1020 1354 1074 1405 in
1128 1350 1298 1406 Deum
1332 1362 1483 1421 Spem
1513 1351 1597 1405 vir
1617 1350 1856 1415 exsistit,
1892 1348 2084 1404 beatus

501 1456 608 1507 cst.
644 1446 830 1518 Neque
872 1446 973 1500 abs
1012 1458 1072 1500 re
1115 1443 1326 1513 Aquilae
1356 1440 1794 1511 interpretationi
1842 1453 2084 1508 praesens

502 1541 708 1595 dictum
744 1538 870 1609 quis
916 1536 1206 1608 aptaverit.
1243 1534 1303 1588 In
1336 1533 1496 1587 titulo
1526 1532 1727 1603 quippe
1778 1529 2083 1587 secundum

500 1630 754 1701 Aquilam
785 1630 992 1684 dictum
1043 1633 1172 1682 est:
1228 1624 1470 1688 Davidis,
1528 1622 1741 1695 quando
1783 1622 2084 1677 immutavit

501 1736 713 1797 gustum
743 1736 898 1776 suum
945 1728 1065 1773 ante
1110 1716 1299 1787 faciem
1358 1713 1676 1770 Abimelech.
1726 1712 1868 1781 Quia
1919 1714 2083 1785 igitur

503 1814 641 1883 ipse,
676 1828 798 1867 cum
846 1822 1015 1882 panes
1064 1807 1456 1878 propositionis
1495 1804 1847 1868 comedisset,
1885 1803 2083 1858 immu-

504 1905 637 1958 tavit
676 1911 897 1975 gustum
949 1916 1133 1965 suum,
1168 1915 1231 1955 ac
1280 1915 1347 1955 ex
1396 1906 1562 1969 gustu
1592 1896 1789 1952 deinde
1841 1894 2083 1951 divinam

503 1997 609 2054 sibi
652 1998 910 2051 virtutem
962 1994 1218 2048 collatam
1266 1990 1438 2046 fuisse
1465 1990 1674 2056 sensit;
1724 1987 1953 2051 idcirco,
1997 2001 2086 2043 se-

501 2088 741 2144 cundum
771 2086 925 2150 illud,
951 2085 1159 2156 Absque
1186 2084 1310 2140 dolo
1350 2084 1545 2153 accepi,
1571 2083 1685 2136 sine
1715 2080 1915 2136 inuidia
1939 2096 2084 2134 cont-

502 2178 814 2245 munico“,
865 2176 934 2231 ad
983 2176 1328 2231 consimilem
1391 2183 1613 2246 gustum
1668 2172 2083 2246 percipiendum

503 2273 642 2326 alios
686 2270 949 2326 festinare
987 2268 1331 2333 cohortatur,
1366 2278 1531 2338 atque
1581 2268 1798 2338 precari
1827 2274 1887 2321 ut
1941 2282 2084 2338 pane

501 2363 627 2421 vita!
674 2362 930 2417 alantur:
996 2361 1157 2432 cujus
1207 2360 1518 2433 symbolum
1570 2374 1636 2413 ae
1701 2359 1881 2430 imago
1924 2366 2084 2414 erant

504 2472 676 2527 panes
707 2456 785 2510 illi
815 2453 1209 2525 propositionis
1262 2468 1359 2523 per
1407 2451 1611 2523 Moysis
1641 2452 1812 2523 legem
1866 2452 2079 2507 statuti.

505 2548 686 2615 Quare
717 2547 888 2602 David
937 2561 1064 2601 cum
1106 2546 1437 2616 intelligeret
1489 2542 1650 2614 cujus
1707 2544 1888 2613 imago
1935 2550 2084 2599 esset

504 2639 662 2710 panis
696 2638 786 2691 ille
834 2634 1248 2706 propositionis,
1283 2648 1391 2688 non
1416 2633 1485 2688 ad
1526 2647 1851 2702 corporeum
1884 2647 2079 2703 panem

501 2736 562 2785 ut
601 2728 963 2795 accedamus;
996 2724 1092 2783 sed
1141 2726 1207 2780 ad
1248 2740 1444 2796 panem
1496 2724 1591 2795 qui
1633 2738 1901 2793 corporeo
1948 2723 2080 2779 sub-

500 2820 796 2885 indieatur,
847 2834 950 2874 nos
1008 2825 1292 2889 provocat.
1326 2816 1437 2871 Nos
1471 2817 1638 2887 igitur
1689 2817 1783 2887 qui
1816 2817 1870 2870 in
1918 2817 2079 2873 terris

498 2927 808 2977 versamur,
844 2911 1002 2982 panis
1049 2920 1102 2965 ct
1134 2909 1297 2964 Verbi
1335 2910 1429 2979 qui
1460 2908 1526 2964 de
1580 2909 1723 2963 emlo
1771 2908 2076 2976 descendit,

499 3016 564 3056 ac
601 3002 955 3072 semetipsum
1014 3000 1318 3057 exinanivit
1350 3008 1403 3054 et
1436 2998 1741 3069 depressit,
1783 2999 2079 3070 participes

499 3090 782 3147 elﬁcimur.
824 3092 928 3158 Qui
966 3108 1098 3147 vero
1126 3099 1255 3146 sunt
1289 3092 1344 3145 in
1373 3106 1543 3160 regno
1593 3091 1882 3153 caelorum,
1919 3092 2080 3160 pleno

501 3183 599 3237 illo
626 3196 689 3239 ac
718 3182 961 3254 perfecto
984 3191 1233 3245 utuntur,
1263 3180 1383 3250 ejus
1418 3180 1708 3236 divinitate
1748 3182 1995 3246 enutriti,
2024 3187 2079 3236 et
2104 3217 2147 3275 ο

2189 610 2224 661 ό
2260 609 2476 675 Κύριος
2504 606 2873 673 εἰσήκουσεν
2902 607 3111 661 αὐτοῦ.
3159 608 3317 662 Ἀλλά
3352 611 3427 681 μὴ
3455 609 3575 681 ἐμὲ,
3616 612 3773 682 φησὶ,

2192 699 2351 770 μόνον
2373 699 2727 771 τετυχηκέναι
2750 700 3115 770 νομίζετε,τὸν
3135 699 3491 772 νομιζόμενον
3515 701 3615 773 μὲν
3636 699 3774 759 εἶναι

2190 789 2413 861 βασιλέα
2443 790 2539 843 καὶ
2567 791 2803 861 ἄρχοντα
2828 789 2922 842 τοῦ
2957 789 3158 853 παντὸς
3190 790 3408 855 ἔθνους,
3436 793 3503 862 τῇ
3535 792 3593 845 δὲ
3624 794 3772 868 ψυιῇ

2188 879 2537 949 πτωχεύοντα
2571 880 2657 933 διὰ
2686 880 2775 932 τὸν
2796 879 2889 932 τοῦ
2926 879 3062 933 Θεοῦ
3099 881 3294 949 φόϐονο
3328 882 3572 953 ἀκριϐῶς
3599 883 3657 937 δὲ
3687 902 3774 954 γι-

2187 970 2456 1025 νώσκεται
2479 1011 2492 1032 ,
2518 973 2600 1025 ὃτι
2628 973 2657 1025 6
2689 972 2851 1036 αὐτὸς
2873 971 3078 1043 Κύριος
3102 973 3197 1026 καὶ
3227 972 3417 1047 παρὼν
3442 975 3549 1029 τῶν
3571 976 3773 1047 ὁμοίως

2187 1064 2311 1135 ἐμοὶ
2336 1063 2567 1134 πτωχῶν
2591 1105 2606 1129 ,
2640 1064 2783 1133 λέγω
2810 1064 2867 1117 δὲ
2890 1064 2999 1118 τῶν
3026 1064 3374 1135 φοϐουμένων
3402 1066 3589 1131 αὐτὸν,
3621 1070 3771 1122 εἰσα-

2187 1155 2456 1210 κούσεται.
2486 1156 2804 1209 Γεύσασθε
2828 1155 2926 1210 καὶ
2971 1152 3125 1209 ἴδετε
3174 1152 3263 1209 ὅτι
3292 1157 3562 1226 χρηστὸς
3590 1161 3625 1213 ὁ
3658 1161 3774 1214 Κύ-

2178 1265 2329 1317 ριος’
2357 1246 2649 1318 μακάριος
2671 1246 2828 1316 ἀνὴρ
2847 1247 2914 1314 ὃς
2933 1247 3155 1309 ἐλπίζει
3178 1248 3271 1301 ἐπ’
3291 1250 3497 1302 αὐτόν·
3532 1249 3588 1304 '0
3602 1249 3689 1305 διά
3710 1250 3775 1307 τὸ

2185 1341 2402 1406 τελείως
2425 1342 2518 1395 καλ⁸
2545 1341 2843 1403 ἀνελλιπῶς
2872 1339 3113 1405 ἐλπίζειν
3143 1343 3234 1395 ἐπὶ
3265 1341 3397 1396 Θεὸν
3431 1343 3573 1415 ἀνὴρ
3596 1345 3773 1418 ὑπάρ-

2186 1452 2296 1506 χων
2330 1435 2599 1508 μακάριός
2630 1436 2796 1489 ἐστιν.
2846 1435 2958 1487 Ούκ
2986 1435 3289 1499 ἀπεικότως
3316 1434 3381 1489 ἄν
3412 1452 3494 1499 τις
3526 1437 3769 1508 ἐφαρμό-

2187 1544 2329 1581 σειεν
2351 1531 2417 1599 τῇ
2442 1527 2585 1581 κατὰ
2608 1527 2701 1580 τὸν
2735 1527 2967 1581 Ἀκύλαν
2993 1526 3260 1599 ἑρμηνείᾳ
3280 1527 3377 1599 τὴν
3403 1529 3769 1600 προκειμένην

2184 1619 2354 1687 λέξιν·
2379 1620 2608 1692 ἐπείπερ
2633 1621 2690 1673 ὲν
2715 1622 2781 1690 τῇ
2806 1622 3096 1691 προγραφῇ
3120 1619 3260 1672 κατά
3282 1617 3372 1671 τὸν
3403 1617 3633 1673 Ἀκύλαν
3655 1620 3771 1675 ἐλέ-

2183 1729 2309 1781 γετο
2323 1728 2336 1741 ·
2376 1710 2488 1767 Τοῦ
2506 1711 2708 1776 Δαυῒδ,
2734 1710 2832 1765 ὅτε
2855 1710 3157 1779 ἠλλοιωσε
3176 1710 3240 1764 τό
3266 1710 3455 1782 γεῦμα
3473 1710 3662 1766 αὺτοῦ
3681 1715 3770 1782 είς

2184 1807 2508 1874 πρόσωπον
2548 1804 2875 1873 Ἀϐιμέλεχ.
2914 1802 3067 1857 Ἐπεὶ
3098 1804 3276 1858 τοίνυν
3309 1804 3491 1871 αὐτὸς,
3525 1804 3634 1857 τῶν
3665 1804 3768 1879 ἀρ-

2113 1876 2157 1932 B
2185 1916 2293 1953 των
2322 1899 2421 1971 τῆς
2448 1897 2761 1969 προθέσεως
2803 1893 3122 1968 μεταλαϐὼν
3140 1937 3157 1964 ,
3209 1896 3472 1967 ὴλλοίωσε
3500 1898 3561 1952 τὸ
3588 1876 3769 1973 γεῦμα

2184 1991 2351 2047 αὐτοῦ
2373 2031 2387 2057 ,
2421 1986 2522 2045 εἶτ’
2554 1991 2663 2044 ἀπὸ
2681 1991 2784 2062 τῆς
2808 1989 3051 2061 γεύσεως
3078 1989 3274 2061 ᾔσθετο
3300 1991 3582 2064 δυνάμεως
3619 1992 3771 2059 θείας

2182 2084 2583 2157 χορηγηθείσης
2607 2082 2757 2154 αὐτῷ
2776 2099 2788 2112 ·
2816 2082 3006 2137 τούτου
3035 2086 3195 2157 χάριν
3221 2083 3365 2139 κατά
3380 2084 3441 2138 τό
3460 2100 3474 2114 ·
3513 2084 3769 2153 Ἀδόλως

2181 2179 2423 2241 ἔλαϐον,
2451 2176 2725 2247 ἀφθόνως
2748 2178 3157 2251 μεταδίδομαι,
3190 2179 3501 2251 παρακαλεῖ
3531 2180 3626 2233 καὶ
3653 2180 3771 2233 ἐτέ-

2186 2284 2314 2339 ρους
2338 2268 2589 2323 σπεύδειν
2620 2270 2714 2323 ὲπὶ
2732 2270 2831 2342 τὴν
2858 2271 3050 2341 ὁμοίαν
3073 2270 3226 2342 αὐτῷ
3252 2269 3441 2339 γεῦσιν
3461 2309 3476 2335 ,
3509 2269 3768 2336 εὔξασθαί

2182 2376 2243 2412 τε
2271 2360 2544 2432 τραφῆναι
2576 2359 2654 2431 τῷ
2678 2360 2829 2433 άρτῳ
2852 2362 2948 2433 τῆς
2977 2362 3124 2433 ζωῆς
3142 2377 3155 2393 ⁸
3186 2356 3248 2417 οὗ
3273 2362 3538 2434 σύμϐολον
3568 2363 3662 2417 καὶ
3689 2366 3767 2416 εἰ·-

2182 2449 2295 2504 κὼν
2314 2452 2606 2523 ἐτύγχανον
2627 2454 2675 2506 οἱ
2699 2453 2786 2506 διά
2808 2454 3086 2518 Μωῦσέως
3106 2454 3591 2527 νενομοθετημένα
3613 2456 3770 2528 ἀρτοι

2183 2546 2281 2616 τῆς
2312 2544 2641 2616 προθέσεως.
2677 2546 2876 2619 Διόπερ
2902 2548 2931 2599 6
2956 2547 3120 2602 Δαυῖδ
3141 2587 3158 2613 ,
3189 2549 3389 2620 νοήσας
3423 2548 3569 2612 τίνος
3597 2544 3665 2620 ἦν
3692 2550 3769 2601 εί·-

2181 2638 2294 2692 κὼν
2331 2640 2359 2691 6
2390 2640 2487 2709 τῆς
2519 2638 2828 2711 προθέσεως
2855 2641 3051 2712 άρτος,
3082 2643 3181 2695 οὐκ
3207 2642 3301 2694 ἐπὶ
3330 2641 3420 2695 τὸν
3455 2640 3767 2713 σωματικὸν

2184 2729 2433 2783 σπεύδειν
2467 2732 2786 2804 προτρέπει.
2817 2731 2931 2785 ἀλλ’
2954 2734 3047 2785 ἐπὶ
3070 2732 3161 2786 τὸν
3184 2733 3250 2786 δι’
3268 2731 3433 2787 αὐτοῦ
3455 2733 3762 2804 νοούμενον.

2192 2823 2381 2894 Ἡμεῖς
2408 2823 2506 2894 μὲν
2532 2820 2625 2878 οὗν
2654 2826 2703 2878 oi
2728 2824 2821 2878 ἐπὶ
2855 2826 2956 2897 γῆς
2987 2828 3051 2880 ὲκ
3078 2826 3171 2879 τοῦ
3197 2825 3428 2898 ούρανοῦ
3457 2826 3768 2900 καταϐεϐη-

2181 2914 2336 2978 κότος
2381 2913 2476 2967 τοῦ
2521 2915 2685 2987 ἄρτου
2731 2916 2823 2969 καὶ
2868 2915 2962 2970 τοῦ
3001 2916 3176 2985 Λόγου
3213 2916 3549 2980 κενώσαντος
3575 2917 3766 2971 ἑαυτὸν

2181 3007 2275 3060 καὶ
2307 3008 2700 3080 σμικρύναντος
2730 3008 3246 3080 μεταλαμϐάνομεψ
3275 3011 3329 3061 oi
3357 3009 3412 3063 δὲ
3437 3011 3493 3062 ὲν
3516 3012 3580 3081 τῇ
3614 3010 3767 3080 βασι-

2178 3098 2299 3171 λείᾳ
2335 3099 2445 3153 τῶν
2476 3101 2717 3172 οὐρανῶν
2748 3102 2988 3173 πλήρους
3020 3102 3187 3156 αὐτοῦ
3221 3102 3316 3155 καὶ
3356 3102 3560 3156 τελείου
3596 3120 3764 3174 μετα-

2179 3191 2513 3263 λαμϐάνουσι
2538 3233 2553 3259 ,
2595 3191 2923 3265 τρεφόμενοι
2954 3194 3118 3248 αὑτοῦ
3149 3198 3215 3267 τῇ
3249 3196 3462 3266 θεότητι
3483 3235 3498 3260 ,
3530 3197 3625 3250 καί⁵
3655 3196 3762 3249 τῶν

501 3273 785 3344 sapientiae
836 3274 1396 3342 contemplationibus
1442 3271 1707 3326 fruentes.
1742 3270 1868 3327 Haec
1913 3273 2076 3328 etiam

2179 3283 2280 3353 τῆς
2311 3284 2501 3352 σοφίας
2531 3283 2904 3356 θεωρημάτων
2937 3285 3301 3351 ἀπολαύοντες
3321 3327 3334 3352 ,
3385 3280 3460 3343 ὧν
3492 3290 3585 3344 καὶ
3612 3291 3758 3361 ἡμᾶς

501 3381 607 3422 nos
652 3367 949 3438 aliquando
999 3364 1283 3420 obtinendi
1331 3378 1482 3434 spem
1546 3364 1751 3419 habere
1800 3365 2075 3429 convenit,

497 3459 856 3532 quamobrem
904 3457 1111 3512 dictum
1163 3463 1293 3512 est:
1358 3454 1550 3509 Beatus
1621 3456 1700 3509 uir
1763 3456 1854 3527 qni
1904 3464 2079 3526 sperat

499 3552 554 3607 In
583 3567 665 3606 eo.

572 3640 739 3699 Vens.
776 3641 832 3697 9.
884 3639 1083 3695 Timete
1129 3638 1437 3704 Dominum,
1482 3656 1659 3694 omnes
1708 3641 1880 3695 sancti
1931 3641 2075 3711 ejus,

500 3735 752 3807 quoniam
784 3750 889 3788 non
916 3742 993 3787 est
1020 3734 1200 3802 inopia
1231 3735 1538 3787 timentibus
1567 3749 1705 3788 eum.
1733 3733 1858 3789 Haec
1894 3735 2078 3790 omnia

504 3828 671 3883 Darid
717 3829 786 3882 ad
837 3826 1069 3881 aliorum
1119 3826 1413 3881 utilitatem
1480 3827 1872 3882 sententiarum
1924 3842 2077 3883 more

502 3918 731 3991 profert,
767 3918 1212 3988 quorum.prior
1255 3918 1370 3988 ipse
1405 3919 1612 3987 potitus
1658 3926 1796 3983 erat,
1857 3918 2076 3987 quando

500 4010 796 4081 esquisivit
868 4008 1184 4072 Dominum,
1253 4024 1317 4063 ac
1363 4011 1659 4080 propitium
1721 4020 1917 4065 nactus
1968 4019 2072 4066 est.

496 4098 752 4171 Praecipit
782 4101 964 4170 itaque
1017 4100 1226 4156 sanctis
1261 4099 1377 4163 Dei,
1422 4110 1483 4154 ut
1529 4101 1779 4156 timorem
1813 4103 1933 4170 ejus
1965 4117 2077 4172 prae

496 4194 672 4250 oculis
702 4194 937 4248 habeant
970 4212 983 4249 :
1024 4195 1092 4248 ab
1148 4193 1244 4249 illo
1275 4196 1478 4264 quippe
1511 4196 1705 4247 timore
1744 4193 1920 4248 sancti
1959 4194 2074 4248 elli-

496 4285 755 4351 ciuntur;
786 4285 909 4340 ideo
939 4284 1048 4338 alio
1078 4285 1132 4337 in
1165 4284 1376 4353 psalmo
1398 4283 1626 4349 dictum,
1653 4282 1836 4337 Timor
1859 4283 2075 4339 Domini

498 4387 677 4432 castus
720 4377 793 4444 “,
841 4379 1120 4439 videlicet.
1174 4386 1357 4434 castos
1406 4377 1665 4434 emeiens.
1728 4377 2074 4448 Quapropter

497 4468 683 4524 divina
717 4469 805 4525 lex
839 4469 956 4524 ait:
998 4468 1183 4524 Sancti
1214 4470 1381 4537 eritis,
1410 4471 1658 4541 quoniam
1687 4485 1780 4541 ego
1819 4468 2070 4523 Dominus

2177 3374 2354 3446 καιρῷ
2372 3392 2499 3429 ποτε
2517 3379 2801 3447 μετασχεῖν
2822 3377 3064 3443 ἐλπίζειν
3087 3382 3373 3451 προσήκει,
3391 3381 3470 3434 διὸ
3485 3380 3724 3435 λέλεκται
3738 3395 3753 3412 ⁸

2174 3465 2477 3534 Μακάριος
2509 3468 2665 3537 ἀνὴρ
2691 3467 2759 3535 ὃς
2780 3469 3003 3530 ἐλπίζει
3028 3471 3123 3524 ἐπ’
3147 3473 3354 3527 αὐτόν.

2248 3644 2548 3714 Φοϐήθητε
2574 3644 2681 3700 τὸν
2707 3646 2963 3714 Κύριον,
3006 3644 3230 3714 πάντες
3272 3648 3327 3702 οἱ
3358 3646 3510 3718 ἅγιοι
3550 3646 3759 3716 αὐτοῦ,

2177 3732 2266 3792 ὄτι
2292 3741 2402 3792 οὐκ
2432 3738 2605 3792 ἐστιν
2629 3737 2938 3808 ὑστέρημα
2975 3738 3097 3806 τοῖς
3126 3739 3521 3810 φοϐουμένοις
3551 3740 3761 3797 αὐτόν.

2178 3830 2361 3884 Πάντα
2384 3828 2559 3885 ταῦτα
2587 3829 2880 3901 γνωμικῶς
2906 3832 2935 3885 ὁ
2960 3830 3120 3885 Δαυῒδ
3152 3833 3231 3896 είς
3261 3830 3359 3903 τὴν
3386 3832 3590 3903 ἐτέρων
3619 3832 3764 3900 ὠφέ-

2176 3921 2325 3976 λειαν
2357 3923 2711 3996 προφέρεται,
2747 3923 2906 3987 αὐτὸς
2934 3923 3198 3995 πρότερον
3222 3923 3535 3985 ἀπολαύσας
3558 3923 3758 3986 αὐτῶν,

2175 4016 2265 4069 ὅτε
2283 4056 2298 4080 ,
2339 4018 2645 4089 ἐκζητήσας
2672 4017 2762 4070 τὸν
2791 4016 2994 4087 Κύριον
3015 4054 3031 4079 ,
3070 4013 3307 4083 ἐπηκόου
3335 4012 3500 4065 αὑτοῦ
3525 4011 3758 4083 τετύχηιο

2176 4124 2259 4161 κε.
2284 4107 2725 4177 Παρακελεύεται
2756 4107 2934 4159 τοίνυν
2968 4106 3059 4157 τὸν
3089 4103 3252 4172 φόϐον
3284 4101 3378 4154 τοῦ
3408 4103 3614 4173 Κυρίου
3652 4104 3758 4175 πρὸ

2173 4198 2467 4271 ὀφθαλμῶν
2489 4198 2730 4253 τίθεσθαι
2753 4198 2878 4256 τοὺς
2903 4196 3091 4263 ἀγίους
3117 4192 3281 4246 αὑτοῦ
3299 4209 3311 4221 ·
3337 4194 3440 4246 ὑπὸ
3463 4194 3569 4264 γάρ
3592 4194 3756 4248 αὐτοῦ

2174 4292 2269 4347 τοῦ
2300 4292 2465 4363 φόϐου
2494 4292 2639 4361 ἅγιοι
2668 4285 3082 4343 ἁνατελοῦνται’
3114 4285 3193 4338 δ.ὸ
3216 4284 3466 4342 λέλεκται
3493 4289 3552 4341 ἐν
3585 4287 3756 4360 ἑτέρῳ

2173 4384 2389 4457 ψαλμῷ·
2426 4384 2487 4437 '0
2506 4383 2689 4452 φόϐος
2706 4379 2928 4445 Κυρίου
2947 4377 3151 4447 ἁγνός,
3171 4379 3291 4432 ἀντὶ
3310 4378 3424 4442 τοῦ,
3447 4381 3752 4449 άγνοποιός.

2174 4477 2264 4530 Διὸ
2290 4476 2383 4529 καὶ
2406 4476 2435 4529 ὁ
2461 4473 2604 4535 θεῖος
2628 4471 2790 4541 νόμος
2819 4467 2983 4539 φησίν
3000 4485 3014 4499 ο
3044 4466 3233 4540 ’Ἅγιοι
3263 4471 3499 4535 ἔσεσθε,
3531 4473 3619 4527 ὅτι
3640 4473 3755 4544 ἐγὼ

496 4559 637 4615 Deus
671 4569 838 4615 vester
862 4569 1078 4614 sanctus
1109 4577 1226 4615 sum
1251 4560 1315 4615 ¹⁸.
1346 4562 1523 4630 Atque
1547 4560 1761 4631 signum
1788 4559 1921 4615 illud
1955 4560 2071 4615 evi-

2179 4569 2386 4636 Κύριος
2419 4568 2453 4619 ό
2492 4564 2638 4629 Θεὸς
2672 4559 2839 4631 ὑμῶν
2875 4562 3059 4632 ἅγιος.
3121 4562 3231 4617 Καὶ
3272 4568 3492 4635 σημεῖον
3525 4566 3620 4619 τοῦ
3660 4584 3757 4635 φο-

496 4652 634 4708 dens
666 4652 830 4709 fuerit
875 4653 1092 4708 timoris
1126 4651 1365 4717 Domini,
1409 4653 1456 4708 si
1498 4652 1623 4723 quis
1660 4667 1691 4706 a
1730 4652 1987 4707 sordibus
2020 4658 2076 4706 et

498 4745 681 4816 pravis
723 4745 982 4819 operibus
1014 4760 1189 4816 purus
1240 4752 1296 4800 et
1330 4760 1535 4800 vacuus
1590 4744 1794 4810 fuerit,
1843 4758 2075 4813 seseque

500 4844 751 4892 sanctum
789 4852 1021 4910 corpore
1056 4852 1118 4892 ac
1151 4836 1349 4907 spiritu
1376 4836 1696 4891 servaverit.
1729 4834 2073 4889 Timentibus

499 4944 664 5000 porro
688 4927 878 4995 Deum,
913 4930 1007 5001 qui
1038 4946 1132 5000 per
1152 4930 1273 4998 ejus
1300 4936 1503 4984 metum
1539 4928 1715 4983 sancti
1743 4925 2071 4990 eﬂ'iciuntur,

497 5020 635 5076 nihil
667 5034 905 5091 unquam
931 5020 1127 5084 deerit,
1149 5027 1338 5090 utpote
1366 5021 1458 5089 qui
1486 5018 1708 5074 divitias
1745 5031 1972 5088 magnas
2004 5030 2069 5070 ac

496 5114 815 5177 thesaurum
846 5113 1109 5184 optimum
1153 5113 1207 5166 in
1260 5112 1382 5182 ipso
1426 5111 1621 5167 timore
1662 5109 1880 5165 Domini
1913 5122 2066 5178 repe-

494 5206 685 5264 rerint.

1000 5315 1276 5373 DAVIDIS
1312 5314 1552 5373 XXXIV.

567 5408 732 5465 Vens.
779 5408 896 5465 1-5.
933 5406 1152 5475 Judicu,
1183 5408 1419 5472 Domine,
1468 5415 1710 5462 nocentes
1760 5421 1859 5471 me,
1897 5418 2066 5473 expue

496 5520 601 5574 gna
624 5506 986 5575 impugnantes
1016 5521 1113 5559 nte.
1146 5503 1480 5573 Appreltende
1526 5519 1681 5557 arma
1719 5513 1769 5555 et
1808 5510 2015 5553 scutum
2044 5514 2062 5552 :

499 5604 549 5649 et
573 5610 794 5667 exsurge
818 5597 874 5650 in
905 5596 1232 5665 adjutorium
1283 5597 1432 5649 mihi.
1468 5594 1692 5664 Eﬂ'unde
1722 5593 1983 5663 frameam
2010 5600 2062 5646 et

2175 4652 2389 4707 δεῖσθαι
2419 4650 2511 4705 τὸν
2542 4649 2747 4722 Κύριον
2777 4649 2923 4703 τοῦτ’
2959 4650 3025 4704 ἂν
3054 4651 3263 4719 γένοιτο
3283 4691 3298 4715 ,
3337 4653 3398 4707 τὸ
3430 4654 3756 4728 καθαρεύειν

2179 4742 2276 4813 μὲν
2302 4740 2482 4812 πάσης
2504 4739 2773 4812 ῥυπαρίας
2795 4739 2887 4794 καὶ
2913 4741 3141 4812 αἰσχρᾶς
3164 4740 3414 4812 πράξεως
3432 4784 3447 4807 ,
3466 4743 3756 4811 φυλάττειν

2173 4836 2229 4889 δὲ
2257 4834 2453 4897 αὐτοὺς
2481 4832 2673 4902 ἁγίους
2708 4833 2800 4886 καὶ
2836 4829 3051 4902 σώματι
3079 4832 3173 4884 καὶ
3205 4830 3493 4902 πνεύματι.
3546 4833 3672 4896 Τοῖς
3695 4832 3753 4886 δὲ

2173 4927 2264 4981 τὸν
2315 4923 2519 4996 Κύριον
2554 4923 2942 4994 φοϐουμένοις,
2994 4921 3203 4975 καὶδιά
3253 4921 3343 4976 τὸν
3388 4922 3554 4977 αὐτοῦ
3590 4923 3753 4994 φόϐον

2175 5019 2529 5092 ἡγιασμένοις
2550 5060 2565 5085 ,
2622 5019 2771 5073 οὐδὲν
2812 5017 2878 5072 ἂν
2910 5016 3076 5088 δεήσῃ
3122 5015 3197 5080 ὡς
3225 5016 3291 5070 ἂν
3326 5016 3497 5087 μέγαν
3527 5016 3753 5071 πλοῦτον

2175 5113 2271 5166 καὶ
2302 5107 2571 5184 θησαυρὸν
2599 5110 2801 5181 ἀγαθὸν
2824 5110 2883 5163 ὲν
2906 5106 3055 5179 αὐτῷ
3082 5106 3159 5178 τῷ
3186 5104 3335 5179 φόϐῳ
3363 5106 3567 5178 Κυρίου
3590 5109 3753 5181 εὑρη-

2176 5204 2348 5259 κόσιν.

2688 5308 2828 5366 ΤΟΥ
2864 5306 3061 5363 ΔᾹΥΙΔ
3095 5307 3214 5361 AA"

2242 5408 2530 5471 Δικασον,
2565 5406 2764 5473 Κύριε,
2800 5405 2942 5470 τοὺς
2969 5401 3332 5467 ἀδικοῦντάς
3357 5417 3465 5470 με,
3490 5400 3752 5469 πολέμηδ

2170 5516 2285 5555 σον
2314 5499 2455 5566 τοὺς
2486 5495 2900 5568 πολεμοῦντάς
2926 5512 3023 5566 με.
3062 5493 3384 5549 Ἐπιλαϐοῦ
3423 5492 3616 5548 ὅπλου
3649 5494 3748 5548 οιαὶ

2168 5592 2380 5660 θυρεοῦ
2402 5610 2417 5623 ο
2455 5591 2555 5646 καὶ
2578 5588 2875 5657 ἀνάστηθι
2912 5591 3001 5655 εις
3032 5586 3322 5655 ,βοήθειάν
3339 5604 3462 5657 μοι.
3494 5588 3752 5655 Ἐκχεον

499 5687 749 5741 conclude
769 5686 1016 5742 adversus
1039 5703 1124 5742 eos
1147 5688 1235 5758 qui
1262 5695 1641 5757 persequuntur
1667 5702 1764 5740 me.
1787 5684 2058 5751 Quoniam

2179 5681 2487 5751 ὑομεεαίαν,
2510 5679 2608 5735 καὶ
2639 5681 3012 5751 σύγκλεισον
3040 5675 3391 5742 ἐξεναντίας
3422 5674 3540 5730 τῶν
3567 5691 3748 5730 κειται

578 5840 621 5873 ⁸³
659 5839 788 5913 Sap.
829 5856 934 5910 vn,
975 5841 1062 5899 15.
1139 5842 1181 5875 ιδ
1224 5839 1372 5899 Psal.
1404 5857 1576 5908 svnt,
1614 5840 1699 5897 10.
1780 5840 1822 5872 ⁸³
1865 5838 2042 5895 Levit.
2078 5838 2161 5906 iu,
2205 5836 2296 5890 45.

2056 6076 2067 6105 ﬁ
