4100 6394
410 365 519 430 297

1542 360 2043 424 COMMENTABIA
2083 362 2151 422 ιΝ
2188 362 2310 419 PSA
2319 360 2523 419 LMOS.

407 476 743 540 διωκόντων
764 496 861 553 με.
900 474 1054 537 Ἐπεὶ
1079 470 1173 537 καὶ
1191 483 1249 535 ἐν
1278 481 1356 553 τῷ
1386 480 1643 553 ἰεζεκιὴλ
1657 481 1826 535 πολλὰ
1856 496 1954 551 περ

2089 481 2144 536 in
2188 478 2474 534 Ezechiele
2524 475 2691 530 multa
2737 473 2802 531 de
2829 474 3037 530 framea
3073 464 3219 531 dicta
3268 483 3436 543 sunt;
3492 490 3647 540 nam,

409 573 679 646 ῥομφαίας
702 572 912 645 εἴρηται
930 589 944 602 ⁸
993 572 1279 641 Ῥομεοαία
1300 571 1407 642 γὰρ
1426 610 1441 635 ,
1471 571 1604 643 φησὶ
1627 610 1642 635 ,
1686 570 1969 639 ῥομφαία,

405 664 737 736 ἑεεγέρθητι
752 703 767 729 ,
785 664 883 717 καὶ
898 664 1050 733 φάγε
1062 659 1204 732 αἷμα
1229 660 1601 732 τραυματιῶν
1619 679 1633 692 ⁸
1661 660 1753 714 καὶ
1778 662 1936 716 πάλιν
1953 678 1966 691 ⁸

406 755 495 826 Γῆ
530 757 637 811 ἐὰν
667 753 896 826 ἁμάρτῃ
923 773 1046 825 μοι,
1082 755 1182 810 καὶ
1209 751 1525 810 ἀποστελῶ
1545 754 1849 822 ῥομφαίαν
1876 752 1970 804 ἐπ’

404 848 592 917 αὐτήν
605 865 619 879 ⁸
644 848 817 903 πάντα
840 847 897 901 δὲ
916 846 1087 903 ταῦτα
1101 847 1241 902 κατὰ
1256 848 1353 919 τῆς
1374 850 1433 901 ἐν
1453 844 1756 917 ἀνθρώποις
1773 845 1971 910 κακίας

403 941 691 1013 ἐπαφίησιν
710 982 726 1007 ,
751 940 827 1006 ὡς
845 940 1048 1011 ἀγαθὸς
1066 980 1082 1006 ,
1113 940 1249 1012 πρὸς
1268 940 1532 1010 ὠφέλειαν
1561 936 1667 991 τῶν
1690 938 1780 991 ὑπ’
1801 937 1971 1009 αὐτῆς

401 1032 853 1104 κεκρατημένων·
884 1032 1006 1085 ἐπεὶ
1035 1031 1127 1086 καὶ
1155 1031 1406 1103 πολέμων
1441 1027 1600 1094 σώζει
1648 1028 1751 1101 (Ι),
1782 1029 1967 1101 ὥσπερ

400 1122 579 1197 ἰατρὸς
598 1164 613 1189 ,
642 1125 856 1195 τέμνων
890 1124 984 1180 καὶ
1017 1125 1184 1179 καίων
1217 1124 1283 1178 τὰ
1299 1122 1598 1177 πεπονθότα
1612 1121 1702 1176 τοῦ
1718 1121 1968 1194 σώματος

396 1215 531 1288 πρὸς
548 1215 841 1288 θεραπείαν
870 1216 1094 1281 παντός⁸
1121 1216 1327 1279 τούτοις
1342 1215 1590 1286 ἐπιφέρει
1614 1214 1786 1283 λέγων
1810 1215 1933 1286 ἑξῆς
1948 1232 1962 1245 ⁸

395 1303 583 1361 Εἶπον
617 1306 692 1376 τῇ
718 1306 891 1377 ψυχῇ
914 1324 1062 1378 μου⁸
1106 1308 1379 1376 Σωτηρία
1398 1324 1512 1362 σου
1541 1306 1655 1376 ἐγώ
1682 1309 1827 1377 εἰμι’
1879 1325 1967 1360 πι-

394 1400 599 1453 στεύων
631 1400 724 1454 καὶ
750 1400 992 1472 ἀκριϐῶς
1020 1399 1381 1470 πεπεισμένος
1406 1437 1422 1463 ,
1457 1400 1538 1452 ὅτι
1586 1399 1647 1452 τὸ
1679 1398 1966 1471 λεγόμενον

393 1491 497 1545 ὑπὸ
524 1491 614 1546 τοῦ
640 1492 771 1546 Θεοῦ
801 1492 901 1547 οὐκ
923 1493 1108 1565 ἀργῶς
1134 1493 1379 1564 πρόεισιν
1398 1533 1413 1558 ,
1449 1492 1561 1547 ἀλλ’
1584 1494 1665 1556 είς
1690 1493 1849 1565 ἔργον
1876 1494 1967 1546 ἐκ·

392 1579 564 1634 ϐαίνει
593 1583 808 1649 πάντως
825 1582 886 1637 τὸ
907 1582 1216 1656 λεγόμενον.
1248 1585 1355 1637 Καὶ
1380 1586 1437 1637 ἐν
1465 1582 1639 1655 τούτῳ
1657 1583 1715 1637 δέ
1742 1583 1837 1655 τὴν
1868 1583 1964 1654 μὲν

389 1671 584 1727 ἐαυτοῦ
617 1676 833 1746 ἠρνεῖτο
866 1675 1136 1746 σωτηρίαν
1155 1713 1170 1739 ,
1194 1675 1287 1728 καὶ
1318 1675 1415 1746 τὴν
1448 1662 1641 1728 ἐαυτοῦ
1676 1678 1965 1747 παρῃτεῖτο

390 1762 567 1836 ζωὴν,
602 1766 699 1837 τὴν
736 1767 792 1821 δὲ
824 1767 917 1822 τοῦ
948 1768 1152 1837 Κυρίου
1185 1767 1456 1838 σωτηρίαν
1488 1769 1553 1837 τῇ
1587 1765 1780 1820 ἐαυτοῦ
1817 1767 1959 1837 ψυχῇ

2082 571 2336 635 Framea,
2371 568 2566 638 inquit,
2602 568 2808 638 framea
2857 567 3139 631 suscitare,
3187 576 3237 621 et
3270 567 3479 623 comede
3514 582 3647 622 san-

2078 664 2285 736 guinem
2331 660 2724 715 vulneratorum
2756 658 2831 725 ¹⁸;
2884 672 2950 711 ac
2998 672 3252 713 rursum:
3313 658 3476 714 Terra
3525 673 3647 713 cum

2078 757 2364 826 peccaverit
2395 754 2545 818 mihi,
2574 754 2735 807 etiam
2763 752 3049 805 immittam
3083 751 3341 821 frameam
3370 750 3643 805 contrail-

2078 848 2187 902 lam
2209 848 2283 914 ‘7;
2318 847 2432 901 haec
2464 854 2645 902 autem
2679 845 2859 899 omnia
2887 845 3150 900 adversus
3182 844 3442 898 malitiam
3468 843 3645 898 homi-

2076 956 2231 1005 num,
2264 946 2451 1011 utpote
2478 940 2679 1003 bonus,
2712 938 2780 993 ad
2810 938 3100 993 utilitatem
3141 952 3331 992 eorum
3363 937 3458 1008 qui
3480 951 3510 989 a
3532 935 3645 990 fra-

2076 1042 2195 1083 mea
2230 1028 2321 1081 illa
2343 1035 2702 1098 occupantur,
2738 1026 2938 1083 emittit
2972 1044 2986 1082 :
3024 1028 3279 1098 quoniam
3309 1027 3438 1081 item
3469 1041 3499 1080 a
3528 1025 3645 1081 bel-

2075 1119 2143 1174 lis
2172 1126 2351 1174 servat
2382 1126 2436 1174 et
2464 1128 2645 1175 tuetur
2682 1118 2842 1189 quasi
2895 1117 3162 1185 medicus,
3189 1117 3437 1188 corporis
3470 1133 3643 1173 mem‘

2072 1207 2169 1261 bra
2205 1207 2347 1264 male
2376 1204 2589 1271 affecta,
2628 1208 2696 1262 ad
2721 1209 2891 1264 totius
2920 1208 3350 1263 incolumitatem
3382 1220 3644 1263 resecau!

2071 1305 2125 1352 et
2154 1299 2427 1367 adurens;
2461 1300 2581 1355 ideo
2613 1300 2667 1353 in
2704 1300 3061 1370 sequentibus
3092 1294 3257 1353 infert
3283 1297 3414 1354 :Dic
3446 1298 3641 1352 anima:

2071 1406 2200 1445 mea:
2228 1407 2245 1444 :
2279 1389 2438 1447 Salus
2479 1404 2570 1447 tua
2612 1411 2702 1464 ego
2742 1410 2879 1459 sum,
2913 1393 3146 1449 credens
3177 1393 3387 1449 scilicet
3419 1408 3484 1447 ac
3518 1407 3642 1462 per-

2072 1497 2294 1538 suasum
2330 1484 2492 1553 plane
2520 1487 2749 1551 habens,
2779 1485 3001 1543 elfatum
3038 1486 3169 1541 illud
3218 1484 3314 1541 Dei
3351 1500 3462 1541 non
3522 1484 3640 1539 fru-

2072 1581 2186 1629 stra
2212 1574 2481 1643 prolatum
2515 1591 2658 1642 esse,
2687 1576 2782 1633 sed
2803 1593 2968 1648 opere
2995 1592 3060 1633 ac
3098 1594 3156 1633 re
3195 1585 3346 1649 gesta
3393 1593 3641 1649 compro-

2069 1665 2210 1720 bari.
2242 1666 2419 1735 Atque
2448 1683 2511 1722 ea
2545 1669 2763 1738 quidem
2804 1670 2859 1724 in
2906 1685 2966 1725 re
3016 1671 3246 1725 salutem
3286 1686 3446 1741 quam
3479 1686 3546 1725 ex
3579 1686 3640 1727 se

2071 1758 2234 1813 habet
2282 1759 2604 1829 abnegahat,
2648 1762 2926 1832 vitamque
2966 1764 3241 1833 propriam
3290 1763 3635 1833 repudiabat,

390 1855 713 1929 χαρισθῆναι
743 1856 937 1931 ηύχετο
956 1897 970 1923 ,
1004 1861 1154 1924 ὅπως
1185 1860 1275 1914 καὶ
1306 1858 1466 1923 αὐτὸς
1500 1858 1611 1929 ἔχοι
1639 1858 1845 1927 λέγειν’
1874 1855 1954 1909 Ζίῐ

2068 1864 2133 1904 ac
2161 1845 2378 1904 Domini
2408 1852 2637 1907 salutem
2663 1853 2859 1908 animae
2880 1854 3118 1910 conferri
3140 1870 3254 1911 suae
3274 1856 3634 1925 precabatur;

388 1945 458 2000 se
482 1948 680 2003 οὐκέτι
707 1949 820 2021 ἐγὼ
837 1990 852 2017 ,
885 1951 953 2020 ζῇ
978 1951 1045 2005 δὲ
1071 1952 1141 2005 ἐν
1170 1950 1299 2021 ἐμοὶ
1323 1952 1597 2018 Χριστός.
1650 1949 1821 2012 Αὐτὸς
1852 1947 1959 2021 γάρ

389 2036 536 2091 ἐστιν
559 2040 592 2110 ἡ
620 2041 861 2124 σωτηρία
892 2041 1079 2113 ήμῶνο
1104 2040 1259 2095 τοῦτο
1282 2040 1409 2110 γοῦν
1436 2034 1566 2093 αὐτὸ
1591 2039 1839 2111 σημαίνει
1864 2038 1960 2093 καὶ

388 2127 423 2200 ἠ
449 2129 543 2183 τοῦ
580 2131 754 2202 Ἰησοῦ
788 2131 1049 2204 ὀνόματος
1077 2129 1360 2205 ἑρμηνεία.

454 2303 970 2375 Δίσχυνθήτωσαν
986 2306 1082 2359 καὶ
1099 2304 1565 2375 ἐντραπήτωσαν
1578 2309 1632 2360 οἱ
1648 2304 1958 2374 ζητοῦντες

381 2390 500 2460 τὴν
541 2393 752 2461 ψυχήν
787 2412 926 2464 μου.
984 2395 1182 2450 Τούτου
1217 2394 1358 2468 γὰρ,
1398 2396 1563 2468 φησὶ,
1610 2395 1815 2468 Κύριε,
1852 2390 1957 2448 ὑπὸ

384 2481 478 2535 σοῦ
515 2481 807 2554 γενομένου
831 2525 846 2552 ,
898 2485 992 2539 καὶ
1038 2485 1443 2550 ἐπακούσαντός
1483 2504 1585 2557 μου
1632 2487 1729 2557 τῆς
1768 2485 1954 2556 εὐχῆς.

380 2575 829 2647 αἰσχυνθήσονται
846 2577 941 2630 καὶ
960 2578 1388 2650 ἐντραπήσονται
1404 2579 1478 2642 ὡς
1499 2580 1672 2650 μάτην
1688 2578 1960 2650 ἐπιχειρή-

385 2682 576 2730 σαντες
596 2684 608 2696 ⁸
628 2666 710 2719 διὸ
737 2664 831 2720 καὶ
862 2662 1131 2740 ἀπέτυχον
1158 2669 1249 2722 τοῦ
1280 2668 1733 2739 σπουδαζομὲνου.
1783 2670 1954 2721 Ἀπο-

381 2753 916 2822 στραφήτωσανεὶς
936 2755 1009 2809 τὰ
1024 2758 1214 2809 ὀπίσω
1236 2757 1331 2809 καὶ
1344 2757 1957 2827 καταισχυνθήτωσαν

382 2847 438 2899 οί
464 2834 829 2914 λογιζόμενοί
851 2864 952 2916 μοι
976 2848 1149 2901 κακά.
1182 2848 1376 2901 Οὐκέτι
1399 2849 1507 2921 γὰρ
1537 2851 1823 2920 στήσονται
1848 2850 1955 2921 πρὸ

383 2934 673 3008 προσώπου
708 2952 843 3009 μουο
883 2936 1026 2991 νῶτα
1056 2938 1111 2991 δὲ
1147 2936 1328 3003 δόντες
1366 2939 1821 3013 παραχωρήσουσί
1859 2957 1950 3012 μοι

379 3027 450 3081 τὰ
477 3028 782 3100 νικητήρια.
819 3027 1122 3097 Φεύγοντας
1147 3016 1203 3083 δέ
1234 3028 1428 3094 αὐτοὺς
1454 3033 1549 3085 καὶ
1577 3034 1657 3096 είς
1684 3031 1752 3086 τά
1781 3031 1955 3086 ὀπίσω

379 3118 687 3192 χωροῦντας
700 3118 1128 3194 διασκορπισμὸς
1142 3122 1831 3194 λήψεται.Γενηθήτωσαν
1844 3126 1952 3197 γὰρ

2067 1945 2128 1994 ut
2170 1938 2287 2010 ipse
2339 1955 2555 2010 quoque
2588 1942 2769 1998 dicere
2813 1953 2998 2014 posset
3054 1963 3067 1999 :
3134 1944 3261 1999 Vivo
3296 1954 3491 2006 autem,
3514 1945 3637 2014 jam

2065 2044 2169 2083 non
2199 2042 2328 2099 ego;
2387 2030 2508 2083 vivit
2542 2042 2660 2085 vero
2684 2032 2736 2085 in
2768 2049 2846 2086 me
2876 2031 3120 2089 Christus
3150 2034 3212 2087 ³⁸.
3247 2035 3366 2105 Ipse
3399 2050 3637 2105 namque

2063 2127 2148 2176 est
2184 2121 2333 2177 salus
2371 2130 2563 2177 nostra
2597 2142 2610 2177 :
2649 2123 2886 2194 idipsum
2931 2141 3095 2197 porro
3127 2126 3210 2181 vel
3243 2126 3362 2197 ipsa
3395 2127 3634 2182 nominis

2062 2206 2193 2265 Iesu
2216 2210 2616 2281 signiﬁcatione
2651 2212 2945 2269 indicatur.

2135 2299 2302 2357 Vens.
2356 2302 2474 2358 4-8.
2538 2302 2946 2373 Confundantur
2999 2315 3049 2362 et
3098 2318 3431 2363 revereantur
3484 2325 3631 2379 qua:-

2062 2405 2232 2451 rentes
2272 2396 2505 2449 animam
2539 2413 2729 2452 meam.
2780 2397 2875 2454 His
2929 2400 3114 2466 rebus,
3165 2399 3409 2466 Domine,
3465 2402 3545 2457 sic
3598 2415 3632 2457 a

2063 2494 2118 2541 te
2146 2487 2336 2558 gestis,
2379 2496 2663 2558 postquam
2697 2490 3135 2560 deprecationem
3169 2508 3341 2547 meam
3372 2493 3630 2549 exaudie-

2063 2579 2161 2644 ris,
2197 2578 2601 2635 confundentur
2632 2580 2707 2633 illi
2744 2596 2808 2634 ac
2838 2581 3045 2651 pudore
3074 2581 3397 2649 allicientur,
3433 2592 3491 2638 ut
3514 2585 3630 2641 fru-

2063 2665 2174 2721 stra
2210 2682 2324 2722 rem
2355 2668 2597 2739 aggressi
2631 2687 2644 2723 :
2680 2671 3032 2739 quamobrem
3062 2686 3092 2725 a
3123 2687 3290 2743 scopo
3318 2673 3451 2743 lapsi
3476 2683 3627 2730 sunt.

2061 2758 2382 2812 Avertantur
2414 2770 2701 2814 retrorsum
2730 2770 2780 2815 et
2815 2761 3123 2816 erubescant
3165 2765 3456 2833 cogitantes
3500 2765 3631 2821 mihi

2060 2849 2226 2905 mala.
2258 2848 2374 2905 Non
2396 2851 2534 2905 ultra
2557 2852 2698 2907 enim
2725 2853 3028 2908 consistent
3045 2863 3170 2910 ante
3200 2854 3391 2912 faciem
3415 2873 3587 2912 meam
3610 2878 3626 2914 :

2062 2940 2155 2994 sed
2185 2945 2336 3010 terga
2369 2942 2583 3002 dantes.
2618 2942 2811 2997 cedent
2843 2942 2974 2996 mihi
3006 2943 3309 3001 victoriam.
3356 2945 3461 3017 lpsi
3503 2963 3629 3002 vero

2060 3030 2330 3101 fugientes
2378 3046 2442 3086 ac
2485 3040 2632 3087 retro
2682 3031 2940 3088 cedentes
2973 3033 3411 3104 dissipabuntur.
3459 3035 3627 3090 Fiant

2061 3128 2312 3192 tanquam
2341 3122 2511 3193 pulvis
2563 3131 2680 3176 ante
2716 3122 2907 3192 faciem
2955 3125 3112 3188 venti,
3150 3135 3200 3179 et
3249 3127 3464 3197 angelus
3519 3127 3624 3183 Do.

378 3210 521 3264 ὡσεὶ
564 3210 714 3281 χοῦς
750 3211 902 3266 κατὰ
945 3214 1270 3282 πρόσωπον
1300 3214 1523 3285 ἀνέμου
1556 3218 1654 3270 καὶ
1699 3216 1952 3287 ἅγγελος

2058 3215 2185 3267 mini
2214 3225 2490 3269 coarctans
2536 3231 2645 3278 eos,
2698 3231 2766 3271 ne
2806 3217 2952 3272 ultra
3004 3218 3127 3273 illos
3177 3221 3498 3291 congregari
3531 3230 3623 3276 aut

376 3302 596 3370 Κυρίου
624 3302 914 3358 ἐκθλίόων
944 3306 1196 3374 αὐτοὺς,
1250 3307 1383 3379 μηδέ
1417 3310 1781 3381 συναχθῆναι,
1818 3308 1950 3382 μηδέ

2058 3303 2253 3357 reverti
2291 3304 2452 3364 sinat,
2484 3305 2577 3359 sed
2616 3304 2781 3359 instet
2811 3305 2926 3375 ipse
2958 3318 3269 3371 coarctans,
3303 3308 3356 3362 id
3386 3318 3472 3364 est
3520 3326 3623 3380 pu-

375 3394 807 3468 παλινδρομῆσαι
846 3400 1170 3472 συγχωρῶν,
1200 3397 1229 3455 ό
1265 3398 1310 3455 δ’
1344 3399 1504 3465 αὐτὸς
1528 3402 1834 3472 ἐπιμενέτω
1855 3404 1949 3455 ἐκ-

376 3483 573 3541 θλίόων
596 3489 820 3555 αὐτοὺς,
850 3484 1095 3546 τουτέστι
1116 3493 1377 3559 κολάζων.
1412 3492 1730 3562 Γενηθήτω
1746 3495 1783 3563 ὴ
1811 3493 1950 3559 ὁδός

374 3577 573 3634 αὐτῶν
603 3583 821 3649 σκότος
848 3583 946 3638 καὶ
977 3585 1297 3655 ὀλίσθημα,
1326 3586 1424 3640 καὶ
1455 3585 1706 3656 ἅγγελος
1728 3584 1948 3652 Κυρίου

2056 3394 2215 3450 niens
2237 3395 2379 3450 illos.
2413 3393 2539 3450 Fiat
2570 3398 2653 3450 via
2679 3396 2897 3452 illorum
2925 3398 3148 3453 tenebris
3175 3407 3226 3454 et
3259 3399 3540 3467 lubricum,
3570 3411 3621 3458 et

2056 3487 2272 3557 angelus
2310 3486 2528 3543 Domini
2548 3504 2856 3561 persequens
2890 3507 2997 3545 eos.
3034 3489 3188 3544 Viam
3218 3490 3511 3561 impiorum
3543 3492 3620 3548 vi-

2054 3585 2164 3632 tam
2200 3594 2421 3649 pravam
2450 3589 2751 3651 nuncupat,
2786 3596 2891 3652 qua
2923 3580 3000 3635 illi
3031 3582 3116 3635 via
3148 3581 3492 3638 incedebant.

374 3662 751 3728 καταὸιώκων
768 3676 1008 3742 αὐτούς.
1040 3668 1187 3730 Ὀδδν
1203 3675 1411 3732 ἀσεϐῶν
1427 3678 1517 3731 τὸν
1536 3677 1807 3749 μοχθηρὸν
1831 3677 1943 3747 βίον
1975 3670 2263 3743 ὀνομάζει,
2295 3671 2416 3725 καθ’
2445 3672 2505 3726 ὃν
2534 3673 2632 3745 τὴν
2666 3674 2889 3746 πορείαν
2920 3674 3261 3746 ἐποιήσαντο.

445 3761 575 3815 Ὀτι
624 3752 850 3831 δωρεὰν
896 3763 1172 3833 ἕκρυψάν
1197 3783 1297 3835 μοι
1334 3765 1660 3836 διαφθορὰν
1697 3764 1947 3836 παγίδος

373 3853 589 3909 αὐτῶν.
649 3854 787 3908 Ἀνθ’
818 3849 878 3909 οὗ
905 3857 932 3909 ό
961 3848 1254 3928 Σύμμαχος
1284 3856 1542 3922 ἐξέδωκεν
1572 3854 1745 3920 οὕτως
1767 3873 1780 3887 ⁸
1817 3856 1947 3908 Ὅτι

373 3945 648 4014 ἀναιτίως
675 3944 1060 4016 κατέκρυψάν
1078 3966 1179 4018 μοι
1211 3947 1539 4018 διαφθορὰν
1561 3947 1816 4021 δικτύων
1842 3949 1948 4003 αὺ-

372 4035 507 4093 τῶν.
536 4036 716 4109 Μηδὲν
748 4038 856 4111 γὰρ
886 4040 977 4092 ὑπ’
1002 4037 1135 4112 ἐμοῦ
1158 4040 1594 4112 προπεπονθότες
1621 4040 1827 4114 δωρεὰν
1853 4040 1947 4094 καὶ

373 4130 629 4195 ἀναιτίως
654 4127 1008 4185 ἐπεϐούλευόν
1040 4149 1128 4202 μοι
1162 4132 1493 4204 κρύπτοντες
1524 4132 1759 4200 παγίδα,
1793 4132 1860 4186 δι’
1878 4127 1947 4204 ἧς

374 4216 495 4292 ἐμοὶ
516 4220 808 4295 διαφθορὰν
831 4222 1249 4288 κατεσκεύαζον.
1275 4225 1338 4277 Ei
1360 4224 1453 4277 καὶ
1477 4223 1545 4277 τὰ
1577 4223 1809 4295 μάλιστα
1835 4222 1943 4295 γὰρ

374 4313 587 4368 ἐδόκουν
607 4315 672 4368 δι’
693 4315 789 4369 ἀνθ
798 4312 992 4387 ρώπων
1011 4333 1078 4387 με
1102 4315 1355 4388 πολεμεῖν
1375 4357 1389 4382 ,
1408 4312 1525 4387 ἦτοι
1544 4317 1630 4370 διὰ
1643 4315 1735 4370 τοῦ
1751 4316 1943 4382 Σαοὺλ,

372 4405 408 4478 ἢ
433 4406 528 4461 καὶ
550 4406 615 4459 δι’
638 4405 837 4476 ἐτέρων
856 4446 871 4472 ,
903 4405 1016 4460 ἀλλ’
1040 4404 1139 4460 οὐκ
1163 4396 1388 4477 ἠγνόουν
1410 4404 1519 4474 ἐγὼ
1538 4407 1637 4476 τῆς
1655 4406 1748 4459 τοῦ
1773 4404 1944 4461 Σαοὺλ

2127 3759 2390 3825 Quoniam
2435 3762 2602 3830 gratis
2643 3763 3029 3839 absconderant
3077 3763 3206 3817 mihi
3246 3763 3515 3818 interitum
3546 3760 3617 3818 la-

2053 3851 2171 3922 quei
2197 3851 2298 3906 sui.
2328 3850 2433 3905 Pro
2464 3867 2573 3921 quo
2624 3850 2987 3923 Symmachus
3017 3855 3098 3908 sic
3129 3853 3320 3919 edidit,
3353 3855 3619 3919 Quoniam

2052 3948 2164 3995 sine
2197 3957 2361 3995 causa
2395 3941 2778 3996 absconderant
2810 3942 2939 3995 mihi
2963 3943 3235 3995 interitum
3271 3943 3459 3997 retium
3491 3961 3619 4000 suo-

2052 4048 2189 4086 rum.
2220 4030 2381 4085 Nullo
2422 4031 2622 4102 quippe
2656 4046 2685 4085 a
2730 4046 2815 4087 me
2863 4030 3040 4086 allecti
3086 4031 3309 4097 damno,
3359 4035 3529 4103 gratis
3561 4042 3617 4090 et

2052 4124 2172 4179 sine
2214 4138 2382 4179 causa
2436 4123 2838 4179 abscondenles
2886 4124 3161 4192 laqueum,
3213 4123 3617 4183 insidiabantur

2051 4214 2206 4279 mihi,
2247 4229 2358 4285 quo
2399 4215 2529 4270 mihi
2569 4214 2849 4269 interitum
2884 4221 3162 4285 pararent.
3206 4214 3433 4271 Etiamsi
3468 4219 3615 4274 enim

2048 4306 2398 4372 videbantur,
2452 4308 2567 4361 sive
2623 4304 2824 4368 Saulis,
2883 4307 2997 4361 sive
3043 4304 3274 4362 aliorum
3333 4307 3617 4364 hominum

2050 4410 2211 4466 Opera
2245 4398 2566 4468 impugnare
2604 4413 2719 4464 me;
2783 4405 2832 4452 at
2879 4412 2988 4452 non
3045 4397 3362 4468 ignorabam
3391 4417 3491 4472 ego
3519 4400 3616 4473 qui

373 4494 701 4567 ζηλοτυπίας
724 4497 848 4561 τοὺς
873 4495 1077 4563 αἰτίους
1108 4497 1201 4551 καὶ
1229 4496 1336 4551 τῶν
1364 4495 1562 4549 λοιπῶν
1593 4495 1798 4569 ἐχθρῶν
1818 4495 1943 4558 τοὺς

2058 4487 2199 4543 Sauli
2236 4490 2455 4544 invidiae
2487 4496 2762 4555 auctores,
2791 4499 2845 4545 et
2873 4491 2967 4561 qui
2994 4492 3332 4563 reliquorum
3373 4493 3614 4549 hostium

374 4584 672 4649 ὑποϐολεῖς.
700 4574 718 4597 ⁶
736 4585 917 4640 Ἀλλοι
948 4585 1056 4659 γὰρ
1087 4583 1226 4659 ἦσαν
1256 4589 1304 4643 oi
1337 4587 1434 4651 τὰς
1467 4585 1672 4640 ἑαυτῶν
1712 4576 1945 4654 παγίδας

374 4676 705 4751 κρύπτοντες
742 4677 835 4731 καὶ
860 4677 958 4747 τὴν
994 4677 1169 4748 ψυχήν
1205 4695 1304 4749 μου
1332 4677 1640 4749 διαφθεῖραι
1672 4676 1944 4748 πειρώμε-

372 4783 452 4824 νοι
470 4807 487 4832 ,
509 4766 557 4820 οἳ
589 4767 682 4821 καὶ
703 4756 903 4838 μάτην
933 4766 1251 4822 ὠνείδισαν
1274 4766 1385 4836 τὴν
1409 4767 1622 4838 ψυχήν
1640 4784 1787 4837 μου·
1823 4766 1967 4821 ἀνθ”

368 4849 430 4915 οῦ
452 4857 480 4908 ὁ
502 4856 793 4928 Σύμμαχος
824 4852 1081 4923 ἐξέδωκεν
1100 4874 1113 4887 ⁸
1149 4857 1448 4924 Ἀναιτίως
1473 4856 1800 4925 ὐπὼρυξαν
1826 4855 1942 4924 τὴν

368 4946 580 5017 ψυχήν
605 4965 742 5016 μου.
794 4947 977 5001 Πάντα
1004 4948 1112 5019 γὰρ
1143 4946 1427 5019 ἔπραττον,
1454 4947 1724 5018 ἐκστῆσαι
1752 4944 1935 5018 βουλό-

373 5053 521 5110 μενοι
549 5036 713 5092 αὐτοῦ
735 5038 833 5110 τὴν
860 5038 1036 5123 ψυχὴν
1060 5039 1159 5110 τῆς
1182 5040 1592 5110 ἐνυπαρχούσης
1615 5039 1751 5109 αὐτῇ
1776 5037 1938 5109 πραό-

368 5140 528 5199 τητος
558 5128 653 5180 καὶ
678 5127 1054 5194 ἀνεξικακίας,
1083 5129 1174 5182 καὶ
1202 5128 1385 5193 ὅπως,
1417 5127 1723 5199 πληρωθεὶς
1760 5127 1934 5197 θυμοῦ

368 5216 462 5272 καὶ
492 5218 690 5291 ὀργῆς,
724 5220 816 5273 ἐπὶ
840 5218 938 5291 τὴν
967 5220 1176 5291 ἄμυναν
1207 5218 1349 5273 ἔλθοι
1369 5259 1384 5279 .
1421 5218 1512 5273 καὶ
1548 5218 1719 5290 δράσῃ
1751 5232 1804 5272 τι
1831 5236 1933 5273 κα-

369 5309 466 5364 κδν
488 5311 581 5365 τὸν
609 5311 797 5369 Σαούλ.
850 5311 1034 5365 Ταῦτα
1069 5312 1168 5383 μὲν
1190 5308 1282 5369 οὖν
1309 5312 1435 5383 περὶ
1465 5310 1573 5363 τῶν
1606 5310 1816 5364 πολλῶν
1846 5314 1937 5383 ἐχ-

368 5402 549 5473 θρῶν⁸
608 5403 818 5475 περὶδέ
860 5403 953 5457 τοῦ
1001 5405 1058 5457 ἐν
1098 5405 1281 5470 αὐτοῖς
1320 5404 1618 5477 κορυφαίου
1657 5402 1930 5472 ἐπιλέγεν

381 5492 626 5548 Ἐλθέτω
648 5491 806 5559 αὐτῷ
836 5495 1017 5564 παγίς
1041 5493 1123 5563 ἣν
1147 5498 1220 5549 οὐ
1247 5494 1523 5565 γινώσκει
1542 5535 1556 5559 ,
1584 5492 1683 5547 καὶ
1715 5494 1755 5561 ἠ
1783 5492 1934 5560 θήρα

366 5581 448 5651 ἣν
465 5584 693 5653 ἔκρυψε
710 5584 1058 5641 συλλαϐὰω
1077 5587 1281 5653 αὐτὸν,
1305 5588 1401 5641 καί
1422 5588 1494 5641 ἐν
1516 5585 1591 5656 τῇ
1612 5585 1814 5655 παγίδι
1833 5598 1935 5640 πε-

436 5724 481 5756 “
518 5722 715 5779 Ezech.
746 5738 863 5789 ut,
895 5724 949 5780 9.
1027 5726 1070 5758 ¹⁷
1109 5724 1273 5781 Zacb.
1308 5738 1434 5790 xm,
1468 5722 1518 5780 '7.
1594 5724 1637 5758 “
1674 5724 1793 5781 Gal.
1834 5741 1897 5791 ιι,
1923 5724 2019 5781 20.

2048 4581 2251 4635 occulti
2282 4581 2613 4652 impulsores
2643 4589 2851 4640 essent.
2886 4583 2994 4638 Alii
3039 4599 3277 4647 namque
3317 4594 3473 4640 erant
3518 4586 3614 4655 qui

2046 4670 2272 4741 laqueos
2315 4672 2736 4741 absconderent,
2792 4681 2849 4729 et
2897 4675 3133 4730 animam
3178 4678 3407 4748 perdere
3433 4689 3612 4746 meam

2044 4763 2388 4827 molirentur,
2435 4767 2530 4836 qui
2576 4765 2739 4821 etiam
2791 4780 3108 4836 supervacue
3163 4771 3611 4836 exprobrauerunt

2044 4854 2275 4908 animam
2307 4873 2477 4911 meam
2505 4872 2525 4910 :
2559 4873 2657 4927 pro
2688 4873 2797 4928 quo
2840 4857 3204 4930 Symmachus
3253 4859 3445 4921 edidit.
3497 4859 3611 4915 sine

2042 4960 2205 4999 causa
2229 4946 2559 5016 suﬂ‘oderunt
2601 4949 2836 5003 animam
2868 4964 3056 5002 meam.
3093 4947 3237 5015 Nihil
3265 4951 3467 5021 quippe
3500 4964 3611 5005 non

2041 5038 2294 5107 agebant,
2333 5047 2389 5093 ut
2436 5040 2672 5095 animam
2707 5041 2826 5111 ejus
2861 5042 2930 5095 ab
2961 5040 3127 5097 insita
3166 5040 3260 5096 illa
3291 5048 3611 5095 mansuetu-

2040 5127 2168 5183 dine
2206 5136 2261 5184 et
2314 5130 2639 5199 iniuriarum
2674 5131 2949 5187 oblivione
2980 5131 3354 5193 deturbarent,
3384 5146 3493 5200 quo
3525 5131 3609 5185 ira

2036 5218 2330 5291 furoreque
2350 5224 2543 5291 plenus
2567 5222 2632 5277 ad
2667 5223 2963 5278 vindictam
2997 5239 3056 5278 se
3088 5230 3347 5285 verteret,
3371 5231 3423 5277 et
3449 5219 3604 5278 Sauli

2032 5314 2312 5384 quidpiam
2346 5315 2475 5369 mali
2497 5312 2743 5372 inferret.
2791 5316 2921 5372 Haec
2949 5316 3016 5371 de
3041 5316 3226 5371 multis
3258 5314 3491 5370 inimicis
3519 5313 3605 5368 di-

2033 5411 2120 5458 cta
2155 5422 2170 5459 :
2207 5405 2275 5460 de
2307 5405 2523 5459 illorum
2569 5414 2752 5462 autem
2788 5407 3032 5477 principe
3079 5406 3195 5461 haec
3241 5404 3465 5475 adjicit:
3508 5403 3604 5458 Ve-

2033 5495 2146 5548 niat
2172 5495 2255 5548 illi
2289 5495 2504 5567 laqueus
2537 5513 2689 5566 quem
2720 5498 2952 5568 ignorat,
3005 5506 3055 5552 et
3084 5497 3258 5564 captio
3286 5512 3441 5565 quam
3478 5493 3603 5550 abs-

2032 5587 2208 5642 condit
2241 5589 2596 5658 apprehendat
2630 5605 2770 5656 eum,
2800 5602 2850 5646 et
2880 5592 2936 5645 in
2969 5591 3213 5661 laqueum
3251 5600 3411 5645 caaat
3440 5589 3493 5646 in
3516 5593 3598 5660 ip-

433 5814 514 5888 (ι)
540 5815 673 5884 Quis
701 5831 821 5872 non‘
835 5818 979 5887 videt
1002 5820 1285 5892 legendum
1310 5834 1432 5876 esse
1461 5820 2040 5893 no).spaiv,Latineque
2070 5821 2409 5879 reddendum
2444 5839 2458 5878 :
2494 5821 2657 5877 etiam
2696 5823 3016 5895 impugnans
3047 5824 3263 5880 salvat?

688 5911 959 5974 Ρηιιοι..
1005 5914 1122 5976 Gn.
1167 5912 1403 5990 XXIII,

3203 5919 3279 5977 10
