4100 6376
467 336 573 406 2'99

1145 350 1415 406 EUSEBII
1445 348 1926 407 CESARIENSIS
1957 348 2107 406 OPP.
2140 350 2319 411 PARS
2354 357 2444 416 ΙΙΙ.
2475 390 2544 400 -
2583 360 2985 420 EXEGETICA.

3599 369 3706 426 500

467 479 602 519 sum.
636 462 762 520 Haec
814 468 972 538 quasi
1021 469 1299 539 precando
1329 485 1359 525 a
1388 470 1592 528 Davide
1619 473 1852 543 prolata,
1888 471 2022 527 futu-

2136 475 2326 530 σεῒται
2357 478 2428 531 ὲν
2451 479 2625 549 αὐτῇ.
2676 482 2860 536 Ταῦτα
2886 481 2943 535 δὲ
2971 481 3160 555 ῶσπερ
3187 481 3245 537 ὲν
3270 483 3401 556 εὐχῇ
3433 484 3511 555 τῷ
3543 485 3706 539 Δαυῖδ

465 567 652 612 :‘orum
701 560 1006 629 praenuntia
1060 568 1241 629 erant,
1298 570 1351 618 et
1404 579 1527 635 quae
1572 572 1833 621 eventura
1876 569 2034 619 erant

466 648 1183 722 prophetice'declarabant.
1214 652 1591 728 Similiterque
1621 658 1873 728 superius
1906 672 2034 728 pro-

464 742 678 813 phetice
711 742 920 798 dictum
950 753 1065 802 est:
1103 745 1432 803 Erubescant
1461 750 1953 820 etfconfundantur,
1977 750 2032 806 id

460 838 566 897 est,
596 831 922 890 erubescent
952 842 1006 891 et
1038 836 1443 894 confundentur
1462 842 1565 910 ;,’ac
1591 856 1812 898 rursum
1836 841 2030 897 :Aver-

462 930 644 977 tantur
665 932 721 978 ‘et
748 925 1161 994 confundantur,
1189 939 1238 984 et
1272 931 1408 1000 [iant
1433 940 1684 1004 tanquam
1706 933 1897 1002 pulvis,
1926 935 2033 992 hoc

460 1022 908 1081 est,‘avertentur
939 1026 994 1074 et
1036 1020 1463 1090 confundentur,
1498 1030 1554 1080 et
1604 1025 1736 1082 ﬁent
1767 1034 2032 1099 tanquam

460 1107 659 1177 pulvis.
683 1107 820 1165 Nam
848 1111 1233 1183 quaa’inimicis
1259 1125 1523 1174 eventura
1573 1127 1730 1174 erant
1772 1132 2033 1191 praenun-

456 1198 651 1258 tiabat.
688 1200 806 1256 Erit
856 1204 951 1274 qui
995 1204 1317 1273 arbitretur,
1366 1210 1435 1266 de
1465 1208 1649 1268 ’Saule
1673 1213 1789 1268 haec
1810 1214 2032 1285 prolata

459 1306 603 1360 esse,
639 1293 767 1365 quia
796 1294 943 1351 haud
984 1296 1080 1353 diu
1112 1302 1305 1370 poétea
1336 1299 1443 1357 hoc
1480 1303 1586 1374 ipsi
1618 1306 1748 1360 mali
1780 1310 2027 1380 contigit.

342 1444 349 1450 ,
460 1388 530 1442 At
555 1402 655 1444 nos
680 1402 870 1445 eorum
901 1400 1024 1461 quae
1056 1392 1219 1448 ini‘tio
1241 1396 1439 1465 psalmi
1470 1395 1615 1453 dicta
1644 1410 1773 1455 sunt
1822 1416 2031 1459 memo-

461 1490 572 1548 r'es,
600 1482 715 1538 haec
738 1483 855 1555 ipsa
879 1483 947 1540 de
975 1485 1213 1556 quodam
1246 1502 1314 1544 ex
1358 1488 1738 1560 spiritualibus
1766 1493 2027 1562 inimicis,

458 1575 554 1647 qui
584 1577 640 1631 in
671 1576 877 1632 malitia
908 1578 1179 1650 valentior
1201 1588 1369 1649 esset,
1401 1582 1657 1639 nimirum
1690 1585 1757 1643 de
1784 1580 2025 1656 diabolo,

457 1667 516 1723 id
545 1668 751 1724 dictum
785 1671 1136 1743 accipiemus.

522 1849 693 1908 Vsus.
725 1851 781 1915 9.
816 1854 904 1911 i0.
947 1852 1139 1910 Omnia
1178 1864 1299 1911 ossa
1333 1875 1449 1914 mea
1506 1862 1682 1916 dicent
1713 1880 1731 1917 :
1780 1856 2024 1931 Domine,

454 1945 569 2014 quis
595 1946 787 2000 similis
817 1947 958 2004 tibi?
992 1948 1236 2020 Erip‘ieiis
1284 1954 1491 2023 inopem
1527 1955 1592 2009 de
1633 1973 1794 2010 manu
1834 1957 2028 2027 fortio-

453 2052 574 2091 rum
611 2053 693 2103 eo,
730 2054 951 2110 egenum
994 2052 1047 2096 et
1096 2052 1380 2113 pauperem
1416 2063 1449 2100 a
1496 2046 1862 2116 dirimentibus
1884 2053 2022 2107 eum.

454 2125 594 2185 Ossa
626 2130 822 2185 animae
850 2139 981 2187 sunt
1012 2132 1251 2191 virtutes
1280 2134 1403 2207 ejus
1433 2138 1794 2210 intelligendi,
1824 2142 1903 2196 uti
1933 2157 2027 2197 su-

454 2220 641 2290 perius
673 2221 879 2278 dictum
904 2230 1011 2280 est.
1062 2224 1199 2297 Ipsae
1228 2244 1358 2286 vero
1390 2233 1510 2301 ejus
1560 2234 1849 2302 praesentia
1901 2235 2028 2290 illu-

453 2314 660 2377 strataz,
692 2311 878 2368 dicent
909 2332 925 2368 :
952 2314 1194 2386 Domine,
1223 2322 1339 2392 quis
1361 2323 1553 2377 similis
1577 2324 1670 2378 tibi
1692 2325 1849 2382 ΡΝίεί
1879 2328 2024 2383 enim

452 2411 511 2456 tu
543 2416 718 2474 egeno
749 2404 1041 2473 adfuisses,
1074 2410 1181 2466 nisi
1205 2411 1386 2482 ipsum
1414 2415 1619 2471 auxilio
1648 2415 1905 2489 dignatus
1934 2435 2024 2477 es-

452 2506 543 2547 ses
613 2499 728 2558 tuo,
777 2496 939 2565 quis,
995 2513 1220 2569 quaeso,
1268 2510 1615 2576 quantuSque
1670 2506 1760 2563 ille
1812 2498 2023 2578 homo,

449 2582 545 2654 q‘ui
583 2584 733 2641 solus
778 2595 857 2642 tot
901 2589 1179 2662 tantisque
1226 2592 1466 2651 inimicis
1506 2596 1748 2653 conferri
1796 2603 2026 2671 posset?

447 2674 495 2729 A
524 2676 669 2732 nuda
699 2686 753 2733 et
787 2679 1021 2751 simplici
1048 2699 1231 2740 rerum
1263 2687 1492 2744 historia
1527 2689 1660 2746 dicti
1692 2696 2021 2750 sententiam

448 2769 738 2840 percipies,
769 2772 816 2827 si
867 2777 1130 2831 memoria
1178 2787 1415 2850 repetas,
1479 2798 1590 2853 quo
1639 2790 1801 2854 p‘acto
1851 2784 2022 2842 David

446 2859 576 2916 dum
612 2862 840 2934 fugeret,
891 2866 963 2922 ad
997 2875 1205 2923 tantam
1260 2870 1499 2943 inopiam
1532 2874 1790 2933 redactus
1825 2885 1929 2943 est,
1962 2889 2023 2935 ut

445 2966 586 3024 pane
619 2970 685 3010 ac
706 2960 1044 3018 necessariis
1084 2964 1358 3019 alimentis
1389 2975 1639 3034 careret;
1682 2984 1747 3025 ac
1776 2972 2022 3027 necessi-

444 3054 561 3104 tate
588 3056 813 3105 coactus
854 3065 1026 3122 panes
1071 3056 1464 3125 propositionis
1513 3061 1799 3116 comedere
1852 3063 2021 3118 aude-

2134 570 2397 642 εἰρημένα
2423 572 2721 644 μελλόντων
2737 570 2805 646 ἦν
2825 576 3258 647 προαγορευτικά
3277 617 3292 642 ,
3316 579 3409 630 καὶ
3429 577 3706 649 συμϐησο-

2137 663 2313 733 μένων
2344 666 2674 737 προφητικά.
2710 666 2865 721 Οὕτω
2892 667 3022 736 γοῦν
3049 669 3141 722 καὶ
3166 669 3418 741 ἀνωτέρω
3444 687 3709 742 προφητι-

2135 755 2245 821 κῶς
2271 755 2487 828 ἐλέγετο
2506 776 2518 789 °
2549 759 3064 828 Αίσχυνθήτωσαν
3084 761 3183 815 καὶ
3214 761 3703 831 ἐντραπήτωσαν,

2134 849 2255 902 ἀντὶ
2284 848 2373 902 τοῦ
2391 890 2404 914 ,
2433 850 2857 923 Αίχυνθήσονται
2879 852 2973 905 καὶ
2997 854 3456 924 ἐντραπήσονται.’
3481 854 3576 909 καὶ
3598 855 3706 910 πά-

2133 938 2233 994 λινσ
2252 942 2836 1012 Ἀποστραφήτωσαν
2844 943 2942 999 καὶ
2955 946 3586 1014 καταισχυνθήτωσαν,
3603 947 3705 1002 καὶ

2133 1034 2558 1104 γενηθήτωσαν
2582 1036 2662 1103 ὡς
2686 1036 2852 1107 χοῦς,
2888 1037 3010 1092 ἀντὶ
3045 1036 3138 1091 τοῦ
3158 1055 3172 1067 ·
3241 1040 3707 1111 ’Δποστραφήσονο

2131 1144 2223 1182 ται
2255 1127 2351 1182 καὶ
2379 1128 2824 1201 αίσχυνθήσονται
2875 1133 2970 1186 καὶ
2997 1132 3316 1205 γενήσονται
3342 1132 3419 1195 ὡς
3440 1132 3586 1203 χοῦς.
3619 1134 3702 1188 Τὰ

2133 1216 2241 1288 γὰρ
2269 1216 2551 1288 μέλλονται
2581 1237 2644 1272 συ
2651 1218 2949 1292 μόήσεσθαι
2971 1223 3082 1285 τοῖς
3106 1221 3318 1293 ἐχθροῖς
3341 1220 3504 1275 αὑτοῦ
3525 1239 3703 1293 προη-

2132 1309 2374 1380 γόρευεν.
2462 1312 2572 1365 Καὶ
2608 1314 2636 1365 ὁ
2678 1313 2774 1382 μὲν
2806 1312 2915 1385 γὰρ
2947 1314 3209 1385 ἡγήσεται
3248 1314 3376 1387 περὶ
3405 1314 3498 1368 τοῦ
3532 1315 3704 1369 Σαοὺλ

2131 1402 2381 1476 εἰρῆσθαι
2408 1404 2505 1476 τὴν
2534 1406 2898 1479 προκειμένην
2933 1409 3089 1480 ῥῆσιν
3108 1425 3120 1438 ·
3168 1409 3290 1462 ἐπεὶ
3317 1409 3412 1462 καὶ
3437 1407 3703 1463 πέπονθεν

2130 1496 2229 1549 οὐκ
2245 1499 2323 1560 εἰς
2345 1497 2563 1570 μακρὰν
2580 1497 2753 1552 ταῦτα
2771 1516 2784 1528 ·
2808 1501 2969 1569 ἡμεῖς
2986 1499 3063 1561 δὲ,
3091 1500 3425 1571 μεμνημένοι
3447 1500 3555 1553 τῶν
3578 1516 3704 1572 προ-

2130 1587 2468 1661 λελεγμένων
2493 1591 2573 1655 είς
2599 1590 2697 1670 τὴν
2720 1591 2893 1664 ἀρχὴν
2915 1590 3008 1645 τοῦ
3037 1592 3251 1663 ψαλμοῦ
3270 1632 3285 1659 ,
3315 1592 3409 1647 καὶ
3431 1593 3601 1647 ταῦτα
3619 1594 3701 1657 είς

2129 1683 2225 1737 ἕνα
2254 1682 2374 1738 τινὰ
2405 1683 2515 1739 τῶν
2541 1684 2746 1755 νοητῶν
2780 1683 2992 1756 ἐχθρῶν
3022 1684 3113 1739 τὸν
3152 1686 3226 1749 ὡς
3258 1689 3317 1739 ἔν
3345 1686 3512 1758 κακίᾳ
3541 1686 3699 1741 δυνα-

2056 1808 2107 1870 B
2132 1776 2394 1870 τώτερον,
2423 1776 2622 1849 δηλαδὴ
2650 1776 2742 1830 τὸν
2763 1776 3008 1831 διάὸολον
3030 1816 3045 1842 ,
3075 1776 3439 1850 ὲκληψόμεθα.

2204 1860 2408 1925 [hirta
2435 1870 2508 1923 τὰ
2535 1870 2688 1925 ὀστᾶ
2711 1889 2829 1941 μου
2858 1870 3063 1939 ἐροῦσι
3082 1888 3095 1901 ·
3130 1872 3305 1939 Κύριε
3322 1911 3337 1937 ,
3366 1870 3457 1938 τίς
3501 1870 3699 1939 ὅμοιός

2129 1977 2227 2015 σοι
2239 1978 2263 2025 ⁸;
2325 1962 2642 2031 Ῥυόμενος
2687 1960 2927 2031 πτωχὸν
2965 1963 3033 2015 ἐκ
3069 1961 3265 2030 χειρὸς
3298 1961 3700 2029 στερεωτέρων

2128 2052 2315 2108 αὐτοῦ
2335 2094 2349 2118 ,
2399 2053 2497 2107 καὶ
2526 2053 2765 2123 πτωχὸν
2792 2054 2887 2108 καὶ
2921 2051 3148 2121 πένητα
3170 2053 3287 2109 ἀπὸ
3313 2053 3429 2107 τῶν
3452 2052 3700 2122 διαρπα-

2129 2142 2346 2205 ζόντων
2378 2147 2582 2199 αὐτόν.
2651 2146 2814 2200 Ὀστᾶ
2859 2145 3035 2217 ψυχῆς
3072 2148 3127 2199 at
3155 2145 3492 2217 διανοητικαὶ
3528 2144 3701 2216 αὐτῆς

2127 2237 2380 2308 δυνάμεις
2396 2238 2472 2301 ὡς
2492 2237 2799 2309 ἔμπροσθεν
2815 2237 3054 2309 εἴρηται-
3079 2237 3440 2309 φωτιζόμεναι
3461 2238 3518 2291 δὲ
3538 2229 3698 2292 αὗται

2128 2332 2192 2383 ὲκ
2219 2316 2317 2401 τῆς
2338 2329 2502 2383 αὐτοῦ
2524 2330 2843 2402 παρουσίας,
2872 2331 3137 2402 φήσουσι*
3162 2332 3358 2399 Κύριε,
3386 2330 3478 2397 τίς
3500 2328 3700 2399 ὅμοιός

2126 2422 2258 2484 σοις
2284 2420 2346 2474 Ei
2377 2421 2451 2493 μὴ
2470 2421 2578 2493 γὰρ
2601 2424 2664 2475 σὺ
2687 2420 2867 2493 παρῇς
2890 2421 2967 2492 τῷ
2982 2422 3179 2493 πτωχῷ
3196 2465 3211 2489 ,
3238 2422 3333 2476 καὶ
3358 2421 3699 2493 κατηξίωσας

2125 2512 2284 2566 αὐτὸν
2309 2514 2406 2584 τῆς
2430 2514 2579 2584 παρά
2608 2512 2701 2566 σοῦ
2726 2513 3001 2584 βοηθείας,
3031 2514 3112 2577 τίς
3137 2513 3201 2567 ἂν
3223 2515 3315 2567 καὶ
3345 2514 3503 2578 πόσος
3536 2514 3696 2586 μόνος

2124 2604 2287 2668 αὐτὸς
2329 2605 2748 2676 συγκρινόμενος
2786 2609 2898 2669 τοῖς
2938 2605 3209 2669 τοσούτοις
3240 2606 3333 2659 καὶ
3364 2606 3698 2676 τηλικούτοις

2124 2696 2288 2751 αὐτοῦ
2322 2697 2567 2770 ἐχθροῖς;
2623 2699 2855 2768 Νοήσεις
2884 2694 2941 2752 δὲ
2977 2700 3071 2752 καὶ
3108 2698 3215 2752 ἀπὸ
3241 2692 3402 2769 ψιλῆς
3428 2696 3527 2769 τῆς
3556 2700 3697 2752 ἱστο-

2125 2788 2248 2859 ρίας
2278 2789 2368 2842 τὸν
2393 2789 2548 2857 λόγον
2565 2829 2579 2853 ,
2608 2791 2664 2844 ὲν
2696 2790 2772 2861 νῷ
2796 2789 2975 2845 λαϐὼν
2993 2832 3007 2855 ,
3040 2791 3115 2854 ὡς
3140 2789 3354 2860 φεύγων
3377 2790 3406 2843 ὁ
3432 2788 3595 2844 Δαυῖδ
3617 2794 3697 2856 είς

2121 2882 2390 2954 τοσαύτην
2432 2883 2629 2954 ἡλαυνε
2680 2884 2950 2954 πτωχείαν
2973 2925 2987 2950 ,
3037 2883 3176 2937 ὥστε
3231 2884 3409 2956 ἀρτων
3458 2883 3553 2937 καὶ
3597 2884 3696 2957 τῆς

2121 2974 2422 3043 ἀναγκαίας
2452 2976 2660 3047 τροφῆς
2690 2964 2975 3048 δεηθῆναι,
3038 2980 3117 3042 είς
3149 2979 3393 3050 ἀνάγκην
3428 2996 3489 3032 τε
3523 2979 3690 3033 ὲλθεῖι

2120 3052 2215 3118 τοῦ
2240 3065 2507 3137 τολμῆσαι
2534 3066 2643 3120 τῶν
2670 3053 2847 3139 ἀρτων
2876 3066 2974 3138 τῆς
3008 3068 3315 3139 προθέσεως
3353 3064 3693 3140 μεταλαϐεῖν.

448 3142 555 3195 rel.
586 3139 705 3195 Non
725 3142 866 3197 enim
894 3141 1214 3200 deliciarum
1243 3162 1432 3217 causa,
1461 3166 1572 3205 non
1590 3151 1658 3207 de
1681 3151 1898 3221 justitia
1919 3170 2018 3210 sua

2124 3159 2198 3212 Οὐ
2239 3158 2348 3231 γὰρ
2379 3159 2595 3230 τρυφῶν
2630 3160 2721 3213 ἐπὶ
2751 3160 2891 3213 τοῦτ’
2921 3160 3146 3233 ἤρχετο,
3195 3163 3303 3216 οὐδ’
3337 3163 3696 3235 ἐπαιρόμενος

447 3231 647 3302 elatus,
692 3249 801 3290 non
829 3235 1091 3307 deSpectu
1128 3239 1309 3310 legum
1342 3242 1397 3296 id
1451 3257 1742 3314 aggressus
1770 3253 1886 3313 est;
1924 3245 2016 3302 sed

447 3341 515 3380 ex
546 3341 742 3396 magna
791 3329 1040 3385 ciborum
1074 3333 1327 3402 penuria.
1359 3332 1727 3401 Quamobrem
1772 3336 2022 3394 Salvator
2057 3360 2068 3423 θ’

445 3413 522 3470 ait
553 3433 568 3467 :
607 3412 959 3491 No’n'legistis
1009 3422 1137 3493 quid
1166 3411 1350 3492 fecerit
1400 3424 1596 3492 David,
1649 3427 1862 3498 quando
1894 3445 2016 3485 esu-
2054 3411 2100 3497 ζ,

444 3510 537 3564 riit
569 3509 648 3566 “?
675 3512 796 3582 Ipse
829 3512 1052 3583 quidem
1081 3530 1289 3586 egenus
1325 3525 1446 3572 erat
1501 3535 1625 3574 cum
1676 3521 1868 3590 paucis
1928 3521 2015 3577 fu-

446 3603 602 3674 giens
640 3624 654 3659 :
686 3607 936 3676 qui‘vcro
967 3609 1402 3680 insequebantur
1431 3627 1554 3668 eum
1592 3616 1894 3686 praevalidi,
1937 3618 2020 3689 ip-

445 3709 615 3764 seque
647 3693 779 3749 Saul
808 3698 929 3751 erat
983 3712 1076 3754 rex
1134 3700 1301 3756 totius
1350 3703 1550 3772 gentis,
1604 3719 1668 3759 ac
1716 3707 2014 3778 principes,

445 3784 567 3854 ejus
598 3788 829 3845 comites
856 3806 870 3843 :
899 3805 1113 3846 necnon
1139 3792 1567 3865 alienigenarum
1591 3798 1823 3854 militum
1848 3801 2018 3857 duces

446 3875 656 3934 Davide
683 3881 1041 3950 potentiores,
1075 3900 1310 3954 quorum
1354 3903 1554 3946 manus
1583 3905 1708 3946 cum
1733 3891 2016 3965 eﬂ‘ugeret,

445 3981 554 4023 non
587 3969 870 4040 ignorabat
900 3974 1024 4044 quis
1074 3975 1181 4031 sibi
1236 3980 1529 4034 auxiliator
1573 3989 1741 4040 esset.
1790 3982 1858 4038 Et
1902 3985 2019 4040 haec

445 4061 664 4132 quidem
704 4061 771 4119 de
808 4064 1040 4121 historia
1087 4068 1237 4125 dicta
1291 4070 1423 4126 sint.
1468 4069 1621 4139 Quod
1680 4076 1732 4129 si
1769 4076 2016 4132 occultos

443 4161 607 4226 atque
634 4154 939 4214 invisibiles
972 4160 1171 4217 anima:
1216 4162 1352 4233 justi
1406 4164 1661 4223 inimicos
1707 4168 2014 4241 intelligas;

444 4261 578 4303 sane
607 4248 1033 4319 animadvertes,
1066 4268 1167 4311 nos
1215 4255 1270 4310 in
1306 4258 1425 4313 acie
1457 4259 1720 4317 adversus
1764 4262 2017 4321 inimicos

442 4339 601 4404 istos,
636 4343 730 4411 qui
754 4345 993 4400 animam
1026 4362 1242 4418 semper
1267 4360 1518 4407 nostram
1545 4353 1862 4425 depraedare
1900 4365 2017 4414 ten-

443 4438 583 4497 tant,
632 4436 784 4491 nullo
829 4438 936 4493 alio
991 4440 1239 4512 adjutore
1271 4459 1335 4499 ac
1368 4453 1647 4503 servatore
1696 4463 1855 4521 egere
1907 4452 2015 4508 nisi

2122 3250 2436 3325 δικαιοσύνῃ
2455 3292 2470 3314 ,
2502 3251 2610 3305 οὐδ’
2636 3253 2810 3318 ἄλλως
2847 3254 3199 3325 καταφρονῶν
3231 3254 3324 3309 τοῦ
3350 3256 3546 3328 νόμον,
3580 3250 3694 3311 ἀλλ’

2122 3340 2187 3393 ἐκ
2223 3340 2422 3412 πολλῆς
2456 3342 2685 3407 ἀσιτίας.
2740 3342 2830 3397 Διό
2862 3360 3027 3413 φησιν
3059 3348 3087 3398 ὁ
3119 3346 3340 3419 Σωτήρ·
3401 3348 3522 3401 Οὐκ
3555 3346 3691 3403 ἀνέ-

2132 3449 2308 3486 ηωτε
2338 3433 2394 3486 τί
2417 3434 2665 3503 ἐποίησε
2686 3432 2866 3490 Δᾱυῖδ
2883 3476 2897 3500 ,
2931 3436 3027 3491 ὅτε
3053 3437 3372 3503 caeli-ace;
3400 3438 3509 3494 Καὶ
3532 3437 3690 3502 αύτδς

2125 3524 2225 3600 ιδιὲν
2255 3519 2323 3596 ἦν
2358 3526 2573 3597 πτωχὸς
2609 3527 2707 3580 σὺν
2736 3526 2936 3596 ὀλίγοις
2959 3529 3200 3600 φεύγων·
3231 3533 3279 3584 οἱ
3308 3531 3351 3584 δ’
3381 3520 3690 3594 ὲλαύνοντές

2122 3598 2283 3668 αὐτὸν
2314 3615 2556 3667 δυνατοί’
2617 3614 2867 3686 βασιλεὺς
2903 3619 3008 3690 γὰρ
3046 3598 3114 3691 ἧν
3150 3619 3243 3673 τοῦ
3279 3620 3477 3684 παντὸς
3510 3617 3693 3681 ἔθνους

2121 3703 2292 3757 Σαοὺλ
2312 3744 2326 3769 ,
2358 3706 2455 3759 παὶ
2487 3707 2535 3759 οἱ
2568 3709 2685 3778 μετ’
2717 3706 2881 3761 αὐτοῦ
2913 3708 3198 3781 ἄρχοντες·
3233 3711 3289 3764 οἴ
3315 3728 3373 3764 τε
3401 3709 3511 3765 τῶν
3540 3710 3697 3765 ἀλλο-

2120 3797 2302 3866 φύλων
2332 3799 2603 3871 πολεμίων
2638 3801 3010 3872 καθηγεμόνες
3040 3804 3391 3877 στερεώτεροι
3424 3803 3574 3866 ὄντες
3600 3802 3694 3856 τοῦ

2118 3884 2312 3957 Δαυῒδ,
2345 3885 2421 3945 ὧν
2450 3892 2549 3956 τὰς
2576 3896 2764 3966 χεῖρας
2789 3894 3207 3968 διαδιδράσκων,
3255 3897 3354 3949 οὐκ
3387 3893 3569 3964 ἠγνόει
3601 3897 3693 3948 τὸν

2119 3983 2283 4036 αὐτοῦ
2311 3983 2524 4056 βοηθόν.
2576 3988 2685 4040 Καὶ
2708 3987 2879 4041 ταῦτα
2915 3988 3013 4059 μὲν
3044 3985 3179 4060 πρὸς
3206 3986 3305 4056 τὴν
3341 3980 3596 4052 ἱστορίαν·
3644 3985 3692 4036 εἰ

2117 4071 2176 4129 δὲ
2196 4078 2321 4141 τοὺς
2347 4079 2573 4148 ἀφανεῖς
2596 4079 2688 4133 καὶ
2712 4080 2977 4152 ἀοράτους
2998 4078 3225 4149 ἐχθροὺς
3247 4075 3344 4144 τῆς
3366 4073 3458 4127 τοῦ
3483 4073 3691 4127 δικαίου

2117 4168 2293 4242 ψυχῆς
2324 4172 2605 4242 νοήσειας,
2639 4172 2789 4242 ὃψει,
2822 4169 2898 4233 ὡς
2920 4168 3026 4223 οὐδ’
3053 4160 3212 4221 ἄλλου
3240 4164 3432 4236 βοηθοῦ
3461 4164 3692 4236 δεόμεθα

2118 4268 2214 4319 καὶ
2248 4266 2498 4338 Σωτῆρος
2530 4264 2563 4336 ἢ
2602 4263 2697 4318 τοῦ
2729 4258 2964 4333 Χριστοῦ
2992 4250 3154 4312 αὑτοῦ
3195 4256 3252 4312 ὲν
3286 4263 3349 4330 τῇ
3390 4258 3691 4330 παρατάξει

2116 4361 2183 4429 τῇ
2206 4358 2342 4431 πρὸς
2362 4358 2487 4423 τοὺς
2503 4357 2725 4430 νοητοὺς
2744 4352 3050 4423 πολεμίους,
3071 4352 3196 4415 τοὺς
3216 4350 3309 4422 τὴν
3330 4352 3504 4421 ψυχὴν
3524 4349 3688 4402 αὐτοῦ

2118 4448 2439 4521 διαρπάζειν
2466 4449 2553 4502 ἀεὶ
2567 4444 2954 4516 πειρωμένους.
2986 4439 3325 4515 Ἐπιστήσεις
3351 4442 3407 4496 δὲ
3436 4444 3483 4496 εί
3505 4442 3689 4514 ἕτερός

442 4526 564 4594 ipso
589 4525 830 4584 Christo.
856 4530 1113 4587 Animum
1143 4551 1274 4592 vero
1307 4538 1563 4596 intendas
1593 4557 1725 4597 num
1764 4544 1903 4600 alius
1934 4545 2008 4601 sit

2124 4511 2267 4593 iac-tv
2305 4511 2349 4591 ὁ-
2378 4536 2593 4608 πτωχὸς
2807 4533 2897 4587 τὸν
2935 4533 3166 4603 πένητα,
3196 4511 3321 4587 Ἰκαὶ
3359 4511 3687 4605 πότερον-τῇ

442 4634 646 4689 egenus
682 4635 710 4674 a
742 4637 1001 4695 paupere,
1050 4641 1114 4683 ac
1153 4637 1337 4684 utrum
1369 4648 1427 4688 re
1459 4633 1575 4705 ipsa
1608 4634 1883 4701 diﬂ'erant,
1914 4649 2008 4695 aut

442 4711 620 4766 solum
650 4715 925 4785 cogitandi
960 4717 1125 4774 modo
1179 4740 1193 4776 :
1241 4724 1369 4792 quia
1401 4724 1517 4781 ﬁeri
1561 4736 1742 4796 potest
1772 4738 1831 4783 ut
1865 4729 2010 4786 idem

442 4801 515 4856 sit
539 4815 742 4870 egenus
788 4814 843 4863 et
884 4809 1224 4876 mendicans,
1258 4815 1403 4884 quod
1433 4830 1465 4870 a
1495 4817 1699 4875 divitiis
1723 4837 1860 4892 quas
1889 4825 2002 4894 pri-

440 4893 564 4947 dem
600 4894 864 4954 habuerat
900 4902 1195 4972 exciderit;
1255 4913 1420 4978 atque
1465 4925 1573 4965 una
1603 4928 1828 4985 pauper,
1862 4893 2010 4987 quod

370 5035 411 5067 ᾖ
440 4984 628 5042 labore
656 4987 857 5044 victum
886 4992 988 5047 sibi
1017 5006 1189 5065 paret.

369 5077 373 5093 ³
508 5073 675 5134 Vens.
710 5078 797 5134 Η.
823 5079 1104 5153 Surgentes
1162 5095 1316 5144 testes
1354 5090 1525 5163 iniqui
1549 5112 1665 5167 qua
1699 5099 2010 5168 ignorabam

437 5168 833 5242 interrogabant
868 5192 968 5231 me.
996 5177 1099 5245 Qui
1130 5196 1240 5237 non
1269 5183 1519 5253 justitia,
1577 5190 1671 5246 sed
1706 5192 2011 5263 iniquitatis

435 5268 607 5319 testes
645 5273 798 5330 sunt,
851 5277 1141 5340 surgentes
1172 5280 1337 5345 atque
1389 5291 1451 5332 se
1494 5280 1798 5340 excitantes
1819 5283 2010 5343 dolose

437 5369 560 5449 quae
582 5358 774 5428 ignoro
803 5359 1162 5434 interrogant.
1187 5364 1338 5422 Nihil
1356 5370 1558 5443 quippe
1585 5376 1713 5431 mali
1747 5377 1834 5431 vir
1862 5377 2009 5449 frugi

438 5446 632 5513 novit,
679 5450 886 5507 nemini
948 5456 1161 5511 scilicet
1212 5459 1588 5531 improborum
1648 5446 2003 5526 admiscetur.

438 5536 832 5615 Testimonium
886 5557 1064 5602 autem
1112 5550 1259 5609 illius
1285 5562 1370 5611 est
1410 5556 1558 5624 :Qui
1606 5570 1777 5616 servat
1811 5579 2007 5633 praece-

436 5639 606 5700 ptum,
637 5648 740 5687 non
763 5646 935 5691 noscet
959 5655 1065 5693 rem
1096 5643 1293 5697 malam
1321 5647 1388 5701 ³⁰.
1423 5646 1557 5703 Nam
1579 5650 1668 5706 hic
1682 5669 1783 5708 non
1809 5667 2004 5725 noscat,

514 5813 556 5844 ι’
597 5810 786 5870 Matth.
826 5831 935 5885 xu,
969 5818 1024 5875 5.
1101 5823 1145 5854 ³⁸
1185 5819 1365 5880 Eccle.
1400 5841 1529 5894 vm,
1564 5829 1617 5884 5.

2117 4621 2441 4695 ὑποστάσει,
2482 4630 2515 4699 ἢ
2548 4630 2614 4700 τῇ
2653 4626 2867 4699 ἐπινοίᾳ
2896 4626 2971 4699 τῷ
3001 4628 3262 4697 ἐγχωρεῖν
3287 4623 3377 4678 τὸν
3402 4625 3561 4678 αὑτὸν
3596 4625 3689 4678 καὶ

2116 4724 2331 4795 πτωχὸν
2349 4717 2488 4778 εἶναι
2512 4721 2726 4793 πτωχεύ
2734 4738 2899 4776 σαντα
2916 4721 2994 4793 τῷ
3013 4720 3465 4775 ἀποπεπτωκέναι
3486 4711 3547 4773 οὗ
3574 4713 3689 4790 εἷχε

2117 4817 2347 4872 πλούτου
2367 4850 2383 4882 ,
2422 4819 2517 4871 καὶ
2555 4815 2762 4888 πένητα
2799 4814 2875 4886 τῷ
2915 4814 3053 4887 μετά
3090 4812 3252 4867 πόνον
3285 4813 3587 4884 περιποιεῖν
3617 4809 3688 4864 τά

2116 4912 2254 4985 πρὸς
2279 4911 2340 4964 τὸ
2366 4911 2571 4982 διαζῇν.

2201 5096 2594 5163 Ἀναστάντες
2611 5093 2909 5166 μάρτυρες
2935 5088 3125 5147 ἄδικοι
3148 5089 3186 5143 ἂ
3215 5088 3321 5142 οὐκ
3353 5086 3688 5157 ἐγίνωσκον

2115 5191 2355 5261 ἠρώτων
2380 5208 2475 5261 με.
2529 5191 2592 5244 0i
2621 5189 2695 5261 μὴ
2724 5184 3103 5253 δικαιοσύνης,
3138 5182 3254 5236 ἀλλ’
3288 5179 3500 5243 ἀδικίας
3550 5178 3690 5249 μάρ-

2115 5300 2276 5356 τυρες
2302 5324 2317 5347 ,
2350 5283 2730 5344 διαναστάντες
2761 5281 2854 5334 καὶ
2879 5277 3243 5349 διεγείραντες
3268 5273 3462 5335 αὐτοὺς
3488 5312 3502 5335 ,
3538 5287 3691 5337 σοφιο

2118 5374 2317 5440 στικῶς
2346 5373 2693 5446 ἐπερωτῶσιν
2719 5371 2755 5426 ἃ
2806 5371 2868 5425 οὐ
2896 5368 3169 5440 γινώσκω.
3242 5365 3408 5419 Οὐδὲν
3441 5362 3549 5435 γὰρ
3579 5361 3688 5417 τῶν

2116 5470 2330 5539 φαύλων
2355 5467 2609 5537 γινώσκει
2642 5467 2671 5518 ὁ
2708 5465 3028 5527 σπουδαῖος,
3069 5459 3343 5515 τουτέστιν
3372 5457 3547 5510 οὐδενὶ
3578 5455 3688 5509 τῶν

2114 5565 2364 5636 πονηρῶν
2388 5563 2775 5633 ἀνακέκραται.
2801 5559 3116 5631 Μαρτύριον
3141 5556 3197 5609 δέ
3217 5571 3229 5585 ’
3269 5555 3333 5607 ’0
3352 5550 3691 5621 φυλάσσων

2113 5659 2370 5728 ἐντολὴν
2399 5658 2470 5714 οὐ
2501 5656 2785 5728 γνώσεται
2811 5652 2977 5724 ῥῆμα
3003 5650 3290 5718 πονηρόν.
3322 5645 3430 5700 Καὶ
3454 5642 3688 5699 ἐνταῦθα
