  <div class='ocr_page' id='page_1' title='image "/cluster/home/n/w/nwhite01/storage/ocr_20150623/23:no.5/coo.31924054873033/166.png"; bbox 0 0 4100 6390; ppageno 0'>
   <div class='ocr_carea' id='block_1_1' title="bbox 371 401 475 468">
    <p class='ocr_par' dir='ltr' id='par_1_1' title="bbox 371 401 475 468">
     <span class='ocr_line' id='line_1_1' title="bbox 371 401 475 468; baseline -0.019 0"><span class='ocrx_word' id='word_1_1' title='bbox 371 401 475 468; x_wconf 70' lang='lat'><strong>501</strong></span> 
     </span>
    </p>
   </div>
   <div class='ocr_carea' id='block_1_2' title="bbox 1496 388 2463 460">
    <p class='ocr_par' dir='ltr' id='par_1_2' title="bbox 1496 388 2463 460">
     <span class='ocr_line' id='line_1_2' title="bbox 1496 388 2463 460; baseline -0.014 1"><span class='ocrx_word' id='word_1_2' title='bbox 1496 396 1999 460; x_wconf 79' lang='lat' dir='ltr'><strong>COMMENTARIA</strong></span> <span class='ocrx_word' id='word_1_3' title='bbox 2029 392 2096 454; x_wconf 84' lang='grc' dir='ltr'><strong>ΙΝ</strong></span> <span class='ocrx_word' id='word_1_4' title='bbox 2126 388 2463 453; x_wconf 76' lang='lat' dir='ltr'><strong>PSALMOS.</strong></span> 
     </span>
    </p>
   </div>
   <div class='ocr_carea' id='block_1_3' title="bbox 3517 378 3624 437">
    <p class='ocr_par' dir='ltr' id='par_1_3' title="bbox 3517 378 3624 437">
     <span class='ocr_line' id='line_1_3' title="bbox 3517 378 3624 437; baseline -0.009 0"><span class='ocrx_word' id='word_1_5' title='bbox 3517 378 3624 437; x_wconf 72' lang='lat'><strong>50!</strong></span> 
     </span>
    </p>
   </div>
   <div class='ocr_carea' id='block_1_4' title="bbox 373 497 1971 595">
    <p class='ocr_par' dir='ltr' id='par_1_4' title="bbox 373 513 1950 595">
     <span class='ocr_line' id='line_1_4' title="bbox 373 513 1950 595; baseline -0.003 -18"><span class='ocrx_word' id='word_1_6' title='bbox 373 523 488 595; x_wconf 75' lang='grc' dir='ltr'><strong>γὰρ</strong></span> <span class='ocrx_word' id='word_1_7' title='bbox 517 522 579 575; x_wconf 77' lang='grc' dir='ltr'>τὸ</span> <span class='ocrx_word' id='word_1_8' title='bbox 603 522 675 577; x_wconf 80' lang='grc' dir='ltr'>οὐ</span> <span class='ocrx_word' id='word_1_9' title='bbox 713 520 1001 592; x_wconf 69' lang='grc' dir='ltr'>γνῶσεται</span> <span class='ocrx_word' id='word_1_10' title='bbox 1023 564 1037 589; x_wconf 88' lang='grc'><strong>,</strong></span> <span class='ocrx_word' id='word_1_11' title='bbox 1068 513 1128 575; x_wconf 80' lang='grc' dir='ltr'>οὖ</span> <span class='ocrx_word' id='word_1_12' title='bbox 1162 522 1454 593; x_wconf 82' lang='grc' dir='ltr'>πεποίηται</span> <span class='ocrx_word' id='word_1_13' title='bbox 1482 522 1603 576; x_wconf 81' lang='grc' dir='ltr'>οὐδὲ</span> <span class='ocrx_word' id='word_1_14' title='bbox 1640 520 1950 592; x_wconf 83' lang='grc' dir='ltr'>άνακέκρα-</span> 
     </span>
    </p>
   </div>
   <div class='ocr_carea' id='block_1_5' title="bbox 2071 497 3622 595">
    <p class='ocr_par' dir='ltr' id='par_1_5' title="bbox 2075 497 3622 580">
     <span class='ocr_line' id='line_1_5' title="bbox 2075 497 3622 580; baseline -0.011 -8"><span class='ocrx_word' id='word_1_15' title='bbox 2075 516 2109 571; x_wconf 95' lang='lat' dir='ltr'><strong>d</strong></span> <span class='ocrx_word' id='word_1_16' title='bbox 2126 522 2232 578; x_wconf 89' lang='lat' dir='ltr'><strong>est,</strong></span> <span class='ocrx_word' id='word_1_17' title='bbox 2263 527 2372 567; x_wconf 91' lang='lat' dir='ltr'><strong>non</strong></span> <span class='ocrx_word' id='word_1_18' title='bbox 2398 503 2750 580; x_wconf 89' lang='lat' dir='ltr'><strong>perpetravit,</strong></span> <span class='ocrx_word' id='word_1_19' title='bbox 2782 514 2957 574; x_wconf 90' lang='lat' dir='ltr'><strong>neque</strong></span> <span class='ocrx_word' id='word_1_20' title='bbox 2983 514 3151 573; x_wconf 86' lang='lat' dir='ltr'><strong>pravo</strong></span> <span class='ocrx_word' id='word_1_21' title='bbox 3173 498 3323 570; x_wconf 88' lang='lat' dir='ltr'><strong>operi</strong></span> <span class='ocrx_word' id='word_1_22' title='bbox 3352 497 3622 555; x_wconf 84' lang='lat' dir='ltr'><strong>admistus</strong></span> 
     </span>
    </p>
   </div>
   <div class='ocr_carea' id='block_1_6' title="bbox 375 609 1952 686">
    <p class='ocr_par' dir='ltr' id='par_1_6' title="bbox 375 609 1952 686">
     <span class='ocr_line' id='line_1_6' title="bbox 375 609 1952 686; baseline -0.003 -17"><span class='ocrx_word' id='word_1_23' title='bbox 375 631 470 669; x_wconf 79' lang='grc' dir='ltr'><strong>ται</strong></span> <span class='ocrx_word' id='word_1_24' title='bbox 496 614 636 668; x_wconf 86' lang='grc' dir='ltr'><strong>κατά</strong></span> <span class='ocrx_word' id='word_1_25' title='bbox 667 614 820 686; x_wconf 75' lang='grc' dir='ltr'>ῥῆμα</span> <span class='ocrx_word' id='word_1_26' title='bbox 848 613 1082 686; x_wconf 85' lang='grc' dir='ltr'>πονηρόν</span> <span class='ocrx_word' id='word_1_27' title='bbox 1105 631 1119 644; x_wconf 74' lang='grc' dir='ltr'><strong>ο</strong></span> <span class='ocrx_word' id='word_1_28' title='bbox 1152 612 1346 684; x_wconf 79' lang='grc' dir='ltr'>ψεῦδος</span> <span class='ocrx_word' id='word_1_29' title='bbox 1374 612 1483 685; x_wconf 90' lang='grc' dir='ltr'><strong>γάρ</strong></span> <span class='ocrx_word' id='word_1_30' title='bbox 1519 614 1580 667; x_wconf 79' lang='grc' dir='ltr'>τὸ</span> <span class='ocrx_word' id='word_1_31' title='bbox 1604 612 1845 684; x_wconf 77' lang='grc' dir='ltr'>νομίζειν</span> <span class='ocrx_word' id='word_1_32' title='bbox 1877 609 1952 681; x_wconf 82' lang='grc' dir='ltr'>μὴ</span> 
     </span>
    </p>
   </div>
   <div class='ocr_carea' id='block_1_7' title="bbox 379 703 1952 778">
    <p class='ocr_par' dir='ltr' id='par_1_7' title="bbox 379 703 1952 778">
     <span class='ocr_line' id='line_1_7' title="bbox 379 703 1952 778; baseline -0.002 -18"><span class='ocrx_word' id='word_1_33' title='bbox 379 703 699 760; x_wconf 65' lang='grc' dir='ltr'>ἐπίστασθαι</span> <span class='ocrx_word' id='word_1_34' title='bbox 737 705 888 777; x_wconf 81' lang='grc' dir='ltr'>ῥῆμα</span> <span class='ocrx_word' id='word_1_35' title='bbox 920 706 1155 778; x_wconf 83' lang='grc' dir='ltr'>πονηρὸν</span> <span class='ocrx_word' id='word_1_36' title='bbox 1191 706 1282 759; x_wconf 85' lang='grc' dir='ltr'><strong>τὸν</strong></span> <span class='ocrx_word' id='word_1_37' title='bbox 1311 705 1643 776; x_wconf 82' lang='grc' dir='ltr'><strong>φυλάττοντα</strong></span> <span class='ocrx_word' id='word_1_38' title='bbox 1677 705 1777 775; x_wconf 86' lang='grc' dir='ltr'>τὴν</span> <span class='ocrx_word' id='word_1_39' title='bbox 1806 703 1952 757; x_wconf 90' lang='grc' dir='ltr'>θείαν</span> 
     </span>
    </p>
   </div>
   <div class='ocr_carea' id='block_1_8' title="bbox 380 794 1950 884">
    <p class='ocr_par' dir='ltr' id='par_1_8' title="bbox 380 794 1950 884">
     <span class='ocr_line' id='line_1_8' title="bbox 380 794 1950 884; baseline -0.004 -30"><span class='ocrx_word' id='word_1_40' title='bbox 380 798 621 884; x_wconf 67' lang='grc' dir='ltr'>ἐντολήν.</span> <span class='ocrx_word' id='word_1_41' title='bbox 691 798 971 870; x_wconf 86' lang='grc' dir='ltr'>Διάκρισιν</span> <span class='ocrx_word' id='word_1_42' title='bbox 997 798 1108 871; x_wconf 86' lang='grc' dir='ltr'><strong>γὰρ</strong></span> <span class='ocrx_word' id='word_1_43' title='bbox 1145 798 1283 871; x_wconf 77' lang='grc' dir='ltr'>ἔχων</span> <span class='ocrx_word' id='word_1_44' title='bbox 1321 798 1558 870; x_wconf 90' lang='grc' dir='ltr'>πονηροῦ</span> <span class='ocrx_word' id='word_1_45' title='bbox 1588 796 1683 850; x_wconf 75' lang='grc' dir='ltr'><strong>καὶ</strong></span> <span class='ocrx_word' id='word_1_46' title='bbox 1713 794 1950 864; x_wconf 80' lang='grc' dir='ltr'><strong>ἀγαθοῦ,</strong></span> 
     </span>
    </p>
   </div>
   <div class='ocr_carea' id='block_1_9' title="bbox 382 888 1954 964">
    <p class='ocr_par' dir='ltr' id='par_1_9' title="bbox 382 888 1954 964">
     <span class='ocr_line' id='line_1_9' title="bbox 382 888 1954 964; baseline -0.002 -20"><span class='ocrx_word' id='word_1_47' title='bbox 382 890 545 944; x_wconf 74' lang='grc' dir='ltr'>τᾶλλα</span> <span class='ocrx_word' id='word_1_48' title='bbox 568 889 746 944; x_wconf 85' lang='grc' dir='ltr'>πάντα</span> <span class='ocrx_word' id='word_1_49' title='bbox 773 891 1143 964; x_wconf 68' lang='grc' dir='ltr'>ἀποστραφεὶς</span> <span class='ocrx_word' id='word_1_50' title='bbox 1172 892 1416 964; x_wconf 79' lang='grc' dir='ltr'>ῥήματα,</span> <span class='ocrx_word' id='word_1_51' title='bbox 1443 892 1719 962; x_wconf 79' lang='grc' dir='ltr'>ἐπιτηρεῖν</span> <span class='ocrx_word' id='word_1_52' title='bbox 1742 888 1840 961; x_wconf 80' lang='grc' dir='ltr'><strong>τὴν</strong></span> <span class='ocrx_word' id='word_1_53' title='bbox 1869 890 1954 942; x_wconf 78' lang='grc' dir='ltr'><strong>ὲν-</strong></span> 
     </span>
    </p>
   </div>
   <div class='ocr_carea' id='block_1_10' title="bbox 381 978 1955 1053">
    <p class='ocr_par' dir='ltr' id='par_1_10' title="bbox 381 978 1955 1053">
     <span class='ocr_line' id='line_1_10' title="bbox 381 978 1955 1053; baseline -0.002 -18"><span class='ocrx_word' id='word_1_54' title='bbox 381 982 540 1052; x_wconf 81' lang='grc' dir='ltr'>τολὴν</span> <span class='ocrx_word' id='word_1_55' title='bbox 559 978 743 1053; x_wconf 81' lang='grc' dir='ltr'>ἦλθεν.</span> <span class='ocrx_word' id='word_1_56' title='bbox 778 983 844 1036; x_wconf 90' lang='grc' dir='ltr'><em>Ὃ</em></span> <span class='ocrx_word' id='word_1_57' title='bbox 866 978 960 1037; x_wconf 84' lang='grc' dir='ltr'>οὖν</span> <span class='ocrx_word' id='word_1_58' title='bbox 979 982 1131 1052; x_wconf 78' lang='grc' dir='ltr'>λέγει</span> <span class='ocrx_word' id='word_1_59' title='bbox 1157 980 1394 1037; x_wconf 80' lang='grc' dir='ltr'>τοιοῦτόν</span> <span class='ocrx_word' id='word_1_60' title='bbox 1420 982 1568 1035; x_wconf 74' lang='grc' dir='ltr'>ἐστιν</span> <span class='ocrx_word' id='word_1_61' title='bbox 1590 997 1604 1012; x_wconf 92' lang='grc'><strong>·</strong></span> <span class='ocrx_word' id='word_1_62' title='bbox 1630 982 1832 1053; x_wconf 87' lang='grc' dir='ltr'>Πεῖραν</span> <span class='ocrx_word' id='word_1_63' title='bbox 1855 979 1955 1033; x_wconf 81' lang='grc' dir='ltr'>οὐκ</span> 
     </span>
    </p>
   </div>
   <div class='ocr_carea' id='block_1_11' title="bbox 382 1071 1957 1149">
    <p class='ocr_par' dir='ltr' id='par_1_11' title="bbox 382 1071 1957 1149">
     <span class='ocr_line' id='line_1_11' title="bbox 382 1071 1957 1149; baseline -0.003 -21"><span class='ocrx_word' id='word_1_64' title='bbox 382 1074 573 1147; x_wconf 76' lang='grc' dir='ltr'>ἔχοντα</span> <span class='ocrx_word' id='word_1_65' title='bbox 595 1074 718 1129; x_wconf 85' lang='grc' dir='ltr'>οὐδὲ</span> <span class='ocrx_word' id='word_1_66' title='bbox 745 1075 946 1146; x_wconf 81' lang='grc' dir='ltr'>γνῶσιν</span> <span class='ocrx_word' id='word_1_67' title='bbox 967 1075 1001 1149; x_wconf 81' lang='grc' dir='ltr'>ἢ</span> <span class='ocrx_word' id='word_1_68' title='bbox 1024 1075 1234 1131; x_wconf 76' lang='grc' dir='ltr'>ἔννοιαν</span> <span class='ocrx_word' id='word_1_69' title='bbox 1260 1075 1369 1129; x_wconf 84' lang='grc' dir='ltr'>τῶν</span> <span class='ocrx_word' id='word_1_70' title='bbox 1395 1073 1612 1139; x_wconf 85' lang='grc' dir='ltr'>κακῶν,</span> <span class='ocrx_word' id='word_1_71' title='bbox 1641 1071 1957 1146; x_wconf 81' lang='grc' dir='ltr'>διερεθίζον-</span> 
     </span>
    </p>
   </div>
   <div class='ocr_carea' id='block_1_12' title="bbox 380 1158 1957 1241">
    <p class='ocr_par' dir='ltr' id='par_1_12' title="bbox 380 1158 1957 1241">
     <span class='ocr_line' id='line_1_12' title="bbox 380 1158 1957 1241; baseline -0.001 -21"><span class='ocrx_word' id='word_1_72' title='bbox 380 1166 471 1233; x_wconf 76' lang='grc' dir='ltr'><strong>τες</strong></span> <span class='ocrx_word' id='word_1_73' title='bbox 497 1184 565 1237; x_wconf 89' lang='grc' dir='ltr'>με</span> <span class='ocrx_word' id='word_1_74' title='bbox 595 1166 884 1240; x_wconf 82' lang='grc' dir='ltr'>ὲπερώτων</span> <span class='ocrx_word' id='word_1_75' title='bbox 919 1185 988 1240; x_wconf 88' lang='grc' dir='ltr'>με</span> <span class='ocrx_word' id='word_1_76' title='bbox 1020 1168 1146 1241; x_wconf 71' lang='grc' dir='ltr'>περὶ</span> <span class='ocrx_word' id='word_1_77' title='bbox 1171 1158 1348 1222; x_wconf 82' lang='grc' dir='ltr'>αὐτῶν</span> <span class='ocrx_word' id='word_1_78' title='bbox 1366 1207 1380 1233; x_wconf 91' lang='grc'><strong>,</strong></span> <span class='ocrx_word' id='word_1_79' title='bbox 1410 1167 1599 1239; x_wconf 78' lang='grc' dir='ltr'>ὥσπερ</span> <span class='ocrx_word' id='word_1_80' title='bbox 1623 1169 1657 1238; x_wconf 89' lang='grc' dir='ltr'><strong>ἡ</strong></span> <span class='ocrx_word' id='word_1_81' title='bbox 1683 1165 1957 1236; x_wconf 80' lang='grc' dir='ltr'>Αἰγυπτία</span> 
     </span>
    </p>
   </div>
   <div class='ocr_carea' id='block_1_13' title="bbox 379 1258 1802 1333">
    <p class='ocr_par' dir='ltr' id='par_1_13' title="bbox 379 1258 1802 1333">
     <span class='ocr_line' id='line_1_13' title="bbox 379 1258 1802 1333; baseline 0.001 -21"><span class='ocrx_word' id='word_1_82' title='bbox 379 1258 473 1313; x_wconf 78' lang='grc' dir='ltr'>τὸν</span> <span class='ocrx_word' id='word_1_83' title='bbox 507 1258 704 1331; x_wconf 82' lang='grc' dir='ltr'>Ἰωσὴφ</span> <span class='ocrx_word' id='word_1_84' title='bbox 724 1304 737 1326; x_wconf 91' lang='grc'><strong>,</strong></span> <span class='ocrx_word' id='word_1_85' title='bbox 770 1261 865 1313; x_wconf 77' lang='grc' dir='ltr'>καὶ</span> <span class='ocrx_word' id='word_1_86' title='bbox 889 1263 937 1314; x_wconf 80' lang='lat' dir='ltr'><strong>ot</strong></span> <span class='ocrx_word' id='word_1_87' title='bbox 969 1261 1327 1333; x_wconf 78' lang='grc' dir='ltr'>πρεσϐύτεροι</span> <span class='ocrx_word' id='word_1_88' title='bbox 1352 1261 1451 1331; x_wconf 83' lang='grc' dir='ltr'>τὴν</span> <span class='ocrx_word' id='word_1_89' title='bbox 1479 1261 1802 1315; x_wconf 86' lang='grc' dir='ltr'>Σουσάνναν.</span> 
     </span>
    </p>
   </div>
   <div class='ocr_carea' id='block_1_14' title="bbox 467 1351 1956 1422">
    <p class='ocr_par' dir='ltr' id='par_1_14' title="bbox 467 1351 1956 1422">
     <span class='ocr_line' id='line_1_14' title="bbox 467 1351 1956 1422; baseline -0.001 -15"><span class='ocrx_word' id='word_1_90' title='bbox 467 1351 977 1407; x_wconf 77' lang='grc' dir='ltr'>Ἀνταπεδίδοσάν</span> <span class='ocrx_word' id='word_1_91' title='bbox 1021 1370 1131 1422; x_wconf 79' lang='grc' dir='ltr'><strong>μοι</strong></span> <span class='ocrx_word' id='word_1_92' title='bbox 1163 1353 1398 1421; x_wconf 82' lang='grc' dir='ltr'>πονηρά</span> <span class='ocrx_word' id='word_1_93' title='bbox 1433 1352 1567 1408; x_wconf 74' lang='grc' dir='ltr'>ἀντὶ</span> <span class='ocrx_word' id='word_1_94' title='bbox 1610 1352 1813 1407; x_wconf 75' lang='grc' dir='ltr'>καλῶν</span> <span class='ocrx_word' id='word_1_95' title='bbox 1857 1352 1956 1406; x_wconf 77' lang='grc' dir='ltr'>καὶ</span> 
     </span>
    </p>
   </div>
   <div class='ocr_carea' id='block_1_15' title="bbox 382 1442 1959 1518">
    <p class='ocr_par' dir='ltr' id='par_1_15' title="bbox 382 1442 1959 1518">
     <span class='ocr_line' id='line_1_15' title="bbox 382 1442 1959 1518; baseline -0.001 -19"><span class='ocrx_word' id='word_1_96' title='bbox 382 1446 666 1500; x_wconf 72' lang='grc' dir='ltr'>ἀτεκνίαν</span> <span class='ocrx_word' id='word_1_97' title='bbox 690 1444 767 1514; x_wconf 82' lang='grc' dir='ltr'>τῇ</span> <span class='ocrx_word' id='word_1_98' title='bbox 802 1444 976 1515; x_wconf 71' lang='grc' dir='ltr'><strong>ψυχῇ</strong></span> <span class='ocrx_word' id='word_1_99' title='bbox 1008 1464 1135 1515; x_wconf 87' lang='grc' dir='ltr'>μου.</span> <span class='ocrx_word' id='word_1_100' title='bbox 1218 1445 1381 1518; x_wconf 84' lang='grc' dir='ltr'><strong>Ἐμοῦ</strong></span> <span class='ocrx_word' id='word_1_101' title='bbox 1413 1444 1859 1517; x_wconf 80' lang='grc' dir='ltr'><strong>φιλοτιμουμένου</strong></span> <span class='ocrx_word' id='word_1_102' title='bbox 1891 1442 1959 1497; x_wconf 86' lang='grc' dir='ltr'>τὰ</span> 
     </span>
    </p>
   </div>
   <div class='ocr_carea' id='block_1_16' title="bbox 385 1533 1960 1609">
    <p class='ocr_par' dir='ltr' id='par_1_16' title="bbox 385 1533 1960 1609">
     <span class='ocr_line' id='line_1_16' title="bbox 385 1533 1960 1609; baseline -0.001 -20"><span class='ocrx_word' id='word_1_103' title='bbox 385 1536 522 1608; x_wconf 85' lang='grc' dir='ltr'>πρὸς</span> <span class='ocrx_word' id='word_1_104' title='bbox 574 1536 779 1601; x_wconf 83' lang='grc' dir='ltr'>πάντας</span> <span class='ocrx_word' id='word_1_105' title='bbox 833 1537 1143 1607; x_wconf 80' lang='grc' dir='ltr'>καθήκοντα</span> <span class='ocrx_word' id='word_1_106' title='bbox 1195 1537 1500 1609; x_wconf 79' lang='grc' dir='ltr'><strong>ἀμέμπτως</strong></span> <span class='ocrx_word' id='word_1_107' title='bbox 1537 1536 1802 1590; x_wconf 72' lang='grc' dir='ltr'>ἐπιτελεῖν</span> <span class='ocrx_word' id='word_1_108' title='bbox 1836 1533 1960 1605; x_wconf 86' lang='grc' dir='ltr'>βού-</span> 
     </span>
    </p>
   </div>
   <div class='ocr_carea' id='block_1_17' title="bbox 382 1614 1958 1700">
    <p class='ocr_par' dir='ltr' id='par_1_17' title="bbox 382 1614 1958 1700">
     <span class='ocr_line' id='line_1_17' title="bbox 382 1614 1958 1700; baseline -0.002 -19"><span class='ocrx_word' id='word_1_109' title='bbox 382 1626 591 1693; x_wconf 90' lang='grc' dir='ltr'>λεσθαι,</span> <span class='ocrx_word' id='word_1_110' title='bbox 612 1630 660 1683; x_wconf 88' lang='grc' dir='ltr'>εί</span> <span class='ocrx_word' id='word_1_111' title='bbox 682 1614 905 1684; x_wconf 68' lang='grc' dir='ltr'>δυνατὸν</span> <span class='ocrx_word' id='word_1_112' title='bbox 928 1627 1066 1700; x_wconf 85' lang='grc' dir='ltr'><strong>μετά</strong></span> <span class='ocrx_word' id='word_1_113' title='bbox 1085 1629 1300 1683; x_wconf 84' lang='grc' dir='ltr'>πάντων</span> <span class='ocrx_word' id='word_1_114' title='bbox 1321 1627 1417 1683; x_wconf 85' lang='grc' dir='ltr'><strong>ἀνθ</strong></span> <span class='ocrx_word' id='word_1_115' title='bbox 1427 1627 1621 1699; x_wconf 81' lang='grc' dir='ltr'>ρώπων</span> <span class='ocrx_word' id='word_1_116' title='bbox 1637 1626 1958 1699; x_wconf 76' lang='grc' dir='ltr'><strong>εἰρηνεύειν,</strong></span> 
     </span>
    </p>
   </div>
   <div class='ocr_carea' id='block_1_18' title="bbox 383 1718 1962 1791">
    <p class='ocr_par' dir='ltr' id='par_1_18' title="bbox 383 1718 1962 1791">
     <span class='ocr_line' id='line_1_18' title="bbox 383 1718 1962 1791; baseline -0.004 -15"><span class='ocrx_word' id='word_1_117' title='bbox 383 1723 535 1777; x_wconf 78' lang='grc' dir='ltr'>αὐτοὶ</span> <span class='ocrx_word' id='word_1_118' title='bbox 581 1723 703 1776; x_wconf 80' lang='grc' dir='ltr'>ἀντὶ</span> <span class='ocrx_word' id='word_1_119' title='bbox 744 1721 948 1776; x_wconf 88' lang='grc' dir='ltr'>τούτων</span> <span class='ocrx_word' id='word_1_120' title='bbox 979 1721 1087 1775; x_wconf 84' lang='grc' dir='ltr'><strong>τῶν</strong></span> <span class='ocrx_word' id='word_1_121' title='bbox 1121 1720 1300 1775; x_wconf 82' lang='grc' dir='ltr'>καλῶν</span> <span class='ocrx_word' id='word_1_122' title='bbox 1332 1719 1545 1791; x_wconf 82' lang='grc' dir='ltr'>πονηρά</span> <span class='ocrx_word' id='word_1_123' title='bbox 1578 1718 1962 1773; x_wconf 82' lang='grc' dir='ltr'>ἀνταπεδίδουν</span> 
     </span>
    </p>
   </div>
   <div class='ocr_carea' id='block_1_19' title="bbox 388 1809 1957 1886">
    <p class='ocr_par' dir='ltr' id='par_1_19' title="bbox 388 1809 1957 1886">
     <span class='ocr_line' id='line_1_19' title="bbox 388 1809 1957 1886; baseline -0.003 -19"><span class='ocrx_word' id='word_1_124' title='bbox 388 1831 507 1885; x_wconf 86' lang='grc' dir='ltr'>μοι,</span> <span class='ocrx_word' id='word_1_125' title='bbox 537 1813 722 1886; x_wconf 74' lang='grc' dir='ltr'>ἐχθροὶ</span> <span class='ocrx_word' id='word_1_126' title='bbox 745 1814 840 1866; x_wconf 72' lang='grc' dir='ltr'>καὶ</span> <span class='ocrx_word' id='word_1_127' title='bbox 860 1812 1144 1883; x_wconf 83' lang='grc' dir='ltr'>δυσμενεῖς</span> <span class='ocrx_word' id='word_1_128' title='bbox 1162 1811 1249 1866; x_wconf 83' lang='grc' dir='ltr'>διὰ</span> <span class='ocrx_word' id='word_1_129' title='bbox 1272 1812 1490 1865; x_wconf 86' lang='grc' dir='ltr'>πάντων</span> <span class='ocrx_word' id='word_1_130' title='bbox 1509 1809 1925 1880; x_wconf 71' lang='grc' dir='ltr'><strong>ἀναφαινόμενον.</strong></span> <span class='ocrx_word' id='word_1_131' title='bbox 1943 1826 1957 1839; x_wconf 74' lang='grc' dir='ltr'><strong>ο</strong></span> 
     </span>
    </p>
   </div>
   <div class='ocr_carea' id='block_1_20' title="bbox 2052 590 3627 670">
    <p class='ocr_par' dir='ltr' id='par_1_20' title="bbox 2052 590 3627 670">
     <span class='ocr_line' id='line_1_20' title="bbox 2052 590 3627 670; baseline -0.013 -6"><span class='ocrx_word' id='word_1_132' title='bbox 2052 616 2137 665; x_wconf 89' lang='lat' dir='ltr'><strong>est</strong></span> <span class='ocrx_word' id='word_1_133' title='bbox 2167 625 2181 662; x_wconf 86' lang='lat'><strong>:</strong></span> <span class='ocrx_word' id='word_1_134' title='bbox 2218 602 2575 660; x_wconf 86' lang='lat' dir='ltr'><strong>hallucinatio</strong></span> <span class='ocrx_word' id='word_1_135' title='bbox 2604 599 2807 670; x_wconf 85' lang='lat' dir='ltr'><strong>quippe</strong></span> <span class='ocrx_word' id='word_1_136' title='bbox 2827 604 2913 653; x_wconf 89' lang='lat' dir='ltr'><strong>est</strong></span> <span class='ocrx_word' id='word_1_137' title='bbox 2940 593 3218 657; x_wconf 81' lang='lat' dir='ltr'><strong>arbitrari,</strong></span> <span class='ocrx_word' id='word_1_138' title='bbox 3264 607 3390 647; x_wconf 92' lang='lat' dir='ltr'><strong>eum</strong></span> <span class='ocrx_word' id='word_1_139' title='bbox 3415 590 3510 661; x_wconf 89' lang='lat' dir='ltr'><strong>qui</strong></span> <span class='ocrx_word' id='word_1_140' title='bbox 3538 590 3627 644; x_wconf 81' lang='lat' dir='ltr'><strong>di-</strong></span> 
     </span>
    </p>
   </div>
   <div class='ocr_carea' id='block_1_21' title="bbox 2051 684 3621 757">
    <p class='ocr_par' dir='ltr' id='par_1_21' title="bbox 2051 684 3621 757">
     <span class='ocr_line' id='line_1_21' title="bbox 2051 684 3621 757; baseline -0.014 0"><span class='ocrx_word' id='word_1_141' title='bbox 2051 702 2238 756; x_wconf 86' lang='lat' dir='ltr'><strong>vinum</strong></span> <span class='ocrx_word' id='word_1_142' title='bbox 2262 705 2446 755; x_wconf 80' lang='lat' dir='ltr'><strong>servat</strong></span> <span class='ocrx_word' id='word_1_143' title='bbox 2471 684 2811 757; x_wconf 85' lang='lat' dir='ltr'><strong>mandatum,</strong></span> <span class='ocrx_word' id='word_1_144' title='bbox 2859 688 3058 743; x_wconf 88' lang='lat' dir='ltr'><strong>malam</strong></span> <span class='ocrx_word' id='word_1_145' title='bbox 3091 702 3204 741; x_wconf 89' lang='lat' dir='ltr'><strong>non</strong></span> <span class='ocrx_word' id='word_1_146' title='bbox 3231 685 3453 741; x_wconf 83' lang='lat' dir='ltr'><strong>novisse</strong></span> <span class='ocrx_word' id='word_1_147' title='bbox 3484 698 3621 739; x_wconf 90' lang='lat' dir='ltr'><strong>rem.</strong></span> 
     </span>
    </p>
   </div>
   <div class='ocr_carea' id='block_1_22' title="bbox 2051 772 3624 845">
    <p class='ocr_par' dir='ltr' id='par_1_22' title="bbox 2051 772 3624 845">
     <span class='ocr_line' id='line_1_22' title="bbox 2051 772 3624 845; baseline -0.011 0"><span class='ocrx_word' id='word_1_148' title='bbox 2051 788 2189 845; x_wconf 84' lang='lat' dir='ltr'><strong>Nam</strong></span> <span class='ocrx_word' id='word_1_149' title='bbox 2244 786 2634 844; x_wconf 76' lang='lat' dir='ltr'><strong>discretionem</strong></span> <span class='ocrx_word' id='word_1_150' title='bbox 2662 780 2790 837; x_wconf 90' lang='lat' dir='ltr'><strong>boni</strong></span> <span class='ocrx_word' id='word_1_151' title='bbox 2832 786 2889 836; x_wconf 88' lang='lat' dir='ltr'><strong>et</strong></span> <span class='ocrx_word' id='word_1_152' title='bbox 2921 777 3053 832; x_wconf 89' lang='lat' dir='ltr'><strong>mali</strong></span> <span class='ocrx_word' id='word_1_153' title='bbox 3100 784 3322 840; x_wconf 86' lang='lat' dir='ltr'><strong>nactus,</strong></span> <span class='ocrx_word' id='word_1_154' title='bbox 3352 790 3383 829; x_wconf 91' lang='lat' dir='ltr'><strong>a</strong></span> <span class='ocrx_word' id='word_1_155' title='bbox 3410 772 3624 829; x_wconf 63' lang='lat' dir='ltr'><strong>caeteris</strong></span> 
     </span>
    </p>
   </div>
   <div class='ocr_carea' id='block_1_23' title="bbox 2055 863 3626 950">
    <p class='ocr_par' dir='ltr' id='par_1_23' title="bbox 2055 863 3626 950">
     <span class='ocr_line' id='line_1_23' title="bbox 2055 863 3626 950; baseline -0.013 -12"><span class='ocrx_word' id='word_1_156' title='bbox 2055 893 2301 946; x_wconf 85' lang='lat' dir='ltr'><strong>aversus,</strong></span> <span class='ocrx_word' id='word_1_157' title='bbox 2328 879 2395 934; x_wconf 93' lang='lat' dir='ltr'><strong>ad</strong></span> <span class='ocrx_word' id='word_1_158' title='bbox 2423 882 2755 950; x_wconf 69' lang='lat' dir='ltr'><strong>praeceptum</strong></span> <span class='ocrx_word' id='word_1_159' title='bbox 2800 869 3131 928; x_wconf 87' lang='lat' dir='ltr'><strong>servandum</strong></span> <span class='ocrx_word' id='word_1_160' title='bbox 3161 866 3390 923; x_wconf 81' lang='lat' dir='ltr'><strong>accedit.</strong></span> <span class='ocrx_word' id='word_1_161' title='bbox 3420 863 3626 933; x_wconf 87' lang='lat' dir='ltr'><strong>Hujus-</strong></span> 
     </span>
    </p>
   </div>
   <div class='ocr_carea' id='block_1_24' title="bbox 2053 954 3628 1044">
    <p class='ocr_par' dir='ltr' id='par_1_24' title="bbox 2053 954 3628 1044">
     <span class='ocr_line' id='line_1_24' title="bbox 2053 954 3628 1044; baseline -0.013 -14"><span class='ocrx_word' id='word_1_162' title='bbox 2053 973 2202 1029; x_wconf 86' lang='lat' dir='ltr'><strong>modi</strong></span> <span class='ocrx_word' id='word_1_163' title='bbox 2224 973 2391 1044; x_wconf 83' lang='lat' dir='ltr'><strong>igitur</strong></span> <span class='ocrx_word' id='word_1_164' title='bbox 2434 977 2519 1026; x_wconf 90' lang='lat' dir='ltr'><strong>est</strong></span> <span class='ocrx_word' id='word_1_165' title='bbox 2567 965 2713 1039; x_wconf 89' lang='lat' dir='ltr'><strong>quod</strong></span> <span class='ocrx_word' id='word_1_166' title='bbox 2750 964 2845 1020; x_wconf 90' lang='lat' dir='ltr'><strong>hic</strong></span> <span class='ocrx_word' id='word_1_167' title='bbox 2878 962 3075 1019; x_wconf 80' lang='lat' dir='ltr'><strong>effatur</strong></span> <span class='ocrx_word' id='word_1_168' title='bbox 3100 981 3113 1015; x_wconf 94' lang='lat'>:</span> <span class='ocrx_word' id='word_1_169' title='bbox 3137 959 3221 1014; x_wconf 80' lang='lat' dir='ltr'><strong>Me</strong></span> <span class='ocrx_word' id='word_1_170' title='bbox 3239 958 3448 1013; x_wconf 89' lang='lat' dir='ltr'><strong>nullum</strong></span> <span class='ocrx_word' id='word_1_171' title='bbox 3470 954 3628 1044; x_wconf 72' lang='lat' dir='ltr'><strong>mala:</strong></span> 
     </span>
    </p>
   </div>
   <div class='ocr_carea' id='block_1_25' title="bbox 2054 1043 3629 1132">
    <p class='ocr_par' dir='ltr' id='par_1_25' title="bbox 2054 1043 3629 1132">
     <span class='ocr_line' id='line_1_25' title="bbox 2054 1043 3629 1132; baseline -0.015 -13"><span class='ocrx_word' id='word_1_172' title='bbox 2054 1064 2134 1118; x_wconf 92' lang='lat' dir='ltr'><strong>rei</strong></span> <span class='ocrx_word' id='word_1_173' title='bbox 2156 1043 2587 1132; x_wconf 78' lang='lat' dir='ltr'><strong>experimentum</strong></span> <span class='ocrx_word' id='word_1_174' title='bbox 2619 1063 2710 1111; x_wconf 87' lang='lat' dir='ltr'><strong>aut</strong></span> <span class='ocrx_word' id='word_1_175' title='bbox 2724 1053 2972 1109; x_wconf 87' lang='lat' dir='ltr'><strong>notitiam</strong></span> <span class='ocrx_word' id='word_1_176' title='bbox 2989 1050 3104 1107; x_wconf 89' lang='lat' dir='ltr'><strong>sive</strong></span> <span class='ocrx_word' id='word_1_177' title='bbox 3131 1045 3514 1118; x_wconf 76' lang='lat' dir='ltr'><strong>cogitationem</strong></span> <span class='ocrx_word' id='word_1_178' title='bbox 3530 1043 3629 1096; x_wconf 91' lang='lat' dir='ltr'><strong>ha-</strong></span> 
     </span>
    </p>
   </div>
   <div class='ocr_carea' id='block_1_26' title="bbox 2056 1133 3631 1214">
    <p class='ocr_par' dir='ltr' id='par_1_26' title="bbox 2056 1133 3631 1214">
     <span class='ocr_line' id='line_1_26' title="bbox 2056 1133 3631 1214; baseline -0.013 -3"><span class='ocrx_word' id='word_1_179' title='bbox 2056 1155 2273 1210; x_wconf 88' lang='lat' dir='ltr'><strong>bentem</strong></span> <span class='ocrx_word' id='word_1_180' title='bbox 2301 1152 2665 1213; x_wconf 84' lang='lat' dir='ltr'><strong>concitantes.</strong></span> <span class='ocrx_word' id='word_1_181' title='bbox 2703 1148 2770 1202; x_wconf 89' lang='lat' dir='ltr'><strong>de</strong></span> <span class='ocrx_word' id='word_1_182' title='bbox 2790 1147 2860 1202; x_wconf 91' lang='lat' dir='ltr'><strong>iis</strong></span> <span class='ocrx_word' id='word_1_183' title='bbox 2902 1141 3334 1214; x_wconf 80' lang='lat' dir='ltr'><strong>interrogabant,</strong></span> <span class='ocrx_word' id='word_1_184' title='bbox 3364 1133 3631 1208; x_wconf 85' lang='lat' dir='ltr'><strong>quemad-</strong></span> 
     </span>
    </p>
   </div>
   <div class='ocr_carea' id='block_1_27' title="bbox 2055 1230 3611 1317">
    <p class='ocr_par' dir='ltr' id='par_1_27' title="bbox 2055 1230 3611 1317">
     <span class='ocr_line' id='line_1_27' title="bbox 2055 1230 3611 1317; baseline -0.013 -14"><span class='ocrx_word' id='word_1_185' title='bbox 2055 1248 2278 1303; x_wconf 76' lang='lat' dir='ltr'><strong>modum</strong></span> <span class='ocrx_word' id='word_1_186' title='bbox 2322 1244 2578 1317; x_wconf 66' lang='lat' dir='ltr'><strong>Egyptia</strong></span> <span class='ocrx_word' id='word_1_187' title='bbox 2614 1240 2936 1311; x_wconf 84' lang='lat' dir='ltr'><strong>Josephum,</strong></span> <span class='ocrx_word' id='word_1_188' title='bbox 2966 1244 3021 1293; x_wconf 91' lang='lat' dir='ltr'><strong>et</strong></span> <span class='ocrx_word' id='word_1_189' title='bbox 3045 1250 3204 1293; x_wconf 92' lang='lat' dir='ltr'><strong>senes</strong></span> <span class='ocrx_word' id='word_1_190' title='bbox 3224 1230 3554 1287; x_wconf 87' lang='lat' dir='ltr'><strong>Susannam.</strong></span> <span class='ocrx_word' id='word_1_191' title='bbox 3604 1258 3611 1265; x_wconf 68' lang='grc' dir='ltr'>ι</span> 
     </span>
    </p>
   </div>
   <div class='ocr_carea' id='block_1_28' title="bbox 2127 1323 3603 1395">
    <p class='ocr_par' dir='ltr' id='par_1_28' title="bbox 2127 1323 3603 1395">
     <span class='ocr_line' id='line_1_28' title="bbox 2127 1323 3603 1395; baseline -0.014 0"><span class='ocrx_word' id='word_1_192' title='bbox 2127 1339 2298 1395; x_wconf 66' lang='lat' dir='ltr'><strong>Vens.</strong></span> <span class='ocrx_word' id='word_1_193' title='bbox 2335 1337 2422 1391; x_wconf 75' lang='grc'><strong>12.</strong></span> <span class='ocrx_word' id='word_1_194' title='bbox 2453 1332 2828 1390; x_wconf 82' lang='lat' dir='ltr'><strong>Retribuebant</strong></span> <span class='ocrx_word' id='word_1_195' title='bbox 2857 1329 2986 1385; x_wconf 77' lang='lat' dir='ltr'><strong>mihi</strong></span> <span class='ocrx_word' id='word_1_196' title='bbox 3014 1328 3159 1382; x_wconf 88' lang='lat' dir='ltr'><strong>mala</strong></span> <span class='ocrx_word' id='word_1_197' title='bbox 3173 1341 3267 1391; x_wconf 85' lang='lat' dir='ltr'><strong>pro</strong></span> <span class='ocrx_word' id='word_1_198' title='bbox 3281 1323 3430 1378; x_wconf 89' lang='lat' dir='ltr'><strong>bonis</strong></span> <span class='ocrx_word' id='word_1_199' title='bbox 3450 1330 3500 1376; x_wconf 91' lang='lat' dir='ltr'><strong>et</strong></span> <span class='ocrx_word' id='word_1_200' title='bbox 3523 1328 3603 1376; x_wconf 84' lang='lat' dir='ltr'><strong>ste</strong></span> 
     </span>
    </p>
   </div>
   <div class='ocr_carea' id='block_1_29' title="bbox 2057 1414 3633 1487">
    <p class='ocr_par' dir='ltr' id='par_1_29' title="bbox 2057 1414 3633 1487">
     <span class='ocr_line' id='line_1_29' title="bbox 2057 1414 3633 1487; baseline -0.014 0"><span class='ocrx_word' id='word_1_201' title='bbox 2057 1432 2311 1487; x_wconf 84' lang='lat' dir='ltr'><strong>rilitalem</strong></span> <span class='ocrx_word' id='word_1_202' title='bbox 2339 1431 2531 1485; x_wconf 75' lang='lat' dir='ltr'><strong>animae</strong></span> <span class='ocrx_word' id='word_1_203' title='bbox 2563 1442 2711 1481; x_wconf 70' lang='lat' dir='ltr'><strong>meae.</strong></span> <span class='ocrx_word' id='word_1_204' title='bbox 2734 1424 2872 1479; x_wconf 90' lang='lat' dir='ltr'><strong>Cum</strong></span> <span class='ocrx_word' id='word_1_205' title='bbox 2907 1422 3014 1477; x_wconf 84' lang='lat' dir='ltr'><strong>hoc</strong></span> <span class='ocrx_word' id='word_1_206' title='bbox 3041 1433 3211 1474; x_wconf 88' lang='lat' dir='ltr'><strong>unum</strong></span> <span class='ocrx_word' id='word_1_207' title='bbox 3244 1414 3543 1475; x_wconf 87' lang='lat' dir='ltr'><strong>studerem.</strong></span> <span class='ocrx_word' id='word_1_208' title='bbox 3570 1418 3633 1467; x_wconf 90' lang='lat' dir='ltr'><strong>ut</strong></span> 
     </span>
    </p>
   </div>
   <div class='ocr_carea' id='block_1_30' title="bbox 2059 1513 3635 1598">
    <p class='ocr_par' dir='ltr' id='par_1_30' title="bbox 2059 1513 3635 1598">
     <span class='ocr_line' id='line_1_30' title="bbox 2059 1513 3635 1598; baseline -0.015 -15"><span class='ocrx_word' id='word_1_209' title='bbox 2059 1524 2418 1598; x_wconf 78' lang='lat' dir='ltr'><strong>congruentia</strong></span> <span class='ocrx_word' id='word_1_210' title='bbox 2440 1522 2698 1577; x_wconf 89' lang='lat' dir='ltr'><strong>omnibus</strong></span> <span class='ocrx_word' id='word_1_211' title='bbox 2726 1518 2847 1576; x_wconf 88' lang='lat' dir='ltr'><strong>sine</strong></span> <span class='ocrx_word' id='word_1_212' title='bbox 2863 1513 3289 1586; x_wconf 87' lang='lat' dir='ltr'><strong>reprehensione</strong></span> <span class='ocrx_word' id='word_1_213' title='bbox 3316 1519 3635 1580; x_wconf 86' lang='lat' dir='ltr'><strong>peragerem</strong></span> 
     </span>
    </p>
   </div>
   <div class='ocr_carea' id='block_1_31' title="bbox 2062 1602 3636 1688">
    <p class='ocr_par' dir='ltr' id='par_1_31' title="bbox 2062 1602 3636 1688">
     <span class='ocr_line' id='line_1_31' title="bbox 2062 1602 3636 1688; baseline -0.014 -15"><span class='ocrx_word' id='word_1_214' title='bbox 2062 1618 2108 1675; x_wconf 87' lang='lat' dir='ltr'><strong>si</strong></span> <span class='ocrx_word' id='word_1_215' title='bbox 2132 1615 2350 1688; x_wconf 86' lang='lat' dir='ltr'><strong>quidem</strong></span> <span class='ocrx_word' id='word_1_216' title='bbox 2382 1613 2555 1683; x_wconf 87' lang='lat' dir='ltr'><strong>possit</strong></span> <span class='ocrx_word' id='word_1_217' title='bbox 2606 1625 2732 1666; x_wconf 92' lang='lat' dir='ltr'><strong>cum</strong></span> <span class='ocrx_word' id='word_1_218' title='bbox 2766 1607 3023 1665; x_wconf 88' lang='lat' dir='ltr'><strong>omnibus</strong></span> <span class='ocrx_word' id='word_1_219' title='bbox 3073 1602 3388 1660; x_wconf 90' lang='lat' dir='ltr'><strong>hominibus</strong></span> <span class='ocrx_word' id='word_1_220' title='bbox 3440 1604 3636 1669; x_wconf 86' lang='lat' dir='ltr'><strong>pacate</strong></span> 
     </span>
    </p>
   </div>
   <div class='ocr_carea' id='block_1_32' title="bbox 2062 1689 3638 1780">
    <p class='ocr_par' dir='ltr' id='par_1_32' title="bbox 2062 1689 3638 1780">
     <span class='ocr_line' id='line_1_32' title="bbox 2062 1689 3638 1780; baseline -0.013 -15"><span class='ocrx_word' id='word_1_221' title='bbox 2062 1711 2182 1780; x_wconf 88' lang='lat' dir='ltr'><strong>agi;</strong></span> <span class='ocrx_word' id='word_1_222' title='bbox 2220 1723 2320 1779; x_wconf 88' lang='lat' dir='ltr'><strong>pro</strong></span> <span class='ocrx_word' id='word_1_223' title='bbox 2373 1707 2442 1761; x_wconf 91' lang='lat' dir='ltr'><strong>iis</strong></span> <span class='ocrx_word' id='word_1_224' title='bbox 2490 1704 2571 1760; x_wconf 91' lang='lat' dir='ltr'><strong>illi</strong></span> <span class='ocrx_word' id='word_1_225' title='bbox 2601 1703 2764 1759; x_wconf 83' lang='lat' dir='ltr'><strong>bonis</strong></span> <span class='ocrx_word' id='word_1_226' title='bbox 2810 1701 2955 1755; x_wconf 89' lang='lat' dir='ltr'><strong>mala</strong></span> <span class='ocrx_word' id='word_1_227' title='bbox 2987 1695 3361 1768; x_wconf 88' lang='lat' dir='ltr'><strong>rependebant</strong></span> <span class='ocrx_word' id='word_1_228' title='bbox 3395 1691 3550 1754; x_wconf 91' lang='lat' dir='ltr'><strong>mihi,</strong></span> <span class='ocrx_word' id='word_1_229' title='bbox 3578 1689 3638 1745; x_wconf 89' lang='lat' dir='ltr'><strong>in</strong></span> 
     </span>
    </p>
   </div>
   <div class='ocr_carea' id='block_1_33' title="bbox 2063 1785 3633 1861">
    <p class='ocr_par' dir='ltr' id='par_1_33' title="bbox 2063 1785 3633 1861">
     <span class='ocr_line' id='line_1_33' title="bbox 2063 1785 3633 1861; baseline -0.016 -2"><span class='ocrx_word' id='word_1_230' title='bbox 2063 1800 2318 1859; x_wconf 91' lang='lat' dir='ltr'><strong>omnibus</strong></span> <span class='ocrx_word' id='word_1_231' title='bbox 2356 1812 2478 1854; x_wconf 90' lang='lat' dir='ltr'><strong>sese</strong></span> <span class='ocrx_word' id='word_1_232' title='bbox 2510 1795 2761 1850; x_wconf 90' lang='lat' dir='ltr'><strong>inimicos</strong></span> <span class='ocrx_word' id='word_1_233' title='bbox 2809 1801 2972 1861; x_wconf 90' lang='lat' dir='ltr'><strong>atque</strong></span> <span class='ocrx_word' id='word_1_234' title='bbox 3011 1788 3241 1845; x_wconf 87' lang='lat' dir='ltr'><strong>infestos</strong></span> <span class='ocrx_word' id='word_1_235' title='bbox 3265 1785 3588 1843; x_wconf 77' lang='lat' dir='ltr'><strong>exhibentes</strong></span> <span class='ocrx_word' id='word_1_236' title='bbox 3617 1798 3633 1834; x_wconf 88' lang='lat'><strong>:</strong></span> 
     </span>
    </p>
   </div>
   <div class='ocr_carea' id='block_1_34' title="bbox 384 1872 1971 1975">
    <p class='ocr_par' dir='ltr' id='par_1_34' title="bbox 384 1872 1963 1975">
     <span class='ocr_line' id='line_1_34' title="bbox 384 1872 1963 1975; baseline 0.004 -17"><span class='ocrx_word' id='word_1_237' title='bbox 384 1872 447 1960; x_wconf 61' lang='grc' dir='ltr'>τὸ</span> <span class='ocrx_word' id='word_1_238' title='bbox 494 1872 723 1959; x_wconf 41' lang='grc' dir='ltr'>δσδνιδὲ</span> <span class='ocrx_word' id='word_1_239' title='bbox 772 1902 860 1958; x_wconf 74' lang='grc' dir='ltr'><strong>ἐπ’</strong></span> <span class='ocrx_word' id='word_1_240' title='bbox 891 1872 1076 1968; x_wconf 72' lang='grc' dir='ltr'>αὐτοῖς</span> <span class='ocrx_word' id='word_1_241' title='bbox 1109 1872 1208 1975; x_wconf 75' lang='grc' dir='ltr'>τὴν</span> <span class='ocrx_word' id='word_1_242' title='bbox 1241 1907 1299 1958; x_wconf 80' lang='grc' dir='ltr'><strong>ὲν</strong></span> <span class='ocrx_word' id='word_1_243' title='bbox 1332 1903 1515 1967; x_wconf 80' lang='grc' dir='ltr'>καλοῖς</span> <span class='ocrx_word' id='word_1_244' title='bbox 1557 1872 1837 1956; x_wconf 56' lang='grc' dir='ltr'>εὐτεκνίδιν</span> <span class='ocrx_word' id='word_1_245' title='bbox 1864 1901 1963 1973; x_wconf 83' lang='grc' dir='ltr'><strong>τῆς</strong></span> 
     </span>
    </p>
   </div>
   <div class='ocr_carea' id='block_1_35' title="bbox 2071 1872 3640 1975">
    <p class='ocr_par' dir='ltr' id='par_1_35' title="bbox 2071 1872 3640 1963">
     <span class='ocr_line' id='line_1_35' title="bbox 2071 1872 3640 1963; baseline -0.011 -14"><span class='ocrx_word' id='word_1_246' title='bbox 2071 1907 2129 1949; x_wconf 77' lang='lat' dir='ltr'><strong>ac</strong></span> <span class='ocrx_word' id='word_1_247' title='bbox 2155 1896 2419 1963; x_wconf 89' lang='lat' dir='ltr'><strong>quantum</strong></span> <span class='ocrx_word' id='word_1_248' title='bbox 2457 1888 2515 1941; x_wconf 92' lang='lat' dir='ltr'><strong>in</strong></span> <span class='ocrx_word' id='word_1_249' title='bbox 2539 1886 2676 1956; x_wconf 88' lang='lat' dir='ltr'><strong>ipsis</strong></span> <span class='ocrx_word' id='word_1_250' title='bbox 2690 1892 2832 1947; x_wconf 89' lang='lat' dir='ltr'><strong>erat,</strong></span> <span class='ocrx_word' id='word_1_251' title='bbox 2868 1883 3064 1936; x_wconf 65' lang='lat' dir='ltr'><strong>animm</strong></span> <span class='ocrx_word' id='word_1_252' title='bbox 3108 1893 3243 1935; x_wconf 77' lang='lat' dir='ltr'><strong>meae</strong></span> <span class='ocrx_word' id='word_1_253' title='bbox 3289 1879 3345 1932; x_wconf 88' lang='lat' dir='ltr'><strong>in</strong></span> <span class='ocrx_word' id='word_1_254' title='bbox 3374 1876 3534 1931; x_wconf 88' lang='lat' dir='ltr'><strong>bonis</strong></span> <span class='ocrx_word' id='word_1_255' title='bbox 3559 1872 3640 1931; x_wconf 85' lang='lat' dir='ltr'><strong>fe-</strong></span> 
     </span>
    </p>
   </div>
   <div class='ocr_carea' id='block_1_36' title="bbox 384 1994 1965 2073">
    <p class='ocr_par' dir='ltr' id='par_1_36' title="bbox 384 1994 1965 2073">
     <span class='ocr_line' id='line_1_36' title="bbox 384 1994 1965 2073; baseline -0.006 -15"><span class='ocrx_word' id='word_1_256' title='bbox 384 1999 562 2073; x_wconf 74' lang='grc' dir='ltr'>ψυχῆς</span> <span class='ocrx_word' id='word_1_257' title='bbox 601 2016 698 2072; x_wconf 85' lang='grc' dir='ltr'><strong>μου</strong></span> <span class='ocrx_word' id='word_1_258' title='bbox 728 2001 970 2072; x_wconf 79' lang='grc' dir='ltr'>ἀναιρεῖν</span> <span class='ocrx_word' id='word_1_259' title='bbox 998 1996 1329 2072; x_wconf 78' lang='grc' dir='ltr'>ἐπεχείρουν.</span> <span class='ocrx_word' id='word_1_260' title='bbox 1407 1996 1470 2052; x_wconf 79' lang='grc' dir='ltr'><strong>Εἰ</strong></span> <span class='ocrx_word' id='word_1_261' title='bbox 1511 1997 1671 2067; x_wconf 79' lang='grc' dir='ltr'>γοῦν,</span> <span class='ocrx_word' id='word_1_262' title='bbox 1722 1994 1965 2058; x_wconf 68' lang='grc' dir='ltr'>πεισθεὶς</span> 
     </span>
    </p>
   </div>
   <div class='ocr_carea' id='block_1_37' title="bbox 385 2082 1964 2164">
    <p class='ocr_par' dir='ltr' id='par_1_37' title="bbox 385 2082 1964 2164">
     <span class='ocr_line' id='line_1_37' title="bbox 385 2082 1964 2164; baseline -0.004 -17"><span class='ocrx_word' id='word_1_263' title='bbox 385 2092 568 2147; x_wconf 86' lang='grc' dir='ltr'>αὐτῶν</span> <span class='ocrx_word' id='word_1_264' title='bbox 592 2094 711 2156; x_wconf 84' lang='grc' dir='ltr'>ταῖς</span> <span class='ocrx_word' id='word_1_265' title='bbox 735 2092 1037 2164; x_wconf 76' lang='grc' dir='ltr'>ἐρωτήσεσι</span> <span class='ocrx_word' id='word_1_266' title='bbox 1061 2091 1301 2153; x_wconf 82' lang='grc' dir='ltr'>τοιοῦτος</span> <span class='ocrx_word' id='word_1_267' title='bbox 1329 2088 1600 2158; x_wconf 80' lang='grc' dir='ltr'>ἐγεγόνειν</span> <span class='ocrx_word' id='word_1_268' title='bbox 1637 2082 1749 2142; x_wconf 72' lang='grc' dir='ltr'>οἷον</span> <span class='ocrx_word' id='word_1_269' title='bbox 1776 2087 1964 2158; x_wconf 77' lang='grc' dir='ltr'>ἡθελόν</span> 
     </span>
    </p>
   </div>
   <div class='ocr_carea' id='block_1_38' title="bbox 390 2178 1962 2260">
    <p class='ocr_par' dir='ltr' id='par_1_38' title="bbox 390 2178 1962 2260">
     <span class='ocr_line' id='line_1_38' title="bbox 390 2178 1962 2260; baseline -0.004 -20"><span class='ocrx_word' id='word_1_270' title='bbox 390 2203 456 2260; x_wconf 88' lang='grc' dir='ltr'>με</span> <span class='ocrx_word' id='word_1_271' title='bbox 486 2186 710 2257; x_wconf 84' lang='grc' dir='ltr'>ποιῆσαι</span> <span class='ocrx_word' id='word_1_272' title='bbox 732 2225 747 2249; x_wconf 87' lang='grc'><strong>,</strong></span> <span class='ocrx_word' id='word_1_273' title='bbox 776 2183 1056 2256; x_wconf 81' lang='grc' dir='ltr'>ἠτεκνώθη</span> <span class='ocrx_word' id='word_1_274' title='bbox 1084 2182 1150 2237; x_wconf 86' lang='grc' dir='ltr'>ἂν</span> <span class='ocrx_word' id='word_1_275' title='bbox 1174 2185 1208 2255; x_wconf 82' lang='grc' dir='ltr'>ἡ</span> <span class='ocrx_word' id='word_1_276' title='bbox 1233 2178 1377 2253; x_wconf 78' lang='grc' dir='ltr'><strong>ψυχή</strong></span> <span class='ocrx_word' id='word_1_277' title='bbox 1413 2194 1514 2253; x_wconf 89' lang='grc' dir='ltr'><strong>μου</strong></span> <span class='ocrx_word' id='word_1_278' title='bbox 1542 2224 1556 2247; x_wconf 93' lang='grc'><strong>,</strong></span> <span class='ocrx_word' id='word_1_279' title='bbox 1594 2180 1787 2252; x_wconf 80' lang='grc' dir='ltr'><strong>μηκέτι</strong></span> <span class='ocrx_word' id='word_1_280' title='bbox 1808 2181 1962 2251; x_wconf 86' lang='grc' dir='ltr'>δεχο-</span> 
     </span>
    </p>
   </div>
   <div class='ocr_carea' id='block_1_39' title="bbox 388 2261 1966 2347">
    <p class='ocr_par' dir='ltr' id='par_1_39' title="bbox 388 2261 1966 2347">
     <span class='ocr_line' id='line_1_39' title="bbox 388 2261 1966 2347; baseline -0.004 -17"><span class='ocrx_word' id='word_1_281' title='bbox 388 2276 527 2347; x_wconf 82' lang='grc' dir='ltr'>μένη</span> <span class='ocrx_word' id='word_1_282' title='bbox 556 2276 655 2341; x_wconf 80' lang='grc' dir='ltr'>τὰς</span> <span class='ocrx_word' id='word_1_283' title='bbox 683 2276 833 2340; x_wconf 81' lang='grc' dir='ltr'>Θείας</span> <span class='ocrx_word' id='word_1_284' title='bbox 859 2273 955 2329; x_wconf 77' lang='grc' dir='ltr'><strong>τοῦ</strong></span> <span class='ocrx_word' id='word_1_285' title='bbox 988 2261 1223 2345; x_wconf 76' lang='grc' dir='ltr'>νυμφίου</span> <span class='ocrx_word' id='word_1_286' title='bbox 1256 2273 1438 2343; x_wconf 86' lang='grc' dir='ltr'>γονάς.</span> <span class='ocrx_word' id='word_1_287' title='bbox 1511 2273 1576 2325; x_wconf 74' lang='lat' dir='ltr'><strong>Et</strong></span> <span class='ocrx_word' id='word_1_288' title='bbox 1604 2272 1662 2325; x_wconf 85' lang='grc' dir='ltr'>δὲ</span> <span class='ocrx_word' id='word_1_289' title='bbox 1687 2271 1852 2325; x_wconf 82' lang='grc' dir='ltr'>τέκνα</span> <span class='ocrx_word' id='word_1_290' title='bbox 1878 2270 1966 2324; x_wconf 85' lang='grc' dir='ltr'><strong>λέ-</strong></span> 
     </span>
    </p>
   </div>
   <div class='ocr_carea' id='block_1_40' title="bbox 385 2362 1965 2441">
    <p class='ocr_par' dir='ltr' id='par_1_40' title="bbox 385 2362 1965 2441">
     <span class='ocr_line' id='line_1_40' title="bbox 385 2362 1965 2441; baseline -0.004 -17"><span class='ocrx_word' id='word_1_291' title='bbox 385 2382 567 2439; x_wconf 85' lang='grc' dir='ltr'>γοιντο</span> <span class='ocrx_word' id='word_1_292' title='bbox 587 2370 637 2422; x_wconf 81' lang='grc' dir='ltr'>οἱ</span> <span class='ocrx_word' id='word_1_293' title='bbox 661 2369 899 2441; x_wconf 72' lang='grc' dir='ltr'>μαθηταὶ</span> <span class='ocrx_word' id='word_1_294' title='bbox 919 2367 1013 2422; x_wconf 81' lang='grc' dir='ltr'><strong>τοῦ</strong></span> <span class='ocrx_word' id='word_1_295' title='bbox 1032 2368 1341 2435; x_wconf 83' lang='grc' dir='ltr'>διδάξαντος</span> <span class='ocrx_word' id='word_1_296' title='bbox 1355 2408 1370 2430; x_wconf 90' lang='grc'><strong>,</strong></span> <span class='ocrx_word' id='word_1_297' title='bbox 1403 2365 1495 2420; x_wconf 74' lang='grc' dir='ltr'>καὶ</span> <span class='ocrx_word' id='word_1_298' title='bbox 1517 2366 1685 2429; x_wconf 78' lang='grc' dir='ltr'>ὅντως</span> <span class='ocrx_word' id='word_1_299' title='bbox 1711 2362 1965 2419; x_wconf 82' lang='grc' dir='ltr'>ἀτεκνοῦ-</span> 
     </span>
    </p>
   </div>
   <div class='ocr_carea' id='block_1_41' title="bbox 384 2452 1966 2533">
    <p class='ocr_par' dir='ltr' id='par_1_41' title="bbox 384 2452 1966 2533">
     <span class='ocr_line' id='line_1_41' title="bbox 384 2452 1966 2533; baseline -0.004 -17"><span class='ocrx_word' id='word_1_300' title='bbox 384 2479 473 2517; x_wconf 85' lang='grc' dir='ltr'><strong>ται</strong></span> <span class='ocrx_word' id='word_1_301' title='bbox 501 2463 535 2533; x_wconf 82' lang='grc' dir='ltr'>ἡ</span> <span class='ocrx_word' id='word_1_302' title='bbox 566 2461 712 2532; x_wconf 73' lang='grc' dir='ltr'>ψυχὴ</span> <span class='ocrx_word' id='word_1_303' title='bbox 744 2459 839 2514; x_wconf 80' lang='grc' dir='ltr'><strong>τοῦ</strong></span> <span class='ocrx_word' id='word_1_304' title='bbox 870 2459 1187 2514; x_wconf 82' lang='grc' dir='ltr'>διδασκάλου</span> <span class='ocrx_word' id='word_1_305' title='bbox 1207 2501 1222 2527; x_wconf 88' lang='grc'><strong>,</strong></span> <span class='ocrx_word' id='word_1_306' title='bbox 1279 2452 1556 2529; x_wconf 82' lang='grc' dir='ltr'>σφάλμασι</span> <span class='ocrx_word' id='word_1_307' title='bbox 1591 2454 1966 2527; x_wconf 79' lang='grc' dir='ltr'><strong>περιπεσοῦσα</strong></span> 
     </span>
    </p>
   </div>
   <div class='ocr_carea' id='block_1_42' title="bbox 385 2544 1968 2624">
    <p class='ocr_par' dir='ltr' id='par_1_42' title="bbox 385 2544 1968 2624">
     <span class='ocr_line' id='line_1_42' title="bbox 385 2544 1968 2624; baseline -0.005 -18"><span class='ocrx_word' id='word_1_308' title='bbox 385 2551 466 2624; x_wconf 83' lang='grc' dir='ltr'><strong>τῷ</strong></span> <span class='ocrx_word' id='word_1_309' title='bbox 492 2553 688 2624; x_wconf 78' lang='grc' dir='ltr'>ἑαυτῆς</span> <span class='ocrx_word' id='word_1_310' title='bbox 716 2551 994 2623; x_wconf 86' lang='grc' dir='ltr'>σκανδάλῳ</span> <span class='ocrx_word' id='word_1_311' title='bbox 1012 2591 1027 2617; x_wconf 93' lang='grc'><strong>,</strong></span> <span class='ocrx_word' id='word_1_312' title='bbox 1056 2550 1357 2623; x_wconf 79' lang='grc' dir='ltr'>ἀναιροῦσα</span> <span class='ocrx_word' id='word_1_313' title='bbox 1385 2550 1512 2613; x_wconf 79' lang='grc' dir='ltr'>τοὺς</span> <span class='ocrx_word' id='word_1_314' title='bbox 1537 2549 1595 2615; x_wconf 72' lang='lat' dir='ltr'><strong>eg</strong></span> <span class='ocrx_word' id='word_1_315' title='bbox 1620 2544 1790 2619; x_wconf 80' lang='grc' dir='ltr'>αὐτῆς</span> <span class='ocrx_word' id='word_1_316' title='bbox 1814 2563 1968 2615; x_wconf 90' lang='grc' dir='ltr'>γενο-</span> 
     </span>
    </p>
   </div>
   <div class='ocr_carea' id='block_1_43' title="bbox 392 2638 1966 2724">
    <p class='ocr_par' dir='ltr' id='par_1_43' title="bbox 392 2638 1966 2724">
     <span class='ocr_line' id='line_1_43' title="bbox 392 2638 1966 2724; baseline -0.004 -25"><span class='ocrx_word' id='word_1_317' title='bbox 392 2646 588 2724; x_wconf 77' lang='grc' dir='ltr'>μένους</span> <span class='ocrx_word' id='word_1_318' title='bbox 616 2645 705 2699; x_wconf 82' lang='grc' dir='ltr'><strong>διὰ</strong></span> <span class='ocrx_word' id='word_1_319' title='bbox 758 2645 1076 2717; x_wconf 85' lang='grc' dir='ltr'>μαθητείας.</span> <span class='ocrx_word' id='word_1_320' title='bbox 1137 2644 1283 2697; x_wconf 73' lang='grc' dir='ltr'>Ἀντὶ</span> <span class='ocrx_word' id='word_1_321' title='bbox 1311 2643 1368 2696; x_wconf 81' lang='grc' dir='ltr'>δὲ</span> <span class='ocrx_word' id='word_1_322' title='bbox 1396 2642 1525 2707; x_wconf 74' lang='grc' dir='ltr'>τοῦ,</span> <span class='ocrx_word' id='word_1_323' title='bbox 1577 2642 1860 2697; x_wconf 77' lang='grc' dir='ltr'>ἀτεκνίαν</span> <span class='ocrx_word' id='word_1_324' title='bbox 1890 2638 1966 2709; x_wconf 74' lang='grc' dir='ltr'>τῇ</span> 
     </span>
    </p>
   </div>
   <div class='ocr_carea' id='block_1_44' title="bbox 387 2728 1965 2808">
    <p class='ocr_par' dir='ltr' id='par_1_44' title="bbox 387 2728 1965 2808">
     <span class='ocr_line' id='line_1_44' title="bbox 387 2728 1965 2808; baseline -0.007 0"><span class='ocrx_word' id='word_1_325' title='bbox 387 2738 564 2808; x_wconf 69' lang='grc' dir='ltr'><strong>ψυχῇ</strong></span> <span class='ocrx_word' id='word_1_326' title='bbox 590 2755 745 2807; x_wconf 72' lang='grc' dir='ltr'><strong>μου,</strong></span> <span class='ocrx_word' id='word_1_327' title='bbox 787 2735 1269 2806; x_wconf 76' lang='grc' dir='ltr'>Ἀνεστραμμένα</span> <span class='ocrx_word' id='word_1_328' title='bbox 1296 2734 1449 2788; x_wconf 80' lang='grc' dir='ltr'><strong>κατὰ</strong></span> <span class='ocrx_word' id='word_1_329' title='bbox 1477 2728 1585 2803; x_wconf 73' lang='grc' dir='ltr'><strong>τῆς</strong></span> <span class='ocrx_word' id='word_1_330' title='bbox 1605 2731 1965 2802; x_wconf 70' lang='grc' dir='ltr'>ψυχῆςιιου,</span> 
     </span>
    </p>
   </div>
   <div class='ocr_carea' id='block_1_45' title="bbox 388 2826 1042 2900">
    <p class='ocr_par' dir='ltr' id='par_1_45' title="bbox 388 2826 1042 2900">
     <span class='ocr_line' id='line_1_45' title="bbox 388 2826 1042 2900; baseline -0.002 -17"><span class='ocrx_word' id='word_1_331' title='bbox 388 2828 419 2883; x_wconf 85' lang='grc' dir='ltr'><strong>ὁ</strong></span> <span class='ocrx_word' id='word_1_332' title='bbox 452 2828 524 2881; x_wconf 88' lang='grc' dir='ltr'><strong>Σύ</strong></span> <span class='ocrx_word' id='word_1_333' title='bbox 533 2846 572 2900; x_wconf 91' lang='grc' dir='ltr'><strong>μ</strong></span> <span class='ocrx_word' id='word_1_334' title='bbox 577 2846 748 2900; x_wconf 84' lang='grc' dir='ltr'>μαχος</span> <span class='ocrx_word' id='word_1_335' title='bbox 761 2826 1042 2893; x_wconf 74' lang='grc' dir='ltr'>ἐξέδωκεν.</span> 
     </span>
    </p>
   </div>
   <div class='ocr_carea' id='block_1_46' title="bbox 477 2996 1967 3073">
    <p class='ocr_par' dir='ltr' id='par_1_46' title="bbox 477 2996 1967 3073">
     <span class='ocr_line' id='line_1_46' title="bbox 477 2996 1967 3073; baseline -0.004 -16"><span class='ocrx_word' id='word_1_336' title='bbox 477 3001 692 3073; x_wconf 85' lang='grc' dir='ltr'>Ἐπειδὴ</span> <span class='ocrx_word' id='word_1_337' title='bbox 722 3001 789 3056; x_wconf 82' lang='grc' dir='ltr'><strong>τὰ</strong></span> <span class='ocrx_word' id='word_1_338' title='bbox 820 2998 1154 3073; x_wconf 84' lang='grc' dir='ltr'>προκείμενα</span> <span class='ocrx_word' id='word_1_339' title='bbox 1185 2998 1453 3071; x_wconf 81' lang='grc' dir='ltr'>συνῆπται</span> <span class='ocrx_word' id='word_1_340' title='bbox 1481 2999 1593 3062; x_wconf 83' lang='grc' dir='ltr'>τοῖς</span> <span class='ocrx_word' id='word_1_341' title='bbox 1624 2998 1681 3051; x_wconf 80' lang='grc' dir='ltr'>ὲν</span> <span class='ocrx_word' id='word_1_342' title='bbox 1708 2996 1788 3068; x_wconf 83' lang='grc' dir='ltr'>τῷ</span> <span class='ocrx_word' id='word_1_343' title='bbox 1812 3013 1967 3068; x_wconf 86' lang='grc' dir='ltr'>τρια-</span> 
     </span>
    </p>
   </div>
   <div class='ocr_carea' id='block_1_47' title="bbox 394 3087 1969 3165">
    <p class='ocr_par' dir='ltr' id='par_1_47' title="bbox 394 3087 1969 3165">
     <span class='ocr_line' id='line_1_47' title="bbox 394 3087 1969 3165; baseline -0.004 -17"><span class='ocrx_word' id='word_1_344' title='bbox 394 3093 573 3165; x_wconf 85' lang='grc' dir='ltr'>κοστῷ</span> <span class='ocrx_word' id='word_1_345' title='bbox 603 3095 770 3164; x_wconf 84' lang='grc' dir='ltr'>τρίτῳ</span> <span class='ocrx_word' id='word_1_346' title='bbox 798 3090 1005 3164; x_wconf 76' lang='grc' dir='ltr'>ψαλμῷ</span> <span class='ocrx_word' id='word_1_347' title='bbox 1037 3090 1485 3163; x_wconf 81' lang='grc' dir='ltr'>προλελεγμένοις</span> <span class='ocrx_word' id='word_1_348' title='bbox 1507 3106 1522 3124; x_wconf 75' lang='grc' dir='ltr'>σ</span> <span class='ocrx_word' id='word_1_349' title='bbox 1572 3090 1757 3142; x_wconf 76' lang='grc' dir='ltr'>ἐκεῖνα</span> <span class='ocrx_word' id='word_1_350' title='bbox 1783 3088 1840 3142; x_wconf 81' lang='grc' dir='ltr'>δὲ</span> <span class='ocrx_word' id='word_1_351' title='bbox 1870 3087 1969 3158; x_wconf 81' lang='grc' dir='ltr'><strong>τῆς</strong></span> 
     </span>
    </p>
   </div>
   <div class='ocr_carea' id='block_1_48' title="bbox 396 3173 1968 3256">
    <p class='ocr_par' dir='ltr' id='par_1_48' title="bbox 396 3173 1968 3256">
     <span class='ocr_line' id='line_1_48' title="bbox 396 3173 1968 3256; baseline -0.004 -18"><span class='ocrx_word' id='word_1_352' title='bbox 396 3184 635 3256; x_wconf 76' lang='grc' dir='ltr'>ἱστορίας</span> <span class='ocrx_word' id='word_1_353' title='bbox 665 3182 1005 3255; x_wconf 82' lang='grc' dir='ltr'>ὲμνημόνευε</span> <span class='ocrx_word' id='word_1_354' title='bbox 1031 3180 1127 3254; x_wconf 82' lang='grc' dir='ltr'>τῆς</span> <span class='ocrx_word' id='word_1_355' title='bbox 1158 3181 1298 3237; x_wconf 87' lang='grc' dir='ltr'><strong>κατά</strong></span> <span class='ocrx_word' id='word_1_356' title='bbox 1327 3180 1416 3235; x_wconf 80' lang='grc' dir='ltr'>τὸν</span> <span class='ocrx_word' id='word_1_357' title='bbox 1455 3180 1741 3252; x_wconf 75' lang='grc' dir='ltr'><strong>Ἀὅιμὲλεχ</strong></span> <span class='ocrx_word' id='word_1_358' title='bbox 1758 3220 1773 3243; x_wconf 90' lang='grc'><strong>,</strong></span> <span class='ocrx_word' id='word_1_359' title='bbox 1798 3181 1881 3248; x_wconf 73' lang='grc' dir='ltr'><strong>ἐφ’</strong></span> <span class='ocrx_word' id='word_1_360' title='bbox 1906 3173 1968 3232; x_wconf 72' lang='grc' dir='ltr'>οὗ</span> 
     </span>
    </p>
   </div>
   <div class='ocr_carea' id='block_1_49' title="bbox 2066 1966 3640 2040">
    <p class='ocr_par' dir='ltr' id='par_1_49' title="bbox 2066 1966 3640 2040">
     <span class='ocr_line' id='line_1_49' title="bbox 2066 1966 3640 2040; baseline -0.012 -1"><span class='ocrx_word' id='word_1_361' title='bbox 2066 1982 2401 2040; x_wconf 86' lang='lat' dir='ltr'><strong>cunditatem</strong></span> <span class='ocrx_word' id='word_1_362' title='bbox 2446 1978 2515 2034; x_wconf 91' lang='lat' dir='ltr'><strong>de</strong></span> <span class='ocrx_word' id='word_1_363' title='bbox 2562 1975 2743 2031; x_wconf 88' lang='lat' dir='ltr'><strong>medio</strong></span> <span class='ocrx_word' id='word_1_364' title='bbox 2799 1974 2995 2029; x_wconf 90' lang='lat' dir='ltr'><strong>tollere</strong></span> <span class='ocrx_word' id='word_1_365' title='bbox 3053 1971 3342 2027; x_wconf 87' lang='lat' dir='ltr'><strong>curabant.</strong></span> <span class='ocrx_word' id='word_1_366' title='bbox 3383 1966 3529 2022; x_wconf 88' lang='lat' dir='ltr'><strong>Sane</strong></span> <span class='ocrx_word' id='word_1_367' title='bbox 3587 1966 3640 2023; x_wconf 85' lang='lat' dir='ltr'><strong>si</strong></span> 
     </span>
    </p>
   </div>
   <div class='ocr_carea' id='block_1_50' title="bbox 2065 2056 3640 2144">
    <p class='ocr_par' dir='ltr' id='par_1_50' title="bbox 2065 2056 3640 2144">
     <span class='ocr_line' id='line_1_50' title="bbox 2065 2056 3640 2144; baseline -0.015 -10"><span class='ocrx_word' id='word_1_368' title='bbox 2065 2090 2255 2133; x_wconf 91' lang='lat' dir='ltr'><strong>eorum</strong></span> <span class='ocrx_word' id='word_1_369' title='bbox 2274 2069 2664 2144; x_wconf 74' lang='lat' dir='ltr'><strong>quaestionibus</strong></span> <span class='ocrx_word' id='word_1_370' title='bbox 2687 2068 3177 2136; x_wconf 89' lang='lat' dir='ltr'><strong>obtempcrassem,</strong></span> <span class='ocrx_word' id='word_1_371' title='bbox 3213 2062 3340 2116; x_wconf 90' lang='lat' dir='ltr'><strong>talis</strong></span> <span class='ocrx_word' id='word_1_372' title='bbox 3392 2056 3640 2130; x_wconf 87' lang='lat' dir='ltr'><strong>profecto</strong></span> 
     </span>
    </p>
   </div>
   <div class='ocr_carea' id='block_1_51' title="bbox 2065 2148 3641 2238">
    <p class='ocr_par' dir='ltr' id='par_1_51' title="bbox 2065 2148 3641 2238">
     <span class='ocr_line' id='line_1_51' title="bbox 2065 2148 3641 2238; baseline -0.013 -17"><span class='ocrx_word' id='word_1_373' title='bbox 2065 2167 2281 2238; x_wconf 87' lang='lat' dir='ltr'><strong>qualem</strong></span> <span class='ocrx_word' id='word_1_374' title='bbox 2309 2163 2415 2235; x_wconf 87' lang='lat' dir='ltr'><strong>ipsi</strong></span> <span class='ocrx_word' id='word_1_375' title='bbox 2438 2161 2694 2218; x_wconf 82' lang='lat' dir='ltr'><strong>volebant</strong></span> <span class='ocrx_word' id='word_1_376' title='bbox 2723 2156 2952 2214; x_wconf 75' lang='lat' dir='ltr'><strong>effectus</strong></span> <span class='ocrx_word' id='word_1_377' title='bbox 2991 2170 3192 2221; x_wconf 88' lang='lat' dir='ltr'><strong>essem,</strong></span> <span class='ocrx_word' id='word_1_378' title='bbox 3225 2153 3470 2221; x_wconf 88' lang='lat' dir='ltr'><strong>orbaque</strong></span> <span class='ocrx_word' id='word_1_379' title='bbox 3486 2148 3641 2218; x_wconf 85' lang='lat' dir='ltr'><strong>prole</strong></span> 
     </span>
    </p>
   </div>
   <div class='ocr_carea' id='block_1_52' title="bbox 2065 2241 3643 2318">
    <p class='ocr_par' dir='ltr' id='par_1_52' title="bbox 2065 2241 3643 2318">
     <span class='ocr_line' id='line_1_52' title="bbox 2065 2241 3643 2318; baseline -0.013 -4"><span class='ocrx_word' id='word_1_380' title='bbox 2065 2258 2259 2316; x_wconf 86' lang='lat' dir='ltr'><strong>fuisset</strong></span> <span class='ocrx_word' id='word_1_381' title='bbox 2283 2255 2464 2311; x_wconf 91' lang='lat' dir='ltr'><strong>anima</strong></span> <span class='ocrx_word' id='word_1_382' title='bbox 2491 2267 2634 2317; x_wconf 90' lang='lat' dir='ltr'><strong>mea,</strong></span> <span class='ocrx_word' id='word_1_383' title='bbox 2657 2251 2845 2306; x_wconf 85' lang='lat' dir='ltr'><strong>divina</strong></span> <span class='ocrx_word' id='word_1_384' title='bbox 2885 2248 3071 2318; x_wconf 87' lang='lat' dir='ltr'><strong>sponsi</strong></span> <span class='ocrx_word' id='word_1_385' title='bbox 3116 2245 3327 2302; x_wconf 85' lang='lat' dir='ltr'><strong>semina</strong></span> <span class='ocrx_word' id='word_1_386' title='bbox 3358 2257 3472 2297; x_wconf 91' lang='lat' dir='ltr'><strong>non</strong></span> <span class='ocrx_word' id='word_1_387' title='bbox 3498 2241 3643 2295; x_wconf 89' lang='lat' dir='ltr'><strong>ulte-</strong></span> 
     </span>
    </p>
   </div>
   <div class='ocr_carea' id='block_1_53' title="bbox 2064 2330 3643 2418">
    <p class='ocr_par' dir='ltr' id='par_1_53' title="bbox 2064 2330 3643 2418">
     <span class='ocr_line' id='line_1_53' title="bbox 2064 2330 3643 2418; baseline -0.015 -11"><span class='ocrx_word' id='word_1_388' title='bbox 2064 2352 2181 2407; x_wconf 89' lang='lat' dir='ltr'><strong>rius</strong></span> <span class='ocrx_word' id='word_1_389' title='bbox 2209 2348 2508 2418; x_wconf 78' lang='lat' dir='ltr'><strong>excipiens.</strong></span> <span class='ocrx_word' id='word_1_390' title='bbox 2532 2343 2690 2412; x_wconf 85' lang='lat' dir='ltr'><strong>Quod</strong></span> <span class='ocrx_word' id='word_1_391' title='bbox 2735 2341 2782 2397; x_wconf 88' lang='lat' dir='ltr'><strong>si</strong></span> <span class='ocrx_word' id='word_1_392' title='bbox 2831 2338 3088 2410; x_wconf 84' lang='lat' dir='ltr'><strong>discipuli</strong></span> <span class='ocrx_word' id='word_1_393' title='bbox 3117 2334 3362 2392; x_wconf 87' lang='lat' dir='ltr'><strong>doctoris</strong></span> <span class='ocrx_word' id='word_1_394' title='bbox 3409 2332 3496 2388; x_wconf 92' lang='lat' dir='ltr'><strong>sui</strong></span> <span class='ocrx_word' id='word_1_395' title='bbox 3544 2330 3643 2384; x_wconf 87' lang='lat' dir='ltr'><strong>lilii</strong></span> 
     </span>
    </p>
   </div>
   <div class='ocr_carea' id='block_1_54' title="bbox 2065 2422 3644 2503">
    <p class='ocr_par' dir='ltr' id='par_1_54' title="bbox 2065 2422 3644 2503">
     <span class='ocr_line' id='line_1_54' title="bbox 2065 2422 3644 2503; baseline -0.015 -5"><span class='ocrx_word' id='word_1_396' title='bbox 2065 2456 2188 2498; x_wconf 85' lang='lat' dir='ltr'><strong>esse</strong></span> <span class='ocrx_word' id='word_1_397' title='bbox 2237 2439 2522 2502; x_wconf 80' lang='lat' dir='ltr'><strong>dicantur:</strong></span> <span class='ocrx_word' id='word_1_398' title='bbox 2570 2449 2635 2489; x_wconf 87' lang='lat' dir='ltr'><strong>ea</strong></span> <span class='ocrx_word' id='word_1_399' title='bbox 2692 2446 2912 2503; x_wconf 88' lang='lat' dir='ltr'><strong>quoque</strong></span> <span class='ocrx_word' id='word_1_400' title='bbox 2963 2428 3178 2483; x_wconf 84' lang='lat' dir='ltr'><strong>ratione</strong></span> <span class='ocrx_word' id='word_1_401' title='bbox 3214 2425 3366 2496; x_wconf 86' lang='lat' dir='ltr'><strong>prole</strong></span> <span class='ocrx_word' id='word_1_402' title='bbox 3418 2422 3644 2477; x_wconf 83' lang='lat' dir='ltr'><strong>orbatur</strong></span> 
     </span>
    </p>
   </div>
   <div class='ocr_carea' id='block_1_55' title="bbox 2067 2512 3643 2595">
    <p class='ocr_par' dir='ltr' id='par_1_55' title="bbox 2067 2512 3643 2595">
     <span class='ocr_line' id='line_1_55' title="bbox 2067 2512 3643 2595; baseline -0.013 -7"><span class='ocrx_word' id='word_1_403' title='bbox 2067 2534 2247 2588; x_wconf 88' lang='lat' dir='ltr'><strong>anima</strong></span> <span class='ocrx_word' id='word_1_404' title='bbox 2264 2529 2525 2590; x_wconf 89' lang='lat' dir='ltr'><strong>doctoris,</strong></span> <span class='ocrx_word' id='word_1_405' title='bbox 2547 2523 2793 2595; x_wconf 85' lang='lat' dir='ltr'><strong>ejusdem</strong></span> <span class='ocrx_word' id='word_1_406' title='bbox 2812 2521 3011 2578; x_wconf 89' lang='lat' dir='ltr'><strong>erratis</strong></span> <span class='ocrx_word' id='word_1_407' title='bbox 3040 2520 3096 2575; x_wconf 92' lang='lat' dir='ltr'><strong>in</strong></span> <span class='ocrx_word' id='word_1_408' title='bbox 3124 2515 3513 2574; x_wconf 74' lang='lat' dir='ltr'><strong>oﬁendiculum</strong></span> <span class='ocrx_word' id='word_1_409' title='bbox 3543 2512 3643 2568; x_wconf 84' lang='lat' dir='ltr'><strong>abs</strong></span> 
     </span>
    </p>
   </div>
   <div class='ocr_carea' id='block_1_56' title="bbox 2068 2603 3643 2693">
    <p class='ocr_par' dir='ltr' id='par_1_56' title="bbox 2068 2603 3643 2693">
     <span class='ocr_line' id='line_1_56' title="bbox 2068 2603 3643 2693; baseline -0.013 -14"><span class='ocrx_word' id='word_1_410' title='bbox 2068 2640 2128 2681; x_wconf 88' lang='lat' dir='ltr'><strong>se</strong></span> <span class='ocrx_word' id='word_1_411' title='bbox 2166 2630 2415 2693; x_wconf 85' lang='lat' dir='ltr'><strong>paratum</strong></span> <span class='ocrx_word' id='word_1_412' title='bbox 2467 2618 2712 2686; x_wconf 90' lang='lat' dir='ltr'><strong>delapsa,</strong></span> <span class='ocrx_word' id='word_1_413' title='bbox 2753 2615 2882 2669; x_wconf 91' lang='lat' dir='ltr'><strong>dum</strong></span> <span class='ocrx_word' id='word_1_414' title='bbox 2924 2628 3025 2683; x_wconf 90' lang='lat' dir='ltr'><strong>per</strong></span> <span class='ocrx_word' id='word_1_415' title='bbox 3075 2609 3381 2666; x_wconf 89' lang='lat' dir='ltr'><strong>doctrinam</strong></span> <span class='ocrx_word' id='word_1_416' title='bbox 3412 2621 3509 2662; x_wconf 87' lang='lat' dir='ltr'><strong>eos</strong></span> <span class='ocrx_word' id='word_1_417' title='bbox 3546 2603 3643 2674; x_wconf 90' lang='lat' dir='ltr'><strong>qui</strong></span> 
     </span>
    </p>
   </div>
   <div class='ocr_carea' id='block_1_57' title="bbox 2067 2694 3645 2769">
    <p class='ocr_par' dir='ltr' id='par_1_57' title="bbox 2067 2694 3645 2769">
     <span class='ocr_line' id='line_1_57' title="bbox 2067 2694 3645 2769; baseline -0.013 -2"><span class='ocrx_word' id='word_1_418' title='bbox 2067 2714 2166 2769; x_wconf 87' lang='lat' dir='ltr'><strong>abs</strong></span> <span class='ocrx_word' id='word_1_419' title='bbox 2194 2727 2254 2767; x_wconf 90' lang='lat' dir='ltr'><strong>se</strong></span> <span class='ocrx_word' id='word_1_420' title='bbox 2273 2710 2387 2765; x_wconf 89' lang='lat' dir='ltr'><strong>nati</strong></span> <span class='ocrx_word' id='word_1_421' title='bbox 2417 2717 2545 2765; x_wconf 91' lang='lat' dir='ltr'><strong>sunt</strong></span> <span class='ocrx_word' id='word_1_422' title='bbox 2577 2704 2864 2760; x_wconf 86' lang='lat' dir='ltr'><strong>interimit.</strong></span> <span class='ocrx_word' id='word_1_423' title='bbox 2887 2701 2992 2757; x_wconf 85' lang='lat' dir='ltr'><strong>Pro</strong></span> <span class='ocrx_word' id='word_1_424' title='bbox 3018 2701 3113 2755; x_wconf 93' lang='lat' dir='ltr'><strong>illo</strong></span> <span class='ocrx_word' id='word_1_425' title='bbox 3147 2707 3351 2759; x_wconf 91' lang='lat' dir='ltr'><strong>autem,</strong></span> <span class='ocrx_word' id='word_1_426' title='bbox 3383 2694 3645 2751; x_wconf 84' lang='lat' dir='ltr'><strong>sterilita-</strong></span> 
     </span>
    </p>
   </div>
   <div class='ocr_carea' id='block_1_58' title="bbox 2069 2792 3643 2868">
    <p class='ocr_par' dir='ltr' id='par_1_58' title="bbox 2069 2792 3643 2868">
     <span class='ocr_line' id='line_1_58' title="bbox 2069 2792 3643 2868; baseline -0.014 -6"><span class='ocrx_word' id='word_1_427' title='bbox 2069 2816 2174 2862; x_wconf 81' lang='lat' dir='ltr'><strong>tem.</strong></span> <span class='ocrx_word' id='word_1_428' title='bbox 2196 2805 2385 2859; x_wconf 73' lang='lat' dir='ltr'><strong>aninue</strong></span> <span class='ocrx_word' id='word_1_429' title='bbox 2404 2817 2531 2856; x_wconf 74' lang='lat' dir='ltr'><strong>mea:</strong></span> <span class='ocrx_word' id='word_1_430' title='bbox 2554 2841 2571 2868; x_wconf 89' lang='lat'><strong>,</strong></span> <span class='ocrx_word' id='word_1_431' title='bbox 2623 2809 2869 2868; x_wconf 78' lang='lat' dir='ltr'><strong>perversa</strong></span> <span class='ocrx_word' id='word_1_432' title='bbox 2920 2803 3109 2849; x_wconf 85' lang='lat' dir='ltr'><strong>contra</strong></span> <span class='ocrx_word' id='word_1_433' title='bbox 3169 2792 3405 2846; x_wconf 85' lang='lat' dir='ltr'><strong>animam</strong></span> <span class='ocrx_word' id='word_1_434' title='bbox 3450 2802 3643 2855; x_wconf 84' lang='lat' dir='ltr'><strong>meant,</strong></span> 
     </span>
    </p>
   </div>
   <div class='ocr_carea' id='block_1_59' title="bbox 2066 2892 2646 2967">
    <p class='ocr_par' dir='ltr' id='par_1_59' title="bbox 2066 2892 2646 2967">
     <span class='ocr_line' id='line_1_59' title="bbox 2066 2892 2646 2967; baseline -0.017 -12"><span class='ocrx_word' id='word_1_435' title='bbox 2066 2899 2233 2955; x_wconf 81' lang='lat' dir='ltr'><strong>vertit</strong></span> <span class='ocrx_word' id='word_1_436' title='bbox 2264 2892 2646 2967; x_wconf 82' lang='lat' dir='ltr'><strong>Symmachus.</strong></span> 
     </span>
    </p>
   </div>
   <div class='ocr_carea' id='block_1_60' title="bbox 2138 2972 3649 3059">
    <p class='ocr_par' dir='ltr' id='par_1_60' title="bbox 2138 2972 3649 3059">
     <span class='ocr_line' id='line_1_60' title="bbox 2138 2972 3649 3059; baseline -0.014 -12"><span class='ocrx_word' id='word_1_437' title='bbox 2138 2990 2405 3059; x_wconf 86' lang='lat' dir='ltr'><strong>Quoniam</strong></span> <span class='ocrx_word' id='word_1_438' title='bbox 2438 2987 2557 3042; x_wconf 63' lang='lat' dir='ltr'><strong>haec</strong></span> <span class='ocrx_word' id='word_1_439' title='bbox 2585 2999 2708 3056; x_wconf 64' lang='lat' dir='ltr'><strong>qua</strong></span> <span class='ocrx_word' id='word_1_440' title='bbox 2760 2983 2873 3054; x_wconf 88' lang='lat' dir='ltr'><strong>jam</strong></span> <span class='ocrx_word' id='word_1_441' title='bbox 2909 2986 3212 3035; x_wconf 88' lang='lat' dir='ltr'><strong>tractamus</strong></span> <span class='ocrx_word' id='word_1_442' title='bbox 3255 2989 3382 3031; x_wconf 91' lang='lat' dir='ltr'><strong>cum</strong></span> <span class='ocrx_word' id='word_1_443' title='bbox 3424 2972 3493 3030; x_wconf 91' lang='lat' dir='ltr'><strong>iis</strong></span> <span class='ocrx_word' id='word_1_444' title='bbox 3525 2986 3649 3043; x_wconf 62' lang='lat' dir='ltr'><strong>quae</strong></span> 
     </span>
    </p>
   </div>
   <div class='ocr_carea' id='block_1_61' title="bbox 2070 3069 3648 3146">
    <p class='ocr_par' dir='ltr' id='par_1_61' title="bbox 2070 3069 3648 3146">
     <span class='ocr_line' id='line_1_61' title="bbox 2070 3069 3648 3146; baseline -0.015 -7"><span class='ocrx_word' id='word_1_445' title='bbox 2070 3084 2127 3139; x_wconf 93' lang='lat' dir='ltr'><strong>in</strong></span> <span class='ocrx_word' id='word_1_446' title='bbox 2168 3080 2446 3137; x_wconf 89' lang='lat' dir='ltr'><strong>tricesimo</strong></span> <span class='ocrx_word' id='word_1_447' title='bbox 2479 3078 2643 3134; x_wconf 88' lang='lat' dir='ltr'><strong>tertio</strong></span> <span class='ocrx_word' id='word_1_448' title='bbox 2685 3075 2899 3146; x_wconf 89' lang='lat' dir='ltr'><strong>psalmo</strong></span> <span class='ocrx_word' id='word_1_449' title='bbox 2932 3069 3217 3142; x_wconf 80' lang='lat' dir='ltr'><strong>praemissa</strong></span> <span class='ocrx_word' id='word_1_450' title='bbox 3272 3071 3404 3121; x_wconf 90' lang='lat' dir='ltr'><strong>sunt</strong></span> <span class='ocrx_word' id='word_1_451' title='bbox 3437 3077 3648 3119; x_wconf 57' lang='lat' dir='ltr'><strong>cannea</strong></span> 
     </span>
    </p>
   </div>
   <div class='ocr_carea' id='block_1_62' title="bbox 2072 3156 3649 3240">
    <p class='ocr_par' dir='ltr' id='par_1_62' title="bbox 2072 3156 3649 3240">
     <span class='ocr_line' id='line_1_62' title="bbox 2072 3156 3649 3240; baseline -0.013 -9"><span class='ocrx_word' id='word_1_452' title='bbox 2072 3183 2329 3240; x_wconf 88' lang='lat' dir='ltr'><strong>ctuntur;</strong></span> <span class='ocrx_word' id='word_1_453' title='bbox 2365 3173 2458 3227; x_wconf 83' lang='lat' dir='ltr'><strong>illa</strong></span> <span class='ocrx_word' id='word_1_454' title='bbox 2485 3184 2618 3226; x_wconf 91' lang='lat' dir='ltr'><strong>vero</strong></span> <span class='ocrx_word' id='word_1_455' title='bbox 2636 3169 2705 3224; x_wconf 88' lang='lat' dir='ltr'><strong>de</strong></span> <span class='ocrx_word' id='word_1_456' title='bbox 2726 3166 2955 3223; x_wconf 87' lang='lat' dir='ltr'><strong>historia</strong></span> <span class='ocrx_word' id='word_1_457' title='bbox 2973 3159 3290 3219; x_wconf 82' lang='lat' dir='ltr'><strong>Abimelech</strong></span> <span class='ocrx_word' id='word_1_458' title='bbox 3314 3156 3649 3213; x_wconf 88' lang='lat' dir='ltr'><strong>mentionem</strong></span> 
     </span>
    </p>
   </div>
   <div class='ocr_carea' id='block_1_63' title="bbox 394 3248 1971 3349">
    <p class='ocr_par' dir='ltr' id='par_1_63' title="bbox 394 3248 1967 3349">
     <span class='ocr_line' id='line_1_63' title="bbox 394 3248 1967 3349; baseline -0.005 -18"><span class='ocrx_word' id='word_1_459' title='bbox 394 3248 655 3347; x_wconf 79' lang='grc' dir='ltr'>ἠλλοίωσε</span> <span class='ocrx_word' id='word_1_460' title='bbox 683 3248 742 3330; x_wconf 78' lang='grc' dir='ltr'>τὸ</span> <span class='ocrx_word' id='word_1_461' title='bbox 775 3248 1064 3349; x_wconf 71' lang='grc' dir='ltr'>πρόσωπον</span> <span class='ocrx_word' id='word_1_462' title='bbox 1086 3248 1249 3330; x_wconf 76' lang='grc' dir='ltr'>αὐτοῦ</span> <span class='ocrx_word' id='word_1_463' title='bbox 1269 3314 1284 3338; x_wconf 92' lang='grc'><strong>,</strong></span> <span class='ocrx_word' id='word_1_464' title='bbox 1317 3274 1457 3329; x_wconf 88' lang='grc' dir='ltr'><strong>κατά</strong></span> <span class='ocrx_word' id='word_1_465' title='bbox 1481 3273 1551 3327; x_wconf 85' lang='grc' dir='ltr'><strong>τά</strong></span> <span class='ocrx_word' id='word_1_466' title='bbox 1574 3248 1967 3342; x_wconf 60' lang='grc' dir='ltr'>ἀποδέδομένω</span> 
     </span>
    </p>
   </div>
   <div class='ocr_carea' id='block_1_64' title="bbox 2071 3248 3651 3349">
    <p class='ocr_par' dir='ltr' id='par_1_64' title="bbox 2077 3248 3651 3336">
     <span class='ocr_line' id='line_1_64' title="bbox 2077 3248 3651 3336; baseline -0.015 -12"><span class='ocrx_word' id='word_1_467' title='bbox 2077 3268 2275 3330; x_wconf 79' lang='lat' dir='ltr'><strong>fecere,</strong></span> <span class='ocrx_word' id='word_1_468' title='bbox 2303 3264 2450 3336; x_wconf 90' lang='lat' dir='ltr'><strong>apud</strong></span> <span class='ocrx_word' id='word_1_469' title='bbox 2473 3277 2659 3335; x_wconf 90' lang='lat' dir='ltr'><strong>quem,</strong></span> <span class='ocrx_word' id='word_1_470' title='bbox 2697 3260 2778 3314; x_wconf 87' lang='lat' dir='ltr'><strong>uti</strong></span> <span class='ocrx_word' id='word_1_471' title='bbox 2818 3248 3074 3328; x_wconf 88' lang='lat' dir='ltr'><strong>superius</strong></span> <span class='ocrx_word' id='word_1_472' title='bbox 3109 3252 3373 3308; x_wconf 81' lang='lat' dir='ltr'><strong>traditum</strong></span> <span class='ocrx_word' id='word_1_473' title='bbox 3401 3256 3507 3314; x_wconf 91' lang='lat' dir='ltr'><strong>est,</strong></span> <span class='ocrx_word' id='word_1_474' title='bbox 3545 3248 3651 3302; x_wconf 89' lang='lat' dir='ltr'><strong>im-</strong></span> 
     </span>
    </p>
   </div>
   <div class='ocr_carea' id='block_1_65' title="bbox 392 3365 1974 3440">
    <p class='ocr_par' dir='ltr' id='par_1_65' title="bbox 392 3365 1974 3440">
     <span class='ocr_line' id='line_1_65' title="bbox 392 3365 1974 3440; baseline -0.004 -16"><span class='ocrx_word' id='word_1_475' title='bbox 392 3369 535 3440; x_wconf 73' lang='grc' dir='ltr'>τάχα</span> <span class='ocrx_word' id='word_1_476' title='bbox 560 3385 664 3422; x_wconf 86' lang='grc' dir='ltr'><strong>που</strong></span> <span class='ocrx_word' id='word_1_477' title='bbox 694 3366 917 3423; x_wconf 86' lang='grc' dir='ltr'>δύναται</span> <span class='ocrx_word' id='word_1_478' title='bbox 942 3368 1035 3422; x_wconf 76' lang='grc' dir='ltr'>καὶ</span> <span class='ocrx_word' id='word_1_479' title='bbox 1055 3367 1126 3421; x_wconf 79' lang='grc' dir='ltr'><strong>τὰ</strong></span> <span class='ocrx_word' id='word_1_480' title='bbox 1153 3366 1289 3438; x_wconf 89' lang='grc' dir='ltr'><strong>μετά</strong></span> <span class='ocrx_word' id='word_1_481' title='bbox 1316 3366 1504 3438; x_wconf 84' lang='grc' dir='ltr'>χεῖρας</span> <span class='ocrx_word' id='word_1_482' title='bbox 1534 3366 1622 3418; x_wconf 80' lang='grc' dir='ltr'><strong>ἐπ’</strong></span> <span class='ocrx_word' id='word_1_483' title='bbox 1648 3367 1832 3419; x_wconf 74' lang='grc' dir='ltr'>ἐκεῖνα</span> <span class='ocrx_word' id='word_1_484' title='bbox 1850 3365 1974 3419; x_wconf 86' lang='grc' dir='ltr'>ἁνα-</span> 
     </span>
    </p>
   </div>
   <div class='ocr_carea' id='block_1_66' title="bbox 396 3457 1974 3532">
    <p class='ocr_par' dir='ltr' id='par_1_66' title="bbox 396 3457 1974 3532">
     <span class='ocr_line' id='line_1_66' title="bbox 396 3457 1974 3532; baseline -0.003 -18"><span class='ocrx_word' id='word_1_485' title='bbox 396 3460 676 3532; x_wconf 71' lang='grc' dir='ltr'>φὲρεσθαι.</span> <span class='ocrx_word' id='word_1_486' title='bbox 695 3459 896 3515; x_wconf 82' lang='grc' dir='ltr'><strong>Μαθὼν</strong></span> <span class='ocrx_word' id='word_1_487' title='bbox 916 3460 1025 3532; x_wconf 83' lang='grc' dir='ltr'><strong>γὰρ</strong></span> <span class='ocrx_word' id='word_1_488' title='bbox 1044 3461 1073 3512; x_wconf 83' lang='grc' dir='ltr'><strong>ὁ</strong></span> <span class='ocrx_word' id='word_1_489' title='bbox 1092 3459 1265 3513; x_wconf 85' lang='grc' dir='ltr'>Σαοὺλ</span> <span class='ocrx_word' id='word_1_490' title='bbox 1280 3458 1432 3528; x_wconf 87' lang='grc' dir='ltr'>παρὰ</span> <span class='ocrx_word' id='word_1_491' title='bbox 1451 3458 1609 3530; x_wconf 87' lang='grc' dir='ltr'>Δωὴκ</span> <span class='ocrx_word' id='word_1_492' title='bbox 1626 3498 1640 3522; x_wconf 93' lang='grc'><strong>,</strong></span> <span class='ocrx_word' id='word_1_493' title='bbox 1657 3457 1734 3521; x_wconf 86' lang='grc' dir='ltr'>ὡς</span> <span class='ocrx_word' id='word_1_494' title='bbox 1749 3457 1974 3527; x_wconf 84' lang='grc' dir='ltr'>ἀφῖκται</span> 
     </span>
    </p>
   </div>
   <div class='ocr_carea' id='block_1_67' title="bbox 396 3547 1975 3624">
    <p class='ocr_par' dir='ltr' id='par_1_67' title="bbox 396 3547 1975 3624">
     <span class='ocr_line' id='line_1_67' title="bbox 396 3547 1975 3624; baseline -0.003 -18"><span class='ocrx_word' id='word_1_495' title='bbox 396 3551 560 3607; x_wconf 80' lang='grc' dir='ltr'>Δαυῖδ</span> <span class='ocrx_word' id='word_1_496' title='bbox 588 3551 725 3624; x_wconf 83' lang='grc' dir='ltr'>πρὸς</span> <span class='ocrx_word' id='word_1_497' title='bbox 764 3549 1050 3624; x_wconf 80' lang='grc' dir='ltr'>Ἀὁιμέλεχ</span> <span class='ocrx_word' id='word_1_498' title='bbox 1073 3591 1089 3613; x_wconf 91' lang='grc'><strong>,</strong></span> <span class='ocrx_word' id='word_1_499' title='bbox 1128 3551 1325 3624; x_wconf 75' lang='grc' dir='ltr'>ἄρτους</span> <span class='ocrx_word' id='word_1_500' title='bbox 1355 3569 1414 3604; x_wconf 91' lang='grc' dir='ltr'><strong>τε</strong></span> <span class='ocrx_word' id='word_1_501' title='bbox 1451 3548 1689 3621; x_wconf 75' lang='grc' dir='ltr'>εἰληφὼς</span> <span class='ocrx_word' id='word_1_502' title='bbox 1713 3547 1975 3603; x_wconf 78' lang='grc' dir='ltr'>διασέσω-</span> 
     </span>
    </p>
   </div>
   <div class='ocr_carea' id='block_1_68' title="bbox 401 3638 1977 3715">
    <p class='ocr_par' dir='ltr' id='par_1_68' title="bbox 401 3638 1977 3715">
     <span class='ocr_line' id='line_1_68' title="bbox 401 3638 1977 3715; baseline -0.001 -20"><span class='ocrx_word' id='word_1_503' title='bbox 401 3658 523 3695; x_wconf 88' lang='grc' dir='ltr'>σται</span> <span class='ocrx_word' id='word_1_504' title='bbox 540 3683 555 3707; x_wconf 88' lang='grc'><strong>,</strong></span> <span class='ocrx_word' id='word_1_505' title='bbox 587 3643 794 3706; x_wconf 86' lang='grc' dir='ltr'>πάντας</span> <span class='ocrx_word' id='word_1_506' title='bbox 824 3643 1000 3696; x_wconf 81' lang='grc' dir='ltr'>ἀνεῖλε</span> <span class='ocrx_word' id='word_1_507' title='bbox 1026 3644 1149 3707; x_wconf 78' lang='grc' dir='ltr'>τοὺς</span> <span class='ocrx_word' id='word_1_508' title='bbox 1176 3644 1338 3715; x_wconf 81' lang='grc' dir='ltr'>ἱερεῖς</span> <span class='ocrx_word' id='word_1_509' title='bbox 1362 3641 1457 3695; x_wconf 79' lang='grc' dir='ltr'><strong>τοῦ</strong></span> <span class='ocrx_word' id='word_1_510' title='bbox 1485 3641 1712 3711; x_wconf 83' lang='grc' dir='ltr'>Κυρίου,</span> <span class='ocrx_word' id='word_1_511' title='bbox 1730 3638 1892 3695; x_wconf 74' lang='grc' dir='ltr'>αὐτόν</span> <span class='ocrx_word' id='word_1_512' title='bbox 1915 3648 1977 3693; x_wconf 83' lang='grc' dir='ltr'>τε</span> 
     </span>
    </p>
   </div>
   <div class='ocr_carea' id='block_1_69' title="bbox 398 3728 1978 3805">
    <p class='ocr_par' dir='ltr' id='par_1_69' title="bbox 398 3728 1978 3805">
     <span class='ocr_line' id='line_1_69' title="bbox 398 3728 1978 3805; baseline -0.001 -18"><span class='ocrx_word' id='word_1_513' title='bbox 398 3735 492 3789; x_wconf 79' lang='grc' dir='ltr'>τὸν</span> <span class='ocrx_word' id='word_1_514' title='bbox 536 3730 825 3805; x_wconf 76' lang='grc' dir='ltr'><strong>Ἀϐιμέλεχ</strong></span> <span class='ocrx_word' id='word_1_515' title='bbox 858 3733 1138 3803; x_wconf 85' lang='grc' dir='ltr'>παγγενεί.</span> <span class='ocrx_word' id='word_1_516' title='bbox 1176 3733 1408 3787; x_wconf 87' lang='grc' dir='ltr'>Δύναται</span> <span class='ocrx_word' id='word_1_517' title='bbox 1433 3728 1527 3786; x_wconf 83' lang='grc' dir='ltr'>οὖν</span> <span class='ocrx_word' id='word_1_518' title='bbox 1554 3731 1728 3786; x_wconf 77' lang='grc' dir='ltr'>ταῦτα</span> <span class='ocrx_word' id='word_1_519' title='bbox 1758 3736 1787 3786; x_wconf 82' lang='grc' dir='ltr'>ὁ</span> <span class='ocrx_word' id='word_1_520' title='bbox 1815 3732 1978 3786; x_wconf 77' lang='grc' dir='ltr'>Δαυῒδ</span> 
     </span>
    </p>
   </div>
   <div class='ocr_carea' id='block_1_70' title="bbox 403 3821 1977 3898">
    <p class='ocr_par' dir='ltr' id='par_1_70' title="bbox 403 3821 1977 3898">
     <span class='ocr_line' id='line_1_70' title="bbox 403 3821 1977 3898; baseline -0.003 -17"><span class='ocrx_word' id='word_1_521' title='bbox 403 3828 483 3891; x_wconf 77' lang='grc' dir='ltr'>εἰς</span> <span class='ocrx_word' id='word_1_522' title='bbox 509 3822 801 3898; x_wconf 82' lang='grc' dir='ltr'>πρόσωπον</span> <span class='ocrx_word' id='word_1_523' title='bbox 825 3824 919 3879; x_wconf 77' lang='grc' dir='ltr'><strong>τοῦ</strong></span> <span class='ocrx_word' id='word_1_524' title='bbox 947 3824 1119 3877; x_wconf 79' lang='grc' dir='ltr'>Σαοὺλ</span> <span class='ocrx_word' id='word_1_525' title='bbox 1144 3824 1442 3896; x_wconf 76' lang='grc' dir='ltr'>εἰρηκέναι,</span> <span class='ocrx_word' id='word_1_526' title='bbox 1471 3822 1545 3887; x_wconf 84' lang='grc' dir='ltr'>ὡς</span> <span class='ocrx_word' id='word_1_527' title='bbox 1573 3821 1668 3877; x_wconf 72' lang='grc' dir='ltr'><strong>καὶ</strong></span> <span class='ocrx_word' id='word_1_528' title='bbox 1692 3823 1866 3877; x_wconf 87' lang='grc' dir='ltr'>πάντα</span> <span class='ocrx_word' id='word_1_529' title='bbox 1886 3823 1977 3877; x_wconf 81' lang='grc' dir='ltr'>τὸν</span> 
     </span>
    </p>
   </div>
   <div class='ocr_carea' id='block_1_71' title="bbox 400 3913 1979 3992">
    <p class='ocr_par' dir='ltr' id='par_1_71' title="bbox 400 3913 1979 3992">
     <span class='ocr_line' id='line_1_71' title="bbox 400 3913 1979 3992; baseline -0.003 -19"><span class='ocrx_word' id='word_1_530' title='bbox 400 3918 611 3992; x_wconf 68' lang='grc' dir='ltr'>ψαλμὸν</span> <span class='ocrx_word' id='word_1_531' title='bbox 642 3921 724 3982; x_wconf 87' lang='grc' dir='ltr'><strong>είς</strong></span> <span class='ocrx_word' id='word_1_532' title='bbox 757 3919 961 3972; x_wconf 71' lang='grc' dir='ltr'>ἐκεῖνον</span> <span class='ocrx_word' id='word_1_533' title='bbox 987 3916 1351 3988; x_wconf 79' lang='grc' dir='ltr'>ἀναφέρεσθαι</span> <span class='ocrx_word' id='word_1_534' title='bbox 1385 3915 1477 3969; x_wconf 82' lang='grc' dir='ltr'><strong>τὸν</strong></span> <span class='ocrx_word' id='word_1_535' title='bbox 1513 3915 1733 3987; x_wconf 84' lang='grc' dir='ltr'>καιρὸν,</span> <span class='ocrx_word' id='word_1_536' title='bbox 1762 3913 1886 3967; x_wconf 80' lang='grc' dir='ltr'>καθ’</span> <span class='ocrx_word' id='word_1_537' title='bbox 1918 3914 1979 3968; x_wconf 80' lang='grc' dir='ltr'><strong>ὃν</strong></span> 
     </span>
    </p>
   </div>
   <div class='ocr_carea' id='block_1_72' title="bbox 402 4003 1977 4089">
    <p class='ocr_par' dir='ltr' id='par_1_72' title="bbox 402 4003 1977 4089">
     <span class='ocr_line' id='line_1_72' title="bbox 402 4003 1977 4089; baseline -0.004 -25"><span class='ocrx_word' id='word_1_538' title='bbox 402 4011 561 4083; x_wconf 85' lang='grc' dir='ltr'>Δωὴκ</span> <span class='ocrx_word' id='word_1_539' title='bbox 616 4009 1127 4081; x_wconf 74' lang='grc' dir='ltr'>ὲψευδομαρτύρησε</span> <span class='ocrx_word' id='word_1_540' title='bbox 1184 4006 1298 4089; x_wconf 77' lang='grc' dir='ltr'><strong>τοῦ⁶</strong></span> <span class='ocrx_word' id='word_1_541' title='bbox 1337 4004 1624 4077; x_wconf 79' lang='grc' dir='ltr'>’Δϐιμέλεχ</span> <span class='ocrx_word' id='word_1_542' title='bbox 1682 4005 1834 4075; x_wconf 81' lang='grc' dir='ltr'>παρὰ</span> <span class='ocrx_word' id='word_1_543' title='bbox 1883 4003 1977 4059; x_wconf 75' lang='grc' dir='ltr'><strong>τοῦ</strong></span> 
     </span>
    </p>
   </div>
   <div class='ocr_carea' id='block_1_73' title="bbox 403 4094 1980 4171">
    <p class='ocr_par' dir='ltr' id='par_1_73' title="bbox 403 4094 1980 4171">
     <span class='ocr_line' id='line_1_73' title="bbox 403 4094 1980 4171; baseline -0.005 -15"><span class='ocrx_word' id='word_1_544' title='bbox 403 4096 576 4156; x_wconf 82' lang='grc' dir='ltr'>Σαούλ</span> <span class='ocrx_word' id='word_1_545' title='bbox 595 4119 606 4132; x_wconf 90' lang='grc'>·</span> <span class='ocrx_word' id='word_1_546' title='bbox 645 4100 738 4154; x_wconf 74' lang='grc' dir='ltr'>καὶ</span> <span class='ocrx_word' id='word_1_547' title='bbox 773 4099 913 4171; x_wconf 84' lang='grc' dir='ltr'>τάχα</span> <span class='ocrx_word' id='word_1_548' title='bbox 945 4099 1006 4152; x_wconf 84' lang='grc' dir='ltr'>τὸ</span> <span class='ocrx_word' id='word_1_549' title='bbox 1032 4097 1258 4170; x_wconf 82' lang='grc' dir='ltr'>Πνεῦμα</span> <span class='ocrx_word' id='word_1_550' title='bbox 1285 4096 1346 4150; x_wconf 84' lang='grc' dir='ltr'>τὸ</span> <span class='ocrx_word' id='word_1_551' title='bbox 1381 4097 1562 4165; x_wconf 76' lang='grc' dir='ltr'>ἅγιον,</span> <span class='ocrx_word' id='word_1_552' title='bbox 1592 4094 1661 4149; x_wconf 82' lang='grc' dir='ltr'>τὰ</span> <span class='ocrx_word' id='word_1_553' title='bbox 1692 4094 1839 4166; x_wconf 84' lang='grc' dir='ltr'>πάθη</span> <span class='ocrx_word' id='word_1_554' title='bbox 1870 4094 1980 4148; x_wconf 85' lang='grc' dir='ltr'><strong>τῶν</strong></span> 
     </span>
    </p>
   </div>
   <div class='ocr_carea' id='block_1_74' title="bbox 406 4182 1976 4267">
    <p class='ocr_par' dir='ltr' id='par_1_74' title="bbox 406 4182 1976 4267">
     <span class='ocr_line' id='line_1_74' title="bbox 406 4182 1976 4267; baseline -0.005 -20"><span class='ocrx_word' id='word_1_555' title='bbox 406 4192 595 4267; x_wconf 70' lang='grc' dir='ltr'>ἱερέων</span> <span class='ocrx_word' id='word_1_556' title='bbox 622 4192 934 4264; x_wconf 74' lang='grc' dir='ltr'>ὐπογράφον</span> <span class='ocrx_word' id='word_1_557' title='bbox 961 4231 976 4256; x_wconf 93' lang='grc'><strong>,</strong></span> <span class='ocrx_word' id='word_1_558' title='bbox 1009 4189 1079 4243; x_wconf 89' lang='grc' dir='ltr'><strong>τά</strong></span> <span class='ocrx_word' id='word_1_559' title='bbox 1112 4182 1447 4261; x_wconf 80' lang='grc' dir='ltr'>προκείμενα</span> <span class='ocrx_word' id='word_1_560' title='bbox 1479 4184 1741 4256; x_wconf 79' lang='grc' dir='ltr'>ἀνεφώνει</span> <span class='ocrx_word' id='word_1_561' title='bbox 1771 4185 1943 4253; x_wconf 81' lang='grc' dir='ltr'>λέγων</span> <span class='ocrx_word' id='word_1_562' title='bbox 1962 4202 1976 4217; x_wconf 73' lang='grc' dir='ltr'><strong>ο</strong></span> 
     </span>
    </p>
   </div>
   <div class='ocr_carea' id='block_1_75' title="bbox 406 4279 1980 4354">
    <p class='ocr_par' dir='ltr' id='par_1_75' title="bbox 406 4279 1980 4354">
     <span class='ocr_line' id='line_1_75' title="bbox 406 4279 1980 4354; baseline -0.004 -13"><span class='ocrx_word' id='word_1_563' title='bbox 406 4288 686 4350; x_wconf 81' lang='grc' dir='ltr'>Δίκασον,</span> <span class='ocrx_word' id='word_1_564' title='bbox 711 4288 905 4354; x_wconf 85' lang='grc' dir='ltr'>Κύριε,</span> <span class='ocrx_word' id='word_1_565' title='bbox 937 4283 1081 4351; x_wconf 84' lang='grc' dir='ltr'>τοὺς</span> <span class='ocrx_word' id='word_1_566' title='bbox 1117 4281 1473 4348; x_wconf 72' lang='grc' dir='ltr'>ἀδικοῦντάς</span> <span class='ocrx_word' id='word_1_567' title='bbox 1492 4298 1588 4351; x_wconf 77' lang='grc' dir='ltr'><strong>με,</strong></span> <span class='ocrx_word' id='word_1_568' title='bbox 1618 4280 1802 4335; x_wconf 77' lang='grc' dir='ltr'>καὶτὰ</span> <span class='ocrx_word' id='word_1_569' title='bbox 1830 4279 1980 4351; x_wconf 78' lang='grc' dir='ltr'><strong>ἑξῆς.</strong></span> 
     </span>
    </p>
   </div>
   <div class='ocr_carea' id='block_1_76' title="bbox 405 4371 1978 4449">
    <p class='ocr_par' dir='ltr' id='par_1_76' title="bbox 405 4371 1978 4449">
     <span class='ocr_line' id='line_1_76' title="bbox 405 4371 1978 4449; baseline -0.004 -16"><span class='ocrx_word' id='word_1_570' title='bbox 405 4377 487 4433; x_wconf 87' lang='grc' dir='ltr'><strong>Τὰ</strong></span> <span class='ocrx_word' id='word_1_571' title='bbox 517 4378 575 4432; x_wconf 83' lang='grc' dir='ltr'>δὲ</span> <span class='ocrx_word' id='word_1_572' title='bbox 610 4377 954 4449; x_wconf 86' lang='grc' dir='ltr'>μονοτρόπως</span> <span class='ocrx_word' id='word_1_573' title='bbox 985 4373 1249 4448; x_wconf 82' lang='grc' dir='ltr'>εἰρημένα</span> <span class='ocrx_word' id='word_1_574' title='bbox 1280 4371 1408 4446; x_wconf 73' lang='grc' dir='ltr'>περὶ</span> <span class='ocrx_word' id='word_1_575' title='bbox 1440 4372 1559 4439; x_wconf 82' lang='grc' dir='ltr'>ἑνός</span> <span class='ocrx_word' id='word_1_576' title='bbox 1595 4384 1738 4439; x_wconf 83' lang='grc' dir='ltr'>τινος</span> <span class='ocrx_word' id='word_1_577' title='bbox 1777 4374 1835 4425; x_wconf 82' lang='grc' dir='ltr'>ἐν</span> <span class='ocrx_word' id='word_1_578' title='bbox 1866 4372 1978 4444; x_wconf 79' lang='grc' dir='ltr'><strong>τῷ,</strong></span> 
     </span>
    </p>
   </div>
   <div class='ocr_carea' id='block_1_77' title="bbox 418 4465 2027 4539">
    <p class='ocr_par' dir='ltr' id='par_1_77' title="bbox 418 4465 2027 4539">
     <span class='ocr_line' id='line_1_77' title="bbox 418 4465 2027 4539; baseline -0.005 -14"><span class='ocrx_word' id='word_1_579' title='bbox 418 4470 670 4528; x_wconf 71' lang='grc' dir='ltr'>Ἐλθέτω</span> <span class='ocrx_word' id='word_1_580' title='bbox 693 4468 852 4535; x_wconf 83' lang='grc' dir='ltr'>αὐτῷ</span> <span class='ocrx_word' id='word_1_581' title='bbox 878 4469 1058 4539; x_wconf 75' lang='grc' dir='ltr'>παγίς</span> <span class='ocrx_word' id='word_1_582' title='bbox 1079 4468 1160 4536; x_wconf 74' lang='grc' dir='ltr'><strong>ἢν</strong></span> <span class='ocrx_word' id='word_1_583' title='bbox 1191 4467 1263 4521; x_wconf 87' lang='grc' dir='ltr'>οὐ</span> <span class='ocrx_word' id='word_1_584' title='bbox 1290 4466 1568 4538; x_wconf 78' lang='grc' dir='ltr'>γινώσκει</span> <span class='ocrx_word' id='word_1_585' title='bbox 1585 4507 1599 4532; x_wconf 94' lang='grc'><strong>,</strong></span> <span class='ocrx_word' id='word_1_586' title='bbox 1632 4467 1731 4521; x_wconf 80' lang='grc' dir='ltr'><strong>καί</strong></span> <span class='ocrx_word' id='word_1_587' title='bbox 1761 4466 1799 4536; x_wconf 74' lang='grc' dir='ltr'>ἡ</span> <span class='ocrx_word' id='word_1_588' title='bbox 1831 4465 1983 4535; x_wconf 80' lang='grc' dir='ltr'>θήρα</span> <span class='ocrx_word' id='word_1_589' title='bbox 2010 4496 2027 4517; x_wconf 76' lang='lat'><strong>.</strong></span> 
     </span>
    </p>
   </div>
   <div class='ocr_carea' id='block_1_78' title="bbox 406 4552 1983 4630">
    <p class='ocr_par' dir='ltr' id='par_1_78' title="bbox 406 4552 1983 4630">
     <span class='ocr_line' id='line_1_78' title="bbox 406 4552 1983 4630; baseline -0.003 -13"><span class='ocrx_word' id='word_1_590' title='bbox 406 4560 487 4630; x_wconf 77' lang='grc' dir='ltr'><strong>ἣν</strong></span> <span class='ocrx_word' id='word_1_591' title='bbox 507 4561 736 4630; x_wconf 71' lang='grc' dir='ltr'>ἔκρυψε</span> <span class='ocrx_word' id='word_1_592' title='bbox 755 4552 1108 4616; x_wconf 75' lang='grc' dir='ltr'>συλλαϐἐτω</span> <span class='ocrx_word' id='word_1_593' title='bbox 1126 4552 1332 4624; x_wconf 75' lang='grc' dir='ltr'>αὐτὸν,</span> <span class='ocrx_word' id='word_1_594' title='bbox 1357 4558 1454 4613; x_wconf 73' lang='grc' dir='ltr'>καὶ</span> <span class='ocrx_word' id='word_1_595' title='bbox 1477 4560 1548 4612; x_wconf 81' lang='grc' dir='ltr'><strong>ἐν</strong></span> <span class='ocrx_word' id='word_1_596' title='bbox 1567 4556 1643 4627; x_wconf 75' lang='grc' dir='ltr'>τῇ</span> <span class='ocrx_word' id='word_1_597' title='bbox 1664 4557 1867 4629; x_wconf 78' lang='grc' dir='ltr'>παγίδι</span> <span class='ocrx_word' id='word_1_598' title='bbox 1889 4571 1983 4612; x_wconf 77' lang='grc' dir='ltr'><strong>πε-</strong></span> 
     </span>
    </p>
   </div>
   <div class='ocr_carea' id='block_1_79' title="bbox 2072 3341 3650 3428">
    <p class='ocr_par' dir='ltr' id='par_1_79' title="bbox 2072 3341 3650 3428">
     <span class='ocr_line' id='line_1_79' title="bbox 2072 3341 3650 3428; baseline -0.015 -11"><span class='ocrx_word' id='word_1_599' title='bbox 2072 3360 2304 3417; x_wconf 81' lang='lat' dir='ltr'><strong>rnutavit</strong></span> <span class='ocrx_word' id='word_1_600' title='bbox 2330 3358 2537 3414; x_wconf 83' lang='lat' dir='ltr'><strong>vultum</strong></span> <span class='ocrx_word' id='word_1_601' title='bbox 2550 3368 2746 3420; x_wconf 90' lang='lat' dir='ltr'><strong>suum;</strong></span> <span class='ocrx_word' id='word_1_602' title='bbox 2784 3350 3020 3428; x_wconf 67' lang='lat' dir='ltr'><strong>fortasse</strong></span> <span class='ocrx_word' id='word_1_603' title='bbox 3047 3347 3260 3419; x_wconf 86' lang='lat' dir='ltr'><strong>possint</strong></span> <span class='ocrx_word' id='word_1_604' title='bbox 3288 3344 3408 3399; x_wconf 82' lang='lat' dir='ltr'><strong>haec</strong></span> <span class='ocrx_word' id='word_1_605' title='bbox 3435 3356 3559 3412; x_wconf 65' lang='lat' dir='ltr'><strong>quas</strong></span> <span class='ocrx_word' id='word_1_606' title='bbox 3592 3341 3650 3394; x_wconf 90' lang='lat' dir='ltr'><strong>in</strong></span> 
     </span>
    </p>
   </div>
   <div class='ocr_carea' id='block_1_80' title="bbox 2074 3432 3654 3526">
    <p class='ocr_par' dir='ltr' id='par_1_80' title="bbox 2074 3432 3654 3526">
     <span class='ocr_line' id='line_1_80' title="bbox 2074 3432 3654 3526; baseline -0.016 -16"><span class='ocrx_word' id='word_1_607' title='bbox 2074 3452 2340 3526; x_wconf 58' lang='lat' dir='ltr'><strong>praesenti</strong></span> <span class='ocrx_word' id='word_1_608' title='bbox 2379 3455 2615 3522; x_wconf 91' lang='lat' dir='ltr'><strong>aguntur</strong></span> <span class='ocrx_word' id='word_1_609' title='bbox 2644 3445 2712 3500; x_wconf 91' lang='lat' dir='ltr'><strong>ad</strong></span> <span class='ocrx_word' id='word_1_610' title='bbox 2759 3444 2851 3498; x_wconf 85' lang='lat' dir='ltr'><strong>illa</strong></span> <span class='ocrx_word' id='word_1_611' title='bbox 2875 3441 3088 3498; x_wconf 87' lang='lat' dir='ltr'><strong>referri.</strong></span> <span class='ocrx_word' id='word_1_612' title='bbox 3114 3438 3250 3492; x_wconf 86' lang='lat' dir='ltr'><strong>Nam</strong></span> <span class='ocrx_word' id='word_1_613' title='bbox 3281 3450 3406 3491; x_wconf 91' lang='lat' dir='ltr'><strong>cum</strong></span> <span class='ocrx_word' id='word_1_614' title='bbox 3442 3432 3570 3488; x_wconf 86' lang='lat' dir='ltr'><strong>Saul</strong></span> <span class='ocrx_word' id='word_1_615' title='bbox 3617 3446 3654 3486; x_wconf 84' lang='lat' dir='ltr'><strong>a</strong></span> 
     </span>
    </p>
   </div>
   <div class='ocr_carea' id='block_1_81' title="bbox 2076 3524 3649 3603">
    <p class='ocr_par' dir='ltr' id='par_1_81' title="bbox 2076 3524 3649 3603">
     <span class='ocr_line' id='line_1_81' title="bbox 2076 3524 3649 3603; baseline -0.013 -2"><span class='ocrx_word' id='word_1_616' title='bbox 2076 3524 2221 3603; x_wconf 66' lang='lat' dir='ltr'><strong>boec</strong></span> <span class='ocrx_word' id='word_1_617' title='bbox 2243 3544 2561 3602; x_wconf 84' lang='lat' dir='ltr'><strong>edidicisset</strong></span> <span class='ocrx_word' id='word_1_618' title='bbox 2601 3537 2863 3594; x_wconf 83' lang='lat' dir='ltr'><strong>Davidem</strong></span> <span class='ocrx_word' id='word_1_619' title='bbox 2887 3534 2954 3589; x_wconf 91' lang='lat' dir='ltr'><strong>ad</strong></span> <span class='ocrx_word' id='word_1_620' title='bbox 2978 3529 3294 3589; x_wconf 81' lang='lat' dir='ltr'><strong>Abimelech</strong></span> <span class='ocrx_word' id='word_1_621' title='bbox 3322 3524 3649 3588; x_wconf 87' lang='lat' dir='ltr'><strong>accessisse,</strong></span> 
     </span>
    </p>
   </div>
   <div class='ocr_carea' id='block_1_82' title="bbox 2077 3616 3652 3710">
    <p class='ocr_par' dir='ltr' id='par_1_82' title="bbox 2077 3616 3652 3710">
     <span class='ocr_line' id='line_1_82' title="bbox 2077 3616 3652 3710; baseline -0.015 -15"><span class='ocrx_word' id='word_1_622' title='bbox 2077 3647 2259 3710; x_wconf 84' lang='lat' dir='ltr'><strong>atque,</strong></span> <span class='ocrx_word' id='word_1_623' title='bbox 2286 3616 2802 3707; x_wconf 42' lang='lat' dir='ltr'><strong>acceptis&#39;panibus,</strong></span> <span class='ocrx_word' id='word_1_624' title='bbox 2845 3630 3073 3687; x_wconf 88' lang='lat' dir='ltr'><strong>salutem</strong></span> <span class='ocrx_word' id='word_1_625' title='bbox 3118 3632 3343 3681; x_wconf 90' lang='lat' dir='ltr'><strong>nactum</strong></span> <span class='ocrx_word' id='word_1_626' title='bbox 3377 3635 3500 3677; x_wconf 87' lang='lat' dir='ltr'><strong>esse</strong></span> <span class='ocrx_word' id='word_1_627' title='bbox 3547 3617 3652 3691; x_wconf 87' lang='lat' dir='ltr'><strong>[ne</strong></span> 
     </span>
    </p>
   </div>
   <div class='ocr_carea' id='block_1_83' title="bbox 2081 3712 3654 3800">
    <p class='ocr_par' dir='ltr' id='par_1_83' title="bbox 2081 3712 3654 3800">
     <span class='ocr_line' id='line_1_83' title="bbox 2081 3712 3654 3800; baseline -0.013 -17"><span class='ocrx_word' id='word_1_628' title='bbox 2081 3729 2219 3785; x_wconf 87' lang='lat' dir='ltr'><strong>fame</strong></span> <span class='ocrx_word' id='word_1_629' title='bbox 2247 3726 2496 3800; x_wconf 85' lang='lat' dir='ltr'><strong>periret],</strong></span> <span class='ocrx_word' id='word_1_630' title='bbox 2529 3739 2720 3780; x_wconf 90' lang='lat' dir='ltr'><strong>omnes</strong></span> <span class='ocrx_word' id='word_1_631' title='bbox 2777 3719 3091 3778; x_wconf 87' lang='lat' dir='ltr'><strong>sacerdotes</strong></span> <span class='ocrx_word' id='word_1_632' title='bbox 3113 3714 3332 3771; x_wconf 87' lang='lat' dir='ltr'><strong>Domini</strong></span> <span class='ocrx_word' id='word_1_633' title='bbox 3363 3712 3654 3784; x_wconf 87' lang='lat' dir='ltr'><strong>ipsumque</strong></span> 
     </span>
    </p>
   </div>
   <div class='ocr_carea' id='block_1_84' title="bbox 2075 3800 3654 3896">
    <p class='ocr_par' dir='ltr' id='par_1_84' title="bbox 2075 3800 3654 3896">
     <span class='ocr_line' id='line_1_84' title="bbox 2075 3800 3654 3896; baseline -0.012 -21"><span class='ocrx_word' id='word_1_634' title='bbox 2075 3819 2389 3881; x_wconf 76' lang='lat' dir='ltr'><strong>Abimelech</strong></span> <span class='ocrx_word' id='word_1_635' title='bbox 2419 3833 2542 3896; x_wconf 89' lang='lat' dir='ltr'><strong>cum</strong></span> <span class='ocrx_word' id='word_1_636' title='bbox 2564 3831 2763 3886; x_wconf 88' lang='lat' dir='ltr'><strong>genere</strong></span> <span class='ocrx_word' id='word_1_637' title='bbox 2801 3829 2902 3870; x_wconf 90' lang='lat' dir='ltr'><strong>suo</strong></span> <span class='ocrx_word' id='word_1_638' title='bbox 2933 3807 3297 3866; x_wconf 88' lang='lat' dir='ltr'><strong>internecioni</strong></span> <span class='ocrx_word' id='word_1_639' title='bbox 3342 3804 3512 3862; x_wconf 87' lang='lat' dir='ltr'><strong>dedit.</strong></span> <span class='ocrx_word' id='word_1_640' title='bbox 3545 3800 3654 3857; x_wconf 84' lang='lat' dir='ltr'><strong>Po-</strong></span> 
     </span>
    </p>
   </div>
   <div class='ocr_carea' id='block_1_85' title="bbox 2079 3895 3656 3982">
    <p class='ocr_par' dir='ltr' id='par_1_85' title="bbox 2079 3895 3656 3982">
     <span class='ocr_line' id='line_1_85' title="bbox 2079 3895 3656 3982; baseline -0.013 -15"><span class='ocrx_word' id='word_1_641' title='bbox 2079 3911 2326 3982; x_wconf 90' lang='lat' dir='ltr'><strong>tuitergo</strong></span> <span class='ocrx_word' id='word_1_642' title='bbox 2345 3908 2514 3963; x_wconf 80' lang='lat' dir='ltr'><strong>David</strong></span> <span class='ocrx_word' id='word_1_643' title='bbox 2549 3908 2665 3962; x_wconf 57' lang='lat' dir='ltr'><strong>hac</strong></span> <span class='ocrx_word' id='word_1_644' title='bbox 2680 3907 2748 3962; x_wconf 88' lang='lat' dir='ltr'><strong>de</strong></span> <span class='ocrx_word' id='word_1_645' title='bbox 2771 3918 3007 3976; x_wconf 89' lang='lat' dir='ltr'><strong>persona</strong></span> <span class='ocrx_word' id='word_1_646' title='bbox 3035 3901 3219 3956; x_wconf 86' lang='lat' dir='ltr'><strong>Saulis</strong></span> <span class='ocrx_word' id='word_1_647' title='bbox 3241 3898 3445 3959; x_wconf 88' lang='lat' dir='ltr'><strong>dicere,</strong></span> <span class='ocrx_word' id='word_1_648' title='bbox 3482 3895 3559 3949; x_wconf 90' lang='lat' dir='ltr'><strong>ita</strong></span> <span class='ocrx_word' id='word_1_649' title='bbox 3594 3900 3656 3948; x_wconf 92' lang='lat' dir='ltr'><strong>ut</strong></span> 
     </span>
    </p>
   </div>
   <div class='ocr_carea' id='block_1_86' title="bbox 2077 3984 3657 4073">
    <p class='ocr_par' dir='ltr' id='par_1_86' title="bbox 2077 3984 3657 4073">
     <span class='ocr_line' id='line_1_86' title="bbox 2077 3984 3657 4073; baseline -0.012 -15"><span class='ocrx_word' id='word_1_650' title='bbox 2077 4008 2228 4058; x_wconf 88' lang='lat' dir='ltr'><strong>totus</strong></span> <span class='ocrx_word' id='word_1_651' title='bbox 2254 4001 2499 4073; x_wconf 80' lang='lat' dir='ltr'><strong>psalmus</strong></span> <span class='ocrx_word' id='word_1_652' title='bbox 2551 3998 2621 4053; x_wconf 87' lang='lat' dir='ltr'><strong>ad</strong></span> <span class='ocrx_word' id='word_1_653' title='bbox 2664 3998 2722 4053; x_wconf 89' lang='lat' dir='ltr'><strong>id</strong></span> <span class='ocrx_word' id='word_1_654' title='bbox 2742 3994 3008 4065; x_wconf 87' lang='lat' dir='ltr'><strong>temporis</strong></span> <span class='ocrx_word' id='word_1_655' title='bbox 3050 3992 3347 4052; x_wconf 79' lang='lat' dir='ltr'><strong>referatur,</strong></span> <span class='ocrx_word' id='word_1_656' title='bbox 3373 4001 3484 4058; x_wconf 83' lang='lat' dir='ltr'><strong>quo</strong></span> <span class='ocrx_word' id='word_1_657' title='bbox 3509 3984 3657 4040; x_wconf 85' lang='lat' dir='ltr'><strong>Doec</strong></span> 
     </span>
    </p>
   </div>
   <div class='ocr_carea' id='block_1_87' title="bbox 2080 4079 3658 4160">
    <p class='ocr_par' dir='ltr' id='par_1_87' title="bbox 2080 4079 3658 4160">
     <span class='ocr_line' id='line_1_87' title="bbox 2080 4079 3658 4160; baseline -0.012 -8"><span class='ocrx_word' id='word_1_658' title='bbox 2080 4102 2273 4152; x_wconf 89' lang='lat' dir='ltr'><strong>contra</strong></span> <span class='ocrx_word' id='word_1_659' title='bbox 2329 4092 2642 4149; x_wconf 82' lang='lat' dir='ltr'><strong>Abimelech</strong></span> <span class='ocrx_word' id='word_1_660' title='bbox 2688 4089 2833 4160; x_wconf 86' lang='lat' dir='ltr'><strong>apud</strong></span> <span class='ocrx_word' id='word_1_661' title='bbox 2886 4086 3105 4141; x_wconf 87' lang='lat' dir='ltr'><strong>Saulem</strong></span> <span class='ocrx_word' id='word_1_662' title='bbox 3166 4083 3364 4137; x_wconf 89' lang='lat' dir='ltr'><strong>falsum</strong></span> <span class='ocrx_word' id='word_1_663' title='bbox 3409 4079 3658 4134; x_wconf 89' lang='lat' dir='ltr'><strong>testimo-</strong></span> 
     </span>
    </p>
   </div>
   <div class='ocr_carea' id='block_1_88' title="bbox 2079 4169 3658 4253">
    <p class='ocr_par' dir='ltr' id='par_1_88' title="bbox 2079 4169 3658 4253">
     <span class='ocr_line' id='line_1_88' title="bbox 2079 4169 3658 4253; baseline -0.015 -9"><span class='ocrx_word' id='word_1_664' title='bbox 2079 4190 2231 4244; x_wconf 90' lang='lat' dir='ltr'><strong>nium</strong></span> <span class='ocrx_word' id='word_1_665' title='bbox 2261 4187 2435 4243; x_wconf 83' lang='lat' dir='ltr'><strong>dixit:</strong></span> <span class='ocrx_word' id='word_1_666' title='bbox 2463 4193 2517 4241; x_wconf 88' lang='lat' dir='ltr'><strong>et</strong></span> <span class='ocrx_word' id='word_1_667' title='bbox 2533 4184 2769 4240; x_wconf 80' lang='lat' dir='ltr'><strong>fortasse</strong></span> <span class='ocrx_word' id='word_1_668' title='bbox 2793 4180 3035 4253; x_wconf 83' lang='lat' dir='ltr'><strong>Spiritus</strong></span> <span class='ocrx_word' id='word_1_669' title='bbox 3053 4182 3280 4233; x_wconf 82' lang='lat' dir='ltr'><strong>sanctus</strong></span> <span class='ocrx_word' id='word_1_670' title='bbox 3309 4169 3658 4227; x_wconf 87' lang='lat' dir='ltr'><strong>sacerdotum</strong></span> 
     </span>
    </p>
   </div>
   <div class='ocr_carea' id='block_1_89' title="bbox 2081 4261 3657 4338">
    <p class='ocr_par' dir='ltr' id='par_1_89' title="bbox 2081 4261 3657 4338">
     <span class='ocr_line' id='line_1_89' title="bbox 2081 4261 3657 4338; baseline -0.015 0"><span class='ocrx_word' id='word_1_671' title='bbox 2081 4281 2293 4338; x_wconf 86' lang='lat' dir='ltr'><strong>cladem</strong></span> <span class='ocrx_word' id='word_1_672' title='bbox 2347 4279 2665 4336; x_wconf 84' lang='lat' dir='ltr'><strong>describens</strong></span> <span class='ocrx_word' id='word_1_673' title='bbox 2695 4277 2813 4332; x_wconf 68' lang='lat' dir='ltr'><strong>haec</strong></span> <span class='ocrx_word' id='word_1_674' title='bbox 2852 4273 3053 4329; x_wconf 78' lang='lat' dir='ltr'><strong>dixerit</strong></span> <span class='ocrx_word' id='word_1_675' title='bbox 3084 4287 3098 4324; x_wconf 90' lang='lat'><strong>:</strong></span> <span class='ocrx_word' id='word_1_676' title='bbox 3155 4265 3375 4329; x_wconf 74' lang='lat' dir='ltr'><strong>Iudice,</strong></span> <span class='ocrx_word' id='word_1_677' title='bbox 3410 4261 3657 4323; x_wconf 82' lang='lat' dir='ltr'><strong>Domine,</strong></span> 
     </span>
    </p>
   </div>
   <div class='ocr_carea' id='block_1_90' title="bbox 2082 4351 3661 4435">
    <p class='ocr_par' dir='ltr' id='par_1_90' title="bbox 2082 4351 3661 4435">
     <span class='ocr_line' id='line_1_90' title="bbox 2082 4351 3661 4435; baseline -0.015 -6"><span class='ocrx_word' id='word_1_678' title='bbox 2082 4382 2320 4429; x_wconf 79' lang='lat' dir='ltr'><strong>nocentes</strong></span> <span class='ocrx_word' id='word_1_679' title='bbox 2350 4387 2450 4435; x_wconf 89' lang='lat' dir='ltr'><strong>me,</strong></span> <span class='ocrx_word' id='word_1_680' title='bbox 2477 4377 2532 4426; x_wconf 90' lang='lat' dir='ltr'><strong>et</strong></span> <span class='ocrx_word' id='word_1_681' title='bbox 2569 4378 2784 4425; x_wconf 83' lang='lat' dir='ltr'><strong>caetera.</strong></span> <span class='ocrx_word' id='word_1_682' title='bbox 2819 4366 2950 4433; x_wconf 80' lang='lat' dir='ltr'><strong>Quae</strong></span> <span class='ocrx_word' id='word_1_683' title='bbox 2993 4375 3160 4433; x_wconf 77' lang='lat' dir='ltr'><strong>porro</strong></span> <span class='ocrx_word' id='word_1_684' title='bbox 3188 4359 3254 4413; x_wconf 88' lang='lat' dir='ltr'><strong>de</strong></span> <span class='ocrx_word' id='word_1_685' title='bbox 3284 4370 3396 4412; x_wconf 89' lang='lat' dir='ltr'><strong>uno</strong></span> <span class='ocrx_word' id='word_1_686' title='bbox 3422 4353 3540 4410; x_wconf 86' lang='lat' dir='ltr'><strong>solo</strong></span> <span class='ocrx_word' id='word_1_687' title='bbox 3583 4351 3661 4407; x_wconf 84' lang='lat' dir='ltr'><strong>di-</strong></span> 
     </span>
    </p>
   </div>
   <div class='ocr_carea' id='block_1_91' title="bbox 2083 4447 3659 4529">
    <p class='ocr_par' dir='ltr' id='par_1_91' title="bbox 2083 4447 3659 4529">
     <span class='ocr_line' id='line_1_91' title="bbox 2083 4447 3659 4529; baseline -0.015 -8"><span class='ocrx_word' id='word_1_688' title='bbox 2083 4473 2301 4529; x_wconf 90' lang='lat' dir='ltr'><strong>cuntur,</strong></span> <span class='ocrx_word' id='word_1_689' title='bbox 2337 4473 2399 4519; x_wconf 89' lang='lat' dir='ltr'><strong>ut</strong></span> <span class='ocrx_word' id='word_1_690' title='bbox 2436 4462 2569 4518; x_wconf 91' lang='lat' dir='ltr'><strong>illud</strong></span> <span class='ocrx_word' id='word_1_691' title='bbox 2599 4470 2685 4518; x_wconf 89' lang='lat' dir='ltr'><strong>est</strong></span> <span class='ocrx_word' id='word_1_692' title='bbox 2716 4481 2728 4517; x_wconf 90' lang='lat'>:</span> <span class='ocrx_word' id='word_1_693' title='bbox 2770 4458 2954 4514; x_wconf 81' lang='lat' dir='ltr'><strong>Veniat</strong></span> <span class='ocrx_word' id='word_1_694' title='bbox 2979 4454 3064 4509; x_wconf 82' lang='lat' dir='ltr'><strong>illi</strong></span> <span class='ocrx_word' id='word_1_695' title='bbox 3083 4453 3302 4524; x_wconf 80' lang='lat' dir='ltr'><strong>laqueus</strong></span> <span class='ocrx_word' id='word_1_696' title='bbox 3327 4463 3479 4529; x_wconf 55' lang='lat' dir='ltr'><strong>quem</strong></span> <span class='ocrx_word' id='word_1_697' title='bbox 3505 4447 3659 4517; x_wconf 85' lang='lat' dir='ltr'><strong>igno-</strong></span> 
     </span>
    </p>
   </div>
   <div class='ocr_carea' id='block_1_92' title="bbox 2087 4534 3661 4625">
    <p class='ocr_par' dir='ltr' id='par_1_92' title="bbox 2087 4534 3661 4625">
     <span class='ocr_line' id='line_1_92' title="bbox 2087 4534 3661 4625; baseline -0.015 -12"><span class='ocrx_word' id='word_1_698' title='bbox 2087 4565 2195 4624; x_wconf 78' lang='lat' dir='ltr'><strong>rat,</strong></span> <span class='ocrx_word' id='word_1_699' title='bbox 2220 4565 2270 4611; x_wconf 89' lang='lat' dir='ltr'><strong>et</strong></span> <span class='ocrx_word' id='word_1_700' title='bbox 2297 4556 2470 4625; x_wconf 84' lang='lat' dir='ltr'><strong>captio</strong></span> <span class='ocrx_word' id='word_1_701' title='bbox 2486 4566 2644 4624; x_wconf 87' lang='lat' dir='ltr'><strong>quam</strong></span> <span class='ocrx_word' id='word_1_702' title='bbox 2667 4549 2941 4606; x_wconf 79' lang='lat' dir='ltr'><strong>abscondit</strong></span> <span class='ocrx_word' id='word_1_703' title='bbox 2968 4541 3321 4615; x_wconf 80' lang='lat' dir='ltr'><strong>apprehendat</strong></span> <span class='ocrx_word' id='word_1_704' title='bbox 3363 4554 3502 4605; x_wconf 77' lang='lat' dir='ltr'><strong>eum,</strong></span> <span class='ocrx_word' id='word_1_705' title='bbox 3525 4544 3575 4590; x_wconf 85' lang='lat' dir='ltr'><strong>et</strong></span> <span class='ocrx_word' id='word_1_706' title='bbox 3601 4534 3661 4589; x_wconf 83' lang='lat' dir='ltr'><strong>in</strong></span> 
     </span>
    </p>
   </div>
   <div class='ocr_carea' id='block_1_93' title="bbox 406 4625 1971 4722">
    <p class='ocr_par' dir='ltr' id='par_1_93' title="bbox 406 4625 1971 4722">
     <span class='ocr_line' id='line_1_93' title="bbox 406 4625 1971 4722; baseline -0.003 -15"><span class='ocrx_word' id='word_1_707' title='bbox 406 4625 598 4709; x_wconf 67' lang='grc' dir='ltr'>σεῖται</span> <span class='ocrx_word' id='word_1_708' title='bbox 626 4625 695 4707; x_wconf 50' lang='grc' dir='ltr'><strong>ἐν·</strong></span> <span class='ocrx_word' id='word_1_709' title='bbox 721 4646 903 4721; x_wconf 75' lang='grc' dir='ltr'>αὐτῇ,</span> <span class='ocrx_word' id='word_1_710' title='bbox 942 4643 1163 4705; x_wconf 77' lang='grc' dir='ltr'>δύναται</span> <span class='ocrx_word' id='word_1_711' title='bbox 1188 4649 1267 4721; x_wconf 81' lang='grc' dir='ltr'><strong>τῷ</strong></span> <span class='ocrx_word' id='word_1_712' title='bbox 1296 4649 1455 4722; x_wconf 81' lang='grc' dir='ltr'>Δωὴκ</span> <span class='ocrx_word' id='word_1_713' title='bbox 1481 4625 1832 4721; x_wconf 76' lang='grc' dir='ltr'>ἐφαρμόζειν.</span> <span class='ocrx_word' id='word_1_714' title='bbox 1868 4650 1971 4703; x_wconf 63' lang='grc' dir='ltr'><strong>Καὶ</strong></span> 
     </span>
    </p>
   </div>
   <div class='ocr_carea' id='block_1_94' title="bbox 2071 4625 3662 4722">
    <p class='ocr_par' dir='ltr' id='par_1_94' title="bbox 2086 4625 3662 4722">
     <span class='ocr_line' id='line_1_94' title="bbox 2086 4625 3662 4722; baseline -0.017 -16"><span class='ocrx_word' id='word_1_715' title='bbox 2086 4653 2328 4722; x_wconf 81' lang='lat' dir='ltr'><strong>laqueum</strong></span> <span class='ocrx_word' id='word_1_716' title='bbox 2367 4648 2524 4703; x_wconf 79' lang='lat' dir='ltr'><strong>cadat</strong></span> <span class='ocrx_word' id='word_1_717' title='bbox 2551 4648 2608 4701; x_wconf 85' lang='lat' dir='ltr'><strong>in</strong></span> <span class='ocrx_word' id='word_1_718' title='bbox 2634 4647 2826 4716; x_wconf 83' lang='lat' dir='ltr'><strong>ipsum,</strong></span> <span class='ocrx_word' id='word_1_719' title='bbox 2849 4643 2990 4697; x_wconf 88' lang='lat' dir='ltr'><strong>Doec</strong></span> <span class='ocrx_word' id='word_1_720' title='bbox 3015 4636 3216 4695; x_wconf 87' lang='lat' dir='ltr'><strong>ascribi</strong></span> <span class='ocrx_word' id='word_1_721' title='bbox 3249 4637 3500 4704; x_wconf 89' lang='lat' dir='ltr'><strong>possunt.</strong></span> <span class='ocrx_word' id='word_1_722' title='bbox 3524 4625 3662 4683; x_wconf 89' lang='lat' dir='ltr'><strong>Illud</strong></span> 
     </span>
    </p>
   </div>
   <div class='ocr_carea' id='block_1_95' title="bbox 407 4736 1981 4815">
    <p class='ocr_par' dir='ltr' id='par_1_95' title="bbox 407 4736 1981 4815">
     <span class='ocr_line' id='line_1_95' title="bbox 407 4736 1981 4815; baseline -0.003 -17"><span class='ocrx_word' id='word_1_723' title='bbox 407 4740 468 4798; x_wconf 79' lang='grc' dir='ltr'><strong>τδ</strong></span> <span class='ocrx_word' id='word_1_724' title='bbox 480 4784 497 4809; x_wconf 86' lang='grc'><strong>,</strong></span> <span class='ocrx_word' id='word_1_725' title='bbox 524 4736 921 4811; x_wconf 78' lang='grc' dir='ltr'>Ἀναστάντες</span> <span class='ocrx_word' id='word_1_726' title='bbox 932 4738 1228 4815; x_wconf 80' lang='grc' dir='ltr'>μάρτυρες</span> <span class='ocrx_word' id='word_1_727' title='bbox 1242 4742 1454 4807; x_wconf 81' lang='grc' dir='ltr'>ἄδικοι,</span> <span class='ocrx_word' id='word_1_728' title='bbox 1469 4741 1509 4797; x_wconf 78' lang='lat' dir='ltr'><strong>d</strong></span> <span class='ocrx_word' id='word_1_729' title='bbox 1524 4743 1635 4796; x_wconf 82' lang='grc' dir='ltr'>οὐκ</span> <span class='ocrx_word' id='word_1_730' title='bbox 1648 4741 1981 4810; x_wconf 77' lang='grc' dir='ltr'>ἐγίνωσκον</span> 
     </span>
    </p>
   </div>
   <div class='ocr_carea' id='block_1_96' title="bbox 409 4830 1982 4905">
    <p class='ocr_par' dir='ltr' id='par_1_96' title="bbox 409 4830 1982 4905">
     <span class='ocr_line' id='line_1_96' title="bbox 409 4830 1982 4905; baseline -0.008 -8"><span class='ocrx_word' id='word_1_731' title='bbox 409 4833 647 4905; x_wconf 78' lang='grc' dir='ltr'>ἠρώτων</span> <span class='ocrx_word' id='word_1_732' title='bbox 659 4852 737 4905; x_wconf 79' lang='grc' dir='ltr'>με</span> <span class='ocrx_word' id='word_1_733' title='bbox 756 4852 769 4867; x_wconf 92' lang='grc'><strong>·</strong></span> <span class='ocrx_word' id='word_1_734' title='bbox 802 4831 1285 4891; x_wconf 76' lang='grc' dir='ltr'>ἀνταπεδίδοσάν</span> <span class='ocrx_word' id='word_1_735' title='bbox 1308 4851 1411 4904; x_wconf 82' lang='grc' dir='ltr'><strong>μοι</strong></span> <span class='ocrx_word' id='word_1_736' title='bbox 1442 4832 1675 4901; x_wconf 74' lang='grc' dir='ltr'>πονηρὰ</span> <span class='ocrx_word' id='word_1_737' title='bbox 1692 4830 1827 4887; x_wconf 75' lang='grc' dir='ltr'>ἀντὶ</span> <span class='ocrx_word' id='word_1_738' title='bbox 1845 4830 1982 4901; x_wconf 74' lang='grc' dir='ltr'>ἀτα-</span> 
     </span>
    </p>
   </div>
   <div class='ocr_carea' id='block_1_97' title="bbox 409 4923 1980 4997">
    <p class='ocr_par' dir='ltr' id='par_1_97' title="bbox 409 4923 1980 4997">
     <span class='ocr_line' id='line_1_97' title="bbox 409 4923 1980 4997; baseline -0.005 -13"><span class='ocrx_word' id='word_1_739' title='bbox 409 4926 528 4984; x_wconf 78' lang='grc' dir='ltr'><strong>θῶν</strong></span> <span class='ocrx_word' id='word_1_740' title='bbox 554 4968 570 4995; x_wconf 90' lang='grc'><strong>,</strong></span> <span class='ocrx_word' id='word_1_741' title='bbox 604 4927 705 4982; x_wconf 79' lang='grc' dir='ltr'>καὶ</span> <span class='ocrx_word' id='word_1_742' title='bbox 741 4928 1023 4983; x_wconf 74' lang='grc' dir='ltr'>ἀτεκνίαν</span> <span class='ocrx_word' id='word_1_743' title='bbox 1046 4923 1123 4996; x_wconf 75' lang='grc' dir='ltr'>τῇ</span> <span class='ocrx_word' id='word_1_744' title='bbox 1147 4926 1321 4996; x_wconf 70' lang='grc' dir='ltr'><strong>ψυχῇ</strong></span> <span class='ocrx_word' id='word_1_745' title='bbox 1357 4944 1476 4996; x_wconf 83' lang='grc' dir='ltr'><strong>μου</strong></span> <span class='ocrx_word' id='word_1_746' title='bbox 1496 4965 1512 4992; x_wconf 88' lang='grc'><strong>,</strong></span> <span class='ocrx_word' id='word_1_747' title='bbox 1574 4928 1639 4980; x_wconf 84' lang='grc' dir='ltr'>ὲκ</span> <span class='ocrx_word' id='word_1_748' title='bbox 1691 4924 1980 4997; x_wconf 85' lang='grc' dir='ltr'>προσώπου</span> 
     </span>
    </p>
   </div>
   <div class='ocr_carea' id='block_1_98' title="bbox 411 5010 1979 5094">
    <p class='ocr_par' dir='ltr' id='par_1_98' title="bbox 411 5010 1979 5094">
     <span class='ocr_line' id='line_1_98' title="bbox 411 5010 1979 5094; baseline -0.004 -19"><span class='ocrx_word' id='word_1_749' title='bbox 411 5014 624 5094; x_wconf 74' lang='grc' dir='ltr'>λεχθείη</span> <span class='ocrx_word' id='word_1_750' title='bbox 652 5019 718 5074; x_wconf 85' lang='grc' dir='ltr'>ἂν</span> <span class='ocrx_word' id='word_1_751' title='bbox 747 5018 842 5074; x_wconf 80' lang='grc' dir='ltr'>τοῦ</span> <span class='ocrx_word' id='word_1_752' title='bbox 882 5019 1186 5091; x_wconf 76' lang='grc' dir='ltr'><strong>Ἀϐιμέλεχ.</strong></span> <span class='ocrx_word' id='word_1_753' title='bbox 1221 5013 1331 5072; x_wconf 64' lang='grc' dir='ltr'><strong>Καὶ</strong></span> <span class='ocrx_word' id='word_1_754' title='bbox 1357 5017 1529 5072; x_wconf 76' lang='grc' dir='ltr'>ταῦτα</span> <span class='ocrx_word' id='word_1_755' title='bbox 1559 5018 1617 5072; x_wconf 84' lang='grc' dir='ltr'>δὲ</span> <span class='ocrx_word' id='word_1_756' title='bbox 1649 5010 1794 5080; x_wconf 75' lang='grc' dir='ltr'>εἰκὸς</span> <span class='ocrx_word' id='word_1_757' title='bbox 1826 5018 1979 5089; x_wconf 87' lang='grc' dir='ltr'>είρη-</span> 
     </span>
    </p>
   </div>
   <div class='ocr_carea' id='block_1_99' title="bbox 412 5103 1981 5184">
    <p class='ocr_par' dir='ltr' id='par_1_99' title="bbox 412 5103 1981 5184">
     <span class='ocr_line' id='line_1_99' title="bbox 412 5103 1981 5184; baseline -0.003 -17"><span class='ocrx_word' id='word_1_758' title='bbox 412 5112 561 5168; x_wconf 81' lang='grc' dir='ltr'>κέναι</span> <span class='ocrx_word' id='word_1_759' title='bbox 586 5106 676 5167; x_wconf 77' lang='grc' dir='ltr'><strong>τὸν</strong></span> <span class='ocrx_word' id='word_1_760' title='bbox 708 5109 869 5166; x_wconf 78' lang='grc' dir='ltr'>Δαυῖδ</span> <span class='ocrx_word' id='word_1_761' title='bbox 890 5129 903 5141; x_wconf 92' lang='grc'><strong>·</strong></span> <span class='ocrx_word' id='word_1_762' title='bbox 935 5108 1098 5166; x_wconf 75' lang='grc' dir='ltr'>αὐτοῦ</span> <span class='ocrx_word' id='word_1_763' title='bbox 1128 5111 1238 5184; x_wconf 87' lang='grc' dir='ltr'>γὰρ</span> <span class='ocrx_word' id='word_1_764' title='bbox 1264 5108 1667 5182; x_wconf 75' lang='grc' dir='ltr'>ἐπιγέγραπται</span> <span class='ocrx_word' id='word_1_765' title='bbox 1698 5103 1981 5179; x_wconf 73' lang='grc' dir='ltr'>ὄψαλμδς,</span> 
     </span>
    </p>
   </div>
   <div class='ocr_carea' id='block_1_100' title="bbox 413 5198 1983 5276">
    <p class='ocr_par' dir='ltr' id='par_1_100' title="bbox 413 5198 1983 5276">
     <span class='ocr_line' id='line_1_100' title="bbox 413 5198 1983 5276; baseline -0.002 -17"><span class='ocrx_word' id='word_1_766' title='bbox 413 5205 736 5276; x_wconf 71' lang='grc' dir='ltr'>ἀποστολικῇ</span> <span class='ocrx_word' id='word_1_767' title='bbox 770 5200 1005 5257; x_wconf 78' lang='grc' dir='ltr'>διαθέσει</span> <span class='ocrx_word' id='word_1_768' title='bbox 1035 5203 1276 5272; x_wconf 52' lang='lat' dir='ltr'><strong>regem;</strong></span> <span class='ocrx_word' id='word_1_769' title='bbox 1304 5201 1368 5256; x_wconf 75' lang='grc' dir='ltr'><strong>ἄν</strong></span> <span class='ocrx_word' id='word_1_770' title='bbox 1387 5212 1400 5232; x_wconf 76' lang='grc'><strong>⁸</strong></span> <span class='ocrx_word' id='word_1_771' title='bbox 1459 5201 1556 5269; x_wconf 86' lang='grc' dir='ltr'>Τίς</span> <span class='ocrx_word' id='word_1_772' title='bbox 1580 5198 1851 5268; x_wconf 81' lang='grc' dir='ltr'>ἀσθενεῖ,</span> <span class='ocrx_word' id='word_1_773' title='bbox 1885 5202 1983 5256; x_wconf 76' lang='grc' dir='ltr'><strong>καί</strong></span> 
     </span>
    </p>
   </div>
   <div class='ocr_carea' id='block_1_101' title="bbox 414 5287 1984 5360">
    <p class='ocr_par' dir='ltr' id='par_1_101' title="bbox 414 5287 1984 5360">
     <span class='ocr_line' id='line_1_101' title="bbox 414 5287 1984 5360; baseline -0.004 -10"><span class='ocrx_word' id='word_1_774' title='bbox 414 5297 522 5349; x_wconf 84' lang='grc' dir='ltr'>οὐκ</span> <span class='ocrx_word' id='word_1_775' title='bbox 551 5293 822 5357; x_wconf 62' lang='lat' dir='ltr'><strong>dcam-t5;</strong></span> <span class='ocrx_word' id='word_1_776' title='bbox 846 5294 937 5359; x_wconf 82' lang='grc' dir='ltr'><strong>τίς</strong></span> <span class='ocrx_word' id='word_1_777' title='bbox 961 5290 1416 5353; x_wconf 75' lang='grc' dir='ltr'>σκανδαλίζεται</span> <span class='ocrx_word' id='word_1_778' title='bbox 1434 5330 1448 5353; x_wconf 91' lang='lat'><strong>,</strong></span> <span class='ocrx_word' id='word_1_779' title='bbox 1477 5289 1577 5343; x_wconf 81' lang='grc' dir='ltr'>καὶ</span> <span class='ocrx_word' id='word_1_780' title='bbox 1607 5288 1718 5343; x_wconf 84' lang='grc' dir='ltr'>οὐκ</span> <span class='ocrx_word' id='word_1_781' title='bbox 1738 5287 1853 5360; x_wconf 76' lang='grc' dir='ltr'><strong>ἐγὼ</strong></span> <span class='ocrx_word' id='word_1_782' title='bbox 1872 5305 1984 5345; x_wconf 80' lang='grc' dir='ltr'>πυ-</span> 
     </span>
    </p>
   </div>
   <div class='ocr_carea' id='block_1_102' title="bbox 415 5378 1985 5457">
    <p class='ocr_par' dir='ltr' id='par_1_102' title="bbox 415 5378 1985 5457">
     <span class='ocr_line' id='line_1_102' title="bbox 415 5378 1985 5457; baseline -0.004 -16"><span class='ocrx_word' id='word_1_783' title='bbox 415 5384 658 5457; x_wconf 83' lang='grc' dir='ltr'>ροῦμαι;</span> <span class='ocrx_word' id='word_1_784' title='bbox 696 5385 790 5440; x_wconf 72' lang='grc' dir='ltr'><strong>καὶ</strong></span> <span class='ocrx_word' id='word_1_785' title='bbox 810 5423 827 5450; x_wconf 92' lang='grc'><strong>,</strong></span> <span class='ocrx_word' id='word_1_786' title='bbox 858 5383 1161 5450; x_wconf 77' lang='grc' dir='ltr'>Παθόντος</span> <span class='ocrx_word' id='word_1_787' title='bbox 1189 5384 1327 5451; x_wconf 71' lang='grc' dir='ltr'><strong>ἐνὸς</strong></span> <span class='ocrx_word' id='word_1_788' title='bbox 1349 5381 1606 5453; x_wconf 77' lang='grc' dir='ltr'>μέλους,</span> <span class='ocrx_word' id='word_1_789' title='bbox 1635 5378 1985 5449; x_wconf 74' lang='grc' dir='ltr'>συμπάσχει</span> 
     </span>
    </p>
   </div>
   <div class='ocr_carea' id='block_1_103' title="bbox 417 5468 1985 5546">
    <p class='ocr_par' dir='ltr' id='par_1_103' title="bbox 417 5468 1985 5546">
     <span class='ocr_line' id='line_1_103' title="bbox 417 5468 1985 5546; baseline -0.006 -13"><span class='ocrx_word' id='word_1_790' title='bbox 417 5479 612 5533; x_wconf 75' lang='grc' dir='ltr'>πάντα</span> <span class='ocrx_word' id='word_1_791' title='bbox 640 5477 712 5533; x_wconf 82' lang='grc' dir='ltr'>τὰ</span> <span class='ocrx_word' id='word_1_792' title='bbox 734 5476 911 5546; x_wconf 75' lang='grc' dir='ltr'><strong>μέλη.</strong></span> <span class='ocrx_word' id='word_1_793' title='bbox 948 5475 1058 5530; x_wconf 78' lang='grc' dir='ltr'><strong>Καὶ</strong></span> <span class='ocrx_word' id='word_1_794' title='bbox 1082 5471 1237 5539; x_wconf 77' lang='grc' dir='ltr'>ἄλλος</span> <span class='ocrx_word' id='word_1_795' title='bbox 1253 5473 1310 5529; x_wconf 80' lang='grc' dir='ltr'>δὲ</span> <span class='ocrx_word' id='word_1_796' title='bbox 1335 5474 1488 5546; x_wconf 82' lang='grc' dir='ltr'>παρὰ</span> <span class='ocrx_word' id='word_1_797' title='bbox 1506 5468 1679 5527; x_wconf 83' lang='grc' dir='ltr'>ταῦτα</span> <span class='ocrx_word' id='word_1_798' title='bbox 1705 5471 1985 5543; x_wconf 81' lang='grc' dir='ltr'>μάρτυρας</span> 
     </span>
    </p>
   </div>
   <div class='ocr_carea' id='block_1_104' title="bbox 417 5558 1986 5640">
    <p class='ocr_par' dir='ltr' id='par_1_104' title="bbox 417 5558 1986 5640">
     <span class='ocr_line' id='line_1_104' title="bbox 417 5558 1986 5640; baseline -0.002 -17"><span class='ocrx_word' id='word_1_799' title='bbox 417 5570 513 5640; x_wconf 81' lang='grc' dir='ltr'><strong>μὲν</strong></span> <span class='ocrx_word' id='word_1_800' title='bbox 542 5565 759 5633; x_wconf 79' lang='grc' dir='ltr'>ἀδίκους</span> <span class='ocrx_word' id='word_1_801' title='bbox 790 5566 931 5623; x_wconf 74' lang='grc' dir='ltr'>εἴποι</span> <span class='ocrx_word' id='word_1_802' title='bbox 957 5564 1022 5622; x_wconf 82' lang='grc' dir='ltr'><strong>ἄν</strong></span> <span class='ocrx_word' id='word_1_803' title='bbox 1052 5586 1136 5633; x_wconf 89' lang='grc' dir='ltr'><strong>τις</strong></span> <span class='ocrx_word' id='word_1_804' title='bbox 1169 5566 1374 5631; x_wconf 84' lang='grc' dir='ltr'>πάντας</span> <span class='ocrx_word' id='word_1_805' title='bbox 1398 5562 1526 5632; x_wconf 77' lang='grc' dir='ltr'>τοὺς</span> <span class='ocrx_word' id='word_1_806' title='bbox 1547 5558 1986 5629; x_wconf 79' lang='grc' dir='ltr'>ὲνδιαϐάλλοντας</span> 
     </span>
    </p>
   </div>
   <div class='ocr_carea' id='block_1_105' title="bbox 423 5656 1984 5734">
    <p class='ocr_par' dir='ltr' id='par_1_105' title="bbox 423 5656 1984 5734">
     <span class='ocr_line' id='line_1_105' title="bbox 423 5656 1984 5734; baseline -0.004 -17"><span class='ocrx_word' id='word_1_807' title='bbox 423 5662 503 5717; x_wconf 74' lang='grc' dir='ltr'>τὸν</span> <span class='ocrx_word' id='word_1_808' title='bbox 534 5661 693 5715; x_wconf 81' lang='grc' dir='ltr'>Δαυῒδ</span> <span class='ocrx_word' id='word_1_809' title='bbox 725 5662 873 5734; x_wconf 84' lang='grc' dir='ltr'><strong>παρά</strong></span> <span class='ocrx_word' id='word_1_810' title='bbox 901 5662 995 5716; x_wconf 81' lang='grc' dir='ltr'>τοῦ</span> <span class='ocrx_word' id='word_1_811' title='bbox 1026 5660 1198 5715; x_wconf 84' lang='grc' dir='ltr'>Σαούλ</span> <span class='ocrx_word' id='word_1_812' title='bbox 1220 5677 1232 5691; x_wconf 91' lang='grc'><strong>·</strong></span> <span class='ocrx_word' id='word_1_813' title='bbox 1265 5660 1387 5714; x_wconf 84' lang='grc' dir='ltr'>τότε</span> <span class='ocrx_word' id='word_1_814' title='bbox 1421 5659 1518 5731; x_wconf 78' lang='grc' dir='ltr'>μὲν</span> <span class='ocrx_word' id='word_1_815' title='bbox 1549 5659 1659 5730; x_wconf 83' lang='grc' dir='ltr'><strong>γὰρ</strong></span> <span class='ocrx_word' id='word_1_816' title='bbox 1691 5659 1740 5713; x_wconf 77' lang='grc' dir='ltr'>οἱ</span> <span class='ocrx_word' id='word_1_817' title='bbox 1772 5656 1984 5729; x_wconf 78' lang='grc' dir='ltr'>Ζιφαῐοι</span> 
     </span>
    </p>
   </div>
   <div class='ocr_carea' id='block_1_106' title="bbox 482 5833 1636 5905">
    <p class='ocr_par' dir='ltr' id='par_1_106' title="bbox 482 5833 1636 5905">
     <span class='ocr_line' id='line_1_106' title="bbox 482 5833 1636 5905; baseline 0 -14"><span class='ocrx_word' id='word_1_818' title='bbox 482 5837 528 5871; x_wconf 73' lang='grc'><strong>’³</strong></span> <span class='ocrx_word' id='word_1_819' title='bbox 566 5835 613 5891; x_wconf 87' lang='lat' dir='ltr'><strong>ll</strong></span> <span class='ocrx_word' id='word_1_820' title='bbox 642 5836 769 5894; x_wconf 87' lang='lat' dir='ltr'><strong>Cor.</strong></span> <span class='ocrx_word' id='word_1_821' title='bbox 808 5853 896 5905; x_wconf 74' lang='grc' dir='ltr'>ιι,</span> <span class='ocrx_word' id='word_1_822' title='bbox 929 5837 1022 5895; x_wconf 74' lang='lat'><strong>29.</strong></span> <span class='ocrx_word' id='word_1_823' title='bbox 1097 5839 1142 5869; x_wconf 81' lang='grc'>²²</span> <span class='ocrx_word' id='word_1_824' title='bbox 1180 5837 1203 5891; x_wconf 83' lang='grc'><strong>1</strong></span> <span class='ocrx_word' id='word_1_825' title='bbox 1236 5834 1364 5893; x_wconf 87' lang='lat' dir='ltr'><strong>Cor.</strong></span> <span class='ocrx_word' id='word_1_826' title='bbox 1396 5848 1475 5892; x_wconf 78' lang='lat' dir='ltr'><strong>xu</strong></span> <span class='ocrx_word' id='word_1_827' title='bbox 1498 5874 1515 5903; x_wconf 90' lang='lat'><strong>,</strong></span> <span class='ocrx_word' id='word_1_828' title='bbox 1543 5833 1636 5891; x_wconf 73' lang='lat'><strong>26.</strong></span> 
     </span>
    </p>
   </div>
   <div class='ocr_carea' id='block_1_107' title="bbox 2087 4719 3663 4807">
    <p class='ocr_par' dir='ltr' id='par_1_107' title="bbox 2087 4719 3663 4807">
     <span class='ocr_line' id='line_1_107' title="bbox 2087 4719 3663 4807; baseline -0.018 -10"><span class='ocrx_word' id='word_1_829' title='bbox 2087 4719 2289 4807; x_wconf 81' lang='lat' dir='ltr'><strong>autem,</strong></span> <span class='ocrx_word' id='word_1_830' title='bbox 2327 4738 2605 4806; x_wconf 85' lang='lat' dir='ltr'><strong>Surgenles</strong></span> <span class='ocrx_word' id='word_1_831' title='bbox 2628 4744 2780 4791; x_wconf 77' lang='lat' dir='ltr'><strong>testes</strong></span> <span class='ocrx_word' id='word_1_832' title='bbox 2801 4732 2993 4803; x_wconf 81' lang='lat' dir='ltr'><strong>iniqui,</strong></span> <span class='ocrx_word' id='word_1_833' title='bbox 3020 4743 3137 4799; x_wconf 82' lang='lat' dir='ltr'><strong>qua:</strong></span> <span class='ocrx_word' id='word_1_834' title='bbox 3166 4723 3478 4796; x_wconf 83' lang='lat' dir='ltr'><strong>ignorabam</strong></span> <span class='ocrx_word' id='word_1_835' title='bbox 3498 4719 3663 4772; x_wconf 84' lang='lat' dir='ltr'><strong>inter-</strong></span> 
     </span>
    </p>
   </div>
   <div class='ocr_carea' id='block_1_108' title="bbox 2087 4809 3663 4903">
    <p class='ocr_par' dir='ltr' id='par_1_108' title="bbox 2087 4809 3663 4903">
     <span class='ocr_line' id='line_1_108' title="bbox 2087 4809 3663 4903; baseline -0.018 -15"><span class='ocrx_word' id='word_1_836' title='bbox 2087 4831 2347 4903; x_wconf 85' lang='lat' dir='ltr'><strong>rogabant</strong></span> <span class='ocrx_word' id='word_1_837' title='bbox 2387 4842 2501 4883; x_wconf 87' lang='lat' dir='ltr'><strong>me:</strong></span> <span class='ocrx_word' id='word_1_838' title='bbox 2535 4826 2893 4882; x_wconf 75' lang='lat' dir='ltr'><strong>retribuebant</strong></span> <span class='ocrx_word' id='word_1_839' title='bbox 2933 4819 3062 4875; x_wconf 84' lang='lat' dir='ltr'><strong>mihi</strong></span> <span class='ocrx_word' id='word_1_840' title='bbox 3108 4815 3256 4870; x_wconf 89' lang='lat' dir='ltr'><strong>mala</strong></span> <span class='ocrx_word' id='word_1_841' title='bbox 3284 4827 3380 4883; x_wconf 82' lang='lat' dir='ltr'><strong>pro</strong></span> <span class='ocrx_word' id='word_1_842' title='bbox 3412 4809 3584 4874; x_wconf 85' lang='lat' dir='ltr'><strong>bonis,</strong></span> <span class='ocrx_word' id='word_1_843' title='bbox 3610 4813 3663 4861; x_wconf 83' lang='lat' dir='ltr'><strong>et</strong></span> 
     </span>
    </p>
   </div>
   <div class='ocr_carea' id='block_1_109' title="bbox 2088 4906 3664 4980">
    <p class='ocr_par' dir='ltr' id='par_1_109' title="bbox 2088 4906 3664 4980">
     <span class='ocr_line' id='line_1_109' title="bbox 2088 4906 3664 4980; baseline -0.017 0"><span class='ocrx_word' id='word_1_844' title='bbox 2088 4923 2423 4980; x_wconf 84' lang='lat' dir='ltr'><strong>sterilitatem</strong></span> <span class='ocrx_word' id='word_1_845' title='bbox 2445 4921 2636 4975; x_wconf 73' lang='lat' dir='ltr'><strong>anima:</strong></span> <span class='ocrx_word' id='word_1_846' title='bbox 2662 4932 2809 4980; x_wconf 78' lang='lat' dir='ltr'><strong>mete,</strong></span> <span class='ocrx_word' id='word_1_847' title='bbox 2835 4930 2900 4970; x_wconf 76' lang='lat' dir='ltr'><strong>es</strong></span> <span class='ocrx_word' id='word_1_848' title='bbox 2921 4906 3259 4967; x_wconf 81' lang='lat' dir='ltr'><strong>Abimelechi</strong></span> <span class='ocrx_word' id='word_1_849' title='bbox 3280 4916 3514 4976; x_wconf 86' lang='lat' dir='ltr'><strong>persona</strong></span> <span class='ocrx_word' id='word_1_850' title='bbox 3534 4913 3664 4971; x_wconf 83' lang='lat' dir='ltr'><strong>pro-</strong></span> 
     </span>
    </p>
   </div>
   <div class='ocr_carea' id='block_1_110' title="bbox 2083 4992 3659 5079">
    <p class='ocr_par' dir='ltr' id='par_1_110' title="bbox 2083 4992 3659 5079">
     <span class='ocr_line' id='line_1_110' title="bbox 2083 4992 3659 5079; baseline -0.019 -6"><span class='ocrx_word' id='word_1_851' title='bbox 2083 5017 2336 5072; x_wconf 86' lang='lat' dir='ltr'><strong>nuntiata</strong></span> <span class='ocrx_word' id='word_1_852' title='bbox 2378 5013 2580 5069; x_wconf 87' lang='lat' dir='ltr'><strong>fuerint</strong></span> <span class='ocrx_word' id='word_1_853' title='bbox 2616 5029 2629 5064; x_wconf 92' lang='lat'>:</span> <span class='ocrx_word' id='word_1_854' title='bbox 2663 5020 2785 5079; x_wconf 75' lang='lat' dir='ltr'><strong>qua:</strong></span> <span class='ocrx_word' id='word_1_855' title='bbox 2830 5020 2930 5078; x_wconf 90' lang='lat' dir='ltr'><strong>par</strong></span> <span class='ocrx_word' id='word_1_856' title='bbox 2978 5000 3322 5059; x_wconf 32' lang='lat' dir='ltr'><strong>est&#39;dixisse</strong></span> <span class='ocrx_word' id='word_1_857' title='bbox 3376 4992 3659 5053; x_wconf 88' lang='lat' dir='ltr'><strong>Davidem,</strong></span> 
     </span>
    </p>
   </div>
   <div class='ocr_carea' id='block_1_111' title="bbox 2083 5088 3663 5181">
    <p class='ocr_par' dir='ltr' id='par_1_111' title="bbox 2083 5088 3663 5181">
     <span class='ocr_line' id='line_1_111' title="bbox 2083 5088 3663 5181; baseline -0.019 -16"><span class='ocrx_word' id='word_1_858' title='bbox 2083 5105 2327 5181; x_wconf 88' lang='lat' dir='ltr'><strong>psalmus</strong></span> <span class='ocrx_word' id='word_1_859' title='bbox 2367 5104 2570 5176; x_wconf 90' lang='lat' dir='ltr'><strong>quippe</strong></span> <span class='ocrx_word' id='word_1_860' title='bbox 2627 5102 2746 5170; x_wconf 88' lang='lat' dir='ltr'><strong>ejus</strong></span> <span class='ocrx_word' id='word_1_861' title='bbox 2796 5113 2920 5155; x_wconf 88' lang='lat' dir='ltr'><strong>esse</strong></span> <span class='ocrx_word' id='word_1_862' title='bbox 2963 5092 3285 5150; x_wconf 87' lang='lat' dir='ltr'><strong>inscribitur</strong></span> <span class='ocrx_word' id='word_1_863' title='bbox 3318 5106 3330 5140; x_wconf 94' lang='lat'>:</span> <span class='ocrx_word' id='word_1_864' title='bbox 3369 5088 3417 5142; x_wconf 80' lang='lat' dir='ltr'><strong>is</strong></span> <span class='ocrx_word' id='word_1_865' title='bbox 3445 5091 3663 5153; x_wconf 82' lang='lat' dir='ltr'><strong>aposto-</strong></span> 
     </span>
    </p>
   </div>
   <div class='ocr_carea' id='block_1_112' title="bbox 2084 5178 3660 5253">
    <p class='ocr_par' dir='ltr' id='par_1_112' title="bbox 2084 5178 3660 5253">
     <span class='ocr_line' id='line_1_112' title="bbox 2084 5178 3660 5253; baseline -0.018 0"><span class='ocrx_word' id='word_1_866' title='bbox 2084 5178 2189 5253; x_wconf 84' lang='lat' dir='ltr'><strong>lico</strong></span> <span class='ocrx_word' id='word_1_867' title='bbox 2229 5210 2382 5251; x_wconf 89' lang='lat' dir='ltr'><strong>more</strong></span> <span class='ocrx_word' id='word_1_868' title='bbox 2407 5196 2488 5251; x_wconf 89' lang='lat' dir='ltr'><strong>sic</strong></span> <span class='ocrx_word' id='word_1_869' title='bbox 2518 5192 2714 5249; x_wconf 79' lang='lat' dir='ltr'><strong>effatus</strong></span> <span class='ocrx_word' id='word_1_870' title='bbox 2763 5188 3053 5243; x_wconf 87' lang='lat' dir='ltr'><strong>credatur:</strong></span> <span class='ocrx_word' id='word_1_871' title='bbox 3087 5182 3219 5249; x_wconf 81' lang='lat' dir='ltr'><strong>Quis</strong></span> <span class='ocrx_word' id='word_1_872' title='bbox 3251 5178 3579 5246; x_wconf 75' lang='lat' dir='ltr'><strong>inﬁrmatur,</strong></span> <span class='ocrx_word' id='word_1_873' title='bbox 3605 5179 3660 5227; x_wconf 77' lang='lat' dir='ltr'><strong>et</strong></span> 
     </span>
    </p>
   </div>
   <div class='ocr_carea' id='block_1_113' title="bbox 2082 5278 3661 5364">
    <p class='ocr_par' dir='ltr' id='par_1_113' title="bbox 2082 5278 3661 5364">
     <span class='ocr_line' id='line_1_113' title="bbox 2082 5278 3661 5364; baseline -0.018 -17"><span class='ocrx_word' id='word_1_874' title='bbox 2082 5305 2176 5364; x_wconf 84' lang='lat' dir='ltr'><strong>ego</strong></span> <span class='ocrx_word' id='word_1_875' title='bbox 2208 5302 2312 5345; x_wconf 79' lang='lat' dir='ltr'><strong>nan</strong></span> <span class='ocrx_word' id='word_1_876' title='bbox 2343 5288 2624 5359; x_wconf 76' lang='lat' dir='ltr'><strong>inﬁrmor?</strong></span> <span class='ocrx_word' id='word_1_877' title='bbox 2651 5284 2767 5355; x_wconf 84' lang='lat' dir='ltr'><strong>quis</strong></span> <span class='ocrx_word' id='word_1_878' title='bbox 2820 5278 3243 5338; x_wconf 73' lang='lat' dir='ltr'><strong>scandalizatur,</strong></span> <span class='ocrx_word' id='word_1_879' title='bbox 3308 5278 3359 5324; x_wconf 84' lang='lat' dir='ltr'><strong>et</strong></span> <span class='ocrx_word' id='word_1_880' title='bbox 3412 5283 3506 5338; x_wconf 85' lang='lat' dir='ltr'><strong>ego</strong></span> <span class='ocrx_word' id='word_1_881' title='bbox 3553 5279 3661 5321; x_wconf 80' lang='lat' dir='ltr'><strong>non</strong></span> 
     </span>
    </p>
   </div>
   <div class='ocr_carea' id='block_1_114' title="bbox 2090 5362 3662 5445">
    <p class='ocr_par' dir='ltr' id='par_1_114' title="bbox 2090 5362 3662 5445">
     <span class='ocr_line' id='line_1_114' title="bbox 2090 5362 3662 5445; baseline -0.018 -8"><span class='ocrx_word' id='word_1_882' title='bbox 2090 5362 2216 5436; x_wconf 72' lang='lat' dir='ltr'><strong>uror</strong></span> <span class='ocrx_word' id='word_1_883' title='bbox 2234 5381 2277 5412; x_wconf 72' lang='grc' dir='ltr'>’ί</span> <span class='ocrx_word' id='word_1_884' title='bbox 2301 5376 2401 5434; x_wconf 73' lang='grc' dir='ltr'><strong>ἳΕι</strong></span> <span class='ocrx_word' id='word_1_885' title='bbox 2430 5394 2445 5431; x_wconf 88' lang='lat'><strong>:</strong></span> <span class='ocrx_word' id='word_1_886' title='bbox 2482 5374 2542 5431; x_wconf 70' lang='grc' dir='ltr'>εξ</span> <span class='ocrx_word' id='word_1_887' title='bbox 2567 5373 2692 5445; x_wconf 84' lang='lat' dir='ltr'><strong>quid</strong></span> <span class='ocrx_word' id='word_1_888' title='bbox 2720 5373 2960 5442; x_wconf 81' lang='lat' dir='ltr'><strong>patiatur</strong></span> <span class='ocrx_word' id='word_1_889' title='bbox 2981 5383 3147 5422; x_wconf 85' lang='lat' dir='ltr'><strong>unum</strong></span> <span class='ocrx_word' id='word_1_890' title='bbox 3174 5362 3484 5432; x_wconf 78' lang='lat' dir='ltr'><strong>membrum,</strong></span> <span class='ocrx_word' id='word_1_891' title='bbox 3515 5373 3662 5412; x_wconf 78' lang='lat' dir='ltr'><strong>eom-</strong></span> 
     </span>
    </p>
   </div>
   <div class='ocr_carea' id='block_1_115' title="bbox 2089 5449 3663 5541">
    <p class='ocr_par' dir='ltr' id='par_1_115' title="bbox 2089 5449 3663 5541">
     <span class='ocr_line' id='line_1_115' title="bbox 2089 5449 3663 5541; baseline -0.017 -13"><span class='ocrx_word' id='word_1_892' title='bbox 2089 5474 2367 5541; x_wconf 82' lang='lat' dir='ltr'><strong>paliunlur</strong></span> <span class='ocrx_word' id='word_1_893' title='bbox 2395 5470 2571 5539; x_wconf 76' lang='lat' dir='ltr'><strong>omnia</strong></span> <span class='ocrx_word' id='word_1_894' title='bbox 2603 5464 2835 5522; x_wconf 84' lang='lat' dir='ltr'><strong>membra</strong></span> <span class='ocrx_word' id='word_1_895' title='bbox 2864 5463 2932 5514; x_wconf 80' lang='grc'><strong>²².</strong></span> <span class='ocrx_word' id='word_1_896' title='bbox 2984 5458 3051 5512; x_wconf 83' lang='grc' dir='ltr'><strong>Ει</strong></span> <span class='ocrx_word' id='word_1_897' title='bbox 3091 5455 3323 5514; x_wconf 84' lang='lat' dir='ltr'><strong>forsitan</strong></span> <span class='ocrx_word' id='word_1_898' title='bbox 3352 5449 3492 5506; x_wconf 87' lang='lat' dir='ltr'><strong>alius</strong></span> <span class='ocrx_word' id='word_1_899' title='bbox 3519 5462 3663 5519; x_wconf 80' lang='lat' dir='ltr'><strong>prae-</strong></span> 
     </span>
    </p>
   </div>
   <div class='ocr_carea' id='block_1_116' title="bbox 2092 5538 3662 5628">
    <p class='ocr_par' dir='ltr' id='par_1_116' title="bbox 2092 5538 3662 5628">
     <span class='ocr_line' id='line_1_116' title="bbox 2092 5538 3662 5628; baseline -0.018 -9"><span class='ocrx_word' id='word_1_900' title='bbox 2092 5538 2241 5621; x_wconf 84' lang='lat' dir='ltr'><strong>terea</strong></span> <span class='ocrx_word' id='word_1_901' title='bbox 2270 5538 2439 5622; x_wconf 79' lang='lat' dir='ltr'><strong>dicat,</strong></span> <span class='ocrx_word' id='word_1_902' title='bbox 2490 5559 2709 5628; x_wconf 85' lang='lat' dir='ltr'><strong>iniquos</strong></span> <span class='ocrx_word' id='word_1_903' title='bbox 2758 5559 2926 5611; x_wconf 86' lang='lat' dir='ltr'><strong>testes</strong></span> <span class='ocrx_word' id='word_1_904' title='bbox 2947 5564 3071 5608; x_wconf 87' lang='lat' dir='ltr'><strong>esse</strong></span> <span class='ocrx_word' id='word_1_905' title='bbox 3109 5548 3378 5619; x_wconf 88' lang='lat' dir='ltr'><strong>quotquot</strong></span> <span class='ocrx_word' id='word_1_906' title='bbox 3402 5538 3662 5595; x_wconf 85' lang='lat' dir='ltr'><strong>Davidem</strong></span> 
     </span>
    </p>
   </div>
   <div class='ocr_carea' id='block_1_117' title="bbox 2091 5626 3664 5727">
    <p class='ocr_par' dir='ltr' id='par_1_117' title="bbox 2091 5626 3664 5727">
     <span class='ocr_line' id='line_1_117' title="bbox 2091 5626 3664 5727; baseline -0.018 -17"><span class='ocrx_word' id='word_1_907' title='bbox 2091 5655 2235 5727; x_wconf 76' lang='lat' dir='ltr'><strong>apud</strong></span> <span class='ocrx_word' id='word_1_908' title='bbox 2257 5653 2475 5715; x_wconf 86' lang='lat' dir='ltr'><strong>Saulem</strong></span> <span class='ocrx_word' id='word_1_909' title='bbox 2500 5626 2820 5708; x_wconf 85' lang='lat' dir='ltr'><strong>calumniati</strong></span> <span class='ocrx_word' id='word_1_910' title='bbox 2849 5652 3008 5715; x_wconf 81' lang='lat' dir='ltr'><strong>sunt;</strong></span> <span class='ocrx_word' id='word_1_911' title='bbox 3041 5641 3202 5698; x_wconf 85' lang='lat' dir='ltr'><strong>modo</strong></span> <span class='ocrx_word' id='word_1_912' title='bbox 3227 5637 3428 5709; x_wconf 86' lang='lat' dir='ltr'><strong>quippe</strong></span> <span class='ocrx_word' id='word_1_913' title='bbox 3458 5626 3664 5699; x_wconf 67' lang='grc' dir='ltr'><strong>πᾶσιῑωὶ</strong></span> 
     </span>
    </p>
   </div>
  </div>
