4100 6392
378 407 485 465 305

1484 395 1983 454 COMMENTARIA
2023 393 2090 449 IN
2129 390 2464 450 PSALMOS.

3524 393 3652 460 506;,

377 523 743 596 ἀνθρώπινον·
779 517 970 576 Εἶπον
1007 517 1080 585 τῇ
1111 517 1282 587 ¹φουχῆ
1324 535 1472 587 μου·
1532 515 1798 582 Σωτηρία
1844 530 1941 567 σοι

2059 528 2164 566 eos.
2203 510 2328 565 Haec
2353 524 2516 580 porro
2547 515 2658 561 tum
2695 507 3078 576 implebantur,
3115 522 3236 561 cum
3268 523 3298 562 a
3336 508 3650 580 metropoli.

372 619 489 688 εἰμὶ
513 615 648 686 ἐγὼ,
679 614 772 668 καὶ
813 613 881 667 τὰ
920 610 1065 681 ἑξῆς.
1094 611 1199 672 ἕως
1242 609 1357 671 τοῦ,
1393 607 1500 663 Καὶ
1548 606 1800 677 ἅγγελος
1829 609 1949 658 Κυ-

366 707 504 775 ρίου
541 706 830 760 ἐκθλίϐων
872 703 1110 767 αὐτούς.
1160 703 1270 755 Καὶ
1311 700 1487 755 ταῦτα
1527 699 1582 752 δὲ
1627 698 1946 770 ἐπληροῦτο,

373 799 460 852 ὅτε
505 797 603 866 τῆς
649 797 744 867 μὲν
787 794 994 848 ἑαυτῶν
1039 793 1425 866 μητροπόλεως
1472 792 1797 861 ἠλαύνοντο,
1841 792 1948 844 διε-

374 890 723 962 σκορπίζοντο
763 889 820 941 δὲ
858 889 938 950 είς
980 887 1154 940 πάντα
1193 886 1260 939 τὰ
1301 885 1448 956 ἔθνη.
1496 881 1629 938 Εἶτα
1665 883 1946 936 λέλεκται⁶

372 978 685 1047 Γενηθήτω
724 980 763 1046 ἡ
803 978 942 1044 ὁδὸς
980 977 1178 1031 αὐτῶν
1219 977 1437 1041 σκότος
1479 976 1578 1029 καὶ
1628 975 1944 1042 ὀλίσθημα.

382 1066 527 1130 Ὁδὸς
559 1066 615 1119 δὲ
650 1065 828 1120 αὐτῶν
857 1065 922 1136 ἣν
954 1065 1152 1118 ὥδευον
1186 1065 1352 1118 πάλαι
1393 1067 1426 1136 ή
1468 1063 1752 1135 σωματικὴ
1785 1064 1946 1132 ὲτύγ-

367 1172 497 1226 χανε
551 1155 806 1226 λατρεία,
860 1155 980 1224 ἥτις
1027 1155 1210 1219 αὐτοῖς
1265 1156 1451 1226 γέγονε
1493 1153 1680 1217 σκότος
1711 1155 1804 1207 καλ¹
1841 1154 1948 1207 ὀλί-

369 1247 584 1318 σθημα⁹
639 1245 773 1299 ἀλλὰ
821 1247 934 1309 καὶ,
968 1247 1248 1315 Ἀγγελος
1287 1245 1510 1314 Κυρίου
1568 1243 1949 1299 καταδιώκων

366 1337 606 1401 αὐτούς.
651 1335 838 1388 Ταῦτα
881 1337 976 1406 μὲν
1020 1330 1112 1388 οὖν
1158 1335 1450 1406 τάπίχειρα
1494 1327 1570 1388 ὧν
1615 1335 1734 1388 κατ’
1782 1334 1945 1388 αὑτοῦ

365 1427 780 1499 τετολμήκασιν.
824 1427 1052 1499 Ἀκούσῃ
1099 1428 1156 1480 δὲ
1206 1427 1311 1480 τῶν
1357 1427 1688 1499 εἰρημένων,
1732 1429 1828 1498 οὐχ
1871 1429 1946 1491 ὼς

364 1520 457 1572 τοῦ
484 1521 734 1591 Σωτῆρος
763 1521 1160 1590 κατευχομένου
1204 1519 1311 1572 τῶν
1362 1519 1554 1573 ἑαυτοῦ
1599 1519 1810 1590 ἐχθρῶν
1850 1520 1944 1574 τοῦ

363 1614 475 1674 τοῖς
507 1611 698 1664 ἑαυτοῦ
732 1611 997 1682 μαθηταῖς
1031 1613 1492 1684 παρηγγελκότος,
1525 1614 1945 1682 Προσεύχεσθε

362 1703 512 1771 ὑπὲρ
543 1702 660 1756 τῶν
687 1703 1128 1771 ἐπηρεαζῖἕντων
1160 1704 1256 1758 καὶ
1290 1703 1658 1758 ἀδικούντων
1681 1706 1904 1771 αὐτούς
1926 1723 1938 1735 ·

362 1793 497 1848 ἀλλὰ
527 1795 634 1865 γὰρ
665 1795 866 1848 τούτων
898 1796 1062 1850 ἄκουε
1115 1797 1190 1859 ὡς
1230 1796 1584 1869 προφητικῶς
1615 1797 1940 1870 εἰρημένων,

2055 620 2160 660 sua
2185 604 2348 672 pulsi,
2381 603 2437 656 in
2467 616 2658 656 omnes
2693 607 2879 668 gentes
2910 599 3379 670 dispergebantur.
3415 601 3624 657 Deinde

2057 698 2265 752 dictum
2298 705 2393 752 est»
2425 716 2438 750 :
2473 693 2634 747 Fiant
2664 694 2758 748 via:
2793 693 3005 747 illorum
3035 691 3252 746 tenebrae
3271 701 3320 746 et
3342 693 3634 749 lubricum;

2063 789 2160 844 \‘ia
2183 805 2288 860 qua
2327 789 2650 843 incedebant
2686 793 2802 840 crat
2840 786 3140 855 corporalis
3171 786 3261 838 ille
3283 788 3484 850 cultus,
3527 789 3618 856 qui

2053 883 2193 953 ipsis
2225 881 2462 936 tenebra:
2492 888 2544 935 ct
2578 879 2841 933 lubricum
2876 877 3006 943 fuit;
3033 878 3142 931 imo
3175 879 3358 942 etiam,
3391 879 3619 949 Angelus

2054 975 2266 1028 Domini
2293 989 2599 1042 persequens
2627 987 2734 1024 eos.
2768 969 2890 1024 Hinc
2920 985 3144 1024 suorum
3176 969 3437 1024 adversus
3463 968 3623 1023 Clu-ri-

2053 1075 2196 1122 stum
2239 1065 2542 1120 facinorum
2577 1065 2795 1135 praemia
2822 1063 2992 1118 fuere.
3028 1062 3294 1116 Caeterum
3324 1076 3444 1131 quze
3477 1061 3620 1115 dirta

2052 1169 2181 1216 sunt
2211 1176 2320 1215 non
2365 1161 2438 1213 ita
2467 1161 2704 1230 accipias
2735 1160 2915 1222 velim,
2945 1157 3102 1227 quasi
3136 1156 3388 1210 Salvator
3414 1155 3480 1210 de
3510 1155 3620 1208 iui-

2050 1255 2314 1306 micorum
2345 1250 2585 1320 pernicie
2611 1250 2892 1319 glorietur,
2918 1247 3011 1318 qui
3035 1245 3316 1315 discipulis
3340 1247 3454 1300 suis
3482 1261 3620 1316 pra:-

2050 1341 2214 1411 cepit,
2250 1340 2411 1396 Orate
2441 1357 2534 1410 pro
2562 1341 2629 1393 iis
2656 1340 2745 1410 qui
2775 1338 3066 1393 molestiam
3097 1347 3146 1390 et
3177 1336 3431 1405 injuriam
3469 1337 3618 1389 vobis

2051 1432 2286 1500 inferunt
2318 1433 2360 1462 ⁸⁷
2399 1450 2411 1485 :
2446 1431 2538 1487 sed
2569 1431 2685 1484 haec
2711 1437 2771 1484 ut
2801 1430 3114 1500 prophetice
3139 1429 3282 1483 dicta
3327 1437 3382 1483 et
3410 1427 3621 1482 futura-

2051 1540 2170 1577 rum
2223 1540 2411 1578 eorum
2478 1525 2845 1578 calamitatum
2900 1521 3204 1591 praenuntia
3269 1519 3620 1590 intelligenda

2051 1623 2198 1670 sunt.
2243 1615 2375 1681 Qum
2425 1630 2590 1670 causa
2639 1630 2802 1684 porro
2834 1612 2996 1669 fuerit
3033 1629 3132 1667 cur
3159 1629 3225 1667 ea
3271 1611 3616 1673 vaticinetur,
3667 1678 3676 1688 ι

2049 1708 2312 1777 deinceps
2344 1707 2518 1778 aperit
2543 1707 2632 1762 his
2657 1706 2840 1762 verbis
2874 1725 2886 1760 :
2919 1706 3182 1772 Quoniam
3212 1706 3377 1775 gratis
3403 1703 3620 1758 abscon-

2049 1800 2238 1855 derunt
2276 1798 2406 1852 mihi
2444 1800 2713 1852 interitum
2748 1797 2920 1867 laquei
2957 1798 3060 1861 sui,
3092 1811 3403 1864 supervacue
3428 1810 3618 1865 ea‘pro-

362 1885 454 1938 καὶ
481 1883 548 1938 τὰ
579 1884 838 1954 μέλλοντα
862 1885 1045 1950 αὐτοῖς
1080 1867 1455 1958 συμϐήσεσθαι
1490 1867 1941 1958 πρωναιρωνούν-

2045 1890 2328 1945 braverunt
2360 1892 2594 1944 animam
2626 1893 2838 1943 meam.‘

361 1997 499 2050 tow,
531 1979 716 2034 Ταῦτα
761 1981 818 2034 δὲ
871 1981 1049 2045 αὐτοῖς
1097 1982 1312 2036 ἔσεσθαι
1368 1983 1608 2048 θεσπίζει
1651 1985 1738 2038 διὰ
1779 1987 1938 2041 ποίαν
1975 1987 2174 2051 αἰτίαν,
2202 1987 2328 2058 ἑξῆς
2353 1985 2592 2040 διδάσκει
2631 1986 2841 2054 λέγων’
2870 2052 2874 2055 _
2905 1985 3034 2039 Ὅτι
3066 1981 3293 2051 δωρεὰν
3345 1979 3621 2048 ἕκρυψάν

363 2089 458 2128 uos
485 2073 812 2143 διαφθορὰν
845 2076 1094 2147 παγίδος
1126 2078 1343 2142 αὐτῶν,
1389 2079 1588 2149 μάτην
1623 2080 1942 2136 ώνείδισαν
1978 2084 2091 2152 τὴν
2116 2084 2329 2153 ψυχήν
2350 2102 2490 2154 μου.

433 2171 542 2223 Καὶ
583 2171 754 2224 ταῦτα
803 2173 901 2243 μὲν
936 2173 1066 2244 περὶ
1095 2173 1187 2226 τοῦ
1224 2174 1461 2246 πλήθους
1485 2175 1594 2229 τῶν
1626 2178 1745 2229 κατ’
1773 2176 1938 2230 αὐτοῦ

365 2261 758 2316 συνελθόντων·
795 2263 866 2317 τὰ
913 2264 969 2317 δὲ
1009 2265 1136 2334 ἑξῆς
1164 2266 1344 2318 οὐκέτι
1381 2267 1511 2336 περὶ
1549 2267 1777 2331 πολλῶν,
1813 2269 1942 2340 περὶ

360 2353 402 2406 δ’
420 2340 554 2417 ’ἑνὸς
577 2354 895 2425 λελεγμένα,
923 2355 1143 2410 δύναται
1175 2357 1671 2430 προσαγορεύεσθαι
1689 2362 1816 2432 περὶ
1845 2360 1939 2413 τοῦ

370 2444 559 2510 Ἰούδα,
593 2447 672 2510 ὃς,
711 2447 966 2520 κρύπτων
1013 2448 1110 2519 τὴν
1155 2450 1274 2503 κατ’
1305 2449 1469 2502 αὐτοῦ
1523 2453 1812 2524 συσκευὴν,
1855 2471 1941 2523 φι-

358 2537 475 2590 λίαν
505 2555 564 2591 τε
605 2538 1168 2612 καθυποκρινόμενος,
1218 2541 1482 2612 φιλήματι
1525 2543 1808 2615 παρεδίδου
1849 2546 1940 2600 τὸν

357 2629 707 2683 Διδάσκαλον.
739 2631 830 2684 Διὸ
872 2632 1000 2703 περὶ
1042 2631 1204 2686 αὐτοῦ
1251 2632 1396 2700 λέγοι
1441 2634 1509 2688 ἂν
1555 2635 1651 2698 τὸ,
1691 2637 1942 2690 Ἐλθέτω

357 2722 516 2787 αὐτῷ
543 2721 831 2791 arming
857 2725 928 2777 οὐ
958 2723 1252 2793 γινώσκει,
1286 2725 1384 2778 καὶ
1418 2727 1456 2794 η
1487 2727 1638 2794 θήρα
1665 2725 1744 2792 ἣν
1773 2726 1942 2794 ἔκρυ-

357 2814 439 2879 ψε
469 2811 821 2866 συλλαϐέτω
849 2813 1056 2876 αὐτὸν,
1093 2813 1192 2866 καὶ
1223 2813 1294 2867 ἐν
1319 2812 1394 2882 τῇ
1430 2815 1632 2884 παγίδι
1674 2816 1941 2868 πεσεῖται

357 2904 427 2966 ἐν
451 2903 626 2973 αὐτῇ.
658 2905 770 2957 Καὶ
799 2903 970 2958 ταῦτα
1005 2905 1103 2974 μὲν
1133 2907 1262 2977 περὶ
1290 2907 1513 2960 τούτων.

428 2990 503 3048 Εὖ
545 2996 603 3050 δὲ
647 2994 800 3059 εἰδὼς
845 2997 924 3059 είς
960 2991 1068 3050 οἷον
1112 2997 1312 3066 ἀγαθὸν
1349 2999 1500 3063 τέλος
1543 3002 1574 3070 ἡ
1611 2999 1743 3052 κατ’
1774 2999 1937 3054 αὐτοῦ

363 3089 770 3160 παραστήσεται
812 3087 1102 3160 ἐπιϐουλὴ,
1155 3091 1248 3144 κα)⁸
1297 3090 1454 3144 τοῦτο
1505 3091 1798 3164 παρίστησι
1849 3092 1937 3146 λέ-

358 3199 469 3248 γων
488 3198 502 3212 ⁸
549 3182 610 3235 Ὴ
641 3181 710 3234 δὲ
735 3180 905 3250 ψυχή
926 3199 1046 3251 μου
1087 3182 1516 3252 ἀγαλλιάσεται
1559 3184 1658 3237 ἐπὶ
1698 3183 1778 3250 τῷ
1819 3189 1938 3239 Κυ-

352 3275 480 3343 ρίῳ,
520 3274 912 3344 τερφθήσεται
948 3274 1028 3340 τῷ
1065 3275 1334 3343 σωτηρίῳ
1375 3277 1580 3330 αὐτοῦ.
1630 3276 1833 3331 Πάντα
1867 3277 1940 3331 τὰ

360 3366 511 3422 ὀστᾶ
533 3383 653 3436 μου
686 3367 918 3434 ἐροῦσι·
955 3369 1151 3434 Κύριε,
1184 3367 1277 3433 τίς
1312 3367 1512 3436 ὅμοιός
1551 3382 1649 3422 σοι
1669 3383 1688 3431 ;
1723 3368 1939 3436 ῥυόμε-

2113 2178 2181 2233 Et
2210 2181 2323 2234 haec
2349 2179 2567 2249 quidem
2603 2178 2670 2233 de
2693 2176 3045 2231 multitudine
3073 2182 3264 2229 contra
3292 2189 3417 2227 eum
3451 2173 3618 2227 colle-

2043 2279 2164 2336 cta;
2194 2285 2314 2340 qua:
2358 2276 2663 2338 sequuntur
2695 2275 2898 2330 autem,
2941 2281 3052 2320 non
3081 2265 3149 2320 de
3183 2265 3389 2326 multis,
3423 2262 3520 2319 sed
3550 2263 3620 2319 de

2043 2377 2165 2417 uno,
2192 2362 2366 2416 solum
2405 2359 2570 2421 dicta.
2603 2361 2669 2414 de
2701 2358 2840 2413 Juda
2885 2365 3252 2429 congruenter
3290 2358 3500 2427 prolata
3536 2355 3622 2410 in-

2043 2453 2378 2520 telligantur,
2448 2451 2540 2520 qui
2603 2450 3066 2522 conspirationem
3142 2448 3406 2506 adversus
3463 2449 3619 2504 illum

2044 2543 2333 2597 conﬂatam
2365 2542 2647 2598 occultans
2682 2543 3088 2612 amicitiamque
3116 2541 3404 2608 simulans,
3427 2541 3619 2596 osculo

2044 2633 2362 2704 Magistrum
2394 2633 2638 2688 tradidit.
2690 2633 2872 2700 Quare
2901 2633 2970 2688 de
3020 2633 3113 2687 illo
3143 2633 3342 2687 dixerit
3375 2651 3388 2687 :
3432 2631 3620 2686 Veniat

2043 2727 2126 2778 illi
2169 2725 2386 2794 laqueus
2413 2741 2562 2794 quem
2598 2726 2826 2796 ignorat,
2852 2734 2903 2780 et
2935 2723 3112 2793 captio
3148 2741 3306 2794 quam
3341 2723 3621 2778 abscondit

2044 2816 2397 2886 apprehendat
2451 2833 2592 2880 eum,
2654 2826 2703 2872 et
2753 2818 2808 2871 in
2857 2817 3104 2888 laqueum
3135 2817 3291 2872 cadat
3330 2817 3383 2870 in
3422 2818 3613 2886 ipsum.

2047 2908 2170 2966 Haec
2199 2909 2417 2979 quidem
2445 2909 2531 2964 his
2561 2911 2628 2965 de
2661 2909 2826 2965 rebus
2861 2909 3007 2964 dicta
3044 2908 3266 2966 iuerint.

2112 2998 2247 3053 Cum
2274 3001 2438 3069 probe
2468 3007 2869 3068 nosset,.quam
2899 2999 3078 3054 bonus
3129 2999 3452 3054 insidiarum
3510 3001 3638 3057 sibi

2043 3101 2355 3162 paratarum
2399 3093 2579 3147 exitus
2623 3091 2840 3146 futurus
2875 3097 3043 3154 esset,
3091 3090 3145 3145 id
3179 3106 3399 3162 quoque
3435 3092 3619 3147 decla-

2043 3192 2130 3237 rat
2158 3184 2243 3240 his
2267 3183 2448 3238 verbis
2482 3201 2496 3237 :
2530 3181 2722 3236 Anima
2761 3193 2935 3237 autem
2961 3200 3078 3238 mea
3107 3185 3394 3239 exsultabit
3423 3186 3479 3239 in
3508 3184 3620 3240 Do-

2041 3276 2206 3342 mino,
2247 3273 2595 3330 delectabitur
2633 3289 2788 3342 super
2816 3274 3047 3328 salutari
3090 3291 3208 3329 suo.
3263 3273 3458 3330 Omnia
3495 3291 3620 3330 ossa

2043 3386 2160 3424 mea
2191 3369 2361 3424 dicent
2419 3384 2438 3423 :
2483 3367 2727 3432 Domine,
2765 3369 2881 3441 quis
2934 3367 3127 3424 similis
3176 3366 3319 3429 tibi?
3369 3368 3612 3437 Eripiens

357 3476 463 3527 νος
503 3461 743 3528 πτωχὸν
781 3460 898 3514 ἀπὸ
942 3459 1062 3514 τῶν
1105 3459 1543 3530 διαρπαζόντων
1592 3463 1798 3516 αὐτόν.
1845 3463 1935 3516 Ἐν

2045 3477 2254 3532 egenum
2300 3478 2334 3515 a
2375 3459 2742 3530 diripientibus
2785 3458 2957 3513 illum.
3010 3457 3070 3513 In
3113 3461 3326 3530 psalmo
3366 3476 3478 3523 nl,
3521 3461 3634 3530 qui.

359 3550 460 3620 μὲν
485 3546 579 3605 οὖν
610 3551 686 3622 τῷ
715 3557 799 3604 κα’
827 3551 1045 3622 ψαλμῷ,
1080 3550 1269 3622 σαφῶς
1301 3553 1364 3604 ὲκ
1390 3549 1678 3623 προσώπου
1707 3551 1803 3606 τοῦ
1832 3552 1940 3606 Σω-

355 3640 523 3712 τῆρος
568 3639 897 3712 λελεγμένῳ,
946 3641 1162 3711 εἴρητοο
1205 3640 1360 3698 Ὠσει
1411 3640 1567 3708 ὕδωρ
1618 3641 1934 3710 ἐξεχύθην,

356 3731 456 3786 καὶ
489 3731 918 3801 διεσκορπίσθη
959 3732 1155 3787 πάντα
1202 3732 1273 3786 τὰ
1298 3731 1449 3787 ὀστᾶ
1470 3751 1589 3801 μου
1609 3751 1622 3763 ·
1650 3733 1744 3786 τοῦ
1777 3732 1935 3802 λόγου

360 3822 712 3892 σημαίνοντος
755 3822 864 3877 τῶν
917 3823 1229 3876 ἀποστόλων
1277 3823 1439 3876 αὑτοῦ
1484 3823 1575 3876 τὸν
1623 3824 1938 3895 διασκορπι-

359 3913 494 3984 σμὸν
527 3915 622 3967 καὶ
650 3914 747 3986 τὴν
790 3915 986 3986 φυγὴν,
1019 3915 1085 3986 ἢν
1117 3915 1415 3984 ὑπέμειναν
1453 3915 1592 3976 κατὰ
1629 3917 1718 3968 τὸν
1749 3917 1938 3986 καιρὸν

356 4005 451 4060 τοῦ
487 4006 691 4070 πάθους
728 4007 890 4060 αὑτοῦ
911 4046 926 4070 ,
971 4008 1059 4060 ὅτε
1098 4005 1399 4078 ἐπληροῦτο
1435 4007 1525 4060 τόδ
1555 4005 1804 4072 Πατάξω
1832 4007 1940 4061 τὸν

357 4098 628 4168 ποιμένα,
662 4099 761 4153 καὶ
792 4099 1405 4169 διασκορπισθήσεται
1434 4097 1508 4153 τὰ
1539 4100 1800 4167 πρόϐατα
1827 4098 1940 4168 τῆς

358 4190 632 4259 ποίμνης.
675 4191 837 4244 Ὀστᾶ
885 4190 994 4262 γὰρ
1036 4185 1175 4261 ἦσαν
1219 4188 1314 4243 τοῦ
1377 4188 1624 4261 σώματος
1677 4191 1841 4244 αὐτοῦ
1887 4194 1938 4244 οἱ

360 4281 564 4353 πρῶτοι
591 4283 756 4336 αὐτοῦ
791 4283 1051 4356 μαθηταὶ,
1087 4285 1136 4338 οἳ
1169 4283 1290 4337 τότε
1319 4285 1416 4354 μὲν
1446 4283 1939 4358 διεσκορπίσθησαν

361 4374 838 4438 σκανδαλισθέντες
863 4377 950 4429 ἐπ’
979 4375 1147 4446 αὐτῷ,
1171 4375 1359 4448 ὥσπερ
1386 4374 1480 4430 οὖν
1508 4377 1603 4432 καὶ
1631 4377 1793 4441 αὐτὸς
1819 4377 1940 4448 ἐδή-

358 4466 449 4520 λου
480 4467 654 4535 λέγων
672 4485 685 4497 ’
736 4466 966 4533 Πάντες
1011 4467 1179 4536 ὑμεῖς
1229 4468 1834 4536 σκανδαλισθήσεσθε
1871 4469 1941 4523 ἐν

357 4559 487 4630 ἐμοὶ
511 4559 582 4613 ἐν
606 4558 682 4627 τῇ
711 4560 882 4613 νυκτὶ
923 4562 1132 4631 ταύτῃ.
1192 4561 1346 4615 Μετὰ
1389 4561 1448 4614 δὲ
1484 4562 1584 4633 τήν
1625 4561 1936 4624 ἀνάστασιν,

359 4655 681 4724 θεασάμενοι
713 4654 895 4717 αὑτὸν,
924 4654 1318 4727 ἐπληρώθησαν
1357 4655 1532 4727 χαρᾶς
1557 4655 1649 4710 καὶ
1679 4655 1938 4724 ἀγαλλιά-

361 4762 518 4808 σεως.
554 4744 666 4798 Καὶ
696 4747 753 4797 ὲν
783 4749 897 4809 τοῖς
935 4746 1072 4818 μετὰ
1116 4749 1303 4818 χεῖρας
1347 4746 1405 4800 δὲ
1448 4749 1577 4819 περὶ
1613 4747 1720 4801 τῶν
1759 4748 1939 4804 αὐτῶν

358 4835 626 4888 λέλεκταν
661 4835 864 4889 Πάντα
897 4835 970 4891 τὰ
1012 4836 1164 4891 ὀστᾶ
1202 4856 1320 4906 μου
1353 4839 1588 4908 ἐροῦσιο
1624 4839 1819 4906 Κύριε,
1852 4840 1942 4906 τίς

359 4930 560 4998 ὅμοιός
585 4943 718 4991 σοι;
751 4929 961 5000 Σφόδρα
991 4930 1047 4983 δὲ
1081 4929 1391 5001 κατάλληλα
1433 4931 1512 5002 τῷ
1547 4930 1640 4984 τοῦ
1690 4931 1944 5001 Σωτῆρος

361 5023 516 5095 ήμῶν
547 5021 820 5095 προσώπῳ
856 5024 949 5076 καὶ
975 5023 1042 5077 τὰ
1082 5023 1292 5086 τούτοις
1320 5026 1638 5095 συνημμένα
1663 5024 1940 5094 τυγχάνει,

359 5116 428 5170 δι’
471 5109 546 5169 ὧν
596 5115 809 5186 εἴρηται
833 5133 847 5146 ο
892 5115 1288 5181 Ἀναστάντες
1329 5114 1625 5184 μάρτιιρες
1671 5115 1860 5170 ἄδικοι
1903 5117 1944 5172 ἆ

361 5209 472 5261 οὐκ
513 5207 846 5277 ἐγίνωσκον
883 5207 1123 5275 ἠρώτων
1167 5224 1264 5278 με.
1304 5206 1811 5261 Ἀνταπεδίδοσάν
1839 5226 1942 5277 μοι

361 5301 594 5369 πονηρὰ
622 5301 754 5355 ἀντὶ
779 5299 1035 5368 ἀγαθῶν,
1058 5301 1156 5354 καὶ
1177 5301 1462 5354 ἀτεκνίαν
1492 5299 1568 5368 τῇ
1598 5299 1772 5368 ψυχῇ
1799 5318 1936 5369 μου,

362 5392 583 5458 Τούτοις
609 5395 770 5465 ὃμοια
809 5393 904 5446 καὶ⁹
947 5394 1004 5446 ἐν
1043 5399 1125 5466 ρη¹
1159 5391 1356 5463 ψαλμῷ
1394 5393 1642 5464 εὑρήσεις
1667 5393 1726 5444 ὲν
1750 5387 1832 5456 οἷς
1859 5393 1941 5444 εἴ·

366 5501 554 5555 ρηται·
607 5485 720 5540 Καὶ
768 5483 1156 5554 ἐπολέμησάν
1205 5501 1281 5553 με
1331 5483 1587 5552 δωρεάν·
1647 5483 1784 5538 ἀντὶ
1832 5483 1940 5537 τοῦ

359 5576 600 5646 ἀγαπᾷν
631 5595 710 5647 με
739 5575 1129 5630 malesuada
1147 5593 1223 5646 με
1241 5593 1254 5606 ο
1284 5576 1384 5630 καὶ
1413 5577 1616 5630 ἔθεντο
1645 5576 1772 5629 κατ’
1792 5574 1939 5644 ἐμοῦ

364 5668 518 5726 κακὰ
559 5669 694 5724 ἀντὶ
742 5667 997 5738 ἀγαθῶν,
1027 5668 1124 5721 καί
1157 5667 1338 5736 μῖσος
1385 5667 1518 5720 ἀντὶ
1571 5665 1680 5734 τῆς
1710 5665 1939 5736 ἀγαπή-

2041 3560 2228 3622 aperte
2256 3567 2324 3607 ex
2361 3567 2594 3622 persona
2629 3551 2929 3607 Salvatoris
2975 3553 3363 3622 pronuntiatus
3394 3560 3498 3616 est,
3537 3555 3618 3608 sic

2040 3641 2272 3696 habetur
2300 3660 2313 3696 :
2347 3641 2497 3696 Sicut
2536 3658 2677 3711 aqua
2709 3642 2908 3710 e/fusus
2956 3656 3095 3702 sum,
3141 3648 3191 3697 et
3222 3639 3461 3709 dispersa
3494 3647 3641 3695 sunt

2041 3734 2221 3788 omnia
2253 3750 2376 3787 ossa
2406 3752 2521 3788 mea
2557 3737 2622 3790 ".
2657 3735 2862 3804 Hisque
2911 3733 3184 3804 signiﬁcat
3243 3733 3635 3804 apostolorum

2040 3825 2162 3892 ejus
2187 3823 2608 3892 dispersionem,
2631 3834 2685 3880 et
2715 3826 2897 3895 fugam
2924 3841 3044 3894 quae
3069 3832 3313 3895 tempore
3343 3826 3620 3895 passionis

2041 3915 2160 3985 ejus
2185 3915 2403 3978 accidit,
2430 3917 2649 3986 quando
2675 3917 2955 3986 impletum
2985 3915 3085 3968 fuit
3113 3915 3243 3969 illud
3272 3935 3286 3970 :
3312 3915 3620 3970 Percutiam

2044 4015 2331 4076 pastorem,
2359 4017 2410 4062 et
2437 4007 2804 4078 dispergentur
2833 4022 2950 4060 oves
2981 4007 3152 4075 gregis
3185 4007 3252 4061 ”.
3283 4006 3418 4060 Nam
3454 4009 3617 4078 primi

2041 4099 2162 4168 ejus
2191 4099 2467 4168 discipuli,
2493 4114 2620 4154 ossa
2648 4099 2896 4168 corporis
2937 4096 3110 4167 ipsius
3135 4103 3313 4163 erant,
3363 4099 3457 4168 qui
3484 4107 3620 4154 tunc

2041 4191 2277 4261 dispersi
2303 4203 2433 4246 sunt
2468 4191 2787 4247 scandalum
2815 4189 2963 4261 passi
2992 4189 3045 4243 in
3077 4189 3229 4259 ipso;
3262 4188 3616 4259 quemadmo-

2045 4283 2176 4338 dum
2208 4283 2325 4353 ipse
2349 4282 2652 4339 declaravit
2681 4283 2782 4338 boc
2812 4281 2974 4337 modo
3007 4301 3020 4337 :
3061 4281 3253 4338 Omnes
3283 4298 3372 4337 vos
3396 4279 3620 4336 scanda-

2047 4377 2157 4431 lum
2182 4377 2456 4447 patiemini
2487 4378 2541 4431 in
2565 4393 2646 4432 me
2683 4378 2789 4431 ista
2822 4384 2970 4430 nocte
2997 4376 3062 4432 ³⁸.
3097 4375 3226 4430 Post
3254 4373 3615 4431 resurrectio-

2043 4484 2170 4525 nem
2214 4485 2370 4534 vero,
2414 4470 2506 4524 ubi
2555 4470 2734 4540 ipsum
2783 4476 3213 4539 conspexerunt,
3247 4467 3438 4538 repleti
3486 4476 3616 4523 sunt

2045 4562 2243 4632 gaudio
2275 4572 2328 4618 et
2348 4563 2729 4618 exsultatione.
2765 4561 2821 4616 In
2849 4562 2935 4618 his
2966 4562 3093 4618 item
3121 4576 3240 4632 qua:
3264 4563 3376 4630 jam
3410 4559 3616 4628 agitan-

2045 4663 2137 4709 tur
2160 4655 2228 4710 de
2253 4655 2364 4710 illis
2387 4655 2593 4710 dictum
2618 4665 2702 4711 est
2731 4675 2744 4710 :
2775 4655 2967 4710 Omnia
2997 4671 3120 4710 ossa
3143 4670 3257 4707 mea
3284 4652 3479 4715 dicent,
3507 4650 3616 4704 Do-

2047 4746 2208 4809 mine,
2236 4747 2352 4817 quis
2385 4747 2576 4801 similis
2606 4747 2701 4802 tibi
2725 4749 2749 4802 ?
2777 4745 2908 4813 Quae
2938 4745 3007 4802 iis
3039 4759 3200 4815 porro
3222 4743 3612 4813 subjiciuntur,

2048 4852 2295 4908 personae
2329 4835 2633 4893 Salvatoris
2689 4837 2866 4892 nostri
2911 4835 3200 4891 admodum
3257 4834 3618 4904 congruentia

2046 4937 2196 4995 sunt,
2221 4945 2342 4999 quae
2389 4930 2471 4985 sic
2503 4930 2704 4985 habent
2749 4949 2763 4985 :
2795 4929 3075 4999 Surgentes
3108 4936 3262 4982 testes
3296 4925 3464 4994 iniqui
3499 4940 3616 4994 qute

2044 5019 2351 5090 ignorabam
2378 5020 2773 5090 interrogabant
2793 5035 2893 5073 me.
2918 5015 3285 5072 Retribuebant
3316 5015 3443 5069 milii
3469 5015 3618 5067 mala

2045 5129 2141 5182 pro
2169 5112 2338 5179 bonis,
2377 5111 2710 5166 sterilitatem
2738 5112 2930 5164 anima:
2975 5124 3122 5166 mete.
3153 5105 3250 5163 His
3275 5105 3454 5160 aliinia
3485 5111 3617 5160 sunt

2043 5219 2164 5273 quae
2194 5203 2250 5258 in
2284 5205 2494 5276 psalmo
2523 5219 2651 5259 evm
2685 5204 2956 5258 habentur
2984 5201 3070 5256 his
3099 5200 3279 5255 verbis
3304 5216 3319 5253 :
3354 5198 3424 5252 Et
3452 5211 3617 5264 expu-

2043 5306 2331 5364 gnaverunt
2361 5313 2442 5351 me
2470 5297 2664 5366 gratis.
2708 5295 2817 5349 Pro
2848 5311 2906 5348 eo
2938 5304 2996 5350 ut
3029 5309 3110 5346 me
3131 5292 3406 5362 diligerent
3435 5289 3615 5343 detra-

2041 5389 2232 5442 hebant
2269 5389 2416 5444 milti.
2456 5389 2520 5441 Et
2561 5396 2846 5458 posuerunt
2884 5387 3163 5440 adversum
3215 5400 3296 5436 me
3339 5381 3484 5434 mala
3518 5397 3625 5450 pro.

2043 5478 2213 5544 bonis,
2253 5488 2305 5532 et
2345 5479 2524 5532 odium
2564 5495 2659 5548 pro
2695 5477 2974 5531 dilectione
3004 5491 3120 5529 mea
3149 5474 3216 5527 ⁸¹.
3255 5472 3613 5528 Sterilitatem

2040 5588 2170 5628 vero
2225 5571 2492 5642 parabant
2531 5571 2632 5640 ipsi
2666 5571 2758 5637 qui
2811 5569 2948 5623 nihil
2996 5584 3105 5624 non
3148 5566 3342 5638 agebat
3386 5571 3448 5620 ut
3480 5579 3639 5618 con-.
3691 5609 3699 5617 .

2041 5674 2290 5736 gregaret
2326 5665 2449 5719 illos
2492 5679 2554 5718 ac
2585 5663 2688 5718 sibi
2740 5669 3126 5734 regeneraret;
3185 5658 3330 5731 quod
3372 5658 3488 5730 ipse
3529 5656 3634 5718 sic.

435 5849 478 5895 ’.⁷
519 5847 649 5910 Luc.
687 5865 775 5917 vr,
807 5849 894 5904 ‘28.
979 5845 1180 5903 "Psal.
1217 5863 1328 5912 ut,
1375 5848 1454 5905 15.
1533 5845 1756 5908 "Zach.
1793 5863 1927 5914 xm,

2089 5845 2134 5879 “
2175 5845 2360 5900 Matth.
2395 5861 2544 5914 xxvi,
2578 5844 2666 5902 51.
2743 5845 2785 5877 ³¹
2825 5842 2971 5900 Psal.
3005 5857 3169 5910 cvm,
3203 5841 3263 5904 5.,
