4100 6414
431 400 538 460 507
1171 400 1441 458 EUSEBII
1478 401 1954 460 CASSARIENSIS
1992 402 2142 461 OPP.
2179 402 2360 459 PARS
2395 403 2481 461 ΙΙΙ.
2518 434 2592 445 -—
2626 390 3060 461 EXEGETICA.‘
3579 403 3685 460 308

433 515 695 574 indicavit
739 533 755 569 :
812 514 1030 580 Quoties
1082 514 1224 569 volui
1289 532 1603 586 congregare
1665 517 1807 586 ﬁlios
1861 525 2006 577 tuos,

2131 516 2267 583 νεώς
2312 534 2452 585 μου.
2517 515 2792 570 ’Λτεκνίαν
2842 516 2900 570 δὲ
2947 514 3094 587 αὐτῷ
3141 516 3460 588 εἰργάσαντο
3511 517 3687 574 πάντα

431 608 872 683 quemadmodum
932 607 1138 679 gallina
1186 620 1467 679 congregat
1514 610 1685 679 pullos
1743 625 1866 664 suos
1914 607 2009 663 sub

2131 610 2407 681 πράττοντι
2445 610 2538 662 ἐπὶ
2565 608 2627 661 τὸ
2668 611 2994 677 συναγαγεῖν
3025 608 3222 671 αὐτοὺς
3256 608 3351 663 καὶ
3388 609 3685 681 ἀναγεννῆ-

433 699 575 765 alas,
623 707 672 751 et
703 696 1061 770 noluistis".
1098 696 1190 753 Sic
1236 697 1422 769 itaque
1473 700 1850 755 retribuerunt
1904 697 2011 768 ipsi

2131 717 2208 753 sat
2239 700 2418 771 ἑαυτῷ
2438 716 2450 726 ·
2479 700 2507 753 ὃ
2541 700 2605 771 δὴ
2643 697 2739 754 καί
2782 700 2969 771 ὲδήλου
3009 699 3216 769 λέγων’
3262 700 3528 769 Ποσάκις
3564 702 3689 758 ἐθέ-

432 791 576 847 mala
618 806 719 861 pro
748 791 928 855 bonis,
975 797 1029 846 et
1063 789 1405 847 sterilitatem
1437 794 1632 847 animae
1656 793 1797 862 ejus.

2131 795 2280 860 ιησα
2308 791 2769 862 ἐπισυναγαγεῖν
2792 793 2866 847 τὰ
2893 793 3076 850 τέκνα
3109 809 3225 847 σου
3259 793 3333 848 δν
3356 796 3577 863 τρόπον
3594 795 3691 866 δρ-

434 886 533 951 νὶς
557 884 908 954 ἐπισυνάγει
938 885 1011 940 τὰ
1044 885 1268 940 νοσσία
1317 885 1436 940 ὑπὸ
1475 886 1583 949 τὰς
1598 887 1914 958 πτέρυγας,
1980 886 2081 940 καὶ
2117 889 2229 941 οὐκ
2280 888 2652 957 ὴθελήσατε;
2692 887 2849 944 Οὕτω
2902 891 3033 957 γοῦν
3079 889 3494 944 ἀνταπεδίδοσαν
3541 890 3689 964 αὐτῷ

435 975 653 1047 πονηρὰ
681 977 800 1028 ἀντὶ
822 976 1062 1045 ἀγαθῶν,
1090 978 1185 1031 καὶ
1207 978 1457 1032 ἀτεκνίαν
1489 981 1553 1049 τῇ
1585 978 1727 1050 ψυχῇ
1755 980 1941 1034 αὐτοῦ.

428 1090 432 1099 ’
506 1069 635 1127 Haec
655 1072 851 1128 ibidem
873 1073 1220 1141 vaticinatus,
1245 1074 1299 1128 in
1313 1075 1665 1145 sequentibus
1685 1091 1841 1131 suam
1858 1090 2014 1129 man-

2203 1072 2359 1127 Ἀλλὰ
2405 1071 2513 1144 γὰρ
2561 1073 2618 1125 ὲν
2656 1070 2866 1134 τούτοις
2913 1070 3085 1124 ταῦτα
3125 1069 3411 1134 θεσπίσας,
3451 1068 3537 1124 διὰ
3580 1066 3690 1125 τῶν

437 1162 779 1219 suetudinem
825 1172 881 1219 et
930 1165 1276 1221 tolerantiam
1330 1167 1590 1231 declarat,
1622 1167 1816 1224 dicens
1852 1186 1865 1221 :
1901 1166 2012 1239 Ego

2131 1166 2246 1237 ἑξῆς
2268 1165 2329 1219 τὸ
2350 1164 2513 1219 αὑτοῦ
2541 1163 2917 1236 φιλάνθρωπον
2939 1162 3032 1216 καὶ
3056 1161 3372 1226 ἀνεξίκακον
3395 1160 3689 1235 παρίστησι

436 1265 614 1309 autem
639 1254 765 1309 dum
792 1256 923 1312 mihi
960 1257 1169 1313 molesti
1197 1270 1367 1313 essent
1400 1259 1657 1313 induebar
1680 1260 1874 1314 cilicio.
1906 1258 2013 1315 Pro

2131 1260 2316 1328 λέγων·
2362 1256 2511 1327 Ἐγὼ
2554 1256 2605 1309 δ’
2643 1258 2713 1310 ὲν
2760 1254 2840 1331 τῷ
2880 1254 3100 1319 αὐτοὺς
3143 1253 3536 1333 παρενοχλεῖν
3565 1270 3688 1323 μοι,

435 1343 533 1400 illo
573 1352 779 1411 autem,
805 1346 929 1405 dum
961 1348 1091 1402 mihi
1148 1350 1357 1404 molesti
1405 1360 1598 1411 essent,
1637 1350 1776 1406 mire
1820 1350 2012 1405 admo-

2131 1350 2451 1420 ὲνεδυόμην
2489 1348 2714 1416 σάκκῳ.
2766 1347 2909 1400 Ἀντὶ
2957 1347 3013 1401 δὲ
3056 1346 3172 1411 τοῦ,
3210 1348 3312 1401 Ἐν
3348 1345 3429 1412 τῷ
3471 1345 3690 1411 αὐτοὺς

435 1438 566 1493 dum
604 1438 801 1508 Aquila
823 1438 956 1495 dicit
985 1459 999 1495 :
1029 1439 1137 1512 Ego
1169 1452 1342 1497 autem
1373 1444 1427 1497 in
1467 1443 1776 1511 inﬁrmitate
1806 1459 2008 1507 eorum,

2131 1441 2514 1512 πταρενοχλεῖν
2530 1459 2660 1511 μοι,
2687 1441 2889 1512 σφόδρα
2918 1437 3245 1511 θαυμαστῶς
3273 1441 3301 1492 ὁ
3329 1438 3429 1509 μὲν
3463 1437 3691 1503 ’Δκύλας

436 1529 801 1589 indumentum
824 1548 995 1588 meum
1025 1534 1293 1598 cilicium;
1339 1533 1700 1606 Symmachus
1731 1549 1859 1590 vero
1890 1552 1903 1588 :
1941 1532 2011 1588 In

2131 1535 2279 1607 ρησίο
2307 1534 2414 1590 Kal
2447 1532 2562 1603 ἐγὼ
2604 1533 2676 1586 ἐν
2711 1533 3011 1601 ἁρῤωστίᾳ
3059 1530 3259 1585 αὐτῶν
3296 1530 3546 1596 ἔνδυσίς
3571 1546 3695 1599 μου

437 1622 848 1691 inﬁrmitatibus
901 1640 1082 1679 eorum
1123 1624 1486 1685 indumentum
1528 1641 1699 1679 meum
1737 1625 2011 1689 cilicium;

438 1707 815 1768 Theodotioet
844 1714 1037 1783 quinta
1060 1713 1227 1769 editio
1254 1732 1266 1767 :
1297 1713 1410 1782 Ego
1432 1722 1609 1767 autem
1636 1730 1754 1768 cum
1776 1713 1859 1768 illi
1892 1729 2010 1766 mo-

2112 1626 2363 1691 σάκκος*
2389 1627 2418 1679 ὁ
2444 1625 2502 1678 δὲ
2527 1624 2849 1694 Σύμμαχος·
2884 1622 3056 1692 Ἐμοῦ
3084 1622 3153 1675 ἐν
3184 1622 3313 1687 ταῖς
3338 1621 3692 1689 ἀῤῥωστίαις

2112 1718 2310 1773 αὐτῶν
2333 1718 2399 1771 τὸ
2427 1716 2657 1785 ἔνδυμα
2689 1715 2952 1782 σάκκοςο
2986 1716 3079 1769 καὶ
3123 1717 3151 1769 δ
3188 1714 3480 1789 Θεοδοτίων
3513 1713 3571 1766 δὲ
3599 1712 3693 1767 καὶ

441 1801 594 1856 testia
622 1804 902 1873 ofﬁcerent.
943 1802 1084 1859 Mala
1129 1805 1331 1875 quippe
1352 1813 1405 1860 et
1442 1803 1793 1859 inﬁrmitates
1819 1818 2008 1859 eorum

2131 1815 2144 1883 'j
2174 1814 2400 1884 πέμπτη
2429 1811 2637 1877 ἔκδυσις
2654 1830 2668 1845 ο
2715 1810 2864 1881 Ἐγὼ
2890 1808 2960 1862 δὲ
2986 1810 3057 1863 ἐν
3080 1807 3161 1874 τῷ
3196 1807 3694 1877 παρενοχλεῖσθαι

441 1893 736 1952 miseratus
796 1892 1082 1959 Dominus,
1160 1908 1352 1950 eorum
1431 1909 1605 1951 causa
1698 1895 1755 1949 in
1821 1894 2008 1949 luctus

439 1992 495 2041 et
523 1986 933 2053 lamentationis
979 1987 1199 2058 signum
1232 1982 1416 2042 cilicio
1471 1987 1847 2045 induebatur:
1899 1986 2013 2041 imo

439 2079 601 2135 etiam
633 2079 965 2136 humiliabat
1013 2081 1069 2135 in
1099 2080 1314 2151 jejunio
1343 2081 1581 2136 animam
1608 2097 1786 2137 suam.
1831 2080 2017 2148 Quare

441 2177 513 2228 tta
547 2168 818 2230 docebat:
853 2170 1048 2225 Tristis
1090 2182 1169 2225 est
1206 2172 1386 2226 anima
1413 2188 1531 2225 mea
1579 2189 1741 2243 usque
1770 2173 1841 2226 ad
1870 2188 2014 2233 mor-

441 2271 544 2316 tem
561 2261 645 2328 “;
676 2268 761 2317 et:
818 2259 978 2315 Nunc
1019 2262 1199 2317 anima
1243 2279 1361 2317 mea
1407 2263 1625 2322 turbata
1670 2273 1749 2320 est
1773 2264 1838 2319 “.
1889 2262 2018 2319 Haec

442 2354 587 2415 enim
614 2353 669 2407 vi
706 2352 1156 2410 mansuetudinis
1200 2370 1314 2410 sua:
1347 2355 1641 2419 tolerabat,
1668 2356 1835 2413 veluti
1860 2365 2019 2427 pater

444 2445 512 2500 de
534 2443 772 2515 ﬁliorum
804 2443 1049 2514 pernicie
1076 2445 1430 2502 vehementer
1459 2447 1649 2509 dolens
1676 2457 1840 2519 atque
1875 2462 2018 2505 ma:-

445 2549 594 2591 rens.
644 2533 1010 2601 Quamobrem
1060 2542 1116 2593 in
1170 2537 1452 2609 prophetis
1503 2537 1570 2594 de
1616 2538 1711 2592 illo
1769 2538 2014 2597 dicitur:

447 2625 629 2697 Homo
659 2628 715 2682 in
737 2628 899 2699 plaga
931 2630 1272 2696 constitutus,
1301 2639 1351 2684 et
1396 2631 1565 2685 sciens
1610 2630 1748 2701 ferre
1788 2631 2019 2700 inﬁrmi-

444 2718 698 2791 tatem”;
746 2726 800 2773 et
841 2734 1093 2791 rursum:
1132 2720 1253 2789 Ipse
1296 2730 1512 2789 peccata
1557 2730 1744 2775 nostra
1796 2730 1999 2790 portat,

442 2819 491 2865 et
527 2826 624 2879 pro
647 2809 798 2865 nobis
825 2810 968 2879 dolet
987 2812 1068 2876 ³⁶;
1101 2820 1155 2867 et
1184 2812 1420 2869 iterum:
1465 2811 1584 2881 Ipse
1618 2822 1800 2869 autem
1842 2812 2021 2867 vulne-

444 2912 594 2957 ratus
627 2910 705 2957 est
752 2912 970 2973 propter
1014 2915 1232 2973 peccata
1260 2914 1468 2970 nostra,
1498 2916 1545 2960 et
1585 2904 1746 2959 vibice
1777 2905 1891 2974 ejus
1927 2920 2021 2963 nos

442 2993 623 3048 sanati
649 3010 832 3049 sumus
847 2996 914 3051 ³⁷.
950 2994 1081 3053 Ideo
1127 2996 1183 3050 in
1209 2995 1627 3057 inﬁrmitatibus
1653 3010 1865 3059 eorum,
1896 3009 2022 3049 cum

442 3083 523 3154 illi
553 3085 806 3142 molestia
833 3085 1199 3153 adicerentur,
1223 3088 1564 3160 prospiciens
1595 3087 1848 3145 Salvator
1877 3101 2031 3153 mor:

2114 1904 2355 1971 αὐτοὺς,
2390 1906 2699 1976 εἰρήκασιν.
2762 1901 2916 1956 Ἐπεὶ
2947 1900 3056 1972 γὰρ
3096 1902 3206 1963 τοῖς
3250 1898 3472 1953 ἐκείνοιν
3505 1898 3697 1961 κακοῖς

2114 1996 2208 2049 καὶ
2249 1997 2367 2060 ταῖς
2399 1996 2731 2067 ἀρρωστίαις
2776 1992 2875 2063 τῆς
2907 1990 3086 2046 αὐτῶν
3132 1988 3309 2059 ψυχῆς
3360 1988 3697 2058 συμπάσχων

2115 2089 2144 2140 ὁ
2172 2086 2363 2157 Σωτὴρ
2392 2084 2620 2148 πένθους
2652 2084 2745 2138 καὶ
2787 2079 3036 2155 ὀδυρμῶν
3076 2076 3319 2149 σύμϐολα
3361 2079 3521 2141 ποιεῖ,
3564 2076 3700 2131 σάκ-

2117 2194 2210 2231 κον
2242 2175 2692 2248 περιϐαλλόμενος
2745 2173 2884 2245 ὑπὲρ
2934 2170 3135 2235 αὐτῶν,
3167 2169 3303 2223 ἀλλὰ
3346 2168 3441 2223 καὶ
3483 2166 3699 2221 ἐταπεί-

2117 2286 2208 2323 νου
2245 2270 2302 2321 ἐν
2344 2267 2568 2338 νηστείᾳ
2610 2266 2707 2337 τὴν
2743 2264 2919 2336 ψυχὴν
2957 2260 3143 2317 αὐτοῦ.
3192 2259 3285 2313 Διὺ
3325 2260 3419 2313 καὶ
3454 2257 3699 2312 ἐδίδασκε

2117 2357 2288 2427 λέγων
2307 2374 2320 2387 ⁸
2346 2358 2683 2425 Περίλυπός
2704 2355 2873 2409 ἐστιν
2890 2354 2930 2421 ἢ
2953 2348 3122 2420 ψυχή
3138 2366 3257 2418 μου
3277 2348 3387 2414 ἓως
3408 2345 3664 2402 θανάτου
3679 2361 3696 2375 ·

2118 2450 2248 2514 καὶ,
2294 2449 2424 2504 Νῦν
2474 2449 2512 2517 ἡ
2564 2446 2734 2517 ψυχή
2776 2462 2896 2515 μου
2946 2443 3314 2512 τετάρακται.
3358 2438 3546 2493 Ταῦτα
3590 2436 3702 2509 γὰρ

2120 2537 2394 2610 ὑπερϐολῇ
2430 2535 2840 2608 φιλανθρωπίας
2878 2533 3168 2603 ὑπέμεινεν
3206 2530 3574 2602 ὑπερπάσχων
3605 2527 3705 2581 καί

2121 2631 2464 2703 ὑπεραλγῶν,
2499 2625 2586 2684 οἶα
2622 2629 2803 2700 πατὴρ
2848 2629 2932 2697 ἐφ’
2964 2628 3113 2691 υἱοὺς
3150 2623 3571 2694 ἀπολλυμένους.
3611 2621 3706 2676 Διὸ

2121 2725 2305 2793 ἔλεγεν
2355 2726 2413 2779 ὲν
2466 2724 2770 2795 προφήταις
2828 2722 2958 2793 περὶ⁵
3020 2718 3215 2775 αὐτοῦ·
3258 2719 3591 2787 Ἀνθρωπος
3632 2714 3708 2770 ἐν

2122 2815 2327 2886 πληγῇ
2351 2813 2458 2880 ὢν,
2482 2814 2582 2868 και
2604 2813 2774 2880 είδὼς
2799 2813 3002 2883 φέρειν
3022 2812 3327 2882 μαλακίαν
3344 2826 3358 2840 ⁸
3382 2810 3476 2863 καὶ
3502 2808 3665 2863 πάλιν
3680 2821 3702 2839 ⁸

2127 2907 2313 2976 Οὗτος
2340 2909 2447 2976 τὰς
2478 2908 2766 2978 ἁμαρτίας
2807 2906 2974 2976 ἡμῶν
2997 2906 3180 2975 φέρει,
3228 2903 3328 2957 καὶ
3371 2900 3506 2970 περὶ
3536 2897 3708 2971 ἡμῶν

2125 3000 2445 3057 ὀδυνᾶταιτ
2478 3000 2574 3054 καὶ
2615 2998 2802 3061 αὖθις·
2833 2997 3026 3063 Αὐτὸς
3055 2996 3106 3049 δ’
3137 2994 3581 3064 ὲτραυματίσθη
3608 2991 3707 3048 διὰ

2127 3097 2233 3162 τὰς
2260 3093 2546 3164 ἁμαρτίας
2573 3091 2760 3162 ἡμῶν,
2792 3092 2887 3145 καὶ
2921 3091 3003 3157 τῷ
3022 3090 3267 3161 μώλωπι
3299 3086 3484 3142 αὐτοῦ
3538 3085 3709 3156 ἡμεῖς

445 3185 561 3255 tem,
589 3177 741 3248 ipsos
788 3185 1206 3251 occupaturam,
1260 3188 1427 3252 atque
1469 3191 1774 3238 extremam
1831 3196 2023 3239 eorum

2132 3184 2398 3252 ίιὶθημεν.
2435 3180 2525 3236 Διὸ
2553 3182 2647 3237 καὶ
2682 3182 2740 3233 ὲν
2777 3183 2897 3243 ταῖς
2928 3177 3261 3251 ἀρρωστίαις
3293 3174 3471 3229 αὐτῶν
3516 3175 3611 3228 καὶ
3648 3175 3708 3229 ὲν

445 3269 771 3339 perniciem,
793 3286 986 3329 eorum
1026 3287 1195 3339 causa
1244 3272 1575 3329 induebatur
1608 3270 1806 3336 cilicio,
1837 3280 1888 3326 et
1923 3271 2025 3325 hu-

445 3356 698 3423 miliabat
742 3360 796 3415 in
821 3360 1034 3431 jejunio
1075 3363 1313 3424 animam
1344 3378 1525 3420 suam.
1559 3362 1643 3417 llli
1683 3376 1815 3417 vero
1851 3361 1925 3415 ita
1965 3375 2026 3417 se

447 3448 735 3519 gerebant,
782 3461 845 3506 ut
895 3451 1077 3507 oratio
1112 3451 1331 3508 Domini
1363 3469 1461 3524 pro
1506 3453 1644 3524 ipsis
1673 3452 1877 3519 oblata,
1913 3467 2026 3506 non

445 3541 517 3601 ad
568 3556 733 3615 aures
777 3558 957 3617 usque
987 3543 1171 3601 Patris
1221 3546 1538 3615 adveniret;
1580 3547 1677 3602 sed
1731 3546 1889 3617 quasi
1928 3561 2021 3601 re-

444 3636 607 3711 pulsa
631 3638 701 3711 ab
729 3638 1030 3713 impietatis
1053 3654 1249 3695 eorum
1277 3641 1678 3717 magnitudine,
1716 3640 2030 3696 retrahere-

446 3733 543 3782 tur
580 3735 635 3787 et
682 3729 752 3784 ad
801 3730 984 3801 ipsum
1015 3730 1259 3786 rediret:
1292 3747 1466 3802 quare
1511 3732 1750 3799 dicebat,
1778 3742 1827 3790 et
1857 3731 2032 3789 oratio

449 3837 571 3877 mea
600 3823 657 3886 in
682 3824 805 3893 sinu
828 3840 943 3879 meo
973 3834 1320 3882 convertatur.
1359 3824 1497 3889 Nam
1534 3826 1581 3882 si
1616 3826 1652 3881 ii
1679 3827 1909 3881 salutem
1937 3840 2032 3880 na—

449 3913 619 3980 cturi,
650 3922 706 3984 et
738 3915 813 3983 ab
846 3915 1220 3986 impietatibus
1252 3917 1530 3975 reversuri
1562 3914 1818 3983 fuissent,
1853 3915 2031 3970 oratio

454 4001 766 4072 Servatoris
823 4014 978 4063 recto
1013 4022 1182 4063 cursu
1234 4021 1299 4061 ac
1349 4008 1501 4063 nullo
1531 4008 1690 4063 obice
1742 4008 1811 4063 ad
1867 4023 2030 4065 aures

451 4112 628 4169 usque
678 4096 859 4176 Patris
887 4098 1192 4156 adventura
1244 4107 1382 4154 erat.
1441 4097 1509 4152 Et
1543 4098 1660 4154 hate
1698 4113 1728 4152 a
1766 4113 1851 4153 me
1880 4109 2034 4169 post-

449 4205 615 4262 quam
644 4191 892 4267 singulas
940 4192 1250 4252 sententias
1301 4190 1605 4264 explorari,
1660 4190 1756 4248 ubi
1805 4206 2034 4254 necesse

447 4281 577 4349 fuit,
613 4282 925 4355 excogitata
958 4290 1145 4353 sunto.

2133 3277 2211 3348 τῷ
2235 3274 2691 3346 παρενοχλεῖσθαι
2713 3274 2930 3340 αὐτοὺς,
2957 3272 3196 3334 ἐκείνους
3217 3267 3437 3341 θεωρῶν
3463 3269 3492 3321 ὁ
3517 3267 3707 3339 Σωτὴρ

2129 3368 2221 3421 τὸν
2273 3365 2716 3438 καταληψόμενον
2763 3366 2960 3429 αὐτοὺς
2999 3362 3239 3435 ὄλεθρον,
3273 3360 3366 3415 καὶ
3408 3358 3506 3430 τὴν
3547 3358 3709 3430 ἐσχάμτ

2130 3477 2229 3532 την
2281 3460 2575 3525 ἀπώλειαν,
2634 3458 2774 3530 ὑπὲρ
2829 3455 3009 3511 αὐτῶν
3057 3454 3299 3510 ἐνεδύετο
3352 3454 3571 3517 σάκκον,
3609 3450 3705 3504 καὶ

2130 3554 2412 3608 ὲταπείνου
2434 3557 2495 3608 ὲν
2515 3552 2736 3625 νηστείᾳ
2760 3550 2858 3622 τήν
2887 3550 3063 3621 ψυχὴν
3098 3546 3283 3613 αὐτοῦ.
3312 3549 3375 3601 Ol
3402 3547 3459 3600 δὲ
3486 3544 3706 3599 τοιαῦτα

2132 3647 2419 3718 ἔπραττον,
2453 3646 2529 3709 ὡς
2554 3645 2652 3717 τὴν
2694 3644 2856 3714 εύχὴν
2896 3640 3059 3695 αὐτοῦ
3098 3642 3197 3712 τὴν
3245 3640 3384 3712 ὑπὲρ
3417 3637 3598 3693 αὐτῶν
3634 3636 3709 3709 μὴ

2134 3737 2599 3810 παραπέμπεσθαι
2630 3738 2710 3799 εἰς
2741 3735 2809 3788 τὰ
2845 3727 2959 3789 ὦτα
2982 3734 3077 3788 τοῦ
3108 3734 3345 3805 Πατρός·
3378 3731 3491 3786 ἀλλ’
3522 3731 3712 3800 ὥσπερ

2134 3828 2591 3902 ἀντικρουομένην
2624 3828 2730 3883 ὑπὸ
2762 3826 2854 3881 τοῦ
2891 3826 3152 3897 μεγέθους
3172 3826 3270 3897 τῆς
3302 3823 3481 3878 αὐτῶν
3516 3817 3712 3876 δυσσέ-

2136 3920 2305 3984 ϐείας,
2332 3918 2691 3973 καθέλκεσθαι
2738 3919 2833 3973 καὶ
2879 3916 3305 3988 ἐπαναστρέφειν
3339 3911 3475 3980 πρὸς
3512 3909 3717 3963 αὐτόν’.

2137 4012 2218 4065 διὸ
2261 4010 2440 4081 ἔλεγεο
2471 4010 2583 4065 Καὶ
2633 4011 2672 4078 ή
2716 4006 3025 4077 προσευχὴ
3062 4023 3180 4074 μου
3225 4004 3312 4066 εὶς
3342 4000 3713 4064 κόλπον-μου

2139 4099 2687 4171 ἀποστραφήσεται.
2745 4100 2809 4153 El
2865 4097 2974 4167 γὰρ
3031 4092 3297 4157 σώζεσθαι
3346 4087 3568 4159 ἔμελλον
3616 4086 3713 4142 καὶ

2143 4192 2492 4264 μεταϐάλλειν
2525 4192 2631 4248 τῶν
2661 4186 3043 4258 ἀσεϐημάτων,
3071 4177 3525 4252 εύθυδρομοῦσαὴ
3554 4194 3716 4249 προσ.

2140 4284 2272 4358 ευχὴ
2320 4284 2413 4340 τοῦ
2468 4283 2749 4355 Σωτῆρος,
2793 4275 3085 4339 ἀκωλύτως
3125 4273 3220 4328 καὶ
3261 4270 3723 4343 ἀπαραποδίστως.

449 4377 546 4437 ἐπὶ
581 4376 651 4432 τὰ
684 4371 801 4445 ῶτα
835 4377 904 4433 τὰ
949 4376 1194 4449 πατρικὰ
1225 4378 1450 4450 παρῄει.
1490 4378 1602 4431 Καὶ
1642 4376 1814 4439 ταῦτα
1848 4378 1911 4453 δέ.
1950 4395 2040 4449 μοι
2078 4381 2261 4436 πᾶσαν
2307 4378 2626 4453 ψηλαφῶντι
2674 4374 2939 4441 διάνοιαν,
3004 4371 3084 4433 είς
3122 4369 3248 4432 τοὺς
3291 4367 3492 4429 τόπους
3540 4365 3712 4433 ἀναγ-

451 4467 625 4532 καίως
660 4469 1039 4543 τεθεωρήσθω.

523 4564 691 4625 Vntts.
725 4565 814 4632 15.,
867 4564 957 4621 16.
1014 4563 1084 4626 Et
1133 4564 1414 4623 adversum
1461 4583 1545 4621 me
1598 4566 1771 4622 ltetati
1808 4575 1933 4622 sunt
1985 4575 2026 4621 et

2211 4560 2325 4617 Καὶ
2350 4559 2475 4618 κατ’
2499 4554 2645 4627 ἐμοῦ
2672 4550 3125 4623 ηὐφράνθησαν,
3151 4548 3249 4607 καὶ
3274 4547 3679 4617 συνήχθησαν
3695 4563 3709 4576 ·

454 4666 838 4724 convenerunt;
884 4667 1202 4728 congregata
1248 4667 1374 4713 sunt
1414 4675 1572 4729 super
1598 4676 1678 4714 me
1711 4659 1951 4731 ﬂagella,
1981 4669 2031 4714 et

454 4749 713 4822 ignoravi.
758 4749 1021 4819 Dissipati
1069 4758 1192 4811 sunt
1246 4766 1341 4811 nec
1391 4753 1712 4820 compuncti.
1763 4750 1912 4817 Haec,
1955 4751 2035 4806 uti

454 4842 570 4914 jam
607 4842 866 4911 diximus,
901 4842 1109 4912 duplici
1165 4842 1332 4899 modo
1357 4843 1698 4913 accipienda.
1746 4842 1846 4899 Vel
1888 4843 2035 4899 enim

456 4933 651 5001 David,
710 4942 1073 5006 persequente
1129 4934 1314 5001 Saule,
1371 4935 1486 4992 haec
1517 4936 1585 4992 de
1632 4951 1692 4992 se
1738 4937 2034 5003 narrabat;

457 5034 554 5082 aut
586 5027 903 5100 prophetice
935 5043 966 5082 a
1021 5024 1228 5097 Spiritu
1254 5015 1449 5082 sancto
1477 5026 1545 5083 de
1576 5028 1862 5083 Salvatore
1891 5027 2039 5081 dicta

456 5129 607 5178 sunt.
639 5119 786 5177 Loco
818 5128 999 5177 autem
1030 5120 1201 5186 illius,
1233 5121 1514 5178 adversum
1543 5137 1626 5176 me
1657 5122 1831 5176 laetati
1873 5128 2035 5184 sunt,

456 5210 655 5283 Aquila
683 5211 932 5268 serviens
959 5208 1238 5266 Hebraica:
1289 5209 1485 5266 littera:
1515 5211 1614 5277 ait,
1663 5212 1717 5265 in
1763 5208 2041 5264 claudica-

460 5305 599 5359 tione
620 5320 737 5359 mea
764 5302 936 5360 laetati
962 5312 1013 5359 et
1041 5303 1252 5358 collecti
1286 5313 1411 5361 sunt
1427 5318 1447 5368 ;
1482 5301 1848 5375 Symmachus
1875 5315 2028 5365 vero,

457 5397 795 5453 claudicante
815 5413 897 5452 me
925 5396 1095 5452 laetati
1120 5405 1169 5450 et
1202 5395 1410 5451 collecti
1433 5404 1592 5461 sunt;
1636 5395 1828 5464 quinta
1857 5400 2042 5447 autem

461 5490 654 5556 editio,
681 5499 731 5545 et
762 5490 817 5544 in
838 5489 1155 5559 inﬁrmitate
1176 5505 1295 5544 mea
1326 5488 1496 5543 laetati
1521 5496 1664 5542 sunt.
1695 5485 1861 5553 Queis
1876 5486 2044 5557 signi-

461 5581 616 5641 ﬁcari
648 5584 904 5639 existimo
933 5582 1209 5653 passionis
1233 5591 1473 5652 tempus,
1505 5582 1562 5635 in
1588 5595 1699 5649 quo
1734 5578 2038 5634 secundum

464 5676 789 5746 Apostolum
827 5675 1117 5745 cruciﬁxus
1157 5683 1235 5728 est
1277 5688 1344 5729 ex
1388 5672 1737 5743 inﬁrmitate,
1778 5670 1867 5726 sed
1915 5670 2040 5725 virit

2138 4651 2545 4721 συνήχθησαν
2587 4647 2679 4719 ἐπ’
2721 4643 2826 4715 ἐμὲ
2864 4643 3171 4715 μάστιγες,
3218 4641 3319 4695 καὶ
3358 4640 3469 4695 οὐκ
3501 4638 3712 4710 ἔγνων.

2137 4744 2610 4814 Διεσχίσθησαν,
2638 4738 2738 4796 καὶ
2766 4739 2837 4792 οὐ
2872 4737 3306 4807 κατενύγησαν.
3334 4732 3519 4788 Ταῦτα
3556 4731 3725 4799 ἐκλη-¹

2141 4838 2303 4893 πτὲον
2355 4834 2537 4905 διχῶς,
2584 4836 2659 4897 ὡς
2687 4832 2781 4901 καὶ
2825 4831 2925 4903 ἤδη
2971 4829 3197 4899 ἔφαμεν.
3229 4827 3300 4879 Ἦ
3339 4825 3448 4896 γὰρ
3489 4825 3518 4878 ὁ
3554 4820 3727 4891 Δαυϊδ,

2141 4929 2315 4997 ταῦτα
2335 4928 2462 4999 περὶ
2482 4925 2674 4980 ἑαυτοῦ
2698 4908 2897 4994 διεξῄεί
2924 4921 3028 4977 ὑπὸ
3048 4920 3142 4976 τοῦ
3165 4916 3337 4972 Σαοὺλ
3357 4916 3682 4987 διωκόμενος
3698 4929 3716 4944 ⁵

2144 5023 2178 5095 ἦ
2232 5021 2361 5092 περὶ
2413 5018 2506 5073 τοῦ
2562 5019 2811 5095 Σωτῆρος
2864 5012 3215 5087 προφητικῶς
3265 5010 3369 5079 ὑπὸ
3412 5006 3508 5067 τοῦ
3562 5004 3718 5076 ἁγίου

2142 5114 2459 5186 Πνεύματος
2496 5111 2730 5181 λέγεται.
2779 5110 2925 5165 Ἀντὶ
2972 5107 3029 5162 δὲ
3072 5105 3165 5160 τοῦ
3186 5123 3199 5136 ·
3242 5104 3379 5159 Κατ’
3409 5099 3555 5171 ἐμοῦ
3609 5100 3719 5167 ηὑ-

2144 5202 2519 5274 φράνθησαν,
2553 5203 2582 5255 ὁ
2621 5198 2850 5262 Ἀκύλας
2888 5195 3152 5251 δουλεύων
3183 5196 3249 5265 τῇ
3290 5191 3548 5263 Ἑϐραῖκῇ
3579 5187 3723 5254 λέξει

2147 5296 2278 5369 φησι
2299 5315 2311 5326 ·
2335 5294 2446 5351 Καὶ
2467 5295 2536 5349 ἐν
2554 5291 2809 5363 σχασμῷ
2831 5307 2949 5361 μου
2974 5287 3430 5357 ηὐφράνθησαν,
3456 5283 3556 5337 καὶ
3581 5297 3725 5336 συν-

2145 5389 2481 5460 ελέγησαντ
2511 5391 2539 5442 ὁ
2570 5388 2628 5442 δὲ
2660 5386 2982 5458 Σύμμαχος
3015 5377 3340 5444 Σκάζοντος
3382 5375 3450 5431 δέ
3475 5393 3596 5445 μου
3624 5375 3727 5443 nite

2149 5483 2466 5553 φραίνοντο
2501 5481 2601 5534 καὶ
2632 5475 2970 5547 ἡθροίζοντο
2993 5492 3007 5505 ·
3042 5475 3076 5545 ὴ
3120 5472 3177 5526 δὲ
3217 5470 3441 5541 πέμπτη
3474 5466 3721 5553 εχδοσις.

2147 5551 2258 5631 Kal
2307 5577 2376 5629 ἐν
2422 5573 2498 5644 τῇ
2547 5571 2826 5639 ἀσθενείᾳ
2866 5587 2984 5640 μου
3031 5565 3490 5635 ηὐφράνθησαν.
3526 5562 3603 5615 Δι’
3647 5551 3724 5615 ὧν

2149 5667 2387 5740 ἡγοῦμαι
2412 5666 2699 5739 δηλοῦσθαι
2718 5664 2807 5719 τὸν
2833 5663 3025 5733 καιρὸν
3052 5658 3145 5713 τοῦ
3172 5656 3396 5721 πάθους,
3424 5657 3481 5710 ὲν
3511 5647 3557 5723 ᾧ
3583 5651 3730 5709 κατὰ

537 5862 582 5898 ³²
621 5861 811 5925 Matth.
847 5879 1007 5935 nm,
1043 5864 1130 5927 57.
1211 5862 1257 5897 ³³
1298 5860 1489 5919 Matth.
1526 5876 1689 5933 xxvi,
1721 5860 1812 5921 38.
1889 5861 1935 5897 “
1970 5855 2026 5918 Jo

2163 5871 2274 5929 xu,
2309 5856 2398 5913 27.
2477 5858 2520 5890 ³³
2560 5856 2665 5912 Isa.
2701 5869 2826 5922 ιιιι,
2861 5853 2915 5907 5.
2991 5850 3037 5883 ³⁸
3075 5847 3207 5911 ibid.
3246 5846 3300 5907 4.
3377 5846 3421 5878 ³⁷
3461 5841 3587 5901 ibid.
3627 5838 3683 5897 5.
