4100 6414
438 388 537 451 3H
628 409 635 417 '

1134 366 1418 451 'EUEEBH
1458 396 1934 457 CESABIENSIS
1971 399 2121 457 OPP.
2162 401 2343 458 PARS
2379 401 2467 460 1!].
2506 434 2576 445 --
2639 404 3047 463 EXEGETICA.

3564 414 3669 469 512

436 512 563 571 Haec
599 522 778 570 autem
808 514 1007 571 ibidem
1039 516 1177 571 dixit
1227 525 1350 587 post
1379 517 1543 574 illud:
1573 518 1715 574 Erue
1739 538 1771 575 a
1797 521 1999 590 framea

2115 526 2478 594 Ἐκκλησίας
2492 526 2740 597 ὑμνήσω
2754 545 2847 583 σε.
2872 528 3056 584 Ταῦτα
3081 529 3137 583 δὲ
3162 530 3277 585 ἐκεῖ
3294 530 3507 601 ἐλέγετο
3529 535 3668 605 μετὰ

437 609 676 665 animam
699 624 891 673 meam,
921 617 971 663 et
999 607 1064 664 de
1084 625 1244 663 manu
1271 611 1417 665 canis
1448 613 1770 683 unigenitum
1808 631 1995 671 meam.

434 698 595 757 Salva
627 717 707 754 me
739 716 804 755 es:
843 718 931 756 ore
958 701 1122 759 leonis
1144 712 1246 757 eta
1278 705 1522 760 cornibus
1544 707 1875 761 unicornium
1900 708 1999 763 Itu-

432 792 712 849 militatem
766 808 957 852 meam.
1009 793 1106 850 His
1163 796 1330 867 igitur
1385 798 1629 851 additum
1687 799 1821 853 illud
1873 810 1995 858 cst:

432 882 688 948 Narrabo
724 901 910 940 nomen
956 894 1102 939 tuum
1137 886 1397 956 fratribus
1440 889 1590 952 meis,
1620 888 1676 943 in
1718 891 1887 945 medio
1915 908 1999 947 ec-

431 976 610 1034 clesia:
657 976 888 1031 laudabo
937 988 1004 1034 te.
1049 977 1107 1033 In
1155 982 1412 1049 praesenti
1461 982 1715 1038 similiter
1762 984 1995 1053 psalmo,

443 1076 736 1138 postquam
772 1067 1018 1123 dixerat:
1044 1066 1281 1124 Restitue
1317 1072 1548 1125 animam
1581 1088 1750 1127 meam
1777 1089 1810 1127 a
1839 1074 1990 1129 mali-

430 1160 628 1232 gnitate
653 1175 854 1228 eorum,
887 1177 919 1214 a
944 1159 1176 1215 leonibus
1206 1162 1526 1232 unigenitum
1551 1180 1741 1227 meam,
1763 1164 1992 1241 adjecit:

430 1251 734 1323 Confitebor
769 1253 867 1307 tibi
904 1254 960 1307 in
1008 1252 1228 1307 ecclesia
1280 1255 1469 1322 multa,
1508 1256 1564 1309 in
1612 1256 1802 1326 populo
1850 1258 1999 1328 gravi

430 1343 660 1401 laudabo
691 1354 740 1400 te
761 1344 828 1402 “.
864 1344 971 1403 Pro
1018 1347 1112 1403 illo
1141 1355 1341 1415 autem,
1372 1348 1540 1418 gravi,
1575 1346 1794 1419 Aquila,
1821 1367 1993 1412 ossea.

431 1436 624 1501 edidit,
651 1437 708 1493 id
740 1447 847 1503 est,
892 1437 1056 1494 forti:
1089 1455 1217 1495 ossa
1262 1439 1463 1510 quippe
1500 1441 1745 1495 omnium
1778 1457 1899 1512 quae
1937 1442 1995 1497 in

430 1543 667 1599 corpore
704 1537 946 1595 exstant,
981 1531 1281 1586 fortissima
1322 1540 1379 1585 et
1422 1530 1807 1588 robustissima
1839 1540 1990 1589 sunt.

429 1616 625 1674 Gravis
656 1618 826 1689 igitur
854 1628 960 1684 est,
991 1620 1087 1691 qui
1114 1618 1373 1675 fundatus
1403 1620 1459 1675 in
1485 1627 1661 1690 petra,
1690 1620 1990 1676 immobilis

429 1715 483 1764 et
511 1708 777 1768 infractus
803 1720 1005 1768 manet.
1055 1710 1205 1769 Patri
1238 1711 1425 1783 itaque
1453 1712 1762 1778 conﬁtetur,
1785 1714 1992 1785 gratias

427 1799 533 1870 ipsi
564 1816 730 1872 agens
768 1801 823 1857 in
848 1801 1082 1859 ecclesia
1111 1817 1209 1857 sua
1232 1803 1428 1859 multa.
1470 1800 1640 1857 Multa
1670 1803 1871 1874 quippe
1905 1818 1991 1859 re-

2102 618 2195 671 τό·
2239 617 2438 672 Ῥῦσαι
2486 618 2603 672 άπὸ
2643 620 2942 689 ῥομφαίας
2987 621 3101 689 τὴν
3142 621 3351 692 ψυχήν
3396 641 3529 693 μου,
3571 627 3670 681 καί

2102 712 2171 765 ἐκ
2216 712 2413 782 χειρὸς
2451 712 2638 778 κυνὸς
2662 713 2778 781 τὴν
2788 711 3083 785 μονογενῆ
3105 733 3243 785 μου.
3269 716 3478 771 Σῶσόν
3494 734 3571 787 με
3600 719 3668 773 ἐκ

2105 804 2399 871 στόματος
2416 802 2684 869 λέοντος,
2708 804 2804 858 καί
2830 804 2946 857 ἀπὸ
2979 804 3239 873 κεράτων
3254 808 3670 876 μονοκερὼτων

2102 892 2217 962 τὴν
2257 895 2619 951 ταπείνωσιν
2655 913 2792 964 μου.
2841 896 3086 967 Συνῆπτο
3134 896 3264 965 γοῦν
3307 896 3515 962 τούτοις
3572 901 3666 955 τό·

2102 983 2465 1054 Διηγήσομαι
2497 984 2561 1037 τὸ
2601 985 2785 1055 ὄνομά
2811 1003 2926 1040 σου
2963 986 3083 1053 τοῖς
3113 987 3395 1057 ἀδελφοῖς
3431 1007 3573 1059 μου,
3601 991 3672 1047 ἐν

2094 1074 2262 1145 μέσῳ
2294 1076 2657 1144 Ἐκκλησίας
2688 1076 2936 1148 ὑμνήσω
2971 1095 3062 1133 σε.
3095 1079 3204 1134 Καὶ
3227 1081 3285 1133 ὲν
3314 1083 3426 1145 τοῖς
3453 1098 3674 1154 προκει-

2105 1162 2286 1232 μένοις
2330 1163 2724 1235 παραπλησίως
2779 1165 3077 1239 προειπώψ
3142 1168 3672 1239 Ἀποκατάστησον

2100 1252 2216 1321 τὴν
2241 1253 2451 1324 ψυχήν
2482 1274 2601 1325 μου
2634 1255 2748 1310 ἀπὸ
2785 1255 2896 1325 τῆς
2924 1257 3277 1327 κακοιιογίας
3303 1258 3520 1325 αὐτῶν,
3551 1259 3670 1315 ἀπὸ

2097 1344 2361 1397 λεόντων
2388 1343 2502 1412 τὴν
2532 1344 2829 1415 μονογενῆ
2863 1364 3003 1415 μου,
3044 1346 3311 1417 ἐπιλέγειο
3354 1347 3669 1419 Ἐξομολο-

2097 1431 2365 1502 τήσομαί
2412 1449 2512 1488 σοι
2551 1434 2622 1491 ἐν
2647 1435 2944 1504 ἐκκλησίᾳ
2979 1435 3200 1505 πολλῇ,
3247 1437 3461 1505 ὲνλιιῷ
3497 1439 3671 1507 βαρεῖ

2096 1523 2314 1579 αἰνέσω
2341 1541 2434 1581 σε.
2473 1526 2617 1580 Ἀντὶ
2642 1526 2697 1580 δὲ
2724 1528 2839 1593 τοῦ,
2863 1529 3059 1598 βαρεῖ,
3091 1531 3120 1583 δ
3158 1529 3388 1594 ’Δκύλας
3414 1530 3671 1598 ἐξέδωκεν

2097 1616 2367 1683 dotem-rp,
2402 1618 2697 1684 τουτέστιν,
2735 1618 2967 1691 ἰσχυρῷ,
2997 1621 3122 1674 ἐπεὶ
3159 1620 3253 1674 τοῦ
3310 1622 3510 1685 παντὸς
3567 1620 3671 1675 σώ-

2099 1724 2267 1778 ματος
2302 1707 2371 1763 τά
2398 1709 2745 1766 δυνατώτατα
2770 1712 2866 1765 καὶ
2893 1713 3215 1785 ἰσχυρότατα
3238 1713 3371 1769 ὀστᾶ
3395 1715 3667 1785 τυγχάνει.

2095 1801 2278 1874 Βαρὺς
2308 1799 2400 1858 οὖν
2429 1805 2458 1858 ό
2483 1806 2575 1858 ἐπὶ
2601 1806 2698 1877 τὴν
2719 1805 2925 1879 πέτραν
2949 1807 3428 1879 τεθεμελιωμένος,
3468 1810 3497 1861 ό
3540 1809 3660 1867 ἀσά-

427 1904 556 1945 vera
604 1899 690 1946 est
732 1891 846 1949 haec
891 1892 1147 1957 ecclesia,
1180 1907 1345 1963 quam
1382 1892 1437 1946 in
1470 1891 1682 1962 psalmo
1720 1906 1816 1945 xxi
1877 1905 1994 1950 ma-

2101 1896 2277 1961 λευτος
2313 1897 2407 1951 καὶ
2448 1898 2715 1971 άρῤαγής.
2770 1899 2861 1971 Τῷ
2901 1899 3077 1954 τοίνυν
3128 1900 3301 1971 Ila-cpi.
3337 1899 3672 1970 ἐξομολογεῖ-

426 1997 589 2056 gnam
623 1982 860 2050 vocavit,
895 1982 1119 2040 dicens:
1154 1983 1307 2052 Apud
1337 1991 1388 2037 te
1409 1983 1526 2041 laus
1556 2000 1674 2039 mea
1690 1983 1743 2037 in
1772 1982 1993 2038 ecclesia

2101 2002 2202 2051 ται,
2236 1986 2571 2058 εὐχαριστῶν
2604 1989 2695 2041 ἐπὶ
2713 1989 2780 2061 τῇ
2838 1987 3130 2057 Ἐκκλησία
3174 1984 3337 2041 αὑτοῦ
3374 1987 3439 2057 τῇ
3482 1984 3671 2057 πολλῇ.

427 2093 643 2148 magna.
689 2075 851 2133 Pater
882 2076 1049 2148 igitur
1071 2076 1299 2148 gloriam
1334 2074 1483 2130 Filio
1511 2075 1566 2132 in
1611 2075 1992 2157 ecclesia_ma-

2101 2077 2268 2149 Πολλὴ
2290 2078 2398 2150 γὰρ
2427 2078 2502 2143 ὡς
2533 2077 2741 2150 άληθῶς
2790 2078 2928 2150 αὕτη
2959 2080 2993 2150 ἡ
3032 2076 3323 2157 Ἐκκλησία
3343 2093 3356 2109 ·
3408 2076 3475 2148 ἣν
3509 2076 3567 2129 ὲν
3595 2072 3675 2146 τῷ

427 2184 532 2242 gna
565 2169 855 2237 conciliat;
888 2168 1065 2226 Filius
1094 2175 1277 2223 autem
1305 2167 1454 2223 Patri
1486 2168 1782 2225 conﬁtetur
1814 2155 1870 2222 in
1904 2181 1995 2221 ec-

2101 2169 2324 2240 εἰκοστῷ
2368 2168 2570 2242 πρώτῳ
2618 2170 2858 2242 μεγάλην
2906 2170 3188 2241 ὠνόμασεν
3246 2155 3450 2221 εἰπών·
3506 2164 3675 2235 Παρὰ

426 2264 597 2321 clesia
643 2264 842 2329 multa,
894 2278 1016 2334 quae
1077 2262 1293 2321 scilicet
1343 2262 1404 2318 in
1452 2263 1711 2318 universa
1752 2260 1996 2317 Ecclesia

2101 2261 2212 2315 σοῦ
2256 2265 2289 2316 ό
2326 2262 2571 2329 ἔπαινός
2608 2281 2726 2333 μου
2767 2264 2837 2317 ἐν
2870 2263 3167 2330 ἐκκλησίᾳ
3193 2260 3445 2332 μεγάλῃ.
3484 2259 3544 2312 '0
3576 2256 3675 2329 μὲν

429 2355 728 2413 stabililur.

2101 2348 2186 2406 οὖν
2214 2352 2403 2424 Πατὴρ
2424 2353 2642 2408 ἔπαινον
2678 2353 2754 2425 τῷ
2782 2353 2912 2424 Υἰῷ]
2934 2352 3328 2425 κατεργάζεται
3360 2350 3420 2404 ὲν
3449 2348 3677 2418 Ἐκκλη-

430 2450 523 2522 σίᾳ
556 2450 792 2527 μεγάλῃ·
834 2450 864 2503 δ
902 2451 960 2506 δὲ
980 2450 1108 2516 Υἰὺς
1142 2450 1542 2523 ἐξομολογεῖται
1568 2448 1645 2522 τῷ
1685 2448 1861 2521 Πατρὶ
1900 2450 1959 2502 ὲν
2007 2448 2304 2521 Ἐκκλησία
2346 2448 2538 2524 πολλῇ,
2566 2451 2632 2521 τῇ
2672 2448 2803 2520 καθ’,
2824 2449 2953 2533 ὅλης
2979 2448 3078 2520 τῆς
3146 2445 3467 2520 Ἐκκλησίας
3528 2443 3676 2514 ἰδρυ-

433 2542 591 2617 μένῃ.

502 2632 669 2689 Vens.
701 2632 890 2693 19-21.
945 2634 1072 2690 Νοη
1117 2635 1538 2704 supergaudeant
1584 2635 1714 2689 mihi
1763 2633 1855 2706 qui
1898 2632 1996 2687 ad-

427 2735 704 2784 versantur
730 2727 860 2782 mihi
890 2729 1087 2800 inique,
1113 2730 1202 2800 qui
1245 2728 1469 2784 oderunt
1514 2745 1593 2783 me
1621 2728 1787 2800 gratis
1825 2736 1873 2782 et
1897 2745 1996 2782 an-

427 2827 596 2879 nuunt
626 2819 811 2874 oculis.
842 2820 1107 2887 Quoniam
1151 2820 1278 2875 mihi
1316 2820 1525 2892 quidem
1554 2822 1775 2891 paciﬁca
1817 2820 1997 2891 loque-

429 2907 640 2975 bantur,
665 2919 714 2965 et
738 2911 792 2965 in
841 2911 1121 2966 iracundia
1157 2912 1308 2966 dolos
1334 2910 1657 2983 cogitabant.
1700 2909 1771 2965 Et
1797 2911 1997 2969 dilata-

427 3007 607 3053 verunt
641 3015 794 3068 super
826 3016 906 3053 me
931 3018 988 3056 os
1011 3018 1186 3067 suum,
1222 3002 1508 3055 dixerunt:
1540 2999 1706 3071 Euge,
1736 3017 1885 3069 euge,
1928 3001 2000 3055 ui-

427 3085 616 3149 derunt
654 3088 793 3146 oculi
826 3091 1012 3145 nostri.
1068 3089 1125 3145 Si
1160 3098 1285 3162 post
1340 3091 1649 3161 passionem
1699 3090 1997 3146 Saluatoris

2171 2627 2269 2697 Μὴ
2297 2625 2732 2698 ἐπιχαρείησάν
2757 2644 2860 2695 μοι
2896 2628 2949 2681 οἰ
2989 2623 3405 2695 ἐχθράνοηές
3423 2641 3524 2694 μοι
3549 2623 3676 2681 ἀδί-

2100 2737 2219 2787 κως
2237 2759 2253 2785 ,
2296 2721 2351 2774 οἰ
2394 2717 2719 2789 μισοῦντές
2757 2735 2837 2787 με
2883 2716 3110 2786 δωρεὰν
3152 2715 3253 2770 καί
3303 2715 3679 2786 διανεύοντες

2102 2809 2450 2880 ὀφθαλμοῖς.
2482 2810 2610 2863 Ὅτι
2650 2808 2781 2879 ἐμοὶ
2819 2806 2936 2877 μὲν
2964 2804 3236 2876 εἰρηνικὰ
3269 2805 3553 2871 ἐλάλουν,
3581 2806 3680 2863 καί

2101 2902 2193 2955 ἐπ’
2247 2899 2395 2970 ὀργῇ
2441 2900 2661 2966 δόλους
2710 2895 3121 2968 διελογίζοντο.
3168 2896 3277 2951 Καὶ
3334 2895 3682 2951 ἐπλάτυναν

2101 2994 2194 3047 ἐπ’
2219 2993 2324 3062 ἐμὲ
2353 2991 2420 3045 τὸ
2454 2992 2649 3061 στόμα
2684 2990 2913 3045 αὐτῶν·
2945 2986 3148 3043 εἶπον·
3190 2983 3366 3057 Εὖγε,
3405 2984 3566 3058 εὖτε,
3594 2985 3679 3044 εἷ-

2103 3083 2213 3139 δον
2236 3087 2292 3140 οἰ
2309 3083 2600 3154 ὀφθαλμοί
2628 3081 2816 3151 ἡμῶν.
2833 3081 2897 3135 Εἰ
2928 3081 3003 3152 μὴ
3023 3079 3092 3134 τὰ
3108 3080 3236 3151 τέλη
3269 3079 3419 3133 αίσια
3448 3080 3517 3134 τὰ
3545 3082 3682 3152 μετὰ

429 3177 610 3233 nostri
641 3193 752 3234 non
789 3178 1005 3237 faustus
1051 3197 1236 3237 rerum
1267 3182 1449 3238 exitus
1484 3183 1636 3239 visus
1696 3190 1877 3246 esset,
1906 3181 1999 3253 qui

2102 3175 2197 3234 τοῦ
2218 3144 2421 3239 πάθους
2438 3144 2533 3230 τού
2553 3144 2805 3245 Σωτῆρος
2833 3144 3003 3244 ἡμων.
3021 3144 3248 3243 ἑωρᾶτο,
3275 3172 3413 3243 τάχα
3446 3144 3559 3225 που,
3575 3169 3683 3243 χώ-

429 3266 486 3337 in
509 3282 632 3324 eum
654 3271 1120 3340 conspiraverant,
1140 3273 1190 3331 ei
1215 3273 1629 3344 supergaudendi
1650 3288 1714 3327 ac
1746 3272 2002 3329 deriden-

429 3355 483 3413 di
519 3374 644 3413 cum
672 3358 810 3415 forte
828 3362 1005 3416 locum
1034 3362 1374 3426 habuissent,
1400 3370 1585 3432 utpote
1610 3362 1702 3432 qui
1727 3362 1795 3417 de
1823 3361 2002 3417 medio

430 3448 680 3525 sublatus
729 3450 867 3507 nihil
915 3452 1224 3509 valuisset:
1267 3460 1323 3513 at
1351 3452 1573 3522 quando
1606 3452 1851 3509 Ecclesia
1882 3451 2003 3525 ejus

427 3541 599 3599 multa
630 3550 685 3598 et
716 3558 909 3615 magna
952 3559 1050 3615 per
1073 3553 1247 3599 totum
1272 3546 1458 3599 orbem
1498 3542 1825 3615 resplendet,
1859 3543 2004 3614 ipse-

431 3648 540 3703 que
571 3634 836 3703 hactenus
891 3636 948 3690 in
979 3634 1159 3691 medio
1197 3636 1526 3709 consistens,
1551 3635 1813 3706 populum
1843 3649 2003 3691 suum

429 3738 653 3798 gravem
687 3733 1073 3796 potentemque
1099 3734 1415 3799 congregat,
1441 3741 1505 3781 ac
1542 3741 1639 3797 per
1686 3740 1810 3781 eum
1854 3724 2003 3780 Patri

432 3802 537 3871 suo
564 3800 855 3870 confitetur
879 3833 894 3880 ;
918 3831 1043 3870 nam
1078 3816 1170 3871 ubi
1200 3818 1302 3871 duo
1324 3818 1402 3872 vel
1431 3827 1533 3873 tres
1557 3819 1857 3889 congregati
1888 3818 2005 3888 fue-

434 3903 543 3969 rint
572 3904 627 3957 in
653 3906 857 3979 nomine
870 3905 1007 3975 ejus,
1030 3907 1142 3962 illic
1166 3925 1282 3962 sum
1305 3909 1360 3963 in
1380 3909 1550 3978 medio
1567 3925 1749 3964 eorum
1772 3909 1815 3941 "
1838 3928 1853 3977 ;
1878 3909 2003 3980 jure

434 3992 536 4061 illi,
570 3995 663 4068 qui
696 3999 892 4056 alienis
930 4000 1184 4056 laetantur
1223 4003 1403 4069 malis,
1435 4003 1642 4075 pudore
1668 4003 1882 4073 suﬂ‘usi,
1913 4019 2004 4073 re-

434 4092 528 4148 tro
581 4088 985 4155 abscesserunt.
1038 4090 1182 4158 Quid
1235 4094 1382 4148 enim
1429 4094 1714 4148 inimicitia
1774 4093 2003 4164 dignum

431 4177 676 4250 perpessi
703 4185 911 4250 tantum
941 4181 1061 4250 ejus
1082 4185 1270 4241 odium
1301 4184 1599 4261 ceperunt?
1625 4181 1805 4253 Quare
1832 4183 2005 4254 Aqui-

429 4266 506 4332 la,
543 4268 656 4333 sine
684 4285 871 4350 causa,
904 4271 1296 4344 interpresatus
1330 4281 1433 4329 est.
1462 4274 1796 4330 Annuehant
1823 4285 2003 4331 autem

431 4361 607 4417 oculis
630 4378 716 4418 me
744 4363 1077 4433 deridentes,
1107 4366 1598 4437 institutionesque
1631 4381 1782 4421 meas
1809 4366 1876 4421 ad
1910 4381 2002 4422 sa-

430 4452 693 4526 pientiam
715 4454 874 4529 datas
904 4458 1272 4515 traducentes.
1294 4457 1579 4529 Deinceps,
1608 4457 1740 4512 Mihi
1770 4458 1998 4527 quidem,

431 4546 632 4618 inquit,
660 4549 877 4629 paci/See
906 4550 1271 4629 loquebantur,
1314 4550 1411 4606 sed
1459 4551 1515 4605 in
1546 4552 1711 4607 corde.
1749 4565 1850 4606 suo
1901 4548 1999 4605 do-

431 4638 515 4696 los
543 4648 598 4696 et
627 4641 967 4697 iracundiam
1012 4643 1434 4698 meditabantur.
1478 4643 1605 4699 Haec
1649 4650 1831 4698 autem
1868 4650 1999 4698 tunc

432 4732 652 4802 impleta
671 4742 821 4810 sunt,
844 4750 969 4790 cum
994 4736 1257 4809 Phariszei
1307 4737 1653 4793 occasionem
1712 4743 1999 4807 captantes

434 4820 690 4877 dicebant
720 4826 797 4901 illi
828 4844 842 4880 :
868 4822 1147 4903 Magister,
1177 4826 1374 4882 scimus
1395 4828 1521 4898 quia
1538 4841 1695 4882 verna:
1722 4843 1796 4892 es,
1819 4837 1868 4882 et
1890 4842 2002 4881 ver-

439 4911 563 4965 bum
584 4911 685 4968 Dei
715 4916 767 4968 in
789 4918 1005 4972 ueritate
1019 4917 1193 4983 doces,
1227 4928 1405 4978 etnon
1438 4928 1516 4973 est
1548 4919 1641 4973 tibi
1663 4935 1791 4974 cura
1812 4919 1874 4973 de
1906 4918 2007 4979 ali—

432 5023 535 5077 qua
556 5023 578 5073 ;
610 5023 714 5065 non
740 5010 875 5087 enim
910 5013 1125 5081 respicis
1146 5028 1463 5082 personam;
1487 5012 1572 5066 die
1589 5030 1708 5083 ergo
1732 5013 1901 5078 nobis,
1936 5013 2003 5067 li-

431 5110 513 5156 cet
559 5117 774 5175 censum
821 5101 949 5171 dare
989 5103 1193 5173 Ctzsari
1222 5122 1293 5181 an
1344 5122 1447 5179 non
1467 5105 1562 5159 “‘l
1593 5104 1767 5161 Hasce
1800 5105 2003 5175 quippe

432 5208 596 5252 voces
627 5209 751 5261 cum
792 5195 919 5252 dolo
947 5196 1298 5267 proferebant
1335 5214 1350 5253 :
1382 5212 1551 5268 quare
1571 5198 1685 5252 haec
1720 5196 1873 5267 prius
1904 5193 2003 5250 ad-

434 5285 722 5342 umbrabat
756 5287 843 5344 his
863 5288 1055 5367 'verbis
1082 5307 1096 5344 :
1128 5288 1264 5344 Mihi
1317 5288 1527 5367 quidem
1573 5290 1793 5360 paciﬁca
1823 5287 2005 5358 loque-

434 5376 644 5444 bantur,
669 5379 793 5449 etin
820 5379 1098 5443 iracundia
1119 5382 1267 5437 dolos
1298 5381 1622 5453 cogitabant.
1650 5378 1756 5435 Sed
1772 5378 1863 5433 hic
1887 5375 2009 5448 qui-

434 5463 559 5521 dem
581 5466 769 5537 doiose
801 5485 924 5524 cum
949 5485 1015 5526 eo
1043 5471 1315 5542 colloquia
1348 5472 1760 5539 miscebant;at
1787 5469 1844 5523 in
1874 5466 2002 5532 line,

434 5562 682 5628 tempore
703 5561 995 5635 passionis,
1020 5562 1180 5632 pleno
1201 5578 1296 5619 ore
1322 5563 1656 5631 clamabant,
1684 5561 2005 5634 sanguinem

434 5646 557 5718 ejus
588 5658 900 5733 expetentes
930 5667 1094 5723 super
1123 5668 1183 5709 se
1209 5662 1263 5711 et
1289 5669 1455 5725 super
1483 5654 1625 5719 ﬁlios
1656 5668 1788 5711 suos
1814 5676 1826 5710 :
1858 5651 2005 5726 quod

2108 3283 2206 3338 ραν
2233 3261 2378 3336 εἶχον
2420 3263 2797 3334 καταχαρῆναι
2833 3260 2996 3315 αὑτοῦ
3033 3261 3084 3315 οἰ
3110 3260 3207 3333 τὴν
3231 3264 3351 3315 κατ’
3385 3259 3550 3314 αὐτοῦ
3584 3276 3677 3313 συ-

2104 3358 2309 3429 σκευὴν
2342 3354 2808 3428 μεμηχανημένοι,
2840 3354 2917 3417 ὡς
2958 3352 3342 3422 ἀφανισθέντος
3378 3355 3472 3409 καὶ
3513 3355 3677 3428 μηδὲν

2103 3448 2460 3522 δεδυνημένου
2483 3464 2498 3479 ·
2533 3449 2657 3506 ἐπεὶ
2676 3447 2732 3501 δὲ
2757 3449 2791 3519 ἡ
2830 3446 3123 3519 Ἐκκλησία
3147 3446 3310 3502 αὑτοῦ
3332 3449 3366 3519 ἡ
3394 3446 3557 3518 πολλὴ
3579 3447 3673 3502 καὶ

2109 3543 2317 3617 μεγάλη
2352 3541 2647 3612 διαλάμπει
2692 3540 2813 3595 καθ’
2848 3539 2975 3614 ὅλης
3014 3542 3112 3611 τῆς
3132 3541 3477 3612 οἰκουμένης·
3520 3538 3678 3605 αὐτός

2102 3652 2164 3689 τε
2190 3635 2358 3687 εἰσέτι
2379 3634 2473 3687 καὶ
2495 3633 2590 3688 νῦν
2618 3635 2676 3688 ὲν
2705 3631 2856 3704 μέσῳ
2881 3630 3051 3696 ἑστὼς
3074 3635 3364 3706 συγκροτεῖ
3393 3633 3485 3686 τὸν
3511 3631 3681 3703 βαρὺν

2104 3728 2200 3781 καὶ
2224 3726 2445 3782 δυνατὸν
2478 3725 2643 3780 αὑτοῦ
2684 3725 2830 3791 λαὸν,
2861 3726 2956 3782 καὶ
2983 3725 3381 3803 ὲξομολογεῖται
3414 3726 3479 3779 δι’
3504 3722 3682 3779 αὐτῶν

2104 3819 2182 3891 τῷ
2232 3818 2425 3874 ἑαυτοῦ
2473 3817 2675 3891 Πατρί·
2716 3819 2899 3871 Ὅπου
2949 3817 3057 3890 γὰρ
3099 3817 3209 3871 δύο
3251 3817 3290 3886 ἢ
3336 3815 3494 3885 τρεῖς
3534 3832 3685 3871 συν-

2103 3909 2350 3981 ηγμένοι
2377 3913 2465 3977 εἰς
2489 3909 2554 3964 τὸ
2571 3909 2755 3965 αὐτοῦ
2772 3909 2982 3981 ὄνομα,
3003 3909 3259 3979 ἑκεῖείμί
3287 3911 3357 3963 ἐν
3378 3909 3545 3979 μέσῳ
3572 3911 3682 3962 αὐ-

2104 4002 2251 4061 τῶν’
2275 4005 2499 4069 εἰκότως
2526 4005 2575 4057 οἱ
2607 4002 3096 4075 ὲπιχαιρεσίκακοι,
3129 4002 3389 4071 αἰσχύνην
3412 3998 3683 4068 καταχεά-

2107 4113 2281 4167 μενοι,
2305 4094 2733 4167 ἀπεστράφησαν
2759 4094 2838 4155 εἰς
2864 4090 2932 4143 τὰ
2953 4090 3146 4143 ὀπίσω.
3178 4088 3245 4140 Τί
3274 4088 3383 4157 γὰρ
3406 4085 3502 4139 καὶ
3532 4085 3681 4150 ἄξιον

2104 4187 2304 4261 ἔχθρας
2342 4186 2603 4249 παθόντες
2639 4186 2699 4238 τὸ
2731 4183 2866 4255 πρὸς
2909 4180 3067 4234 αὑτὸν
3099 4180 3297 4249 ἤραντο
3337 4180 3521 4248 μῖσος-ς
3570 4177 3681 4232 διό-

2105 4296 2212 4352 περ
2264 4280 2293 4331 ὁ
2327 4277 2578 4341 Ἀκύλας,
2628 4272 2924 4342 ἀναιτίως.
2954 4269 3285 4341 ἡρμήνευσε.
3334 4271 3578 4323 Διένευον
3624 4267 3685 4347 δὲ

2103 4369 2401 4441 ὀφθαλμοῖς
2450 4366 2799 4439 χλευάζοντες
2843 4361 3005 4417 αὐτὸν
3024 4401 3040 4426 ,
3060 4370 3065 4375 ’
3088 4362 3181 4415 καὶ
3218 4361 3564 4434 διασύροντες
3612 4358 3684 4415 τὰ

2104 4464 2204 4535 τῆς
2241 4460 2433 4531 σοφίας
2468 4475 2568 4530 μου
2611 4453 2971 4525 παιδεύματα.
3017 4448 3170 4517 Εἶτα,
3215 4453 3369 4521 Ἐμοὶ
3409 4450 3548 4521 μὲν,
3578 4468 3684 4523 φη.

2033 4513 2079 4570 D
2105 4513 2210 4621 ξιξ,
2546 4513 2837 4623 ἐλάλουν,Δ
2867 4545 2922 4599 ὲν
2954 4545 3107 4617 δὲιτῇ
3138 4513 3337 4616 καρδίᾳ
3383 4513 3563 4598 αὐτῶν

2103 4646 2228 4709 λους
2282 4620 2381 4707 καὶ
2432 4640 2600 4713 ὀργῆν
2669 4620 3039 4705 διελογίζοντο.
3085 4635 3418 4708 Ἐπληροῦτο
3468 4635 3526 4689 δὲ
3590 4636 3685 4692 καὶ

2101 4736 2297 4802 ταῦτα,
2330 4734 2419 4787 ὅτε
2464 4729 2637 4794 λαϐὰς
2679 4727 2982 4802 θηρώμενοι
3037 4726 3221 4796 ἔλεγον
3255 4727 3391 4799 πρὸς
3434 4726 3592 4781 αὐτὸν
3634 4727 3689 4805 οἰκ

2101 4825 2399 4901 Φαρισαῖοι·
2454 4820 2822 4885 Διδάσκαλε,
2883 4818 3145 4889 οἴδαμεν,
3192 4817 3281 4871 ὅτι
3324 4817 3555 4886 ἀληθὴς
3609 4812 3683 4883 εἴ,

2104 4916 2204 4972 καί
2242 4914 2350 4969 τὸν
2387 4917 2572 4984 λόγον
2597 4912 2704 4967 τοῦ
2740 4912 2886 4966 Θεοῦ
2914 4911 3006 4964 ἐπ’
3041 4910 3323 4978 ἀληθείας
3354 4908 3684 4976 διδάσκεις,

2105 5009 2203 5063 καὶ
2233 5010 2305 5061 οὐ
2352 5005 2525 5076 μέλει
2567 5022 2666 5059 σοι
2703 5006 2837 5074 περί
2871 5002 3150 5069 οὐδενός·
3187 5003 3258 5057 οὐ
3300 5002 3410 5071 γὰρ
3434 5000 3685 5067 ,Βλέπεις

2104 5103 2193 5165 εὶς
2227 5099 2581 5167 πρόσωπον·
2633 5084 2763 5167 εἰπὲ
2816 5091 2929 5152 οὖν
2976 5094 3120 5165 ἡμῖν
3138 5110 3152 5125 ο
3186 5093 3429 5160 Ἔξεστι
3478 5092 3687 5167 δοῦναι

2106 5188 2340 5258 κῆνσον
2381 5189 2635 5258 Καίσαρι
2677 5187 2717 5258 ἢ
2751 5187 2858 5255 oti;
2908 5185 3123 5249 Ταύτας
3158 5184 3267 5257 γὰρ
3313 5183 3500 5246 δολίως
3556 5199 3685 5254 προ-

2108 5280 2302 5353 έφερον
2333 5278 2431 5345 τὰς
2460 5279 2673 5350 φωνάς’
2712 5277 2793 5332 διὸ
2825 5275 3110 5348 προλαϐὼν
3141 5276 3293 5331 ταῦτ’
3319 5274 3563 5348 ᾐνίττετο
3588 5275 3683 5345 φά-

2111 5389 2254 5441 σκων
2273 5387 2288 5402 ·
2337 5370 2497 5441 Ἐμοὶ
2524 5369 2639 5441 μὲν
2666 5370 2937 5439 εἰρηνικὰ
2974 5366 3259 5432 ἐλάλουν,
3291 5367 3390 5422 καὶ
3423 5367 3517 5419 ἐπ’
3542 5364 3687 5438 ὁρτῇ

2111 5464 2331 5533 δόλους
2356 5461 2768 5534 διελογίζοντο.
2813 5461 2950 5514 Ἀλλ’
2975 5460 3205 5516 ἐνταῦθα
3249 5460 3347 5532 μὲν
3374 5458 3560 5523 δολίως
3589 5458 3691 5541 τὰς

2113 5559 2248 5627 πρὸς
2280 5558 2441 5627 αὑτὸν
2464 5556 2744 5627 ἐποιοῦντο
2776 5555 2989 5627 ὁμιλίας
3008 5573 3022 5587 ·
3059 5556 3116 5609 ὲν
3140 5552 3284 5607 τέλει
3310 5570 3375 5621 γε
3411 5553 3517 5625 μὴν
3550 5549 3691 5618 κατὰ⁸

2112 5654 2204 5707 τὸν
2236 5652 2425 5723 καιρὸν
2443 5649 2537 5705 τοῦ
2568 5649 2772 5715 πάθους
2798 5649 2904 5722 ὅλῳ
2928 5647 3015 5721 τῷ
3037 5648 3264 5720 στόματι
3291 5646 3460 5703 ἐϐόων
3485 5643 3671 5727 αἰτοῦν

525 5830 1032 5915 “Ρεει.ιξι.22,23.
1082 5832 1125 5867 ’⁵⁸
1165 5833 1352 5893 Matth.
1388 5851 1522 5911 xvnt
1545 5877 1560 5906 ,
1590 5835 1681 5895 20.
1750 5836 1804 5893 ."
1842 5835 2032 5894 Matth.
2067 5850 2217 5903 xm,
2254 5832 2343 5901 16,
2368 5833 2454 5888 Π.
