4100 6412
340 396 448 454 515

1438 394 1945 453 COMMENTARIA
1984 396 2053 451 IN
2092 393 2435 452 PSALMOS.

3490 402 3601 458 5M

337 528 428 575 τες
455 508 621 565 αὐτοῦ
651 509 712 563 τὸ
736 505 872 581 αἷμα
897 507 1018 564 καθ’
1042 505 1246 562 ἑαυτῶν
1275 508 1376 563 καὶ
1393 507 1533 562 κατά
1564 508 1673 563 τῶν
1714 508 1904 564 τέκνωι

2024 509 2203 578 ipsum
2228 506 2319 562 hic
2348 504 2611 574 declarat,
2640 515 2716 562 ita
2748 507 2977 579 loquens
3010 526 3026 564 :
3054 507 3422 563 Dilataverunt
3443 525 3602 579 super

340 602 553 658 αὐτῶν
583 602 613 657 δ
639 602 814 674 δήκαὶ
844 601 996 673 αύτῴ
1026 600 1321 673 παρίστησι
1362 600 1450 655 διὰ
1484 600 1593 655 τῶν
1618 602 1913 673 προκειμέ-

337 710 445 748 νων
470 691 672 761 λέγων’
703 691 1081 746 Ἔπλάτυναν
1110 691 1202 744 ἐπ’
1222 689 1327 761 ἐμὲ
1355 689 1423 744 τὸ
1451 691 1646 761 στόμα
1676 691 1907 752 αὐτῶν.

337 779 451 838 Εἶτ’
486 780 672 849 ἐπειδὴ
717 781 984 853 παρεδόθη
1018 782 1200 847 αὐτοῖς
1241 780 1317 847 ὡς
1347 780 1615 851 πρόϐατον
1646 782 1740 836 ἐπὶ
1771 800 1912 852 σφα-

337 874 461 948 γὴν,
504 875 599 929 καὶ
632 873 711 939 ὡς
748 875 920 946 ἀμνὸς
961 875 1164 938 ἄκακος
1204 873 1441 928 ἐναντίον
1493 874 1587 929 τοῦ
1630 876 1913 948 κείραντος

337 969 569 1038 ἄφωνος,
601 967 832 1040 ὁρῶντες
862 967 1025 1022 αὐτοῦ
1056 967 1117 1020 τὸ
1153 959 1326 1031 πάθος
1360 966 1702 1037 ἐπεφώνουν
1730 963 1909 1038 Εὖγε,

334 1057 494 1131 εὖτε,
526 1057 692 1115 εἶδον
718 1064 772 1114 οὶ
803 1061 1096 1131 ὀφθαλμοὶ
1125 1060 1313 1131 ἡμῶν.

397 1147 590 1217 Εἶδες,
627 1152 838 1220 Κύριε,
872 1150 959 1221 μὴ
1005 1152 1499 1222 παρασιωπήσῃς.
1553 1151 1665 1204 Καὶ
1705 1148 1911 1204 ἄνωθεν

332 1239 484 1297 εἷπε·
536 1244 691 1298 Πότε
743 1244 979 1313 eadm;
1030 1244 1127 1299 καὶ
1184 1244 1275 1299 διά
1328 1244 1436 1299 τῶν
1489 1242 1864 1316 προκειμένων
1891 1260 1906 1275 ’

331 1334 527 1401 Εἶδες,
557 1335 752 1403 Κύριε.
777 1335 843 1388 Τί
871 1334 927 1389 δὲ
973 1332 1141 1402 εῖδεν;
1180 1335 1267 1400 Ὧς
1309 1335 1498 1400 δολίως
1548 1334 1696 1406 αὐτῷ
1741 1351 1910 1408 προσ-

328 1427 520 1500 ῄεσαν,
553 1428 646 1482 καὶ
685 1427 760 1492 ώς
798 1427 1102 1483 ἐπλάτυναν
1149 1429 1269 1481 κατ’
1305 1427 1470 1482 αὐτοῦ
1506 1429 1567 1482 τὸ
1600 1428 1774 1503 στόμα
1816 1429 1911 1482 αύ-

332 1519 462 1587 τῶν,
498 1520 592 1574 καὶ
617 1519 694 1584 ὡς
724 1520 843 1574 κατ’
875 1519 1041 1592 εὐχὰς
1081 1519 1389 1593 πράξαντες
1431 1520 1701 1574 ἐπεϐόων
1728 1516 1907 1590 Εὖγε,

329 1606 502 1680 εὖγε,
548 1604 714 1664 εἶδον
758 1613 814 1665 ol
865 1610 1158 1680 ὀφθαλμοί
1208 1609 1397 1680 ἡμῶν.
1450 1611 1522 1664 Σὺ
1572 1611 1663 1678 δὲ,
1713 1610 1907 1681 Κύριε,

327 1699 500 1754 ταῦτα
536 1699 889 1773 θεασάμενος,
935 1701 1303 1772 ἀνασχόμενός
1336 1719 1395 1756 τε
1426 1703 1521 1756 καὶ
1555 1701 1909 1776 μακροθυμή-

332 1809 451 1858 σας,
473 1792 559 1863 μὴ
582 1792 1091 1863 παρασιωπήσῃς·
1127 1794 1242 1848 ἀλλ’
1268 1793 1551 1850 ἀναλαϐὼν
1591 1794 1653 1848 τὺ
1698 1795 1799 1866 τῆς
1833 1794 1909 1848 δι-

2011 617 2096 654 me
2140 617 2198 655 os
2248 617 2424 655 suum.
2455 598 2660 655 Deinde
2708 600 2839 672 quia
2874 600 3014 671 ipsis
3052 601 3290 657 traditus
3323 601 3425 658 fuit
3453 604 3599 659 sicut

2013 693 2134 747 ovis
2167 692 2235 747 ad
2270 692 2688 763 jugulationem,
2726 700 2783 748 et
2820 692 2965 747 sicut
2996 707 3172 763 agnus
3209 692 3330 748 sine
3362 693 3593 761 malitia,

2015 799 2200 841 coram
2233 785 2494 840 tondente
2521 785 2644 841 sine
2666 799 2823 849 voce,
2842 784 3094 840 videntes
3128 783 3250 854 ejus
3279 785 3593 855 passionem

2014 874 2097 930 sic
2141 874 2586 931 vociferabantur
2637 891 2652 933 :
2716 873 2886 946 Euge,
2943 873 3124 945 Euge!
3163 873 3409 933 uiderunt
3456 876 3598 930 oculi

2011 967 2204 1021 nostri.

2083 1141 2249 1201 Vens.
2274 1143 2464 1200 23-26.
2530 1142 2743 1210 Vidisti,
2787 1144 3033 1205 Domine,
3083 1161 3149 1201 ne
3197 1143 3380 1201 sileas.
3418 1143 3596 1216 Supe-

2009 1236 2128 1292 rius
2158 1236 2297 1291 dixit
2350 1256 2363 1291 :
2404 1237 2631 1304 Quando
2677 1240 2965 1307 respicies?
3010 1238 3068 1291 in
3111 1236 3369 1307 praesenti
3414 1250 3594 1291 vero:

2021 1326 2233 1394 Vidisti,
2256 1329 2528 1386 Domine?
2554 1330 2761 1402 Ecquid
2779 1333 2953 1387 vidit?
2973 1330 3131 1398 Quod
3163 1331 3353 1387 dolose
3380 1346 3441 1387 se
3462 1346 3598 1387 con-

2008 1422 2283 1488 venerint,
2322 1430 2379 1477 ct
2436 1423 2583 1493 quod
2637 1423 2995 1480 dilataverint
3052 1432 3248 1480 contra
3302 1426 3484 1495 ipsum
3532 1437 3597 1480 os

2011 1529 2195 1575 suum.
2224 1522 2280 1569 et
2323 1515 2493 1585 quod,
2536 1531 2595 1570 re
2648 1532 2750 1587 pro
2806 1524 2936 1573 voto
2991 1525 3166 1588 gesta,
3193 1517 3594 1574 clamaverint:

2012 1605 2181 1678 Euge,
2200 1604 2384 1677 Euge!
2414 1605 2653 1661 uiderunt
2675 1608 2817 1662 oculi
2846 1610 3037 1663 nostri.
3058 1608 3141 1663 Tu
3173 1614 3380 1673 autem,
3412 1605 3599 1662 Domi-

2010 1713 2100 1766 ne,
2134 1698 2231 1769 qui
2266 1699 2383 1754 ha:c
2403 1698 2619 1765 vidisti,
2656 1701 2754 1757 sed
2790 1701 3067 1771 patienter
3099 1716 3165 1757 ac
3192 1700 3474 1758 moderate
3507 1710 3599 1756 tu-

2010 1789 2147 1857 listi,
2181 1805 2244 1844 ne
2266 1790 2424 1845 sileas
2451 1806 2471 1845 :
2502 1791 2599 1848 sed
2629 1800 2915 1864 assumpto
2932 1794 3163 1864 iustitiae
3195 1802 3301 1849 tuae
3330 1793 3597 1850 tribunali

328 1884 622 1957 καιοσύνης
647 1902 741 1939 σου
769 1887 1051 1958 κριτήριον
1069 1887 1195 1957 λέγε
1212 1905 1227 1919 ’
1262 1888 1451 1943 Ταῦτα
1470 1888 1783 1957 ἐποίησας,
1809 1888 1904 1942 καί

2013 1881 2101 1936 dic
2138 1900 2151 1936 :
2184 1880 2315 1936 Hau:
2358 1883 2552 1951 fecisti,
2578 1892 2627 1938 et
2676 1885 2819 1938 tacui
2857 1884 2942 1952 ‘7;
2990 1898 3055 1939 ac
3083 1899 3306 1939 rursum
3339 1903 3354 1941 :
3400 1884 3593 1949 Tacui,

329 1976 620 2046 ἐσίτησα·
654 1978 750 2033 καὶ
777 1978 937 2033 πάλιν
960 1995 974 2011 ·
1017 1978 1381 2049 Ἐσιώπησα,
1403 1980 1491 2051 μὴ
1522 1982 1621 2036 καί
1646 1980 1738 2036 ἀεὶ
1766 1996 1907 2035 σιω-

329 2064 631 2137 πήσομαι;
676 2066 1058 2140 Ἀνθρωπινως
1075 2062 1134 2117 δὲ
1183 2068 1415 2122 ἱκετεύει
1455 2067 1626 2136 λέγων
1653 2067 1792 2139 πρὸς
1816 2067 1907 2121 τὸν

327 2156 522 2211 ἑαυτοῦ
559 2158 814 2231 Πατέρα·
854 2158 954 2229 Μὴ
986 2159 1262 2229 ἀποστῇς
1285 2160 1386 2214 ἀπ’
1415 2159 1592 2230 ἐμοῦ·
1623 2158 1739 2225 καὶ,
1775 2158 1906 2223 Ἐξ-

328 2248 597 2319 crepante
628 2252 729 2316 καὶ
767 2253 1032 2321 πρόσχες
1057 2250 1133 2321 τῇ
1158 2252 1375 2320 κρίσει,
1406 2255 1441 2307 ό
1478 2252 1622 2318 Θεός
1642 2268 1762 2321 μου
1803 2252 1905 2306 καὶ

326 2340 359 2393 ό
382 2340 597 2408 Κυριός
633 2357 755 2410 μου
798 2343 887 2407 εἰς
933 2340 1050 2409 τὴν
1094 2340 1274 2410 δίκην
1304 2357 1445 2411 μου.
1481 2341 1640 2395 Κατὰ
1675 2342 1786 2413 γὰρ
1815 2341 1906 2395 τὸν

324 2430 514 2502 καιρὸν
543 2430 639 2484 τοῦ
668 2431 808 2503 ὑπὲρ
837 2430 994 2504 ἡμῶν
1021 2431 1227 2497 πάθους
1248 2433 1500 2497 τοιαύτας
1519 2432 1671 2504 ἠφίει
1697 2431 1901 2502 φωνὰς,

323 2521 411 2575 ἵνα
458 2522 723 2596 πιστευθῇ
770 2522 1059 2597 ἄνθρωπος
1109 2524 1387 2597 ἀτρεκέως
1454 2524 1597 2579 κατά
1645 2524 1902 2597 ἀλήθειαν

323 2614 581 2685 γεγονὼς,
606 2616 701 2670 καὶ
725 2615 816 2671 τὸν
840 2616 980 2688 ὑπὲρ
1013 2616 1169 2688 ἡμῶν
1198 2616 1427 2672 θάνατον
1447 2617 1708 2681 ἑκουσίως
1739 2634 1905 2671 κατα-

321 2706 627 2778 δεχόμενος.
679 2706 792 2762 Καὶ
831 2706 918 2776 μὴ
965 2706 1400 2777 ἐπιχαρήσειὰν
1429 2724 1554 2777 μοι,
1586 2708 1675 2778 μὴ
1721 2708 1904 2762 εἴποι-

322 2812 444 2851 σαν
492 2797 564 2850 ἑν
611 2797 885 2865 καρδίαις
922 2797 1152 2851 αὐτῶν·
1202 2794 1381 2869 Εὖγε,
1428 2794 1590 2868 εὖγε,
1636 2800 1676 2868 ἡ
1729 2798 1902 2868 ψυχὴ

322 2889 526 2960 ἡμῶνέ
566 2889 722 2959 μηδὲ
764 2890 1076 2944 εῑποισαν·
1125 2892 1493 2960 Κατεπίομεν
1533 2892 1748 2945 αὐτόν.
1801 2891 1901 2945 Σοῦ

323 2983 454 3055 γὰρ,
469 2982 656 3053 φησὶν,
676 2980 1053 3048 ἑπεξελθόντος
1075 2984 1187 3045 τοῖς
1204 2982 1646 3054 τετολμημένοις,
1675 2982 1766 3037 καὶ
1788 2982 1904 3055 κρί-

324 3091 513 3138 ναντος
544 3072 685 3127 κατά
711 3073 812 3143 τὴν
844 3072 1191 3144 δικαιοσύνην
1241 3088 1355 3138 σου,
1398 3073 1499 3126 οὐκ
1543 3074 1903 3146 ἐπιχαρήσον-

322 3181 443 3227 ται,
494 3163 602 3217 οὐδ’
648 3160 865 3235 ἐροῦσιν
912 3163 971 3217 ὲν
1008 3163 1429 3236 ταῑςκαρδίαις
1459 3166 1671 3218 αὐτῶν·
1721 3162 1899 3237 Εὖγε,

319 3249 481 3324 εὖτε,
501 3254 719 3326 ἴσχυσεν
748 3257 781 3326 ἡ
809 3255 955 3327 ψυχὴ
988 3255 1164 3328 ἡμῶν.
1204 3258 1267 3310 El
1296 3256 1407 3328 γὰρ
1444 3257 1538 3311 καὶ
1566 3256 1647 3329 τῷ
1679 3258 1904 3330 στόματι

322 3346 501 3400 αύτῶν
528 3362 659 3399 ποτε
686 3348 845 3401 τοῦτο
873 3348 1178 3420 εἰρήκασιν,
1208 3348 1323 3403 ἀλλ’
1364 3349 1425 3402 οὐ
1472 3351 1567 3404 καὶ
1611 3354 1732 3415 ταῖς
1765 3369 1904 3425 καρ-

319 3436 461 3502 δίαις
484 3437 663 3513 αύτῶν
701 3436 915 3511 ἐροῦσιν
937 3455 951 3469 ⁸
984 3439 1104 3492 οὐδὲ
1134 3441 1398 3511 φήσουσι·
1421 3442 1791 3513 Κατεπίομεν
1808 3446 1908 3499 αὐ-

317 3529 448 3595 τὸν,
504 3529 602 3602 τὴν
650 3530 949 3586 ἀνάστασίν
1009 3549 1110 3603 μου
1155 3533 1248 3589 καὶ
1299 3534 1399 3605 τῆς
1437 3534 1761 3607 Ἐκκλησίας
1805 3538 1904 3610 τῆς

318 3620 461 3691 ἐμῆς
483 3618 583 3691 τὴν
609 3618 731 3673 καθ’
754 3619 884 3691 ὅλης
906 3620 1008 3691 τῆς
1032 3621 1355 3693 οἰκουμένης
1379 3621 1587 3693 ἵδρυσιν
1617 3622 1909 3698 θεώμενοι,

315 3708 691 3766 Καταπίνεται
717 3710 813 3780 μὲν
834 3709 945 3784 γὰρ
968 3713 998 3765 ὁ
1027 3709 1173 3776 ἅπαξ
1202 3712 1282 3776 εἰς
1324 3711 1481 3782 βυθὸν
1514 3713 1768 3785 χωρήσας
1810 3703 1906 3767 καῖ

319 3800 518 3875 μηκέτ’
548 3799 932 3873 ἀναϐεϐηκώς·
965 3801 1108 3856 οὕτω
1138 3802 1246 3879 γάρ
1278 3820 1407 3857 ποτε
1438 3803 1697 3857 κατέπιεν
1739 3808 1770 3858 ὁ
1808 3805 1904 3859 θά-

314 3909 479 3956 νατος
513 3892 758 3964 ἰσχύσας.
794 3892 953 3947 Ἀλλά
978 3895 1138 3948 κάκεῖ
1174 3896 1222 3948 οἱ
1265 3894 1660 3961 καταποθέντες
1683 3897 1903 3952 ἐπαλιν-

315 3984 625 4057 δρόμησαν,
657 3983 738 4038 διὸ
767 3984 1040 4040 λέλεκται.⁹
1072 3986 1181 4041 Καὶ
1217 3984 1401 4040 πάλιν
1425 3985 1726 4055 dsper
1759 3989 1903 4057 Θεὸς

315 4072 446 4154 πᾶν
475 4073 744 4142 δάκρυον
772 4073 889 4129 ἀπὸ
915 4073 1142 4140 παντὸς
1173 4071 1516 4143 προσώπου.
1892 4072 1893 4075 “

387 4167 502 4220 Καὶ
540 4165 776 4221 ἐνταῦθα
816 4167 1015 4234 τοίνυν,
1039 4168 1088 4220 εί
1126 4167 1221 4221 καὶ
1247 4169 1385 4239 πρὸς
1421 4169 1610 4243 καιρόν
1640 4185 1761 4223 τινα
1792 4169 1903 4224 ἐδο-

314 4258 421 4326 ξαν
461 4256 625 4312 αὐτὸν
668 4258 985 4319 καταπίνειν
1009 4299 1025 4325 ,
1088 4257 1202 4313 ἀλλ’
1228 4261 1328 4314 ούκ
1365 4261 1444 4325 είς
1486 4261 1670 4325 τέλος,
1715 4261 1899 4332 φησὶν,

313 4337 538 4421 ἐροῦσι,
587 4348 939 4422 προφητικῶς
976 4349 1095 4403 κατ’
1137 4349 1278 4404 αύτά
1310 4349 1613 4416 θεσπίζων·
1648 4353 1903 4421 Aio-xyw

312 4441 573 4507 θείησαν
614 4439 713 4494 καί
754 4439 1196 4509 ἐντραπειήσαν
1235 4440 1357 4510 ἅμα
1397 4442 1451 4494 οὶ
1492 4441 1590 4494 ἐπι
1593 4441 1901 4510 χαίροντες

314 4535 445 4601 τοῖς
481 4533 690 4601 κακοῖς
732 4550 853 4603 μου
870 4550 884 4565 ο
933 4533 1410 4610 ὲνδυσάσθωσαν
1456 4534 1760 4603 αἰσχύνην
1800 4533 1901 4589 καί

316 4625 623 4702 tiu-“monitu
672 4628 728 4680 οὶ
779 4626 1444 4697 μεγωορῤημονοῦντες
1493 4626 1586 4680 ἐπ’
1629 4626 1751 4696 ἐμέ.
1791 4627 1901 4680 Καὶ

319 4720 496 4775 ταῦτα
520 4720 579 4774 δὲ
603 4719 750 4783 ὅπως
775 4720 964 4783 τέλους
981 4719 1169 4789 ἔτυχεν
1197 4719 1574 4791 ἀναφερόμενα
1598 4718 1693 4772 ἐπὶ
1718 4717 1780 4772 τὸ
1804 4716 1898 4771 τοῦ

320 4793 573 4889 Σωτῆρος
595 4814 628 4883 ἡ
638 4810 752 4889 μῶν
798 4812 1106 4883 πρόσωπον,
1140 4812 1318 4886 ῥᾴδιον
1342 4812 1406 4884 δὴ
1443 4812 1591 4866 ιδεῑν.
1633 4811 1722 4878 Ἐξ
1759 4811 1900 4865 ὲκεί-

230 4924 233 4927 λ
319 4887 413 4959 νου
437 4903 567 4975 γὰρ,
597 4904 691 4957 καὶ
729 4906 808 4968 είς
837 4905 995 4976 δεῦρο
1025 4901 1121 4956 τοῦ
1153 4902 1341 4975 χρόνου
1375 4904 1774 4977 ἀπερριμμένοι
1804 4902 1900 4956 καὶ

321 4993 614 5069 ᾁπόὸλητοι
645 4979 969 5067 τυγχάνουσι
1018 4995 1187 5049 πάλαι
1234 4995 1510 5067 κομῶντες
1558 4998 1652 5051 ἐπὶ
1687 4995 1899 5060 πολλοῖς

319 5085 673 5159 χαρίσμασιν.
710 5086 772 5140 Οἱ
812 5085 858 5138 δ’
897 5086 957 5153 eg
1001 5086 1255 5142 ἁπάντων
1301 5087 1410 5142 τῶν
1458 5088 1627 5143 ἐθνῶν
1668 5088 1760 5143 τὸν
1803 5088 1895 5141 ὑπ’

321 5172 500 5234 αὐτῶν
524 5179 865 5255 ἀνῃρημένον
897 5180 1352 5253 παραδεδεγμένοι
1376 5181 1473 5253 τῆς
1510 5183 1609 5253 μὲν
1634 5180 1893 5235 πολυθέΟυ

322 5271 530 5343 πλάνης
555 5271 976 5344 ὴλευθέρωνται,
1007 5272 1096 5326 τὸν
1134 5273 1179 5327 δ’
1212 5274 1304 5326 ἐπὶ
1335 5273 1550 5326 πάντων
1572 5272 1704 5327 Θεὸν
1742 5273 1897 5327 εὐσε-

210 5372 219 5385 ’
323 5363 541 5431 βοῦντες
564 5364 915 5431 διατελοῦσιν.
944 5360 1057 5419 Εἶθ’
1090 5367 1138 5419 οἱ
1182 5366 1280 5437 μὲν
1318 5365 1580 5437 αἰσχύνην
1622 5366 1896 5437 καταχεά-

327 5475 472 5540 μενοι
502 5458 586 5527 ἐφ’
605 5453 687 5522 οἷς
716 5457 967 5533 ἔδρασαν,
1001 5460 1392 5540 ἐνετράπησαν,
1435 5461 1484 5512 οἱ
1527 5457 1584 5512 δὲ
1619 5460 1760 5531 χαρᾷ
1802 5459 1897 5513 καὶ

323 5549 626 5625 παρρησίας
655 5551 922 5624 δσημέραι
971 5551 1330 5624 πληροῦνται·
1364 5550 1439 5616 ὼς
1470 5549 1805 5624 πληροῦσθαι
1836 5550 1897 5603 τὸ

325 5641 472 5713 παρὰ
492 5642 713 5699 Μωῡσεῖ
746 5640 923 5711 λόγιον
952 5641 1130 5714 φῆσαν
1159 5640 1294 5712 πρὸς
1319 5639 1409 5694 τὸν
1446 5638 1710 5694 Ἰουδαίων
1733 5636 1890 5693 λαόν*

2014 1992 2082 2030 an
2102 1992 2304 2046 semper
2325 1974 2503 2030 tacebo
2520 1977 2605 2030 ³⁸⁸3
2634 1975 2885 2032 Humano
2916 1986 3098 2032 autem
3123 1991 3278 2032 more
3310 1975 3463 2032 Patri
3491 1990 3596 2032 suo

2013 2067 2288 2137 supplicat
2318 2067 2406 2121 bis
2438 2067 2622 2123 verbis
2661 2082 2674 2124 :
2711 2066 2798 2123 Ne
2844 2068 3087 2125 discedas
3119 2086 3153 2123 a
3195 2083 3320 2133 me;
3346 2074 3401 2122 et
3435 2086 3451 2123 :
3482 2066 3597 2121 Ea:-

2010 2175 2165 2229 surge
2190 2168 2241 2215 et
2267 2159 2476 2214 intende
2510 2160 2719 2230 judicio
2742 2176 2880 2224 meo,
2908 2159 3053 2215 Deus
3074 2174 3220 2215 meus
3251 2168 3301 2214 et
3331 2158 3593 2213 Dominus

2011 2266 2158 2305 meus
2177 2251 2233 2304 in
2248 2266 2466 2305 causam
2499 2268 2689 2306 meam.
2719 2251 2989 2321 Tempore
3020 2265 3259 2321 namque
3295 2264 3394 2320 pro
3431 2248 3594 2304 nobis

2010 2348 2278 2413 susceptae
2309 2341 2585 2412 passionis
2615 2343 2755 2397 tales
2776 2341 3059 2396 emittebat
3087 2355 3275 2407 voces,
3312 2349 3372 2393 ut
3398 2339 3591 2394 crede-

2008 2441 2162 2490 retur
2188 2434 2351 2490 homo
2369 2434 2546 2490 lactus
2569 2435 2871 2491 secundum
2901 2436 2980 2490 rei
3013 2433 3320 2497 veritatem,
3337 2447 3401 2487 ac
3428 2446 3593 2502 spon—

2007 2529 2064 2578 te
2087 2537 2187 2593 pro
2224 2523 2385 2579 nobis
2408 2531 2642 2579 mortem
2697 2524 3037 2595 suscepisse.
3070 2523 3139 2577 Et
3163 2539 3268 2578 non
3296 2538 3593 2593 supergau‘

2007 2612 2166 2675 deant
2196 2613 2343 2680 mihi,
2368 2632 2431 2669 ne
2466 2614 2648 2668 dicant
2682 2615 2737 2668 in
2781 2613 3028 2669 cordibus
3071 2615 3183 2668 suis
3212 2630 3231 2668 :
3253 2612 3422 2684 Euge,
3446 2612 3595 2683 Euge

2009 2706 2203 2762 animae
2240 2708 2460 2762 nostra!
2489 2724 2581 2762 nec
2602 2707 2787 2761 dicant
2818 2723 2837 2761 :
2861 2705 3238 2762 Devoravimus
3271 2723 3412 2762 eum.
3453 2706 3511 2761 Si
3532 2714 3593 2763 tu

2008 2798 2177 2862 enim,
2204 2797 2405 2869 inquit,
2434 2800 2547 2854 haec
2576 2798 2824 2853 facinora
2848 2798 3159 2862 ulciscaris,
3191 2807 3245 2854 et
3267 2797 3484 2868 judices
3504 2812 3594 2853 se-

2008 2888 2249 2944 cundum
2266 2889 2539 2960 justitiam
2571 2899 2744 2954 tuam,
2762 2903 3110 2960 nequaquam
3131 2888 3212 2943 illi
3242 2889 3588 2961 gaudebunt:

2008 2996 2188 3051 neque
2214 2981 2405 3036 dicent
2432 2981 2490 3035 in
2521 2981 2784 3037 cordibus
2818 2981 2937 3037 suis
2970 3000 2983 3035 :
3021 2981 3189 3052 Euge,
3234 2977 3420 3052 Euge!
3450 2995 3583 3050 prce

2007 3072 2180 3126 valuit
2206 3073 2387 3127 anima
2421 3080 2630 3129 nostra.
2656 3072 2886 3128 Etiamsi
2918 3073 3065 3130 enim
3092 3074 3147 3127 id
3172 3088 3268 3128 ore
3296 3072 3591 3144 aliquando

2008 3163 2372 3233 protulerint,
2417 3175 2472 3221 at
2502 3164 2668 3222 corde
2702 3181 2814 3220 non
2849 3165 2924 3220 ita
2952 3165 3267 3235 loquentur,
3297 3179 3476 3236 neque
3505 3164 3590 3220 di-

1933 3241 1979 3304 C
2008 3265 2180 3311 cent:
2213 3254 2592 3311 Devoravimus
2647 3273 2788 3324 eum,
2836 3256 3060 3329 quando
3128 3258 3589 3313 resurrectionem

2008 3364 2209 3414 meam,
2236 3356 2292 3405 et
2338 3349 2643 3409 Ecclesiam
2694 3349 2824 3407 item
2886 3366 3065 3407 meam
3104 3352 3213 3408 late
3247 3368 3344 3423 per
3397 3349 3588 3407 orbem

2006 3454 2362 3514 propagatam
2391 3443 2757 3514 conspicient.
2794 3440 2846 3505 Is
2874 3458 3112 3513 namque
3144 3444 3462 3511 devoratur,
3492 3446 3587 3517 qui

2005 3535 2177 3591 semel
2200 3534 2255 3589 in
2279 3535 2612 3606 profundum
2645 3534 2925 3607 delapsus,
2946 3534 3074 3591 inde
3108 3550 3390 3606 nunquam
3418 3552 3592 3593 emer-

2006 3625 2084 3697 git
2112 3647 2126 3681 :
2162 3626 2243 3683 sic
2268 3627 2413 3682 enim
2446 3642 2594 3683 mors
2624 3628 2776 3693 olim,
2807 3642 2933 3682 cum
2988 3627 3327 3697 praevaleret,
3357 3627 3585 3684 devora~

2003 3715 2119 3770 bat.
2162 3717 2370 3772 'Verum
2416 3719 2510 3788 qui
2548 3718 2795 3773 devorati
2845 3725 2996 3783 sunt,
3035 3718 3148 3790 jam
3198 3725 3583 3783 revertuntur,

2004 3822 2175 3879 quare
2193 3808 2401 3864 dictum
2425 3816 2512 3865 est
2547 3827 2563 3864 :
2597 3808 2666 3863 Et
2693 3827 2906 3865 rursum
2928 3812 3150 3867 abstulit
3181 3810 3443 3868 Dominus
3471 3830 3587 3869 om-

2003 3916 2121 3961 nem
2156 3899 2447 3971 lacrymam
2473 3900 2538 3953 ab
2576 3903 2719 3955 omni
2741 3903 2891 3956 vultu
2919 3902 2992 3955 ⁸⁸.

2073 4162 2176 4218 llic
2223 4162 2390 4233 igitur
2420 4163 2638 4218 etiamsi
2691 4162 2760 4218 ad
2799 4169 3016 4234 tempus
3056 4164 3237 4234 ipsum
3291 4165 3584 4224 devorasse

2002 4255 2106 4313 visi
2137 4264 2299 4324 sunt;
2322 4265 2379 4311 at
2406 4272 2518 4312 non
2550 4257 2607 4311 in
2634 4255 2796 4311 linem
2819 4271 3016 4326 usque,
3050 4257 3247 4327 inquit,
3273 4256 3347 4312 ita
3372 4258 3580 4328 dicent,

2002 4350 2428 4423 propheticeque
2454 4352 2640 4408 statim
2663 4350 3037 4405 vaticinatur:
3068 4348 3398 4405 Erubescant
3429 4360 3479 4406 et
3502 4369 3584 4408 re-

2002 4438 2279 4515 uereantur
2302 4442 2484 4506 simul,
2514 4443 2605 4513 qui
2624 4441 2971 4513 gratulantur
2997 4442 3157 4498 malis
3176 4443 3327 4498 meis.
3347 4441 3583 4499 Induat:-

2005 4542 2092 4587 tur
2143 4531 2448 4602 confusione
2481 4542 2531 4587 et
2581 4533 2874 4587 reverentia
2922 4533 3015 4602 qui
3069 4548 3263 4604 magna
3296 4534 3582 4605 loquuntur

2004 4640 2158 4694 super
2191 4641 2289 4680 me.
2339 4622 2466 4679 Haec
2520 4638 2688 4695 porro
2719 4638 2883 4694 quem
2925 4624 3090 4679 linem
3130 4624 3325 4680 sortita
3369 4624 3481 4679 sint
3509 4623 3580 4679 ad

2004 4731 2298 4786 personam
2338 4714 2644 4771 Salvatoris
2675 4714 2855 4771 nostri
2888 4714 3138 4781 reducta,
3165 4714 3472 4784 intelligere
3496 4713 3580 4769 fa-

2005 4789 2109 4861 cile
2130 4813 2233 4860 est.
2269 4802 2346 4859 Ex
2367 4819 2433 4861 eo
2461 4804 2664 4874 quippe
2693 4805 2762 4859 ad
2792 4804 2900 4860 hoc
2932 4819 3110 4876 usque
3136 4812 3352 4873 tempus
3377 4803 3578 4876 abjecti

2005 4910 2070 4951 ac
2102 4895 2315 4966 depulsi
2344 4903 2495 4962 sunt,
2540 4897 2632 4967 qui
2666 4896 2798 4951 olim
2843 4897 3022 4967 gratia
3064 4894 3337 4967 donisque
3386 4896 3576 4954 multis

2003 4989 2363 5046 ornabantur.
2421 4988 2494 5044 At
2546 4995 2816 5062 quotquot
2874 5005 2944 5045 ex
3003 4989 3259 5061 gentibus
3304 4990 3577 5049 universis

2002 5094 2149 5145 eum,
2176 5079 2271 5150 qui
2316 5080 2388 5135 ab
2432 5080 2540 5137 illis
2591 5079 2918 5137 interfectus
2960 5086 3065 5147 est,
3094 5089 3439 5152 receperunt,
3473 5080 3516 5138 ii
3541 5096 3575 5138 a

2000 5173 2299 5228 multorum
2344 5172 2574 5228 deorum
2622 5187 2812 5230 errore
2848 5173 3063 5229 liberati
3098 5181 3249 5240 sunt,
3295 5172 3575 5245 Deumque

2001 5265 2385 5320 universorum
2444 5272 2764 5321 constanter
2821 5279 2887 5320 ac
2934 5265 3025 5336 pie
3090 5265 3301 5321 colunt.
3360 5264 3574 5322 Exhinc

2002 5371 2170 5429 porro
2195 5355 2273 5411 illi
2293 5357 2538 5429 quidem,
2561 5356 2633 5412 ob
2661 5356 2879 5411 facinus
2899 5363 3136 5423 tantum,
3161 5357 3373 5427 pudore
3393 5353 3573 5413 σθ’εαὶ

2003 5465 2069 5505 ac
2127 5450 2344 5507 confusi
2394 5457 2553 5517 sunt;
2584 5449 2664 5504 illi
2696 5454 2878 5503 autem
2920 5448 3122 5520 gaudio
3175 5447 3486 5519 ﬁduciaque
3512 5445 3571 5503 in

2003 5544 2121 5600 dies
2147 5543 2466 5615 replentur;
2497 5543 2573 5596 ita
2632 5548 2693 5597 ut
2741 5540 2877 5596 illud
2929 5541 3131 5613 Moysis
3167 5541 3450 5598 oraculum
3499 5538 3570 5597 ad

2003 5636 2312 5695 Judaorum
2346 5635 2605 5709 populum
2650 5642 2908 5708 spectans
2944 5634 3235 5707 impleatur
3271 5655 3287 5694 :
3318 5632 3569 5707 Prosclg-

392 5821 437 5879 t'
471 5821 771 5896 Psal.xux,
801 5824 891 5880 21.
964 5824 1012 5858 ⁵⁸
1048 5820 1154 5891 lsa.
1192 5834 1336 5895 χιιι,
1374 5819 1458 5895 μ.
1533 5818 1580 5872 9'
1618 5817 1723 5877 lsa.
1758 5834 1899 5887 xxv,
1934 5817 1988 5885 8,.
