4100 6418
506 372 616 429 815

1217 364 1488 423 EUSEBII
1517 362 1999 425 CIESARIENSIS
2036 362 2186 421 OPP.
2229 363 2410 421 PARS
2444 364 2533 422 lli.
2574 396 2645 408 ——
2676 363 3082 423 EXEGETICA.

3634 361 3740 419 516

509 497 593 544 tus
630 488 719 562 qui
744 487 1015 543 uobiscum
1046 497 1312 550 versatur,
1335 487 1435 541 erit
1462 502 1624 556 supra
1649 502 1845 556 supra;
1879 494 1937 541 tu
1966 501 2068 539 au-

2180 486 2244 541 Ὀ
2271 486 2657 557 προσήλυτος
2695 490 2729 542 ό
2754 486 2825 541 ἐν
2852 484 2996 557 ὑμῖν
3026 483 3196 545 ἔσται
3240 482 3361 536 ἀνω
3386 481 3535 535 ἀνω·
3565 480 3647 535 σὺ
3671 480 3742 535 δὲ

508 590 611 635 tem
635 579 739 633 eris
763 562 910 648 infra
952 576 1115 645 infra.
1144 575 1265 646 Ipse
1287 578 1388 630 erit
1418 576 1512 629 tibi
1550 584 1726 647 caput,
1751 584 1807 629 tu
1837 577 1940 631 eris
1969 576 2070 646 ipsi

507 669 682 723 cauda
709 668 776 719 ⁸ο.

578 755 746 812 Vsus.
773 755 865 823 27,
882 754 972 811 28.
992 753 1271 809 Exsultent
1293 763 1342 808 et
1361 753 1602 811 (celentur
1615 755 1702 826 qui
1721 753 2071 823 uoluntjusti-

510 852 640 905 tiam
652 866 843 916 meam,
864 857 914 904 et
929 849 1323 918 dicantsemper
1351 865 1369 903 :
1399 847 1772 921 Magnificetur
1787 849 2067 915 Dominus,

504 943 597 1011 qui
619 941 795 995 volunt
819 956 999 1010 pacem
1014 941 1150 995 servi
1164 940 1302 1010 ejus.
1321 939 1389 994 Et
1408 941 1585 1012 lingua
1603 939 2071 995 mea'meditabitur

502 1034 769 1103 justitiam
796 1045 964 1100 tuam,
998 1042 1108 1088 tota
1135 1033 1466 1088 dievlaudem
1498 1043 1665 1088 tuam.
1702 1033 1921 1088 Initium
1951 1047 2073 1103 pro-

509 1129 703 1198 phetiae
725 1128 997 1197 judicium
1028 1134 1083 1184 et
1112 1127 1318 1183 bellum
1358 1127 1672 1182 minabatur
1692 1127 1762 1183 iis
1785 1127 1878 1198 qui
1908 1126 2073 1196 impie

507 1225 752 1288 egerunt,
798 1225 960 1288 atque
1005 1216 1395 1288 impugnarunt
1427 1233 1552 1273 eum
1582 1217 1674 1289 qui
1697 1218 1755 1272 in
1792 1218 1910 1288 ipsa
1944 1232 2073 1287 pro-

507 1310 694 1380 phetia
720 1310 930 1377 fertur;
963 1309 1143 1375 media
1184 1325 1314 1371 vero
1351 1325 1533 1367 mores
1576 1326 1765 1366 eorum
1806 1310 2074 1381 perstrin-

507 1410 678 1473 gunt;
731 1409 1009 1473 postrema
1051 1407 1254 1468 autem,
1308 1401 1663 1472 ignominiam
1709 1408 1763 1458 et
1803 1401 2075 1457 confusio-

507 1509 632 1549 nem
661 1508 770 1563 qua
803 1492 1071 1551 alliciendi
1099 1504 1228 1555 sunt
1276 1491 1615 1549 describunt.
1644 1492 1710 1559 At
1749 1494 1916 1550 totius
1943 1508 2073 1563 pro.

506 1584 705 1655 phetiae
733 1598 944 1639 summa
975 1584 1417 1649 exsultationem,
1448 1585 1687 1649 laetitiam
1716 1591 1771 1640 et
1803 1584 1946 1640 bona
1977 1599 2075 1639 an-

507 1677 724 1731 nuntiat
755 1676 825 1731 iis
848 1675 945 1746 qui
972 1676 1161 1742 volunt
1190 1675 1461 1745 justitiam
1491 1677 1632 1745 ejus.
1658 1674 1762 1730 Per
1801 1676 2072 1747 justitiam

507 1783 639 1823 vero
669 1766 811 1838 ejus,
840 1766 1181 1821 divinitatem
1212 1766 1387 1836 ipsius
1438 1767 1745 1838 intelligas;
1779 1767 1908 1838 quia
1954 1768 2072 1838 ipse

2168 577 2284 648 ἔσῃ
2311 577 2467 633 κάτω
2494 576 2651 632 κάτω
2668 595 2682 608 ·
2713 579 2894 644 αὐτός
2920 591 3036 641 σου
3073 576 3242 631 ἔσται
3270 570 3524 643 κεφαλὴ,
3552 570 3634 628 σὺ
3671 571 3741 627 δὲ

2171 669 2288 737 ἔσῃ
2315 668 2480 736 οὐρά.

2254 759 2741 829 Ἀταλλιὰσαιντο
2762 757 2860 813 καὶ
2885 756 3365 827 εὐφρανθείησαν
3383 757 3437 807 οι
3464 753 3743 821 θέλοντες

2168 851 2285 919 τὴν
2311 850 2704 919 δικαιοσύνην
2729 871 2849 921 μου
2879 852 2977 906 καὶ
3004 849 3341 906 εἰπάτωσαν
3367 846 3465 900 διὰ
3492 846 3740 911 παντός’

2170 942 2609 1012 Μεταλυνᾷήτω
2637 948 2670 998 ό
2702 946 2937 1012 Κύριος,
2964 947 3016 997 οἰ
3047 942 3323 1007 θέλοντες
3357 939 3471 1007 τὴν
3498 938 3746 1007 εἰρήνην

2170 1034 2277 1089 τοῦ
2303 1034 2528 1089 δούλου
2556 1034 2761 1090 αὐτοῦ.
2800 1035 2910 1090 Καὶ
2935 1036 2976 1104 ἡ
3002 1032 3252 1104 γλῶσσά
3272 1047 3391 1102 μου
3422 1028 3746 1101 μελετήσει

2171 1128 2288 1197 τὴν
2312 1128 2704 1197 δικαιοσύνην
2730 1143 2869 1192 σου,
2883 1127 3035 1194 ὅλην
3055 1124 3175 1193 τὴν.
3196 1122 3422 1197 ἡμέραν
3445 1122 3552 1176 τὸν
3577 1121 3745 1176 ἔπαι-

2171 1220 2285 1274 νόν
2329 1219 2549 1275 σου.Ἠ
2594 1219 2692 1291 μὲν
2739 1219 2880 1292 ἀρχὴ
2927 1219 3023 1289 τῆς
3063 1214 3396 1293 προφητείας
3444 1213 3596 1285 δίκην
3648 1213 3745 1267 καὶ

2173 1312 2409 1384 πόλεμον
2437 1311 2819 1366 ἐπελεύσεσθαι
2837 1310 3049 1382 ἠπείλει
3070 1308 3213 1363 κατὰ
3237 1307 3345 1369 τῶν
3368 1305 3744 1377 ἀδικησάντων

2173 1407 2269 1461 καὶ
2300 1405 2723 1477 πολεμησάντων
2758 1404 2851 1457 τὸν
2884 1400 3357 1473 προφητευόμενον
3374 1415 3388 1427 ⁸
3415 1396 3486 1451 τὰ
3518 1397 3581 1463 δὲ,
3605 1395 3745 1466 μέσα

2172 1498 2266 1551 τὸν
2312 1496 2515 1569 τρόπον
2556 1496 2737 1549 αὐτῶν
2786 1492 3058 1548 διέϐαλλεο
3093 1490 3163 1544 τὰ
3207 1490 3264 1543 δὲ
3317 1489 3412 1543 ἐπὶ
3455 1487 3597 1542 τέλει
3642 1488 3744 1558 τὴν

2174 1588 2590 1657 καταλαίᾷοῦσαν
2614 1587 2808 1650 αὐτοὺς
2834 1585 3124 1657 διέγραφεν
3147 1581 3406 1652 αἰσχύνην
3439 1581 3530 1634 καὶ
3558 1583 3743 1652 ἐντρο-

2176 1682 2305 1751 πήν.
2358 1680 2425 1733 Ἦ
2456 1680 2518 1733 δὲ
2548 1680 2648 1750 τῆς
2686 1678 2812 1748 ὅλης
2854 1673 3188 1748 προφητείας
3219 1670 3532 1743 περιγραφὴ
3567 1671 3739 1739 ἀγαλ-

2175 1771 2355 1837 λίασιν
2385 1772 2479 1824 καὶ
2507 1770 2864 1840 εὐφροσύνην,
2897 1767 2993 1821 καὶ
3024 1765 3203 1835 ἀγαθὰ
3258 1765 3466 1827 πάντας
3516 1763 3745 1832 εὐαγγε-

507 1858 681 1927 factus
702 1836 785 1927 est
814 1856 966 1918 nobis
1004 1858 1265 1926 sapientia
1294 1875 1327 1911 (ι
1354 1856 1484 1924 Deo,
1519 1868 1569 1913 et
1601 1836 1842 1928 justitia,
1874 1867 1924 1912 et
1946 1836 2074 1913 san-

2178 1836 2378 1930 λίζεται
2401 1866 2527 1929 τοὺς
2666 1836 3009 1934 δικαιοσύνην
3038 1859 3202 1916 αὑτοῦ
3224 1859 3493 1923 θέλοντας.
3517 1858 3749 1929 Νοήσεις

506 1950 781 2020 cti/icatio,
823 1957 875 2002 et
908 1945 1194 2017 redemptio
1216 1947 1285 2001 ⁸¹.
1319 1947 1425 2014 Qui
1469 1947 1637 2019 igitur
1676 1948 1824 2001 illam
1871 1948 2076 2003 intelli-

509 2048 665 2110 gunt,
696 2039 992 2107 exsultent,
1019 2039 1114 2103 ait,
1147 2047 1200 2094 et
1232 2039 1517 2106 laetentur;
1550 2039 1808 2110 ipsosque
1838 2039 2076 2095 instituit

512 2143 572 2187 ut
593 2132 780 2188 dicant
802 2146 1035 2201 semper,
1060 2129 1431 2201 Magniﬁcetur
1459 2130 1738 2196 Dominus,
1774 2133 1820 2187 si
1856 2134 2075 2203 quidem

509 2239 705 2296 pacem
726 2239 850 2279 cum
878 2238 945 2278 eo
974 2223 1067 2293 qui
1101 2222 1155 2277 in
1176 2221 1436 2288 vaticinio
1463 2221 1637 2277 fertur
1658 2224 2073 2293 amplectantur;

508 2310 948 2384 quandoquidem
976 2312 1014 2365 ii
1042 2312 1137 2382 qui
1170 2321 1364 2369 contra
1386 2327 1509 2367 eum
1529 2312 1866 2368 inimicitiam
1898 2330 2073 2371 susce-

505 2413 728 2476 perunt,
764 2404 958 2475 dignas
985 2418 1083 2473 pro
1111 2418 1177 2460 eo
1198 2418 1389 2477 poenas
1418 2403 1707 2459 dederunt.
1740 2403 1865 2465 Haec
1894 2414 2077 2461 autem

507 2513 614 2568 pax
649 2512 714 2551 ea
738 2497 857 2567 ipsa
891 2496 1077 2559 fuerit,
1109 2510 1273 2565 quam
1306 2495 1397 2551 ille
1440 2495 1726 2565 discipulis
1770 2497 1886 2552 suis
1911 2497 2078 2567 largi-

508 2600 600 2645 tus
614 2596 718 2653 est,
753 2588 942 2644 dicens
973 2604 986 2639 :
1017 2587 1213 2651 Pacem
1237 2603 1404 2641 meam
1422 2587 1490 2643 do
1521 2588 1686 2653 vobis,
1716 2603 1894 2657 pacem
1910 2606 2080 2644 meam

507 2681 743 2751 relinquo
774 2681 994 2737 vobis".
1039 2679 1106 2734 Et
1142 2678 1257 2733 haec
1286 2678 1354 2735 de
1396 2680 1464 2735 iis
1492 2682 1587 2751 qui
1631 2682 1821 2737 volunt
1851 2696 1915 2737 ac
1954 2680 2080 2734 dili-

506 2777 641 2841 gunt
672 2784 859 2839 pacem
894 2768 1036 2838 ejus,
1071 2782 1136 2833 ac
1178 2767 1445 2837 justitiam
1483 2770 1605 2839 ejus
1654 2770 1944 2827 honorant.
1977 2770 2081 2826 De-

507 2878 657 2918 mum
702 2862 770 2917 de
801 2862 984 2931 seipso
1020 2862 1250 2932 loquens
1280 2860 1572 2919 sermonis
1613 2863 1773 2918 tinem
1807 2863 2078 2935 obsignat,

507 2955 703 3017 dicens.
731 2970 745 3006 :
780 2953 848 3007 Et
881 2954 1062 3024 lingua
1092 2970 1209 3008 mea
1237 2953 1578 3008 meditabitur
1597 2954 1870 3024 justitiam
1910 2965 2078 3021 tuam,

510 3054 625 3099 tota
663 3044 753 3098 die
793 3044 1003 3113 laudem
1043 3054 1212 3098 tuam.
1247 3043 1365 3109 His,
1412 3044 1610 3114 inquit,
1656 3046 1729 3099 ita
1773 3047 1945 3116 gestis,
1972 3056 2080 3100 tam

2174 1956 2232 2010 δὲ
2276 1956 2373 2028 τὴν
2416 1955 2579 2010 αὐτοῦ
2624 1955 2986 2027 δικαιοσύνην,
3017 1953 3245 2023 θεότητα
3276 1950 3439 2004 αὑτοῦ
3467 1948 3744 2005 ἐκλαϐὼν

2176 2048 2363 2120 ἐπειδὴ
2383 2049 2542 2112 αὐτὸς
2562 2047 2814 2119 ἐγενήθη
2832 2046 2974 2118 ἡμῖν
2996 2045 3182 2114 σοφία
3200 2043 3319 2098 ἀπὸ
3346 2042 3514 2108 Θεοῦ,
3531 2042 3751 2096 δικαιο-

2177 2145 2339 2212 σύνη
2369 2160 2433 2197 τε
2475 2142 2571 2196 καὶ
2604 2140 2895 2211 ἁγιασμὸς
2926 2138 3023 2192 καί
3053 2137 3488 2204 ἀπολύτρωσις.
3519 2135 3583 2186 Οἰ
3617 2132 3748 2201 γοῦν

2178 2233 2380 2304 ταύτην
2416 2233 2704 2301 νοήσαντες
2734 2228 3172 2298 ἀγαλλιάσαιντο,
3207 2225 3360 2296 φησί,
3397 2225 3489 2278 καὶ
3513 2224 3750 2294 εὐφραν-

2181 2324 2404 2394 θείησαν
2424 2340 2437 2353 ·
2477 2321 2698 2385 τούτους
2731 2321 2787 2374 δὲ
2822 2320 2915 2374 καὶ
2937 2318 3178 2378 διδάσκει
3206 2318 3384 2386 λέγειν
3414 2316 3521 2382 ἀεὶ,
3560 2318 3735 2385 Mero

2179 2412 2455 2479 λυνθήτω
2483 2415 2516 2465 ό
2543 2414 2773 2480 Κύριος,
2803 2411 2851 2463 εἰ
2878 2410 2938 2481 δὴ
2984 2408 3309 2472 ἀσπάζοιντο
3350 2407 3448 2478 τὴν
3494 2406 3630 2478 πρὸς
3659 2404 3753 2459 τὸν

2181 2505 2652 2577 προφητευόμενον
2676 2504 2894 2573 εἰρήνην
2909 2517 2922 2529 ο
2942 2500 3065 2552 ἐπεὶ
3082 2501 3131 2552 οἰ
3148 2499 3409 2570 ἀράμενοι
3432 2496 3567 2569 πρὸς
3590 2495 3752 2550 αὐτὸν

2182 2598 2401 2669 ἔχθραν,
2436 2597 2592 2668 δίκην
2618 2593 2909 2648 δεδώκασιν
2949 2593 3047 2665 τὴν
3085 2591 3261 2657 ἀξίαν.
3292 2588 3390 2661 Ετη
3423 2588 3467 2655 δ’
3500 2588 3566 2643 ἂν
3611 2588 3751 2662 αὕτη

2180 2692 2214 2762 ἡ
2249 2691 2437 2761 εἰρήνη
2489 2687 2671 2755 αὐτοῦ,
2713 2688 2778 2757 ἢν
2812 2684 3091 2757 ἐχαρίζετο
3115 2685 3226 2746 τοῖς
3261 2680 3451 2736 ἑαυτοῦ
3486 2680 3752 2755 μαθηταῖς

2180 2782 2387 2850 λέγων’
2440 2780 2703 2848 Εἰρήνην
2741 2777 2854 2847 τὴν
2889 2776 3043 2845 ἐμὴν
3075 2774 3280 2844 δίδωμι
3321 2772 3484 2843 ὑμῖν,
3508 2772 3753 2842 εἰρήνην

2180 2872 2295 2941 τὴν
2313 2870 2466 2941 ἐμὴν
2485 2870 2697 2940 ἀφίημι
2724 2868 2883 2938 ὑμῖν.
2907 2868 3016 2920 Kal.
3043 2865 3216 2919 ταῦτα
3246 2865 3342 2935 μὲν
3366 2865 3492 2937 περὶ
3512 2864 3619 2919 τῶν
3645 2865 3752 2919 ὲθε-

2180 2966 2378 3019 λόντων
2434 2965 2529 3017 καὶ
2573 2962 2910 3031 ἀγαπώντων
2939 2959 3035 3031 τὴν
3078 2960 3296 3029 εἰρήνην
3330 2956 3517 3022 αὐτοῦ,
3546 2958 3646 3029 τήν
3691 2975 3750 3011 τε

2183 3056 2524 3127 δικαιοσύνην
2575 3054 2738 3108 αὑτοῦ
2792 3052 3089 3124 τιμώντων.
3123 3050 3323 3105 Λοιπὸν
3349 3049 3406 3102 δὲ
3439 3049 3599 3113 αὐτὸς
3625 3050 3752 3120 περὶ

508 3136 661 3190 circa
687 3151 782 3189 eos
811 3135 904 3205 qui
936 3150 1022 3190 me
1044 3136 1296 3207 diligunt,
1331 3151 1494 3206 quam
1527 3136 1673 3190 circa
1699 3151 1794 3192 eos
1823 3137 1917 3206 qui
1956 3139 2079 3193 odio

2185 3147 2377 3205 ἑαυτοῦ
2415 3147 2477 3200 τὸ
2520 3146 2671 3210 τέλος
2712 3144 2807 3201 τοῦ
2856 3144 3052 3207 παντὸς
3095 3143 3254 3210 λόγου
3304 3139 3751 3211 ὲπισφραγίζεται

510 3224 733 3289 habent,
753 3240 862 3279 non
887 3225 1047 3283 linem
1071 3224 1267 3280 faciam
1289 3226 1590 3281 meditandi
1611 3227 1879 3297 justitiam
1907 3235 2076 3295 tuam,

511 3323 627 3371 tota
656 3315 744 3371 die
790 3316 1007 3372 laudem
1040 3324 1192 3371 tuam
1222 3333 1235 3367 :
1274 3331 1385 3371 non
1428 3318 1684 3373 omnibus
1732 3317 1948 3386 diebus,
1984 3319 2076 3374 sed

512 3418 622 3474 una
657 3405 772 3474 sola
805 3405 913 3471 die,
943 3421 1118 3477 eaque
1146 3407 1360 3461 inﬁnita
1392 3422 1458 3462 ac
1484 3407 1734 3478 perenni.
1768 3405 1905 3461 Nam
1933 3422 2084 3462 man.

510 3497 595 3561 sio
630 3496 722 3550 illa
763 3505 817 3552 et
845 3497 1209 3553 commoratio
1268 3498 1412 3568 apud
1449 3506 1523 3562 te,
1566 3497 1684 3559 dies
1729 3504 1815 3554 est
1854 3505 2078 3555 aeterna.

511 3588 815 3658 Meditabor
845 3600 1025 3646 autem
1056 3591 1225 3658 illam,
1252 3590 1616 3661 laudibusque
1638 3592 2080 3665 celebrabo,quia

509 3680 660 3749 justo
690 3694 822 3751 sane
852 3680 1084 3751 judicio,
1125 3696 1235 3736 non
1284 3696 1446 3735 uuam
1478 3690 1713 3752 gentem,
1749 3683 1845 3738 sed
1891 3698 2080 3755 omnes

513 3786 766 3847 prorsus,
784 3771 891 3827 late
915 3788 1011 3842 per
1036 3772 1223 3827 orbem
1243 3772 1490 3845 diﬂusas,
1514 3773 1687 3849 gratia
1717 3782 1771 3830 et
1797 3776 2083 3845 vocatione

514 3873 607 3918 tua
629 3864 885 3935 dignatus
917 3879 997 3919 es.
1033 3863 1345 3920 Secundum
1375 3867 1537 3935 aliam
1568 3874 1746 3922 autem
1775 3868 2083 3941 explicandi

513 3955 804 4020 rationem,
831 3955 960 4026 quia
985 3971 1166 4010 sumus
1194 3972 1383 4025 corpus
1416 3954 1636 4022 Christi,
1666 3966 1715 4012 et
1760 3960 1993 4013 membra
2019 3974 2084 4013 ea:

512 4044 742 4114 parte",
776 4046 868 4115 qui
924 4044 1124 4100 divinis
1172 4046 1542 4101 exercitautur
1586 4045 1913 4117 disciplinis,
1964 4046 2079 4117 ejus

513 4137 702 4209 lingua
726 4137 1028 4209 nuncupari
1052 4137 1288 4208 possint,
1315 4138 1391 4203 ita
1425 4144 1485 4192 ut
1506 4136 1573 4193 iis
1596 4138 1720 4209 jure
1744 4139 1857 4193 haec
1884 4139 2077 4207 referri

511 4238 732 4303 queant.

2176 3242 2430 3310 φάσκωνο
2464 3239 2574 3291 Καὶ
2616 3239 2654 3305 ἠ
2698 3235 2947 3306 γλῶσσά
2986 3253 3105 3304 μου
3142 3230 3465 3303 μελετήσει
3506 3229 3621 3297 τὴν
3662 3231 3750 3285 δι-

2174 3331 2508 3397 καιοσύνην
2539 3345 2675 3394 σου,
2712 3327 2864 3395 ὅλην
2912 3327 3025 3396 τὴν
3063 3324 3290 3395 ἡμέραν
3344 3321 3449 3376 τὸν
3500 3321 3750 3375 ἔπαινόν

2179 3437 2331 3486 σου;
2381 3421 2620 3488 Τούτων,
2658 3422 2812 3493 φησί,
2846 3419 3149 3491 γενομένων
3198 3415 3289 3470 ὲπί
3336 3431 3396 3468 τε
3447 3414 3574 3476 τοὺς
3615 3414 3749 3480 ἀγα⁶

2178 3509 2398 3573 τῶντὰς
2430 3527 2497 3581 με
2535 3510 2628 3564 καὶ
2662 3510 2951 3580 μισοῦντάς
2986 3527 3073 3581 με,
3113 3509 3171 3562 οὐ
3207 3505 3481 3576 παύσομαι
3517 3499 3751 3574 μελετῶν

2180 3603 2280 3674 τὴν
2307 3602 2647 3674 δικαιοσύνην
2676 3620 2789 3670 σου,
2824 3604 2916 3657 καὶ
2947 3602 3074 3672 ὅλην
3102 3602 3201 3674 τὴν
3226 3600 3438 3672 ἡμέραν
3478 3595 3567 3651 τὸν
3592 3594 3753 3648 ἐπαι-

2182 3694 2271 3749 νόν
2298 3710 2412 3759 σου,
2440 3695 2560 3766 οὐχὶ
2590 3695 2769 3759 πάσας
2792 3695 2891 3759 τὰς
2914 3691 3294 3766 ἡμέρας,ἁλλὰ
3317 3691 3443 3763 μίαν
3469 3688 3635 3760 μόνην
3655 3682 3753 3756 τὴν

2182 3784 2404 3857 ἄπειρον
2434 3786 2528 3841 καὶ
2557 3786 2799 3859 διηνεκῆ.
2840 3787 2904 3839 Ἦ
2929 3786 3035 3855 γὰρ
3068 3784 3217 3856 παρὰ
3251 3783 3333 3837 σοὶ
3363 3780 3497 3854 μονὴ
3528 3779 3624 3834 καὶ
3648 3778 3755 3831 δια-

2182 3876 2343 3949 τριϐὴ
2400 3878 2581 3950 ἡμέρα
2610 3877 2824 3942 αἰώνιος
2855 3878 3133 3947 τυγχάνει.
3170 3875 3466 3944 Μελετήσω
3496 3871 3553 3924 δὲ
3584 3868 3754 3940 αὐτὴν

2186 3967 2460 4038 ἀνυθμνῶν,
2504 3969 2624 4023 καθ’
2659 3970 2726 4041 ἢν
2780 3968 2850 4022 τὰ
2897 3968 3077 4021 δίκαια
3116 3968 3328 4038 κρίνας,
3361 3964 3461 4033 οὐχ
3491 3961 3548 4013 ἓν
3580 3958 3753 4024 ἔθνος,

2184 4055 2319 4109 ἀλλὰ
2368 4058 2548 4112 πάντα
2578 4056 2648 4111 τὰ
2686 4058 2806 4113 καθ’
2834 4058 2961 4128 ὅλης
2994 4057 3095 4127 τῆς
3130 4053 3449 4123 οἰκουμένης
3504 4048 3602 4120 τῆς
3655 4047 3755 4118 σῆς

2184 4148 2403 4220 χάριτος
2446 4150 2541 4203 καὶ
2583 4149 2824 4220 κλήσεως
2854 4148 3217 4218 κατηξίωσας.
3276 4143 3413 4197 Καθ’
3461 4138 3652 4210 ἑτέραν
3697 4137 3754 4191 δὲ

2181 4237 2449 4313 διάνοιαν,
2479 4242 2602 4307 επεὶ
2640 4239 2812 4311 σῶμά
2842 4239 3036 4305 ἐσμεν
3065 4234 3342 4305 Χριστοῦ,
3372 4231 3470 4287 καὶ
3489 4230 3644 4301 μέλη
3683 4228 3753 4281 ἐκ

506 4327 747 4398 μόρους,
777 4328 827 4380 οἰ
853 4326 1089 4397 ἀσκηταί⁸
1117 4325 1225 4395 τῶν
1257 4324 1416 4392 θείων
1449 4325 1807 4397 μαθημάτων,
1839 4326 2080 4397 λέγοιντο
2116 4330 2183 4385 ἂν
2245 4336 2409 4390 αὐτοῦ
2440 4336 2683 4405 γλῶσσα,
2720 4372 2725 4375 -
2751 4335 2826 4399 ὡς
2859 4332 3116 4393 δύνασθαι
3147 4332 3241 4391 καὶ
3274 4332 3353 4395 εἰς
3384 4326 3581 4391 αὐτοὺς
3619 4326 3750 4379 ἀνα-

513 4422 775 4496 φέρεσθαι
802 4422 870 4475 τὰ
897 4423 1252 4494 προκείμενα.

565 4540 619 4597 1.
652 4537 723 4594 ΙΝ
757 4536 990 4604 FINEM,
1036 4535 1264 4594 SERVO
1301 4536 1538 4593 DOMINI
1579 4537 1788 4595 DAVlD
1824 4538 2041 4595 XXXV.
2113 4556 2158 4611 ι)

490 4740 495 4745 -
583 4710 771 4784 Neque
794 4711 1055 4783 psalmus,
1085 4726 1263 4782 neque
1317 4713 1604 4779 canticum,
1639 4727 1816 4784 neque
1850 4713 1981 4785 quid
2010 4716 2086 4773 si-

517 4802 648 4858 mile
674 4803 1026 4871 inscribitur;
1056 4802 1475 4874 doctrinamque
1517 4805 1918 4876 complectitur,
1964 4821 2086 4876 quae

516 4894 624 4951 sub
650 4895 863 4952 initium
889 4896 1111 4967 quidem
1143 4897 1418 4969 quoslibet
1444 4896 1644 4954 timore
1667 4897 1762 4952 Dei
1800 4913 1864 4953 ac
1886 4900 2087 4969 pietate

516 5001 742 5054 vacuos,
783 4988 876 5058 qui
921 4988 1044 5044 ideo
1076 4989 1223 5043 omni
1269 4988 1639 5060 improbitatis
1681 4989 1866 5059 generi
1916 4989 2087 5045 dediti

517 5086 673 5146 sunt,
721 5081 997 5152 coarguit;
1038 5081 1184 5153 quod
1236 5082 1643 5138 conclusionem
1685 5097 1815 5136 vero
1848 5088 2080 5152 spectat,

515 5186 706 5229 eorum
749 5171 909 5231 ﬁnem
936 5174 1227 5246 signiﬁcat.
1257 5172 1554 5245 Postquam
1588 5173 1756 5245 igitur
1798 5173 1881 5228 sic
1916 5187 2079 5228 orsus

2324 4542 2434 4595 ΕΙΣ
2468 4541 2559 4596 ΤΟ
2596 4538 3195 4664 ΤΕΛΟΣᾹἌΓῌΙΔΔἏΥΙΞᾼΩ
3233 4535 3494 4591 ΚΥΡΙΟΥ
3533 4533 3622 4589 ΤΩ

2254 4703 2391 4759 Οὔτε
2411 4704 2673 4774 ψαλμὸς,
2690 4701 2813 4756 οὔτε
2826 4701 2969 4771 ᾠδὴ,
2988 4700 3110 4754 οὔτε
3131 4719 3185 4755 τι
3202 4697 3438 4755 τοιοῦτον
3457 4695 3753 4768 ἐπιγέγρα-

2185 4812 2345 4850 πταν
2381 4795 2726 4849 διδασκαλίαν
2758 4795 2816 4849 δὲ
2861 4793 3106 4867 περιέχει
3139 4791 3280 4846 κατὰ
3313 4790 3410 4861 μὲν
3440 4787 3539 4859 τὴν
3579 4784 3752 4857 ἀρχὴν

2186 4891 2507 4960 ὲλέγχουσαν
2539 4888 2715 4943 πάντα
2739 4888 2829 4942 τὸν
2853 4886 3054 4958 ἄφοϐον
3085 4885 3178 4939 καὶ
3220 4880 3513 4951 ἀνευλασῆ,
3545 4879 3636 4932 καὶ
3664 4877 3753 4931 διὰ

2185 4981 2343 5036 τοῦτο
2388 4981 2589 5045 πάσαις
2634 4979 2998 5052 παρανομίαις
3037 4974 3403 5046 ὲκδεδομένον,
3436 4970 3576 5025 κατὰ
3610 4968 3668 5022 δὲ
3692 4966 3755 5021 τὸ

2186 5079 2557 5151 συμπέρασμα
2598 5078 2660 5131 τὸ
2699 5076 2806 5131 τῶν
2832 5073 3087 5129 τοιούτων
3119 5070 3288 5134 τέλος.
3325 5066 3510 5122 Εἰπὼν
3533 5063 3663 5133 γοῦν
3695 5064 3754 5116 ὲν

2186 5171 2349 5241 ἀρχῇο
2387 5168 2580 5237 Matr
2630 5171 2662 5222 ό
2711 5166 3052 5237 παράνομος
3105 5162 3211 5216 τοῦ
3270 5156 3631 5232 ἁμαρτάνειν
3685 5154 3755 5208 ἐν

586 5327 634 5361 ⁸ο
669 5325 829 5385 Deut.
858 5343 1066 5394 xxvm,
1099 5327 1186 5385 45.
1262 5328 1305 5361 ⁵⁸
1346 5326 1367 5381 l
1398 5326 1524 5383 Cor.
1566 5343 1622 5393 ι,
1655 5327 1745 5383 '50.
1821 5326 1865 5360 "
1904 5324 2063 5383 Joan.
2100 5341 2222 5392 xiv,
2255 5326 2346 5381 2'7.
2422 5324 2519 5380 "l
2555 5323 2683 5380 Cor.
2717 5340 2774 5389 x,
2819 5321 2911 5376 27.

586 5438 795 5512 _(l)_Sic
826 5456 961 5497 mss.
1007 5441 1073 5497 Et
1104 5443 1218 5498 hanc
1244 5443 1407 5498 lectio
1435 5441 1741 5512 frequentet
1760 5444 2074 5503 occurritin

521 5506 941 5585 _S_S‘,'Patrib_u_ns,
990 5521 1052 5585 et
1108 5513 1171 5585 in
1215 5513 1500 5585 codicibus
1536 5506 1759 5585 Graecis.
1802 5514 2076 5585 Interpres

518 5574 744 5653 Vulgat:
767 5599 779 5633 :
822 5574 1131 5653 ’ξζκςμέλους
1159 5584 1306 5653 legit,
1342 5574 1575 5637 membra
1596 5582 1659 5638 de
1688 5586 1934 5638 membro.

589 5647 667 5725 (2)
700 5648 824 5725 llaec
846 5647 1166 5725 Sclioliastis
1189 5647 1318 5725 n'ota
1339 5653 1627 5725 Kalendae:
1662 5653 1759 5725 μὲν
1786 5655 1816 5706 ὁ
1840 5670 2079 5725 συγγρα-

660 5810 869 5869 γαΛμον,
892 5810 1085 5861 μαΛΛον
1104 5810 1163 5845 οε
1184 5810 1263 5853 εις
1292 5810 1381 5847 τον
1415 5810 1665 5863 Αριστον,
1701 5810 1730 5848 Ο
1758 5810 1814 5848 οε
1843 5810 1925 5848 επ
1947 5810 2081 5865 ωερε-

2181 5445 2301 5516 λείᾳ
2324 5444 2438 5499 τῶν
2462 5441 2667 5516 ὲχθρῷν
2682 5438 2869 5516 inausa
2898 5436 3170 5516 λέγεσθαι,
3308 5441 3393 5516 est
3426 5447 3440 5483 :
3477 5425 3751 5516 Hie

2182 5495 2300 5570 ei};
2332 5495 2655 5582 ὲὲέίρίὂῖάέ
2673 5510 2872 5582 Davide
2896 5495 3055 5582 ac'de
3088 5495 3302 5561 Clu-isto
3325 5499 3462 5582 hunc
3490 5495 3753 5582 psalmum

2185 5565 2487 5654 ἓὶεριξὲάὺὲὶ,
2502 5565 2589 5637 ⁷ίιιι
2608 5565 2669 5654 ut
2681 5568 2857 5654 imagis-
2880 5565 3090 5654 Christo
3124 5565 3753 5654 accommodaretuflgiius

2185 5635 2863 5710 iéiﬂiihdtnumzzm
2885 5647 3221 5704 inimicorum
3253 5642 3362 5695 Iuec
3390 5638 3532 5694 dicta
3565 5635 3750 5707 fuisse.

2188 5726 2334 5797 Haec,
2356 5726 2573 5799 inquam
2589 5774 2605 5803 ,
2627 5732 2754 5779 nota
2787 5721 2843 5779 in
2866 5725 3073 5776 textum
3102 5716 3417 5783 irrepserat.
