4100 6420
337 399 441 454 517

1445 395 1950 454 COMMENTARIA
1987 396 2053 452 IN
2086 395 2426 456 PSALMOS.

3484 401 3589 457 318

335 512 549 579 ἑαυτῷ,
590 515 723 588 πρὸς
782 513 860 585 τῷ
907 513 1070 579 τέλει,
1116 512 1268 567 Ἐκεῖ
1302 514 1533 568 ἔπεσαν
1589 512 1812 578 πάντες
1863 518 1907 566 oi

2022 513 2197 570 fuerat
2231 532 2244 568 :
2278 512 2681 583 Dizitinjustus
2725 519 2783 564 ut
2805 510 3075 584 delinquat
3110 515 3163 568 in
3193 515 3498 584 semetipso;
3533 517 3590 570 in

337 605 709 676 ἐργαζόμενοι
743 605 857 674 τὴν
889 607 1164 675 ἀνομίαν,
1193 605 1550 674 ἐξώσθησαν
1577 608 1674 660 καὶ
1703 609 1774 660 οὐ
1809 606 1910 660 δυ-

336 696 629 765 νήσονται
659 697 898 767 στῆναι.
926 698 1082 752 Κατὰ
1119 698 1176 751 δὲ
1208 698 1275 752 τὰ
1312 699 1450 768 μέσα
1499 697 1773 766 θεολογίαν
1813 715 1910 750 πε-

342 789 512 860 ριέχει
553 789 646 842 καὶ
685 785 792 842 τῶν
842 788 1104 859 θεοφιλῶν
1151 788 1359 861 ἀνδρῶν
1407 789 1614 857 ἀγαθὰς
1668 788 1908 852 ἐλπίδας.

337 879 600 933 Λέλεκται
627 878 682 932 δὲ
720 879 893 933 ταῦτα
913 878 992 948 τῷ
1014 878 1186 948 δούλῳ
1213 877 1416 950 Κυρίου
1441 877 1519 949 τῷ
1535 877 1726 942 Δαυῗδ.
1742 876 1912 930 Τοῦτο

339 970 506 1043 γὰρὴ
553 970 845 1041 προγραφὴ
883 973 1164 1041 σημαίνει·
1191 970 1270 1034 ὃς,
1295 970 1560 1041 ἀφορίσας
1594 969 1785 1022 ἑαυτὸν
1812 969 1911 1040 τῆς

337 1062 444 1117 τῶν
477 1061 807 1133 παρανόμων
831 1060 1052 1125 τάξεως,
1069 1060 1270 1131 συνῆψε
1302 1063 1367 1130 τῇ
1401 1060 1494 1113 τοῦ
1521 1059 1656 1120 Θεοῦ
1682 1059 1907 1130 ἱκετείᾳ,

335 1153 412 1224 τῷ
433 1155 582 1225 νόμῳ
615 1154 709 1207 καὶ
737 1155 858 1216 ταῖς
891 1153 986 1206 τοῦ
1021 1151 1154 1206 Θεοῦ
1193 1152 1473 1220 διαταγαῖς
1501 1152 1691 1211 ἑαυτὸν
1737 1168 1910 1205 κατα-

333 1245 623 1309 δουλώσας.
667 1245 915 1299 Διδάσκει
963 1244 1018 1298 δὲ
1057 1245 1150 1298 καὶ
1179 1243 1306 1308 τοὺς
1346 1243 1564 1305 λοιποὺς
1591 1240 1912 1314 ἀνθρώπους

329 1340 400 1392 τὰ
432 1339 592 1410 ὃμοια
627 1337 778 1408 αὐτῷ
813 1337 1093 1410 πράττειν,
1122 1339 1215 1391 καὶ
1254 1338 1328 1408 μὴ
1363 1335 1767 1404 συναπάγεσθαι
1799 1337 1911 1397 τοῖς

331 1432 689 1504 παρανόμοις.

401 1524 597 1592 φησιν
620 1527 654 1578 ό
687 1523 1031 1593 παράνομος
1057 1523 1163 1577 τοῦ
1193 1522 1552 1592 ἁμαρτάνειν
1589 1521 1658 1574 ἐν
1686 1517 1907 1584 ἑαυτῷ·

329 1617 441 1670 οὐκ
490 1615 622 1669 ἔστι
661 1617 844 1684 φόϐος
893 1615 1040 1669 Θεοῦ
1081 1615 1369 1669 ἀπέναντι
1415 1613 1534 1667 τῶν
1590 1610 1912 1681 ὀφθαλμῶν

327 1704 531 1762 αὐτοῦ.
564 1707 682 1759 Ὅτι
713 1705 1015 1760 ἑδόλωσεν
1045 1705 1301 1763 ἐνώπιον
1337 1703 1548 1768 αὑτοῦ,
1579 1703 1684 1756 τοῦ
1713 1701 1913 1770 εὑρεῖν

2012 606 2120 660 line
2154 608 2228 660 ait
2259 621 2272 658 :
2309 605 2334 658 1
2343 606 2391 659 bi
2418 604 2712 658 ceciderunt
2741 621 2920 658 omnes
2965 607 3054 674 qui
3085 616 3371 673 operantur
3399 607 3596 676 iniqui-

2015 706 2194 760 tatem,
2225 697 2428 765 expulsi
2461 705 2584 751 sunt
2616 712 2707 750 nec
2735 705 2979 764 poterunt
3003 707 3165 751 stare.
3192 699 3254 752 In
3282 699 3462 754 medio
3493 714 3593 753 au-

2013 797 2125 845 tem
2197 789 2523 860 theologiam
2553 802 2616 841 ae
2649 787 2847 842 bonam
2882 790 3096 859 piorum
3135 789 3417 844 hominum
3440 805 3591 860 spem

2013 883 2411 953 complectitur.
2435 881 2560 937 Haec
2588 896 2753 951 porro
2781 880 2970 936 Davidi
2995 899 3154 940 servo
3184 883 3404 939 Domini
3439 883 3594 939 dicta

2013 981 2173 1039 sunt;
2211 975 2264 1028 id
2293 975 2438 1030 enim
2467 975 2755 1046 inscriptio
2786 976 3060 1048 signiﬁcat
3087 992 3100 1028 :
3130 976 3227 1047 qui
3259 975 3433 1032 David
3464 991 3592 1030 cum

2012 1079 2071 1120 se
2111 1066 2179 1120 ab
2202 1067 2572 1137 improborum
2603 1069 2795 1123 ordine
2833 1068 3176 1132 semovisset,
3210 1066 3322 1122 Deo
3359 1083 3418 1123 se
3455 1082 3590 1135 sup-

2013 1159 2208 1228 plicem
2238 1159 2507 1225 exhibuit,
2538 1175 2602 1220 ac
2648 1161 2753 1231 legi
2785 1160 3100 1231 divinisque
3131 1160 3353 1216 statutis
3404 1158 3593 1230 subje-

2013 1252 2089 1306 cit
2121 1271 2134 1305 :
2165 1253 2487 1323 cmterisque
2520 1253 2837 1311 hominibus
2872 1267 3065 1308 auctor
3095 1262 3200 1316 est,
3237 1259 3299 1306 ut
3336 1250 3596 1306 similiter

2014 1351 2198 1410 agant,
2247 1359 2424 1413 neque
2481 1342 2548 1406 ad
2585 1343 2961 1415 improborum
3017 1341 3358 1398 consortium
3405 1339 3594 1396 detra-

2014 1433 2218 1488 hantur
2233 1481 2247 1492 .

2082 1523 2248 1579 Vens.
2277 1525 2398 1580 2-5.
2436 1523 2586 1589 Dixit
2633 1527 2862 1597 injustas
2907 1535 2966 1580 ut
3007 1526 3276 1598 delinquat
3315 1526 3372 1580 in
3403 1533 3596 1581 semet-

2012 1617 2146 1686 ipso,
2185 1635 2287 1672 non
2315 1629 2393 1673 est
2427 1621 2584 1674 timor
2620 1620 2718 1676 Dei
2774 1631 2896 1675 ante
2936 1621 3111 1674 oculos
3155 1621 3291 1689 ejus.
3329 1620 3594 1686 Quoniam

2015 1709 2194 1763 dolose
2209 1712 2309 1780 egit
2324 1711 2379 1765 in
2399 1721 2674 1780 conspectu
2687 1713 2822 1782 ejus,
2835 1722 2893 1765 ut
2907 1713 3202 1766 inveniatur
3213 1713 3464 1783 iniquitas
3481 1712 3595 1782 ejus

328 1800 444 1869 τὴν
461 1800 717 1869 ἀνομίαν
741 1798 926 1852 αὐτοῦ
957 1798 1055 1854 καὶ
1082 1799 1365 1869 μισῆσαι.
1388 1796 1727 1867 Σαφέστερον
1755 1795 1811 1848 δὲ
1843 1795 1907 1848 τά

2018 1801 2086 1855 ad
2110 1802 2308 1856 odium.
2334 1802 2460 1865 Haec
2484 1806 2727 1874 apertius
2749 1804 3205 1876 Symmachushis
3221 1806 3400 1861 verbis
3425 1805 3594 1859 inter-

329 1894 664 1966 προκείμενα
693 1893 1034 1964 ἡρμήνευσεν
1129 1891 1442 1962 Σύμμαχος,
1467 1889 1650 1942 τοῦτον
1679 1889 1907 1950 ἀποδοὺς

2014 1897 2260 1960 pretatus
2299 1901 2426 1948 est:
2470 1868 2621 1946 Dixit
2673 1893 2736 1947 de
2785 1868 3072 1962 defectione
3119 1895 3267 1964 impii
3306 1894 3449 1948 intus
3503 1909 3594 1948 eor

327 1990 420 2042 τὸν
440 1989 667 2059 τρόπον·
693 1970 888 2055 Φησὶν
927 1987 1059 2056 περὶ
1095 1985 1468 2048 ἀσυνθεσίας
1506 1983 1612 2036 τοῦ
1649 1980 1911 2046 ἀσεϐοῦς

329 2079 627 2147 ἔνδοθεντὶ
642 2077 853 2147 καρδία
862 2095 982 2147 μου
1001 2094 1013 2106 ·
1042 2079 1125 2130 Οὐ
1155 2076 1456 2144 πρόκειται
1489 2077 1521 2127 ὀ
1548 2074 1731 2143 φόϐος
1761 2070 1910 2125 Θεοῦ

326 2170 608 2240 ἄντικρυς
639 2169 757 2224 τῶν
793 2170 1114 2240 ὀφθαλμῶν
1155 2167 1362 2224 αὐτοῦ.
1396 2169 1524 2220 Ὅτι
1569 2165 1910 2230 ἐξολισθαί-

325 2279 456 2318 νειν
498 2262 571 2316 τὰ
608 2263 739 2331 περὶ
800 2262 984 2317 αὐτοῦ
1031 2261 1212 2324 δοκεῖ,
1262 2260 1372 2313 τοῦ.
1421 2257 1733 2326 εὑρεθῆναι
1797 2254 1912 2324 τὴν

327 2355 567 2409 ἀδικίαν
589 2353 776 2409 αὐτοῦ
802 2357 890 2420 εὶς
917 2353 984 2421 τὸ
1001 2350 1331 2422 μισηθῆναι
1361 2349 1572 2417 αὐτήν.
1588 2350 1686 2403 Διὰ
1707 2349 1912 2402 τούτων

323 2446 432 2517 γὰρ
476 2446 639 2510 αὐτὸς
669 2448 698 2498 6
731 2444 913 2510 Ααυῒδ,
959 2442 1146 2514 Ἐμοῦ,
1193 2443 1378 2515 φησιν,
1427 2444 1460 2513 ἡ
1502 2442 1698 2514 καρδία
1749 2442 1845 2495 καὶ
1883 2442 1912 2494 6

322 2537 453 2608 ἐμὸς
480 2536 738 2608 λογισμὸς
771 2535 942 2589 ταῦτα
975 2536 1102 2606 περὶ
1127 2533 1222 2587 τοῦ
1248 2532 1478 2596 ἀσεϐοῦς
1504 2532 1694 2604 ἀνδρὸς
1733 2531 1910 2585 ἐνενό-

321 2644 440 2698 ησε.
465 2627 575 2698 Τὴν
604 2625 710 2698 γὰρ
769 2623 1108 2696 θεωρητικὴν
1139 2621 1302 2677 αὐτοῦ
1339 2622 1588 2694 δύναμιν,
1613 2623 1679 2676 δι’
1699 2618 1767 2694 ἦς
1793 2623 1911 2676 ὲδύ-

324 2735 453 2772 νατο
467 2717 669 2786 γνῶναι
681 2717 773 2770 τὸν
789 2716 951 2785 φόϐον
965 2715 1056 2767 τοῦ
1073 2714 1230 2779 Θεοῦ,
1253 2714 1511 2767 ὲδόλωσεν
1552 2711 1778 2785 αὐτοὺς(
1794 2724 1820 2764 s
1834 2714 1908 2785 ic)

324 2810 514 2864 ἑαυτὸν
539 2810 638 2880 τῆς
669 2808 905 2870 διανοίας
942 2807 1104 2860 αὐτοῦ
1142 2809 1269 2870 τοὺς
1307 2805 1618 2877 ὀφθαλμοὺς
1661 2805 1911 2877 διαστρέ-

321 2903 450 2973 ψας.
475 2902 565 2954 Διὸ
585 2901 728 2954 κατὰ
749 2900 847 2972 τὴν
876 2899 1170 2971 Ἑϐραῖκὴν
1195 2900 1500 2967 ἀνάγνωσιν
1519 2915 1532 2928 ο
1565 2899 1668 2951 Ἐν
1689 2899 1910 2966 ὀφθαλ-

323 2995 459 3063 μοῖς
499 2993 684 3049 αὐτοῦ
738 2993 954 3064 εἴρηται
991 2989 1406 3055 δεδολωκέναι,
1435 2987 1542 3044 τοῦ
1573 2988 1771 3057 εὑρεῖν
1796 2987 1910 3064 τὴν

324 3083 581 3151 ἀνομίαν
603 3081 811 3144 αὐτοῦ,
845 3081 942 3134 καὶ
963 3081 1258 3150 μισῆσαι·
1293 3079 1468 3144 Οὕτω,
1502 3081 1686 3151 φησὶν,
1719 3063 1908 3150 ἑαυτὸν

324 3173 626 3245 διέστρεψε,
653 3173 747 3226 καὶ
775 3172 865 3226 τὸν
896 3171 1058 3242 φόϐον
1083 3171 1177 3224 τοῦ
1209 3171 1344 3225 Θεοῦ
1377 3171 1484 3225 τῶν
1513 3171 1707 3225 ἑαυτοῦ
1742 3173 1908 3244 ἀπέρ-

327 3267 482 3338 ριψεν
527 3263 841 3335 ὀφθαλμῶν,
881 3265 956 3328 ὡς
1004 3263 1103 3336 τὴν
1155 3265 1383 3340 ἀνομίαν
1433 3265 1596 3318 αὐτοῦ
1653 3268 1904 3338 προφανῆ

323 3357 632 3428 τυγχάνειν,
672 3356 765 3408 καὶ
811 3355 971 3409 πάλιν
1000 3355 1230 3425 ὁρᾶσθαι
1261 3357 1354 3410 καὶ
1373 3357 1786 3425 εὐρίσκεσθαι’
1812 3358 1906 3411 καὶ

325 3448 411 3513 διὰ
434 3447 590 3501 τοῦτο
615 3447 805 3519 μίσους
831 3448 990 3521 ἀξίαν
1017 3444 1174 3502 εἶναι.
1213 3447 1563 3512 Ἀκαλύπτως
1595 3448 1650 3502 δὲ
1682 3451 1710 3502 6
1731 3449 1905 3503 τοιοῦ-

326 3557 411 3604 τος
451 3539 709 3614 ἐξέδωκεν
740 3539 928 3593 ἑαυτὸν
954 3541 1020 3612 τῇ
1052 3539 1316 3611 ἁμαρτίᾳ,
1347 3539 1422 3603 ὡς
1449 3541 1544 3594 καὶ
1576 3540 1644 3594 τὰ
1681 3541 1901 3612 ῥήματα

325 3631 418 3686 τοῦ
444 3631 713 3702 στόματος
739 3631 902 3702 αὑτοῦ
935 3631 1166 3702 ἀνομίαν
1200 3628 1337 3686 εἶναι
1367 3632 1462 3684 καὶ
1483 3631 1648 3686 δόλον.
1671 3633 1819 3686 Πάνυ
1848 3633 1904 3686 δὲ

325 3725 496 3779 ταῦτα
524 3724 664 3796 ἑκὼν
691 3724 882 3790 εἵλετο,
909 3725 1004 3778 ἆτε
1034 3724 1097 3795 δὴ
1123 3723 1470 3788 αὐτεξούσιος
1507 3723 1602 3788 ὢν,
1631 3725 1725 3778 καὶ
1747 3725 1905 3801 δυνά-

327 3836 490 3891 μενος
519 3799 629 3888 ’μὲν
660 3818 759 3890 τὴν
789 3817 998 3889 ἀγαθὴν
1037 3801 1314 3888 μετελθεῖν
1335 3816 1474 3882 ὁδὸν,
1513 3816 1591 3888 μὴ
1628 3799 1905 3888 βουληθεὶς

325 3910 415 3964 δέ’
471 3909 549 3962 διὸ
591 3909 868 3981 λέλεκται’
931 3913 1052 3979 Οὐκ
1111 3907 1412 3976 ἐϐουλήθη
1467 3909 1740 3963 συνιέναι
1799 3911 1905 3964 τοῦ

324 4001 645 4071 ἀγαθῦναιο
684 4001 941 4070 ἀνομίαν
984 4000 1040 4064 δὲ
1083 4000 1464 4070 διελογίσατο
1503 4000 1602 4053 ἐπὶ
1637 3999 1748 4068 τῆς
1776 4003 1898 4054 κοί-

325 4110 434 4162 της
464 4093 668 4148 αὐτοῦ.
697 4093 832 4147 Θύδὲ
860 4094 988 4164 γάρ,
1015 4094 1156 4163 κατὰ
1196 4093 1287 4146 τὸν
1323 4093 1512 4164 καιρὸν
1548 4093 1646 4164 τῆς
1673 4093 1902 4166 ἡσυχίας

2011 1997 2182 2034 meum
2199 1997 2216 2035 :
2234 1979 2356 2036 Non
2385 1983 2682 2054 propositus
2707 1991 2784 2036 est
2802 1983 2961 2036 timor
2985 1978 3081 2036 Dei
3108 1992 3228 2048 ante
3250 1983 3427 2037 oculos
3454 1983 3590 2051 ejus.

2013 2073 2154 2140 Quia
2188 2091 2340 2130 ruere
2359 2074 2598 2128 uidentur
2617 2091 2698 2128 res
2734 2078 2871 2143 ejus,
2903 2084 2961 2128 ut
3011 2076 3310 2144 inveniatur
3335 2075 3592 2145 iniquitas

2011 2165 2124 2234 ejus
2153 2163 2220 2218 ad
2253 2164 2534 2232 adiendum
2555 2182 2692 2219 eam.
2712 2164 2810 2220 His
2844 2167 3046 2237 quippe
3069 2165 3239 2221 David
3272 2166 3386 2220 haec
3415 2181 3596 2220 enun-

2010 2257 2112 2311 tiat
2143 2276 2156 2312 :
2182 2255 2291 2312 Cor
2316 2272 2498 2312 meum
2527 2265 2580 2312 et
2612 2257 2874 2329 cogitatio
2897 2273 3018 2312 mea
3050 2257 3165 2323 haec
3195 2258 3262 2319 de
3280 2257 3448 2328 impio
3476 2259 3595 2314 viro

2012 2349 2420 2406 intellexerunt.
2450 2348 2586 2417 Nam
2630 2366 2727 2421 per
2775 2349 3100 2420 speculandi
3147 2351 3282 2416 vim,
3339 2365 3448 2420 qua
3497 2349 3596 2406 Dei

2013 2441 2264 2495 timorem
2295 2456 2463 2498 nosse
2493 2448 2730 2512 poterat,
2763 2441 3030 2497 intellexit
3059 2457 3185 2496 eum
3209 2442 3328 2500 suis
3353 2457 3412 2497 se
3453 2440 3596 2498 dolis

2012 2531 2319 2603 decepisse,
2368 2535 2680 2602 mentisque
2710 2548 2823 2587 suae
2868 2535 3060 2588 oculos
3088 2533 3375 2592 evertisse.
3412 2532 3596 2598 Quare

2013 2625 2317 2680 secundum
2358 2624 2684 2680 Hebraicam
2723 2625 3017 2680 lectionem
3057 2624 3262 2678 dicitur
3289 2639 3302 2675 :
3331 2621 3398 2676 In
3427 2624 3595 2678 oculis

2011 2716 2126 2786 ejus
2157 2716 2338 2771 dolose
2383 2717 2569 2786 egisse,
2614 2725 2674 2768 ut
2721 2717 2954 2782 inveniat
2989 2717 3324 2785 iniquitatem
3373 2714 3507 2784 ejus,
3544 2723 3595 2770 et

2011 2808 2133 2863 odio
2162 2808 2374 2863 habeat.
2395 2807 2496 2876 Ita,
2529 2807 2728 2879 inquit,
2748 2823 2870 2864 sese
2901 2807 3192 2872 subvertit,
3225 2807 3592 2876 timoremque

2011 2897 2107 2954 Dei
2135 2899 2204 2954 ab
2241 2898 2419 2954 oculis
2451 2897 2569 2953 suis
2615 2897 2836 2968 abjecit,
2870 2904 2929 2951 ut
2979 2897 3244 2967 iniquitas
3273 2896 3394 2967 ejus
3419 2896 3593 2952 maui-

2012 2991 2151 3047 l'esta
2194 2991 2473 3058 evaderet,
2516 2991 2761 3060 ipsisque
2793 2989 2970 3046 oculis
3002 2996 3212 3059 pateret
3246 3003 3308 3048 ac
3340 2989 3589 3043 invenire-

2013 3094 2099 3139 tur
2125 3128 2140 3154 ,
2195 3100 2368 3156 eoque
2402 3083 2565 3140 modo
2613 3083 2774 3154 digna
2825 3083 2954 3138 odio
2982 3094 3150 3138 esset.
3182 3081 3370 3136 Palam
3409 3088 3593 3136 autem

2011 3176 2102 3231 ille
2131 3191 2190 3232 se
2229 3182 2454 3244 peccato
2487 3173 2712 3238 dedidit,
2762 3176 2836 3226 ita
2872 3179 2931 3227 ut
2969 3173 3133 3228 verba
3179 3171 3292 3227 oris
3323 3171 3443 3242 ejus
3486 3171 3595 3226 ini-

1935 3243 1978 3304 (ἶ
2013 3271 2192 3354 quitas
2225 3243 2280 3322 et
2319 3266 2479 3322 dolus
2511 3273 2719 3322 essent.
2769 3264 2894 3320 llaec
2935 3271 3117 3319 autem
3150 3264 3271 3334 ipsa
3299 3263 3593 3319 admodum

2011 3359 2182 3414 libere
2221 3358 2406 3428 elegit,
2463 3364 2652 3428 utpote
2703 3357 2863 3412 liberi
2925 3356 3160 3421 arbitrii,
3213 3373 3380 3427 penes
3429 3373 3592 3428 quem

2009 3459 2128 3508 erat
2150 3452 2295 3505 viam
2345 3449 2496 3506 adire
2525 3451 2749 3514 bonam,
2781 3450 2927 3520 quod
2958 3450 3048 3504 ille
3081 3449 3286 3518 uoluit;
3324 3451 3593 3523 quamob-

2016 3558 2132 3597 rem
2195 3541 2403 3597 dictum
2439 3549 2562 3596 est:
2599 3539 2787 3594 Noluit
2825 3540 3115 3611 intelligere
3145 3550 3204 3592 ut
3235 3540 3357 3595 bene
3395 3551 3593 3612 ageret;

2008 3634 2126 3706 sed,
2157 3636 2489 3706 iniquitatem
2512 3635 2795 3688 meditatus
2819 3643 2895 3688 est
2922 3635 2975 3687 in
2994 3633 3235 3687 cubiculo
3265 3651 3382 3690 suo.
3407 3633 3596 3705 Neque

2008 3729 2154 3786 enim
2185 3728 2387 3801 quietis
2438 3734 2703 3798 tempore,
2745 3742 2852 3798 quo
2897 3735 3022 3797 post
3053 3726 3252 3782 diurna
3301 3742 3466 3798 opera
3495 3727 3594 3782 ho-

2009 3820 2186 3876 mines
2211 3812 2344 3885 οιὶο,
2395 3821 2787 3890 tranquillitati
2824 3826 2879 3875 et
2929 3835 3124 3875 somno
3165 3835 3228 3875 se
3269 3820 3470 3876 dedere
3511 3835 3598 3877 so-

2009 3911 2141 3976 lent,
2177 3911 2302 3969 talis
2340 3911 2504 3968 homo
2553 3911 2610 3965 in
2649 3911 2947 3982 tranquillo
2996 3919 3143 3967 statu
3189 3911 3459 3982 degebat;
3495 3908 3594 3968 sed

2008 4019 2076 4060 eo
2106 4019 2326 4075 quoque
2355 4011 2601 4075 tempore
2628 4004 2964 4073 iniquitatem
3001 4004 3289 4058 meditatus
3313 4011 3393 4057 est
3413 4004 3465 4056 ir.
3498 4017 3591 4056 stt-

2011 4095 2105 4150 bili
2135 4113 2249 4152 suo.

328 4185 386 4239 ὲν
409 4178 452 4252 ᾧ
487 4184 626 4258 μετὰ
654 4187 753 4250 τὰς
789 4183 1159 4257 μεθημερινὰς
1202 4182 1429 4255 πράξεις
1464 4179 1688 4248 ἑαυτοὺς
1725 4185 2056 4240 ἐπιδιδόασιν
2117 4186 2392 4257 ἄνθρωποι
2425 4185 2633 4258 ἠρεμίᾳ
2693 4182 2787 4236 καὶ
2829 4181 3120 4254 εὐσταθείᾳ
3148 4181 3243 4236 καὶ
3305 4181 3476 4254 ὕπνῳ,
3531 4183 3592 4236 ἐν

328 4276 658 4333 καταστάσει
690 4276 899 4348 γαλήνῃ
937 4275 1157 4344 γέγονεν
1214 4274 1242 4325 6
1277 4274 1542 4340 τοιοῦτος·
1587 4274 1722 4344 ἀλλὰ
1754 4277 1846 4332 καὶ
1881 4277 1939 4332 ἐν
1976 4275 2151 4351 τούτῳ
2176 4278 2254 4351 τῷ
2314 4262 2489 4350 καιρῷ
2521 4276 2779 4352 ἀνομίαν
2795 4275 3175 4345 διελογίσατο
3203 4275 3301 4329 ἐπὶ
3329 4273 3438 4344 τῆς
3465 4276 3590 4331 κοί-

326 4386 435 4440 της
473 4370 679 4425 αὐτοῦ.

326 4483 330 4496 ·
397 4462 594 4532 Κύριε,
621 4463 692 4517 ἐν
721 4462 800 4528 τῷ
832 4463 1064 4531 οὐρανῷ
1091 4463 1158 4518 τὸ
1178 4465 1350 4546 ἔλεός
1377 4480 1513 4520 σου.
1538 4465 1750 4539 Σφόδρα
1775 4468 1905 4521 ἀκο-

2079 4463 2244 4521 Vrns.
2275 4464 2330 4530 6,
2365 4464 2416 4518 7.
2437 4463 2680 4529 Domine,
2702 4461 2758 4518 in
2778 4460 2906 4516 ctelo
2930 4460 3293 4516 misericordia
3317 4471 3427 4518 tua.
3460 4460 3594 4521 Post

325 4552 532 4617 λούθως
561 4551 699 4624 μετά
730 4554 830 4625 τὴν
867 4554 1186 4626 ὑπογραφὴν
1209 4557 1307 4628 τῆς
1331 4539 1425 4610 τοῦ
1461 4537 1776 4628 παρανόμου
1806 4576 1904 4612 κα-

2011 4558 2342 4628 descriptam
2356 4554 2594 4627 improbi
2616 4537 2858 4609 hominis
2878 4550 3200 4621 nequitiam,
3219 4552 3589 4623 prmcellenws

329 4647 454 4710 κίας
480 4646 572 4700 τὸν
605 4645 1007 4716 ὑπερϐάλλοντα
1039 4645 1263 4706 πλοῦτον
1289 4648 1388 4719 τῆς
1419 4648 1512 4702 τοῦ
1537 4648 1668 4703 Θεοῦ
1701 4667 1907 4722 μακροέ

331 4738 531 4810 θυμίας
569 4737 918 4809 παρίστησιν,
956 4737 1024 4790 δι’
1060 4733 1129 4810 ἦς
1163 4740 1256 4793 καὶ
1301 4731 1410 4792 τῶν
1451 4741 1782 4813 παρανόμων
1809 4743 1910 4815 καὶ,

329 4821 542 4905 ἀσεϐῶν
574 4828 782 4900 ἀνδρῶν
831 4827 1111 4899 ἀνέχεται·
1146 4829 1431 4895 διδάσκων,
1459 4833 1540 4905 ὅτι
1567 4835 1600 4886 ὀ
1639 4832 1902 4900 πλοῦτος

331 4921 444 4991 τῆς
467 4921 872 4990 χρηστότητος
905 4921 1089 4976 αὑτοῦ
1131 4921 1231 4974 καὶ
1271 4920 1378 4990 τῆς
1408 4923 1638 4994 ἀνοχῆς
1665 4925 1764 4979 καὶ
1791 4925 1902 4995 τῆς

327 5014 737 5092 μακροθυμίας
767 5012 916 5066 ἐλέου
951 5014 1302 5086 πεπλήρωται
1332 5015 1586 5086 μεγάλου.
1613 5009 1904 5091 καὶτοῦτο

331 5109 394 5162 τὸ
423 5107 570 5172 ἕλεος
603 5105 695 5160 τοῦ
722 5104 856 5159 Θεοῦ
900 5107 1069 5160 αἴτιον
1096 5107 1350 5177 τυγχάνει
1380 5109 1476 5182 τῆς
1502 5108 1608 5162 τῶν
1640 5111 1906 5188 ᾁμαρτω-

331 5198 440 5254 λῶν
489 5199 582 5252 καὶ
615 5197 825 5252 ἀσεϐῶν
856 5198 1061 5272 ἀνδρῶν
1093 5199 1236 5271 ζωῆς
1267 5217 1328 5253 τε
1369 5201 1462 5253 καὶ
1491 5200 1772 5271 εὐθυμίας.
1803 5201 1906 5256 Τὸν

336 5293 435 5365 μὲν
476 5287 567 5346 οῦν
608 5291 876 5366 θησαυρὸν
929 5290 1023 5346 τοῦ
1073 5292 1253 5356 ἐλέους
1284 5292 1467 5363 ξαύτοῦ
1519 5291 1907 5364 τεταμιεῦσθαί

336 5401 498 5457 φησιν
545 5385 602 5437 ὲν
653 5384 730 5455 τῷ
767 5383 979 5456 οὐρανῷ
1024 5383 1160 5438 ἀλλὰ
1193 5386 1288 5439 καὶ⁹
1323 5384 1420 5455 τὴν
1456 5383 1714 5456 ἀλήθειαν
1743 5384 1906 5438 αὑτοῦ

336 5473 474 5531 εἶναι
503 5477 632 5545 παρ’
662 5476 827 5546 αὐτῷ,
855 5475 1183 5553 πληροῦντες
1203 5482 1220 5500 '
1238 5477 1414 5532 πάντα
1431 5475 1502 5530 τὰ
1518 5478 1619 5530 ὑπε
1629 5479 1904 5550 ρουράνιαο

335 5568 482 5639 ὅμως
518 5568 574 5620 δὲ
624 5568 717 5621 καὶ
746 5567 924 5638 μέχρι
971 5568 1090 5622 τῶν
1141 5568 1431 5638 νεφελῶν,
1465 5569 1518 5641 ἢ,
1563 5569 1741 5640 μέχρι
1791 5571 1909 5625 τῶν

337 5658 598 5728 αίθέρων,
623 5659 760 5714 κατὰ
788 5647 880 5715 τὸν
902 5660 1213 5732 Σύμμαχον,
1235 5661 1462 5731 διήκειν.
1479 5661 1634 5716 Οὕτω
1657 5662 1788 5732 γοῦν
1813 5665 1903 5718 καὶ

407 5841 453 5885 νδ
490 5840 648 5905 Rom.
682 5858 755 5912 ii,
785 5843 840 5903 4.
917 5845 961 5878 ⁵⁵
1000 5843 1146 5901 Psal.
1181 5859 1423 5899 Lxxxviu
1446 5884 1460 5912 ,
1496 5844 1550 5900 2.

2011 4653 2136 4708 illas
2183 4651 2381 4705 divinae
2429 4638 2736 4713 tolerantiae
2791 4643 3012 4702 divitias
3057 4644 3346 4700 admodum
3398 4659 3593 4703 conse-

2011 4752 2244 4823 quenter
2279 4749 2525 4805 enarrat,
2570 4754 2680 4812 qua
2722 4738 2941 4810 iniquos
2994 4735 3298 4806 impiosque
3338 4734 3590 4792 homines

2008 4837 2153 4893 ferre
2176 4833 2554 4899 solet,docens
2569 4830 2786 4900 divitias
2821 4828 3070 4884 bonitatis
3098 4827 3211 4897 ejus
3241 4835 3290 4880 et
3321 4826 3590 4896 patientia:

2010 4938 2060 4984 et
2087 4926 2511 4999 longanimitatis
2532 4924 2614 4991 ⁵⁸,
2662 4918 3048 4980 misericordia
3102 4931 3298 4989 magna
3350 4917 3587 4988 repletas

2012 5036 2154 5078 esse.
2187 5007 2366 5093 Atque
2403 5021 2596 5076 istliaec
2641 5015 3026 5073 misericordia
3058 5013 3156 5069 Dei
3191 5013 3249 5067 in
3281 5025 3449 5065 causa
3477 5017 3582 5076 est,

2012 5113 2159 5184 quod
2189 5120 2504 5184 peccatores
2531 5117 2586 5166 et
2616 5109 2768 5180 impii
2801 5109 2987 5164 vivant
3026 5111 3080 5162 et
3116 5104 3370 5160 alacriter
3399 5109 3581 5174 agant.

2012 5205 2354 5262 Thesaurum
2409 5203 2593 5274 itaque
2646 5198 3043 5257 misericordiae
3091 5195 3212 5266 ejus
3255 5195 3311 5250 in
3333 5193 3473 5248 coelo
3498 5208 3587 5249 re-

2013 5296 2295 5351 conditum
2323 5295 2423 5359 ait,
2461 5292 2559 5350 sed
2589 5292 2877 5348 veritatem
2916 5303 3133 5360 quoque
3160 5287 3278 5356 ejus
3304 5299 3471 5355 penes
3502 5283 3585 5353 ip-

2014 5402 2138 5443 sum
2165 5402 2315 5454 esse;
2346 5385 2461 5440 haec
2509 5390 2694 5439 autem
2739 5380 2987 5448 caelestia
3035 5381 3222 5432 omnia
3271 5375 3582 5446 complent;

2015 5488 2254 5535 attamen
2285 5495 2449 5551 usque
2476 5478 2545 5531 ad
2582 5474 2764 5541 nubes,
2791 5474 2898 5537 vel,
2931 5479 2991 5526 ut
3015 5468 3375 5542 Symmachus
3398 5467 3581 5533 habet,

2015 5589 2175 5643 usque
2205 5571 2274 5644 ad
2298 5571 2494 5642 aethera
2524 5573 2831 5639 penetrant.
2871 5564 2962 5620 Sic
2987 5566 3044 5620 in
3064 5563 3172 5619 alio
3201 5575 3416 5632 quoque
3442 5558 3584 5630 psal-

2010 5679 2100 5722 mo
2129 5664 2334 5735 dictum
2356 5670 2440 5719 est
2465 5678 2479 5716 :
2519 5659 2581 5718 In
2607 5659 2734 5715 ccelo
2759 5658 3148 5730 praeparabitur
3176 5656 3380 5744 veritas,
3398 5662 3491 5709 tua
3511 5652 3579 5709 ".
