4100 6392
553 362 656 417 319

1248 358 1516 417 EUSEBII
1553 359 2028 418 CESARIENSIS
2064 358 2217 417 OPl‘.
2255 360 2436 417 PARS
2473 359 2559 418 ιιι.
2583 394 2655 404 -
2691 360 3095 418 EXEGETICA.

3687 359 3798 420 520

551 476 767 537 Veritas
797 478 980 550 itaque
1011 478 1108 534 Dei
1140 478 1196 534 in
1229 480 1371 534 caelo
1394 487 1480 537 est
1509 499 1525 535 :
1552 482 1677 537 inde
1702 496 1828 537 vero
1861 497 1960 536 ceu
1997 482 2076 552 plu

2210 483 2274 536 ὲν
2302 483 2476 553 ἑτέρῳ
2498 481 2745 536 λέλεκται
2760 501 2776 515 ·
2819 483 2922 537 Ἔν
2940 481 3022 548 τῷ
3039 479 3272 550 οὐρανῷ
3299 479 3794 551 ἐτοιμασθήοεται

538 572 625 627 via
656 572 710 627 in
746 572 985 627 nubibus
1015 572 1128 626 lata
1160 572 1329 627 stillat
1360 572 1416 625 in
1450 578 1673 628 terram.
1727 572 1850 627 Ideo
1884 573 2104 636 dicitur,

536 662 609 717 Et
641 665 832 719 veritas
856 672 949 717 tua
971 680 1132 734 usque
1161 663 1230 716 ad
1252 664 1435 719 nubes.
1472 662 1548 718 Ex
1577 665 1814 721 nubibus
1848 675 2025 719 autem
2050 681 2105 719 in

536 756 789 812 homines
829 758 1036 813 veritas
1083 755 1180 811 Dei
1226 755 1523 811 effunditur
1552 774 1568 823 ;
1600 756 1773 811 nubes
1820 771 1951 811 vero
1983 772 2109 827 pro-

535 849 730 919 phetas
773 855 828 904 et
882 849 1156 919 angelicas
1186 848 1435 910 virtutes,
1470 863 1500 902 a
1530 848 1744 919 'quibus
1772 847 1974 903 veritas
2008 847 2106 903 Dei

534 938 850 993 hominibus
881 939 1043 991 allata
1073 948 1177 1004 est,
1209 935 1493 1007 Scriptura
1519 938 1658 994 solet
1676 938 1968 1007 appellare.
2012 935 2104 991 Sic

536 1030 590 1085 in
651 1029 794 1085 Isaia
837 1030 1039 1084 dictum
1064 1036 1147 1083 est
1173 1046 1187 1081 :
1210 1029 1281 1083 Et
1305 1028 1527 1089 nubibus
1550 1028 1811 1083 mandabo
1832 1045 1894 1084 ne
1918 1029 2108 1097 pluunt

530 1138 688 1190 super
704 1138 817 1176 eam
836 1122 1053 1175 imbrem
1074 1122 1142 1186 “,
1165 1122 1376 1178 scilicet
1404 1137 1568 1194 super
1590 1120 1900 1177 Judaaornm
1933 1137 2107 1193 popu-

532 1211 664 1275 lum,
697 1215 781 1283 quj
816 1214 1025 1285 tropice
1058 1214 1218 1270 vinea
1260 1222 1509 1269 vocatur.

2217 575 2259 642 οἱ
2288 573 2541 640 ἀλήθειά
2578 591 2711 629 σου.
2749 576 2903 628 Ἐστι
2936 575 3033 645 μὲν
3058 569 3151 628 οὖν
3180 575 3214 646 ή
3249 574 3473 646 ἀλήθεια
3516 574 3609 628 τοῦ
3653 575 3790 631 Θεοῦ

2215 664 2277 717 ἓν
2309 663 2389 735 τῷ
2421 666 2652 737 οὐρανῷ,
2686 666 2840 737 δίκην
2892 666 2949 720 δὲ
2980 667 3134 720 ὑετοῦ
3172 666 3468 738 φερομένου
3496 666 3584 720 διὰ
3612 668 3791 738 νεφῶν

2214 758 2311 811 καὶ
2369 758 2529 829 μέχρι
2572 759 2670 830 τῆς
2723 760 2825 829 γῆς
2882 759 3183 823 ἑπιστάζει.
3212 760 3303 812 Διὸ
3332 758 3578 831 εἴρηται·
3611 761 3722 814 Καὶ
3748 763 3789 832 ἠ

2212 847 2469 918 ἀλήθειά
2494 865 2610 903 σου
2631 849 2743 916 ἕως
2765 848 2886 903 τῶν
2905 848 3193 918 νεφελῶν.
3231 851 3323 902 Ἐκ
3351 850 3407 903 δὲ
3438 849 3544 902 τῶν
3569 850 3791 921 λεγομέ-

2216 940 2322 995 νῶν
2342 941 2576 1011 νεφελῶν
2598 942 2692 995 καὶ
2716 944 2796 1005 είς
2822 941 3139 1014 ἀνθρώπους
3158 942 3446 1013 προχέεται
3472 944 3505 1013 ἡ
3531 941 3626 995 τοῦ
3651 941 3787 997 Θεοῦ

2214 1033 2444 1106 ἀλήθεια
2463 1051 2476 1064 ’
2509 1034 2736 1104 νεφέλας
2774 1033 2831 1087 δὲ
2854 1036 2980 1098 τοὺς
3004 1034 3287 1107 προφήτας
3313 1035 3346 1106 ἢ
3370 1034 3466 1098 τὰς
3490 1033 3789 1102 ἀγγελικάς

2212 1122 2494 1195 δυνάμεις,
2519 1125 2587 1178 δι’
2613 1118 2689 1179 ὧν
2714 1126 2747 1196 ή
2773 1123 2999 1195 ἀλήθεια
3028 1124 3123 1177 τοῦ
3151 1123 3287 1177 Θεοῦ
3321 1126 3414 1179 xui
3451 1127 3532 1188 είς
3577 1124 3787 1196 ἀνθρώ-

2214 1232 2351 1278 πους
2388 1217 2772 1289 κατελήλυθεν,
2802 1217 2990 1271 εἴωθεν
3029 1220 3058 1271 ὁ
3099 1217 3254 1286 λόγος
3292 1218 3596 1288 ὀνομάζειν.
3626 1218 3783 1273 Οὕτω

529 1303 775 1361 λέλεκται
806 1309 863 1361 ὲν
903 1309 1128 1381 Ἡσαΐᾳ·
1152 1308 1265 1363 Καὶ
1295 1308 1426 1376 ταῖς
1476 1308 1760 1380 νεφέλαις
1794 1308 2147 1379 ὲντελοῦμαι
2184 1310 2291 1364 τοῦ
2333 1311 2420 1381 μὴ
2459 1311 2675 1380 ,ϐρέξαι
2715 1313 2803 1378 εὶς
2847 1310 3037 1365 αὐτὸν
3081 1310 3279 1377 ὑετὸν,
3321 1309 3521 1383 δηλαδὴ
3564 1312 3646 1376 είς
3688 1310 3783 1364 τὸν

541 1400 810 1454 Ἰουδαίων
865 1400 1013 1466 λαὸν,
1058 1400 1358 1472 ἀμπελῶνα
1398 1402 1675 1473 τροπικῶς
1700 1401 2103 1473 ὠνομασμένον.

597 1494 677 1549 Ad
702 1496 816 1550 haec
847 1503 1050 1561 autem,
1077 1496 1292 1566 iustitia
1318 1502 1433 1562 tua,
1464 1495 1659 1568 inquit,
1692 1496 1939 1561 Domine,
1973 1511 2093 1550 ma-

525 1602 632 1659 gna
663 1589 1011 1661 excelsaque,
1044 1590 1346 1657 montibus,
1378 1591 1488 1645 imo
1521 1591 1797 1646 montibus
1820 1589 1914 1646 Dei
1943 1604 2095 1644 com-

2281 1495 2403 1550 Ἔτι
2456 1495 2593 1567 πρὸς
2632 1495 2842 1565 τούτοις
2888 1497 2921 1566 ή
2972 1496 3284 1565 δικαιοσύνη
3331 1513 3445 1561 σου,
3499 1497 3693 1566 φησὶν,
3733 1489 3781 1550 ὧ

2206 1586 2400 1656 Κύριε,
2418 1584 2625 1656 μεγάλη
2652 1586 2905 1657 τυγχάνει
2928 1586 3022 1639 xui
3049 1584 3247 1656 ὑψηλὴ,
3264 1585 3411 1656 δρεσι
3439 1585 3783 1656 παραϐαλλο-

526 1687 773 1751 paratur,
809 1696 874 1736 ac
903 1682 1128 1751 insuper
1147 1682 1353 1753 judicia
1386 1689 1479 1736 tua
1503 1683 2072 1753 incomprehensibilia

2207 1678 2363 1749 μένη,
2397 1678 2488 1731 καὶ
2515 1677 2663 1749 δρεσι
2696 1678 2852 1743 Θεοῦ,
2884 1679 2978 1733 xui
3024 1678 3159 1751 πρὸς
3198 1679 3407 1743 τούτοις
3437 1678 3507 1733 τά
3537 1678 3783 1752 κρίματά

525 1770 991 1835 Quemadmodum
1016 1772 1161 1828 enim
1196 1774 1450 1845 abyssus,
1484 1780 1543 1829 ut
1570 1781 1792 1837 vocant,
1830 1775 2076 1830 immens:

2203 1785 2297 1823 σου
2345 1769 2725 1841 ἀκατάληπτα.
2793 1770 2880 1833 Ὠς
2934 1771 3044 1842 γὰρ
3086 1773 3119 1842 ή
3176 1771 3486 1842 καλουμένη
3545 1770 3781 1836 ἄϐυσσος

523 1868 578 1914 et
600 1859 914 1916 hominibus
942 1863 1516 1935 incomprehensibilis
1538 1874 1653 1934 est;
1682 1866 1828 1937 quod
1862 1881 1994 1922 sane
2011 1867 2097 1925 his

522 1952 879 2024 signiﬁcatur,
905 1971 1101 2025 ponens
1129 1973 1182 2010 in
1208 1957 1466 2013 thesauris
1487 1958 1706 2029 abyssos
1725 1975 1743 2012 :
1769 1958 1849 2014 sic
1865 1958 2094 2029 judicia,

523 2045 768 2109 Domine,
799 2061 921 2119 qua:
948 2064 1009 2104 ex
1038 2049 1256 2118 justitia
1304 2051 1571 2120 prodeunt
1600 2059 1714 2116 tua,
1742 2067 1840 2107 ceu
1870 2053 2089 2124 abyssus

521 2139 687 2194 multa
706 2140 750 2172 ⁸⁷
773 2149 921 2196 sunt.
950 2139 1057 2196 Pro
1089 2141 1182 2196 illo
1212 2150 1414 2207 autem,
1432 2142 1649 2212 justitia
1677 2154 1766 2197 tua
1788 2145 1923 2199 sicut
1941 2163 2087 2201 mon-

522 2240 598 2285 tes
636 2230 767 2294 Dei;
809 2232 1029 2301 Aquila,
1068 2231 1288 2302 justitia
1338 2243 1433 2288 tua
1475 2235 1612 2290 sicut
1636 2246 1835 2291 montes
1864 2239 2086 2307 robusti,

520 2319 913 2391 interpretatus
951 2330 1054 2378 est.
1088 2321 1213 2377 Haec
1244 2339 1407 2394 porro
1434 2325 1617 2379 omnia
1643 2335 1949 2397 opportune
1982 2344 2089 2385 me-

519 2417 806 2464 orantur
835 2426 851 2463 :
884 2411 1326 2485 declaraturque,
1381 2430 1479 2486 per
1526 2416 1950 2474 misericordiam
1992 2419 2084 2475 Dci

517 2517 645 2571 quae
675 2503 733 2558 in
764 2505 906 2560 caelo
948 2514 1054 2569 est,
1099 2522 1196 2576 per
1226 2506 1509 2563 veritatem
1539 2514 1593 2563 et
1632 2508 1900 2578 justitiam
1940 2513 2084 2583 ejus,

522 2606 586 2647 ac
609 2609 706 2664 per
734 2594 887 2660 illud,
926 2594 1149 2655 Iudicia
1184 2599 1298 2668 ejus
1321 2607 1380 2653 ut
1425 2597 1647 2669 abyssns
1675 2602 1841 2658 multa
1885 2606 2083 2659 incom-

510 2685 883 2752 prehensibilia
935 2698 1093 2751 sunt.
1146 2690 1364 2761 impios,
1432 2693 1621 2749 atheos
1671 2704 1723 2750 et
1774 2708 2084 2766 peccatores

511 2790 619 2831 non
651 2777 761 2833 vita
791 2780 989 2843 solum,
1022 2782 1116 2837 sed
1152 2784 1380 2854 reliquis
1412 2785 1577 2840 etiam
1608 2786 1716 2843 frui
1740 2790 1897 2845 bonis
1927 2806 1956 2844 a
1980 2792 2082 2848 bo-

510 2867 683 2925 nitate
712 2870 885 2941 ipsius
909 2872 1365 2932 subministratis.
1726 2898 1733 2906 '

2197 1862 2424 1934 ἄπειρός
2468 1866 2617 1917 ὲστιν
2672 1861 2979 1935 ἀνθρώποις
3025 1861 3121 1915 καὶ
3160 1860 3589 1932 ἀκατάληπτος’
3637 1859 3667 1914 ὃ
3711 1860 3778 1932 δὴ

2198 1956 2454 2026 σημαίνει
2477 1957 2505 2008 ὁ
2527 1956 2703 2026 φήσας
2726 1952 2901 2022 λόγος·
2927 1952 3110 2019 Τιθεὶς
3144 1951 3214 2005 ἐν
3244 1950 3566 2020 θησαυροῖς
3592 1952 3778 2007 ἀϐύσ-

2195 2061 2348 2111 σους
2368 2063 2381 2076 ·
2407 2046 2578 2109 οὕτως
2606 2044 2700 2098 xui
2726 2043 2794 2097 τὰ
2823 2042 2892 2097 σά
2920 2042 3184 2116 κρίματα,
3209 2034 3255 2094 ὧ
3289 2039 3480 2113 Κύριε,
3498 2040 3565 2096 τά
3591 2042 3655 2094 ix
3676 2041 3777 2111 τῆς

2197 2138 2294 2210 σῆς
2370 2139 2713 2210 δικαιοσύνης
2794 2136 3087 2208 φερόμενα,
3281 2136 3319 2203 ’ἡ
3351 2134 3624 2199 ᾶϐυσσός
3657 2133 3774 2186 ἐστι

2194 2229 2414 2297 πολλή.
2459 2232 2604 2285 ’Δντὶ
2636 2232 2694 2285 δὲ
2724 2229 2842 2294 τοῦ,
2884 2231 2956 2285 Ἠ
2980 2228 3333 2295 δικαιοσύνη
3377 2242 3495 2279 σου
3543 2226 3623 2292 ὡς
3665 2225 3772 2293 ὅρη

2195 2321 2364 2387 Θεοῦ,
2395 2324 2424 2375 ὁ
2462 2321 2711 2385 Ἀκύλας,
2741 2321 3099 2387 Δικαιοσύνη
3132 2334 3250 2373 σου
3273 2318 3355 2384 ὡς
3388 2317 3498 2387 ὄρη
3531 2316 3771 2387 ὶσχιφὰ,

2192 2403 2524 2484 ἡρμήνευσε.
2565 2412 2783 2465 Τούτων
2807 2411 2866 2465 δὲ
2892 2409 3109 2465 πάντων
3134 2407 3407 2479 εὐκαίρως
3433 2408 3770 2479 ἐμνημόνευ-

2192 2519 2281 2556 σεν
2309 2502 2338 2554 ὁ
2377 2501 2561 2569 λόγος·
2597 2500 2833 2565 δεικνὺς,
2861 2501 2944 2554 ὅτι
2980 2499 3070 2554 διά
3110 2499 3172 2553 τὸ
3198 2498 3346 2561 έλεός
3376 2513 3473 2551 σου
3506 2497 3600 2551 τοῦ
3633 2498 3770 2552 Θεοῦ

2190 2588 2253 2643 τὸ
2291 2592 2349 2644 ὲν
2379 2588 2458 2659 τῷ
2491 2590 2724 2661 οὐρανῷ,
2757 2590 2851 2644 καὶ
2883 2589 2973 2643 διὰ
3014 2591 3113 2661 τὴν
3164 2587 3422 2660 ἀλήθειαν
3467 2586 3632 2641 αὐτοῦ
3676 2589 3771 2640 καὶ

2189 2678 2280 2734 διὰ
2321 2680 2420 2751 τὴν
2444 2679 2788 2753 δικαιοσύνην
2818 2680 3005 2745 αὐτοῦ,
3033 2682 3129 2734 xui
3154 2679 3243 2734 διὰ
3275 2680 3368 2733 τό·
3409 2680 3499 2743 Ὠς
3533 2677 3768 2743 ἄϐυσσος

2188 2772 2354 2842 πολλὴ
2396 2772 2761 2844 ἀκατάληπτα
2794 2772 2866 2828 τά
2905 2772 3149 2844 κρίματα
3180 2770 3368 2837 αὐτοῦ,
3413 2770 3509 2825 καὶ
3550 2769 3765 2837 ἀσεϐεῖς

2189 2864 2284 2929 xui
2309 2863 2457 2918 ἀθεοι
2478 2852 2574 2919 καὶ
2605 2865 2916 2937 ἁμαρτωλοὶ
2946 2866 3007 2919 οὐ
3034 2866 3192 2937 μόνον
3215 2863 3358 2936 ζωῆς
3380 2862 3761 2927 ἀπολαύουσιν,

509 2960 646 3014 ἀλλά
680 2964 776 3017 καὶ
822 2965 932 3019 τῶν
974 2967 1179 3023 λοιπῶν
1237 2971 1345 3025 τῶν
1400 2974 1507 3028 ἀπὸ
1545 2976 1644 3047 τῆς
1685 2975 2089 3050 φιλανθρωπίας
2126 2980 2288 3035 αὐτοῦ
2312 2982 2749 3056 χορηγουμένων.

579 3072 748 3132 Vens.
781 3078 835 3134 8.
868 3080 1231 3153 Quamobrem
1287 3087 1545 3159 adjicitur
1576 3110 1591 3148 :
1629 3092 1881 3151 Homines
1904 3106 1955 3151 et
1985 3099 2076 3168 ju-

2256 3100 2348 3154 Διὸ
2378 3100 2687 3170 έπιλέγεται
2712 3119 2726 3132 ο
2775 3102 3137 3170 Ἀνθρώπους
3172 3101 3270 3156 καὶ
3298 3103 3485 3170 κτήνη
3516 3102 3755 3171 σώσεις,

509 3176 690 3262 menta
709 3169 964 3262 saluubis,
982 3173 1238 3241 Domine;
1259 3182 1695 3248 quemadmodum
1709 3186 2074 3257 multiplicasti

2182 3192 2370 3260 Κύριε,
2401 3193 2482 3259 ὡς
2511 3169 2859 3260 ἑὲτλήθυνας
2891 3196 2959 3248 τὸ
2994 3195 3167 3262 ἔλεός
3208 3169 3406 3261 σου,ὀ
3450 3169 3612 3260 Θεός.
3658 3169 3759 3249 Διά

507 3254 933 3312 misericordiam
965 3270 1132 3329 tuam,
1164 3265 1327 3325 Deus.
1357 3267 1492 3324 Nam
1522 3254 1959 3345 prapterjudicia
1986 3285 2078 3332 tua

506 3360 629 3417 quae
661 3354 720 3402 ut
772 3348 1011 3422 abyssus
1054 3356 1224 3411 multa
1272 3369 1421 3425 sunt,
1474 3372 1698 3433 propter
1723 3366 1991 3435 justitiam
2024 3377 2079 3424 et

500 3437 788 3495 veritatem
813 3450 960 3499 tuam
986 3462 1104 3516 qua:
1128 3447 1181 3502 in
1209 3451 1349 3507 cmlo
1364 3459 1470 3518 est,
1498 3453 1747 3512 homines
1765 3458 2077 3528 etjumenta

499 3529 666 3588 simul
702 3535 934 3591 salutem
969 3539 1235 3597 obtinent.
1264 3542 1357 3599 Sic
1382 3546 1751 3616 multiplicasti
1780 3551 2077 3607 misericor-

500 3619 648 3675 diam
680 3630 848 3688 tuam,
874 3624 1106 3693 Deus,ut
1135 3646 1245 3686 non
1270 3634 1433 3689 modo
1465 3636 1556 3705 qui
1591 3635 1761 3706 digni.
1794 3640 1888 3694 sed
1911 3641 2073 3696 etiam

504 3711 599 3782 qui
655 3715 836 3772 brutis
871 3720 1117 3777 moribus
1162 3731 1235 3779 et.
1265 3724 1586 3796 insipientes
1632 3738 1756 3785 sunt
1798 3731 2069 3796 homines,

501 3804 612 3859 vita
661 3808 759 3862 abs
808 3815 863 3864 te
912 3810 1037 3868 data
1092 3813 1364 3872 fruantur.
1425 3817 1875 3891 Quandoquidem
1925 3824 2069 3879 enim

499 3897 657 3952 multi
689 3914 1102 3972 conqueruntur
1122 3917 1176 3963 et
1206 3914 1553 3982 expostulant
1573 3929 1695 3968 cum
1724 3915 1816 3970 illo
1841 3916 1928 3972 his
1959 3933 2074 3973 ver-

497 3989 615 4046 bis:
642 3989 821 4058 Quare
845 3994 998 4067 impii
1017 4013 1279 4071 prospere
1299 4011 1487 4073 agunt,
1505 4020 1567 4059 ac
1590 4004 1680 4061 Dei
1700 4005 1858 4063 bonis
1883 4007 2068 4063 fruun-

496 4083 625 4137 tur?
649 4086 968 4145 necessario
1009 4089 1170 4146 docet
1203 4092 1428 4149 multam
1465 4095 1587 4166 ejus
1629 4097 2063 4155 misericordiam

494 4187 636 4228 esse.
662 4175 732 4230 At
758 4177 807 4232 si
832 4178 1211 4238 misericordia
1243 4191 1456 4240 tantum
1488 4202 1551 4242 ac
1573 4188 1858 4246 clementia
1885 4192 2065 4250 exsis-

492 4269 653 4327 teret,
686 4264 822 4319 nihil
850 4281 881 4321 a
910 4278 1261 4338 peccatorum
1297 4276 1409 4330 vita
1440 4275 1678 4335 ineunda
1698 4291 1926 4339 arceret.
1951 4281 2061 4339 Ve-

493 4366 619 4406 rum
666 4352 859 4410 edocet
887 4356 979 4413 ille
1006 4362 1289 4419 veritatem
1319 4374 1375 4421 et
1430 4367 1701 4436 justitiam
1739 4388 1863 4428 cum
1896 4377 2062 4432 mise-

490 4440 728 4533 ricordia
761 4444 1004 4512 misceri,
1032 4447 1108 4503 ita
1140 4457 1200 4505 ut
1232 4460 1357 4523 post
1393 4456 1824 4515 misericordiam
1846 4462 2059 4533 justitia

2182 3282 2291 3354 γὰρ
2346 3282 2414 3335 τά
2457 3285 2702 3355 κρίματά
2737 3302 2829 3338 σου
2865 3286 2931 3339 τά
2961 3287 3035 3351 ὡς
3063 3286 3294 3351 ἄϐυσσος
3337 3284 3524 3357 πολλὴ,
3548 3284 3643 3339 xui
3668 3285 3757 3340 διὰ

2177 3371 2275 3443 τὴν
2303 3372 2647 3447 δικαιοσύνην
2673 3391 2765 3428 σου
2798 3376 2890 3429 καὶ
2925 3376 3019 3449 τὴν
3053 3375 3306 3447 ἀλήθειάν
3340 3392 3432 3429 σου
3462 3374 3559 3448 τὴν
3587 3376 3645 3428 έν
3675 3374 3755 3446 τῷ

2176 3464 2409 3536 οὐρανῷ,
2430 3465 2706 3537 ἄνθρωποι
2737 3468 2829 3521 xui
2867 3469 3036 3539 κτήνη
3065 3466 3206 3522 κατά
3222 3468 3282 3522 τὸ
3303 3467 3432 3521 αὐτὸ
3458 3464 3717 3531 σώζονται
3735 3481 3751 3497 ·

2174 3555 2346 3620 οὕτως
2366 3556 2715 3626 ὲπλήθυνας
2733 3557 2799 3611 τὸ
2820 3556 2996 3626 ἔλεός
3023 3574 3162 3627 σου,
3188 3559 3351 3625 Θεὸς,
3385 3558 3562 3631 ὡς’μὴ
3595 3558 3753 3630 μόνον

2172 3649 2297 3712 τοὺς
2327 3648 2511 3715 ἀξίους
2539 3650 2636 3721 τῆς
2669 3652 2733 3704 ἐκ
2783 3651 2877 3705 σοῦ
2915 3652 3060 3724 ζωῆς
3111 3651 3563 3724 μεταλαμϐάνειν,
3613 3649 3750 3704 ἀλλά

2172 3740 2264 3792 xui
2309 3741 2433 3804 τοὺς
2478 3742 2768 3814 κτηνὼδεις
2815 3745 2910 3798 xui
2961 3745 3220 3815 ἀνοήτους
3271 3744 3379 3797 τῶν
3424 3742 3743 3816 ἀνθρώπων.

2182 3830 2395 3902 Ἐπειδὴ
2448 3831 2555 3904 γὰρ
2604 3833 2786 3887 πολλοὶ
2837 3835 3140 3906 μέμφονται
3183 3837 3278 3893 καὶ
3329 3833 3745 3888 καταιτιῶνται·

2171 3920 2288 3980 Ἵνα
2314 3920 2368 3973 τί
2398 3922 2614 3986 ἀσεϐεῖς
2638 3922 2943 3994 εὐθηνοῦσι,
2980 3923 3075 3977 xui
3101 3922 3208 3975 τῶν
3241 3922 3334 3974 τοῦ
3361 3921 3495 3974 Θεοῦ
3528 3920 3747 3987 ἀγαθῶν

2168 4012 2566 4081 ἀπολαύουσιν;
2627 4016 2941 4085 ἀναγκαίως
2998 4014 3258 4077 διδάσκει,
3315 4013 3396 4066 ὅτι
3457 4009 3746 4075 πολυέλεός

2167 4106 2334 4159 ἐστιν.
2374 4106 2510 4160 Ἀλλ’
2535 4108 2584 4160 εί
2623 4107 2721 4178 μὲν
2748 4104 2816 4179 ἦν
2854 4108 2997 4170 ἔλεος
3026 4106 3184 4177 μόνον
3218 4102 3312 4157 xui
3341 4101 3737 4174 φιλανθρωπία,

2163 4193 2317 4247 οὐδὲν
2340 4194 2574 4250 ἐκώλυεν
2601 4197 2694 4249 τὸν
2720 4196 2826 4250 τῶν
2851 4194 3185 4268 ἁμαρτωλῶν
3215 4193 3567 4265 μετέρχεσθαι
3590 4191 3701 4264 βίον
3721 4211 3737 4226 ο

2158 4282 2400 4340 διδάσκει
2447 4286 2524 4350 δὲ,
2565 4288 2644 4339 ὅτι
2699 4288 2795 4347 σὺν
2824 4286 2900 4357 τῷ
2937 4283 3070 4356 ἐλέῳ
3112 4284 3480 4356 ἀνακέκραται
3512 4282 3741 4355 ἀλήθεια

2160 4376 2256 4428 xui
2281 4375 2616 4445 δικαιοσύνη,
2643 4376 2719 4438 ὡς
2739 4377 2835 4446 τῆς
2852 4375 3200 4447 δικαιοσύνης
3223 4376 3319 4428 καὶ
3353 4376 3453 4446 τῆς
3479 4375 3737 4446 ἀληθείας

2157 4464 2554 4535 διαληψομένης
2580 4465 2705 4528 τοὺς
2727 4465 3078 4536 ἁμαρτωλοὺς
3106 4468 3241 4539 μετά
3275 4468 3334 4521 τὸ
3358 4467 3522 4531 ἔλεος.
3545 4467 3608 4520 Et
3628 4466 3737 4537 γὰρ

487 4539 545 4586 et
589 4532 791 4589 veritas
831 4547 1150 4605 peccatores
1191 4551 1499 4615 exceptura:
1541 4558 1690 4606 sunt.
1721 4532 1857 4608 Nam
1909 4556 1955 4612 si
1988 4570 2054 4612 ex

2182 4560 2237 4631 ιὴ
2269 4532 2557 4629 ὤφελοῖντο
2579 4558 2656 4629 τῷ
2684 4532 2818 4631 έλέῷ
2845 4532 2938 4614 xui
2967 4563 3031 4632 τῇ
3070 4532 3418 4632 μακροθυμίᾳ
3449 4557 3545 4612 τοῦ
3573 4532 3731 4622 θεόῖὶ,

485 4624 868 4717 misericordia
915 4638 971 4684 et
1011 4632 1274 4700 patientia
1307 4635 1401 4693 Dei
1433 4640 1567 4695 nihil
1595 4644 1844 4700 utilitatis
1876 4648 2043 4717 perci-

486 4715 661 4786 piant,
687 4717 901 4787 justitia
932 4729 986 4776 et
1017 4723 1221 4781 veritas
1244 4727 1364 4796 ejus
1395 4729 1616 4790 invadet
1648 4735 1771 4791 illos
1808 4755 1820 4791 :
1842 4715 2053 4806 judicio

485 4807 851 4880 quippejusto
876 4813 1256 4885 subjicientur.
1290 4818 1429 4876 Sunt
1465 4824 1610 4878 enim
1646 4842 1857 4892 revera,
1899 4836 2048 4897 sunt,

486 4896 729 4968 inquam,
774 4900 977 4971 judicia
1027 4904 1119 4964 Dei
1162 4913 1412 4980 occulta;
1454 4916 1624 4969 multa
1682 4896 2051 4990 immensaque

483 4990 850 5063 profunditas,
885 4997 990 5063 vel,
1022 5009 1083 5055 ut
1114 5005 1190 5057 ait
1218 5003 1522 5074 Scriptura,
1548 5006 1769 5077 abyssus
1793 5011 1963 5065 multa
1994 5014 2049 5067 in

479 5083 809 5155 iudiciorum
844 5089 963 5160 ejus
995 5095 1209 5151 ratione
1240 5097 1740 5166 comprehenditur.
1778 5098 1900 5156 Haec
1943 5104 2048 5175 igi-

477 5180 571 5231 tur
600 5179 795 5249 impios
821 5194 1063 5240 manent.

551 5260 719 5322 Vens.
745 5266 799 5332 9,
824 5269 910 5325 i0.
939 5269 1074 5326 Filii
1096 5280 1273 5326 autem
1304 5273 1572 5331 hominum
1599 5279 1651 5334 in
1682 5282 1901 5351 tegmine
1924 5286 2040 5339 ala-

2156 4654 2190 4724 ή
2225 4652 2538 4724 δικαιοσύνη
2580 4652 2742 4707 αὐτοῦ
2774 4653 2925 4725 καὶὴ
2959 4652 3182 4724 ἀλήθεια
3231 4649 3606 4723 μετελεύσεται
3636 4651 3732 4704 αὐ-

2159 4742 2313 4807 τούς’
2350 4744 2812 4817 ὐποϐληθήσονται
2838 4745 2946 4818 γὰρ
2975 4746 3153 4818 κρίσει
3178 4744 3399 4816 δικαίαλ
3418 4745 3572 4798 Ἔστι
3598 4743 3727 4814 γὰρ,

2162 4834 2313 4889 ἔστιν
2340 4836 2628 4908 ἀπόρρητα
2667 4837 2733 4891 τά
2765 4838 3010 4909 κρίματα
3034 4837 3128 4891 τοῦ
3158 4836 3291 4890 Θεοῦ
3310 4854 3325 4867 ο
3359 4836 3521 4901 πολύς
3545 4853 3604 4889 τε
3633 4838 3731 4890 xui

2156 4927 2381 4998 ἄπειρος
2425 4928 2601 4998 βυθὸς,
2632 4929 2698 5001 ἢ,
2734 4930 2915 4995 καθὼς
2955 4934 2988 5003 ή
3021 4931 3209 5005 Γραφή
3246 4946 3427 5000 φησιν,
3458 4931 3728 4994 ἁϐυσσος

2156 5020 2358 5089 πολλὴ
2388 5022 2444 5075 ὲν
2469 5022 2545 5094 τῷ
2569 5023 2709 5095 λόγῳ
2738 5024 2847 5078 τῶν
2883 5026 3164 5097 χριμάτων
3197 5026 3358 5082 αὐτοῦ
3394 5023 3721 5097 περιέχεται.

2156 5108 2338 5165 Ταῦτα
2372 5111 2549 5165 τοίνυν
2581 5113 2729 5184 μένει
2756 5116 2880 5179 τοὺς
2914 5114 3145 5179 ἀσεϐεῖς.

2222 5291 2286 5343 Ol
2309 5288 2378 5343 δὲ
2399 5289 2515 5345 υἱοὶ
2540 5291 2658 5346 τῶν
2683 5290 3006 5361 ἀνθρώπων
3037 5291 3106 5346 ἐν
3138 5292 3334 5362 σκέπῃ
3362 5290 3480 5346 τῶν
3508 5291 3722 5360 πτερύ-

476 5366 593 5409 rum
639 5366 850 5414 tuarum
900 5362 1201 5429 sperabunt.
1247 5363 1660 5425 Inebriabuntur
1689 5373 1754 5427 ab
1806 5375 2040 5433 ubertate

2182 5397 2268 5435 ων
2291 5393 2409 5437 σου
2436 5382 2735 5439 emicem.
2760 5381 3260 5450 Μεθυσθήσονται
3288 5383 3406 5439 ἀπὸ
3437 5383 3723 5450 πιότητος

475 5448 660 5506 domus
689 5463 813 5520 tum,
847 5465 897 5510 et
932 5463 1160 5512 torrente
1214 5460 1495 5528 voluptatis
1519 5472 1624 5519 tua:
1672 5468 1876 5536 potabis
1926 5488 2035 5526 eos.

476 5539 737 5607 Quoniam
773 5545 913 5614 apud
932 5556 982 5600 te
1000 5557 1081 5635 est
1109 5549 1227 5619 fons
1253 5553 1389 5618 vitae,
1418 5554 1472 5610 in
1504 5556 1701 5615 lumine
1741 5569 1829 5616 tuo
1853 5564 2038 5619 videbi-

475 5651 589 5688 mus
616 5637 810 5693 tanien.
852 5639 1119 5705 Quoniam
1156 5642 1362 5712 judicia
1417 5654 1509 5703 tua
1561 5654 1792 5723 abyssus
1843 5659 2030 5723 multa,

466 5860 469 5861 ν
546 5788 591 5835 ε’
629 5787 733 5853 lsa.
767 5808 834 5860 ν,
867 5792 917 5851 6.
996 5797 1036 5831 ³⁷
1077 5797 1222 5856 Psal.
1263 5815 1427 5869 xxxi,
1468 5804 1518 5865 '1.

2145 5474 2314 5530 οἵκου
2345 5489 2482 5544 σου,
2522 5477 2622 5532 καὶ
2651 5477 2759 5532 τὸν
2786 5477 3144 5548 χειμάρρουν
3186 5476 3296 5547 τῆς
3336 5474 3566 5546 τρυφῆς
3601 5491 3721 5530 σου

2142 5568 2366 5634 ποτιεῖς
2402 5570 2643 5636 αὐτούς.
2680 5570 2809 5623 Ὀτι
2834 5566 2992 5639 παρὰ
3028 5570 3127 5624 σοὶ
3154 5568 3316 5639 πηγὴ
3346 5566 3515 5637 ζωῆς,
3539 5568 3610 5622 ἐν
3636 5563 3723 5633 τῷ

2141 5660 2289 5728 φωτί
2326 5675 2441 5715 σου
2488 5660 2754 5732 ὀψόμεθα
2798 5660 2939 5731 φῶς.
2978 5659 3193 5733 Ἐπειδὴ
3226 5657 3294 5713 τὰ
3328 5658 3573 5741 κρίματά
3621 5671 3723 5715 σαι
