4100 6422
328 412 433 467 ὄῖὶ

1412 395 1919 462 COMMENTARIA
1952 405 2021 461 ΙΝ
2060 403 2403 463 PSALMOS.

3458 408 3605 479 εει,

328 525 564 587 ἄϐυσσος
601 519 786 592 πολλὴ,
812 518 1033 582 εἰκότως
1085 517 1146 571 οὐ
1198 516 1357 589 μόνον
1409 517 1732 590 ἀνθρώπων,
1764 517 1888 572 ἀλλὰ

1998 516 2123 589 jure
2151 533 2257 573 non
2283 517 2597 574 [nominibus
2619 518 2803 584 modo,
2832 518 2928 575 sed
2960 519 3124 576 etiam
3150 521 3413 592 jumentis
3448 541 3573 597 pro-

330 619 428 674 καὶ
471 614 682 687 κτηνῶν
730 614 1003 688 προνοεῖςθ
1038 609 1210 675 οὕτως
1248 609 1597 681 ἐπλήθυνας
1626 612 1693 665 τὸ
1725 610 1900 678 ἔλεός

328 726 470 773 σου,
506 710 540 763 ὁ
582 707 743 772 Θεός.
793 705 947 757 Ἔστι
990 703 1034 756 δ’
1066 703 1147 756 ἔτι
1203 701 1356 775 παρὰ
1407 700 1581 757 ταῦτα
1627 701 1902 775 ἐξαίρετον

324 802 514 872 τάγμα
542 798 649 852 τῶν
678 796 815 869 μετὰ
845 795 913 849 τὰ
950 793 1309 868 προλεχθέντα
1335 793 1746 866 ὀνομαζομένων
1769 794 1901 848 υίῶν

326 892 658 965 ἀνθρώπων
689 888 902 952 οἵτινες,
941 887 1098 941 πλέον
1126 904 1179 940 τι
1206 886 1421 958 ἔχοντες
1450 887 1561 940 τῶν
1601 886 1900 959 ἀνθρώπων

328 984 546 1040 καὶτῶν
567 980 777 1054 κτηνῶν
803 980 910 1035 τῶν
934 979 1038 1034 ὑπὸ
1065 980 1162 1034 σοῦ
1179 980 1518 1051 σωζομένων,
1539 978 1900 1050 κατηξίωνται

328 1080 390 1131 ὲν
424 1076 600 1149 σκέπῃ
641 1074 750 1128 τῶν
795 1071 1079 1145 πτερύγων
1109 1089 1201 1125 σου
1232 1071 1472 1136 ἐλπίζειν
1492 1087 1508 1103 ·
1556 1071 1589 1142 ἢ
1639 1072 1778 1126 κατὰ
1808 1073 1900 1127 τὸν

322 1167 640 1238 Σύμμαχον,
689 1163 823 1218 Ὑπὸ
863 1162 1046 1218 σκιὰν
1085 1162 1203 1216 τῶν
1229 1163 1535 1231 πτερύγων
1562 1177 1679 1217 σου
1706 1164 1902 1233 ἀμερι-

314 1256 558 1328 μνοῦσι.
591 1257 730 1320 Τοὺς
757 1255 866 1328 γάρ
899 1256 990 1309 ἐπὶ
1018 1253 1080 1309 σὲ
1119 1254 1438 1325 ὴλπικότας,
1461 1254 1556 1309 καὶ
1582 1255 1899 1328 ἀφωρισμέ-

320 1368 447 1415 νους
487 1350 582 1405 τοῦ
632 1350 911 1423 τάγματος
941 1349 1048 1404 τῶν
1081 1348 1541 1422 διαϐεϐλημένων,
1577 1351 1642 1404 σὺ
1681 1349 1843 1415 αὐτὸς
1871 1352 1900 1404 6

319 1442 456 1507 Θεὸς
483 1446 602 1507 ταῖς
626 1440 818 1496 ἑαυτοῦ
846 1441 1070 1515 πτέρυξι
1104 1442 1387 1514 περιέπεις
1406 1441 1501 1497 καὶ
1526 1442 1765 1507 σκέπεις.
1790 1443 1900 1496 Καὶ

320 1533 444 1588 ἐπεὶ
472 1535 704 1607 ἤλπισαν
746 1527 890 1589 οὗτοι
927 1535 1136 1607 ἀγαθὴν
1170 1534 1383 1600 ἐλπίδα,
1427 1533 1494 1588 Ἥ
1527 1532 1596 1586 δὲ
1620 1535 1800 1600 ἐλπὶς
1828 1536 1898 1588 οὐ

319 1627 737 1697 καταισχύνει·
765 1626 1253 1696 μεθυσθήσονται
1276 1627 1393 1680 ἀπὸ
1424 1627 1704 1693 πιότητος
1730 1626 1899 1680 οἴκου

318 1730 456 1782 σου,
491 1718 589 1772 καί
615 1718 723 1772 τὸν
750 1716 1107 1789 χειμάρρουν
1131 1717 1240 1786 τῆς
1275 1717 1506 1787 τρυφῆς
1537 1734 1653 1772 σου
1679 1717 1900 1784 ποτιεῒς

317 1811 560 1876 αὐτούς.
590 1807 752 1875 Οἶκος
777 1812 874 1882 μὲν
896 1809 990 1864 τοῦ
1012 1810 1145 1864 Θεοῦ
1172 1814 1317 1865 ἐστιν
1343 1810 1685 1884 ηἘκκληο-ία
1709 1810 1894 1865 αὐτοῦ·

2004 610 2192 681 spicis,
2232 612 2313 667 sic
2348 611 2721 680 multiplicasti
2752 613 3170 668 misericordiam
3204 626 3372 685 tuam,
3401 618 3566 676 Deus.

2004 698 2207 756 Praeter
2254 700 2369 756 haec
2402 710 2583 756 autem
2619 701 2761 757 alius
2798 704 3032 759 eximius
3059 712 3143 760 est
3187 708 3320 761 ordo
3358 724 3570 777 eorum,

2002 794 2096 861 qui
2126 800 2250 862 post
2287 793 2543 863 praedicta
2576 793 2669 848 ﬁlii
2712 794 2997 850 hominum
3026 805 3311 852 vocantur.
3355 798 3421 853 Hi
3452 801 3575 870 plu-

2001 884 2080 938 ris
2108 883 2314 954 aliquid
2348 884 2612 941 habentes
2644 900 2804 956 quam
2838 886 3089 943 homines
3109 897 3165 943 et
3184 889 3430 959 jumenta
3452 892 3576 963 qui-

2001 974 2106 1029 bus
2135 977 2365 1032 salutem
2389 992 2574 1047 paras,
2601 977 2751 1049 digni
2780 979 2953 1035 habiti
2982 988 3112 1036 sunt
3141 984 3232 1052 qui
3261 984 3317 1036 in
3339 984 3576 1052 tegmine

2001 1070 2209 1123 alarum
2241 1077 2456 1124 tuarum
2493 1086 2643 1142 spem
2690 1072 2954 1142 habeant;
2985 1080 3078 1128 aut
3101 1081 3162 1128 ut
3192 1073 3574 1144 Symmachus,

2001 1160 2111 1217 Sub
2144 1161 2334 1217 umbra
2359 1162 2572 1218 alarum
2604 1174 2816 1219 tuarum
2841 1167 3012 1220 securi
3037 1176 3179 1223 sunt.
3199 1166 3305 1224 Eos
3319 1169 3464 1224 enim
3480 1172 3577 1241 qui

2000 1253 2058 1309 in
2092 1261 2146 1310 te
2170 1270 2322 1326 spem
2352 1256 2574 1322 habent,
2598 1258 2802 1328 quique
2830 1259 2898 1313 ab
2920 1258 3113 1315 ordine
3137 1258 3422 1315 infamium
3454 1260 3573 1317 illo-

2000 1362 2121 1402 rum
2173 1357 2553 1420 segregantur,
2591 1359 2651 1405 tu
2682 1351 2818 1422 ipse,
2858 1350 3024 1415 Deus,
3053 1352 3156 1406 alis
3190 1351 3341 1408 foves
3389 1354 3502 1409 tuis
3522 1363 3578 1409 et

2000 1442 2266 1512 contegis.
2298 1441 2506 1513 thuia
2542 1460 2693 1514 spem
2712 1421 2916 1514 cepere
2940 1459 3214 1516 magnam,
3244 1444 3373 1514 Spes
3402 1455 3578 1501 autem
3612 1421 3621 1439 ⁸

2000 1548 2106 1587 non
2147 1533 2420 1601 confundit
2438 1536 2505 1590 ⁸⁸.
2550 1534 2966 1590 Inebriabuntur
3010 1536 3076 1590 ab
3104 1536 3343 1592 ubertate
3387 1538 3578 1597 domus

2003 1634 2129 1690 tuae,
2158 1635 2207 1679 et
2248 1635 2479 1682 torrente
2507 1629 2788 1696 uoluptatis
2831 1637 2937 1683 tute
2970 1629 3179 1697 potabis
3225 1646 3332 1685 eos.
3371 1629 3578 1688 Domus

2000 1715 2095 1772 Dei
2118 1720 2203 1773 est
2235 1716 2477 1774 Ecclesia
2505 1719 2625 1789 ejus
2652 1735 2665 1771 :
2698 1719 2922 1776 ubertas
2943 1721 3160 1787 domus,
3195 1722 3458 1779 divinitus
3491 1722 3577 1778 in-

2000 1809 2223 1878 Spirata:
2251 1809 2517 1866 lectiones
2541 1829 2555 1865 :
2588 1811 2823 1868 ebrietas
2849 1811 2939 1866 illa
2972 1818 3270 1883 temperata
3292 1820 3348 1869 et
3367 1813 3572 1882 sobria,

317 1904 514 1976 πιότης
553 1904 610 1957 δὲ
641 1903 737 1957 τοῦ
786 1903 933 1958 οἴκου
986 1903 1054 1957 τὰ
1103 1903 1433 1958 θεόπνευστα
1469 1903 1888 1975 άναγνώσματα·

1997 1898 2203 1955 utilitas
2223 1915 2290 1954 ex
2320 1900 2652 1957 lectionibus
2686 1903 3015 1972 proveniens
3044 1917 3057 1954 :
3092 1911 3306 1959 torrens
3334 1904 3578 1975 volupta-

318 1995 460 2069 μέθη
503 1995 561 2050 δὲ
606 1995 838 2069 σώφρων
872 1996 967 2050 καὶ
1002 1996 1260 2067 νηφάλιος
1298 1998 1332 2070 ἡ
1378 1996 1485 2052 ἀπὸ
1512 1996 1619 2050 τῶν
1649 1997 1895 2066 ἀναγνω-

318 2088 541 2160 σμάτων
566 2088 805 2156 ὠφέλεια
829 2103 842 2118 ⁶
879 2086 1181 2160 χείμαρρος
1205 2086 1262 2143 δὲ
1293 2089 1529 2162 τρυφῆς.
1556 2089 1615 2154 ἐξ
1644 2085 1707 2142 οὗ
1745 2088 1897 2143 ποτί-

315 2180 500 2247 ζονται
533 2182 583 2235 oi
608 2182 702 2235 ἐπὶ
735 2181 910 2253 σκέπῃ
955 2180 1063 2235 τῶν
1096 2182 1381 2254 πτερύγων
1403 2183 1565 2236 αὐτοῦ
1582 2183 1892 2254 ἠλπικότες,

312 2275 344 2327 6
372 2275 431 2327 ὲν
468 2273 761 2345 Ἐκκλησία
789 2273 881 2327 τοῦ
907 2274 1041 2327 Θεοῦ
1075 2272 1337 2345 ποταμὸς,
1366 2273 1495 2346 περὶ
1518 2269 1579 2329 οὗ
1609 2274 1889 2330 λέλεκται·

316 2364 430 2419 Τοῦ
465 2364 734 2434 ποταμοῦ
772 2363 845 2417 τὰ
877 2365 1186 2435 ὀρμήματα
1215 2367 1607 2436 εὐφραίνουσι
1634 2366 1749 2434 τὴν
1781 2362 1892 2420 πό-

309 2457 414 2509 λιν
443 2454 549 2509 τοῦ
573 2455 722 2509 Θεοῦ
740 2472 754 2487 ο
789 2457 903 2521 καὶ,
945 2456 998 2509 Ὁ
1034 2458 1301 2529 ποταμὸς
1320 2457 1429 2512 τοῦ
1457 2457 1603 2512 Θεοῦ
1629 2456 1894 2526 ἐπληρώ-

312 2548 386 2615 θη
416 2546 671 2600 ὑδάτων.
700 2547 1017 2621 Χείμαῤῥος
1055 2547 1114 2603 δὲ
1153 2549 1367 2621 τρυφῆς
1403 2546 1431 2602 6
1461 2550 1693 2620 Χριστὸς
1716 2547 1804 2601 διὰ
1834 2547 1893 2602 τὺ

308 2639 647 2712 πρόσκαιρον
674 2640 773 2712 τῆς
801 2641 857 2695 ἐν
882 2639 1188 2712 ἀνθρώποις
1218 2641 1538 2710 ἐπιφανείας
1560 2640 1744 2694 αὐτοῦ.
1763 2642 1893 2693 Ὅτι

200 2792 207 2798 ,
309 2728 471 2797 παρὰ
516 2729 616 2782 σοί
664 2726 827 2799 πηγὴ
874 2726 1044 2798 ζωῆς.
1078 2729 1231 2800 Ζωὴν
1258 2730 1316 2783 δὲ
1344 2729 1470 2783 ὅντα
1501 2728 1746 2801 ἔγνωμεν
1797 2729 1890 2782 τὸν

308 2819 544 2891 Χριστὸν
604 2820 670 2873 ἐκ
728 2820 828 2891 τῆς
881 2820 1241 2890 εὖαγγελικῆς
1284 2820 1649 2886 διδασκαλίας,
1707 2820 1774 2873 δι’
1823 2815 1892 2892 ἦς

309 2909 475 2974 αὐτὸς
514 2909 544 2962 6
597 2909 791 2982 Σωτὴρ
832 2910 1073 2964 διδάσκει
1104 2910 1279 2979 λέγων
1302 2927 1316 2941 ο
1358 2908 1498 2980 Ἐγώ
1522 2912 1638 2980 ειμι
1665 2911 1732 2964 τὸ
1765 2910 1892 2980 φῶς

310 3001 412 3055 καί
451 3002 488 3070 ἡ
523 3000 773 3069 ἀλήθεια
800 3002 900 3056 καὶ
920 3003 960 3072 ή
998 3000 1129 3072 ζωή.
1171 3001 1332 3055 Ἀλλὰ
1353 3002 1466 3067 καὶ,
1487 3001 1518 3055 ὃ
1551 3001 1796 3072 γέγονεν
1822 3002 1892 3054 ἐν

311 3092 472 3159 αὒτῷ
506 3092 616 3161 ζωὴ
652 3092 753 3162 ἦν,
788 3093 887 3147 καὶ
937 3095 976 3163 ἠ
1015 3092 1127 3161 ζωὴ
1152 3089 1232 3164 ἦν
1265 3092 1332 3147 τὸ
1358 3092 1485 3163 φῶς
1517 3091 1636 3146 τῶν
1671 3090 1890 3159 ἀνθρώ-

1997 1991 2234 2061 tis,.quo
2272 2000 2528 2065 potantur
2562 1995 2600 2048 ii
2644 1995 2736 2065 qui
2771 1995 2874 2051 sub
2914 1996 3152 2066 tegmine
3199 1995 3404 2050 alarum
3452 1996 3575 2067 ejus

1997 2092 2241 2159 sperant,
2288 2085 2487 2143 ﬂuvius
2535 2088 2591 2142 in
2642 2087 2887 2144 Ecclesia
2930 2087 3026 2144 Dei
3062 2102 3318 2155 manans,
3355 2088 3423 2144 de
3467 2104 3577 2159 quo

1995 2158 2202 2229 dictum
2257 2185 2343 2233 est
2370 2195 2383 2229 :
2415 2176 2682 2232 Fluminis
2737 2178 2962 2245 impetus
3015 2176 3258 2248 twtiﬁcat
3313 2158 3577 2234 civitatem

1993 2266 2095 2322 Dei
2105 2267 2189 2333 ⁵⁹;
2215 2276 2268 2324 et
2289 2285 2302 2321 :
2325 2268 2553 2325 Flumen
2573 2270 2935 2341 Dei-repletum
2962 2278 3043 2326 est
3070 2272 3224 2341 aquis
3249 2271 3315 2326 '°.
3336 2273 3578 2328 Torrens

1995 2358 2300 2430 voluptatis
2341 2361 2598 2417 Christus
2643 2370 2749 2427 est,
2792 2363 2864 2418 ob
2900 2370 3308 2434 temporaneam
3348 2362 3471 2433 ejus
3521 2365 3577 2420 in

1992 2449 2309 2505 hominibus
2350 2454 2721 2522 praesentiam.
2756 2452 3025 2520 Quoniam
3064 2452 3206 2523 apud
3255 2462 3303 2507 te
3347 2463 3426 2509 est
3456 2455 3574 2521 fons

1990 2540 2132 2593 vita.
2182 2538 2260 2593 Ex
2295 2542 2607 2611 evangelica
2635 2542 2887 2598 doctrina
2932 2543 3212 2599 Christum
3242 2558 3366 2599 esse
3405 2546 3574 2601 vitam

1991 2630 2309 2695 ediscimus,
2357 2638 2417 2684 ut
2473 2630 2727 2687 Salvator
2759 2634 2875 2704 ipse
2913 2635 3073 2691 docet
3111 2635 3199 2691 his
3226 2636 3429 2701 verbis,
3462 2635 3576 2708 Ego

1990 2739 2110 2776 sum
2150 2723 2266 2787 tux,
2301 2724 2494 2778 veritas
2526 2734 2576 2777 et
2606 2724 2794 2779 vita“.
2826 2723 2931 2779 Sed
2966 2727 3153 2789 etiam,
3185 2725 3323 2797 quod
3371 2726 3576 2796 factum

1990 2823 2069 2869 est
2108 2816 2165 2867 in
2204 2815 2319 2885 ipso
2363 2817 2472 2871 vita
2505 2825 2642 2881 erat,
2685 2827 2736 2872 et
2770 2818 2879 2871 vita
2920 2826 3037 2871 erat
3084 2817 3177 2871 tua:
3219 2816 3572 2874 hominum".

1991 2905 2173 2972 Quare
2198 2908 2287 2963 hic
2315 2909 2544 2979 pariter,
2578 2916 2638 2964 ut
2662 2910 2719 2965 in
2744 2908 3058 2980 Evangelio,
3086 2911 3210 2965 vitae
3263 2909 3353 2964 lux
3385 2910 3574 2965 subdi-

1990 3006 2122 3053 tur:
2160 3015 2284 3055 nam
2319 3009 2610 3073 postquam
2646 3002 2880 3066 dixerat,
2915 3002 3187 3069 Quoniam
3228 3001 3369 3072 apud
3409 3013 3458 3057 te
3491 3011 3571 3057 est

1991 3090 2110 3159 [om
2134 3094 2273 3159 vitm,
2306 3095 2584 3165 adjicitur,
2612 3093 2678 3149 In
2711 3095 2905 3149 lumine
2937 3105 3026 3151 tuo
3054 3094 3343 3151 videbimus
3371 3095 3568 3151 iumen.

310 3199 458 3239 πων.
490 3184 581 3239 Διὸ
609 3186 703 3239 καὶ
726 3184 957 3240 ἐνταῦθα
985 3188 1052 3258 τῇ
1079 3185 1190 3258 ζωῇ
1217 3184 1482 3257 συνῆπται
1507 3185 1567 3239 τὸ
1599 3184 1713 3255 φῶς
1752 3202 1887 3255 συμ-

1993 3181 2119 3237 Hac
2150 3185 2351 3256 quippe
2388 3187 2499 3243 vita
2539 3187 2920 3243 rationabilem
2955 3188 3133 3243 lucem
3165 3186 3565 3242 subministrat.

312 3275 502 3347 φώνως
547 3275 628 3348 τῷ
673 3276 1009 3348 Εὐαγγελίῳο
1041 3277 1181 3349 μετὰ
1222 3276 1332 3349 γὰρ
1364 3276 1548 3347 φάναι*
1581 3277 1701 3329 Ὅτι
1731 3274 1888 3343 παρὰ

1997 3274 2364 3340 Quamobrem
2412 3278 2637 3344 dicitur,
2690 3278 2910 3334 Et‘uita
2958 3291 3071 3335 erat
3121 3281 3216 3336 lux
3268 3281 3567 3335 hominum.

307 3369 407 3423 σοί
464 3368 627 3439 πηγὴ
694 3364 860 3438 ζωῆς,
924 3370 1269 3441 ὲπιλέγεται’
1312 3371 1408 3424 Ἐν
1447 3368 1528 3436 τῷ
1591 3367 1740 3440 φωτί
1771 3383 1887 3421 σου

309 3460 574 3529 ὀψόμεθα
593 3457 737 3528 φῶς.
775 3461 955 3526 Φωτὸς
992 3460 1101 3535 γὰρ
1135 3460 1353 3532 λογικοῦ
1383 3459 1721 3533 χορηγητικὴ
1754 3472 1888 3527 τυγο

1996 3365 2100 3433 Qui
2135 3385 2301 3439 porro
2334 3372 2450 3427 huic
2498 3373 2829 3445 acceperint,
2858 3388 2958 3444 pro
2993 3373 3118 3440 line,
3155 3374 3297 3431 lucis
3323 3380 3571 3430 contem-

1995 3460 2289 3529 plationem
2317 3465 2663 3522 obtinebunt.

307 3551 459 3624 χάνει
486 3549 624 3624 αὕτη
652 3553 684 3624 ἠ
724 3550 835 3624 ζωή
854 3570 868 3584 ο
899 3552 979 3607 διὸ
1016 3552 1262 3623 λέγεται·
1320 3552 1424 3607 Καὶ
1466 3553 1506 3621 ri
1552 3549 1664 3621 ζωὴ
1705 3548 1786 3625 ἦν
1813 3551 1880 3609 τὸ
1903 3551 2029 3621 φῶς
2052 3540 2181 3609 τῶν
2202 3550 2546 3627 ἀνθρώπων.
2577 3562 2639 3615 Οἱ
2665 3560 2724 3615 δὲ
2753 3559 2958 3616 τούτων
2992 3558 3385 3632 μεταλαϐόντες
3411 3559 3566 3624 τέλος

307 3641 486 3711 ἕξουσι
519 3642 614 3698 τοῦ
649 3644 825 3714 φωτὸς
850 3645 949 3718 τὴν
974 3645 1125 3702 θέαν.

378 3735 748 3804 Παράτεινον
782 3736 846 3790 τὸ
877 3738 1051 3803 ἔλεός
1089 3751 1205 3792 σου
1234 3737 1360 3805 τοῖς
1392 3737 1758 3808 γινώσκουσί
1786 3752 1881 3801 σε,

308 3827 407 3882 καὶ
432 3827 548 3897 τὴν
574 3827 969 3896 δικαιοσύνην
1009 3842 1123 3882 σου
1156 3829 1280 3895 τοῖς
1317 3829 1521 3885 εὐθέσι
1546 3822 1622 3898 τῇ
1647 3827 1879 3897 καρδίᾳ.

308 3916 433 3983 Τοῖς
452 3919 525 3991 μὴ
541 3912 898 3989 γινώσκουσιν
918 3920 1081 3973 αὐτὸν
1103 3919 1438 3993 πρόσκαιρον
1454 3920 1605 3975 ἔσται
1624 3920 1685 3975 τὸ
1704 3920 1850 3983 ἕλεος
1863 3934 1877 3950 ·

306 4016 419 4076 τοῖς
455 4013 512 4066 δὲ
540 4011 869 4082 γινώσκουσί
904 4029 984 4080 σε,
1020 4012 1223 4084 Σῶτερ,
1264 4012 1588 4085 παράτεινον
1632 4012 1695 4066 τὸ
1734 4010 1882 4076 ἔλεός

309 4121 401 4158 σου
429 4105 524 4158 καὶ
544 4104 643 4177 τὴν
670 4105 1015 4177 δικαιοσύνην
1041 4122 1134 4158 σου
1155 4121 1168 4133 '
1194 4107 1253 4159 ὲν
1339 4105 1459 4160 κατ’
1486 4105 1643 4172 ἀξίαν
1677 4104 1878 4176 κρίνων

306 4199 416 4261 τοῖς
445 4195 545 4268 μὲν
575 4194 872 4260 ἀποδώσεις
896 4195 1040 4250 κατὰ
1071 4196 1139 4250 τὰ
1169 4196 1307 4269 ἔργα
1331 4196 1530 4261 αὐτῶν,
1561 4199 1674 4262 τοῖς
1700 4194 1756 4249 δὲ
1788 4212 1879 4250 πι-

309 4282 535 4348 στώσεις
559 4283 657 4349 τὰς
687 4286 787 4349 σὰς
818 4284 1172 4353 ἐπαγγελίας.
1216 4287 1361 4341 ’Λντὶ
1394 4287 1451 4341 δὲ
1485 4285 1600 4351 τοῦ,
1627 4287 1738 4341 Καὶ
1765 4285 1880 4355 τὴν

305 4374 695 4445 δικαιοσύνην
712 4393 828 4433 σου
860 4378 985 4445 τοῖς
1014 4377 1217 4433 εὐθέσι
1250 4376 1325 4448 τῇ
1350 4378 1579 4448 καρδίᾳ,
1601 4381 1629 4434 6
1654 4375 1724 4432 Σύ
1733 4397 1880 4452 μμα-

305 4480 416 4539 χος,
447 4468 555 4522 Καὶ
607 4469 723 4538 τὴν
788 4469 1208 4540 ἐλεημοσύνην
1231 4487 1347 4526 σου
1373 4470 1496 4539 τοῖς
1523 4472 1740 4539 ἁπλοῖς
1763 4471 1878 4541 τὴν

2062 3731 2226 3791 Vens.
2299 3736 2359 3791 Η
2384 3767 2410 3778 -
2442 3738 2531 3794 15.
2602 3737 2879 3794 Prwtende
2936 3737 3355 3793 misericordiam
3416 3746 3563 3793 tuam

1988 3828 2271 3882 scientibus
2322 3838 2388 3893 te,
2419 3838 2469 3884 et
2509 3830 2777 3900 justitiam
2832 3838 2977 3885 tuam
3026 3831 3093 3885 iis
3138 3832 3229 3901 qui
3270 3840 3410 3887 recto
3437 3838 3564 3887 sunt

1988 3920 2161 3975 corde.
2193 3916 2576 3977 Nescientibus
2600 3921 2768 3977 Deum
2796 3930 3147 3993 temporanea
3184 3924 3561 3982 misericordia

1988 4013 2124 4079 erit;
2156 4021 2208 4068 at
2241 4013 2524 4069 scientibus
2555 4024 2623 4079 te,
2663 4001 2933 4080 Salvator,
2967 4017 3232 4086 praetende
3258 4018 3561 4073 misericor-

1987 4102 2133 4156 diam
2163 4112 2308 4156 tuam
2336 4112 2387 4157 et
2409 4103 2680 4172 justitiam
2712 4112 2878 4169 tuam,
2912 4119 3019 4174 qua
3041 4119 3142 4175 pro
3173 4121 3354 4161 rerum
3385 4107 3562 4178 digni-

1983 4202 2094 4249 tate
2112 4193 2386 4264 judicans,
2405 4195 2527 4251 aliis
2549 4195 2846 4251 secundum
2866 4208 3029 4267 opera
3054 4210 3241 4250 eorum
3265 4198 3555 4264 retribues,

1984 4288 2107 4344 aliis
2136 4288 2401 4358 promissa
2429 4297 2524 4343 tua
2548 4287 2919 4344 conﬁrmabis.
2963 4286 3071 4343 Pro
3097 4288 3190 4342 illo
3221 4295 3400 4343 autem
3434 4306 3449 4343 :
3485 4288 3558 4345 Et

1975 4380 2245 4450 justitiam
2297 4389 2443 4435 tuam
2480 4381 2552 4435 iis
2601 4381 2690 4451 qui
2738 4389 2878 4435 recto
2927 4390 3049 4435 sunt
3079 4379 3268 4442 corde;
3302 4379 3555 4452 Symma-

1982 4475 2120 4530 chus
2152 4493 2166 4529 :
2200 4473 2270 4528 Et
2308 4474 2731 4529 misericordiam
2777 4472 3104 4543 simplicibus
3155 4473 3332 4538 corde,
3363 4473 3552 4532 edidit.

305 4559 583 4629 καρδίαν,
635 4562 887 4629 ἐξέδωκε.
939 4562 1038 4632 Μὴ
1078 4564 1299 4620 ἐλθέτω
1340 4581 1443 4635 μοι
1491 4565 1644 4632 ποῦς
1694 4567 1877 4635 ὑπερ-

1990 4563 2110 4621 Νοη
2141 4565 2315 4622 ueniat
2343 4567 2474 4621 mihi
2494 4582 2584 4636 pes
2622 4564 2901 4635 superbire,
2935 4575 2985 4621 et
3032 4582 3221 4620 manus
3263 4575 3553 4636 peccatoris

303 4654 581 4721 ηφανίας,
623 4653 720 4707 καὶ
759 4654 887 4723 χεὶρ
921 4652 1280 4725 ἁμαρτωλῶν
1308 4654 1396 4726 μὴ
1440 4658 1738 4712 σαλεύσαι
1777 4674 1874 4728 με.

317 4743 477 4799 Ἐκεῖ
502 4743 728 4800 ἔπεσον
757 4749 811 4800 οι
842 4746 1214 4818 ἐργαζόμενοι
1241 4748 1355 4816 τὴν
1382 4750 1655 4821 ἀνομίαν.
1706 4750 1875 4817 Ὲξώ-

304 4839 547 4903 σθησαν
601 4836 700 4891 καὶ
752 4838 825 4893 οὐ
870 4837 956 4909 μὴ
1008 4838 1377 4908 δυνήσονται
1430 4841 1670 4912 στῆναι.
1724 4842 1876 4915 Μηδὲ

303 4928 613 5001 κτησαίμην
635 4930 792 5003 χεῖρα
812 4932 907 4985 καὶ
926 4931 1153 5004 πράξεις
1174 4933 1511 5006 ἁμαρτωλῶν
1530 4952 1545 4967 ο
1578 4935 1749 4990 ταῦτα
1767 4936 1875 5009 γὰρ

307 5020 547 5076 σαλεύειν
615 5021 771 5075 εἴωθε
808 5024 903 5078 καὶ
957 5026 1265 5096 μετακινεῖν
1309 5025 1410 5097 τῆς
1465 5027 1613 5099 παρὰ
1660 5030 1744 5083 σοὶ
1795 5028 1876 5100 τῷ

303 5116 420 5188 Θεῷ
464 5115 707 5181 στάσεως
755 5118 879 5181 τοὺς
923 5118 1004 5181 είς
1048 5117 1109 5171 τὸ
1139 5114 1329 5182 σκότος
1361 5116 1422 5171 τὺ
1451 5117 1713 5191 ἐξώτερον
1745 5119 1875 5185 ἐξω-

306 5210 681 5283 σθησομένους.
711 5209 858 5264 Ἀντὶ
893 5209 949 5264 δὲ
981 5209 1104 5264 τοῦ’
1146 5204 1307 5265 Ἐκεῖ
1322 5210 1567 5277 ἔπεσον,
1594 5214 1622 5266 6
1652 5212 1880 5284 Σύμμαέ

303 5319 413 5374 χος,
460 5300 611 5357 ὅπου
640 5303 963 5379 πίπτουσιν
985 5305 1038 5357 οἱ
1065 5301 1433 5374 ἐργαζόμενοι
1466 5302 1582 5374 τὴν
1618 5302 1878 5370 ἀδικίαν,

304 5390 548 5458 ἐξέδωκε.
573 5393 664 5465 Μὴ
692 5393 800 5468 γὰρ
827 5390 1104 5464 γενοίμην,
1136 5393 1321 5465 φησὶν,
1350 5394 1483 5457 ἐκεῖ,
1515 5392 1644 5447 ἔνθα
1685 5393 1735 5447 οἱ
1778 5410 1873 5447 σα-

301 5483 579 5550 λευθέντες
620 5485 898 5548 πίπτουσι,
946 5485 1040 5540 καὶ
1090 5485 1345 5550 πεσόντες
1381 5484 1727 5551 ὲξωθοῦνται,
1776 5483 1870 5539 καὶ

304 5574 620 5641 ιξωσθέντες
639 5576 819 5631 οὐκέτι
845 5576 1155 5630 ἐπανελθεῖν
1178 5576 1509 5649 δυνήσονται.
1541 5576 1868 5641 ’Δκολούθως

1983 4674 2087 4714 non
2117 4667 2318 4714 moveat
2348 4676 2447 4714 me.
2481 4656 2565 4713 Ibi
2594 4658 2889 4714 ceciderunt
2918 4658 3008 4729 qui
3030 4666 3316 4727 operantur
3359 4657 3553 4727 iniqui-

1985 4761 2165 4818 tatem,
2198 4753 2406 4824 expulsi
2450 4759 2592 4819 sunt,
2620 4769 2712 4808 nec
2758 4757 3003 4821 poterunt
3052 4759 3214 4805 stare.
3241 4747 3321 4806 Ne
3355 4764 3552 4808 manus

1980 4853 2033 4902 et
2082 4852 2231 4916 gesta
2283 4853 2632 4916 peccatorum
2659 4842 2934 4899 obtineam
2966 4860 2980 4896 :
3014 4840 3130 4896 haec
3157 4840 3359 4912 quippe
3383 4855 3550 4895 excu-
3586 4914 3591 4919 ἡ

1981 4944 2096 4992 tere
2129 4937 2305 4992 solent
2331 4943 2385 4991 et
2418 4950 2698 4991 rem0vere
2747 4935 2844 4990 abs
2869 4941 2922 4989 te
2951 4947 3047 4990 eos
3075 4931 3166 5003 qui
3204 4931 3258 4986 in
3294 4931 3552 4987 tenebras

1977 5032 2279 5087 exteriores
2321 5029 2688 5100 depelluntur.
2719 5025 2827 5082 Pro
2853 5028 2948 5082 illo
2978 5032 3158 5080 autem
3187 5041 3202 5077 :
3235 5022 3321 5077 Ibi
3353 5022 3548 5078 cecide-
3579 5022 3589 5041 ‘

1977 5132 2119 5187 runt,
2158 5122 2518 5196 Symmachus
2538 5121 2730 5186 edidit,
2772 5121 2864 5175 ubi
2913 5117 3110 5174 cadunt
3149 5116 3237 5190 qui
3264 5124 3550 5186 operantur

1978 5216 2330 5286 iniquitatem.
2356 5213 2452 5276 Ne,
2481 5213 2680 5284 inquit,
2711 5227 2777 5268 eo
2821 5213 2878 5267 in
2926 5212 3049 5265 loco
3099 5210 3225 5273 sim,
3256 5222 3364 5279 quo
3393 5221 3544 5262 com-

1979 5304 2113 5359 moti
2141 5304 2365 5367 cadunt,
2392 5304 2532 5375 lapsi
2564 5301 2933 5373 expelluntur,
2959 5299 3174 5370 expulsi
3204 5296 3411 5368 regredi
3435 5308 3543 5351 non

1978 5403 2253 5466 poterunt.
2286 5394 2413 5450 Haec
2457 5403 2636 5449 autem
2687 5397 3085 5461 consequenter
3138 5388 3352 5453 eﬂatur,
3390 5394 3539 5456 post-

1975 5503 2138 5558 quam
2171 5487 2266 5559 qui
2296 5487 2420 5542 ﬁnis
2447 5486 2551 5542 erit
2580 5496 2790 5546 eorum,
2821 5483 2914 5553 qui
2940 5480 2999 5535 in
3035 5481 3256 5552 tegmine
3286 5478 3377 5534 Det
3413 5492 3536 5549 spe-

1975 5578 2239 5644 raverint,
2275 5575 2587 5648 descripsit,
2617 5579 2899 5646 resumpta
2927 5571 3102 5643 impii,
3136 5571 3229 5643 qui
3261 5569 3420 5626 initio
3449 5567 3538 5626 di-

369 5843 416 5875 ³⁸
451 5839 609 5903 Rom.
641 5858 706 5909 ι,
738 5841 792 5898 5.
864 5843 912 5875 "
949 5839 1097 5900 Psah
1130 5855 1272 5909 ιιν.
1306 5840 1389 5898 5.’
1441 5840 1487 5875 ⁸ο
1514 5838 1667 5897 'Psal.
1702 5855 1858 5908 utv,

2059 5840 2102 5873 “
2142 5837 2300 5895 Joan.
2354 5852 2477 5906 xw,
2511 5840 2569 5895 6.
2648 5836 2694 5870 “
2730 5833 2889 5895 Joan.
2925 5852 2977 5903 ι,
3017 5834 3131 5901 3,6.
