4100 6396
588 372 695 430 323

1290 374 1556 435 EUSEBII
1594 376 2071 439 CESARIENSIS
2107 381 2255 439 OPP.
2293 384 2474 442 PARS
2508 387 2599 443 lll.
2638 414 2708 431 -ι
2744 391 3153 454 EXEGETICA.

3726 402 3836 461 336

584 490 741 547 cebat
768 492 823 547 in
845 492 1118 562 semetipso
1151 502 1209 548 ut
1240 486 1582 569 delinquant,
1614 500 2007 572 hominumque
2051 501 2121 572 ips

2226 503 2315 565 ,δὲ
2360 506 2497 560 αὐτά
2541 506 2667 579 ἔφη,
2728 508 2867 581 μετὰ
2912 508 2973 566 τὸ
3005 511 3315 586 ὑπογράψαι
3358 510 3537 568 όποῖον
3586 515 3738 570 ἔσται
3770 524 3837 576 τὸ

582 583 864 649 similium,
898 587 1181 641 membria.

2255 595 2407 661 τέλος
2457 597 2565 652 τῶν
2617 601 2674 652 ὲν
2693 604 2758 673 τῇ
2801 601 2978 675 σκέπῃ
3013 604 3106 659 τοῦ
3139 606 3271 659 Θεοῦ
3298 606 3604 677 ὴλπικότων
3632 607 3832 664 ὲπανα-

578 678 869 750 λαμὸἀνων
898 677 996 752 τὴν
1032 670 1250 753 μνήμην
1282 681 1375 737 τοῦ
1408 686 1527 739 κατ’
1554 682 1728 758 ἀρχὰς
1756 682 2104 761 παρανόμου,
2126 689 2186 755 ὃς
2221 691 2457 763 ἔφασκεν
2483 694 2553 748 ἐν
2584 670 2776 763 bauer;
2803 696 2908 752 τοῦ
2943 670 3333 769 ἆμαρτᾶνεὶν,
3358 702 3452 756 καὶ
3485 701 3595 756 τῶν
3639 701 3832 777 ἐκείνῳ

581 770 994 846 παραπλησίων.

1066 894 1119 950 ι.
1142 873 1421 952 ροΑνιοιε
1456 874 1694 956 XXXVI.

652 1000 784 1057 Noli
830 1003 1075 1058 aemulari
1113 1005 1169 1059 in
1219 1007 1657 1079 malignantibus,
1690 1026 1851 1085 neque
1898 1017 2148 1073 zelaoeris

2754 892 2892 961 ΤΟΥ
2936 900 3134 962 ΔΑῩΙΔ
3175 905 3313 980 Acr.

2312 1016 2408 1086 Μὴ
2447 994 2788 1086 παραξήλου
2820 1018 2892 1072 ἐν
2920 1000 3443 1091 πονηρευομένοις,
3470 1027 3626 1096 μηδὲ
3645 1018 3829 1096 ζήλου

573 1090 823 1153 facientes
870 1094 1220 1166 iniquitatem.
1260 1096 1399 1164 Quia
1450 1101 1507 1155 in
1559 1103 1886 1173 praecedenti
1940 1109 2121 1178 psalml

2247 1109 2389 1175 τοὺς
2447 1109 2768 1179 ποιοῦντας
2820 1108 2936 1180 τὴν
2985 1090 3262 1182 ἀνομίαν.
3331 1090 3552 1189 Ἐπείδῆ
3602 1090 3711 1193 γάῥ
3767 1123 3828 1179 ιν

575 1192 913 1251 peccatorem
937 1186 1229 1244 induxerat
1259 1206 1380 1248 sese
1410 1192 1478 1247 ad
1510 1206 1730 1265 peccata
1755 1200 2144 1267 concitantem,

570 1279 847 1349 vitamque
893 1279 1035 1351 ejus,
1070 1297 1286 1339 necnon
1317 1283 1480 1342 linem
1509 1288 1850 1361 exitiumque
1874 1292 2022 1348 illius
2048 1294 2143 1348 de-

569 1368 887 1439 scripserat,
918 1379 1315 1442 consequenter
1343 1374 1400 1429 in
1424 1375 1525 1431 hoc
1556 1379 1764 1449 psalmo
1805 1380 2051 1437 hortatur
2073 1383 2142 1439 ad

515 1518 523 1531 ι
568 1460 925 1519 declinandos
966 1462 1336 1535 improborum
1380 1483 1584 1536 mores,
1614 1481 1667 1526 et
1698 1486 1808 1528 non
1836 1476 2140 1532 aemulanda

567 1566 758 1607 eorum
803 1568 989 1624 Opera.
1045 1555 1314 1623 Quoniam
1359 1575 1490 1615 vero
1539 1562 1685 1617 aliud
1738 1572 1821 1620 est
1865 1567 2134 1635 aemulari,

564 1643 713 1698 aliud
756 1647 961 1714 zelare;
992 1646 1143 1702 dicas
1192 1650 1470 1705 concitare
1499 1661 1554 1706 et
1579 1652 1647 1708 ad
1686 1655 2010 1728 zelotypiam
2057 1660 2141 1714 in-

536 1735 821 1803 'cendere,
856 1738 910 1792 id
950 1754 1071 1796 esse
1111 1741 1377 1798 mmulari.
1409 1742 1591 1810 Quare
1628 1746 1827 1819 Aquila
1856 1751 1937 1807 sic
1964 1752 2135 1808 inter-

562 1826 958 1896 pretatur:Ne
999 1828 1197 1884 dimica
1242 1848 1362 1886 cum
1407 1834 1854 1906 malignantibus;
1891 1837 2137 1912 Symma-

559 1918 699 1975 chus
726 1935 855 1976 vero
882 1939 895 1976 :
926 1920 1009 1976 Ne
1042 1923 1301 1979 altercare
1345 1942 1465 1980 cum
1503 1930 1783 1999 male/icit.
1817 1931 1932 1987 Hoc
1974 1949 2138 2004 porro

556 2007 766 2065 dictum
810 2026 877 2067 ex
927 2012 1014 2068 his
1055 2014 1368 2088 intelligas:
1398 2017 1511 2088 Ipsi
1541 2037 1621 2074 me
1645 2034 2054 2090 prouocauerunt
2082 2026 2136 2080 in

554 2118 617 2156 eo
648 2105 739 2174 qui
770 2121 875 2159 non
900 2116 1015 2161 erat
1052 2107 1215 2175 Deus,
1245 2120 1297 2165 et
1323 2112 1670 2168 irritaverunt
1698 2116 1753 2170 in
1782 2117 1939 2172 idolis
1969 2121 2079 2173 suis
2115 2135 2134 2174 :

553 2202 609 2249 et
631 2211 723 2267 ego
742 2198 1039 2267 provocabo
1067 2218 1155 2256 eos
1184 2202 1241 2256 in
1266 2220 1327 2258 eo
1353 2206 1444 2275 qui
1470 2223 1573 2261 non
1602 2217 1681 2262 est
1721 2212 1967 2278 populus,
2000 2222 2049 2266 et
2078 2212 2134 2266 in

555 2299 706 2360 gente
731 2291 1009 2361 insipiente
1038 2294 1266 2351 irritabo
1327 2298 1451 2352 illos
1470 2300 1534 2353 ⁸³.
1559 2301 1853 2371 Apostolus
1872 2306 1999 2361 item
2028 2305 2135 2362 Co-

556 2380 780 2437 rinthiis
814 2383 1059 2441 scribens
1085 2387 1158 2441 ita
1186 2388 1429 2458 loquitur
1452 2411 1465 2446 :
1492 2391 1576 2446 An
1604 2394 1920 2450 wmulamur
1951 2397 2134 2454 Domi-

553 2488 681 2526 num
713 2471 1007 2546 .9Nunquid
1036 2477 1282 2546 fortiores
1322 2482 1417 2537 illo
1448 2501 1629 2538 sumus
1652 2485 1733 2539 “‘l
1759 2486 1920 2543 Zelus
1950 2498 2132 2545 autem

554 2582 653 2623 seu
707 2568 962 2623 voluntas
1023 2572 1331 2643 cujuSpiam
1380 2576 1722 2647 adipiscendi
1769 2581 1824 2635 id
1872 2583 2018 2652 quod
2074 2584 2131 2639 in

552 2658 805 2727 proximo
828 2675 951 2718 esse
976 2663 1297 2730 arbitratur,
1324 2666 1468 2721 bona
1494 2678 1602 2724 est.
1633 2669 1728 2726 Est
1752 2673 1893 2729 alius
1918 2675 2131 2731 medius

550 2751 724 2817 zelus,
764 2753 1089 2826 plerumque
1122 2758 1249 2814 talis
1275 2761 1491 2830 qualem
1519 2762 1785 2819 describit
1816 2766 1960 2822 idem
1993 2782 2128 2839 apo-

547 2844 724 2901 stolus
779 2845 866 2903 his
899 2848 1081 2904 verbis
1116 2867 1130 2905 :
1163 2848 1517 2906 zEmulantur
1571 2872 1660 2910 vos
1710 2874 1813 2912 non
1862 2857 2006 2924 bene,
2037 2861 2128 2916 sed

546 2935 822 2992 excludere
848 2955 936 2994 vos
972 2940 1234 2996 uolunt“.
1272 2941 1480 3000 Invidia
1512 2962 1643 3004 sane
1673 2965 1950 3020 nunquam
1983 2953 2126 3009 bona

548 3042 674 3084 esse
700 3039 898 3099 queat;
928 3045 1054 3085 nam
1088 3032 1244 3088 dolor
1260 3042 1345 3089 est
1370 3036 1439 3090 de
1464 3040 1743 3110 prOSperis
1776 3043 2009 3112 proximi
2040 3061 2127 3102 re-

550 3118 654 3175 bus
680 3137 694 3175 :
720 3121 872 3178 zelus
921 3138 1053 3178 vero
1099 3125 1373 3181 interdum
1426 3129 1626 3197 bonus,
1661 3133 1741 3187 uti
1779 3135 2120 3194 tradidimus.

2244 1203 2442 1275 ἐκείνῳ
2483 1204 2672 1277 εἰσῆγε
2711 1205 2803 1260 τὸν
2849 1207 3165 1278 παράνομον
3216 1211 3587 1283 παρορμῶντα
3636 1213 3828 1272 ἑαυτὸν

2246 1297 2326 1359 είς
2360 1296 2654 1367 ἁμαρτίας,
2687 1296 2780 1352 τόν
2804 1314 2865 1351 τε
2895 1298 3008 1369 βίον
3036 1298 3318 1373 ὑπέγραφε
3344 1302 3439 1356 τοῦ
3470 1303 3709 1359 τοιούτου
3732 1307 3827 1365 καὶ

2245 1386 2307 1439 τὸ
2342 1386 2496 1450 τέλος
2521 1386 2622 1458 τῆς
2646 1390 3028 1460 καταστροφῆς
3056 1389 3239 1444 αὑτοῦ·
3281 1392 3587 1459 ἀκολούθως
3620 1399 3710 1452 ἐπὶ
3731 1397 3825 1455 τοῦ

2248 1479 2514 1551 παρόντος
2568 1483 2823 1552 παραινεῖ
2887 1480 3108 1551 φεύγειν
3155 1484 3283 1547 τοὺς
3338 1483 3449 1539 τῶν
3495 1489 3825 1559 παρανόμων

2246 1571 2500 1643 τρόπους,
2540 1573 2674 1643 μηδὲ
2715 1572 2811 1637 τὰς
2842 1573 3060 1644 ὁμοίους
3109 1574 3288 1627 αὐτῶν
3330 1577 3556 1645 πράξεις
3605 1580 3821 1652 ζηλοῦν.

2260 1663 2412 1717 Ἐπεὶ
2435 1663 2479 1717 δ’
2506 1663 2691 1735 ἕτερόν
2713 1664 2944 1718 ὲστιτοῦ
2979 1663 3173 1734 ζηλοῦν
3190 1666 3251 1719 τὸ
3270 1666 3634 1741 παραζηλοῦν,
3655 1673 3821 1743 ἐρεῖς,

2238 1754 2320 1807 ὅτι
2356 1753 2418 1807 τὸ
2458 1744 2720 1825 ἐρεθίζειν
2758 1754 2853 1807 καὶ
2882 1756 2960 1818 εἰς
2994 1755 3321 1826 ζηλοτυπίαν
3366 1759 3620 1831 ἐγείρειν,
3664 1762 3823 1818 τοῦτό

2242 1848 2358 1899 ἐστι
2381 1845 2442 1900 τὸ
2472 1844 3004 1917 παραζηλοῦν.”Οθεν
3031 1848 3059 1900 6
3088 1848 3185 1918 μὲν
3200 1848 3429 1913 Ἀκύλας
3451 1852 3817 1924 ἡρμήνευσενο

2237 1937 2335 2006 Μὴ
2366 1936 2653 2007 ιἰαμάχου
2681 1938 2751 1993 ἐν
2782 1937 3286 2008 πονηρευομένοις
3304 1958 3318 1972 ·
3346 1943 3375 1994 6
3408 1940 3465 1994 δὲ
3490 1942 3783 2015 Σύμμαχος
3801 1962 3816 1976 -

2235 2028 2333 2098 Μὴ
2368 2031 2695 2107 φιλονείκει
2742 2031 3119 2099 κακούργοις.
3164 2031 3396 2103 Νοήσεις
3424 2033 3481 2087 δὲ
3507 2035 3569 2088 τὸ
3595 2036 3820 2108 εἰρημέ-

2234 2137 2324 2173 νον
2373 2120 2468 2174 καὶ
2507 2102 2613 2174 ἀπὸ
2652 2123 2777 2175 τοῦδ
2805 2122 2982 2175 Αὐτοὶ
3030 2102 3460 2193 παρεζήλωσάν
3484 2144 3562 2196 με
3609 2102 3819 2186 ἐπ’-ὀὐ

2237 2209 2387 2277 Θεῷ,
2417 2212 2800 2283 παρὼργισάν
2844 2232 2921 2283 με
2973 2214 3042 2267 ὲν
3095 2215 3219 2280 τοῖς
3269 2216 3541 2285 εἰδώλοις
3586 2222 3815 2277 αὐτῶν*

2234 2304 2397 2374 κάγὼ
2437 2304 2842 2373 παραζηλώσω
2886 2306 3109 2373 αὐτοὺς
3168 2308 3259 2360 ἐπ’
3311 2311 3423 2364 οὐκ
3477 2311 3670 2368 ἔθνει·
3722 2317 3815 2371 ἐπ’

2232 2397 2389 2450 ἔθνει
2422 2396 2694 2462 ἀσυνέτῳ
2716 2396 3012 2466 παροργιῶ
3039 2401 3281 2465 αὐτούς.
3306 2401 3461 2455 Οὕτω
3494 2406 3587 2459 καὶ
3613 2407 3641 2459 6
3657 2408 3819 2463 Ἀπό-

2235 2485 2417 2548 στολος
2460 2486 2683 2557 γράφων
2728 2486 3035 2557 Κορινθίοις
3078 2488 3263 2557 ἔλεγεν
3284 2507 3297 2519 °
3348 2492 3421 2548 Ἢ
3446 2495 3820 2566 παραζηλοῦ-

2226 2598 2342 2649 μεν
2377 2581 2482 2634 τὸν
2535 2583 2787 2649 Κύριον;
2838 2583 2937 2651 Μὴ
2969 2586 3337 2655 ἰσχυρότεροι
3370 2589 3556 2643 αὑτοῦ
3592 2591 3781 2662 ἐσμεν
3792 2608 3818 2661 ;

2232 2673 2306 2725 Τὸ
2349 2673 2406 2726 δὲ
2447 2671 2641 2744 ζηλοῦν
2693 2672 2788 2727 τοῦ
2845 2673 3127 2744 βούλεσθαι
3159 2679 3252 2731 καὶ
3283 2680 3459 2751 ἑαυτῷ
3488 2683 3753 2755 ὑπάρχειν
3784 2682 3817 2741 ὃ

2231 2764 2440 2834 νομίζει
2469 2764 2545 2834 τῷ
2578 2765 2747 2829 πέλας
2780 2768 3059 2838 παρεῖναι,
3087 2766 3309 2837 ἀγαθόν.
3345 2771 3451 2825 Kal.
3479 2773 3595 2828 ἔστι
3628 2775 3688 2829 τὸ
3714 2775 3816 2850 ζη-

2227 2853 2351 2908 λοῦν
2378 2850 2566 2925 μέσον’
2601 2856 2857 2922 πολλάκις
2899 2859 3009 2930 γὰρ
3058 2859 3087 2912 6
3133 2858 3293 2931 ζῆλος
3331 2865 3460 2934 περὶ
3494 2858 3557 2918 οὗ
3593 2868 3622 2920 6
3648 2869 3815 2934 αὐτός

2228 2962 2421 3016 φησιν’
2454 2947 2764 3015 Ζηλοῦσιν
2792 2947 2949 3018 ὑμᾶς
2978 2953 3051 3005 οὐ
3084 2951 3303 3020 καλῶς,
3334 2955 3470 3009 ἀλλ’
3503 2958 3810 3017 ἐκκλεῖσαι

2226 3035 2379 3105 ὑμᾶς
2412 3035 2929 3105 θέλουσιν.Φθόνος
2969 3041 3068 3112 μὲν
3100 3037 3190 3097 οὖν
3219 3044 3319 3097 οὐκ
3352 3044 3418 3099 ἂν
3442 3046 3652 3114 γένοιτό
3676 3067 3810 3105 ποτε

2225 3127 2458 3197 ἀγαθός·
2493 3128 2635 3201 λύπη
2663 3130 2771 3201 γάρ
2801 3133 2950 3185 ἐστιν
3004 3132 3098 3186 ἐπὶ
3149 3136 3214 3205 τῇ
3268 3135 3360 3188 τοῦ
3400 3137 3567 3203 πέλας
3597 3141 3807 3212 εὖπραι

551 3206 652 3265 Hic
700 3224 887 3281 porro,
918 3214 1218 3269 secundum
1269 3216 1547 3287 Aquilam,
1590 3236 1703 3276 non
1750 3223 2121 3281 dimicandum

2226 3212 2350 3285 γίαο
2380 3215 2539 3287 ζῆλος
2579 3216 2637 3270 δέ
2672 3220 2821 3272 ἐστιν
2853 3220 2942 3273 ὅτε
2974 3220 3184 3289 γίνεται
3220 3225 3422 3293 ἀγαθὸς
3453 3226 3635 3292 καθὼς
3666 3206 3805 3284 ἀπο-

545 3313 671 3357 esse
693 3315 819 3356 cum
850 3304 1273 3374 malignantibus
1294 3318 1510 3379 monet;
1537 3313 1838 3369 secundum
1870 3314 2119 3388 Symma-

545 3390 733 3458 chum,
767 3410 875 3449 non
912 3396 1289 3454 altercandum
1341 3416 1464 3456 cum
1496 3406 1795 3475 maleﬁcia;
1821 3409 2119 3467 secundum

542 3484 793 3552 quintam
827 3483 1146 3553 editionem,
1175 3504 1286 3545 non
1334 3488 1538 3547 iri-itari
1568 3502 1823 3565 oportere
1852 3514 1974 3554 cum
2002 3516 2120 3556 ma-

542 3574 876 3647 lignantibus
895 3596 909 3645 ;
928 3581 1227 3636 secundum
1248 3598 1378 3639 vero
1401 3584 1546 3640 LXX
1569 3606 1582 3641 :
1608 3586 1730 3643 Noli
1757 3592 1997 3647 aemulari
2023 3609 2119 3650 ne-

541 3680 652 3736 que
697 3668 990 3734 concitari,
1021 3670 1068 3726 si
1111 3673 1248 3729 alios
1281 3676 1424 3731 male
1453 3687 1674 3748 agentes
1701 3681 1910 3749 videas,
1940 3699 2118 3756 neque

541 3764 598 3812 te
622 3759 900 3814 concitent
933 3761 1165 3831 improbi
1202 3780 1461 3836 prospere
1489 3779 1733 3840 agentes,
1771 3781 1831 3828 ut
1876 3783 1936 3830 tu
1976 3792 2118 3847 quo-

541 3864 650 3920 que
703 3850 839 3906 velis
892 3868 1007 3907 rem
1056 3854 1197 3912 bene
1241 3873 1451 3928 gerere.
1494 3860 1535 3914 li
1556 3877 1791 3934 namque
1816 3864 1871 3921 in
1903 3882 1962 3922 re
1990 3882 2116 3938 pro-

539 3955 701 4010 spera
752 3947 807 3995 et
848 3941 905 3996 in
954 3942 1170 4000 deliciis
1218 3957 1443 4017 agentes
1472 3956 1525 4007 te
1551 3951 1848 4024 instigant;
1874 3963 1929 4011 at
1955 3969 2014 4011 tu
2046 3973 2114 4014 ne

537 4030 812 4087 aemuleris
846 4047 1024 4103 neque
1054 4035 1367 4103 concitaris,
1401 4040 1497 4095 sed
1529 4057 1707 4113 neque
1731 4044 1993 4102 zelaveris
2028 4046 2113 4102 la-

536 4123 745 4181 cientes
786 4124 1164 4197 iniquitatem;
1205 4144 1275 4185 ne
1313 4131 1502 4189 beatos
1532 4136 1796 4206 praedices
1828 4138 1973 4205 illos,
2005 4156 2112 4197 neu

536 4226 695 4288 putes
723 4218 780 4272 in
806 4218 966 4275 bouis
991 4221 1203 4276 versari
1230 4241 1242 4276 :
1268 4238 1371 4280 nec
1410 4226 1530 4295 pari
1572 4228 1733 4284 modo
1769 4244 1884 4286 rem
1921 4248 2111 4303 gerere

534 4316 786 4380 exoptes.

607 4482 774 4540 Vsus.
807 4484 969 4541 2-9.
1022 4480 1285 4555 Quoniam
1340 4501 1592 4564 tanquam
1637 4497 1815 4566 fenum
1868 4496 2110 4557 velociter

2224 3302 2555 3376 δεδώκαμεν.
2602 3308 2861 3363 Ἐνταῦθα
2889 3311 2946 3364 δὲ
2973 3314 3001 3365 6
3028 3311 3182 3382 λόγος
3213 3315 3351 3369 κατά
3392 3317 3489 3387 μὲν
3514 3318 3605 3371 τὸν
3641 3322 3803 3376 Ἀκύ-

2223 3396 2321 3451 λαν
2371 3399 2446 3470 μὴ
2509 3400 2871 3473 διαμάχεσθαι
2928 3405 2987 3457 ὲν
3041 3407 3495 3480 πονηρευομένοις
3527 3416 3800 3483 παραινεῖ,

2223 3488 2362 3542 κατὰ
2408 3491 2466 3544 δὲ
2514 3492 2827 3574 Σύμμαχον,
2865 3496 2941 3568 μὴ
2973 3498 3296 3567 φιλονεικεῖν
3344 3502 3402 3555 ἐν
3450 3504 3799 3575 κακούργοις,

2222 3583 2364 3637 κατά
2405 3582 2460 3637 δὲ
2506 3584 2604 3657 τὴν
2647 3587 2904 3660 πέμπτην
2953 3589 3184 3654 ἔκδοσιν,
3240 3593 3314 3664 μὴ
3362 3594 3698 3665 ἐρεθίζεσθαι
3742 3599 3802 3652 έν

2222 3675 2701 3746 πονηρευομένοις·
2755 3678 2895 3731 κατὰ
2950 3679 3007 3732 δὲ
3056 3682 3183 3746 τοὺς
3243 3682 3662 3756 Ἐὄδομήκοντα’
3707 3687 3802 3757 Μὴ

2222 3763 2545 3836 παροξύνου,
2582 3768 2737 3838 φησὶ,
2771 3768 2904 3839 μηδὲ
2952 3771 3195 3841 ὲρεθίζου
3225 3773 3365 3844 ὀρῶν
3394 3774 3613 3846 ἑτέρους
3639 3794 3803 3849 πονη-

2224 3857 2542 3939 ρευομένους
2561 3876 2574 3889 ο
2603 3860 2740 3932 μηδέ
2768 3879 2827 3915 σε
2856 3864 3216 3934 ἐγειρέτωσαν
3240 3865 3619 3939 εὐθηνούμενοι
3641 3869 3803 3923 κακοὶ

2219 3948 2310 4002 ἐπὶ
2336 3934 2395 4003 τὸ
2427 3935 2520 4004 καὶ
2546 3951 2751 4007 ἐθέλειν
2783 3953 2983 4025 ὁμοίως
3012 3956 3198 4018 αὐτοῖς
3218 3934 3533 4027 εὐπραγεέν.
3571 3958 3800 4013 Ἐκεῖνοι

2221 4039 2317 4109 μὲν
2356 4039 2463 4115 γὰρ
2495 4040 2877 4115 εὐθηνούμενοι
2927 4043 3019 4096 κοιλ¹
3072 4042 3382 4113 τρυφῶντες
3428 4044 3800 4115 παραζηλοῦσί

2219 4146 2279 4207 σε
2298 4147 2310 4159 ·
2348 4131 2411 4185 σὺ
2442 4130 2499 4184 δὲ
2531 4132 2605 4205 μὴ
2638 4131 2957 4204 παραζήλου
2986 4131 3121 4201 μηδὲ
3146 4129 3480 4202 παροξύνου⁶
3503 4133 3639 4187 ἀλλά
3662 4136 3799 4207 μηδὲ

2216 4206 2378 4293 ζήλου
2395 4223 2519 4285 τοὺς
2536 4222 2821 4285 ποιοῦντας
2846 4222 3094 4292 ἀνομίαν,
3121 4221 3255 4292 μηδὲ
3281 4222 3552 4294 μακάριζε
3578 4206 3795 4295 αὐτοῦς,

2216 4314 2308 4367 καλ¹
2334 4315 2390 4367 ὲν
2416 4314 2639 4383 ἀγαθοῖς
2683 4310 2822 4367 εἶναι
2865 4311 3083 4383 νόμιζε·
3127 4311 3248 4385 μηδ¹
3279 4312 3439 4385 εὔχου
3473 4316 3567 4370 καὶ⁵
3601 4318 3795 4373 σαυτὸν

2214 4405 2413 4477 ὁμοίως
2444 4406 2626 4469 αὐτοῖς
2657 4405 2933 4477 πράττειν.

2289 4499 2419 4551 Ὅτι
2463 4497 2606 4551 ὠσει
2673 4498 2881 4566 χόρτος
2963 4496 3110 4568 ταχὺ
3168 4496 3787 4570 ἀποξηρανθήσονται.

534 4585 792 4634 arescent.
867 4577 1071 4636 Deinde
1141 4597 1363 4639 causam
1424 4589 1633 4657 aperit,
1713 4590 1933 4660 dicens,
1986 4597 2115 4664 quia

2226 4586 2351 4642 Εἶτα
2377 4588 2475 4658 τὴν
2508 4586 2686 4641 αἰτίαν
2712 4586 2970 4653 διδάσκει,
2996 4586 3187 4657 λέγων,
3216 4589 3298 4643 ὅτι
3329 4590 3391 4643 τὸ
3416 4592 3569 4656 τέλος
3610 4593 3789 4648 αὐτῶν

533 4667 658 4726 ﬁnis
707 4670 924 4727 illorum
968 4674 1115 4740 talis,
1170 4677 1347 4746 qualis
1400 4678 1510 4735 feni
1566 4682 1745 4738 exitus
1782 4692 1901 4751 est;
1960 4685 2107 4755 quod

532 4772 659 4813 cum
706 4758 1101 4833 aliquantisper
1137 4764 1401 4832 ﬂoruerit,
1431 4767 1691 4825 velociter
1716 4770 1932 4826 arescit.
1966 4768 2105 4826 Nam

533 4852 705 4905 omnis
733 4868 859 4908 caro
884 4854 1084 4923 fenum,
1114 4866 1163 4911 et
1189 4861 1359 4915 omnis
1383 4860 1560 4932 gloria
1587 4862 1700 4931 ejus
1722 4862 1874 4933 quasi
1902 4863 2001 4932 ﬂos
2027 4863 2104 4932 fe-

530 4943 607 4998 ni.
647 4941 990 5002 Exsiccatum
1038 4960 1115 5005 est
1170 4950 1367 5017 fenum,
1415 4962 1464 5007 et
1515 4953 1614 5021 ﬂos
1668 4952 1940 5011 decidit“.
1994 4954 2102 5012 Sed

526 5035 718 5100 etiam,
752 5039 1191 5107 quemadmodum
1223 5042 1370 5097 olera
1399 5041 1680 5097 herbarum
1708 5044 1813 5098 cito
1842 5044 2099 5102 decident.

529 5126 610 5183 Ne
659 5128 880 5198 quidem
923 5129 1070 5202 digni
1116 5141 1244 5188 sunt
1291 5133 1384 5203 qui
1424 5133 1666 5189 oleribus
1693 5135 1748 5189 in
1780 5141 1912 5206 agro
1940 5137 2103 5193 cultis

528 5229 933 5291 comparentur.
963 5223 1094 5290 Quae
1124 5239 1291 5279 causa
1319 5223 1486 5293 igitur
1522 5226 1607 5279 est
1637 5240 1735 5280 cur
1757 5242 1852 5283 eos
1878 5229 2103 5285 aemule-

526 5330 674 5381 mur,
708 5315 802 5386 qui
832 5331 957 5371 cum
991 5317 1139 5372 brevi
1165 5324 1408 5386 tempore
1432 5316 1737 5382 ﬂoruerint,
1768 5334 1891 5375 cras
1920 5321 1973 5374 in
1998 5321 2098 5376 cli-

527 5401 731 5458 banum
780 5404 1084 5469 mittentur,
1117 5410 1177 5457 ut
1224 5404 1383 5460 docet
1431 5405 1680 5463 Salvator
1698 5408 1781 5461 ⁸τῖ
1833 5408 1997 5480 Spera
2042 5412 2099 5467 in

533 5495 776 5562 Domino,
808 5507 858 5552 et
887 5498 974 5567 fac
996 5496 1302 5562 bonitatem,
1328 5507 1377 5552 et
1405 5494 1644 5554 inhabita
1673 5510 1890 5567 terram,
1919 5512 1967 5558 et
2000 5521 2098 5574 pa-

524 5589 686 5644 sceris
712 5591 769 5643 in
794 5589 991 5644 divitiis
1021 5588 1155 5659 ejus.
1191 5589 1464 5648 Delectare
1489 5593 1543 5647 in
1580 5591 1823 5663 Domino,
1853 5606 1903 5651 et
1946 5596 2096 5652 dabit

2212 4680 2450 4734 τοιοῦτόν
2474 4681 2643 4745 ἐστιν,
2669 4678 2851 4734 ὁποῖον
2878 4679 2937 4733 τὸ
2973 4681 3065 4734 τοῦ
3094 4682 3286 4754 χόρτου
3304 4700 3317 4713 ·
3355 4684 3413 4748 ὃς
3444 4682 3579 4757 πρὸς
3613 4684 3790 4755 ὀλίγον

2211 4772 2470 4844 ἀνθήσας,
2516 4774 2653 4844 ταχὺ
2715 4771 3157 4846 ἀποξηραίνεται.
3219 4776 3394 4832 Πᾶσα
3462 4780 3571 4851 γὰρ
3631 4780 3790 4849 σὰρξ

2207 4866 2441 4935 χόρτος,
2472 4864 2572 4917 καὶ
2610 4862 2777 4920 πᾶσα
2804 4864 2954 4932 δόξα
2994 4866 3186 4935 αὐτῆς
3217 4860 3298 4936 ὡς
3322 4868 3506 4936 ἄνθος
3546 4870 3784 4939 κύρτου.

2221 4942 2548 5025 Ἐξηράνθη
2565 4950 2597 5010 ό
2617 4957 2850 5026 χόρτος,
2865 4958 2964 5013 καὶ
2989 4957 3057 5012 τὸ
3085 4951 3268 5022 ἄνθος
3282 4959 3594 5025 ἐξέπεσεν.
3625 4961 3787 5017 Ἀλλά

2208 5046 2322 5110 καὶ,
2344 5046 2488 5101 ὡσεὶ
2505 5046 2743 5118 λάχανα
2763 5051 2952 5119 χλόης
2981 5049 3133 5120 ταχὺ
3160 5046 3609 5107 ἀποπεσοῦνται
3627 5069 3642 5085 ο
3665 5054 3786 5108 οὐδὲ

2208 5138 2638 5210 γεωργουμένοις
2680 5139 2931 5212 λαχάνοις
2971 5136 3111 5209 ἄξιοί
3158 5143 3264 5197 εἱσι
3316 5143 3781 5216 παραϐάλλεσθαι.

2209 5230 2273 5283 Τί
2292 5225 2385 5284 οῦν
2414 5230 2561 5299 ἄξιον
2587 5226 2780 5303 ζηλοῦν
2805 5228 3046 5300 τούτους,
3071 5234 3119 5288 οἳ
3146 5234 3282 5309 πρὸς
3310 5235 3489 5305 ὀλίγον
3516 5237 3784 5308 ἀνθήσαν-

2203 5338 2313 5386 τες,
2367 5314 2552 5395 αὔριον
2608 5328 2688 5390 εἰς
2744 5326 2993 5382 κλίϐανον
3043 5327 3441 5398 βάλλονται.ὡς
3490 5328 3725 5397 ἐδίδαξεν
3752 5332 3784 5385 6

2204 5404 2424 5487 Σωτήρ;
2459 5417 2752 5473 Ἕλπισον
2780 5418 2881 5473 ἐπὶ
2924 5422 3164 5490 Κύριον,
3206 5421 3303 5475 καὶ
3338 5418 3491 5476 ποίει
3522 5423 3782 5492 χρηστό-

2201 5523 2368 5575 τητα,
2411 5509 2509 5562 καὶ
2553 5511 2935 5581 κατασκήνου
2972 5508 3088 5582 τὴν
3120 5506 3371 5583 γῆν-,καὶ
3397 5513 3778 5584 ποιμανθήσῃ

2199 5600 2297 5655 ἐπὶ
2342 5598 2423 5669 τῷ
2470 5604 2712 5672 πλούτῳ
2753 5603 2958 5675 αὐτῆς.
3005 5608 3478 5678 Κατατρύςρῃσον
3514 5608 3623 5664 τοῦ
3666 5611 3792 5664 Κυ-

595 5767 644 5801 “
678 5767 835 5825 Deut.
867 5785 1016 5826 x-xxu
1037 5811 1051 5840 ,
1081 5771 1173 5827 2i.
1251 5774 1296 5808 “
1334 5770 1355 5825 Ι
1384 5771 1510 5831 Cor.
1543 5791 1574 5830 x
1595 5814 1612 5847 ,
1648 5774 1737 5830 22.
1816 5777 1859 5808 ⁸⁵
1879 5775 2054 5835 Galat.
2090 5796 2121 5836 μ

2226 5778 2301 5835 l7.
2379 5780 2423 5814 ⁸⁸
2461 5778 2566 5838 lsa.
2600 5797 2703 5849 ιι,
2738 5782 2791 5839 6.
2871 5783 2915 5816 ⁸⁷
2953 5782 3142 5841 Matth.
3176 5799 3260 5851 γι,
3289 5784 3377 5839 30.
