4100 6386
553 364 661 421 327

1226 359 1493 419 EUSEBII
1530 356 2005 417 CIESARIENSIS
2028 347 2181 415 OPP.
2211 358 2391 414 PARS
2427 358 2517 414 ill.
2550 389 2620 401 —
2660 342 3071 420 EXEGETICA.

3685 366 3791 423 328

551 481 694 538 modi
723 480 995 535 hominem
1019 478 1237 534 beatum
1268 479 1612 548 pronunties,
1633 492 1756 532 cum
1776 476 1945 546 probe
1971 476 2109 532 norit

2226 476 2370 534 κατὰ
2432 477 2524 531 τὸν
2578 478 2824 549 παρόντα
2880 478 2995 550 βίον
3052 480 3465 537 κατευοδοῦσθαι
3521 481 3794 556 ἀνθρώπῳ

553 572 656 643 ipsi
691 571 988 640 repositam
1022 568 1158 621 iram
1184 568 1239 621 in
1266 564 1355 634 die
1390 565 1484 619 ira:
1515 572 1569 619 et
1591 564 1723 632 justi
1760 563 1953 633 judicii
1998 560 2114 617 Dei.

550 663 914 732 Quamobrem
942 660 1057 715 noli
1090 658 1295 713 irritari
1320 665 1414 711 aut
1444 656 1628 711 furore
1660 655 1879 711 incendi
1927 656 2118 709 contra

549 756 798 828 impium,
821 753 916 824 qui
950 752 1179 807 feliciter
1208 765 1320 804 rem
1351 765 1509 820 agere
1537 748 1905 811 existimatur,
1940 761 2120 816 neque

548 846 821 904 amuleris
852 846 1031 917 ipsum
1086 842 1147 897 ut
1188 842 1343 914 paria
1393 842 1598 896 scelera
1642 842 1804 897 edere
1851 848 2116 910 excptes;

546 940 686 996 bene
719 937 989 1008 siquidem
1035 935 1182 991 nosti
1216 949 1280 989 ac
1329 948 1653 1004 persuasum
1703 933 1861 1002 plane
1907 931 2113 997 habes,

547 1030 920 1100 improborum
959 1026 1118 1082 linem
1148 1025 1441 1081 exitiosum
1471 1039 1615 1079 esse.
1644 1021 1788 1076 Nam
1824 1023 1915 1093 qui
1958 1023 2117 1076 mali-

544 1131 776 1192 gnantur
807 1117 1319 1181 exterminabuntur,
1341 1130 1406 1170 ac
1445 1117 1546 1172 soli
1573 1117 1843 1186 patientes
1871 1124 1928 1172 et
1952 1116 2117 1171 susti-

545 1224 721 1266 nentes
749 1209 1049 1273 Dominum,
1090 1209 1195 1277 ipsi
1233 1207 1616 1263 haereditabunt
1649 1215 1869 1263 terram.
1903 1207 1961 1262 Si
2005 1222 2113 1278 qua

542 1303 688 1358 enim
711 1308 859 1357 terra
890 1308 977 1357 est
1010 1302 1219 1357 sanctis
1246 1300 1382 1356 viris
1428 1298 1721 1370 promissa,
1763 1300 1907 1353 hanc
1937 1300 2112 1353 haere-

542 1393 798 1449 ditabunt
845 1393 941 1464 qui
988 1394 1265 1449 sustinent
1316 1389 1644 1452 Dominum,
1684 1390 1777 1459 qui
1825 1404 1948 1443 cum
1991 1389 2114 1444 aliis

541 1487 872 1542 enumeratis
915 1486 1071 1540 bonis
1104 1486 1159 1539 in
1198 1482 1567 1538 haereditatem
1598 1481 1719 1536 illis
1750 1479 1968 1534 dandus
1996 1486 2100 1536 est.

541 1578 695 1645 Quod
722 1578 770 1634 si
810 1578 864 1631 in
898 1578 1052 1632 caelis
1075 1575 1374 1631 Jerusalem
1404 1581 1458 1629 et
1488 1571 1620 1626 Sion
1655 1583 1832 1627 mons‘
1858 1569 1953 1627 Dei
1987 1584 2102 1627 coe-

540 1672 695 1729 lestis
714 1672 878 1734 adsit,
900 1680 1099 1726 terram
1124 1671 1252 1725 item
1272 1667 1551 1722 caelestem
1572 1664 1752 1737 dignis
1776 1664 2111 1736 promissam

539 1762 841 1834 putandum
863 1770 966 1817 est.

2222 569 2460 623 ποιοῦντι
2493 570 2864 641 παρανομίας·
2901 572 2975 644 μὴ
3008 573 3116 644 γὰρ
3147 571 3469 645 παροξύνου,
3507 573 3642 645 μηδὲ
3689 591 3793 645 μα-

2219 661 2410 733 κάριζε
2435 662 2527 715 τὸν
2558 661 2815 728 τοιοῦτον,
2856 664 3098 737 ἀγριὸῶς
3126 664 3302 730 εἰδὼς,
3334 667 3417 720 ὅτι
3452 665 3603 736 μένει
3629 665 3791 720 αὐτὸν

2218 751 2355 823 ὀργὴ
2391 752 2447 805 ὲν
2495 752 2678 824 ἡμέρα
2718 753 2889 824 ὀργῆς
2921 753 3016 807 καὶ
3066 755 3462 827 δικαιοκρισίας
3492 754 3586 808 τοῦ
3628 754 3787 810 Θεοῦ.

2218 843 2310 896 Διὸ
2342 845 2405 897 σὺ
2439 844 2511 914 μὴ
2545 842 2783 913 ὀργίζου,
2820 844 2954 916 μηδὲ
2987 845 3162 916 θυμοῦ
3211 846 3352 901 κατὰ
3377 845 3473 900 τοῦ
3504 845 3792 918 νομιζομέ-

2217 950 2308 987 νου
2336 933 2578 1004 εὐθηνεῖν
2619 934 2870 999 ἀσεϐοῦς,
2901 936 3035 1008 μηδὲ
3065 936 3226 1009 ζήλου
3258 938 3421 991 αὑτὸν
3464 936 3541 1000 ὡς
3580 936 3675 992 καὶ
3701 937 3791 993 θέ-

2216 1024 2328 1078 λειν
2356 1025 2425 1078 τά
2454 1026 2614 1096 ὃμοια
2652 1026 2805 1097 αὑτῷ
2840 1028 3261 1100 πονηρεύεσθαι’
3297 1025 3357 1083 εὖ
3399 1029 3508 1101 γὰρ
3542 1029 3652 1083 ῐσθι
3695 1032 3792 1085 καὶ

2217 1114 2449 1168 πέπεισο
2481 1115 2746 1187 ἀκριϐῶς,
2773 1118 2855 1171 ὅτι
2889 1118 2949 1172 τὸ
2994 1118 3147 1182 τέλος
3189 1120 3296 1174 τῶν
3343 1122 3791 1192 πονηρευομένων

2214 1204 2456 1277 ὀλέθριον
2499 1208 2778 1279 τυγχάνει.
2811 1212 2876 1263 Ol
2920 1210 3029 1279 τὰρ
3076 1212 3544 1281 πονηρευόμενοι
3588 1212 3795 1276 ἐξολο-

2213 1298 2670 1365 θρευθήσονται,
2706 1299 2855 1370 μόνοι
2886 1301 2944 1354 δὲ
2975 1303 3025 1355 oi
3069 1302 3408 1375 μακρόθυμοι
3446 1304 3541 1358 καὶ
3570 1302 3794 1373 ὑπομέ-

2212 1406 2425 1459 νοντες
2470 1392 2577 1446 τὸν
2615 1395 2851 1461 Κύριον,
2895 1395 3065 1449 αὐτοὶ
3108 1395 3632 1464 κληρονομήσουσι
3676 1396 3791 1465 τὴν

2214 1482 2350 1554 γῆν.
2384 1484 2454 1537 Εἴ
2479 1502 2561 1549 τις
2587 1487 2695 1558 γάρ
2728 1488 2841 1539 ἐστι
2871 1486 2944 1555 γῆ
2970 1486 3146 1558 ἀγαθὴ
3172 1491 3283 1550 τοῖς
3315 1488 3488 1556 ἁγίοις
3521 1488 3792 1559 ἐπηγγελ-

2217 1574 2377 1646 μένη,
2425 1575 2628 1648 ταύτην
2663 1577 3158 1649 κληρονομήσουσιν
3202 1578 3253 1630 οί
3299 1577 3660 1649 ὑπομένοντες
3698 1577 3790 1632 τὸν

2214 1666 2418 1737 Κύριον
2441 1684 2456 1698 ·
2495 1670 2633 1740 μετά
2672 1670 2775 1743 γὰρ
2801 1669 2909 1723 τῶν
2941 1670 3114 1724 ἄλλων
3145 1669 3254 1724 τῶν
3295 1670 3790 1742 κατηριθμημένων

2214 1758 2456 1827 ἀγαθῶν,
2492 1760 2587 1814 καὶ
2612 1761 2773 1825 αὐτὸς
2800 1763 2981 1826 αὐτοῖς
3018 1762 3300 1835 δοθήσεται
3325 1764 3354 1816 6
3388 1763 3605 1833 κλῆρος.
3642 1758 3704 1814 El
3742 1762 3789 1815 δ’

537 1858 684 1911 ἔστιν
733 1858 786 1910 ὲκ.
833 1857 1078 1926 οὐρανοῖς
1123 1852 1473 1926 Ἰερουσαλὴμ
1524 1854 1616 1908 καὶ
1658 1849 1797 1908 Σιὼν
1841 1849 1968 1923 ὅρος
2012 1848 2109 1905 τοῦ
2147 1852 2280 1907 Θεοῦ
2313 1855 2372 1910 τὸ
2397 1858 2740 1931 ἐπουράνιον,
2774 1858 3064 1913 ἀκόλουθόν
3124 1860 3241 1915 ἐστι
3299 1859 3393 1914 καὶ
3427 1860 3530 1932 γῆν
3556 1858 3792 1929 ἐπουρά-

534 1970 647 2011 νιον
678 1953 817 2007 νοεῖν
847 1951 945 2023 τὴν
975 1951 1390 2023 ἐπηγγελμένην
1416 1948 1529 2013 τοῖς
1551 1948 1740 2014 ἀξίοις.

605 2044 771 2100 Vens.
798 2043 987 2113 i0,ii.
1032 2042 1101 2096 Et
1138 2042 1308 2096 adhuc
1333 2041 1610 2111 pusillum,
1647 2048 1697 2095 et
1730 2055 1832 2094 non
1870 2040 1970 2093 erit
2000 2048 2109 2107 pec-

2290 2039 2401 2093 Καὶ
2424 2042 2511 2095 ἔτι
2540 2041 2767 2111 ὀλίγον,
2815 2042 2914 2097 καί
2942 2044 3014 2097 οὐ
3038 2042 3125 2112 μὴ
3156 2042 3395 2112 ὑπάρξῃ
3420 2043 3788 2115 ἁμαρτωλός.

533 2146 708 2203 cator,
742 2145 853 2193 etc.
901 2135 1002 2190 Hic
1048 2136 1305 2205 superius
1335 2134 1482 2188 dicta
1535 2133 1943 2203 interpretatur.
1980 2132 2119 2205 illud

535 2228 774 2291 scilicet,
800 2227 1068 2293 Quoniam
1100 2235 1349 2295 tanquam
1380 2224 1559 2293 fenum
1583 2224 1831 2278 velociter
1854 2232 2110 2289 arescent,

535 2331 587 2377 et
616 2320 1060 2392 quemadmodum
1094 2320 1242 2373 olera
1280 2317 1557 2372 herbarum
1589 2316 1692 2369 cito
1737 2313 1995 2379 derident,
2025 2314 2113 2372 his

538 2415 796 2486 explicat,
841 2412 1027 2467 Adhuc
1057 2413 1342 2483 pusillum,
1376 2421 1427 2467 et
1457 2427 1564 2466 non
1596 2416 1696 2465 crit
1741 2420 2018 2479 peccator;
2061 2418 2112 2465 et

537 2523 740 2578 quietes
774 2506 949 2560 locum
981 2505 1116 2575 ejus,
1148 2514 1199 2559 et
1232 2522 1335 2558 non
1365 2504 1625 2557 invenies:
1658 2502 1790 2557 illud
1821 2517 1973 2569 vero,
2008 2501 2113 2556 De-

536 2598 732 2653 lectarc
755 2599 810 2652 in
840 2597 1088 2660 Domino,
1114 2606 1162 2650 et
1200 2596 1347 2649 dabit
1375 2595 1472 2649 tibi
1509 2595 1783 2666 petitiones
1812 2593 1985 2648 cordis
2009 2594 2110 2658 tui,

534 2689 623 2745 bis
653 2690 896 2759 apertius
939 2695 1182 2751 enarrat,
1207 2686 1479 2743 Mansueti
1525 2695 1702 2741 autem
1728 2686 2113 2741 hareditabunt

534 2792 754 2845 terram,
780 2788 829 2835 et
875 2779 1276 2834 delectabantur
1308 2781 1361 2833 in
1406 2778 1750 2835 multitudine
1775 2781 1945 2849 pacis.
1992 2778 2112 2846 Quo

533 2881 694 2944 pacto
723 2880 905 2927 autem
938 2872 992 2925 in
1026 2870 1258 2926 Domino
1287 2871 1413 2940 quis
1451 2870 1836 2935 delectabitur,
1870 2870 2115 2928 declarat

536 2965 653 3035 ipse
683 2963 812 3019 dum
847 2963 945 3026 ait,
974 2977 1142 3033 penes
1174 2978 1300 3017 eum
1336 2962 1742 3033 multitudinem
1779 2962 1933 3033 pacis
1964 2979 2108 3028 esse,

533 3070 644 3127 qua
670 3055 842 3108 multa
870 3068 1004 3123 pace
1034 3053 1290 3108 fruentur
1316 3054 1354 3108 ii
1385 3055 1479 3125 qui
1508 3054 1564 3109 in
1595 3053 1828 3110 Domino
1858 3054 2110 3111 delectati

536 3146 759 3202 iuerint.
796 3143 894 3200 llis
947 3159 1114 3216 porro
1154 3144 1421 3213 docetur,
1454 3146 1616 3200 aliam
1666 3146 1866 3201 bonam
1905 3153 2109 3202 terram

533 3252 679 3303 esse,
699 3237 1002 3294 mansuetis
1028 3236 1378 3301 destinatam,
1410 3253 1476 3293 ac
1498 3238 1939 3304 delectationem,
1971 3240 2115 3294 mul-

535 3328 936 3399 titudinemque
972 3327 1128 3399 pacis
1152 3329 1208 3383 in
1241 3328 1480 3383 futuram
1512 3330 1678 3383 vitam
1709 3331 1965 3385 remittit.
1990 3330 2109 3386 Non

533 3421 823 3491 ignorabat
870 3421 1016 3475 enim
1046 3419 1212 3491 justis
1268 3420 1493 3492 perinde
1531 3424 1696 3492 atque
1727 3423 2111 3494 peccatoribus

531 3511 592 3568 in
619 3511 722 3567 hac
748 3511 858 3566 vita
889 3511 1234 3567 moriendum
1264 3527 1409 3577 esse,
1442 3514 1517 3567 ita
1552 3520 1612 3567 ut
1639 3512 1707 3568 de
1745 3513 1853 3569 illis
1895 3529 2112 3586 quoque

532 3599 643 3655 dici
673 3600 849 3670 possit
875 3617 889 3653 :
911 3600 1104 3655 Adhuc
1131 3601 1413 3671 pusillum.
1445 3608 1499 3657 et
1530 3617 1643 3657 non
1673 3603 1778 3658 erit
1803 3604 2024 3675 justus;
2056 3614 2111 3662 et

532 3705 747 3760 quaeres
774 3692 957 3745 locum
989 3691 1134 3761 ejus,
1164 3698 1221 3748 et
1247 3707 1365 3759 ,non
1388 3692 1634 3749 invenies
1659 3711 1674 3748 :
1705 3710 1834 3750 nam
1861 3696 1938 3750 illi
1968 3712 2108 3767 quo-

534 3796 643 3851 que
672 3782 988 3837 moriuntur
1032 3782 1492 3854 quemadmodum
1527 3792 1581 3840 et
1612 3791 1952 3857 peccatores.
1999 3787 2108 3844 Ne—

532 3885 642 3941 que
665 3869 735 3925 de
768 3870 873 3924 hac
898 3877 1042 3926 terra
1076 3873 1158 3927 sic
1201 3872 1416 3929 locutus
1445 3882 1551 3939 est,
1586 3873 1854 3932 Mansueti
1885 3879 2111 3934 Itazredia-

535 3960 721 4014 tabum
744 3969 982 4025 terram;
1013 3977 1136 4017 cum
1173 3964 1342 4033 probe
1392 3965 1560 4021 sciret
1604 3964 1827 4039 Moysen
1861 3971 2106 4026 omnium

532 4051 907 4118 mitissimum,
945 4053 1074 4108 olim
1104 4055 1173 4110 de
1210 4056 1391 4113 medio
1420 4058 1701 4114 hominum
1732 4061 2008 4117 sublatum
2041 4065 2109 4119 ab

534 4142 638 4199 hac
668 4152 814 4201 terra
835 4145 1192 4217 demigrasse.

613 4402 776 4460 Vsus.
802 4406 889 4462 12.
928 4406 1237 4464 Observabit
1263 4423 1507 4480 peccator
1526 4413 1759 4483 justum,
1787 4424 1836 4468 et
1867 4415 2107 4470 stridebit

534 4512 690 4567 super
706 4515 825 4552 eum
845 4497 1086 4554 dentibus
1114 4503 1251 4566 suis,
1272 4512 1377 4561 etc.
1396 4504 1689 4576 impiorum
1716 4516 1906 4563 contra
1928 4509 2109 4577 justas

533 4590 773 4648 insultus
808 4591 1202 4665 amborumque
1237 4597 1396 4653 linem
1429 4599 1713 4656 describit.
1744 4601 1879 4656 Cum
1913 4618 2108 4671 pecca-

2213 2131 2565 2204 Διερμηνεύει
2615 2133 2682 2187 τά
2730 2134 2988 2206 ἀνωτέρω
3028 2134 3348 2205 λελεγμένα,
3394 2135 3453 2189 τὺ
3495 2138 3614 2207 μὲν,
3657 2139 3791 2194 Ὅτι

2212 2225 2355 2278 ὡσεὶ
2399 2226 2615 2294 χόρτος
2654 2227 2807 2296 ταχὺ
2854 2227 3479 2296 ἀποξηρανθήσονται,
3512 2230 3612 2284 καί
3643 2232 3788 2287 ὡσεί

2211 2316 2451 2388 λάχανα
2478 2320 2669 2388 χλόης
2705 2320 2856 2389 ταχὺ
2886 2321 3355 2386 ἀποπεσοῦνται,
3388 2322 3477 2376 διά
3503 2323 3619 2390 τοῦ,
3666 2326 3790 2380 Ἔτι

2214 2410 2441 2480 ὀλίγον,
2471 2412 2568 2465 καὶ
2594 2413 2666 2465 οὐ
2691 2411 2777 2481 μὴ
2816 2411 3056 2481 ὑπάρξῃ
3092 2416 3125 2466 ὀ
3147 2413 3529 2482 ·ἀμαρτωλός·
3571 2416 3667 2469 καί
3700 2415 3792 2484 ζηα-

2212 2501 2419 2568 τήσεις
2448 2500 2556 2555 τὸν
2585 2502 2768 2555 τόπον
2797 2503 2984 2557 αὑτοῦ
3014 2502 3113 2555 καὶ
3142 2504 3213 2556 οὐ
3236 2502 3326 2571 μὴ
3366 2504 3579 2573 εὕρῃς·
3611 2505 3676 2559 τὸ
3704 2507 3787 2569 δὲ,

2212 2592 2688 2660 Κατατρύςεησον
2723 2592 2830 2645 τοῦ
2856 2593 3097 2659 Κυρίου,
3131 2591 3226 2645 καί
3261 2591 3439 2646 δώσει
3476 2609 3575 2647 σοι
3606 2597 3679 2649 τὰ
3703 2598 3790 2650 αι-

2213 2681 2441 2751 τήματα
2489 2680 2597 2750 τῆς
2641 2682 2888 2751 καρδίας
2937 2698 3075 2746 σου,
3120 2683 3449 2755 σαφέστερον
3497 2685 3791 2742 ἀποδίδωσι

2210 2773 2299 2827 διὰ
2334 2774 2449 2840 τοῦ,
2483 2778 2546 2828 at
2584 2774 2654 2828 δὲ
2692 2774 2900 2843 πραεῖς
2935 2775 3460 2844 κληρονομήσουσι
3502 2776 3617 2846 τὴν
3643 2778 3783 2848 γῆν.

2211 2866 2308 2920 καί
2346 2866 2915 2935 κατατρυφήσουσιν
2952 2866 3053 2920 ἐπὶ
3093 2866 3308 2934 πλήθει
3346 2868 3609 2937 εἰρήνης.
3658 2871 3785 2935 Πῶς

2211 2958 2319 3029 γάρ
2350 2975 2435 3022 τις
2466 2960 2873 3031 κατατρυφήσει
2910 2958 3004 3012 τοῦ
3034 2959 3237 3031 Κυρίου
3282 2961 3600 3033 παρίστησι,
3649 2965 3785 3035 πλῆ-

2213 3047 2303 3110 θος
2335 3048 2557 3119 εἰρήνης
2588 3049 2716 3119 παρ’
2743 3047 2891 3119 αὐτῷ
2923 3042 3061 3102 εἶναι
3103 3048 3275 3117 λέγων
3295 3066 3308 3080 ·
3345 3046 3406 3104 οὗ
3435 3052 3671 3124 πλήθους
3700 3057 3779 3109 εί-

2216 3142 2384 3213 ρήνης
2425 3140 2821 3195 ἀπολαύσουσιν
2859 3143 2907 3194 oi
2950 3140 3043 3194 τοῦ
3078 3142 3280 3214 Κυρίου
3328 3147 3783 3215 κατατρυφήσαν-

2210 3250 2321 3297 τες.
2358 3234 2455 3288 Διά
2486 3233 2688 3288 τούτων
2719 3232 2776 3286 δὲ
2815 3235 2844 3286 6
2889 3232 3043 3302 λόγος
3082 3235 3266 3305 σαφῶς
3302 3232 3495 3306 ἑτέραν
3523 3237 3644 3290 τινὰ
3675 3240 3781 3309 γῆν

2212 3325 2420 3395 ἀγαθὴν
2455 3325 2552 3396 τὴν
2593 3329 2705 3386 τοῖς
2746 3325 2944 3395 πραέσι
2992 3325 3356 3399 δοθησομένην
3384 3327 3642 3392 διδάσκει,
3685 3333 3783 3384 καὶ

2212 3416 2419 3489 τρυφὴν
2448 3416 2540 3470 καὶ
2568 3415 2771 3486 πλῆθος
2796 3417 3016 3487 εἰρήνης
3041 3420 3121 3481 εἰς
3150 3417 3444 3489 μέλλουσαν
3467 3419 3781 3490 ἀναπέμπει

2212 3504 2377 3578 ζωήν.
2426 3506 2500 3558 Οὐ
2534 3504 2644 3578 γάρ
2674 3506 2881 3576 ἠγνόει,
2928 3506 3009 3559 ὅτι
3053 3508 3254 3579 ὁμοίως
3291 3511 3416 3572 τοῖς·
3442 3509 3782 3580 ἁμαρτωλοῖς

2212 3596 2355 3652 κατά
2394 3598 2485 3651 τὸν
2510 3597 2755 3669 παρόντα
2786 3598 2898 3668 βίον
2934 3599 3029 3653 καὶ
3054 3601 3103 3652 οἱ
3127 3600 3321 3656 δίκαιοι
3350 3601 3781 3672 τελευτήσουσιν,

2210 3686 2286 3753 ὡς
2322 3688 2581 3744 δύνασθαι
2613 3690 2709 3743 καὶ
2742 3689 2868 3761 περὶ
2904 3691 3083 3745 αὐτῶν
3111 3691 3363 3760 λέγεσθαι
3386 3693 3447 3748 τό
3473 3710 3486 3726 ⁸
3520 3694 3641 3747 Ἔτι
3669 3694 3781 3747 ὀλί-

2209 3800 2327 3852 γον,
2355 3782 2451 3835 καὶ
2473 3783 2535 3836 οὐ
2577 3782 2650 3853 μὴ
2700 3781 2915 3855 ὑπάρξῃ
2967 3785 2996 3837 6
3022 3783 3247 3849 δίκαιος,
3277 3785 3371 3838 καὶ
3404 3785 3657 3856 ζητήσεις
3692 3784 3786 3837 τὸν

2209 3873 2372 3926 τόπον
2393 3870 2579 3938 αὐτοῦ,
2605 3871 2699 3926 καὶ
2720 3873 2782 3925 οὐ
2804 3873 2877 3944 μὴ
2903 3868 3068 3945 εὕρῃς
3086 3889 3099 3903 ·
3118 3873 3407 3927 τελευτῶσι
3440 3873 3549 3943 γὰρ
3582 3874 3786 3943 ὁμοίως

2208 3966 2319 4028 τοῖς
2349 3964 2689 4036 ἁμαρτωλοῖς
2719 3965 2814 4018 καὶ⁵
2845 3965 3016 4018 αὐτοί.
3049 3966 3163 4018 Οὐκ
3185 3964 3251 4017 ἂν
3281 3964 3338 4017 δὲ
3370 3960 3489 4017 εἷπε
3527 3965 3656 4033 περὶ
3681 3965 3785 4034 τῆς

2209 4056 2491 4128 παρούσης
2540 4056 2644 4127 γῆς
2678 4056 2796 4109 τόδε
2820 4064 2834 4087 δ
2890 4058 2953 4109 Ol
3006 4054 3210 4122 πραεῖς
3252 4052 3784 4121 κληρονομήσουσι

2208 4147 2323 4215 τὴν
2345 4146 2484 4217 τῆν,
2519 4147 2705 4217 σαφῶς
2735 4145 2876 4218 δρῶν
2904 4145 3015 4198 τῶν
3038 4146 3254 4198 πάντων
3285 4143 3587 4216 πραότατον
3616 4146 3783 4199 Maii)-

2211 4238 2330 4303 σέα,
2364 4239 2531 4292 πάλαι
2568 4238 2627 4304 ἐξ
2661 4236 2960 4309 ἀνθρώπων
3007 4236 3293 4307 γενόμενον
3326 4236 3421 4291 καὶ
3451 4236 3548 4307 τῆς
3578 4236 3783 4308 παρού-

2211 4345 2309 4400 σης
2338 4329 2442 4401 γῆς
2468 4326 2902 4398 ἀπηλλαγμένον.

2278 4419 2765 4490 Παρατηρήσεται
2814 4423 2847 4473 ὀ
2875 4418 3221 4489 ἁμαρτωλὸς
3260 4421 3365 4474 τὸν
3394 4419 3647 4484 δίκαιον,
3681 4418 3781 4472 και

2203 4515 2416 4586 βρύξει
2441 4513 2534 4568 ἐπ’
2553 4510 2741 4567 αὑτὸν
2760 4511 2900 4578 τοὺς
2919 4511 3168 4578 ὀδόντας
3192 4511 3398 4566 αὐτοῦ.
3422 4509 3542 4565 Τῶν
3566 4527 3626 4563 τε
3651 4512 3781 4564 ἀσι-

2210 4607 2318 4660 ϐῶν
2357 4605 2454 4670 τὰς
2500 4605 2642 4679 κατά
2681 4603 2788 4656 τῶν
2831 4602 3052 4656 δικαίων
3097 4603 3511 4666 ἐπαναστάσεις,
3546 4601 3641 4654 καὶ
3672 4603 3782 4671 ἅμα
3814 4647 3823 4657 .

533 4692 642 4748 tor,
676 4684 879 4755 inquit,
919 4701 1029 4741 non
1066 4688 1202 4745 satis
1232 4705 1357 4747 esse
1404 4691 1508 4747 sibi
1540 4694 1748 4749 scelera
1793 4708 1893 4748 sua
1931 4702 2102 4765 putet.

2212 4699 2450 4771 φοτέρων
2478 4698 2588 4751 τῶν
2636 4696 2925 4767 ταγμάτων
2953 4695 3020 4749 τά
3059 4694 3207 4766 τέλη.
3240 4694 3325 4766 Μὴ
3356 4694 3464 4765 γάρ
3502 4694 3778 4765 ἀρκούμε-

533 4776 740 4844 justum
766 4792 998 4834 cernens
1027 4780 1282 4851 religiose
1307 4783 1601 4847 viventem,
1637 4783 1690 4838 id
1722 4784 1863 4840 ferre
1895 4786 2104 4855 nequit,

536 4868 665 4937 quia
699 4868 864 4924 vitam
905 4872 1027 4941 ejus
1075 4874 1444 4944 improbitatis
1488 4892 1600 4931 sua:
1648 4877 2105 4947 vituperationem

535 4979 659 5019 esse
685 4964 1014 5035 arbitratur;
1056 4984 1227 5039 quare
1257 4970 1368 5025 ait:
1405 4968 1504 5025 Vel
1537 4971 1657 5026 visu
1689 4972 1808 5026 solo
1840 4984 2107 5027 onerosus

534 5056 697 5113 nobis
724 5063 831 5120 est,
859 5057 1087 5130 ideoque
1117 5060 1371 5116 observat
1395 5077 1520 5118 eum
1550 5069 1611 5117 ut
1635 5061 1876 5131 dejiciat.
1903 5061 2107 5119 Verum

531 5146 719 5217 justus
771 5149 908 5205 nihil
941 5152 1095 5221 pensi
1152 5151 1336 5218 habet,
1387 5168 1565 5223 neque
1613 5154 1765 5210 novit
1807 5171 1929 5225 quae
1965 5156 2106 5211 clam

533 5248 725 5295 contra
761 5255 820 5296 se
849 5251 1144 5297 struuntur
1187 5243 1648 5300 machinamenta.
1683 5244 1949 5303 Dominus
1976 5262 2107 5303 vero

534 5330 781 5386 omnium
809 5333 1104 5404 inspector.
1134 5334 1255 5404 ejus
1281 5336 1373 5405 qui
1398 5335 1531 5390 talia
1562 5337 1859 5393 meditatur
1889 5339 2104 5394 ruinam

534 5426 897 5497 prospiciens,
930 5427 1159 5483 consilia
1192 5427 1314 5497 ejus
1339 5426 1568 5484 deridet.
1602 5428 1667 5484 Et
1689 5429 1954 5487 hactenus
1984 5432 2107 5501 qui-

533 5516 656 5572 dem
710 5519 848 5573 nihil
894 5520 1040 5575 aliud
1070 5520 1180 5592 agit
1228 5531 1390 5592 quam
1439 5521 1618 5579 ridere
1665 5523 1943 5579 hominem
1975 5526 2104 5579 talia

537 5607 739 5666 frustra
787 5612 1137 5683 cogitantem.
1184 5613 1319 5668 Cum
1350 5622 1530 5670 autem
1568 5623 1821 5687 peccator
1855 5617 1920 5673 ad
1968 5616 2105 5671 laci-

534 5712 667 5752 nora
724 5702 1102 5770 progreditur,
1158 5704 1412 5773 acuitque
1452 5706 1695 5775 gladios,
1750 5713 1809 5759 ut
1873 5706 2101 5762 insidias

538 5798 691 5857 paret
715 5791 779 5844 ad
812 5807 998 5849 necem
1028 5793 1099 5860 ei,
1132 5793 1222 5862 qui
1254 5803 1474 5863 propter
1508 5797 1673 5854 Deum
1700 5798 1935 5867 inopiam
1964 5813 2097 5865 pau-

2210 4808 2319 4855 νοςν
2357 4791 2509 4861 φησὶ,
2538 4791 2647 4852 τοῖς
2674 4786 2865 4841 ἑαυτοῦ
2897 4787 3002 4857 πλη
3012 4786 3190 4857 μμελή
3200 4803 3359 4857 μασιν
3384 4787 3413 4838 6
3436 4784 3778 4859 ἁμαρτωλὸς,

2210 4882 2270 4936 οὐ
2317 4882 2471 4951 φέρει
2515 4880 2724 4949 βλέπων
2766 4879 2857 4933 τὸν
2887 4878 3090 4932 δίκαιον
3132 4876 3484 4932 θεοσεϐοὖντα
3505 4895 3518 4907 ·
3564 4878 3782 4948 ἔλεγχον

2212 4967 2321 5038 γὰρ
2351 4967 2443 5019 τὸν
2474 4966 2681 5021 ἐκείνου
2712 4966 2825 5037 βίον
2852 4965 2954 5035 τῆς
2989 4964 3184 5018 ἑαυτοῦ
3210 4965 3509 5037 μοχθηρίας
3535 4968 3777 5037 ἡγεῖται·

2211 5055 2292 5109 διὸ
2328 5055 2506 5125 λέγει·
2553 5057 2731 5129 Βαρὺς
2771 5059 2903 5128 ἡμῖν
2949 5057 3064 5109 ἐστι
3110 5056 3204 5110 zeal.
3255 5056 3619 5128 βλεπόμενοςο
3659 5055 3783 5110 ὅθεν

2212 5149 2462 5220 ἐπιτηρεῖ
2492 5148 2639 5213 ὅπως
2668 5148 2830 5202 αὐτὸν
2861 5147 3162 5220 καταϐάλῃ.
3212 5149 3347 5202 Ἀλλ’
3383 5150 3413 5202 6
3453 5149 3550 5220 μὲν
3579 5148 3783 5213 δίκαιος

2212 5241 2270 5293 οὐ
2320 5244 2716 5312 προσποιεῖται,
2764 5241 2886 5294 οὐδὲ
2931 5239 3185 5309 γινώσκει
3231 5241 3302 5294 τὰ
3346 5240 3616 5311 λαθραίως
3661 5240 3782 5293 κατ’

2213 5332 2376 5385 αὐτοῦ
2408 5330 2800 5403 μηχανώμενα·
2840 5331 2869 5381 6
2899 5330 2956 5383 δὲ
2983 5332 3368 5403 παντεπόπτης
3392 5331 3617 5405 Κύριος,
3650 5347 3782 5403 προ-

2210 5424 2350 5496 ορῶν
2390 5425 2487 5497 τὴν
2516 5425 2611 5479 τοῦ
2632 5423 2802 5478 ταῦτα
2827 5424 3204 5495 διανοουμένου
3248 5425 3470 5489 πτῶσιν,
3498 5425 3606 5479 τῶν
3640 5424 3781 5493 λογι-

2213 5516 2366 5588 σμῶν
2391 5517 2554 5572 αὐτοῦ
2584 5518 2880 5591 καταγελᾷ.
2918 5520 3031 5574 Καὶ
3067 5519 3204 5583 τέως
3247 5520 3345 5589 μὲν
3372 5519 3532 5575 πλέον
3561 5518 3715 5572 οὐδὲν
3746 5515 3783 5589 ἢ

2210 5611 2343 5682 γελᾷ
2390 5613 2477 5665 ἐπ’
2503 5610 2652 5683 αὺτῷ
2692 5614 2868 5687 μάτην
2903 5612 3129 5669 τοιαῦτα
3160 5612 3523 5683 λογιζομένῳο
3564 5608 3782 5664 ἐπειδὰν

2206 5702 2251 5754 δ’
2292 5704 2382 5757 ἐπὶ
2423 5703 2494 5757 τὰ
2526 5704 2658 5776 ἔργα
2689 5709 2861 5778 χωρῇ,
2897 5707 3170 5777 ἀκονήσας
3207 5702 3502 5757 ὲαυτοῦ“τά
3547 5702 3676 5769 ξίφη
3708 5700 3781 5764 ὡς

2210 5794 2369 5864 μέχρι
2404 5796 2632 5855 θανάτου
2681 5796 3062 5853 ὲπιῦουλεῦσαι
3094 5795 3170 5866 τῷ
3201 5794 3299 5866 τὴν
3345 5793 3432 5849 διὰ
3475 5794 3606 5850 Θεὸν
3639 5809 3779 5847 πτειν
