4100 6384
351 349 458 419 τοι

1482 354 1985 415 COMMENTARIA
2027 353 2093 410 IN
2131 350 2469 412 PSALMOS.

3483 348 3607 412 330.

351 468 504 540 χείαν
532 470 628 525 καὶ
670 472 855 526 πενίαν
895 471 1229 544 ἀνειληφότι,
1264 473 1357 528 καὶ
1387 474 1486 544 τὴν
1522 474 1697 547 ἄκραν
1726 490 1919 546 κατορ-

2027 474 2340 544 periemque
2366 472 2651 543 amplexus
2696 487 2759 527 ac
2794 487 3021 529 summa:
3044 469 3396 544 philosophia
3436 469 3590 525 dedi-

354 559 533 614 θοῦντι
567 561 896 633 φιλοσοφίαν,
939 565 999 617 τὸ
1024 563 1323 635 τηνικαῦτα
1361 564 1582 637 στρέφει
1608 565 1706 637 τὴν
1747 565 1924 620 αὐτῶν

357 652 625 723 ῥομφαίαν
657 654 796 707 κατά
825 656 921 726 τῆς
961 655 1142 711 αὐτῶν
1171 654 1399 726 καρδίας
1435 657 1463 708 6
1491 656 1655 709 πάλαι
1695 671 1924 723 καταγε-

355 742 462 797 λῶν
485 744 662 798 αὐτῶν
695 745 915 817 Κύριος,
938 746 1033 800 καὶ
1053 746 1121 799 τά
1147 748 1284 802 κατά
1312 748 1405 801 τοῦ
1426 746 1632 801 δικαίου
1658 747 1788 811 τόξα
1815 745 1922 800 τῶν

357 835 566 890 ἀσεϐῶν
609 837 902 910 συντρίϐει.
942 838 1340 893 Μετελεύσεται
1386 839 1494 911 γὰρ
1538 840 1766 903 αὐτούς·
1802 839 1923 893 οὐδὲ

355 926 436 980 ἔτι
460 927 631 996 γελῶν
655 929 739 999 ἐφ’
769 924 849 993 οἷς
874 916 1240 995 διανοοῦνται,
1268 932 1404 986 ἀλλὰ
1425 936 1491 1003 τῇ
1514 932 1637 1004 δίκῃ
1662 935 1728 1004 τῇ
1757 948 1923 1003 προσ-

351 1017 556 1088 ηκούσῃ
581 1020 699 1073 κατ’
723 1020 901 1075 αὐτῶν
929 1020 1226 1093 χρώμενος.
1258 1020 1439 1077 Ταῦτα
1466 1022 1543 1084 δὲ,
1571 1022 1652 1076 ὃτι
1678 1022 1751 1094 μὴ
1777 1022 1923 1089 λόγοι

351 1109 724 1180 τυγχάνουσιν,
756 1110 869 1163 ἀλλ’
898 1111 1033 1183 ἔργα
1067 1107 1237 1184 ἀληθῆ
1271 1112 1685 1185 μαρτυρούμενα
1712 1113 1801 1166 ὑπ’
1836 1112 1924 1165 αύο

349 1197 448 1268 τῆς
480 1200 780 1272 ἐνεργείας,
807 1200 900 1257 καὶ
931 1204 1063 1273 ἡμῖν
1111 1202 1293 1266 αὐτοῖς
1333 1205 1447 1266 τοῖς
1480 1200 1652 1256 ταῦτα
1696 1202 1814 1255 νυνὶ
1847 1201 1924 1253 δι-

350 1290 582 1358 εξιοῦσιν
610 1296 643 1366 ή
671 1298 832 1366 πείρα
856 1295 965 1350 τῶν
994 1296 1168 1364 ἔργων
1197 1294 1555 1350 ἐπιστώσατο.
1599 1295 1923 1366 Ὀφθαλμοῖς

349 1383 480 1452 γοῦν
527 1384 963 1456 παρειλήφαμεν,
1000 1384 1074 1451 ὼς
1111 1389 1159 1440 οἱ
1196 1386 1512 1458 ἁμαρτωλοὶ
1544 1389 1602 1440 ὲν
1644 1389 1757 1450 τοῖς
1802 1385 1921 1439 καθ’

348 1472 506 1545 ⁴ἡμῶν
543 1472 798 1545 διωγμοῖς
846 1474 1116 1545 ῥομφαίαν
1162 1477 1470 1531 ἐσπάσαντο
1514 1477 1655 1531 κατά
1696 1475 1806 1529 τῶν
1844 1475 1922 1529 δι-

349 1563 539 1628 καίων,
575 1566 668 1617 καὶ
704 1563 779 1627 ὡς
822 1565 1090 1621 ἐνέτειναν
1135 1567 1205 1620 τὰ
1238 1568 1365 1632 τόξα
1408 1567 1586 1621 αὐτῶν
1617 1566 1710 1621 τοῦ
1754 1583 1924 1620 κατα-

349 1653 530 1708 ϐαλεῖν
561 1656 767 1727 πένητα
799 1654 892 1708 καὶ
925 1654 1156 1728 πτωχὸν,
1193 1659 1287 1710 καὶ
1323 1657 1417 1710 τοῦ
1450 1656 1648 1727 σφάξαι
1679 1657 1807 1721 τοὺς
1835 1657 1924 1709 εύ-

349 1746 461 1812 θείς
486 1751 551 1819 τῇ
588 1749 803 1820 καρδίᾳ.
849 1748 943 1801 καὶ
982 1746 1058 1811 ὼς
1090 1748 1332 1819 ἔπραξαν
1362 1749 1455 1802 καὶ
1501 1749 1795 1803 κατέϐαλον
1829 1745 1921 1804 καὶ

2024 575 2113 620 tus
2138 572 2242 626 est,
2279 564 2651 630 inferendam;
2704 572 2817 619 tum
2845 564 3126 627 Dominus,
3162 566 3254 635 qui
3285 554 3415 619 olim
3443 563 3590 619 deri-

2023 654 2187 710 debat
2216 671 2342 722 eos,
2390 655 2638 731 gladium
2686 656 2848 710 vertit
2907 657 2961 710 in
3009 655 3176 710 corda
3210 657 3487 726 ipsorum,
3535 659 3589 708 et

2022 758 2184 800 arcus
2219 747 2507 816 impiorum
2558 754 2748 803 contra
2775 747 2986 817 justum
3016 754 3237 817 paratos
3270 744 3587 815 confringit.

2022 833 2140 891 Non
2173 835 2286 906 jam
2327 838 2689 909 cogitationes
2718 853 2906 891 eorum
2940 837 3199 891 deridens
3232 835 3447 890 invadet
3471 850 3588 899 eos,

2023 927 2118 983 sed
2150 931 2448 999 promerita
2480 930 2585 985 illis
2618 930 2823 985 ultione
2853 936 3057 984 utetur.
3085 928 3239 995 Quod
3275 936 3453 981 autem
3476 927 3590 982 baic

2023 1034 2132 1072 non
2177 1034 2327 1073 mera
2357 1020 2520 1075 verba
2556 1019 2689 1088 sint,
2723 1020 2817 1077 sed
2865 1035 2953 1075 res
2981 1026 3147 1090 gestae
3176 1033 3239 1072 ac
3280 1017 3401 1089 ipso
3428 1032 3591 1086 opere

2022 1111 2424 1179 comprobatae,
2471 1112 2630 1168 nobis
2674 1113 2765 1183 qui
2818 1111 2933 1166 haec
2961 1125 3280 1165 enarramus
3328 1108 3410 1164 vel
3472 1109 3591 1177 ipsa

2021 1200 2358 1270 experientia
2391 1202 2864 1257 commonstravit.
2901 1200 3039 1271 Ipsis
3073 1201 3238 1271 igitur
3269 1199 3444 1253 oculis
3468 1212 3591 1267 per-

2022 1290 2290 1360 cepimus,
2319 1300 2634 1361 peccatores
2663 1293 2719 1348 in
2765 1293 3242 1364 persecutionibus
3280 1291 3335 1345 in
3368 1305 3470 1355 nos
3496 1304 3593 1343 cx-

2022 1382 2204 1438 citatis
2230 1382 2495 1439 adversus
2521 1383 2700 1452 justos
2731 1384 2967 1454 gladium
3000 1383 3257 1437 eduxisse
3280 1420 3295 1445 ,
3320 1392 3594 1449 arcusque

2022 1490 2154 1531 suos
2187 1476 2489 1532 intendisse
2516 1487 2576 1533 ut
2605 1478 2905 1548 dejicerent
2933 1493 3225 1549 pauperem
3251 1485 3306 1532 et
3348 1477 3589 1547 inopem,

2022 1573 2077 1619 et
2108 1574 2167 1620 ut
2202 1568 2543 1623 trucidarent
2596 1579 2776 1624 rectos
2825 1568 3019 1632 corde;
3071 1569 3419 1639 idipsumque
3450 1580 3593 1636 pra:-

2023 1656 2260 1712 stitlsse:
2293 1667 2515 1714 sanctos
2549 1665 2815 1730 martyres
2844 1675 2944 1729 pro
2974 1658 3086 1714 Deo
3116 1659 3330 1713 fortiter
3369 1664 3592 1728 agentes

2022 1746 2288 1815 deiecisse
2348 1757 2402 1803 et
2454 1748 2741 1818 multiplici
2794 1748 2989 1804 mortis
3032 1765 3232 1818 genere
3281 1748 3589 1803 sustulisse.

349 1839 558 1892 ἀνεῖλον
593 1839 852 1903 ποικίλοις
890 1838 1114 1910 τρόποις
1159 1838 1401 1894 θανάτων
1446 1840 1572 1904 τοὺς
1611 1839 1748 1893 κατὰ
1789 1839 1919 1893 Θεὸν

2027 1835 2096 1889 Ut
2126 1845 2306 1891 autem
2341 1837 2457 1893 hac
2506 1838 2766 1906 vidimus,
2793 1839 2868 1893 ita
2913 1846 2968 1894 et
2997 1839 3258 1894 ultionem
3299 1837 3393 1894 Dei
3441 1838 3592 1908 ipsos

348 1927 771 1998 ἀνδρισαμένους
818 1929 1007 1998 ἁγίους
1051 1929 1351 2001 μάρτυρας.
1397 1930 1604 2002 Ὥσπερ
1656 1930 1711 1983 δὲ
1751 1932 1921 1985 ταῦτα

350 2018 787 2090 ίστορησάμενοι,
835 2018 976 2073 οὕτω
1027 2020 1121 2073 καὶ
1170 2019 1270 2091 τὴν
1321 2019 1681 2091 μετελθοῦσαν
1727 2022 1921 2087 αὐτοὺς

347 2107 439 2160 τοῦ
478 2107 612 2162 Θεοῦ
658 2108 814 2180 δίκην
852 2104 1177 2181 τεθεάμεθα,
1205 2111 1459 2182 τοιαύτην
1489 2112 1804 2184 γενομένην,
1847 2113 1922 2177 ὼς

350 2198 425 2268 μὴ
457 2198 721 2268 ἁμαρτεῖν
752 2195 843 2252 τὸν
872 2200 1117 2270 φήσαντα
1147 2199 1381 2269 ἀληθῶς,
1407 2199 1505 2271 τὴν
1533 2201 1806 2273 ῥομφαίαν
1826 2201 1923 2254 αὐ-

346 2287 452 2341 τῶν
480 2288 881 2360 είσεληλυθέναι
910 2291 989 2354 εἰς
1014 2290 1113 2362 τὴν
1137 2290 1361 2361 καρδίαν
1388 2290 1683 2345 αὐτῶνκαὶ
1703 2291 1772 2346 τά
1791 2291 1921 2358 τόξα

345 2380 524 2434 αὐτῶν
550 2381 947 2452 συντετρῖφθαι.

412 2472 711 2540 Κρεῖσσον
735 2475 945 2543 ὀλίγον
982 2472 1064 2540 τῷ
1087 2474 1311 2543 δικαίῳ.
1358 2474 1433 2532 Οὐ
1462 2473 1780 2548 προείρηται
1820 2470 1917 2548 μό-

342 2576 452 2623 νον,
484 2561 616 2614 ἀλλὰ
659 2561 724 2615 δι’
764 2562 939 2633 ἔργων
982 2563 1471 2637 ἀποπεπλήρωται.
1510 2566 1604 2619 καὶ
1642 2567 1732 2619 τὸν
1763 2566 1920 2619 ἄλλον

343 2647 399 2701 δὲ
448 2650 658 2721 χρόνον.
704 2652 760 2704 Ὀ
801 2652 899 2722 μὲν
941 2653 1147 2718 δίκαιος
1181 2655 1499 2725 πτωχεύων,
1542 2657 1792 2727 ἀρκεῖται
1844 2656 1921 2727 τῷ

344 2739 529 2810 ὀλίγῳ,
578 2739 954 2812 δεδιδαγμένος
994 2746 1050 2797 ἐν
1081 2750 1354 2818 προσευχῇ
1401 2747 1578 2815 λέγειν
1604 2765 1617 2779 ·
1668 2749 1778 2802 Τὸν
1815 2748 1918 2817 ἆρ-

348 2846 456 2882 τον
477 2829 645 2899 ἡμῶν
680 2836 786 2885 τὸν
818 2833 1130 2888 ἐπιούσιον
1165 2834 1272 2901 δὸς
1301 2836 1443 2905 ἡμῖν
1476 2835 1765 2907 σήμερον·
1802 2841 1831 2894 6
1863 2840 1919 2895 δὲ

348 2921 690 2991 ἁμαρτωλὸς,
736 2922 950 2995 πλούτῳ
1000 2926 1445 2998 περιῤῥεόμενος,
1511 2927 1716 2996 ἀγαθοῦ
1775 2946 1920 2992 τινος

348 3010 644 3064 ἀπόλαυσιν
681 3013 909 3083 νομίζει.
954 3015 1090 3075 ‘AD.’
1124 3015 1255 3087 ἐγὼ,
1289 3019 1471 3088 φησιν,
1500 3015 1560 3070 εὖ
1602 3015 1738 3085 οἶδα,
1771 3020 1918 3076 διδά-

350 3114 465 3152 σκω
494 3100 549 3154 δὲ
585 3102 679 3154 καὶ
715 3102 963 3174 ἐτέρους·
1010 3106 1090 3159 δτι
1151 3107 1326 3179 πολλῴ
1355 3107 1576 3179 βελτιων
1613 3111 1760 3164 ἐστὶν
1787 3113 1817 3165 6
1840 3111 1918 3165 6i-

346 3204 500 3254 καιος
528 3190 617 3244 τὸν
649 3193 923 3265 ἐφήμερον
959 3195 1120 3274 ἄρτον
1152 3198 1301 3271 παρά
1346 3198 1439 3253 τοῦ
1470 3200 1601 3255 Θεοῦ
1629 3202 1917 3274 λαμϐάνων

345 3279 437 3335 τοῦ
467 3280 572 3334 τῶν
622 3283 958 3356 ἁμαρτωλῶν
984 3271 1239 3342 στλούτου.
1271 3290 1333 3344 Et
1359 3290 1402 3345 δ’
1442 3293 1672 3366 ἐρωτᾷς,
1700 3271 1806 3367 ⁷τὴν
1837 3298 1921 3350 αί-

343 3372 462 3424 τίαν
505 3374 741 3444 μάνθανε
762 3393 775 3407 ·
807 3377 887 3431 ὅτι
917 3379 946 3436 6
980 3380 1078 3450 μὲν
1119 3380 1283 3452 ὀλίγῳ
1318 3384 1657 3456 ἀρκούμενος
1697 3387 1920 3458 ἔχειτὸν

347 3459 552 3535 Κύριον
582 3465 1012 3539 ὑποστηρίζοντα
1038 3471 1200 3525 αὐτοῦ
1223 3471 1320 3539 τὴν
1340 3473 1515 3547 ψυχὴν
1543 3476 1637 3531 καὶ
1656 3477 1754 3549 τὴν
1776 3477 1921 3551 ζωὴν

346 3552 442 3605 καὶ
472 3553 562 3607 τὸν
610 3554 745 3625 βίον,
794 3558 933 3631 ὑπὲρ
974 3560 1150 3613 πάντα
1188 3579 1249 3616 τε
1300 3564 1529 3619 πλοῦτον
1576 3568 1920 3639 ὲπαρκοῦντα

347 3642 497 3716 αὐτῷ
515 3661 528 3677 ·
559 3647 610 3698 οί
656 3646 711 3700 δὲ
750 3647 857 3701 τῶν
885 3651 1223 3721 ἁμαρτωλῶν
1250 3653 1530 3727 βραχίονες
1558 3658 1619 3710 οὐ
1646 3658 1922 3729 διαμένου-

350 3749 435 3788 σιν
471 3736 701 3808 ίσχυροὶ,
740 3738 862 3793 οὐδὲ
898 3743 927 3794 6
967 3741 1193 3806 πλοῦτος
1224 3745 1401 3798 αὐτῶν
1432 3746 1678 3817 βέϐαιος·
1715 3766 1921 3820 συντρι-

351 3823 607 3898 ϐήσονται
656 3828 766 3902 γάρ
810 3831 933 3885 ὅσον
968 3832 1177 3887 οὐδέπω
1225 3835 1505 3905 γενόμενοι
1545 3838 1676 3891 ὡσεὶ
1713 3838 1920 3909 λάχανα

348 3914 511 3986 χλόης
538 3917 630 3970 καὶ
658 3917 788 3972 ὡσεὶ
810 3919 1013 3999 χόρτος
1043 3921 1545 3995 ἀποξηραινόμενοι.

416 4006 709 4063 Γινώσκει
754 4011 969 4079 Κύριος
1016 4012 1120 4079 τὰς
1153 4012 1331 4079 ὀδοὺς
1360 4013 1478 4068 τῶν
1520 4014 1792 4086 ἀμώμων,
1821 4019 1921 4074 καί

344 4099 385 4167 ἡ
416 4102 780 4171 κληρονομία
800 4101 1001 4158 αὐτῶν
1016 4107 1102 4172 είς
1127 4107 1233 4159 τὸν
1252 4104 1436 4160 αίῶνα
1455 4107 1645 4163 ἔσται.
1676 4112 1757 4165 Οὐ
1782 4129 1904 4166 κατ·

342 4191 856 4260 αισχυνθήσονται
903 4197 975 4251 ἐν
1010 4196 1192 4268 καιρῷ
1236 4199 1495 4268 πονηρῷ,
1536 4202 1634 4254 καὶ
1667 4202 1736 4256 ἑν
1773 4204 1918 4274 ἡμέ·

338 4297 474 4348 ραις
516 4283 695 4353 ,λιμοῦ
749 4288 1288 4355 χορτασθήσονται,
1339 4290 1429 4344 ὅτι
1486 4295 1540 4347 oi
1586 4293 1918 4363 ἁμαρτωλοί

345 4373 733 4429 ἀπολοῦνται.
784 4374 908 4431 *Οτι
951 4379 1048 4433 τοῦ
1093 4380 1267 4449 δεξιοῦ
1314 4382 1614 4455 τάγματος,
1672 4384 1815 4455 λέγω
1863 4387 1921 4441 δι

2025 1928 2372 1984 invadentem
2402 1932 2773 2000 suspeximus,
2809 1946 2930 2001 qua
2963 1932 3091 1986 talis
3128 1932 3316 2001 utique
3357 1929 3481 1994 fuit,
3532 1938 3593 1982 ut

1986 2022 2162 2093 ~nibil
2187 2023 2525 2078 aberraverit
2567 2024 2615 2078 is
2656 2025 2749 2092 qui
2780 2025 2918 2079 dixit
2946 2025 3186 2094 gladium
3233 2038 3422 2079 eorum
3470 2020 3592 2076 inil-

2024 2129 2151 2167 xum
2183 2113 2239 2167 in
2271 2113 2437 2168 corda
2474 2113 2740 2184 ipsorum,
2771 2121 2827 2171 et
2855 2130 3016 2170 arcus
3045 2129 3234 2170 eorum
3278 2113 3595 2170 confractos

2022 2222 2165 2264 esse.

2091 2464 2263 2525 Vens.
2315 2466 2402 2525 I6.
2447 2465 2640 2524 Melius
2685 2476 2764 2525 est
2813 2466 3076 2526 modicum
3097 2466 3269 2542 justo,
3306 2475 3413 2529 elc.
3465 2466 3591 2528 nec

2021 2576 2131 2615 non
2163 2562 2326 2617 modo
2356 2562 2717 2631 praenuntiata
2748 2560 2928 2627 fuere,
2959 2562 3054 2618 sed
3083 2572 3138 2618 et
3169 2564 3292 2619 aliis
3332 2565 3591 2635 tempori-

2021 2650 2126 2707 bus
2158 2666 2324 2721 opere
2348 2651 2635 2722 completa.
2659 2649 2850 2708 Justus
2869 2653 3088 2723 quidem
3111 2668 3401 2724 pauperem
3426 2669 3591 2725 agens

2020 2742 2187 2795 vitam
2240 2742 2432 2812 paucis
2478 2749 2769 2798 contentus
2819 2752 2924 2810 est,
2979 2744 3045 2798 ad
3100 2745 3216 2800 haec
3257 2748 3310 2801 in
3344 2750 3590 2806 oratione

2022 2824 2346 2895 proferenda
2383 2825 2685 2890 institutus,
2720 2826 2921 2881 Panem
2956 2839 3194 2883 nostrum
3224 2831 3588 2900 quotidianum

2020 2914 2092 2969 da
2120 2915 2271 2971 nobis
2299 2915 2455 2972 hodie
2480 2918 2549 2971 ⁷ο.
2592 2915 2859 2973 Peccator
2894 2928 3072 2974 autem
3103 2919 3310 2976 divitiis
3340 2922 3587 2987 afﬂuens.

2020 3020 2082 3061 se
2111 3007 2252 3062 bono
2284 3006 2387 3061 frui
2419 3009 2737 3063 arbitratur.
2773 3009 2840 3063 At
2867 3010 3035 3080 probe
3064 3012 3211 3077 nori,
3267 3014 3465 3085 inquit,
3508 3016 3590 3070 id-

2019 3112 2127 3167 que
2173 3105 2401 3154 cazteros
2447 3099 2638 3162 doceo,
2677 3101 2848 3155 multo
2889 3104 3319 3171 praestantiorem
3357 3106 3590 3176 justum.

2019 3193 2111 3262 qui
2143 3193 2523 3263 quotidianum
2557 3210 2585 3249 a
2630 3194 2738 3251 Deo
2768 3210 2962 3266 panem
2993 3200 3209 3269 accipit,
3240 3209 3591 3270 peccatorum

2019 3284 2230 3339 divitiis
2256 3300 2399 3340 esse.
2434 3284 2589 3353 Quod
2623 3286 2669 3343 si
2719 3303 2941 3344 causam
2972 3291 3331 3360 perconteris,
3376 3292 3590 3347 ediscat

2020 3374 2170 3440 licet,
2204 3378 2330 3446 quia
2366 3378 2456 3433 ille
2488 3378 2709 3448 quidem
2742 3382 2931 3451 paucis
2957 3389 3270 3443 contentus,
3302 3380 3589 3439 Dominum

2020 3466 2184 3523 habet
2227 3469 2320 3539 qui
2355 3470 2592 3525 animam
2642 3481 2695 3525 ct
2725 3471 2892 3526 vitam
2941 3473 3061 3541 ejus
3113 3474 3320 3537 fulciat.
3377 3475 3590 3545 ipsique

2019 3558 2311 3630 plusquam
2362 3576 2553 3617 omnes
2591 3562 2796 3618 divitiae
2829 3563 3102 3620 sufﬁciat:
3156 3575 3211 3619 at
3243 3574 3588 3636 peccatorum

2019 3651 2247 3706 brachia
2277 3667 2385 3707 non
2415 3654 2641 3710 robusta
2688 3664 2930 3723 manent,
2962 3673 3141 3728 neque
3173 3657 3375 3714 divitia:
3400 3674 3589 3715 eorum

2022 3742 2192 3798 firmae
2241 3751 2408 3810 sunt;
2469 3761 2637 3816 prope
2665 3745 2807 3803 dicm
2833 3749 2977 3804 enim
3033 3756 3385 3805 conterentur
3432 3741 3588 3821 quasi

2020 3830 2168 3886 olera
2200 3832 2515 3898 herbarum,
2549 3845 2602 3889 et
2629 3844 2886 3907 tanquam
2918 3836 3101 3893 fenum
3130 3846 3401 3897 arescent.

2091 4003 2259 4064 Vens.
2306 4008 2371 4061 18
2401 4038 2425 4049 -
2455 4006 2544 4063 20.
2598 4005 2758 4064 Novit
2815 4008 3069 4065 Dominus
3120 4013 3232 4066 vias
3282 4013 3589 4070 immacula‘

2022 4106 2216 4162 torum,
2255 4110 2303 4153 et
2352 4099 2634 4154 ha’reditas
2677 4115 2859 4153 eorum
2907 4099 2961 4151 in
3010 4108 3263 4154 mternum
3313 4102 3434 4155 erit.
3468 4100 3592 4158 Non

2021 4191 2409 4261 confundantur
2448 4192 2501 4245 in
2537 4201 2761 4259 tempore
2790 4191 2952 4255 male,
3007 4200 3055 4244 et
3100 4191 3156 4244 in
3203 4191 3384 4246 diebus
3429 4193 3592 4262 {amis

2021 4284 2426 4347 saturabumur,
2457 4283 2581 4352 quia
2610 4290 2907 4351 peccatores
2934 4280 3197 4352 peribunt.
3228 4281 3367 4349 Quia
3400 4297 3590 4337 eorum

2022 4377 2113 4447 qui
2147 4376 2201 4430 in
2238 4376 2430 4429 dextro
2482 4375 2675 4429 ordine
2720 4382 2870 4442 sunt,
2900 4376 2953 4429 id
3003 4382 3088 4431 est
3132 4374 3427 4445 justorum,
3481 4391 3594 4431 non

342 4463 466 4559 cilia
480 4464 721 4533 δικαίων,
754 4470 816 4523 οὐ
847 4472 1004 4541 μόνον
1030 4473 1380 4546 ύποστηρίζει
1406 4478 1433 4530 6
1462 4476 1595 4540 Θεὸς
1625 4476 1722 4550 τὴν
1749 4478 1915 4551 ζωὴν,

2025 4468 2186 4523 modo
2232 4468 2399 4521 vitam
2437 4465 2591 4520 fulcit
2632 4464 2935 4534 Dominus;
2985 4467 3080 4522 sed
3113 4468 3278 4522 etiam
3312 4466 3451 4532 dies,
3496 4469 3589 4539 qui

345 4553 480 4607 ἀλλά
512 4559 609 4610 καὶ
644 4557 743 4623 τὰς
782 4563 1177 4631 περιμενούσας
1226 4566 1421 4631 αὐτοὺς
1458 4568 1516 4620 ἐν
1555 4567 1631 4640 τῷ
1675 4568 1919 4639 μέλλοντι

2024 4560 2174 4631 ipsos
2207 4560 2261 4613 in
2297 4558 2481 4613 futuro
2512 4558 2714 4613 saeculo
2754 4566 3096 4628 exspectant,
3126 4569 3381 4613 accurate
3415 4562 3589 4623 novit,

345 4646 500 4699 αἰῶνι
542 4649 755 4723 ἡμέρας
809 4653 1051 4724 ἀκριϐῶς
1089 4652 1216 4719 οῐδε,
1274 4661 1373 4730 τήν
1418 4676 1476 4713 τε
1517 4661 1921 4734 ἡτοιμασμένην

344 4737 527 4802 αὐτοῖς
575 4739 956 4815 κληρονομίαν,
1004 4744 1131 4819 περὶ
1170 4743 1239 4821 ἦς
1283 4752 1539 4822 ἀνωτέρω
1574 4752 1788 4824 ἐλέχθη.
1830 4753 1922 4807 Διὸ

343 4830 495 4884 οὐδὲν
522 4833 717 4899 αὖτοὺς
745 4836 1077 4909 καταϐλάψει
1108 4839 1168 4893 τὸ
1195 4840 1392 4912 βραχὺ,
1428 4844 1521 4896 καὶ
1549 4843 1789 4915 λυπηρὸν
1824 4845 1918 4900 τοῦ

345 4922 611 4997 παρόντος
652 4925 789 4997 βίου,
832 4931 1016 4983 καὶτὸ
1055 4931 1309 4986 πένεσθαι
1349 4935 1443 4988 καὶ
1489 4936 1788 5007 πτωχεύειν
1831 4937 1918 4992 διά

341 5013 435 5067 τὸν
460 5014 682 5088 Κύριον,
720 5019 1024 5091 Γυμνάσιον
1051 5021 1159 5094 γάρ
1192 5024 1368 5078 αὐτῶν
1393 5027 1508 5079 ἐστι
1538 5029 1634 5099 τῆς
1662 5029 1919 5102 προαιρέ-

345 5121 482 5171 σεως
512 5109 545 5178 ὴ
571 5112 856 5182 καρτερία,
888 5111 955 5165 δι’
983 5108 1051 5185 ἦς
1077 5113 1176 5185 τὴν
1218 5116 1410 5188 στενὴν
1431 5116 1524 5171 καὶ
1553 5119 1917 5192 τεθλιμμένην

343 5196 637 5266 ὁδεύοντες,
684 5203 962 5270 τεύξονται
1005 5205 1114 5259 τῶν
1163 5208 1606 5280 ἐπηγγελμένων.
1667 5212 1811 5265 Ἀντὶ
1859 5211 1915 5265 δὲ

339 5286 457 5347 τοῦ,
483 5288 776 5357 γινώσκει,
800 5294 828 5345 ό
851 5290 1166 5364 Σύμμαχος,
1194 5297 1479 5365 Προοῑδεν
1504 5302 1536 5352 ό
1567 5301 1783 5368 Κύριος
1807 5302 1915 5369 τὰς

340 5379 566 5449 ἡμέρας
597 5382 715 5435 τῶν
745 5383 1015 5454 ἀμώμων,
1049 5388 1328 5453 ἐξέδωκεν.
1364 5391 1473 5445 Καὶ
1514 5390 1641 5445 ἄλλο
1673 5392 1729 5445 δὲ
1773 5395 1912 5465 μέγα

343 5471 575 5544 ὑπάρξει
608 5474 852 5540 τούτοις·
903 5478 973 5531 ἐν
1015 5480 1125 5551 γὰρ
1170 5482 1353 5551 καιρῷ
1404 5483 1643 5553 πονηρῷ
1680 5488 1753 5538 οὺ
1785 5503 1915 5540 κατ-

342 5566 873 5635 αισχυνθήσονται,
899 5572 996 5625 καί
1018 5572 1088 5624 ἐν
1112 5573 1360 5642 τῂιέραις
1381 5576 1559 5646 ,λιμοῦ
1581 5579 1914 5650 χορτασθή-

411 5744 455 5777 "
492 5745 625 5803 Luc.
663 5765 741 5814 ιι,
775 5751 825 5807 3.

664 5841 937 5907 Pnaot.
981 5846 1097 5909 Gn.
1148 5842 1382 5909 XXIII.

2023 4659 2186 4722 atque
2237 4659 2484 4721 paratam
2521 4651 2629 4704 illis
2659 4649 3050 4714 hereditatem,
3086 4649 3155 4704 de
3196 4665 3302 4720 qua
3339 4650 3593 4719 superius

2020 4746 2227 4800 dictum
2278 4752 2383 4800 est.
2438 4742 2618 4809 Quare
2670 4743 2983 4798 nocumenti
3032 4742 3168 4796 nihil
3217 4740 3407 4796 afferet
3457 4742 3596 4812 ipsis

2022 4836 2315 4908 praesentis
2347 4836 2472 4890 vitae
2518 4835 2760 4889 brevitas
2812 4849 2877 4886 ae
2920 4833 3174 4897 tristitia,
3203 4841 3258 4886 et
3302 4832 3593 4903 pauperies

2019 4928 2315 4998 inopiaque
2355 4941 2519 4997 quam
2567 4940 2670 4996 pro
2717 4924 2946 4978 Domino
2991 4923 3223 4994 amplexi
3273 4932 3420 4979 sunt.
3454 4922 3589 4978 Nam

2019 5035 2211 5076 eorum
2241 5018 2506 5091 propositi
2543 5026 2599 5073 et
2626 5016 2928 5071 voluntatis
2962 5013 3279 5069 exercitatio
3320 5014 3423 5069 fuit
3454 5015 3593 5069 tole-

2020 5113 2220 5177 rantia,
2256 5128 2364 5183 qua
2411 5112 2467 5165 in
2518 5117 2748 5179 angusta
2803 5115 3065 5177 arctaque
3111 5106 3196 5159 via
3250 5104 3589 5170 incedentes,

2019 5205 2291 5275 promissa
2316 5209 2741 5271 consequentur.
2766 5195 2873 5254 Pro
2895 5199 2990 5253 illo
3020 5208 3222 5263 autem,
3249 5198 3410 5263 novit,
3439 5195 3595 5268 Sym-

2018 5296 2268 5359 machus,
2290 5293 2538 5364 prwvidit
2562 5292 2820 5347 Dominus
2848 5290 2960 5345 dies
2990 5289 3476 5353 immaculatorum,
3510 5290 3593 5351 im

2021 5396 2353 5459 terpretalus
2410 5395 2515 5441 est.
2576 5382 2846 5463 Aliudque
2903 5395 3158 5451 maguum
3208 5381 3409 5435 bonum
3455 5379 3592 5464 ipsis

2020 5479 2274 5535 Obveniet
2298 5496 2313 5546 ;
2343 5492 2463 5532 nam
2496 5478 2550 5531 in
2572 5489 2796 5545 tempore
2816 5474 2957 5528 malo
2979 5490 3082 5528 non
3110 5472 3519 5542 confundatur,
3540 5483 3592 5526 rt

2022 5575 2076 5628 in
2096 5571 2280 5629 diebus
2308 5568 2894 5650 {aniis'saturabuntun
2922 5565 3122 5624 Malum
3150 5574 3391 5639 tempus.
3422 5567 3477 5623 id
3506 5574 3595 5622 est

3226 5837 3401 5910 ﬂ‘.
