4100 6386
481 388 582 442 ’3Ὲί

1189 382 1458 442 EUSEBII
1489 377 1968 437 CASSARIENSIS
2006 376 2157 434 OPP.
2198 374 2380 431 PARS
2414 370 2501 432 Ill.
2543 408 2609 416 —-
2641 373 3048 439 EXEGETICA.

3650 371 3754 428 532

485 520 701 580 tempus
725 507 820 565 ira:
840 504 1105 564 adversus
1127 505 1344 577 impios,
1369 520 1478 575 quo
1503 503 1579 558 illi
1609 504 1829 575 quidem
1847 502 2059 574 justum

2164 514 2394 553 σονται.
2442 498 2649 570 Καιρδς
2686 496 2742 551 δὲ
2775 495 3014 570 πονηρός
3060 498 3209 551 ἐστιν
3253 496 3282 551 δ
3314 495 3414 566 τῆς
3460 493 3603 549 κατά
3645 493 3757 548 τῶν

487 602 581 658 Dei
603 602 874 673 judicium
903 600 1297 672 experientur;
1345 600 1439 669 qui
1473 612 1603 653 vero
1642 598 1698 652 in
1747 594 1939 650 dextro
1980 608 2066 649 or-

485 694 613 750 dine
656 702 810 759 sunt,
863 692 1117 765 gloriam,
1173 690 1436 746 honorem
1486 699 1541 745 ct
1598 686 2064 759 incorruptionem

485 785 835 851 obtinebunt,
873 792 931 839 ut
958 784 1053 856 qui
1092 783 1260 838 vitam
1293 789 1550 838 aeternam
1580 780 1916 852 quaesierint.
1951 777 2066 834 lmo

486 894 617 932 vero
645 886 853 934 statuto
885 885 1134 949 tempore
1164 876 1326 947 justi,
1357 875 1546 929 divino
1593 875 1853 929 alimento
1883 872 2063 943 potiti,

486 969 926 1035 saturabuntur;
962 976 1278 1038 peccatores
1320 972 1503 1020 autem
1534 963 1676 1018 fame
1724 972 1778 1017 et
1823 969 2066 1034 egestate

485 1060 830 1114 rationabilis
862 1060 969 1113 cibi
1011 1059 1288 1130 peribunt.
1321 1056 1454 1122 Quis
1496 1064 1675 1110 autem
1706 1055 1876 1110 oculis
1927 1070 2064 1108 con-

488 1153 786 1223 templatus
814 1152 1012 1223 impios
1044 1155 1137 1222 qui
1167 1166 1283 1206 aevo
1316 1156 1509 1203 nostro
1538 1163 1604 1203 ex
1635 1147 1867 1211 divitiis,
1895 1145 2065 1217 gloria

484 1253 538 1300 et
570 1245 927 1317 dignitatibus
963 1245 1017 1298 in
1052 1241 1417 1298 admiratione
1458 1240 1630 1303 fuere,
1668 1239 1723 1294 in
1758 1241 2065 1309 multasque

483 1341 674 1405 gentes
704 1332 996 1403 imperium
1026 1333 1337 1397 obtinuere,
1368 1340 1594 1401 repente
1615 1330 1683 1383 ab
1711 1328 1814 1383 hac
1843 1328 2065 1383 celsitu-

483 1425 613 1482 dine
667 1425 872 1496 lapsos,
920 1440 1029 1479 non
1075 1423 1310 1480 fateatur
1362 1438 1550 1479 verum
1604 1435 1728 1476 esse
1779 1419 2063 1474 oraculum

485 1519 802 1588 hujusmodi
838 1540 850 1574 :
884 1517 1098 1573 Inimici
1135 1534 1253 1573 vero
1282 1515 1520 1579 Domini,
1555 1530 1677 1568 mox
1708 1522 1766 1567 ut
1805 1512 2065 1581 honoriﬁ-

483 1611 591 1665 cati
629 1615 842 1680 [uerunt
884 1621 934 1666 et
978 1610 1226 1674 exaltati,
1275 1609 1575 1678 deﬁcientes
1620 1602 2064 1679 quemadmodum

482 1701 663 1770 fumus
702 1701 1049 1774 defecerunt?
1093 1700 1300 1755 Fumus
1346 1698 1605 1755 exstincti
1655 1697 1799 1769 ignis
1845 1696 2061 1768 signum

480 1803 567 1849 est
591 1814 603 1848 :
634 1810 805 1865 quare
826 1794 880 1849 hi
903 1793 998 1864 qui
1020 1803 1261 1865 tempore
1282 1807 1383 1847 suo
1406 1792 1666 1847 ardentes
1690 1790 1833 1862 ignis
1860 1790 2059 1854 instar,

2167 590 2380 644 ἀσεϐῶν
2415 589 2607 663 ὀργῆς.
2649 591 2709 643 ὲν
2747 583 2793 658 ᾧ
2836 592 2885 643 οἱ
2933 590 3033 660 μὲν
3078 588 3181 659 τῆς
3223 586 3621 659 δικαιοκρισίας
3658 584 3753 640 τοῦ

2167 680 2304 735 Θεοῦ
2332 682 2815 754 πειρασθήσονται,
2841 682 2888 734 oi
2916 680 2973 734 δὲ
2996 679 3091 733 τοῦ
3114 678 3290 746 δεξιοῦ
3323 680 3604 752 τάγματος
3628 676 3757 733 duo!

2166 774 2441 845 λείψονται
2467 774 2623 839 δόξαν
2664 773 2760 827 καὶ
2786 772 2951 844 τιμὴν
2983 774 3080 827 καὶ
3109 772 3435 846 ἀφθαρσίαν,
3464 770 3755 844 ζητοῦντες

2167 864 2312 937 ζωὴν
2362 865 2600 921 αἰώνιον.
2655 867 2730 919 Οὐ
2767 866 2873 938 μὴν
2907 865 3041 920 ἀλλά
3089 867 3183 919 καὶ
3227 866 3369 921 κατά
3410 866 3503 919 τὸν
3543 864 3752 919 ἑστῶτα

2169 958 2379 1030 καιρὸν,
2407 960 2455 1011 oi
2503 958 2603 1028 μὲν
2633 958 2832 1013 δίκαιοι
2863 959 2964 1029 τῆς
2992 958 3175 1013 ἐνθέου
3206 958 3414 1031 τροφῆς
3454 955 3752 1010 ἀπολαύον-

2166 1067 2258 1114 τες
2286 1050 2751 1122 χορτασθήσονται
2775 1068 2788 1082 ⁸
2829 1054 2878 1105 οἱ
2917 1048 2975 1105 δὲ
3004 1050 3318 1124 ἁμαρτωλοὶ
3353 1049 3496 1121 λιμῷ
3531 1050 3626 1102 καὶ
3665 1050 3752 1103 ὲν-

2164 1139 2282 1213 δείᾳ
2311 1141 2535 1213 λογικῆς
2571 1143 2778 1213 τροφῆς
2824 1142 3172 1197 ἀπολοῦνται.
3207 1142 3305 1206 Τίς
3344 1142 3403 1196 δὲ
3450 1140 3751 1212 ὀφθαλμοῖς

2167 1232 2498 1304 παραλαϐὼν
2529 1235 2656 1298 τοὺς
2686 1233 2809 1287 καθ’
2838 1235 2984 1306 ἡμᾶς
3008 1234 3226 1299 ἀσεϐεῖς
3257 1233 3471 1303 πλούτῳ
3506 1235 3601 1287 καὶ
3624 1233 3752 1307 δόξῃ

2168 1327 2262 1380 καὶ
2293 1324 2569 1397 ἀξιώμασι
2600 1325 3039 1399 θαυμασθέντας,
3076 1328 3327 1400 μεγάλων
3356 1344 3413 1380 τε
3446 1325 3616 1380 ἐθνῶν
3649 1325 3752 1399 ἀρ-

2167 1418 2381 1485 ξαντας.
2414 1419 2627 1492 ἀθρόως
2672 1421 3004 1485 ἐκπεσόντας
3045 1422 3141 1475 τοῦ
3186 1419 3497 1492 ὐψώματος,
3541 1419 3641 1472 οὐκ
3683 1417 3751 1472 ἀν

2164 1512 2552 1584 ὁμολογήσειεν
2597 1513 2773 1587 ἀληθῆ
2810 1515 3101 1585 τυγχάνειν
3137 1512 3198 1566 τὸ
3228 1514 3407 1585 φῆσαν
3438 1512 3650 1580 λόγιον·
3686 1513 3752 1565 Ol

2165 1603 2219 1657 δ’
2258 1604 2459 1673 ἐχθροί
2501 1604 2609 1658 τοῦ
2649 1605 2797 1660 Θεοῦ
2837 1605 2956 1676 ἅμα
3000 1604 3080 1671 τῷ
3124 1601 3496 1672 δοξασθῆιοαι
3528 1603 3754 1670 αὐτοὺς

2165 1694 2265 1751 καί
2284 1693 2614 1765 ἐπαρθῆναι
2640 1697 2993 1763 ἐκλιπόντες
3022 1696 3163 1750 ὡσεί
3193 1696 3422 1761 καπνὸς
3445 1694 3748 1759 ἐξέλιπον.

2167 1789 2390 1853 Καπνὸς
2416 1789 2473 1843 δὲ
2517 1789 2688 1862 πυρὸς
2720 1789 3040 1854 σϐεσθέντος
3070 1789 3294 1860 σημεῖον
3317 1804 3331 1817 ·
3375 1786 3455 1841 διὸ
3496 1788 3591 1841 καὶ
3636 1787 3755 1841 τοῦ-

477 1859 679 1943 deinde
697 1859 951 1943 exstincti
977 1859 1406 1951 sttnt,'similiter
1438 1886 1494 1939 in
1524 1859 1832 1955 exempium
1856 1883 2062 1938 haben-

2165 1899 2290 1947 τους
2316 1882 2492 1958 καιρῷ
2520 1859 2820 1952 φλέξαντας
2850 1883 3022 1953 πυρὸς
3054 1859 3232 1954 δίκην,
3260 1880 3495 1937 κᾶπειτα
3525 1881 3756 1935 ἀποσϐε-

475 1985 589 2033 tur.

549 2069 717 2128 Vens.
752 2071 842 2137 21,
866 2069 957 2125 ‘22.
1002 2069 1285 2125 Mutuatur
1328 2079 1589 2138 peccator,
1624 2079 1673 2124 et
1717 2085 1821 2123 non
1848 2068 2010 2124 solvet
2041 2085 2061 2122 :

476 2172 653 2218 iustus
705 2173 883 2219 autem
936 2163 1215 2218 miseretur
1243 2172 1293 2218 et
1347 2164 1559 2219 tribuet.
1615 2161 1710 2217 Ille
1750 2177 1875 2216 cum
1925 2161 2061 2216 nihil

477 2255 811 2323 possideret,
843 2256 1159 2326 multosque
1182 2269 1212 2308 a
1239 2254 1361 2309 viro
1384 2254 1537 2324 justo
1569 2253 1731 2309 utiles
1761 2254 2062 2309 salutares-

478 2362 587 2417 qne
614 2361 899 2402 sermones
928 2354 1124 2401 mutuo
1155 2349 1447 2416 acciperet,
1481 2354 1574 2399 aut
1598 2361 1627 2400 a
1653 2344 1761 2401 Deo
1779 2344 2061 2401 beneficiis

477 2447 793 2505 ornaretur,
818 2436 1064 2494 debitum
1087 2453 1196 2493 non
1222 2438 1406 2494 solvit.
1438 2436 1574 2491 Nam
1599 2436 1871 2507 adjutum,
1897 2452 2063 2508 opor-

477 2529 585 2583 tuit
633 2543 800 2598 opera
847 2543 912 2582 ac
959 2536 1114 2599 gesta
1152 2528 1397 2597 acceptis
1443 2527 1608 2598 digna
1665 2527 1945 2582 exhibere.
1991 2526 2062 2581 At

474 2621 571 2677 ille
599 2636 710 2675 non
739 2621 924 2684 solvit,
961 2628 1255 2691 manetque
1276 2619 1506 2689 justitia:
1534 2620 1791 2690 operibus
1830 2633 2059 2674 vacuus.

474 2710 665 2769 Justus
696 2728 826 2769 vero
857 2712 1065 2768 divitiis
1093 2727 1212 2782 quae
1262 2710 1565 2766 secundum
1610 2710 1779 2765 Deum
1811 2718 1941 2766 sunt
1973 2710 2053 2764 af.

473 2805 674 2871 fluens,
710 2805 1008 2863 miseretur
1043 2815 1099 2861 et
1150 2804 1343 2860 tribuit
1389 2803 1696 2874 egentibus.
1751 2800 1858 2857 Sed
1895 2803 2060 2858 etiam

473 2897 568 2967 qui
613 2896 766 2967 justo
796 2896 1150 2960 benedicunt,
1197 2894 1319 2963 ejus
1366 2891 1681 2947 coheredes
1710 2901 1890 2949 erunt.
1925 2889 2060 2946 Eam

471 2990 619 3042 enim
647 2988 824 3056 ipsam
853 3000 1150 3055 supernam
1183 2982 1575 3047 hmreditatem,
1611 2984 1903 3052 quazjusto
1930 2996 2059 3052 pro-

473 3078 650 3133 missa
674 3077 801 3143 fuit,
834 3077 1290 3139 benedicentibus
1311 3076 1520 3144 justum
1551 3075 1714 3129 etiam
1746 3075 2058 3145 pollicetur.

476 3172 611 3239 Quae
637 3177 949 3225 consonant
977 3170 1205 3224 oraculo
1247 3167 1521 3223 Abraham
1559 3169 1830 3237 spectanti
1880 3156 1945 3221 ac
1973 3167 2059 3221 di-
2088 3198 2130 3255 ο

474 3261 621 3318 uenti
649 3278 663 3314 :
695 3258 766 3314 Et
797 3259 1101 3313 benedicam
1134 3258 1491 3313 benedicentes
1520 3266 1568 3310 te
1589 3257 1656 3312 '“.
1686 3255 1821 3312 Illud
1853 3267 2061 3325 autem,

475 3352 860 3408 Matedicentes
909 3360 1087 3405 autem
1136 3352 1184 3405 ei
1231 3349 1586 3420 disperibunt,
1629 3349 1785 3404 aliine
1822 3357 1906 3406 est
1935 3351 2064 3407 huic

475 3442 545 3497 ad
573 3442 952 3498 Abrahamum
1003 3441 1172 3505 dicto,
1208 3450 1257 3495 et
1289 3438 1722 3494 maledicentibus
1752 3441 1846 3495 tibi
1890 3441 2063 3496 male-

472 3534 736 3589 dicam".
771 3531 1243 3600 Quemadmodum
1269 3531 1416 3587 enim
1447 3534 1540 3605 qui
1576 3533 1809 3606 lapidem
1838 3548 2059 3589 sursum

473 3627 628 3695 iacit,
673 3627 755 3681 sic
801 3625 895 3696 qui
945 3623 1254 3681 maledictis
1280 3625 1493 3696 justum
1528 3626 1758 3697 impetit,
1792 3628 1920 3698 quia
1950 3642 2061 3683 non

475 3724 660 3786 potest
710 3717 864 3786 justo
901 3715 1258 3772 maledictum
1307 3716 1538 3783 haerere,
1588 3725 1854 3773 retortum
1902 3717 1960 3772 in
2002 3732 2063 3774 se

476 3807 781 3862 maledicus
818 3808 1079 3878 excipiet.

544 4063 713 4122 Vsus.
761 4066 855 4134 25,
891 4067 983 4122 24.
1021 4066 1171 4138 Apud
1236 4066 1527 4123 Dominum
1566 4084 1779 4140 gressus
1830 4067 2058 4124 hominis

471 4157 789 4230 dirigentur.
819 4159 1027 4215 Praeter
1056 4174 1226 4230 supra
1260 4168 1584 4224 memorata,
1618 4162 1733 4217 haec
1765 4164 1929 4218 etiam
1960 4164 2059 4219 ho-

475 4251 608 4306 mini
639 4248 735 4306 Dei
770 4250 1013 4307 adsunt:
1047 4252 1167 4307 vias
1195 4252 1317 4322 ejus
1346 4251 1491 4309 Deus
1525 4256 1857 4325 complanat,
1897 4256 1971 4311 ita
2001 4266 2060 4312 ut

471 4345 588 4402 vita
636 4346 758 4416 ejus
810 4346 1045 4402 feliciter
1085 4348 1336 4403 elabatur
1366 4367 1378 4402 :
1414 4363 1478 4402 ac
1527 4350 1646 4404 sine
1677 4350 1788 4404 ullo
1825 4351 1983 4407 obice
2012 4354 2058 4408 is

471 4437 732 4507 religiose
767 4439 901 4508 agit,
950 4454 981 4493 a
1016 4440 1346 4510 nemineque
1386 4442 1795 4512 supplantatur,
1832 4452 2056 4517 propter

2164 1973 2406 2039 οθέντας,
2434 1974 2632 2046 ὁμοίως
2660 1975 2716 2027 ὲν
2739 1974 2818 2046 τῷ
2849 1973 3250 2047 παραδείγματι
3276 1972 3375 2044 (1).

2232 2065 2559 2127 Δανείζεται
2586 2069 2619 2120 ὀ
2666 2066 3038 2136 ἁμαρτωλὸς.
3084 2066 3183 2120 καὶ
3230 2068 3343 2119 οὐκ
3379 2065 3682 2121 ἀποτίσει·
3717 2066 3755 2120 δ

2161 2155 2230 2210 δὲ
2260 2155 2491 2222 δίκαιος
2524 2156 2793 2224 οίκτείρει
2830 2155 2928 2209 καὶ
2974 2154 3144 2209 διδοῖ.
3180 2154 3361 2226 Μηδὲν
3393 2156 3750 2227 κεκτημένος,

2163 2248 2312 2323 παρά
2343 2247 2438 2301 τοῦ
2472 2247 2677 2301 δικαίου
2708 2247 2967 2311 πολλάκις
2994 2246 3374 2319 δανειζόμενος
3397 2247 3591 2317 λόγους
3612 2248 3752 2318 ὠφε-

2161 2341 2353 2412 λίμους
2396 2340 2491 2394 καὶ
2533 2339 2856 2413 σωτηρίους,
2894 2340 2928 2411 ἢ
2964 2339 3115 2413 παρά
3143 2339 3240 2393 τοῦ
3267 2339 3403 2394 Θεοῦ
3433 2339 3753 2411 εὐεργεσίας

2161 2434 2466 2504 τυγχάνων,
2513 2434 2613 2487 οὐκ
2662 2433 2979 2487 ἀποτίννυσι
3018 2432 3118 2505 τὴν
3166 2433 3409 2505 ὀφειλήν.
3456 2433 3581 2487 Δέον
3642 2433 3753 2506 γάρ

2161 2523 2538 2595 ὠφεληθέντα,
2560 2523 2697 2596 ἔργα
2737 2524 2833 2578 καὶ
2878 2523 3108 2596 πράξεις
3140 2526 3442 2596 παρασχεῖν
3483 2524 3639 2591 ἀξίας
3676 2517 3753 2578 ὧν

2160 2616 2407 2687 εἴληφεν.
2451 2615 2508 2669 Ὀ
2542 2615 2599 2670 δὲ
2626 2616 2727 2669 οὐκ
2774 2615 3147 2679 ἀποτίννυσιν,
3193 2616 3348 2686 μένει
3390 2615 3447 2669 δὲ
3500 2616 3750 2688 ἀκαρπος

2158 2706 2270 2762 τῶν
2302 2709 2402 2780 τῆς
2430 2707 2779 2780 δικαιοσύνης
2817 2707 3013 2780 ἔργων.
3064 2708 3124 2761 '0
3155 2707 3211 2761 δὲ
3246 2707 3475 2773 δίκαιος,
3506 2708 3751 2764 πλουτῶν

2160 2803 2219 2854 ὲν
2246 2800 2324 2872 τῷ
2362 2801 2503 2855 κατά
2531 2800 2666 2854 Θεὸν
2695 2800 2931 2872 πλούτῳ,
2964 2800 3226 2871 οἰκτείρει
3260 2800 3355 2853 καὶ
3381 2801 3611 2873 παρέχει
3636 2803 3751 2866 τοῖς

2159 2892 2455 2964 δεομένοις.
2500 2892 2659 2946 Ἀλλά
2683 2894 2781 2947 καὶ
2815 2894 2866 2947 οἱ
2891 2893 2981 2945 τὸν
3012 2892 3220 2946 δίκαιον
3245 2892 3591 2962 εὐλογοῦντες
3621 2907 3752 2961 συγ-

2160 2983 2488 3055 κληρονόμοι
2518 2982 2686 3037 αὐτοῦ
2728 2983 3069 3054 γενήσονται.
3108 2982 3211 3035 Ἦν
3241 2982 3350 3053 γάρ
3387 2981 3751 3055 ἐπηγγείλατο

2161 3076 2442 3148 ἀνωτέραν
2472 3079 2584 3140 τοῖς
2612 3074 2842 3139 δικαίοις
2868 3074 3233 3146 κληρονομίαν
3274 3077 3300 3129 ὁ
3332 3074 3506 3142 λόγος,
3546 3075 3750 3149 ταύτην

2163 3167 2332 3239 αὐτὴν
2377 3167 2471 3220 καὶ
2518 3168 2632 3229 τοῖς
2678 3164 2961 3233 εὐλογοῦσι
3004 3164 3096 3220 τὸν
3141 3165 3347 3218 δίκαιον
3383 3166 3746 3236 ὑπισχνεῖται,

2166 3257 2478 3323 ἀκολούθως
2508 3257 2586 3329 τῷ
2625 3254 2762 3330 πρὸς
2792 3257 2887 3312 τὸν
2926 3257 3177 3330 Ἀϐραὰμ
3208 3257 3439 3330 χρησμῷ
3479 3260 3743 3330 φήσαντι’

2163 3352 2275 3407 Καὶ
2308 3349 2624 3422 εὐλογήσω
2655 3349 2800 3417 τοὺς
2839 3350 3247 3422 εὐλογοῦντάς
3293 3364 3385 3404 σε.
3419 3350 3491 3403 Τὸ
3523 3351 3600 3415 δὲ,
3633 3352 3744 3407 Καὶ

2164 3445 2220 3496 οἱ
2258 3441 2658 3511 καταρώμενοι
2689 3441 2877 3496 αὐτὸν
2905 3441 3538 3511 ἐξολοθρευθήσονται,
3563 3442 3749 3514 ὅμοιον

2164 3532 2232 3587 ἂν
2265 3532 2353 3603 εἴη
2395 3531 2471 3603 τῷ
2498 3531 2814 3602 λελεγμένῳ
2843 3532 2981 3603 πρὸς
3012 3532 3101 3586 τὸν
3144 3531 3392 3604 Ἀϐραάμ
3412 3547 3425 3561 ⁸
3470 3529 3581 3587 Καὶ
3607 3530 3749 3598 τοὺς

2164 3622 2617 3692 καταρωμένους
2639 3638 2714 3677 σε
2738 3620 3168 3694 καταράσομαι.
3197 3623 3409 3696 Ὠσπερ
3434 3621 3542 3696 γάρ
3572 3624 3602 3676 ὁ
3630 3620 3751 3692 βάλ-

2162 3712 2271 3767 λων
2308 3712 2455 3767 λίθον
2493 3714 2573 3778 εἰς
2608 3713 2739 3783 ὕψος
2770 3715 2862 3766 ἐπὶ
2893 3716 2991 3787 τὴν
3030 3713 3272 3786 κεφαλὴν
3316 3715 3511 3769 ἑαυτοῦ
3543 3713 3748 3786 βάλλει,

2160 3803 2334 3868 οὕτως
2371 3807 2399 3859 ὁ
2430 3805 2701 3876 κατάραις
2730 3806 2940 3877 βάλλων
2964 3806 3057 3860 τὸν
3082 3806 3313 3871 δίκαιον,
3341 3806 3430 3861 διά
3453 3806 3516 3860 τὸ
3547 3805 3623 3879 μὴ
3655 3806 3750 3861 δύο

2162 3897 2359 3952 νασθαι
2388 3898 2633 3970 κατάραν
2661 3897 2912 3952 ἵστασθαι
2934 3900 3055 3953 κατ’
3081 3898 3269 3963 αὑτοῦ,
3291 3899 3751 3968 ἀντιστρέφουσαν

2159 3989 2330 4062 αὐτὴν
2360 3991 2440 4055 είς
2460 3990 2652 4044 ἑαυτὸν
2685 3988 2935 4061 λήψεται.
3420 4050 3425 4055 ,

2230 4080 2397 4148 Παρὰ
2423 4081 2648 4149 Κυρίου
2692 4079 2765 4133 τὰ
2813 4079 3144 4148 διασήματα
3192 4074 3507 4144 ἀνθρώπου
3546 4092 3751 4132 κατευ·

2161 4173 2420 4228 θύνεται.
2460 4173 2606 4246 Πρὸς
2651 4176 2765 4237 τοῖς
2810 4172 3124 4243 εἰρημένοις
3166 4170 3260 4224 καὶ
3300 4168 3473 4222 ταῦτα
3515 4169 3748 4243 ὑπάρχει

2157 4264 2237 4337 τῷ
2262 4265 2358 4319 τοῦ
2391 4265 2526 4319 Θεοῦ
2569 4263 2875 4336 ἀνθρώπῳ·
2913 4262 3011 4326 τὰς
3049 4263 3201 4327 ὁδοὺς
3229 4260 3394 4316 αὑτοῦ
3439 4261 3747 4333 ὲξομαλίζει

2157 4359 2187 4412 ὁ
2219 4356 2371 4421 Θεὸς,
2400 4355 2542 4409 ὥστε
2592 4356 2803 4426 εὐροεῖν
2836 4354 3002 4408 αὑτοῦ
3034 4355 3127 4407 τὸν
3156 4354 3289 4425 βίον,
3332 4354 3426 4408 καὶ
3457 4355 3748 4426 ἀπαραπο-

2157 4447 2354 4511 δίστως
2404 4446 2698 4511 θεοσεϐεῖν,
2745 4445 2976 4516 μηδενὸς
3030 4446 3476 4511 ὑποσκελίζοντος
3523 4444 3611 4499 διά
3656 4444 3749 4498 τδν

470 4548 597 4587 eum
623 4534 715 4604 qui
739 4549 966 4605 gressus
988 4534 1110 4605 ejus
1132 4535 1342 4606 dirigit,
1369 4547 1421 4591 et
1444 4538 1584 4591 uiam
1611 4541 1726 4608 ejus
1747 4540 1902 4609 uolet,
1927 4542 2056 4612 quia

2163 4536 2565 4592 κατευθύνοντα
2609 4536 2775 4591 αὐτοῦ
2825 4537 2894 4590 τά
2931 4536 3264 4611 διαδήματα,
3310 4538 3408 4592 καὶ
3451 4535 3567 4604 τὴν
3602 4534 3750 4590 ὀδόν

470 4626 622 4682 illam
653 4626 1053 4699 approbatione
1080 4627 1302 4699 dignam
1335 4638 1490 4699 parat
1516 4648 1531 4695 ;
1567 4632 1640 4684 ita
1668 4639 1729 4686 ut
1757 4631 1880 4689 ideo
1905 4632 2055 4688 dica-

467 4723 584 4784 tur,
610 4728 660 4771 et
690 4720 827 4772 riam
854 4719 972 4790 ejus
1000 4720 1155 4776 uolet.
1182 4718 1316 4775 Cum
1343 4722 1587 4778 ceciderit
1611 4742 1714 4778 non
1749 4726 2054 4794 collidetur,

470 4810 600 4880 quia
650 4808 909 4866 Dominus
952 4814 1197 4884 supponit
1236 4831 1453 4869 manum
1497 4833 1671 4874 suam.
1727 4817 1785 4873 Si
1837 4820 2058 4891 quando

471 4900 758 4972 contingat
791 4920 915 4958 eum
945 4906 1056 4960 labi
1091 4917 1147 4961 et
1175 4906 1229 4961 in
1260 4909 1567 4965 tentatione
1591 4911 1811 4977 cadere,
1842 4926 1907 4967 ac
1956 4913 2060 4967 im-

471 4992 786 5064 pingentem
815 4994 870 5050 in
907 5006 1192 5067 peccatum
1216 5000 1517 5071 quodpiam
1544 5018 1724 5067 ruere,
1757 5018 1869 5058 non
1901 5004 2059 5058 colli-

472 5085 635 5141 detur
681 5093 906 5157 tamen;
937 5091 1033 5145 sed
1067 5098 1129 5145 ut
1166 5107 1470 5162 generosus
1509 5094 1735 5159 athleta,
1781 5111 1908 5149 cum
1947 5095 2056 5150 vim

472 5191 771 5249 perpessus
800 5180 1144 5253 aliquantum
1174 5186 1429 5251 cesserit,
1469 5185 1761 5243 confestim
1810 5202 1933 5243 sese
1970 5203 2059 5244 re-

471 5267 660 5342 cipiet.

543 5442 712 5503 Vsus.
741 5445 836 5511 25,
871 5446 967 5503 26.
1019 5446 1216 5504 Iunior
1257 5449 1359 5513 fui,
1405 5449 1599 5503 etenim
1645 5452 1816 5519 senui,
1866 5461 1914 5507 et
1953 5470 2058 5510 non

473 5537 578 5597 uidi
604 5539 820 5609 justum
846 5540 1177 5609 derelictum,
1206 5560 1302 5599 nec
1329 5559 1503 5616 semen
1532 5543 1651 5615 ejus
1680 5561 1921 5618 qurerens
1958 5563 2057 5619 pa-

544 5695 588 5727 "
627 5692 764 5752 Gen.
799 5712 900 5766 ιιι,
937 5700 991 5755 3.
1067 5700 1115 5733 "
1155 5700 1288 5765 ibid,

542 5841 620 5915 (l)
659 5839 864 5903 Texlus
891 5844 1123 5904 deﬁcere
1152 5848 1384 5905 videtur.

2164 4627 2352 4684 αὐτοῦ
2381 4628 2630 4695 θελήσει
2649 4668 2664 4692 ,
2694 4627 2964 4699 ἀποδοχῆς
2992 4630 3149 4696 ἀξίαν
3182 4627 3467 4683 ποιοῦνταο
3500 4626 3640 4679 ὥστε
3662 4625 3749 4679 λέ·-

2163 4720 2380 4791 γεσθαι,
2411 4720 2521 4775 Καὶ
2555 4720 2670 4787 τὴν
2693 4719 2836 4775 ὁδὸν
2864 4720 3051 4776 αὑτοῦ
3089 4719 3353 4789 θελήσει.
3390 4720 3567 4772 Ὅταν
3588 4716 3747 4786 πέσῃ

2163 4816 2237 4868 οὐ
2292 4812 2881 4883 καταρῤαχθήσεται,
2942 4813 3028 4869 ὅτι
3058 4814 3280 4881 Κύριος
3354 4807 3749 4879 ἀντιστηρίζει

2165 4903 2337 4974 χεῖρα
2376 4904 2584 4959 αὐτοῦ.
2613 4905 2676 4957 Εἰ
2718 4904 2774 4957 δὲ
2819 4904 2913 4958 καὶ
2963 4906 3151 4958 πεσεῖν
3180 4902 3339 4956 αὐτόν
3370 4917 3500 4955 ποτε
3530 4899 3749 4969 ὀλισθή-

2169 5010 2338 5046 σαντα
2385 4997 2587 5067 συμϐῇ,
2633 4997 2727 5050 καὶ
2763 4998 2820 5050 ὲν
2874 4995 3163 5067 πειρασμῷ
3212 4995 3503 5066 γενόμενος
3537 4990 3752 5063 ὀλισθή-

2168 5105 2330 5155 σειεν,
2376 5088 2612 5153 ὀκλάσας
2641 5108 2701 5144 τε
2754 5090 3020 5143 ὑποπέσοι
3058 5090 3165 5143 τινὶ
3216 5088 3593 5161 ἁμαρτήματι,
3635 5082 3750 5137 ἀλλ’

2164 5180 2226 5233 οὐ
2263 5180 2778 5253 καταῤῥαχθήσεται
2801 5200 2814 5211 ·
2865 5177 2954 5235 οἶα
2998 5181 3055 5235 δὲ
3086 5183 3333 5250 γενναῖος
3380 5176 3621 5248 ἀθλητὴς
3654 5176 3751 5229 ὲκ-

2166 5271 2408 5337 6ιασθεὶς
2448 5272 2543 5327 καὶ
2571 5273 2706 5346 πρὸς
2733 5272 2911 5342 ὀλίγον
2941 5271 3147 5336 ἐνδοὺς,
3183 5268 3529 5343 παραχρῆμα
3557 5264 3751 5319 ἑαυτὸν

2165 5365 2517 5438 ἀναλήψεται.

2234 5456 2531 5527 Νεώτερος
2588 5458 2906 5529 ἐγενόμην,
2969 5457 3066 5512 καί
3126 5455 3236 5527 γὰρ
3287 5452 3580 5525 ὲτῖὶρασα.
3650 5447 3749 5502 καὶ

2165 5552 2278 5606 οὐκ
2299 5546 2463 5608 εἶδον
2491 5548 2726 5607 δίκαιον
2774 5546 3428 5622 ἐγκαταιελειμμένον,
3482 5540 3626 5600 οὐδὲ
3684 5542 3750 5593 τὸ
