4100 6404
365 373 473 428 535

1497 363 1999 421 COMMENTARIA
2041 365 2107 420 IN
2149 361 2490 420 PSALMOS.

3530 361 3634 421 εει

371 491 611 560 σπέρμα
641 487 1064 557 αὐτουῈὴὲοῦν
1119 487 1357 557 ἄρτους.
1426 488 1563 540 Ἀλλ’
1629 492 1692 542 ἐκ
1749 488 1943 541 παίδων.

2054 505 2164 543 nes.
2206 489 2248 541 Α
2278 503 2486 558 puero,
2531 487 2740 557 inquit,
2795 487 2863 541 ad
2917 493 3252 544 senectutem
3281 503 3456 558 usque
3497 487 3638 557 justi

370 585 533 656 μέχρι
601 584 786 655 γήρως
850 583 942 634 τὸν
1010 580 1106 634 τοῦ
1167 580 1374 634 δικαέου
1441 581 1947 652 περιεργασάμενος

373 675 508 745 βίον.
545 675 664 728 Ὅτι
692 673 809 726 οὐδὲ
837 667 916 736 εἷς
951 672 1138 741 γέγονε
1167 673 1354 744 καιρὸς
1385 671 1507 724 καθ’
1532 672 1590 724 ὃν
1623 672 1826 744 ἕρημος
1852 691 1948 726 κα-

375 767 716 820 ταλέλειπται
759 767 788 818 ό
835 763 1060 827 δίκαιος,
1093 764 1178 816 ἀεὶ
1227 764 1283 816 δὲ
1316 763 1584 834 πάρεδρον
1630 764 1719 818 καὶ
1756 763 1948 836 βοηθὸν

375 860 633 929 κέκτηται
655 857 768 918 ,τὸν
798 854 991 908 ἑαυτοῦ
1032 854 1254 924 Κύριον.
1286 853 1376 906 Διό
1410 870 1601 922 φησιν’
1653 855 1947 922 Νεώτερος

370 952 678 1021 ἐγενόμην,
712 948 744 1018 ἦ
790 948 930 1001 κατὰ
968 947 1058 1000 τὸν
1092 946 1406 1018 Σύμμαχον,
1455 947 1592 1012 νέος
1633 947 1944 1016 ἐγενόμην,

367 1043 522 1099 ἀλλὰ
571 1042 669 1095 καὶ
699 1039 986 1111 ἐγήρασα,
1023 1039 1119 1092 καὶ
1150 1043 1261 1093 οὐκ
1301 1035 1465 1092 εἶδον
1506 1037 1738 1092 δίκαιον
1776 1040 1948 1107 ἐγκα-

366 1134 852 1204 ταλελειμμένον,
900 1131 1043 1186 οὐδὲ
1094 1133 1159 1185 τὸ
1215 1132 1454 1201 σπέρμα
1501 1132 1686 1186 αὐτοῦ
1735 1131 1948 1199 ζητοῦν

365 1229 604 1296 ἀρτους.
638 1227 746 1278 Καὶ
776 1224 892 1287 πῶς
931 1223 1039 1295 γὰρ
1068 1218 1179 1276 οἷόν
1210 1242 1267 1278 τε
1301 1220 1367 1295 ἦν
1397 1224 1457 1277 τὸ
1503 1225 1723 1295 σπέρμα
1750 1225 1844 1276 τοῦ
1871 1225 1948 1278 δι-

366 1318 522 1371 καίου
571 1316 752 1380 ἐνδεὲς
795 1316 974 1385 ἄρτων
1023 1315 1294 1382 γενέσθαι,
1329 1315 1491 1368 ὁπότε
1537 1315 1698 1376 αὐτὸς
1741 1314 1828 1368 διὰ
1859 1315 1947 1367 τὶν

365 1412 518 1482 παρὰ
564 1409 658 1464 τοῦ
708 1408 841 1462 Θεοῦ
891 1409 1294 1481 χορηγούμενον
1345 1408 1493 1479 αὐτῷ
1521 1407 1749 1462 πλοῦτον
1793 1408 1948 1474 ὅλην

365 1504 480 1573 τὴν
521 1503 748 1574 ἡμέραν
787 1503 948 1557 ἐλεεῖ
979 1503 1075 1556 καὶ
1110 1500 1396 1565 dar-citet;
1431 1503 1664 1574 Νοήσεις
1708 1501 1763 1554 δὲ
1790 1500 1948 1554 τοῦτο

365 1600 506 1650 κατὰ
553 1598 654 1668 μὲν
681 1596 778 1668 τὴν
809 1596 1049 1650 διάνοιαν
1102 1594 1310 1666 μαθὼν,
1345 1596 1449 1658 ὅτι,
1491 1593 1728 1648 τάλαντα
1766 1592 1946 1646 λαϐὼν

365 1689 517 1760 παρὰ
547 1688 642 1744 τοῦ
677 1689 1054 1742 οἰκοδεσπότου
1094 1690 1188 1742 καὶ⁵
1232 1689 1333 1759 τὴν
1367 1690 1503 1758 μνᾶν
1537 1688 1636 1758 τὴν
1671 1686 1820 1758 παρὰ
1851 1686 1944 1738 τού

363 1784 592 1855 Κυρίου,
636 1786 702 1854 τῇ
747 1783 952 1836 τούτων
997 1783 1195 1854 χρῆται
1238 1781 1594 1852 πραγματείᾳ
1635 1780 1946 1853 πειθαρχῶν

363 1874 441 1945 τῷ
468 1877 700 1945 φήσαντι
719 1891 732 1904 ·
766 1873 922 1929 Ἔδει
953 1889 1026 1928 σε
1054 1875 1121 1927 τὸ
1153 1874 1438 1942 ἀργύριόν
1467 1891 1588 1942 μου
1609 1873 1832 1938 βαλεῖν
1861 1876 1947 1938 είς

363 1965 674 2034 τράπεζαν.
725 1966 803 2020 Τὰ
848 1967 1022 2036 λόγια
1062 1968 1284 2034 Κυρίου
1321 1968 1499 2036 λόγια
1543 1965 1716 2034 ἁγνὰ,
1765 1966 1948 2034 ἀργύ-

363 2075 495 2125 ριον
546 2057 996 2128 πεπυρωμένον,
1045 2057 1318 2127 δοκίμιον
1361 2057 1436 2126 τῇ
1490 2057 1587 2127 γῇ.
1643 2059 1700 2110 Ὀ
1769 2058 1947 2111 τοίνυν

363 2152 720 2223 ἀνακείμενος
751 2154 817 2222 τῇ
848 2152 957 2204 τῶν
985 2151 1144 2206 θείων
1176 2153 1406 2222 ἀσκήσει
1433 2152 1626 2220 λόγων,
1655 2153 1747 2204 καὶ
1777 2151 1948 2205 πολλὰ

363 2244 554 2314 λογικὰ
580 2246 838 2317 χρήματα
868 2229 1209 2314 συναγαγὼν,
1235 2245 1386 2299 οὐδὲν
1419 2243 1606 2316 ἕτερον
1635 2240 1742 2298 οἶδε
1774 2245 1946 2316 πράτ-

361 2354 493 2399 τειν,
524 2337 556 2407 ἢ
585 2337 673 2389 διὰ
695 2337 875 2406 πάσης
905 2337 1117 2408 ἡμέρας
1159 2336 1328 2389 ἐλεεῖν
1356 2337 1450 2390 καὶ
1478 2336 1764 2401 δανείζειν.
1787 2336 1945 2390 Κατὰ

359 2431 417 2483 δὲ
460 2430 553 2482 τὸν
603 2428 856 2492 Ἀκύλαν,
893 2428 1046 2496 ὅλην
1091 2427 1206 2495 τὴν
1254 2428 1484 2497 ἡμέραν
1530 2428 1797 2497 δωρεῖται
1845 2429 1945 2483 καὶ

358 2521 636 2580 δανείζει·
678 2525 791 2584 τοῖς
839 2521 935 2592 μὲν
975 2522 1250 2592 δωρεῖται,
1294 2523 1408 2584 τοῖς
1453 2519 1509 2574 δὲ
1549 2520 1779 2586 δανείζει
1807 2538 1821 2552 ’
1876 2521 1944 2575 τά

361 2616 460 2685 μὲν
483 2614 729 2684 δόγματα
769 2613 1102 2684 θεωρήματα
1138 2613 1391 2683 δωρεῖται
1415 2614 1534 2676 ταῖς
1568 2611 1676 2665 τῶν
1705 2612 1946 2685 χωρούν-

359 2721 469 2758 των
496 2707 724 2775 ψυχαῖς⁸
759 2706 828 2758 τὰ
867 2705 909 2758 δ’
940 2707 998 2758 ὲν
1042 2704 1260 2775 ἠθικαῖς
1288 2705 1532 2766 ἐντολαῖς
1573 2704 1826 2768 δανείζει,
1853 2707 1945 2758 ἐπὶ

360 2796 440 2868 τῷ
483 2797 608 2859 τοὺς
644 2796 934 2866 είληφότας
965 2796 1029 2848 δι’
1075 2795 1252 2866 ἔργων
1280 2795 1370 2848 τὸν
1401 2795 1613 2864 καρπὸν
1655 2796 1944 2850 ἀποδοῦναι

361 2888 455 2942 τοῦ
482 2889 692 2950 δάνους.
738 2886 926 2951 Οὕτως
953 2887 1157 2959 ἀκούσῃ
1185 2888 1279 2941 καὶ
1305 2887 1584 2952 Μωῡσὲως
1613 2888 1946 2957 ἐπαγγελλο-

363 2981 524 3052 μένου
571 2982 680 3043 τοῖς
718 2979 826 3034 τῶν
869 2979 1026 3034 θείων
1077 2979 1256 3050 νόμων
1299 2978 1555 3047 φύλαξιν·
1596 2979 1676 3043 τὸ,
1719 2980 1945 3046 Δανιεῖς

360 3071 564 3126 ἔθνεσι
609 3071 881 3138 πολλοῖς,
927 3072 1007 3126 σὺ
1040 3071 1109 3124 δὲ
1141 3072 1214 3125 οὐ
1248 3071 1456 3124 δανιεῐ.
1487 3071 1598 3125 Καὶ
1639 3071 1828 3125 τοῦτόν
1879 3089 1943 3139 γε

359 3166 451 3219 τὸν
489 3166 688 3238 τρόπον
721 3168 771 3218 οἱ
807 3164 939 3218 θεῖοι
975 3164 1264 3218 ἀπόστολοι
1301 3164 1572 3230 ὲδάνειξον
1601 3164 1780 3218 ἔθνεσι
1810 3165 1941 3218 πολ·
1970 3197 2013 3254 c

358 3259 489 3327 λοῖς,
521 3259 618 3314 καὶ
647 3258 883 3330 μάλιστά
906 3275 971 3326 γε
1002 3259 1030 3310 ὀ
1061 3257 1297 3320 Παῦλος
1335 3258 1428 3311 καὶ
1457 3257 1544 3310 διὰ
1573 3256 1730 3310 τοῦτο
1763 3257 1815 3310 οἱ
1841 3275 1943 3328 μα-

358 3350 708 3422 θητευόμενοι
735 3350 938 3416 αὐτοῖς.
963 3350 1184 3422 σπέρμα
1202 3349 1354 3414 ὄντες
1373 3349 1574 3414 αὐτῶν,
1601 3350 1942 3404 οὐδεπώποτε

358 3441 558 3504 ἐνδεεῖς
586 3437 725 3512 ἦσαν
756 3442 936 3511 ἄρτων
960 3458 974 3473 ο
1011 3441 1106 3493 ἆτε
1140 3439 1206 3509 δὴ
1245 3439 1459 3510 ἔχοντες
1488 3440 1617 3504 τοὺς
1645 3441 1944 3512 χορηγοῦν-

359 3550 458 3596 τας
497 3533 678 3596 αὑτοῖς
722 3531 821 3604 τὴν
869 3532 1092 3602 λογικὴν
1131 3530 1357 3602 τροφὴν,
1391 3526 1459 3602 ἦς
1502 3530 1944 3602 μεταλαμϐάνον-

355 3642 470 3690 τες,
523 3623 794 3693 εὐλογίαις
840 3623 1194 3695 ἐπληροῦντο.
1248 3623 1339 3676 Διὸ
1387 3624 1669 3678 λέλεκταν
1715 3625 1826 3678 Καὶ
1875 3624 1944 3679 τὸ

357 3714 597 3786 σπέρμα
632 3715 819 3770 αὑτοῦ
846 3718 935 3783 εὶς
971 3715 1257 3786 εὐλογίαν
1298 3714 1492 3769 ἔσται.
1522 3717 1634 3770 Καὶ
1677 3716 1819 3770 κατὰ
1854 3717 1944 3787 ψι-

357 3809 456 3880 λὴν
485 3809 542 3861 δὲ
578 3809 675 3878 τὴν
703 3806 866 3872 λέξιν,
901 3807 1067 3870 εἴτις
1105 3807 1384 3876 λογίσαιτο
1418 3810 1568 3871 ὅπως
1611 3807 1827 3880 εἴρηται
1865 3809 1942 3880 τῷ

358 3900 571 3972 Σωτῆρι
607 3900 688 3963 τὸ,
719 3900 828 3954 Καὶ
863 3898 934 3954 ἐν
961 3899 1042 3965 τῷ
1065 3898 1232 3952 αἰῶνι
1263 3901 1452 3966 τούτῳ
1497 3900 1944 3954 ἑκατονταπλα-

355 3993 536 4046 σίονα
561 3991 838 4060 λήψεται,
870 3991 1052 4062 ἔργοις
1094 4008 1156 4043 τε
1200 3992 1384 4055 αὐτοῖς
1417 3991 1672 4046 θεάσαιτο
1703 3993 1940 4066 πληρού-

361 4100 520 4157 μενον
552 4085 644 4137 τὸν
686 4084 844 4153 λόγον
894 4084 984 4138 διὰ
1031 4083 1138 4137 τῶν
1192 4083 1358 4138 αὐτοῦ
1427 4084 1705 4156 μαθητῶν,
1751 4087 1940 4156 ὄψεται

358 4175 477 4238 πῶς
499 4177 527 4228 ό
549 4175 756 4239 δίκαιος
779 4173 908 4246 ὃλην
939 4174 1036 4246 τὴν
1062 4175 1275 4247 ἡμέραν
1299 4175 1441 4228 ἐλεεῖ
1467 4177 1560 4228 καὶ
1587 4175 1840 4240 δανείζει.
1876 4177 1940 4230 Ei

356 4265 466 4336 γὰρ
493 4265 713 4318 πάντων
740 4265 850 4318 τῶν
879 4265 1245 4320 πιστευόντων
1268 4260 1338 4336 ἦν
1364 4267 1397 4335 ἡ
1442 4265 1588 4338 ψυχὴ
1621 4267 1717 4320 καὶ
1743 4269 1776 4338 ἡ
1806 4285 1942 4338 καρ·

354 4355 444 4409 δία
497 4356 614 4427 μία,
669 4357 764 4410 καὶ
806 4356 980 4420 οὐδεὶς
1029 4355 1215 4425 ἔλεγεν
1261 4355 1391 4410 ἴδιόν
1429 4374 1481 4410 τι
1534 4357 1728 4411 ἑαυτοῦ
1777 4355 1937 4421 εἶναι,

354 4448 470 4502 ἀλλ’
505 4444 575 4520 ἦν
599 4449 775 4502 πάντα
815 4453 990 4511 κοινὰ,
1016 4451 1130 4504 ὅσοι
1163 4469 1224 4505 τε
1255 4447 1398 4523 ἦσαν
1426 4450 1609 4524 κύριοι
1639 4452 1938 4522 κτημάτων

2049 581 2216 634 vitam
2244 579 2486 635 studiose
2513 578 2774 650 perpendi
2801 597 2816 636 :
2862 579 3011 632 nullo
3046 580 3248 649 quippe
3275 587 3519 650 tempore
3543 579 3636 649 ju-

2050 680 2172 725 stus
2197 671 2486 732 deseritur,
2517 671 2611 726 sed
2645 669 2936 724 Dominum
2987 684 3147 727 suum
3190 685 3407 742 semper
3449 681 3638 726 astan-
3698 676 3706 684 '

2049 771 2156 818 tem
2187 765 2681 834 opitulatoremque
2709 761 2895 818 habet.
2929 761 3111 828 Quare
3153 763 3263 828 ait,
3298 763 3487 832 junior
3525 761 3634 833 fui,

2049 857 2165 911 sive
2194 857 2497 911 secundum
2532 855 2942 927 Symmachum,
2969 855 3179 924 juvenis
3202 855 3303 925 fui,
3331 855 3421 910 sed
3447 858 3636 923 senui,

2046 958 2098 1002 et
2119 966 2222 1002 non
2255 950 2358 1003 vidi
2381 949 2592 1019 justum
2621 947 2965 1011 derelictum,
2998 963 3090 1000 nec
3134 963 3308 1000 semen
3338 947 3458 1016 ejus
3493 963 3639 1017 quae-

2048 1056 2166 1093 rens
2195 1056 2378 1104 panes.
2413 1038 2477 1092 Et
2505 1037 2620 1108 qui,
2653 1052 2862 1108 quaeso,
2889 1045 3070 1106 potest
3094 1036 3230 1105 justi
3262 1051 3448 1092 semen
3477 1027 3638 1107 cgere

2048 1133 2304 1204 panibus,
2337 1132 2558 1204 quando
2597 1132 2734 1201 ipse,
2789 1130 2900 1185 Deo
2944 1130 3166 1184 divitias
3209 1130 3313 1185 sibi
3368 1130 3640 1185 submini-

2047 1234 2278 1291 strante,
2314 1235 2426 1279 tota
2450 1223 2534 1277 die
2559 1224 2840 1277 miseretur
2869 1231 2919 1276 et
2949 1223 3294 1278 commodat?
3326 1221 3450 1277 Ηωο
3474 1235 3640 1292 porro

2047 1319 2321 1390 intelligas
2371 1333 2433 1371 ac
2467 1323 2650 1372 mente
2699 1315 2992 1387 percipias,
3027 1316 3072 1372 si
3105 1315 3399 1372 edidiceris
3457 1316 3638 1386 ipsum

2047 1426 2170 1464 cum
2195 1411 2396 1466 talenta
2425 1425 2454 1462 a
2479 1407 2892 1480 patrefamilias,
2922 1415 2977 1464 et
3010 1423 3190 1462 mnam
3223 1424 3252 1462 a
3288 1406 3520 1462 Domino
3547 1423 3642 1462 ac-

2046 1502 2310 1571 cepisset,
2345 1501 2412 1556 iis
2441 1501 2508 1556 ad
2543 1500 2974 1570 negotiationem
3013 1516 3170 1555 usum
3205 1515 3328 1556 esse
3349 1539 3362 1562 ,
3408 1499 3640 1555 Domino

2046 1593 2512 1664 obtemperantem
2558 1592 2631 1646 ita
2662 1593 2950 1662 loquenti:
2990 1593 3239 1662 Oportuit
3273 1601 3320 1647 te
3359 1593 3640 1662 pecuniam

2047 1701 2217 1739 meam
2233 1684 2426 1754 jecisse
2455 1683 2525 1735 ad
2555 1700 2790 1737 mensam
2814 1684 2880 1738 ⁷³.
2917 1683 3143 1754 Eloquia
3165 1684 3400 1750 Domini,
3431 1685 3639 1755 eloquia

2047 1783 2220 1838 casta,
2241 1785 2513 1847 argentum
2537 1775 2654 1844 igne
2683 1777 3070 1840 examinatum,
3094 1776 3375 1845 probatum
3396 1787 3551 1832 terra:
3569 1777 3636 1832 ⁷⁸.

1980 1849 2020 1906 Β
2050 1868 2314 1938 Quisquis
2345 1868 2512 1938 igitur
2533 1861 2705 1922 divini
2741 1869 3012 1923 sermonis
3037 1871 3302 1925 exercitio
3333 1871 3636 1934 incumbit,

2049 1962 2361 2029 multasque
2414 1957 2768 2012 rationabiles
2811 1957 3033 2014 divitias
3091 1959 3336 2030 colligit,
3395 1960 3442 2015 is
3495 1961 3632 2016 nihil

2049 2053 2198 2107 aliud
2230 2067 2392 2122 agere
2426 2052 2606 2114 novit,
2648 2067 2812 2122 quam
2843 2059 2902 2105 ut
2933 2060 3048 2106 tota
3075 2053 3164 2107 die
3211 2054 3541 2109 misereatur
3584 2064 3640 2110 et

2047 2143 2380 2198 commodet.
2411 2141 2724 2197 Secundum
2772 2141 3026 2212 Aquilam
3065 2159 3196 2199 vero
3220 2184 3235 2208 ,
3284 2154 3394 2200 tota
3425 2144 3510 2201 die
3542 2146 3638 2201 dat

2045 2246 2095 2290 et
2129 2235 2465 2290 commodat:
2495 2235 2618 2289 aliis
2657 2234 2878 2305 quidem
2933 2235 3067 2300 dat,
3117 2237 3239 2291 aliis
3272 2246 3454 2293 autem
3487 2254 3641 2292 com-

2045 2329 2270 2396 modat;
2305 2328 2558 2399 dogmata
2588 2327 2654 2381 ad
2705 2329 3136 2398 speculationem
3183 2329 3278 2385 dat
3307 2331 3375 2386 iis
3401 2345 3637 2402 quorum

2046 2435 2278 2490 capaces
2312 2421 2506 2474 anima:
2536 2428 2695 2486 sunt;
2733 2421 2962 2475 moralia
3001 2430 3270 2493 praecepta
3299 2423 3634 2484 commodat.

2047 2525 2109 2568 ut
2141 2515 2234 2584 qui
2269 2513 2623 2582 acceperint,
2687 2521 2880 2568 mutuo
2917 2516 3130 2583 accepti
3187 2516 3424 2571 fructum
3459 2517 3641 2586 operi-

2045 2607 2150 2663 bus
2178 2606 2429 2662 reddant.
2469 2606 2562 2660 Sic
2591 2606 2784 2661 audias
2819 2605 3059 2677 Moysem
3101 2607 3409 2662 divinarum
3457 2610 3636 2678 legum

2045 2699 2350 2754 cultoribus
2414 2699 2521 2754 hoc
2575 2699 2928 2767 pollicentem
2969 2718 2982 2753 :
3034 2697 3346 2754 Faenerabis
3393 2698 3636 2768 gentibus

2047 2794 2252 2855 multis,
2285 2800 2335 2846 et
2367 2802 2423 2845 tu
2472 2809 2575 2846 non
2630 2793 2781 2862 fenus
2832 2793 3055 2861 accipies
3095 2792 3164 2845 ⁷⁸.
3231 2791 3297 2846 Et
3343 2807 3410 2847 eo
3447 2793 3638 2862 utiquo

2045 2885 2209 2940 modo
2245 2885 2416 2939 divini
2451 2885 2686 2954 apostoli
2721 2887 3067 2941 [tenerabant
3099 2886 3358 2956 gentibus
3403 2887 3591 2942 multis
3618 2928 3636 2953 ,

2045 2977 2392 3047 maximeque
2424 2975 2628 3031 Paulus
2667 2996 2682 3031 :
2729 2992 2902 3048 quare
2947 2978 3208 3049 discipuli
3255 2991 3448 3034 eorum
3475 3017 3492 3044 ,
3535 2981 3632 3048 qui

2048 3086 2237 3127 semen
2275 3071 2518 3140 ipsorum
2562 3079 2742 3134 erant,
2773 3087 3056 3142 nunquam
3091 3073 3323 3142 egebant
3357 3073 3594 3143 panibus
3619 3115 3634 3136 .

2047 3172 2235 3233 utpote
2261 3164 2464 3234 quibus
2488 3164 2746 3220 adessent
2767 3165 2860 3236 qui
2884 3166 3262 3221 rationabilem
3293 3167 3477 3221 cibum
3500 3181 3605 3236 sup
3621 3196 3636 3207 ς

2047 3253 2352 3325 peditarent
2382 3273 2394 3309 :
2434 3255 2593 3324 cujus
2628 3255 2927 3325 participes
2955 3270 3082 3310 cum
3137 3263 3357 3320 essent,
3413 3255 3638 3310 benedi-

2046 3348 2322 3403 ctionibus
2351 3349 2726 3418 replebantur.
2757 3346 3125 3414 Quamobrem
3155 3348 3362 3403 dictum
3398 3359 3515 3411 est,
3565 3346 3639 3401 Et

2045 3457 2219 3495 semen
2242 3440 2355 3510 ejus
2377 3441 2433 3495 in
2457 3440 2814 3496 benedictione
2850 3442 2972 3496 erit.
3025 3440 3083 3496 Si
3115 3441 3242 3512 quis
3275 3456 3406 3496 vero
3433 3455 3636 3495 secum-

2043 3534 2173 3588 dum
2215 3535 2415 3589 nudam
2465 3535 2752 3590 lectionem
2802 3548 2988 3589 secum
3038 3534 3372 3602 reputaverit
3401 3549 3507 3601 qua
3540 3548 3634 3586 ra—

2045 3626 2194 3681 tione
2233 3641 2264 3679 a
2295 3624 2577 3694 Salvatore
2609 3627 2818 3681 dictum
2851 3627 2956 3690 sit,
2997 3624 3061 3679 In
3102 3625 3198 3679 hoc
3224 3625 3420 3679 stucqu
3453 3633 3636 3678 centu-

2043 3717 2190 3786 plum
2220 3717 2430 3786 recipiet
2457 3717 2526 3782 ⁷⁸,
2552 3735 2780 3789 remque
2828 3734 2994 3789 opere
3033 3734 3131 3788 per
3177 3718 3301 3787 ejus
3331 3718 3636 3787 discipulos

2043 3810 2452 3878 comprobatam
2507 3809 2747 3875 viderit,
2819 3811 2868 3865 is
2925 3826 3058 3866 sane
3108 3809 3478 3880 deprehendet
3525 3827 3635 3880 quo

2043 3909 2206 3968 pacto
2229 3899 2416 3968 justus
2443 3906 2558 3953 tota
2581 3899 2672 3954 die
2702 3901 3030 3955 misereatur
3060 3908 3116 3954 et
3143 3900 3475 3956 commodet.
3498 3899 3633 3954 Nam

2044 3990 2090 4045 si
2117 3989 2363 4044 omnium
2398 3989 2638 4044 ﬁdelium
2668 4005 2766 4045 cor
2793 4006 2962 4044 unum
3000 3998 3058 4046 et
3107 3991 3292 4046 anima
3327 4007 3434 4046 una
3469 4001 3592 4046 erat
3618 4031 3632 4056 ,

2041 4082 2339 4151 nullusque
2371 4082 2587 4136 dicebat
2618 4082 2721 4136 sibi
2755 4083 2886 4151 quid
2916 4082 3198 4151 proprium
3231 4097 3378 4146 esse.
3413 4083 3504 4136 sed
3527 4100 3635 4138 om.

2043 4169 2134 4223 nia
2161 4177 2312 4222 erant
2363 4168 2687 4230 communia,
2721 4175 2776 4222 et
2808 4175 3078 4237 quotquot
3107 4182 3458 4236 possessores
3489 4183 3633 4238 prte-

2041 4261 2259 4316 diorum
2289 4269 2469 4322 erant,
2499 4259 2800 4315 vendentes
2833 4261 3110 4330 ponebant
3154 4267 3280 4314 ante
3310 4261 3474 4330 pedes
3502 4275 3636 4330 ape.

2043 4359 2334 4423 stolorum,
2366 4357 2797 4427 dividebantque
2843 4357 3076 4427 singulis
3109 4366 3265 4426 prout
3295 4359 3477 4427 cuique
3502 4374 3632 4422 opus

2039 4460 2154 4505 erat
2184 4449 2264 4514 ⁷⁷;
2299 4448 2651 4504 manifestum
2682 4466 2814 4504 sane
2847 4457 2931 4503 est
2971 4451 3120 4520 ipsos
3156 4458 3268 4504 tota
3297 4452 3386 4506 die
3433 4451 3632 4506 miser-

356 4541 758 4612 πιπράσκοντες
789 4541 1036 4596 ἐτίθεσαν
1063 4543 1213 4613 παρὰ
1228 4545 1356 4608 τοὺς
1379 4543 1548 4608 πόδας
1577 4543 1683 4597 τῶν
1703 4545 1935 4598 ἀποστόδ-

2044 4553 2129 4597 tos
2161 4557 2285 4597 esse
2310 4549 2364 4595 et
2393 4542 2793 4597 commodasse.

353 4631 481 4695 λων,
512 4631 588 4684 διε
597 4632 816 4702 μέριζόν
833 4649 891 4684 τε
913 4632 1147 4705 ἑκάστῳ,
1181 4635 1369 4688 καθότι
1397 4633 1463 4690 ἄν
1483 4651 1568 4697 τις
1593 4636 1781 4707 χρείαν
1804 4633 1938 4707 εἶχε
1958 4635 2116 4708 δῆλον
2143 4635 2296 4698 ὅπως
2319 4633 2448 4706 ὃλην
2467 4635 2567 4707 τὴν
2600 4637 2812 4708 ἡμέραν
2837 4628 2983 4689 οὗτοι
3013 4635 3205 4706 ἠλέουν
3225 4637 3318 4689 καὶ
3341 4634 3630 4699 ἐδάνειζον.

428 4753 750 4804 Ἕκκλινον
791 4750 911 4806 ἀπὸ
959 4752 1169 4818 κακοῦ,
1219 4755 1318 4808 καὶ
1369 4755 1632 4824 ποίησον
1683 4756 1930 4827 ἀγαθόν.

366 4839 768 4912 Ἐλευθερώσας
814 4843 1036 4896 σεαυτὸν
1083 4843 1264 4916 πάσης
1309 4846 1527 4912 κακίας,
1556 4845 1648 4901 ἐπὶ
1697 4849 1777 4901 σοὶ
1826 4848 1934 4920 γάρ

353 4935 469 4988 ἐστι
498 4934 675 4998 τοῦτο,
711 4936 803 4988 καὶ
840 4935 1118 5008 βουληθεὶς
1161 4932 1400 5010 δυνήσῃ·
1444 4938 1507 4991 ού
1554 4939 1660 5010 μὴν
1708 4936 1809 5012 ἤδη
1845 4938 1934 4994 τέ-

352 5027 495 5091 λειος
529 5027 624 5098 ἔσῃ
667 5023 825 5081 τοῦτο
853 5026 1085 5100 πράξας,
1111 5031 1159 5082 εἰ
1212 5029 1286 5100 μὴ
1321 5031 1414 5084 καὶ
1456 5031 1516 5084 τὸ
1549 5029 1801 5105 δεύτερόν
1854 5051 1934 5088 σοι

358 5116 555 5191 παρείη
583 5137 595 5149 ·
626 5117 783 5172 τοῦτο
809 5117 851 5171 δ’
881 5119 997 5174 ἐστὶ
1023 5117 1084 5173 τὸ
1106 5119 1431 5192 ἐργάζεσθαι
1457 5119 1518 5174 τὸ
1544 5123 1766 5190 ἀγαθόν.
1791 5120 1936 5196 Πρὸς

354 5209 462 5281 γὰρ
492 5207 552 5262 τὸ
588 5208 662 5279 μὴ
693 5207 943 5262 κλέπτειν
970 5213 1234 5282 προσήκει
1263 5229 1322 5264 σε
1362 5212 1456 5264 καὶ
1485 5210 1593 5264 τῶν
1628 5210 1734 5266 σῶν
1764 5213 1938 5287 ὓπαρ-

352 5303 556 5375 χόντων
602 5306 714 5368 τοῖς
763 5301 1036 5374 δεομένοις
1079 5308 1390 5359 κοινωνεῖν
1438 5305 1531 5359 καὶ
1578 5307 1715 5379 πρὸς
1753 5306 1815 5362 τὸ
1861 5309 1934 5381 μὴ

353 5395 718 5459 πλεονεκτεῖν,
748 5395 954 5469 ἕτερον,
985 5395 1046 5451 τὸ
1088 5397 1182 5451 καὶ
1228 5398 1536 5470 εὐεργετεῖν
1578 5403 1704 5464 τοὺς
1739 5400 1931 5474 δεομέ-

349 5506 510 5555 νουςέ
541 5489 634 5543 καὶ
660 5489 796 5561 πρὸς
819 5489 880 5546 τὸ
909 5490 1106 5554 κακίας
1138 5491 1458 5563 ἀπέχεσθαι,
1488 5491 1547 5546 τὸ
1598 5494 1683 5549 καὶ
1713 5491 1933 5566 ἑτέρους

350 5580 458 5636 ἀπὸ
497 5581 694 5646 κακίας
730 5582 972 5654 ῥύεσθαι.
1022 5581 1189 5637 Ἐπὰν
1227 5582 1284 5638 δὲ
1324 5584 1494 5638 ταῦτα
1543 5587 1791 5657 ποιήσῃς,
1827 5604 1930 5641 κα-

351 5675 682 5741 τασκήνου,
729 5675 914 5746 φησὶν,
953 5677 1040 5742 είς
1079 5673 1265 5730 αἰῶνα
1307 5676 1539 5745 αὶῶνος.
1602 5677 1746 5731 Ἀνθ’
1795 5669 1857 5731 οὗ
1906 5679 1933 5732 ὁ

448 5830 493 5860 ⁷⁸
531 5827 664 5886 Luc.
700 5847 827 5898 χιι,
864 5831 954 5886 23.
1034 5833 1080 5866 "
1118 5832 1260 5890 Psal.
1296 5848 1383 5900 χι,
1421 5792 1500 5890 7..

2113 4754 2281 4810 Vens.
2315 4754 2546 4812 27-29.
2601 4754 2826 4809 Declina
2877 4771 2910 4808 a
2954 4753 3126 4819 malo,
3165 4763 3215 4807 et
3269 4753 3358 4823 fac
3417 4753 3630 4812 bonum.

2044 4849 2181 4906 Cum
2217 4858 2271 4906 te
2306 4850 2374 4904 ab
2400 4849 2549 4905 omni
2591 4849 2797 4904 malitia
2829 4847 3132 4912 exemeris,
3187 4863 3354 4917 penes
3397 4853 3453 4902 te
3487 4848 3632 4903 enim

2040 4942 2174 4999 illud
2206 4951 2325 5006 est,
2356 4950 2410 4999 et
2445 4943 2490 4998 si
2524 4943 2658 4998 velis
2686 4943 2931 5013 poteris;
2977 4956 3088 4995 non
3121 4940 3339 5006 statim,
3371 4940 3476 4996 hoc
3509 4957 3634 5011 per-

2044 5045 2188 5100 acto,
2226 5034 2502 5106 perfectus
2535 5035 2666 5103 eris,
2694 5034 2798 5090 nisi
2829 5033 2977 5088 aliud
3010 5033 3313 5090 secundum
3359 5023 3629 5095 adfuerit,

2045 5131 2240 5191 idest,
2288 5137 2350 5184 ut
2384 5128 2555 5184 facias
2587 5129 2816 5184 bonum.
2868 5125 3004 5180 Nam
3066 5131 3431 5199 praeterquam
3485 5127 3633 5196 quod

2045 5219 2218 5275 furari
2275 5234 2386 5273 non
2436 5219 2594 5283 licet,
2641 5217 2898 5273 convenit
2935 5217 3099 5271 etiam
3150 5231 3275 5270 cum
3339 5217 3631 5296 egentibus

2045 5310 2184 5365 bona
2213 5324 2312 5365 sua
2341 5310 2787 5376 communicare;
2820 5324 2885 5362 ac
2917 5315 3282 5378 praeterquam
3315 5308 3463 5378 quod
3500 5323 3631 5364 ava-

2041 5417 2162 5456 rum
2196 5417 2320 5457 esse
2354 5416 2460 5456 non
2488 5406 2736 5471 oportet,
2776 5400 2925 5455 aliud
2975 5400 3309 5471 requiritur,
3355 5410 3414 5456 ut
3443 5403 3631 5472 egenis

2042 5495 2310 5550 beneﬁcia
2362 5501 2729 5565 praestentur;
2783 5507 2848 5546 ac
2908 5499 3108 5563 praeter
3159 5492 3546 5548 abstinentiam
3595 5509 3627 5549 a

2042 5587 2224 5651 malis,
2251 5603 2392 5658 opus
2413 5593 2498 5643 est
2525 5595 2579 5642 et
2611 5586 2748 5642 alios
2777 5601 2808 5639 a
2831 5585 2992 5642 malis
3019 5600 3236 5642 eruere.
3264 5585 3402 5641 Cum
3442 5593 3630 5642 autem

2042 5680 2158 5736 haec
2184 5680 2384 5751 egeris,
2417 5679 2689 5746 inhabita,
2747 5679 2956 5750 inquit,
3011 5679 3064 5733 in
3121 5681 3369 5737 saculum
3423 5682 3626 5736 swculi.

1549 5835 1592 5867 η
1632 5833 1789 5892 Deut.
1825 5847 1930 5902 xv,
1961 5835 2014 5894 σ.
2059 5836 2140 5912 is
2170 5834 2360 5893 Matth.
2397 5850 2522 5911 ιιι,
2551 5838 2643 5896 29.
2720 5841 2764 5874 τι
2805 5840 2928 5896 Aci.
2963 5855 3042 5907 ιν,
3073 5840 3262 5897 ιε-εε.
3331 5797 3340 5806 ’
