4100 6372
499 358 604 413 355

1168 356 1434 415 EUSEBII
1486 358 1969 418 CESARiENSIS
2002 361 2154 419 OPP.
2202 363 2382 419 PARS
2420 363 2509 419 lli.
2549 394 2619 405 —
2656 362 3065 419 EXEGETICA.

3642 362 3753 416 εὖ,

497 473 604 529 Pro
643 488 751 556 quo
797 472 1157 546 Symmacuus
1192 477 1397 541 edidit,
1452 477 1517 532 Et
1548 482 1778 551 quicsces
1812 484 1865 538 in
1914 500 2065 538 swcu

2174 484 2467 556 Σύμμαχος
2529 484 2777 550 ἐξέδωκε,
2844 482 2956 538 Καὶ
3017 483 3341 554 ήρεμήσεις
3400 485 3488 550 εις
3537 480 3743 536 aliIn-a-

497 564 625 618 lum.
662 552 781 618 Hic'
799 572 851 617 te
880 563 1093 619 scilicet
1132 575 1314 622 manet
1363 568 1487 623 linis
1519 579 1722 625 :rterna
1761 573 1889 626 vita.
1938 572 2071 628 Nam

495 668 618 709 cum
651 652 916 710 Dominus
937 656 1106 724 judex
1132 658 1223 720 sit,
1259 669 1404 712 amat
1428 660 1729 729 judicium,
1767 675 1816 718 et
1841 681 1942 719 non
1979 666 2071 720 de-

495 748 750 818 relinquet
785 759 995 802 sanctos
1024 765 1170 812 suos,
1201 750 1295 805 sed
1329 752 1382 804 in
1428 762 1692 809 aeternum
1725 759 2072 813 conservabit

496 851 610 890 eos.
648 834 844 905 lnjusti
890 839 1175 906 punientur
1224 851 1274 895 et
1320 859 1491 898 semen
1526 845 1805 915 impiorum
1857 850 2068 917 peribit.

490 923 643 980 Justi
681 940 856 982 autem
903 928 1288 986 haereditabunt
1340 943 1575 1001 terram,
1621 947 1670 992 et
1705 938 2072 996 inhabitabant

498 1016 551 1069 in
596 1017 847 1072 sa'culum
904 1021 1089 1074 sa'culi
1139 1039 1294 1091 super
1342 1042 1458 1079 eam
1500 1042 1518 1080 :
1569 1042 1966 1100 consequenter
2004 1034 2069 1088 ad

494 1108 776 1175 prmmissa
798 1107 976 1174 ducet,
1006 1110 1221 1181 iniquos
1257 1115 1348 1184 qui
1383 1128 1708 1187 praeceptum
1747 1136 1855 1175 non
1887 1138 2071 1177 serva-

498 1197 608 1251 rint
643 1213 858 1268 pinnam
902 1201 1130 1257 daturos
1172 1215 1469 1262 aeternam:
1516 1224 1579 1264 ac
1613 1212 2069 1281 quemadmodum

492 1286 628 1357 justi
677 1305 861 1347 semen
896 1291 950 1348 in
994 1294 1371 1354 benedictione
1420 1299 1664 1356 futurum
1708 1319 1832 1361 esse
1866 1306 2069 1362 dictum

495 1386 621 1447 est;
666 1380 739 1435 ita
769 1398 943 1440 semen
960 1386 1242 1456 impiorum
1274 1389 1484 1458 peribit.
1520 1390 1659 1449 Justi
1684 1410 1811 1451 vero
1837 1398 2071 1467 promis-

497 1485 614 1527 sam
638 1476 861 1530 mitibus
890 1486 1091 1533 terram
1118 1481 1436 1540 haereditate
1470 1487 1770 1557 accipient,
1810 1499 1863 1545 et
1909 1489 2068 1545 inha-

495 1562 749 1620 bitahuut
772 1568 828 1624 in
862 1584 926 1624 ea
957 1570 1010 1625 in
1045 1574 1303 1627 saeculum
1333 1576 1539 1631 saeculi.
1565 1578 1921 1637 Commodum
1955 1582 2071 1639 haec

497 1655 817 1729 plerumque
868 1675 1050 1717 sermo
1088 1664 1416 1734 pollicetur,
1469 1669 1901 1743 repetitioneque
1949 1690 2074 1745 pro-

500 1747 668 1804 missa
702 1750 990 1807 conﬁrmat
1021 1772 1036 1809 :
1071 1757 1188 1811 vult
1222 1757 1370 1812 enim
1424 1775 1527 1817 nos
1560 1762 1780 1819 assidue
1808 1764 1876 1820 iis
1907 1764 1963 1820 in
1990 1766 2073 1821 di-

2176 578 2344 631 Τοῦτο
2374 579 2482 648 γὰρ
2510 577 2791 648 περιμένει
2827 593 2886 631 σε
2918 578 2980 631 τὸ
3008 577 3160 641 τέλος
3191 577 3292 647 τῆς
3324 575 3539 631 αἰωνίου
3580 574 3743 647 ζωῆς.

2174 669 2431 740 Κριτικὸς
2476 669 2583 739 γάρ
2616 667 2690 720 ὢν
2722 669 2751 720 6
2790 667 2994 738 Κύριος
3034 665 3235 738 ἀγαπᾷ
3262 668 3484 734 κρίσιν,
3509 665 3606 719 καὶ
3635 667 3748 719 οὐκ

2171 760 2589 830 ἐγκαταλείψει
2635 758 2776 826 τοὺς
2827 761 3036 826 ὁσίους
3081 758 3289 822 αὐτοῦ,
3350 758 3461 812 ἀλλ’
3523 759 3602 821 εἰς
3655 756 3747 811 τὸν

2171 850 2346 905 αἰῶνα
2373 851 2568 913 αὐτοὺς
2598 850 2931 919 διαφυλάξει.
2963 852 3195 919 Ἀνομοι
3226 846 3744 915 ἐκδικηθήσονται,

2173 942 2268 995 καὶ
2321 942 2557 1011 σπέρμα
2601 940 2835 996 ἀσεϐῶν
2885 941 3468 1009 ἐξολοθρευθήσεται.
3528 940 3744 993 Δίκαιοι

2170 1033 2239 1087 δὲ
2263 1034 2789 1103 κληρονομήσουσι
2820 1034 2935 1101 τὴν
2957 1032 3092 1101 γῆν,
3124 1033 3221 1086 καί
3254 1031 3747 1099 κατασκηνώσου·

2172 1139 2276 1179 σιν
2303 1127 2392 1191 εις
2426 1123 2606 1180 αίῶνα
2648 1123 2863 1190 αἰῶνος
2904 1124 2997 1178 ἐπ’
3037 1122 3226 1191 αὐτῆς
3247 1140 3262 1153 '
3296 1122 3604 1186 ἀκολούθως
3632 1125 3745 1185 τοῖς

2173 1216 2590 1288 προειρημένοις
2633 1218 2893 1277 διδάσκει,
2944 1217 3025 1270 ὅτι
3068 1217 3117 1269 οἱ
3160 1216 3235 1287 μὴ
3269 1215 3329 1269 τὸ
3377 1215 3744 1287 παράγγελμα

2171 1309 2505 1378 φυλάξαντες
2561 1308 2749 1379 ἄνομοι
2808 1308 2964 1378 δίκην
3019 1308 3279 1361 δώσουσιν
3338 1307 3554 1362 αίὼνιον
3577 1324 3589 1339 ο
3652 1308 3744 1361 καὶ

2170 1398 2359 1473 ὥσπερ
2390 1400 2484 1454 τοῦ
2526 1400 2735 1455 δικαίου
2768 1400 2828 1455 τὸ
2858 1400 3080 1472 σπέρμα
3121 1404 3200 1465 είς
3244 1399 3492 1469 εὐλογίαν
3524 1399 3743 1454 ῑσεσθαι

2171 1491 2409 1560 ἐλέγετο,
2439 1491 2610 1557 οὕτως
2636 1491 2753 1546 τῶν
2783 1491 3017 1545 ἀσεϐῶν
3042 1491 3109 1545 τὸ
3146 1492 3382 1560 σπέρμα
3399 1491 3746 1559 ἐξολοθρευ-

2171 1579 2436 1648 θήσεται.
2462 1584 2523 1635 Οἱ
2545 1582 2601 1636 δὲ
2630 1582 2826 1636 δίκαιοι
2847 1584 2946 1655 τὴν
2968 1583 3385 1654 ἐπηγγελμένην
3409 1585 3522 1647 τοῖς
3543 1584 3743 1655 πραέσι

2171 1669 2639 1743 κληρονομήσουσι
2667 1673 2791 1744 γῆν,
2816 1675 2921 1727 καὶ
2955 1673 3465 1743 κατασκηνώσουσιν
3498 1675 3556 1727 ὲν
3603 1676 3739 1747 αὐτῇ

2172 1762 2251 1824 είς
2278 1762 2447 1815 αίώνα
2473 1762 2685 1827 αἰῶνος.
2725 1764 3006 1834 Ἐπίτηδες
3025 1763 3081 1817 δὲ
3103 1763 3273 1818 ταῦτα
3295 1764 3552 1827 πολλάκις
3573 1766 3745 1835 ιπαγ-

498 1839 604 1894 ctis
632 1843 859 1910 versari,
889 1859 1063 1916 eaque
1095 1849 1369 1916 meditari,
1400 1865 1464 1907 ac
1506 1852 1550 1909 si
1589 1853 1965 1912 rationabilem
1994 1858 2065 1912 ci-

2172 1852 2418 1920 τέλλεται
2449 1855 2478 1908 ό
2515 1854 2690 1923 λόγος,
2721 1832 2952 1925 βεϐαιῶν
2978 1854 3068 1909 διά
3098 1856 3199 1927 τῆς
3226 1855 3617 1929 tuaquan
3644 1832 3743 1922 τάς

498 1930 627 1987 bum
658 1936 1061 2007 manderemus,
1085 1941 1152 1996 ad
1191 1941 1637 1999 distributionem
1670 1946 1838 2018 probe
1865 1962 2070 2004 conco-

488 2025 565 2080 eti
594 2025 649 2081 in
682 2029 862 2084 anima
888 2042 1076 2089 nostra
1108 2034 1237 2089 cibi.

566 2291 735 2351 Vsus.
804 2297 930 2352 '50-
966 2299 1061 2355 55.
1127 2298 1200 2355 Os
1254 2301 1394 2370 justi
1465 2302 1804 2357 meditabitur
1859 2306 2071 2375 sapien-

494 2386 648 2449 tiam,
695 2397 746 2442 et
793 2390 973 2460 lingua
1028 2391 1145 2460 ejus
1202 2393 1443 2463 loquetur
1484 2394 1770 2465 judicium.
1815 2396 1926 2452 Lea:
1975 2398 2073 2452 Dei

491 2478 609 2548 ejus
641 2480 696 2533 in
728 2478 885 2535 co'rde
916 2483 1105 2552 ipsius,
1134 2493 1184 2539 et
1217 2502 1321 2540 non
1351 2482 1833 2557 supplantabnntur
1860 2506 2070 2561 gressus

490 2570 626 2638 ejus.
660 2571 973 2629 Considerat
1003 2587 1248 2645 peccator
1288 2579 1519 2649 justum,
1550 2590 1602 2635 et
1621 2584 1813 2652 quaerit
1839 2584 2070 2654 mortiﬁ-

489 2678 612 2717 care
645 2681 783 2720 eum.
842 2665 1096 2723 Dominus
1142 2678 1319 2724 autem
1361 2687 1466 2726 non
1505 2672 1827 2745 derelinquet
1867 2692 1984 2729 eum
2015 2678 2070 2731 in

487 2755 732 2811 manibus
766 2757 915 2826 ejus,
976 2775 1067 2815 nec
1117 2762 1395 2819 damnabit
1431 2780 1550 2820 eum
1579 2782 1697 2820 cum
1734 2767 2069 2837 judicabitur

485 2846 588 2900 illi.
631 2844 688 2902 In
715 2848 1087 2909 admonitione
1125 2857 1447 2925 persistens,
1476 2857 1724 2913 hortatur
1751 2874 1850 2915 nos
1878 2869 1938 2916 ut
1980 2862 2069 2931 ju-

486 2938 556 2992 sti
585 2940 932 2998 aemulatores
980 2946 1188 3007 simus,
1223 2946 1455 3017 ejusque
1488 2947 1711 3005 divitias
1761 2960 2065 3007 enumerat.

486 3027 569 3082 Ad
601 3044 667 3084 ea
693 3032 840 3086 enim
875 3050 996 3104 qua:
1018 3052 1184 3106 supra
1207 3038 1354 3093 dicta
1393 3047 1543 3105 sunt,
1575 3040 1691 3097 haec
1721 3042 1946 3115 insuper
1976 3060 2070 3114 pe-

486 3135 588 3176 nes
618 3136 744 3177 eum
793 3134 961 3194 sunt;
1004 3143 1202 3201 magno
1235 3130 1388 3186 illum
1421 3130 1584 3199 Deus,
1612 3133 1887 3192 hominem
1918 3136 2063 3201 licet,

2173 1944 2515 2015 ὑποσχέσεις,
2559 1946 2707 2016 qua;
2749 1961 2809 1998 τε
2860 1944 3183 2017 βουλόμενος
3229 1946 3583 2017 ἐνδιατρίϐειν
3629 1950 3742 2010 τοῖς

2169 2033 2352 2097 αὐτοῖς
2385 2033 2561 2103 λόγοις
2595 2034 2691 2087 καὶ
2732 2035 3105 2106 καταμελετᾷν
3146 2036 3360 2100 αὐτοὺς,
3388 2035 3588 2090 ὡσανεὶ
3617 2053 3743 2108 τρο-

2171 2120 2277 2193 φὴν
2305 2122 2529 2194 λογικὴν
2564 2124 2936 2194 μασωμένους,
2965 2125 3045 2189 είς
3068 2124 3317 2179 ἀνάδοσιν
3339 2126 3434 2198 τῆς
3463 2126 3605 2181 κατά
3643 2126 3743 2199 τὴν
3822 2159 3833 2169 ο

2168 2214 2347 2286 ψυχὴν
2379 2215 2536 2286 ἡμῶν
2563 2215 2842 2286 εὐπεψίας.

2241 2305 2438 2373 Στόμα
2502 2304 2734 2359 δικαίου
2806 2304 3128 2374 μελετήσει
3195 2307 3419 2375 σοφίαν
3447 2346 3465 2371 ,
3534 2309 3633 2362 καί
3699 2310 3740 2379 ἡ

2170 2391 2421 2462 γλῶσσα
2475 2394 2663 2449 αὐτοῦ
2711 2395 2972 2463 λαλήσει
3018 2398 3240 2465 κρίσιν.
3302 2399 3354 2451 '0
3405 2401 3589 2470 νόμος
3633 2404 3742 2458 τοῦ

2171 2485 2320 2539 Θεοῦ
2359 2488 2546 2541 αὐτοῦ
2572 2488 2642 2541 ἐν
2670 2488 2886 2556 καρδία
2911 2488 3119 2552 αὐτοῦ,
3148 2490 3243 2543 καί
3274 2493 3388 2560 οὐχ
3412 2494 3740 2550 ὑποσκελι-

2168 2575 2460 2641 σθήσεται
2491 2576 2562 2630 τὰ
2591 2577 2921 2647 διαδήματα
2940 2580 3147 2633 αὐτοῦ.
3182 2583 3473 2637 Κατανοεῒ
3496 2588 3529 2638 ό
3556 2586 3738 2656 ἀμαρ-

2168 2668 2357 2734 τωλὸς
2388 2668 2495 2723 τὸν
2529 2668 2782 2736 δίκαιον,
2814 2672 2913 2725 καί
2944 2669 3102 2739 ζητεῖ
3122 2672 3226 2727 τοῦ
3261 2674 3596 2731 θανατῶσαι
3622 2681 3740 2751 ,αύ-

2167 2760 2292 2812 τόν.
2349 2760 2402 2813 '0
2434 2760 2503 2813 δὲ
2531 2763 2743 2829 Κύριος
2780 2765 2852 2816 οὐ
2888 2762 2974 2833 μὴ
3016 2764 3383 2834 ἐγκαταλίπῃ
3423 2768 3611 2822 αὐτὸν
3653 2773 3741 2837 είς

2166 2851 2273 2915 τὰς
2296 2848 2497 2918 κεζοας
2521 2852 2728 2915 αὐτοῦ,
2763 2850 2888 2905 οὐδ’
2922 2854 2994 2906 οὐ
3025 2852 3111 2922 μὴ
3145 2854 3609 2925 καταδικάσηται
3634 2862 3740 2913 αὑ·

2167 2940 2273 2995 τὸν
2308 2942 2453 2995 ὅταν
2487 2943 2757 3012 κρίνηται
2798 2943 2978 3011 αὐτῷ.
3022 2945 3325 3015 Ἑπιμένων
3352 2950 3417 3020 τῇ
3447 2949 3542 3003 τοῦ
3581 2951 3739 3020 λόγου

2168 3036 2474 3105 προτροπῇ,
2515 3034 2759 3106 ζηλωτάς
2799 3037 2947 3107 ἡμᾶς
2967 3036 3208 3103 γίνεσθαι
3239 3037 3332 3091 τοῦ
3360 3039 3568 3095 δικαίου
3593 3060 3736 3115 παρ-

2168 3126 2347 3196 ορμᾷ,
2408 3125 2499 3179 τὸν
2542 3124 2769 3180 πλοῦτον
2811 3126 2975 3181 αὐτοῦ
3025 3129 3544 3200 καταριθμούμενος.
3594 3133 3740 3206 Πρὸς

488 3228 716 3271 munere
733 3216 976 3283 donavit,
999 3234 1124 3275 cum
1179 3232 1319 3279 verae
1360 3226 1641 3297 sapientia:
1695 3231 2063 3300 cognitionem

2168 3217 2274 3288 γὰρ
2306 3219 2418 3281 τοῖς
2450 3218 2760 3291 εἰρημένοις
2799 3219 2880 3276 ἔτι
2927 3222 3020 3274 καὶ
3067 3219 3236 3274 ταῦτα
3267 3222 3413 3292 αύτῴ
3441 3223 3737 3294 πρόσεστι·

490 3304 705 3362 indidit.
749 3307 1026 3379 Sapientia
1060 3313 1261 3385 quippe
1306 3323 1390 3372 est
1420 3317 1733 3375 divinorum
1768 3330 1824 3377 et
1872 3322 2067 3377 huma-

488 3412 683 3454 norum
720 3400 972 3467 scientia,
1005 3418 1102 3474 per
1134 3422 1298 3477 quam
1322 3409 1506 3464 omnia
1540 3414 1681 3466 tacta
1721 3424 1851 3468 sunt
1883 3430 1897 3467 :
1948 3431 2067 3470 om-

486 3491 577 3543 nia
608 3493 811 3562 quippe
842 3494 897 3547 in
931 3496 1197 3566 sapientia
1226 3497 1357 3557 fecit
1383 3502 1450 3556 ⁷⁸.
1489 3501 1694 3575 Estque
1737 3506 1856 3576 ipsa
1880 3547 1895 3572 ,
1918 3508 2063 3578 quod

487 3579 544 3633 in
578 3582 847 3653 principio
885 3587 1028 3655 apud
1073 3585 1243 3644 Deum
1277 3599 1396 3646 erat
1441 3591 1585 3651 Deus
1641 3594 1911 3663 Verbum,
1970 3614 2067 3669 per

487 3675 635 3743 quod
665 3678 850 3731 omnia
880 3677 1020 3734 facta
1051 3690 1180 3736 sunt
1227 3683 1293 3737 ".
1343 3682 1518 3754 Hujus
1553 3686 1737 3758 itaque
1785 3689 2067 3760 sapientia:

489 3777 674 3827 voces,
710 3781 1030 3832 sermones,
1080 3771 1402 3846 disciplinas
1439 3775 1582 3831 Deus
1639 3776 1696 3832 in
1751 3778 2065 3836 hominibus

487 3854 890 3924 disseminavit,
923 3871 982 3915 ut
1003 3862 1186 3932 justus
1213 3879 1320 3925 non
1353 3867 1586 3931 otiosus,
1618 3868 1767 3925 iners
1809 3885 1873 3926 ac
1904 3870 2064 3927 bonis

485 3958 695 4002 vacuus
725 3960 871 4006 esset
896 3969 911 4018 ;
942 3953 1037 4009 sed
1077 3969 1182 4009 una
1211 3971 1275 4012 os
1306 3964 1360 4011 et
1406 3959 1810 4017 meditationem
1846 3963 2065 4032 sapien-

484 4039 576 4093 tia
608 4040 855 4108 haberet,
897 4054 955 4099 ut
987 4060 1050 4101 ea
1082 4051 1239 4117 quasi
1271 4051 1481 4107 caelesti
1516 4068 1652 4109 usus
1673 4069 1799 4109 esca
1819 4094 1836 4119 ,
1883 4056 2063 4125 primo

483 4131 720 4189 animum
749 4134 1101 4194 conﬁrmaret
1125 4154 1304 4206 suam,
1344 4143 1649 4213 deindeque
1681 4145 1803 4200 aliis
1860 4146 2062 4217 imper-

482 4225 630 4281 tiret.
686 4226 957 4292 Quocirca
990 4229 1202 4285 dictum
1248 4240 1368 4299 est,
1410 4232 1485 4289 0s
1537 4234 1677 4304 justi
1718 4236 2062 4290 meditabitur

478 4314 831 4379 sapientiam,
866 4326 916 4371 et
950 4318 1130 4387 lingua
1160 4320 1275 4389 ejus
1324 4321 1566 4392 loquetur
1593 4325 1877 4394 judicium.
1913 4326 2063 4383 Gna-

481 4420 579 4461 rus
607 4415 790 4463 autem
824 4410 993 4481 legem
1030 4411 1124 4467 Dei
1156 4415 1495 4484 spiritualem
1522 4433 1666 4483 esse,
1705 4434 1829 4474 cum
1860 4436 2059 4476 secun-

480 4497 611 4552 dum
641 4500 957 4558 interiorem
987 4505 1263 4562 hominem
1309 4508 1364 4563 in
1395 4509 1512 4580 lege
1541 4508 1634 4566 Dei
1669 4512 2054 4580 delectaretur,

2168 3308 2496 3380 κεχάρισται
2526 3309 2674 3381 αὐτῷ
2707 3310 2853 3381 μέγα
2880 3311 3051 3381 δῶρον
3076 3314 3106 3366 6
3137 3311 3266 3376 Θεὸς
3302 3312 3570 3385 ἀνθρώπῳ
3600 3313 3737 3381 όντι,

2168 3401 2267 3471 τῆς
2299 3399 2533 3470 ἀληθοῦς
2567 3401 2757 3471 σοφίας
2788 3402 2885 3474 τὴν
2915 3403 3135 3471 γνῶσιν.
3157 3403 3323 3474 Σοφία
3350 3404 3447 3475 μὲν
3482 3405 3591 3477 γάρ
3622 3406 3739 3461 ἔστι

2169 3492 2329 3546 θείων
2376 3494 2472 3546 καὶ
2515 3492 2870 3565 ἀνθρωπείων
2905 3497 3204 3567 ἐπιστήμη,
3242 3496 3336 3551 καὶ
3358 3496 3424 3550 δι’
3463 3491 3531 3569 ἧς
3560 3497 3739 3552 πάντα

2169 3586 2363 3655 γέγονε
2389 3603 2401 3616 ο
2428 3586 2604 3641 πάντα
2631 3586 2740 3659 γὰρ
2762 3588 2821 3641 ἐν
2845 3589 3007 3659 σοφίᾳ
3032 3588 3273 3661 ἐποίησε.
3302 3590 3411 3644 Καὶ
3433 3590 3570 3662 αὕτη
3594 3592 3740 3646 ἐστὶν

2165 3679 2196 3731 6
2222 3680 2280 3731 ὲν
2303 3679 2444 3749 ἀρχῇ
2472 3679 2609 3750 πρὸς
2634 3680 2728 3734 τὸν
2749 3679 2884 3733 Θεὸν
2913 3681 3046 3745 Θεὸς
3073 3682 3264 3751 Λόγος,
3287 3682 3354 3737 δι’
3380 3675 3443 3736 οὗ
3471 3683 3540 3736 τά
3566 3683 3740 3739 πάντα

2166 3769 2404 3838 ἐγένετο.
2440 3771 2657 3842 Ταύτης
2686 3768 2780 3827 οὖν
2826 3773 3009 3843 φωνάς
3057 3777 3150 3829 καὶ
3196 3776 3386 3845 λόγους
3437 3779 3531 3833 καὶ
3565 3779 3739 3851 μαθή-

2169 3880 2316 3933 ματα
2356 3866 2387 3918 6
2428 3863 2563 3929 Θεὸς
2591 3868 2672 3929 είς
2707 3864 3027 3937 ἀνθρώπους
3069 3869 3418 3933 κατεϐάλετο,
3445 3869 3522 3934 ὡς
3550 3869 3619 3924 ἂν
3663 3872 3740 3941 μὴ

2166 3954 2335 4026 ἀργὸς
2366 3954 2452 4027 εἴη
2480 3957 2510 4009 6
2534 3956 2761 4022 δίκαιος,
2790 3957 2923 4029 μηδὲ
2959 3958 3239 4030 ἄπρακτος
3262 3960 3356 4012 καὶ
3381 3959 3585 4030 ἔρημος
3611 3960 3738 4028 ἀγα.

2165 4046 2307 4100 θῶν*
2338 4046 2452 4117 ἔχοι
2498 4045 2555 4100 δὲ
2585 4046 2702 4119 ἅμα
2748 4049 2924 4119 στόμα
2964 4048 3064 4118 τῆς
3109 4048 3362 4120 οὐρανίου
3414 4048 3604 4117 σοφίας
3639 4039 3739 4123 τήν

2166 4138 2425 4211 μελέτην·
2466 4134 2534 4212 ἧς
2564 4139 2991 4210 μεταλαμϐάνων
3018 4138 3206 4210 ὥσπερ
3232 4137 3483 4210 οὐρανίου
3507 4142 3735 4211 τροφῆς,

2162 4231 2262 4304 τὴν
2297 4231 2475 4304 ψυχὴν
2516 4231 2731 4303 πρῶτος
2757 4230 2914 4293 αὐτὸς
2943 4228 3294 4300 δυναμοῦται,
3327 4227 3448 4287 εἶτα
3488 4234 3582 4288 καὶ
3615 4235 3737 4287 ἑτέ-

2166 4341 2283 4397 ροις
2330 4326 2574 4396 χορηγεῖ.
2618 4322 2709 4376 Διὸ
2736 4322 2983 4375 λέλεκται
3007 4338 3020 4352 ·
3054 4324 3251 4391 Στόμα
3290 4323 3522 4379 δικαίου
3557 4329 3737 4395 μελε-

2163 4412 2336 4479 τήσει
2368 4412 2615 4482 σοφίαν,
2647 4408 2811 4492 καλὴ
2835 4408 3084 4478 γλῶσσα
3113 4411 3298 4466 αὐτοῦ
3326 4412 3582 4479 λαλήσει
3615 4416 3737 4483 «pl.

2163 4518 2285 4557 σιν.
2336 4502 2505 4567 Είδὼς
2536 4502 2614 4567 δὲ,
2654 4502 2720 4555 δ’.
2770 4503 2798 4554 6
2847 4501 3008 4572 νόμος
3052 4504 3147 4559 τοῦ
3185 4504 3320 4558 Θεοῦ
3369 4508 3737 4576 πνευματικός

481 4589 536 4644 in
568 4592 735 4648 corde
758 4594 878 4665 ipso
909 4596 1043 4666 legis
1066 4601 1603 4671 contemplationem,
1630 4613 1684 4660 et
1702 4604 1823 4676 ejus
1846 4615 2049 4677 myste-

2167 4594 2299 4657 ἐστι,
2332 4592 2617 4663 συνήδεται
2647 4592 2703 4646 δὲ
2735 4592 2815 4663 τῷ
2845 4594 2992 4665 νόμῳ
3028 4594 3123 4648 τοῦ
3161 4595 3298 4649 Θεοῦ
3342 4594 3485 4649 κατά
3511 4595 3603 4649 τὸν
3631 4595 3739 4650 ἔσω

477 4683 685 4740 riorum
732 4687 1160 4757 profunditatem
1187 4694 1441 4764 excepit:
1474 4710 1539 4751 ac
1570 4707 1795 4768 propter
1847 4697 2059 4753 exerci-

478 4774 742 4831 tationem
789 4778 1106 4849 hujusmodi
1155 4799 1261 4837 non
1307 4785 1788 4855 supplantabuntur
1844 4804 2057 4859 gressus

475 4866 614 4937 ejus,
636 4871 1076 4943 quandoquidem
1106 4890 1333 4945 gressus
1362 4878 1483 4948 ejus
1505 4895 1535 4934 a
1560 4881 1792 4937 Domino
1818 4882 2060 4954 dirigen-

473 4956 577 5016 dos
610 4976 753 5030 esse,
787 4967 1041 5036 superius
1081 4969 1289 5025 dictum
1324 4980 1430 5028 est.
1472 4972 1627 5041 Quod
1678 4976 1723 5029 si
1763 4974 1903 5032 forte
1930 4990 2060 5047 pec-

471 5061 658 5120 cator,
709 5055 830 5127 ejus
876 5059 1144 5130 proiectui
1191 5064 1461 5132 invidens,
1498 5066 1727 5123 insidias
1778 5068 1902 5121 vitae
1936 5067 2057 5136 ejus

471 5149 756 5214 struxerit,
792 5153 996 5209 stultus
1026 5169 1160 5210 sane
1205 5154 1446 5222 dicetur,
1498 5172 1609 5212 non
1636 5157 1915 5228 possibilia
1955 5173 2054 5228 ag-

471 5254 718 5309 gressus.
744 5241 881 5299 Nam
923 5260 1155 5317 magnus
1186 5246 1279 5302 ille
1311 5256 1577 5318 patronus
1612 5250 1735 5319 ejus
1771 5265 1875 5303 non
1912 5248 2058 5317 dere:

469 5332 667 5403 linquet
702 5351 820 5389 eunt
844 5337 899 5390 in
920 5338 1164 5392 manibus
1186 5339 1301 5408 ejus
1321 5379 1336 5405 ,
1369 5356 1460 5394 nec
1486 5339 1760 5393 damnabit
1790 5355 1905 5393 eum
1935 5356 2054 5393 cum

462 5421 791 5493 judicabitur
837 5430 941 5487 illi.
993 5429 1356 5503 Symmachus
1402 5447 1567 5497 vero,
1616 5429 1728 5485 Nec
1777 5430 2055 5489 damnabit

467 5531 588 5572 eum
626 5520 680 5573 in
700 5520 931 5588 judicio.
1020 5547 1026 5553 -

541 5801 587 5835 "
625 5800 774 5862 Psal.
810 5819 941 5876 cui,
974 5804 1065 5864 τι.
1144 5807 1193 5842 ’⁸
1230 5802 1391 5865 Joan.
1425 5824 1476 5873 ι,
1515 5805 1631 5873 1-3.

2161 4684 2469 4756 ἄνθρωπον,
2501 4686 2561 4739 ὲν
2585 4686 2722 4757 αὐτῇ
2757 4688 2824 4757 τῇ
2857 4686 3053 4759 καρδίᾳ
3076 4688 3239 4742 αὐτοῦ
3262 4689 3360 4759 τὴν
3390 4688 3621 4759 θεωρίαν
3644 4688 3737 4742 τοῦ

2161 4777 2327 4846 νόμου
2370 4776 2465 4830 καὶ
2497 4777 2558 4831 τὸ
2583 4776 2743 4847 βάθος
2786 4779 2896 4832 τῶν
2924 4780 2981 4833 ἐν
3022 4778 3171 4851 αὐτῷ
3200 4779 3514 4852 μυστηρίων
3549 4778 3738 4833 ὑποδε-

2162 4868 2345 4923 δεκται
2370 4884 2385 4900 ο
2414 4868 2502 4923 διά
2537 4868 2594 4922 δὲ
2633 4870 2836 4943 ταύτην
2869 4872 2968 4944 τὴν
3002 4871 3233 4943 ἄσκησιν
3260 4874 3373 4940 οὐχ
3410 4872 3737 4926 ὑποσκελι-

2165 4959 2458 5029 σθήσεται
2490 4962 2562 5015 τὰ
2599 4961 2929 5034 διαδήματα
2953 4964 3138 5019 αὐτοῦ
3164 4982 3178 4996 ο
3214 4964 3401 5036 ἐπειδὴ
3434 4961 3584 5034 παρὰ
3626 4964 3737 5017 Κυ-

2167 5048 2282 5121 ρίου
2313 5049 2382 5103 τά
2406 5050 2720 5124 διαϐήματα
2740 5054 2904 5109 αὑτοῦ
2928 5053 3368 5120 κατευθύνεσθαι,
3398 5053 3491 5107 καὶ
3521 5050 3608 5106 διά
3634 5050 3739 5106 τῶν

2164 5143 2421 5216 ἀνωτέρω
2464 5145 2728 5200 ἐλέλεκτο.
2776 5147 2840 5200 Εἰ
2884 5145 2940 5200 δὲ
2979 5148 3071 5201 καί
3109 5165 3237 5200 ποτε
3267 5144 3584 5219 ἁμαρτωλὸς
3621 5143 3737 5197 δια-

2164 5234 2525 5307 φθονούμενος
2560 5241 2627 5309 τῇ
2662 5238 2825 5292 αὐτοῦ
2852 5243 3101 5312 προκοπῇ
3129 5236 3565 5292 ἐπιϐουλεύσειεν
3593 5235 3739 5307 αὐτῷ

2162 5328 2241 5393 εἰς
2275 5327 2524 5393 θάνατον,
2557 5330 2745 5403 ἄφρων
2778 5326 2931 5395 οὗτος
2959 5331 3277 5403 λεχθήσεται
3311 5328 3593 5393 ἀδυνάτοις
3622 5331 3738 5383 ὲπι-

2161 5420 2381 5492 χειρῶν.
2432 5421 2490 5473 Ὀ
2537 5421 2646 5492 γάρ
2703 5422 2879 5493 μέγας
2932 5422 3097 5476 αὐτοῦ
3152 5421 3466 5493 προστάτης
3521 5421 3594 5473 οὐ
3659 5416 3739 5487 μὴ

2161 5512 2531 5584 ἐγκαταλίπῃ
2580 5513 2767 5566 αὐτὸν
2817 5516 2903 5579 είς
2955 5516 3060 5580 τὰς
3105 5513 3306 5582 χεῖρας
3358 5510 3568 5575 αὐτοῦ,
3613 5508 3740 5563 οὐδ’

2162 5607 2235 5659 οὐ
2254 5604 2340 5675 μὴ
2373 5605 2745 5675 καταδικάσῃ
2771 5609 2958 5661 αὐτὸν
3001 5606 3071 5660 ἐν
3108 5605 3187 5671 τῷ
3226 5606 3535 5675 κρίνεσθαι
3557 5600 3738 5668 αὐτῷ.

2176 5697 2235 5750 '0
2261 5695 2318 5750 δὲ
2351 5696 2665 5769 Σύμμαχος,
2691 5697 2846 5753 Οὐδὲ
2874 5696 3257 5752 καταδικάσει
3293 5695 3666 5766 κρινόμενον.
