4100 6400
353 381 456 437 557

1479 370 1977 428 CGMMEB’TAIUA
2019 369 2086 423 IN
2127 368 2465 423 PSALMOS.

3496 368 3603 425 3‘58

420 490 605 550 Εἶδον
626 493 733 548 τὸν
768 490 955 560 ἀσεσῆ
994 492 1518 563 ὑπερυψσύμενον,
1562 489 1659 542 καὶ
1688 486 1924 556 ἐπαιρό-

2101 483 2267 540 Vﬂns.
2297 483 2484 539 3557.
2535 481 2656 535 Vidi
2695 483 2912 550 impiam
2941 484 3388 553 superezaltatttm
3417 493 3467 538 et
3499 485 3603 537 elc-

347 600 538 654 μενον
560 583 642 651 ὡς
671 585 778 648 τὰς
808 580 1058 650 κέδρους
1086 580 1192 635 τοῦ
1209 581 1484 636 Λιϐάνου.
1507 579 1693 642 Οὕτως
1718 577 1813 630 ἐπὶ
1826 576 1921 630 τοῦ

354 661 621 744 παρόντος
642 670 732 726 διὰ
761 669 952 741 πείρας
985 669 1300 739 ἐληλυθέναι
1331 669 1425 724 τοῦ
1455 669 1638 731 τέλους
1660 666 1768 722 τῶν
1799 669 1925 721 ἀσε-

357 763 465 818 6ῶν
490 775 683 835 φησιν·
723 762 798 815 Οὐ
850 760 960 833 γὰρ
999 760 1057 829 ἐξ
1084 762 1250 832 ἀκοῆς
1289 761 1453 815 πάλαι
1495 761 1627 813 ποτὲ
1659 760 1924 830 γενόμενα

357 854 554 926 ἑτέρων
584 852 848 920 λεγόντων
898 852 1112 922 ἀκήκοα
1134 867 1147 880 ·
1217 850 1331 904 ἀλλ’
1362 850 1522 914 αὐτὸς
1568 847 1726 912 εἶδον,
1768 848 1921 919 φησὶ,

358 944 702 1016 βλασφήμους
742 943 942 1014 ἀνδρας
987 943 1082 995 καὶ
1115 942 1304 1006 ἀθέους
1346 941 1788 1013 θαυμαζομένους
1827 940 1925 1012 μὲν

362 1038 460 1097 ὕπὸ
490 1036 727 1099 πάντων,
768 1034 1163 1106 ἐπαιρομένους
1195 1034 1253 1088 δὲ
1290 1033 1384 1088 καὶ
1417 1033 1779 1104 γαυριῶντας,
1815 1034 1917 1085 olo-

360 1130 547 1201 μένους
588 1145 646 1182 τε
682 1127 1008 1190 διαιωνίζειν
1040 1128 1097 1179 ὲν
1131 1126 1211 1197 τῷ
1243 1126 1360 1197 βίῳ.
1404 1126 1541 1179 Ἀλλ’
1572 1126 1647 1190 ὡς
1680 1125 1761 1179 ἔτι
1791 1124 1923 1194 παρ’

358 1221 576 1295 ἐμαυτῷ
602 1220 973 1292 διελογιζόμην
1000 1219 1116 1284 πῶς
1145 1220 1273 1286 οἵδε,
1289 1221 1490 1291 καίπερ
1511 1221 1724 1283 ἀσεϐεῖς
1750 1219 1921 1285 ὄντες,

362 1314 621 1368 τοσούτων
665 1312 1025 1384 τετυχήκασι,
1079 1310 1329 1383 δεύτερον
1383 1311 1580 1375 αὐτοὺς
1629 1310 1925 1365 θεάσασθαι

357 1402 660 1474 βουληθεὶς,
714 1404 894 1475 ὲπῇρα
937 1404 1062 1466 τοὺς
1097 1402 1404 1474 ὀφθαλμούς
1425 1420 1438 1433 ’
1474 1403 1523 1456 οἰ
1568 1402 1625 1455 δὲ
1657 1403 1758 1457 οὐκ
1784 1398 1925 1474 ἦσαν

356 1493 609 1564 οὐδαμοῦ,
643 1495 866 1563 ἀφανεῖς
889 1494 933 1547 δ’
971 1493 1185 1566 ἀθρόως
1223 1493 1490 1566 ὑπῆρχον.
1525 1489 1658 1547 Εἶτα
1694 1494 1750 1547 δὲ
1781 1493 1925 1564 ἴχνος

356 1586 532 1642 αὐτῶν
569 1587 663 1641 καὶ
700 1586 1010 1657 ὑπόλειμμα
1054 1584 1335 1656 βουληθεὶς
1385 1585 1706 1639 καταλαῦεῖν
1729 1626 1743 1650 ,
1804 1585 1925 1638 οὐδὲ

355 1680 445 1734 τὸν
481 1678 643 1733 τόπον
671 1680 729 1731 ὲν
764 1670 810 1746 ᾧ
853 1678 1072 1732 ἑστάναι
1130 1677 1346 1731 ἐδόκουν
1390 1678 1571 1749 εὑρεῖν
1608 1677 1921 1748 δεδύνημαι.

353 1771 550 1842 Διόπερ
582 1769 770 1841 ἐπειδὴ
811 1767 1019 1823 τοιοῦτο
1074 1776 1140 1822 τὸ
1178 1767 1382 1822 τούτων
1430 1768 1602 1834 τέλος,
1652 1765 1821 1837 φεῦγε
1859 1767 1923 1819 σὺ

2029 587 2208 632 vatum
2265 578 2402 631 sicut
2437 573 2619 629 cedros
2666 572 2880 639 Libani,
2930 583 3040 631 etc.
3089 574 3181 630 Sic
3234 576 3287 631 in
3349 577 3604 647 praesenti

2031 671 2191 724 linem
2229 683 2290 724 se
2328 668 2626 738 impiorum
2674 666 3013 737 experientia
3062 667 3354 722 edidicisse
3394 683 3604 723 memo-

2028 768 2135 814 rat.
2187 756 2373 829 Neque
2410 760 2554 814 enim
2587 759 2699 813 haec
2730 759 2861 813 olim
2907 769 3056 828 geSta
3098 774 3161 813 ex
3211 760 3440 813 aliorum
3474 774 3605 814 nar-

2030 862 2152 906 ratu
2201 851 2427 907 auribus
2474 851 2702 920 excepi:
2758 850 2855 905 sed
2897 850 3033 919 ipse,
3064 849 3262 920 inquit,
3298 849 3409 904 vidi
3455 850 3608 906 viros

2030 945 2345 1016 blasphema
2376 944 2713 1015 proferentes
2750 951 2804 1000 et
2840 943 3032 998 atheos
3058 943 3314 997 omnibus
3344 942 3398 996 in
3432 940 3606 994 admio

2030 1038 2241 1093 ratione
2284 1038 2537 1102 habitos,
2586 1037 2759 1093 elatos
2811 1043 2864 1091 et
2921 1035 3297 1098 exsultantes,
3350 1040 3611 1104 putantes

2029 1130 2134 1184 sibi
2185 1136 2505 1200 perpetuam
2563 1128 2678 1183 fore
2710 1128 2899 1183 vitam.
2948 1124 3055 1183 Sed
3088 1125 3218 1181 dum
3266 1139 3480 1180 mecum
3514 1138 3605 1178 re—

2030 1229 2304 1292 putarem.
2349 1221 2626 1292 quomodo
2670 1219 2745 1274 illi
2789 1218 3044 1290 quamvis
3104 1217 3277 1288 impii,
3331 1223 3412 1270 tot
3459 1216 3604 1271 nacti

2030 1315 2173 1371 bona
2210 1323 2429 1380 essent,
2476 1315 2665 1370 oculos
2700 1313 2944 1370 secundo
2977 1312 3207 1377 sustuli,
3241 1321 3300 1365 ut
3354 1316 3604 1365 contem-

2030 1406 2212 1475 plarer
2250 1406 2438 1476 ipsos:
2474 1414 2529 1459 at
2561 1406 2638 1460 illi
2669 1420 2945 1475 nusquam
2979 1411 3157 1468 erant,
3187 1403 3285 1458 scd
3315 1401 3604 1456 confestim

2029 1505 2386 1552 evanueraut.
2446 1496 2651 1552 Deinde
2706 1498 2996 1569 vestigium
3052 1512 3116 1551 ac
3192 1504 3605 1549 monumentum

2030 1599 2221 1640 eorum
2249 1585 2657 1657 deprehendere
2691 1588 2899 1651 volens,
2942 1603 3011 1642 ne
3061 1587 3240 1641 locum
3283 1579 3501 1656 quidem
3549 1583 3604 1645 iu

2030 1691 2140 1747 quo
2164 1678 2381 1731 stetisse
2412 1677 2736 1732 videbantur
2780 1679 3019 1747 reperire
3047 1676 3218 1746 potui.
3267 1675 3607 1745 Quapropter

2030 1772 2159 1841 quia
2184 1768 2310 1824 talis
2335 1784 2524 1824 eorum
2559 1768 2682 1825 linis
2716 1780 2821 1836 est,
2868 1769 2994 1839 fuge
3028 1776 3107 1835 tu,
3137 1767 3427 1838 discipule,
3468 1768 3608 1821 tales

282 1876 291 1884 '
352 1864 382 1917 ό
413 1859 852 1931 μαθητευόμενος
877 1859 1065 1914 τοῦτον
1090 1859 1197 1913 τῶν
1226 1858 1437 1913 ἀσεϐῶν
1471 1859 1561 1913 τὸν
1582 1859 1803 1932 τρόπον,
1833 1859 1925 1912 καὶ

2031 1860 2322 1931 impiormn
2372 1876 2589 1936 mores,
2633 1862 2792 1917 ablue
2835 1876 3054 1916 omnem
3110 1860 3399 1924 malitiam,
3440 1859 3606 1929 dilige

354 1949 616 2020 ἀπόνιψον
663 1950 760 2021 μὲν
798 1949 992 2004 ἑαυτοῦ
1054 1950 1235 2003 πᾶσαν
1278 1949 1497 2013 κακίαν,
1553 1950 1839 2021 ἀγάπησον
1871 1948 1929 2002 δὲ

353 2042 453 2114 τὴν
480 2042 694 2096 εὐθεῖαν
718 2041 855 2096 ὁδόν.
887 2041 1053 2095 Μένει
1080 2040 1189 2113 γάρ
1214 2041 1628 2112 ἐγκατάλειμμα
1656 2042 1751 2095 καὶ
1775 2040 1928 2105 ἐλπὶς

354 2134 556 2206 ἀγαθὴ,
584 2134 661 2206 τῷ
695 2135 792 2207 τὴν
833 2136 1054 2207 εἰρήνην
1082 2135 1176 2188 καὶ
1205 2134 1300 2206 τὴν
1330 2134 1512 2204 φιλίαν
1550 2136 1648 2205 τὴν
1682 2134 1815 2207 πρὸς
1838 2133 1928 2187 τὸν

354 2227 486 2281 Θεὸν
514 2227 923 2299 μεταδιώξαντι,
954 2229 1047 2282 καὶ
1070 2228 1158 2282 διὰ
1184 2227 1343 2282 τοῦτο
1366 2226 1628 2298 είρηνικῷ
1656 2226 1929 2298 ἀνθρώπῳ

354 2321 649 2391 γενομένῳ.
688 2320 846 2375 Κατά
863 2320 919 2373 δὲ
950 2320 1041 2373 τὸν
1072 2319 1389 2390 Σύμμαχον,
1417 2320 1724 2384 Φύλασσε,
1743 2319 1927 2389 φησιν,

351 2410 692 2479 ἁπλότητα,
726 2411 825 2466 καί
859 2411 968 2481 ὅρα
993 2412 1159 2477 εὐθὺ,
1189 2411 1278 2466 ὅτι
1298 2411 1429 2466 ἔστι
1463 2412 1774 2482 μέλλοντα
1824 2411 1930 2466 ἀν·-

351 2502 560 2570 θρώπφ
605 2501 902 2571 εὶρηνικῷ.

710 2615 1026 2670 ’ΨΑΛΜΟΣ
1066 2616 1154 2669 ΤΩ
1193 2615 1391 2668 ΔΔΥῐΔ
1421 2615 1542 2669 ΔΖ’.

882 2709 985 2773 Εις
1031 2706 1396 2776 ἀνάμνησιν.

418 2794 617 2862 Κύριε,
655 2793 742 2864 μὴ
788 2792 870 2860 τῷ
904 2794 1068 2863 θυμῷ
1104 2809 1222 2848 σου
1261 2793 1517 2864 ἐλέγξῃς
1546 2811 1644 2864 με,
1669 2794 1824 2864 μηδὲ
1851 2794 1927 2864 τῇ

353 2882 500 2955 ὀργῆ
531 2898 646 2939 σου
687 2883 1019 2952 παιδεύσῃς
1036 2901 1132 2954 με.
1164 2884 1355 2948 Δύτοῖς
1387 2885 1593 2955 ῥήμασι
1627 2884 1719 2938 καὶ
1739 2885 1929 2949 αύταϊς

355 2975 645 3041 συλλαϐαῖς
683 2977 776 3029 καὶ
804 2978 834 3030 ὁ
875 2983 928 3042 ς’
948 2976 1162 3048 ψαλμδς
1191 2976 1364 3047 τούτῳ
1409 2976 1803 3049 παραπλησίως
1830 2976 1928 3049 ἄρ-

352 3084 523 3137 χεται,
553 3067 645 3123 καὶ
677 3069 748 3122 τά
784 3066 946 3122 λοιπά
972 3068 1030 3121 δὲ
1051 3069 1145 3122 τοῦ
1180 3069 1341 3123 -ἒκτου
1371 3073 1483 3135 τοῖς
1514 3073 1573 3124 ἐν
1598 3070 1676 3142 τῷ
1703 3088 1925 3142 προκει-

357 3159 503 3230 μένῳ
532 3158 850 3230 φερομένοις
883 3160 1118 3231 συγγενῆ
1148 3161 1424 3232 τυγχάνει.
1467 3161 1604 3215 Ἀλλ’
1627 3165 1685 3217 ὲν
1720 3164 1817 3235 μὲν
1850 3163 1929 3235 τῷ
1953 3203 1994 3258 C

351 3252 541 3322 ῑκτῳή
569 3252 862 3325 προγραφὴ
879 3255 1151 3326 περιεῖχεν
1168 3270 1183 3284 ⁸
1214 3257 1319 3321 Εἰς
1340 3254 1406 3308 τὸ
1430 3253 1604 3322 τέλος
1618 3255 1684 3309 ἐν
1715 3255 1927 3326 ὕμνοις

352 3342 504 3411 ὑπὲρ
546 3341 658 3412 τῆς
708 3343 922 3414 ὀγδόης
950 3344 1194 3415 ψαλμὸς
1245 3345 1325 3412 τῷ
1373 3348 1586 3403 Δαυτδ’
1651 3353 1709 3403 ὲν
1753 3350 1810 3404 δὲ
1848 3350 1929 3423 τῷ

353 3435 581 3508 παρόντι
608 3435 814 3490 τούτων
843 3437 940 3508 μὲν
960 3436 1133 3501 οὐδὲν,
1164 3438 1324 3509 μόνον
1349 3440 1405 3495 δὲ
1433 3441 1539 3495 τὸν
1558 3443 1809 3513 ψαλμὸν
1849 3444 1930 3510 τῷ

352 3527 534 3582 Δαυῒδ
573 3529 661 3593 εις
704 3525 1049 3597 ἀνάμνησιν
1093 3528 1380 3585 δέδεικται.
1420 3533 1492 3585 ’Ἡ
1526 3550 1589 3602 γε
1626 3534 1732 3607 μὴν
1764 3551 1930 3607 προσ-

351 3618 495 3692 θήκη
529 3621 585 3691 ἢ,
641 3622 729 3687 εὶς
757 3620 1121 3690 ἀνάμνησιν,
1166 3621 1340 3675 ἔοικεν
1388 3625 1731 3696 ἀναπέμπειν
1779 3628 1928 3698 ἡμᾶς

351 3712 433 3775 είς
457 3710 557 3783 τὴν
582 3713 640 3764 ὲν
658 3711 735 3782 τῷ
757 3711 901 3782 ἕκτῳ
924 3714 1268 3785 πρργραφὴν,
1292 3713 1422 3767 ὥστ’
1444 3711 1583 3770 εἶναι
1606 3716 1674 3771 τὰ
1685 3718 1928 3788 παρόντα

352 3804 440 3868 είς
461 3802 527 3855 τὸ
553 3801 747 3868 τέλος,
770 3804 884 3865 καὶ,
903 3804 973 3857 ἐν
992 3804 1225 3873 ὕμνοις,
1246 3806 1341 3859 καὶ
1364 3807 1512 3874 ὑπὲρ
1545 3806 1653 3875 τῆς
1673 3808 1891 3878 ὀγδόης
1909 3827 1923 3841 ·

354 3893 570 3948 πάντων
591 3891 701 3964 γὰρ
717 3891 784 3946 ἂν
810 3893 892 3965 εἴη
911 3891 1113 3947 τούτων
1136 3897 1546 3965 παραστατικὸν
1562 3898 1644 3960 τὸ,
1677 3903 1765 3963 είς
1779 3899 1925 3953 ἀνά-

346 3999 600 4055 μνησιν.
653 3984 791 4038 Ἀλλ’
843 3985 968 4039 ἐπεὶ
1016 3983 1306 4050 διεξιόντες
1361 3986 1430 4041 τὰ
1461 3988 1519 4039 ἐν
1558 3988 1637 4059 τῷ
1676 3989 1839 4060 ἕκτῳ,
1859 3990 1927 4044 τὰ

354 4073 697 4129 ὕποπεσόντα
725 4076 805 4140 είς
831 4075 932 4146 τὴν
973 4076 1298 4149 προγραφὴν
1334 4078 1654 4149 εἰρήκαμεν,
1692 4082 1782 4147 εὶς
1810 4079 1927 4149 τὴν

351 4165 573 4220 ἐκείνων
622 4164 965 4236 ἀνάμνησιν
1023 4167 1118 4221 καὶ
1171 4169 1336 4238 ἡμεῖς
1382 4170 1557 4223 ἀναπέ
1565 4169 1776 4242 μψομεν
1834 4172 1926 4227 τὸν

352 4258 765 4329 ἐντυγχάνοντα.
788 4260 946 4313 Δοκεῖ
966 4259 1022 4313 δέ
1046 4277 1136 4331 μοι
1161 4263 1189 4314 ὁ
1209 4261 1390 4325 Δαυτδ,
1414 4261 1687 4334 διαφόρως
1708 4267 1767 4317 ἐν
1798 4265 1926 4319 πολ-

350 4344 462 4413 λοῖς
495 4350 624 4421 περὶ
649 4349 743 4404 τοῦ
773 4351 1108 4423 πραχθέντος
1144 4352 1294 4424 αὐτῷ
1323 4353 1428 4425 πλη
1437 4355 1612 4427 μμελή
1623 4373 1792 4427 ματος
1835 4356 1924 4426 ἐξ·

348 4439 841 4511 ομολογησάμενος,
879 4442 1022 4507 ἰδίως
1056 4443 1148 4497 τὸν
1193 4445 1438 4516 παρόντα
1482 4445 1694 4517 ψαλμὸν
1723 4448 1928 4519 ἀφωρι-

2030 1953 2173 2008 viam
2205 1961 2435 2008 rectam.
2476 1952 2697 2008 Manent
2725 1952 2869 2008 enim
2911 1951 3157 2022 reliquiae
3186 1966 3420 2022 spesque
3463 1950 3606 2006 bona

2029 2060 2153 2100 erm
2179 2046 2272 2116 qui
2312 2061 2500 2116 pacem
2533 2045 2944 2115 amicitiamque
2993 2044 3091 2100 Dei
3136 2044 3506 2115 persequitur,
3551 2049 3607 2094 et

2030 2135 2152 2189 ideo
2190 2134 2355 2189 homo
2383 2136 2645 2205 paciticus
2675 2130 2904 2190 effectus
2930 2141 3034 2189 est.
3078 2132 3396 2188 Secundum
3443 2131 3603 2202 Sym-

2028 2225 2283 2279 machum
2328 2234 2508 2281 autem
2531 2265 2546 2291 ,
2585 2224 2808 2280 Custodi
2844 2224 3274 2295 simplicitatem,
3323 2223 3521 2293 inquit,
3560 2234 3604 2279 at

2028 2317 2143 2371 vide
2189 2319 2520 2390 aequitatem,
2565 2318 2815 2388 quoniam
2863 2318 3049 2388 futura
3102 2326 3225 2372 sunt
3274 2315 3473 2372 homini
3508 2330 3605 2383 pa-

2027 2408 2201 2478 ciﬁco.

2310 2608 2365 2664 1.
2406 2606 2736 2662 PSALMUS
2786 2606 3017 2663 DAVIDI
3054 2606 3320 2662 XXXVII.

2336 2699 2399 2754 In
2424 2701 2921 2755 'rememorationem
2951 2700 3015 2754 de
3038 2699 3296 2771 Sabbato.

2101 2792 2270 2847 Vsus.
2316 2792 2373 2847 2.
2415 2792 2674 2857 Domine,
2708 2810 2771 2848 ne
2824 2794 2879 2847 in
2908 2794 3090 2862 furore
3131 2802 3222 2846 tuo
3260 2808 3455 2864 arguas
3500 2808 3602 2857 me,

2028 2903 2189 2958 neque
2217 2887 2272 2940 in
2306 2888 2390 2957 ira
2414 2895 2505 2941 tua
2537 2888 2796 2957 corripias
2829 2903 2930 2941 me.
2962 2886 3100 2956 Ipsis
3132 2886 3317 2943 verbis
3360 2885 3607 2959 ipsisque

2028 2979 2258 3051 syllabis
2284 2988 2471 3035 sextus
2498 2995 2719 3051 quoque
2765 2980 3011 3049 psalmus
3046 2979 3255 3050 pariter
3292 2978 3601 3044 inchoatur,

2026 3077 2081 3123 at
2107 3069 2319 3140 reliqua
2350 3084 2473 3140 qua:
2502 3070 2558 3124 in
2605 3076 2760 3125 sexto
2805 3076 3150 3139 comparent,
3196 3069 3362 3138 hujus
3409 3070 3603 3140 psalmi

2028 3160 2189 3216 dictis
2223 3159 2403 3215 aliinia
2434 3169 2582 3216 sunt.
2611 3159 2680 3214 At
2716 3161 2771 3215 in
2810 3169 2966 3215 sexto
2998 3161 3211 3231 psalmo
3246 3161 3329 3216 sic
3368 3160 3604 3216 habebat

2029 3252 2316 3323 inscriptio
2350 3272 2363 3308 :
2404 3252 2467 3308 1η
2497 3254 2654 3323 ﬁnem
2687 3254 2743 3307 in
2770 3252 2978 3324 hymnis
3009 3262 3104 3323 pro
3146 3262 3333 3309 octava
3364 3252 3605 3324 psalmus

2030 3340 2240 3397 Davidi.
2285 3341 2343 3397 lu
2392 3345 2648 3414 praesenti
2682 3355 2863 3400 autem
2917 3345 3058 3399 nihil
3102 3345 3298 3399 horum
3348 3345 3603 3412 habetur,

2028 3434 2121 3490 sed
2156 3433 2444 3501 duntaxat,
2477 3436 2714 3505 psalmus
2748 3434 2977 3500 Dauidi,
3013 3437 3069 3490 in
3094 3438 3604 3493 rememorationem.

2029 3525 2143 3582 Hoc
2183 3543 2349 3598 porro
2379 3528 2814 3584 additamentum
2834 3568 2849 3593 ,
2883 3528 2939 3583 in
2970 3529 3457 3584 remunerationem
3477 3569 3493 3593 ,
3523 3528 3606 3582 vi-

2027 3620 2189 3675 detur
2213 3636 2314 3676 uos
2342 3621 2413 3674 ad
2449 3621 2646 3691 psalmi
2682 3623 2822 3677 sexti
2859 3621 3272 3693 inscriptionem
3303 3621 3601 3686 remittere,

2028 3710 2105 3764 ita
2140 3718 2200 3765 ut
2230 3724 2354 3781 quae
2379 3710 2494 3779 jam
2522 3711 2579 3765 in
2607 3712 2863 3768 manibus
2897 3719 3047 3777 sunt,
3078 3712 3132 3766 in
3165 3712 3344 3783 ﬁnem,
3378 3711 3434 3765 in
3459 3710 3607 3781 Itym-

2027 3802 2131 3868 nis,
2156 3813 2208 3856 et
2231 3817 2328 3871 pro
2360 3812 2544 3856 octava
2570 3802 2716 3857 dicta
2758 3804 2862 3861 sint
2888 3821 2903 3872 ;
2932 3820 3060 3860 nam
3099 3805 3216 3861 haec
3238 3803 3422 3861 omnia
3450 3819 3606 3875 repe-

2026 3904 2142 3948 tere
2176 3902 2230 3948 et
2256 3894 2544 3951 declarare
2568 3896 2785 3950 videtur
2815 3896 2971 3960 illud,
3011 3898 3066 3951 in
3094 3896 3603 3951 rememorationem.

2027 3982 2227 4039 Verum
2255 3986 2384 4056 quia
2417 4000 2543 4039 cum
2577 3994 2790 4041 sextum
2832 3988 3103 4056 psalmum
3159 3989 3603 4057 explauaremus,

2026 4091 2148 4146 qua:
2193 4076 2606 4147 inscriptionem
2647 4078 2971 4148 spectabant
3018 4078 3454 4148 explicavimus,
3502 4095 3606 4136 nos

2026 4184 2245 4239 quoque
2276 4168 2331 4222 in
2372 4171 2862 4224 rememorationem
2906 4183 3096 4224 eorum
3126 4170 3384 4224 lectorem
3420 4173 3606 4227 remit-

2026 4267 2227 4316 temus.
2250 4259 2483 4317 Videtur
2511 4278 2678 4332 porro
2712 4262 2846 4317 mihi
2872 4261 3152 4326 Davidem,
3179 4276 3306 4315 eum
3336 4262 3392 4317 in
3417 4264 3605 4321 multis

2027 4353 2127 4408 abs
2160 4368 2220 4409 se
2250 4361 2628 4425 perpetratum
2662 4353 2879 4410 facinus
2909 4354 3063 4409 varie
3112 4353 3403 4410 confessus
3435 4365 3603 4421 esset,

2026 4443 2173 4501 hunc
2227 4445 2333 4501 sibi
2397 4446 2669 4516 psalmum
2719 4446 2940 4517 proprie
3006 4446 3061 4500 in
3117 4448 3605 4503 rememorationem

352 4529 506 4584 κέναι
537 4526 717 4602 ἑαυτῷ
760 4533 848 4598 εὶς
873 4533 1233 4604 ἀνάμνησιν,
1259 4535 1335 4600 ὡς
1366 4536 1454 4589 ἀεὶ
1477 4537 1572 4592 καὶ
1602 4538 1691 4593 διὰ
1724 4540 1922 4604 παντὸς

2027 4536 2364 4607 seposuisse,
2405 4539 2479 4592 ita
2519 4546 2581 4592 ut
2630 4553 2756 4594 eum
2811 4553 3032 4610 semper
3064 4538 3118 4593 in
3154 4554 3250 4594 ore
3308 4538 3494 4602 ferret,
3537 4553 3605 4594 eo

350 4620 536 4693 φέρειν
568 4621 700 4676 αὐτὸ
738 4621 843 4676 ἀνὰ
870 4623 1067 4695 στόμα.
1122 4625 1438 4697 Κεχρῆσθαι
1500 4626 1556 4680 δὲ
1609 4628 1760 4701 αὐτῷ
1800 4631 1923 4685 ἀντὶ

350 4712 564 4784 ἐπῳδῆς
589 4714 683 4767 ἐπὶ
712 4713 977 4787 θεραπεία
1021 4716 1118 4786 τῆς
1157 4716 1319 4770 αὐτοῦ
1363 4717 1565 4790 ψυχῆς.
1621 4721 1924 4794 Ἰκετηρίαν

349 4803 480 4874 γοῦν
509 4805 819 4877 ἀναπέμπει
863 4807 941 4878 τῷ
973 4807 1110 4879 Θεῷ,
1136 4807 1203 4861 δι’
1235 4805 1305 4883 ἧς
1334 4811 1672 4884 ἀποστρέφει
1704 4814 1801 4885 μὲν
1825 4816 1923 4886 τὴν

349 4896 519 4971 ὀργήν
539 4897 637 4969 τὴν
666 4900 798 4952 πᾶσι
819 4901 931 4964 τοῖς
956 4901 1359 4973 ἁμαρτάνουσιν
1379 4906 1785 4979 ὲπηρτημένην,
1811 4908 1924 4962 ἱλά-

348 5002 540 5044 σκεται
568 4988 626 5042 δὲ
662 4990 756 5043 τὸν
786 4991 987 5060 ἀγαθὸν
1021 4991 1223 5062 Κύριον
1251 4999 1370 5059 ταῖς
1401 4996 1518 5067 μεθ’
1552 4999 1920 5071 ὑπερϐαλλού-

350 5094 452 5150 σης
491 5079 927 5152 ἐξομολογήσεως
973 5086 1196 5152 φωναῖς.
1239 5086 1428 5155 Λέγων
1473 5088 1531 5142 δέ
1549 5106 1563 5119 ·
1594 5092 1796 5160 Κύριε,
1832 5092 1920 5162 μὴ

350 5169 431 5235 τῷ
465 5169 645 5263 θυμῷγ
670 5186 792 5263 σου
832 5172 1087 5244 ἐλέγξῃς
1105 5193 1204 5245 με,
1236 5177 1298 5230 ού
1335 5179 1425 5231 τὸν
1453 5179 1673 5263 ἔλεγχον
1716 5201 1921 5256 παραι-

349 5264 541 5320 τείται.
601 5262 735 5323 ἀλλά
778 5265 870 5320 τὸν
905 5267 1041 5336 μετά
1079 5267 1248 5339 θυμοῦ
1273 5285 1287 5300 ·
1317 5270 1439 5324 οὐδὲ
1473 5262 1536 5324 τὸ
1567 5274 1920 5346 παιδευθῆναι

349 5352 561 5422 φεύγει,
599 5354 814 5410 ἀλλάτὸ
846 5357 984 5427 μετά
1009 5359 1177 5430 ὀργῆς
1199 5377 1212 5390 ·
1243 5359 1375 5413 ὡσεὶ
1406 5362 1500 5415 καὶ
1541 5364 1710 5436 ἰατρῷ
1735 5382 1821 5430 τις
1852 5368 1921 5424 τὰ

349 5443 435 5496 διὰ
484 5445 757 5518 καυτῆρος
811 5448 905 5502 καὶ
968 5448 1186 5521 σιδήρου
1236 5454 1331 5506 κα)⁸
1374 5454 1586 5527 πικρῶν
1632 5458 1921 5516 ἀντιδότων

352 5535 709 5607 προσφέροντι
740 5538 1064 5612 βοηθήματα
1081 5542 1173 5596 ἐπὶ
1198 5543 1467 5619 θεραπείᾳ
1487 5548 1689 5615 πάθους
1711 5553 1924 5607 ὑποκεί-

353 5639 508 5693 μενος
540 5626 717 5697 λέγοι·
750 5630 842 5701 Μὴ
867 5629 955 5684 διὰ
981 5632 1149 5702 πυρός
1177 5650 1242 5704 με
1273 5635 1635 5712 Θεραπεύσῃς,
1669 5642 1805 5713 μηδὲ
1832 5643 1919 5698 διὰ

352 5714 566 5788 σιδήρου
595 5718 692 5773 καὶ
721 5720 924 5791 τομῶν,
982 5722 1117 5777 ἀλλά
1149 5725 1235 5779 διὰ
1261 5726 1437 5795 ἠπίων
1479 5730 1572 5784 καὶ
1602 5734 1918 5805 πραοτέρων

350 5810 673 5879 φαρμάκων.
715 5813 772 5865 '0
800 5813 907 5883 γὰρ
937 5815 1178 5882 τοιοῦτος
1217 5818 1276 5871 οὐ
1339 5819 1435 5888 τὴν
1483 5822 1777 5892 θεραπείαν
1814 5828 1914 5895 ἀρ-

2030 4646 2162 4686 usus
2194 4631 2351 4701 quasi
2385 4630 2745 4687 delinimento
2796 4631 2864 4686 ad
2912 4630 3176 4687 medelam
3232 4631 3428 4689 anima:
3465 4647 3600 4688 suae.

2028 4719 2494 4792 Supplicationem
2528 4721 2713 4792 itaque
2754 4720 2865 4777 Deo
2897 4721 3120 4786 emittit,
3147 4737 3253 4791 qua
3296 4722 3434 4787 iram
3466 4724 3602 4795 lqui-

2025 4812 2148 4868 dem
2193 4814 2552 4884 peccantibus
2605 4814 2866 4871 omnibus
2924 4815 3322 4884 impendentem
3368 4815 3602 4883 avertit,

2027 4905 2362 4976 vocibusque
2389 4907 2605 4962 eximia:
2644 4906 3013 4965 confessionis
3060 4906 3263 4961 bonum
3310 4906 3603 4964 Dominum

2023 5003 2323 5073 propitium
2355 5003 2460 5058 sibi
2503 5001 2656 5057 facit.
2696 5002 2834 5058 Cum
2870 5017 2999 5059 vero
3034 5002 3130 5064 ait,
3170 5002 3422 5070 Domine,
3457 5020 3521 5057 ne
3547 5006 3603 5057 in

2023 5094 2201 5163 furore
2240 5101 2331 5146 tua
2380 5108 2578 5163 arguas
2630 5109 2746 5157 me,
2803 5108 2915 5148 non
2969 5093 3447 5162 reprehensionem
3506 5092 3604 5148 de-

2023 5191 2255 5250 trectat,
2289 5184 2389 5240 sed
2436 5200 2563 5239 cum
2603 5185 2791 5240 furore
2834 5182 3219 5252 conjunctam;
3262 5201 3439 5255 neque
3478 5200 3604 5239 cor-

2022 5276 2329 5347 reptionem
2358 5274 2524 5346 fugit,
2560 5277 2814 5333 sed~cum
2865 5276 2948 5330 ira
2996 5276 3237 5332 editam:
3271 5292 3339 5332 ac
3386 5275 3434 5332 si
3477 5290 3602 5346 quis

2023 5368 2237 5424 medico
2269 5383 2367 5438 per
2397 5367 2768 5434 adustionem,
2805 5366 3011 5422 ferrum
3045 5378 3099 5423 et
3129 5368 3328 5423 acerba
3360 5367 3601 5425 remedia

2024 5456 2270 5511 levamen
2297 5456 2475 5511 morbi
2511 5456 2759 5513 olferenti
2810 5455 3096 5527 subjectus
3123 5457 3309 5513 dicat:
3360 5455 3440 5512 Ne
3468 5450 3600 5513 milii

2023 5547 2226 5619 ignem,
2254 5563 2324 5604 ne
2354 5547 2583 5614 ferrum,
2613 5564 2683 5604 ne
2706 5551 2984 5605 sectioues
3009 5547 3078 5605 ad
3118 5550 3384 5613 medelam
3411 5549 3602 5613 admo-

2022 5654 2172 5705 veas,
2218 5639 2316 5696 sed
2365 5639 2549 5696 dulcia
2603 5640 2932 5714 mitioraque
2970 5643 3249 5701 remedia:
3297 5643 3424 5698 talis
3454 5643 3599 5715 enim

2021 5732 2189 5787 homo
2211 5747 2318 5788 non
2350 5736 2688 5790 curationem
2720 5737 2929 5802 abnuit,
2972 5738 3066 5795 sed
3104 5737 3378 5793 duriorem
3410 5739 3591 5808 opitu-

2021 5829 2168 5887 landi
2203 5831 2492 5889 rationem.
2547 5831 2879 5905 Plerumque
2926 5843 3106 5892 autem
3138 5836 3396 5901 diximus,
3459 5835 3594 5887 iram
