4100 6380
501 359 608 413 379

1153 356 1421 413 EUSEBII
1452 357 1927 414 CESARIENSIS
1965 355 2115 414 OPP.
2159 357 2338 413 PARS
2376 357 2462 412 ιιι.
2502 389 2573 400 -
2599 358 3008 415 EXEGETICA.

3644 366 3750 417 540

500 484 554 529 et
580 473 819 527 furorem
856 470 950 527 Dei
980 472 1032 527 in
1064 472 1328 529 divinitus
1358 474 1576 531 traditis
1607 474 1931 548 Scripturis,
1958 491 2067 530 non

2171 480 2361 540 νεῖται,
2384 475 2518 529 ἀλλὰ
2546 476 2639 529 τὸν
2669 477 2925 530 ἐπίπονον
2974 473 3174 547 τρόπον
3212 474 3318 527 τῶν
3370 473 3748 545 βοηθημάτων.

498 563 668 619 animi
701 571 884 620 motus
908 565 963 618 in
997 562 1106 620 Deo
1133 567 1466 638 signiﬁcare,
1494 582 1621 622 nam
1653 568 1721 622 ab
1746 568 1813 622 iis
1840 581 2073 620 vacuum

500 655 714 715 Numen
755 668 872 725 est;
904 658 998 713 sed
1031 675 1129 731 per
1176 662 1587 717 translationem
1632 661 1749 716 haec
1801 662 1974 716 solent
2017 660 2073 714 in

502 746 792 823 Scriptura
834 751 1137 814 nominari,
1171 752 1629 822 quemadmodum
1686 752 1852 818 oculi,
1888 767 2074 819 aures,

502 857 722 905 manus,
755 842 932 915 digiti,
965 843 1131 914 pedes
1160 856 1212 900 et
1242 846 1451 921 reliqua
1486 846 1762 901 membra:
1804 860 1926 917 quae
1961 847 2077 914 ipse

502 932 821 989 hominibus
870 936 1079 991 utiliter
1126 935 1440 1006 dispensat,
1496 938 1808 992 auditorum
1864 937 2076 1006 simpli-

498 1024 651 1078 citati
682 1038 741 1079 se
787 1032 1181 1096 attemperans.
1220 1027 1312 1082 Sic
1361 1028 1531 1101 igitur
1576 1028 1811 1083 inﬂictas
1865 1043 1932 1082 ex
1979 1027 2075 1081 Dei

493 1112 706 1181 judicio
774 1118 1133 1187 peccantibus
1182 1133 1415 1188 prunas,
1471 1135 1593 1189 qua:
1646 1134 1779 1175 sane
1834 1118 2077 1173 molesta:

500 1201 818 1271 acerbeque
851 1205 1186 1273 patientibus
1215 1216 1367 1272 Sllitl,
1401 1210 1559 1279 quasi
1590 1226 1656 1264 ex
1687 1210 1768 1263 ira
1804 1218 1855 1264 et
1893 1209 2078 1265 furore

500 1286 744 1346 invectas
773 1291 1081 1348 adumbrat.
1130 1294 1245 1350 Hoc
1297 1301 1483 1368 itaque
1528 1297 1688 1353 docet
1743 1315 1903 1354 sacer
1931 1300 2076 1369 Apoc

499 1382 676 1437 stolus
718 1383 943 1448 dicens,
998 1385 1298 1442 Secundum
1345 1400 1523 1445 autem
1583 1391 1841 1445 duritiam
1888 1402 2072 1458 tuam,

497 1482 549 1528 et
577 1474 904 1542 impanitens
933 1494 1045 1541 eor,
1080 1478 1410 1535 tltesaurizas
1462 1483 1555 1537 tibi
1590 1484 1728 1535 iram
1762 1484 1816 1536 in
1841 1483 1926 1536 die
1954 1484 2070 1548 ira,

498 1574 549 1619 et
576 1566 909 1621 reuelationis
925 1567 1063 1637 justi
1083 1569 1280 1639 judicii
1314 1558 1433 1637 Dei,
1467 1574 1556 1642 qui
1589 1573 1767 1627 reddet
1796 1575 2077 1645 unicuique

498 1664 786 1720 secundum
817 1682 975 1735 opera
1018 1667 1132 1736 ejus
1154 1668 1201 1699 ⁸⁸
1227 1687 1239 1722 :
1277 1683 1342 1723 ac
1373 1670 1418 1724 si
1452 1670 1577 1739 quis
1597 1670 1853 1725 inductas
1883 1685 1913 1724 a
1956 1671 2076 1741 lege

498 1752 789 1812 bomlcidis
829 1770 1043 1826 pcenas,
1082 1757 1217 1810 iram
1263 1773 1328 1813 ac
1370 1759 1608 1816 furorem
1648 1761 1918 1832 appellet;
1962 1777 2070 1818 non

2175 566 2442 630 Πολλάκις
2473 567 2530 619 δὲ
2581 566 2814 638 εἴρηται,
2845 566 2921 629 ὡς
2959 566 3096 637 όργὴ
3126 566 3223 620 καὶ
3244 563 3414 635 θυμὸς
3436 565 3571 618 Θεοῦ
3599 565 3755 636 λεγό-

2177 676 2314 730 μενα
2368 661 2426 712 ἐν
2476 661 2595 723 ταῖς
2624 658 2998 721 θεοπνεύστοις
3053 660 3294 729 Γραφαίς
3324 658 3385 710 οὑ
3433 657 3580 729 πάθη
3623 660 3751 731 περὶ

2172 749 2263 802 τὸν
2294 749 2430 803 Θεὸν
2460 750 2733 822 σημαίνει,
2768 750 2970 813 παντὸς
3001 750 3110 821 γὰρ
3147 749 3350 814 πάθους
3380 749 3659 822 ἀλλότριον
3689 752 3752 806 τὸ

2173 840 2329 895 Θεϊον
2347 858 2361 871 °
2398 843 2538 895 κατὰ
2570 842 2880 913 μεταφορὰν
2910 842 2966 894 δὲ
2997 842 3067 895 τά
3085 841 3311 896 τοιαῦτα
3338 842 3527 896 εἴωθεν
3551 844 3751 915 ὀνομά-

2177 928 2290 996 ζειν
2308 935 2336 986 ό
2351 933 2450 1003 τῆς
2479 933 2701 1004 Γραφῆς
2728 932 2903 1001 λόγος,
2933 932 3008 996 ὼς
3030 933 3124 986 καὶ
3151 932 3463 1004 ὀφθαλμοὺς
3477 933 3637 999 Θεοῦ,
3657 938 3752 989 καὶ

2175 1017 2290 1076 ὦτα
2345 1024 2440 1077 καὶ
2496 1027 2685 1094 χεῖρας
2716 1022 2810 1077 καὶ
2861 1022 3177 1086 δακτύλους,
3216 1024 3311 1076 καὶ
3360 1023 3528 1088 πόδας
3555 1026 3649 1078 καὶ⁵
3676 1024 3750 1078 τά

2175 1115 2337 1170 λοιπά
2385 1115 2553 1186 μέληο
2604 1115 2746 1185 άπερ
2796 1115 2872 1177 ὼς
2924 1113 3061 1185 πρὸς
3107 1114 3423 1186 ἀνθρώπους
3465 1115 3752 1189 χρησίμως

2173 1211 2556 1278 οἰκονομεῖται,
2583 1204 2891 1275 συγκατιὼν
2917 1209 2983 1278 τῇ
3013 1205 3121 1260 τῶν
3161 1207 3523 1280 ἀκροωμένων
3556 1211 3751 1278 νηπιό-

2173 1315 2317 1369 τητι.
2353 1298 2539 1362 Οὕτως
2576 1294 2668 1351 οὖν
2707 1298 2801 1350 καὶ
2833 1297 2933 1361 τὰς
2973 1298 3315 1370 ἐπαγομένας
3350 1300 3619 1371 τιμωρίας
3639 1305 3752 1365 τοῖς

2174 1390 2549 1461 ἁμαρτάνουσι
2569 1389 2710 1443 κατὰ
2737 1388 2871 1443 Θεοῦ
2894 1390 3095 1461 κρίσιν,
3116 1390 3444 1460 σκυθρωπάς
3467 1390 3631 1456 οῦσας
3655 1394 3751 1447 καὶ

2174 1482 2430 1550 ἀλγεινὰς
2460 1484 2573 1544 τοῖς
2615 1482 2933 1552 πάσχουσιν,
2963 1482 3163 1535 ὡσανεὶ
3183 1481 3242 1545 ἐξ
3271 1483 3439 1553 ὀργῆς
3459 1482 3553 1536 καὶ
3575 1483 3748 1553 θυμοῦ

2176 1574 2524 1644 ἐπαγομένας
2553 1572 2941 1627 ὑποτυποῦται.
2980 1568 3147 1628 Τοῦτο
3177 1573 3307 1643 γοῦν
3331 1574 3569 1628 διδάσκει
3595 1577 3688 1628 καὶ
3721 1580 3753 1631 ό

2178 1665 2324 1737 ἱερὸς
2351 1664 2672 1729 Ἀπόστολος
2695 1665 2898 1733 λέγων·
2932 1668 3091 1719 Κατὰ
3125 1664 3192 1718 δὲ
3225 1664 3339 1734 τὴν
3364 1668 3751 1735 σκληρότητά

2175 1771 2292 1809 σου
2310 1754 2408 1808 καὶ
2434 1756 2839 1824 ἀμετανόητον
2850 1754 3099 1823 καρδίαν
3112 1755 3481 1824 θησαυρίζεις
3515 1759 3751 1825 σεαυτῷ

497 1842 643 1912 quod
671 1860 856 1900 revera
891 1847 974 1901 lex
1008 1847 1085 1902 ira
1110 1859 1163 1903 et
1194 1847 1380 1904 furore
1419 1851 1773 1921 corripiatur,
1808 1851 1902 1907 sed
1923 1854 2067 1923 quod

2170 1846 2357 1916 ὀργὴν
2368 1846 2439 1899 ἐν
2456 1846 2643 1915 ἡμέρᾳ
2656 1845 2838 1916 ὀργῆς
2850 1847 2948 1900 καὶ
2963 1848 3401 1915 ἀποκαλύψεως
3413 1849 3510 1902 καὶ
3526 1848 3750 1905 δικαιο-

499 1934 547 1990 ls
570 1936 663 2006 qui
692 1938 1019 2008 supplicium
1048 1940 1171 2004 luit,
1204 1940 1444 1998 inﬂictas
1468 1958 1658 2013 pmnas
1687 1959 1789 2014 pro
1818 1945 1897 2000 ira
1936 1945 2071 2015 legis

493 2022 713 2084 habeat.
745 2023 865 2080 Jam
899 2042 1033 2087 vero
1075 2028 1298 2098 maligni
1349 2045 1567 2099 quoque
1616 2030 1932 2095 daemones,
1978 2032 2071 2101 qui

495 2118 885 2187 suppliciorum
915 2118 1098 2190 impiis
1127 2121 1402 2175 illatorum
1428 2122 1663 2177 ministri
1689 2130 1839 2185 sunt,
1858 2137 2071 2177 necnon

495 2209 728 2265 virtutes
762 2209 859 2266 Del
917 2211 1299 2279 administras,
1350 2214 1430 2267 ira
1476 2225 1529 2271 et
1580 2215 1734 2271 furor
1781 2225 2068 2271 vocantur.

494 2299 700 2357 Eodem
750 2303 913 2358 modo
964 2304 1032 2359 de
1083 2305 1270 2360 decem
1316 2308 1493 2377 plagis
1538 2316 1731 2363 contra
1784 2308 2071 2380 Egyptios

496 2390 763 2449 immissis
786 2394 993 2449 dictum
1028 2404 1132 2460 est,
1171 2396 1324 2452 Misit
1363 2400 1420 2452 in
1448 2416 1536 2454 eos
1568 2400 1801 2469 furorem
1830 2410 1880 2454 et
1908 2402 2068 2464 iram,

494 2482 874 2541 immissionem
911 2502 1003 2556 per
1033 2489 1244 2558 angelos
1270 2490 1440 2545 malos
1463 2491 1531 2545 ⁸¹.
1573 2491 1667 2546 Sic
1717 2494 1941 2548 dextera
1974 2493 2070 2549 Dei

493 2568 757 2628 dicuntur
806 2574 943 2630 bona
992 2592 1090 2647 per
1129 2577 1385 2633 dexteras
1441 2579 1724 2652 bonasque
1769 2590 2071 2652 potestates

492 2656 672 2731 dignis
704 2663 1140 2720 subministrata.
1174 2664 1459 2737 Supplicat
1503 2670 1688 2741 itaque
1724 2670 1916 2736 David,
1945 2689 2012 2729 ne
2037 2687 2069 2727 a

491 2750 748 2820 malignis
773 2756 1139 2823 potestatibus
1159 2767 1515 2830 coarguatur,
1531 2777 1710 2831 neque
1726 2762 2072 2821 immissione

489 2844 807 2913 angelorum
852 2848 1098 2903 tristium
1149 2851 1526 2921 corripiatur;
1582 2854 1679 2909 sed
1735 2856 2069 2925 salutaribus

490 2932 696 2997 verbis,
712 2935 1050 3006 utilibusque
1076 2936 1407 3009 disciplinis,
1427 2949 1481 2995 et
1510 2943 1618 2997 alio
1637 2958 1856 3014 quoque
1881 2945 2066 3010 modo,

491 3033 646 3093 rogat
672 3040 741 3081 ne
772 3037 1020 3084 servetur
1049 3031 1117 3085 ad
1146 3031 1293 3087 diem
1337 3033 1432 3089 ira:
1455 3043 1509 3090 et
1538 3036 1889 3092 revelationis
1930 3038 2069 3107 justi

488 3113 684 3183 iudicii
720 3116 839 3185 Dei,
864 3120 959 3175 sed
982 3121 1094 3189 jam
1134 3122 1187 3177 in
1223 3126 1482 3193 praesenti
1520 3128 1628 3181 vita
1653 3136 1710 3182 et
1757 3136 1885 3183 ante
1919 3145 2067 3183 mor-

495 3214 604 3261 tem
633 3216 856 3276 peccata
879 3210 1049 3278 cluat,
1085 3213 1231 3287 quod
1267 3215 1457 3285 utique
1479 3224 1675 3272 nactus
1697 3225 1802 3272 est.
1840 3217 1906 3271 Et
1936 3234 2065 3274 vero

490 3296 708 3355 videtur
732 3315 949 3369 pmnam
993 3303 1231 3374 dedisse.
1264 3320 1363 3375 per
1407 3307 1747 3364 calamitates
1775 3319 1902 3363 ante
1948 3309 2069 3365 obi-

491 3396 606 3446 tum
628 3391 733 3461 ipsi
762 3392 962 3457 illatas,
989 3402 1050 3448 ut
1075 3411 1138 3450 ex
1165 3394 1477 3468 Regnorum
1499 3397 1729 3454 historia
1751 3398 2065 3456 didicimus.

489 3478 609 3534 Alia
652 3496 873 3552 quoque
916 3486 1129 3541 ratione
1159 3486 1229 3543 de
1285 3504 1345 3544 se
1397 3489 1517 3558 ipse
1557 3504 1750 3559 pmnas
1792 3492 2065 3563 sumpsit,

488 3568 620 3632 dum
652 3587 713 3628 se
753 3574 809 3629 in
852 3576 1024 3631 variis
1061 3577 1431 3635 confessionis
1464 3581 1641 3637 modis
1681 3581 2067 3640 alllictionibus

489 3660 720 3719 dedidit.
750 3661 868 3723 Hoc
900 3674 1061 3735 pacto
1096 3668 1262 3722 etiam
1295 3670 1537 3740 loquitur
1567 3690 1580 3726 :
1617 3670 1675 3725 Si
1703 3673 1834 3743 quid
1873 3689 2066 3745 perpe-

490 3755 656 3818 travi,
679 3770 790 3825 qua
810 3756 1007 3827 dignus
1046 3759 1151 3813 sim
1182 3760 1275 3829 qui
1301 3776 1330 3815 a
1360 3762 1549 3817 furore
1571 3778 1810 3833 arguar;
1838 3773 1892 3819 at
1924 3766 2066 3823 resi-

489 3844 712 3913 piscens
742 3860 874 3916 rogo
905 3855 962 3901 ut
997 3863 1027 3902 a
1058 3850 1244 3915 verbo,
1272 3866 1382 3906 non
1426 3867 1456 3906 a
1505 3852 1688 3909 furore
1731 3869 1967 3926 arguar;
2005 3865 2060 3913 et

488 3949 524 3995 α
557 3934 827 4003 doctrina,
855 3954 964 3994 non
998 3940 1067 3995 ab
1092 3941 1172 3996 ira
1200 3944 1487 4014 corripiar.

2172 1940 2408 2008 κρισίας
2419 1938 2525 1993 τοῦ
2543 1937 2711 2002 Θεοῦ,
2728 1939 2796 2004 ὃς
2805 1937 3101 1993 ἀποδώσει
3114 1938 3350 2006 ἑκάστῳ
3358 1942 3508 1993 κατὰ
3524 1939 3595 1994 τὰ
3605 1941 3751 2011 ἔργα

2171 2031 2356 2085 αὑτοῦ
2377 2049 2393 2063 ·
2416 2031 2493 2094 ὼς
2521 2030 2575 2083 εί
2602 2047 2685 2092 τις
2720 2031 2815 2084 καὶ
2834 2030 2932 2093 τάς
2950 2032 3014 2083 ὲκ
3052 2030 3146 2083 τοῦ
3161 2030 3325 2101 νόμου
3342 2031 3418 2102 τῷ
3442 2031 3750 2103 ἀνδροφόνῳ

2172 2123 2383 2190 ὲπηρτη
2392 2120 2557 2189 μένας
2578 2120 2823 2182 κολάσεις
2837 2120 3006 2191 ὀργὴν
3042 2122 3135 2174 καὶ
3151 2121 3319 2193 θυμὸν
3340 2122 3595 2193 ὀνομάζοι
3609 2140 3623 2153 ·
3648 2125 3749 2178 οὐκ

2171 2212 2386 2284 άληθῶς
2399 2210 2493 2265 τοῦ
2508 2211 2673 2280 νόμου
2688 2210 3028 2283 θυμουμένου
3058 2214 3151 2265 καὶ⁵
3174 2214 3549 2285 ὀργιζομένου,
3577 2216 3669 2271 τοῦ
3689 2218 3750 2271 δι

2171 2305 2530 2375 κολαζομένου
2551 2304 2720 2377 ὀργὴν
2746 2306 2839 2359 τοῦ
2863 2307 3028 2375 νόμου
3047 2307 3146 2377 τὴν
3171 2309 3438 2378 τιμωρίαν
3459 2309 3723 2381 ὑπειληςό
3738 2347 3750 2353 -

2169 2401 2427 2472 τος.Ἤδη
2440 2401 2496 2454 δὲ
2511 2400 2606 2453 καὶ
2619 2400 2669 2453 οί
2687 2398 2784 2462 τὰς
2800 2398 3047 2463 κολάσεις
3065 2398 3466 2471 διακονούμενοι
3483 2401 3621 2455 κατὰ
3640 2402 3750 2456 τῶν

2169 2493 2381 2548 ἀσεϐῶν
2414 2495 2638 2566 πονηροὶ
2662 2494 2934 2563 δαίμονες,
2966 2493 3025 2546 αῖ
3053 2509 3113 2545 τε
3143 2494 3473 2564 ὑπηρετικαὶ
3487 2494 3749 2566 δυνάμεις

2169 2586 2263 2639 τοῦ
2280 2586 2414 2640 Θεοῦ
2428 2588 2485 2640 αἱ
2499 2585 2718 2649 τοιαίδε,
2729 2585 2865 2657 ὀργὴ
2878 2586 2971 2638 καὶ
2985 2583 3048 2636 θυ
3057 2584 3155 2655 μδς
3171 2583 3747 2657 ὠνομάσθησαν.υῦτω

2169 2676 2300 2745 γοῦν
2347 2676 2563 2749 εἴρηται
2610 2679 2668 2730 ὲν
2707 2675 2785 2747 τῷ
2825 2676 2955 2746 περὶ
2986 2675 3085 2745 τῆς
3112 2674 3456 2747 δεκαπλήγου
3479 2678 3579 2748 τῆς
3622 2680 3743 2731 κατ’

2168 2766 2480 2835 Αἰγυπτίων
2526 2764 2860 2837 ἐπαχθείσης
2893 2765 3035 2835 λόγῳ
3080 2765 3175 2818 τό·
3224 2766 3610 2821 Ἀπέστειλεν
3651 2767 3743 2820 ἐπ’

2167 2855 2389 2922 αὐτοὺς
2419 2856 2611 2926 θυμὸν
2636 2857 2737 2909 καὶ
2761 2855 2967 2926 ὀργὴν,
2984 2854 3343 2924 ἀποστολὴν
3365 2856 3441 2911 δι’
3476 2858 3747 2928 ἀγγέλων

2168 2946 2465 3016 πονηρῶν.
2515 2947 2671 3001 Οῦτω
2714 2944 2864 3012 δεξιά
2913 2946 3161 3000 λέλεκται
3218 2946 3354 3001 Θεοῦ
3404 2947 3475 3001 τά
3513 2947 3601 3001 διὰ
3636 2947 3745 3002 τῶν

2167 3037 2355 3104 δεξιῶν
2411 3039 2506 3094 καὶ
2565 3038 2784 3108 ἀγαθῶν
2814 3038 3094 3108 δυνάμεων
3141 3042 3253 3102 τοῖς
3283 3038 3453 3104 ἀξίοις
3482 3040 3746 3111 χορηγού-

2173 3145 2325 3198 μενα.
2386 3130 2636 3185 Ἱκετεύει
2698 3131 2873 3184 τοίνυν
2926 3133 2956 3184 ό
2994 3129 3157 3183 Δαυτδ
3211 3130 3285 3200 μὴ
3339 3128 3428 3183 διὰ
3488 3131 3744 3201 πονηρῶν

2167 3221 2449 3293 δυνάμεων
2474 3222 2825 3293 ἐλεγχθῆναι,
2863 3224 2997 3294 μηδὲ
3035 3223 3103 3279 δι’
3153 3222 3453 3293 ἀποστολῆς
3492 3222 3744 3289 ἀγγέλων

2170 3312 2511 3384 σκυθρωπῶν
2561 3313 2946 3386 παιδευθῆναι·
2989 3315 3078 3373 διά
3114 3315 3285 3382 λόγων
3333 3313 3392 3366 δὲ
3436 3311 3738 3384 σωτηρίων,

2168 3406 2260 3458 καὶ
2298 3405 2634 3475 μαθημάτων
2676 3406 2973 3477 ὠφελίμων
3014 3407 3107 3462 καὶ
3152 3405 3325 3470 άλλως
3367 3404 3427 3460 δὲ
3473 3404 3742 3460 ἀντιϐολεῖ

2172 3496 2247 3567 μὴ
2275 3497 2576 3568 τηρηθῆναι
2616 3500 2698 3561 είς
2747 3499 2960 3571 ἡμέραν
3007 3500 3176 3570 ὀργῆς
3208 3499 3303 3553 καὶ
3346 3496 3741 3567 ἀποκαλύψεως

2170 3588 2266 3645 καὶ
2310 3588 2707 3661 δικαιοκρισίας
2747 3591 2842 3644 τοῦ
2892 3590 3051 3654 Θεοῦ,
3093 3590 3192 3662 ήδη
3233 3589 3290 3643 δὲ
3330 3588 3574 3643 ἐντεῦθεν
3599 3588 3743 3641 κατά

2167 3678 2258 3734 τὸν
2291 3680 2533 3750 παρόντα
2563 3681 2674 3753 βίον
2701 3682 2807 3755 πρὸ
2831 3683 2930 3754 τῆς
2959 3677 3217 3752 τελευτῆς
3245 3680 3646 3737 ἀπολούσασθαι
3674 3682 3744 3736 τὰ

2167 3768 2570 3840 ἁμαρτήματα·
2613 3773 2707 3828 καὶ
2752 3772 2907 3843 ἔτυχέ
2959 3790 3020 3841 γε
3065 3771 3159 3829 τοῦ
3209 3772 3434 3829 σκοποῦ.
3489 3770 3744 3824 Φαίνεται

2162 3860 2293 3928 γοῦν
2322 3861 2478 3934 δίκην
2506 3863 2775 3928 δεδωκὼς,
2803 3863 2870 3920 δι’
2893 3856 2969 3919 ὧν
2996 3863 3165 3918 ἔπαθε
3197 3863 3302 3933 πρὸ
3340 3863 3439 3933 τῆς
3464 3860 3743 3930 τελευτῆς.

2160 3952 2235 4017 ὡς
2274 3956 2337 4008 ἐκ
2385 3955 2488 4026 τῆς
2543 3956 2777 4030 ἱστορίας
2824 3957 2932 4010 τῶν
2979 3955 3275 4014 Βαοιλειῶν
3321 3953 3740 4023 μεμαθήκαμιν.

488 4025 600 4085 Kal
624 4026 799 4093 ἄλλως
858 4029 910 4083 δὲ
957 4034 1118 4097 αὐτὸς
1170 4034 1359 4089 ἑαυτὸν
1412 4039 1734 4109 ἐτιμωρεῖτο
1798 4042 2078 4106 παντοίαις
2136 4025 2451 4101 ὑποϐάλλων
2500 4025 2807 4103 κακώσεσιν
2858 4051 2917 4102 ὲν
2962 4051 3074 4110 τοῖς
3139 4047 3235 4119 τῆς
3294 4043 3735 4114 ἐξομολογήσεως

486 4116 730 4192 τρόποις,
773 4121 881 4176 Καὶ
939 4124 1111 4189 ἄλλως
1159 4126 1218 4180 δέ
1256 4144 1454 4198 φησιν’
1483 4132 1533 4183 εί
1588 4131 1900 4201 πέπρακταί
1967 4151 2053 4207 μοι
2090 4140 2329 4194 τοιοῦτον
2389 4143 2476 4212 ἐφ’
2503 4138 2585 4206 οἷς
2632 4144 2779 4210 ἀξιον
2844 4141 2950 4194 ὑπὸ
3011 4116 3566 4209 θυμοῦέλεγχθῆναι,
3605 4133 3744 4188 ἀλλά

484 4222 549 4360 ἔτ
601 4213 937 4282 μετανοήσας
985 4217 1287 4287 παρακαλῶ
1327 4219 1432 4273 ὑπὸ
1474 4219 1652 4288 λόγου,
1698 4223 1793 4277 καὶ
1848 4224 1923 4295 μὴ
1976 4226 2081 4281 ὑπὸ
2119 4228 2291 4301 θυμοῦ
2334 4233 2675 4305 ἐλεγχθῆναι,
2710 4233 2805 4287 καὶ
2858 4230 2966 4284 ὑπὸ
2992 4226 3359 4291 διδασκαλίας.
3387 4226 3480 4284 καὶ
3512 4227 3587 4297 μὴ
3636 4223 3742 4277 δπδ

519 4303 657 4374 ργῆς
691 4306 1059 4379 παιδευθῆναι.

519 4318 657 4374 ργης
691 4318 1059 4374 παιδευθῆναι.

557 4419 728 4477 Vsus.
758 4422 812 4478 5.
849 4423 1110 4489 Quoniam
1154 4430 1360 4502 sagitta
1411 4440 1515 4487 tua
1551 4433 1731 4502 inﬁxa
1752 4445 1873 4490 sunt
1911 4438 2058 4492 mihi.

2238 4441 2359 4492 Ὅτι
2377 4439 2449 4493 τὰ
2469 4437 2627 4505 ,βέλη
2666 4451 2783 4490 σου
2821 4431 3203 4503 ἐνεκείγησάν
3239 4449 3358 4501 μοι.
3406 4432 3465 4483 '0
3496 4431 3596 4500 μὲν
3630 4429 3741 4502 γὰρ

488 4511 771 4587 Siquidem
818 4518 1021 4575 athleta
1063 4519 1188 4586 Job,
1219 4524 1404 4578 omnia
1453 4528 1817 4585 tentationum
1858 4526 2059 4600 genera

2169 4529 2401 4602 ἀθλητὴς
2442 4527 2581 4594 Ἰὼϐ,
2616 4526 2898 4590 παντοίους
2924 4524 3221 4597 ὑπομείνας
3255 4523 3613 4593 πειρασμοὺς,
3639 4521 3740 4575 οὐκ

484 4623 801 4678 perpessus,
836 4625 947 4664 non
979 4610 1261 4681 ignorabat
1296 4614 1566 4671 undenam
1600 4618 1714 4673 haec
1746 4620 1851 4673 sibi
1877 4621 2061 4675 eveni-

484 4703 629 4764 rent,
676 4713 848 4768 quare
873 4698 1093 4754 dicebat
1125 4719 1138 4755 :
1184 4698 1409 4772 Sagitta
1447 4706 1587 4759 enim
1644 4706 1859 4761 Domini
1894 4709 1947 4763 in
1973 4726 2062 4764 ore

483 4804 598 4844 meo
622 4800 764 4856 sunt,
803 4809 1027 4864 quarum
1060 4794 1144 4847 ira
1161 4811 1331 4849 meum
1359 4797 1519 4852 ebibit
1538 4801 1846 4871 sanguinem
1871 4802 1937 4856 ⁸¹.
1960 4801 2062 4860 Da-

480 4881 572 4936 vid
605 4891 783 4937 autem
816 4900 924 4939 non
952 4887 1007 4941 in
1029 4901 1261 4957 corpore
1288 4890 1452 4944 veluti
1481 4889 1583 4947 Job
1615 4893 1787 4965 plagis
1810 4892 2058 4959 allectus,

481 4975 579 5032 sed
607 4974 659 5029 in
692 4977 810 5047 ipsa
841 4979 1022 5034 anima
1061 4980 1208 5035 letali
1231 4982 1460 5039 vulnere
1488 4985 1802 5050 confossus,
1843 5002 1953 5042 non
1985 4988 2061 5041 ait

480 5068 943 5137 quemadmodum
998 5070 1139 5127 Job:
1176 5071 1398 5145 Sagitta
1445 5075 1665 5132 Domini
1713 5080 1768 5131 in
1813 5095 1903 5133 ore
1942 5094 2056 5133 meo

478 5167 638 5223 sunt;
663 5157 761 5214 Sed
792 5179 806 5215 :
844 5159 1111 5227 Quoniam
1144 5165 1361 5235 sagitta
1394 5175 1496 5221 tua
1524 5169 1707 5238 inﬁxa
1754 5178 1877 5222 sunt
1904 5167 2055 5233 mihi,

477 5260 528 5310 et
557 5253 895 5322 conﬁrmasti
910 5272 1068 5326 super
1101 5273 1183 5312 me
1219 5276 1434 5314 manuni
1464 5270 1629 5314 tuam.
1659 5261 1753 5316 Ille
1776 5277 1906 5317 vero
1940 5277 2056 5316 ma-

479 5356 611 5396 num
643 5342 738 5398 Dei
769 5358 1038 5401 memorat
1069 5348 1156 5404 his
1187 5352 1372 5407 verbis
1404 5371 1419 5406 :
1460 5351 1654 5406 Manus
1679 5353 1818 5407 enim
1842 5352 2059 5407 Domini

478 5441 557 5487 est
585 5449 701 5502 qua
723 5437 895 5506 tetigit
932 5438 1093 5494 me".
1123 5439 1383 5498 Diabolus
1414 5453 1595 5498 autem
1628 5443 1860 5498 Domino
1874 5444 2012 5498 dixit
2041 5465 2053 5499 :

2166 4623 2351 4694 ἠγνόει
2387 4620 2549 4675 πόθεν
2577 4619 2725 4691 αὐτῷ
2756 4620 2904 4673 ταῦτ’
2938 4620 3147 4689 ἐγίνετο
3167 4636 3181 4649 ·
3209 4617 3292 4670 διὸ
3331 4615 3541 4682 ἔλεγεν⁸
3580 4612 3738 4681 Βέλη

2168 4716 2277 4785 γὰρ
2313 4713 2535 4782 Κυρίου
2565 4714 2637 4766 ὲν
2662 4711 2740 4778 τῷ
2768 4712 3017 4782 στόματί
3032 4710 3150 4781 μοῦ
3176 4714 3353 4773 είσιν,
3382 4700 3469 4761 ὧν
3491 4710 3524 4761 ό
3553 4707 3741 4775 θυμὸς

2166 4802 2365 4857 αὐτῶν
2421 4803 2648 4855 ἐκπίνει
2690 4820 2808 4871 μου
2848 4803 2914 4856 τὸ
2979 4796 3140 4870 αἷμα.
3189 4802 3246 4853 '0
3290 4798 3346 4851 δὲ
3388 4796 3570 4860 Δαυῖδ,
3592 4797 3651 4849 οὺ
3677 4795 3740 4849 τὸ

2168 4894 2327 4964 σῶμα
2352 4893 2579 4964 πληγεὶς
2603 4894 2802 4965 ὁμοίως
2831 4893 2910 4964 τῷ
2947 4892 3087 4956 Ἰὼϐ,
3116 4891 3286 4961 αὐτὴν
3325 4889 3383 4942 δὲ
3427 4887 3527 4959 τὴν
3562 4886 3740 4959 ψυχὴν

2166 4985 2385 5055 καιρίαν
2405 4982 2653 5055 τρωθεὶς,
2680 4983 2777 5053 οὐχ
2802 4981 3003 5052 ὁμοίως
3029 4979 3106 5051 τῷ
3145 4977 3262 5031 Ἰὼϐ
3307 4977 3505 5045 φάσκει
3532 4991 3547 5005 °
3581 4974 3738 5042 Βὲλη

2162 5080 2272 5145 γὰρ
2295 5077 2515 5143 Κυρίου
2543 5075 2612 5128 ἐν
2646 5076 2725 5140 τῷ
2757 5074 3011 5143 στόματί
3048 5089 3166 5141 μου
3193 5070 3397 5124 ἐστίν’
3433 5065 3570 5128 ἀλλ’,
3612 5066 3740 5118 Ὅτι

2163 5166 2235 5219 τὰ
2261 5166 2417 5234 βέλη
2449 5180 2581 5235 σου,
2608 5164 2992 5235 ἐνεπάγησὰν
3026 5181 3149 5234 μοι,
3199 5162 3295 5216 καί
3339 5157 3742 5227 ἐπεστήριξας

2162 5260 2255 5313 ἐπ’
2282 5258 2387 5327 ἐμὲ
2421 5258 2535 5326 τὴν
2554 5258 2721 5329 χεῖρά
2741 5274 2877 5313 σου.
2915 5258 2972 5311 '0
2998 5256 3055 5309 δὲ
3085 5252 3412 5327 μνημονεύει
3438 5251 3534 5323 τῆς
3560 5253 3740 5322 χειρός

2163 5353 2368 5423 Κυρίου
2397 5351 2569 5420 λέγων
2590 5369 2603 5381 ·
2629 5351 2766 5418 Χεὶρ
2786 5349 2894 5419 γὰρ
2916 5349 3137 5417 Κιιρίου
3176 5345 3348 5401 ἐστίν
3381 5345 3420 5412 ἠ
3458 5341 3738 5412 ἁψαμένη

2158 5460 2295 5512 μου.
2354 5444 2462 5496 Καὶ
2513 5444 2542 5495 δ
2585 5441 2827 5504 διάϐολος
2856 5439 2933 5511 τῷ
2955 5440 3166 5511 Κυρίῳ,
3203 5437 3587 5492 Ἀπόστειλον
3626 5431 3741 5500 τὴν

482 5520 636 5577 Mitte
665 5542 881 5582 manum
915 5538 1081 5595 tuam,
1108 5540 1157 5585 et
1182 5542 1334 5604 tange
1360 5538 1538 5589 omnia
1559 5550 1678 5605 qua
1700 5534 1853 5590 habet
1874 5537 1923 5569 ⁸⁸
1957 5556 1971 5591 :
2003 5546 2057 5592 et

2169 5537 2329 5607 χεῖρά
2354 5555 2469 5591 σου
2492 5536 2587 5590 καί
2616 5535 2766 5603 ἅψαι
2794 5532 3036 5587 πάντων
3070 5527 3158 5586 ὧν
3185 5531 3330 5601 ἔχει,
3362 5530 3568 5599 ἔφασκε
3586 5543 3600 5556 ·
3645 5524 3739 5581 καὶ

480 5628 702 5679 rursum
732 5638 750 5675 υ.
781 5618 934 5676 Mitte
963 5638 1181 5680 manum
1228 5635 1375 5681 tuam
1435 5637 1485 5682 et
1515 5638 1667 5699 tange
1696 5644 1905 5684 carnem
1942 5630 2055 5699 ejus

2169 5628 2324 5683 πάλιν
2344 5646 2356 5660 ·
2402 5630 2779 5685 Ἀπόστειλον
2801 5625 2914 5694 τὴν
2935 5623 3103 5697 χεῖρά
3138 5641 3276 5687 σου,
3328 5621 3422 5676 καὶ
3453 5613 3739 5688 ἅψαιτῶὒ

534 5771 597 5810 «ιθ
633 5771 791 5834 Rom.
834 5792 900 5845 ιι,
937 5780 988 5846 5,
1020 5782 1073 5837 6.
1151 5783 1191 5815 °‘
1237 5781 1381 5841 Psal.
1417 5800 1633 5854 Lxxm,
1668 5785 1758 5843 i9.
1904 5788 1949 5820 "
1986 5784 2067 5847 101

2169 5804 2214 5851 ‘,
2245 5784 2298 5841 4.
2375 5785 2420 5819 ⁸³
2456 5784 2558 5844 Job
2592 5800 2723 5849 (Ix,
2758 5783 2848 5839 21.
2947 5783 2995 5825 "
3033 5780 3134 5841 Job
3166 5797 3215 5845 ι,
3256 5780 3343 5842 Η,
