4100 6414
370 330 486 409 stt

1515 330 2021 391 COMMENTARIA
2052 333 2119 389 IN
2160 333 2502 392 PSALMOS.

3540 343 3659 399 ,ΞΗ

389 451 633 524 σαρκῶν
645 452 831 509 αὐτοῦ
849 454 945 508 καὶ
963 452 1081 507 τῶν
1101 454 1327 509 ὀστέων
1341 455 1551 511 αὐτοῦ.
1569 455 1705 509 Ἀλλ’
1721 457 1885 529 ἑτέρα
1897 473 1979 521 τις

2083 468 2130 513 et
2161 476 2285 513 ossa
2309 458 2423 529 ejus
2453 456 2729 513 “.Verum
2758 458 2864 511 alia
2898 471 3095 513 manus
3123 465 3264 523 erat,
3280 463 3333 513 et
3353 457 3657 530 aliasagit-

389 543 459 620 ἦν
476 547 598 620 χεὶρ
612 547 705 601 καὶ
717 546 874 619 ἕτερα
888 545 1012 617 βέλη
1032 546 1137 601 τῶν
1154 548 1370 618 σαρκῶν
1382 547 1545 601 αὑτοῦ
1562 547 1629 601 τὰ
1641 548 1743 602 καθ
1752 549 1977 619 ικόμενα

393 640 487 694 καὶ
498 639 602 694 τῶν
619 637 940 711 σωματικῶν
970 640 1081 693 ύπα
1089 638 1344 711 ρχόντωνο
1361 639 1594 695 ἐνταῦθα
1609 641 1652 693 δ’
1675 640 1977 711 ἐπειδήπερ

393 731 492 802 τὴν
513 730 689 801 ψυχὴν
704 728 870 801 αὐτὴν
886 730 1174 802 νενόσηκεν
1190 734 1218 785 ό
1233 731 1417 805 Δαυῖδ,
1432 732 1516 787 ἓτε
1525 750 1591 805 ρα
1608 733 1738 805 βέλη
1756 733 1979 788 καθικέ-

395 822 518 876 σθαι
542 821 704 876 αὐτοῦ
724 822 1001 894 σημαίνει,
1032 824 1125 877 καὶ
1142 823 1337 897 ἑτέραν
1357 804 1515 897 χεῖρα
1527 804 1628 879 τοῦ
1654 804 1786 880 Θεοῦ
1808 823 1979 899 ἧφθαι

393 912 578 980 αὑτοῦ,
620 913 764 968 καθὰ
818 913 1063 985 ἔφθημεν
1120 916 1390 980 εἰπόντες,
1451 916 1518 970 τὰ
1571 917 1765 986 λογικὰ
1814 917 1976 990 βέλη,

396 1006 592 1079 μᾶλλον
614 1005 669 1060 δὲ
695 1006 894 1070 αὐτοὺς
926 1006 1022 1060 τοῦ
1073 1005 1211 1060 Θεοῦ
1259 1007 1449 1078 λόγους
1493 1008 1784 1073 νύττοντας
1814 1009 1978 1063 αὐτοῦ

391 1100 491 1171 τὴν
520 1098 721 1170 ψυχὴν,
773 1099 867 1153 καὶ
914 1098 1013 1170 τὴν
1073 1100 1378 1170 συνείδησιν
1413 1102 1584 1173 αὐτὴν
1632 1102 1980 1173 τιμωρουμέ-

390 1209 534 1256 νους.
565 1194 793 1263 Μήποτε
821 1192 879 1246 δὲ
934 1191 1029 1245 καὶ
1062 1193 1223 1246 αὑτὸν
1252 1194 1341 1247 τὸν
1373 1194 1617 1249 διάϐολον
1648 1196 1743 1249 καὶ
1774 1194 1842 1249 τὰ
1884 1194 1979 1248 τοῦ

389 1284 638 1339 διαϐόλου
666 1284 1039 1356 πεπυρωμένα
1065 1284 1193 1358 βέλη
1227 1285 1297 1339 τὰ
1312 1285 1592 1356 παθητικὰ
1613 1287 1713 1340 καὶ
1742 1287 1983 1358 ἐρωτικά

388 1378 457 1433 τὰ
512 1380 592 1442 είς
642 1376 937 1449 ἐπιθυμίαν
972 1379 1134 1432 αὐτὸν
1173 1376 1453 1450 ὲξάψαντα
1497 1380 1597 1451 τῆς
1641 1378 1737 1433 τοῦ
1785 1379 1981 1451 Ούρίου

390 1470 647 1540 γυναικὸς
707 1470 996 1541 σημαίνει;
1030 1463 1106 1525 ὧν
1139 1472 1234 1525 καὶ
1280 1474 1308 1525 ὁ
1368 1471 1689 1536 Ἀπόστολσς
1743 1471 1982 1525 διδάσκει

388 1562 562 1632 λέγων
583 1579 595 1591 ·
629 1560 987 1617 Ἀναλάϐετε
1018 1560 1134 1631 τὴν
1150 1564 1497 1616 πανοπλίαν
1519 1563 1627 1617 τοῦ
1645 1562 1816 1627 Θεοῦ,
1835 1562 1984 1629 πρὸς

389 1653 453 1708 τὸ
503 1653 799 1708 δύνασθαι
845 1652 1044 1707 πάντα
1107 1653 1180 1707 τὰ
1222 1652 1619 1723 πεπυρωμένα
1665 1652 1825 1720 ,βέλη
1876 1653 1982 1707 τοῦ

384 1746 658 1814 πονηροῦ
708 1745 946 1800 σϐέσαι.
1002 1746 1211 1817 Ὠσπερ
1257 1744 1315 1799 δὲ
1354 1744 1474 1799 Ἰὼϐ
1508 1746 1577 1800 τὰ
1603 1745 1691 1799 τοῦ
1732 1743 1981 1799 διαϐόλου

2084 560 2154 607 ta:
2178 567 2301 622 quae
2335 566 2560 608 carnem
2597 559 2654 607 et
2681 566 2948 622 corporea
2977 551 3098 621 ejus
3143 552 3486 622 attingebant
3519 572 3535 608 :
3569 552 3660 607 hic

2081 651 2263 700 autem
2308 644 2437 715 quia
2495 642 2666 698 David
2722 642 2904 697 anima
2935 641 3254 713 aegrotabat,
3286 659 3346 699 se
3378 644 3503 699 aliis
3528 658 3662 699 con-

2080 735 2289 793 fossum
2351 736 2500 805 telis,
2559 736 2835 807 aliamque
2889 752 3112 791 manum
3171 735 3267 791 Dei
3314 752 3374 792 se
3413 737 3661 808 tetigisse

2079 829 2372 901 signiﬁcat,
2396 831 2473 885 uti
2506 830 2761 901 superius
2780 828 3044 896 diximus,
3076 828 3336 883 nimirum
3369 827 3663 883 rationabi-

2078 920 2160 976 les
2195 919 2446 990 sagittas,
2475 920 2585 974 imo
2607 934 2736 974 vero
2768 919 2887 988 ipsa
2925 917 3020 974 Dei
3055 919 3242 984 verba,
3267 933 3390 988 quae
3422 917 3660 973 animam

2081 1009 2412 1081 pungebant,
2442 1015 2496 1064 et
2529 1008 2598 1064 de
2637 1008 2978 1064 conscientia
3017 1009 3138 1079 ejus
3189 1011 3524 1081 supplicium
3568 1026 3663 1066 su-

2080 1101 2320 1156 mebant.
2349 1099 2492 1155 Num
2521 1101 2661 1156 forte
2692 1101 2869 1171 ipsum
2903 1101 3183 1157 diabolum
3205 1110 3257 1157 et
3281 1103 3450 1174 ignita
3473 1101 3664 1159 diabo—

2081 1192 2118 1246 li
2159 1192 2267 1248 tela
2299 1190 2553 1246 ali'ectum
2579 1192 2879 1247 excitantia
2909 1199 2964 1247 et
3005 1193 3294 1260 amatoria,
3326 1208 3449 1264 qua:
3482 1193 3664 1264 ipsum

2080 1282 2148 1336 ad
2183 1282 2685 1353 concupiscentiam
2731 1282 2920 1338 uxoris
2957 1280 3103 1337 Urize
3148 1282 3545 1347 accendebant,
3578 1283 3666 1341 bis

2082 1374 2290 1429 indicat
2315 1373 2337 1426 ?
2370 1373 2438 1428 de
2468 1374 2671 1445 quibus
2696 1377 2810 1429 haec
2839 1375 3046 1430 monita
3071 1375 3166 1430 dat
3193 1375 3492 1446 Apostolus
3519 1394 3534 1431 :
3559 1376 3667 1430 Ac-

2081 1466 2237 1535 cipite
2264 1475 2600 1520 armaturam
2625 1465 2745 1533 Dei,
2761 1476 2816 1520 ut
2835 1468 3051 1536 possitis
3075 1469 3253 1523 omnia
3281 1468 3387 1522 tela
3409 1469 3668 1540 nequissi-

2083 1559 2156 1612 mi
2179 1559 2511 1629 exstinguere
2539 1558 2606 1613 ⁸⁸.
2633 1557 3104 1625 Quemadmodum
3135 1567 3316 1614 autem
3347 1557 3450 1614 Job
3474 1557 3666 1614 diabo-

2082 1649 2129 1704 li.
2157 1650 2390 1721 sagittas
2419 1658 2473 1707 et
2500 1650 2751 1707 immissa
2778 1653 2997 1721 corpori
3027 1666 3130 1705 suo
3168 1652 3379 1714 ulcera,
3413 1650 3543 1722 quia
3570 1649 3679 1705 Dei.

2085 1743 2359 1814 permissu
2397 1741 2746 1806 acciderant,
2769 1743 3001 1812 sagittas
3054 1741 3268 1797 Domini
3333 1743 3547 1798 vocavit
3592 1744 3671 1798 di-

389 1838 521 1910 βέλη
550 1837 738 1893 καὶτὰ
781 1838 912 1911 ἕλκη
941 1838 1011 1893 τά
1031 1838 1350 1893 ἐπιτεθέντα
1390 1837 1540 1910 αύτῷ
1585 1837 1729 1893 κατὰ
1756 1838 1851 1893 τοῦ
1881 1837 1980 1893 σώ-

2085 1850 2217 1891 cens
2252 1853 2264 1889 :
2311 1831 2455 1887 Nam
2492 1835 2705 1904 sagitta:
2746 1832 2962 1887 Domini
3006 1835 3064 1886 in
3107 1848 3325 1902 corpore
3360 1849 3471 1887 meo
3523 1845 3679 1898 sunt,.

391 1946 560 2001 ματος
582 1968 599 1994 ,
651 1928 839 1999 ἐπειδὴ
868 1927 1013 1982 κατὰ
1043 1927 1395 2001 συγχώρησιν
1432 1930 1643 1998 ἐγίνετο
1689 1929 1783 1984 τοῦ
1822 1928 1980 1993 Θεοῦ,

390 2019 521 2091 βέλη
548 2018 756 2091 Κυρίου
785 2018 1069 2092 ὠνόμασεν
1091 2019 1261 2073 εἰπών
1281 2037 1294 2051 ·
1330 2020 1487 2089 Βέλη
1522 2020 1633 2093 γὰρ
1664 2021 1885 2090 Κυρίου
1914 2021 1985 2074 ἐν

387 2109 470 2176 τῷ
497 2110 754 2180 στόματί
761 2127 881 2180 μου
914 2110 1106 2175 ἐστίν,
1134 2104 1212 2165 ὧν
1242 2115 1274 2166 d
1301 2112 1488 2182 θυμὸς
1519 2111 1719 2167 αὐτῶν
1752 2114 1981 2168 ἐκπίνει

382 2221 501 2275 μου
562 2204 626 2258 τὸ
672 2199 845 2274 αἵμαο
903 2203 1079 2268 οὕτως
1113 2203 1260 2270 εἰκὸς
1304 2206 1398 2258 καὶ
1430 2205 1521 2259 τὸν
1558 2206 1720 2260 Δαυῒδ
1746 2205 1982 2261 ἐνταῦθα

386 2296 521 2367 βέλη
555 2295 761 2368 Κυρίου
813 2296 1117 2368 εἰρηκέναι,
1153 2297 1273 2350 ἐπεὶ
1315 2297 1458 2354 κατὰ
1492 2297 1840 2371 συγχώρησιν
1884 2299 1980 2375 τοῦ

385 2389 596 2460 Κυρίου
621 2387 1124 2459 κατεστρατεύσατο
1138 2388 1357 2442 αὐτούό
1382 2389 1699 2454 ἀντίπαλος,
1723 2392 1810 2445 ἵνα
1835 2391 1982 2466 μάθῃ

384 2478 463 2550 μὴ
488 2480 698 2548 λέγειν’
721 2483 803 2535 Οὐ
837 2481 926 2550 μὴ
963 2480 1243 2536 σαλευθῶ
1285 2484 1373 2548 εὶς
1421 2482 1528 2536 τόν
1563 2483 1767 2538 αἰῶνα.
1830 2484 1982 2537 Ἐπεὶ

384 2571 496 2643 γὰρ
551 2574 617 2644 τῇ
660 2572 846 2644 χάριτι
891 2571 986 2626 τοῦ
1034 2572 1169 2626 Θεοῦ
1228 2573 1638 2644 δυναμούμενος
1705 2574 1848 2646 μέγα
1895 2572 1980 2643 ἐφ’

382 2662 566 2735 έαυτῷ
595 2664 862 2737 ἐφρόνησέ
880 2681 1035 2732 ποτε,
1050 2664 1125 2728 ὡς
1156 2665 1626 2721 ἀπαυθαδίσασθαι
1652 2668 1747 2720 καὶ
1767 2668 1945 2722 εἰπεῖν
1961 2682 1978 2698 ο

400 2754 541 2824 Ἐγὼ
570 2754 640 2809 δὲ
670 2752 810 2810 εἶπα
836 2757 907 2809 ἐν
928 2753 1004 2823 τῇ
1025 2756 1271 2824 εὐθηνίᾳ
1296 2774 1446 2825 μου’
1476 2760 1559 2812 Οὐ
1585 2757 1672 2828 μὴ
1705 2756 1984 2812 σαλευθῶ

267 2850 272 2855 ’
381 2847 475 2911 εὶς
521 2844 630 2899 τόν
674 2845 893 2900 αἰῶνα·
927 2844 1119 2898 τούτου
1149 2846 1308 2916 χάριν
1333 2847 1560 2911 εἰκότως
1591 2847 1864 2920 παρεδόθη
1905 2848 1983 2920 τῷ

389 2936 725 3010 πειράζοντι.
750 2937 829 3002 ὃς,
853 2938 953 3008 τῆς
998 2936 1179 3008 ψυχῆς
1215 2939 1381 2993 αὑτοῦ
1415 2938 1823 3012 καθαψάμενος,
1861 2959 1983 3012 μει-

382 3028 560 3096 ζόνως
608 3030 770 3085 αὐτὸν
803 3031 836 3102 ἢ
867 3031 959 3084 τὸν
998 3028 1119 3083 Ἰὼϐ
1174 3031 1506 3103 ἐζημίωσεν.
1546 3034 1611 3086 Εἰ
1644 3033 1703 3087 δὲ
1745 3035 1794 3086 οἱ
1833 3033 1982 3104 λόγοι

388 3120 483 3176 τοῦ
508 3120 667 3187 Θεοῦ,
701 3123 751 3175 οἱ
799 3123 898 3194 τῆς
934 3122 1334 3194 δικαιοκρισίας
1367 3123 1530 3178 αὐτοῦ
1586 3125 1982 3198 ὑπομνηστικοὶ

387 3213 484 3267 κοιλ⁸
515 3213 610 3284 τῆς
670 3214 841 3287 ὀργῆς
867 3215 966 3286 τῆς
1004 3219 1117 3280 τοῖς
1143 3217 1557 3289 ἁμαρτάνουσιν
1588 3217 1981 3290 ὲπηρτημένης

378 3305 776 3370 διδασκαλικοὶ,
824 3306 995 3378 βελῶν
1033 3311 1172 3363 εἰσιν
1220 3308 1490 3382 ὀξύτεροι,
1533 3309 1634 3381 τὴν
1673 3309 1978 3382 συνείδησιν

387 3397 670 3463 νύττοντες
692 3416 705 3429 ·
730 3400 826 3454 καὶ
846 3399 1022 3465 οὕτως
1044 3400 1221 3466 εἴποις
1245 3400 1313 3455 ἂν
1344 3402 1434 3455 τὸν
1463 3400 1647 3467 Δαυῒδ,
1670 3405 1783 3468 τοῖς
1812 3403 1981 3475 ἱεροῖς

384 3490 596 3555 τούτοις
610 3491 706 3545 κα)⁸
726 3490 892 3556 θείοις
909 3491 1087 3563 βέλεσι
1112 3493 1301 3548 κεντού
1310 3511 1495 3565 μενον,
1521 3494 1761 3564 εὐλόγως
1780 3512 1979 3566 παραιο

385 3584 597 3640 τεῖσθαι
623 3585 715 3639 τὸν
737 3584 829 3638 διὰ
850 3585 943 3639 τοῦ
968 3585 1141 3656 θυμοῦ
1166 3585 1407 3657 ἔλεγχον.
1438 3585 1823 3659 Προσλαϐόντα
1847 3587 1978 3658 γὰρ,

386 3676 544 3745 φησὶ,
577 3676 680 3748 τὴν
707 3676 877 3748 ὀργὴν
902 3677 996 3730 καὶ
1022 3677 1112 3731 τὸν
1146 3676 1316 3749 θυμὸν
1349 3676 1420 3730 τὰ
1456 3677 1609 3749 παρὰ
1631 3676 1726 3731 σού
1757 3678 1981 3733 καθικό-

2081 1944 2308 1999 quarum
2325 1927 2479 1997 furor
2506 1926 2665 1981 ebibit
2691 1943 2863 1981 meum
2898 1927 3210 1995 sanguinem
3237 1927 3318 1992 8";
3348 1927 3421 1981 ita
3472 1928 3670 1983 verisi-

2082 2020 2209 2075 mile
2248 2028 2333 2075 est
2362 2019 2487 2075 ideo
2523 2018 2783 2074 Davidem
2814 2019 2904 2074 hic
2931 2021 3165 2090 sagittas
3197 2018 3412 2074 Domini
3440 2017 3669 2081 dixisse.

2081 2113 2210 2184 quia
2253 2129 2327 2168 ex
2360 2112 2455 2169 Dei
2491 2128 2763 2170 concessu
2814 2112 3074 2170 inimicus
3110 2129 3236 2169 eum
3299 2113 3670 2183 oppugnabat,

2082 2215 2142 2260 ut
2166 2204 2437 2262 edisceret
2467 2222 2578 2262 non
2608 2206 2683 2260 ita
2708 2206 3042 2276 loquendum
3076 2221 3199 2262 esse
3230 2225 3244 2261 :
3283 2204 3409 2259 Non
3427 2208 3673 2260 movebar

2070 2280 2136 2352 fin
2159 2307 2416 2353 aternum
2445 2299 2514 2353 ⁸⁸.
2541 2297 2683 2366 Quia
2710 2299 2858 2354 enim
2888 2299 3188 2369 aliquando
3218 2296 3318 2353 Dei
3355 2297 3531 2369 gratia
3562 2296 3675 2351 ful-

2083 2397 2174 2445 tus
2202 2404 2400 2460 magna
2426 2390 2496 2445 dc
2523 2406 2585 2448 se
2615 2399 2890 2454 senserat,
2929 2391 3005 2445 ita
3054 2398 3115 2445 ut
3164 2397 3489 2462 arroganter
3518 2389 3675 2445 dicc-

2081 2492 2164 2537 ret
2196 2501 2207 2536 :
2250 2481 2363 2553 Ego
2399 2495 2576 2538 autem
2609 2483 2724 2538 dixi
2758 2485 2813 2538 in
2838 2482 3176 2538 abundantia
3213 2500 3330 2538 mea
3359 2499 3379 2537 :
3410 2481 3536 2539 Non
3560 2501 3677 2538 mo-

2082 2574 2234 2629 vebar
2292 2578 2347 2629 in
2387 2585 2644 2630 wternum
2691 2576 2771 2641 ‘9;
2806 2576 2930 2631 ideo
2974 2577 3102 2647 jure
3143 2576 3402 2631 tentatori
3436 2575 3675 2630 traditus

2081 2676 2186 2725 est.
2219 2666 2313 2736 qui
2372 2667 2614 2722 animam
2663 2668 2786 2737 ejus
2833 2668 3093 2732 adortus,
3133 2668 3314 2738 majus
3362 2667 3469 2737 ipsi
3507 2683 3672 2738 quam

2080 2758 2219 2814 lobo
2239 2760 2497 2814 damnum
2525 2760 2728 2817 intulit.
2762 2759 2920 2827 Quod
2947 2763 2994 2817 si
3017 2776 3304 2818 sermones
3326 2759 3447 2824 Dei,
3479 2760 3575 2831 qui
3605 2760 3676 2815 de

2078 2852 2231 2922 justo
2257 2852 2385 2922 ejus.
2398 2852 2613 2924 judicio
2638 2853 2964 2921 admonent,
2987 2861 3046 2909 et
3086 2851 3495 2922 imprudentem
3543 2866 3675 2921 pec-

2083 2945 2338 3001 cantibus
2370 2945 2507 3000 iram
2539 2946 2660 3016 ejus
2692 2945 2946 3012 edocent,
2973 2945 3192 3017 sagittis
3218 2942 3498 2999 acutiores
3521 2949 3671 3007 sunt,

2085 3047 2447 3110 punguntque
2494 3038 2924 3107 conscientiam;
2970 3054 3103 3095 sane
3156 3037 3367 3093 dixeris
3415 3034 3673 3091 Davidem

2086 3131 2262 3187 sacris
2301 3132 2454 3188 hisce
2487 3146 2554 3187 ac
2595 3131 2802 3188 divinis
2847 3132 3067 3203 sagittis
3110 3133 3454 3200 confossum,
3484 3145 3672 3202 repre-

2087 3225 2407 3280 hensionem
2429 3240 2557 3280 cum
2589 3224 2776 3281 furore
2806 3225 3011 3279 illatam
3039 3225 3166 3296 jure
3194 3240 3507 3282 recusasse.
3535 3223 3674 3281 Nam

2084 3318 2193 3373 tela
2216 3317 2315 3373 abs
2348 3324 2401 3373 te
2430 3318 2564 3373 mihi
2604 3318 2874 3381 immissa,
2898 3319 3138 3389 ait,qu:e
3160 3318 3299 3373 iram
3335 3327 3389 3375 et
3431 3316 3674 3373 furorem

2083 3413 2240 3461 tuum
2286 3416 2706 3478 praevenerunt,
2740 3406 3075 3464 sufﬁcienter
3120 3408 3189 3463 de
3222 3424 3310 3463 me
3345 3408 3675 3479 supplicium

2088 3508 2338 3565 sumunt,
2371 3515 2437 3555 ac
2464 3501 2602 3557 satis
2650 3516 2740 3556 me
2767 3501 3042 3572 castigant
3078 3520 3091 3555 :
3125 3500 3221 3555 sed
3252 3501 3423 3555 etiam
3476 3513 3677 3554 manus

2089 3598 2184 3646 tua
2235 3607 2334 3663 per
2374 3593 2558 3650 illatas
2598 3592 2916 3665 frequenter
2969 3592 3314 3649 calamitates
3362 3605 3453 3647 me
3492 3590 3676 3646 conti-

2088 3685 2185 3752 git.

390 3771 530 3843 μενά
559 3788 650 3840 μοι
686 3770 835 3842 βέλη,
894 3773 1093 3835 ἱκανῶς
1130 3789 1199 3840 με
1235 3776 1582 3844 τιμωρεῖται,
1633 3774 1726 3827 καὶ
1766 3774 2057 3847 αὐτάρκως
2094 3796 2164 3849 με
2198 3781 2452 3849 κολάζει·
2488 3781 2626 3837 ἀλλὰ
2649 3782 2745 3838 καὶ
2776 3784 2809 3855 ἠ
2839 3782 2962 3855 χείρ
3002 3798 3095 3838 σου
3128 3782 3414 3856 καθήψατο
3443 3778 3533 3835 διὰ
3566 3778 3679 3834 τῶν

388 3863 710 3936 ἐπαλλήλων
739 3864 1053 3936 συμφορῶν.

461 3980 585 4033 Οὐκ
632 3979 803 4034 ἐστιν
845 3979 1010 4045 ἴασις
1061 3979 1132 4033 ἐν
1164 3977 1238 4048 τῇ
1272 3981 1458 4048 σαρκί
1483 3998 1602 4051 μου
1636 3982 1757 4036 ἀπὸ
1801 3996 1983 4051 προσ-

384 4076 550 4130 ώπου
586 4074 699 4145 τῆς
744 4074 928 4145 ὀργῆς
976 4091 1115 4140 σου,
1162 4077 1274 4129 οὐκ
1308 4075 1483 4129 ἐστιν
1518 4074 1727 4145 εἰρήνη
1754 4077 1824 4130 ἐν
1852 4077 1980 4144 τοῖς

389 4166 626 4233 ὀστέοις
651 4186 772 4238 μου
814 4164 933 4222 ἀπὸ
972 4165 1296 4235 προσώπου
1350 4165 1473 4221 τῶν
1509 4166 1809 4237 ἁμαρτιῶν
1833 4186 1976 4238 μου.

387 4259 500 4332 Τὴν
529 4259 640 4331 γάρ
672 4260 849 4331 σάρκα
876 4275 1000 4331 μου,
1031 4258 1098 4312 δι’
1121 4254 1192 4330 ἧς
1214 4259 1532 4330 πέπρακται
1558 4277 1648 4331 μοι
1683 4261 1747 4314 τὸ
1793 4261 1979 4332 ἀμάρ-

388 4369 561 4422 τημα,
603 4352 858 4406 κολάσεσι
912 4350 1209 4422 παρέδωκα
1250 4353 1665 4425 τιμωρούμενος
1719 4355 1977 4426 ἐμαυτόν.

387 4443 562 4499 Τοῦτο
582 4443 693 4516 γάρ
717 4444 813 4497 καὶ
842 4443 1029 4515 ἐδήλου
1056 4443 1123 4498 δι’
1146 4444 1349 4518 ἐτέρων
1370 4445 1545 4515 λέγων
1561 4464 1574 4477 ·
1611 4449 1721 4502 Καὶ
1750 4449 1983 4503 ἐταπεί-

2160 3981 2329 4038 Vens.
2371 3982 2427 4039 4.
2469 3966 2589 4036 Non
2631 3991 2711 4036 est
2762 3981 2972 4035 curatio
3013 3981 3070 4034 in
3108 3997 3269 4035 carne
3313 3999 3432 4037 mea
3471 3999 3506 4038 a
3539 3983 3679 4053 facie

2084 4077 2184 4130 ira
2224 4084 2350 4141 tute,
2379 4083 2430 4130 et
2472 4091 2577 4129 non
2604 4084 2683 4128 est
2718 4088 2826 4142 pax
2851 4072 3065 4149 ossibus
3101 4075 3233 4129 meis
3263 4090 3295 4127 a
3325 4074 3463 4143 facie
3491 4090 3678 4143 peccs-

2086 4177 2262 4222 torum
2307 4183 2564 4222 meorum.
2606 4166 2842 4220 Carnem
2881 4164 3085 4235 quippe
3123 4179 3323 4232 meam,
3346 4180 3455 4236 qua
3481 4182 3680 4238 pecea-

2086 4268 2201 4314 tum
2235 4258 2456 4325 admisi,
2486 4255 2772 4326 suppliciis
2805 4255 3028 4322 tradidi,
3062 4254 3325 4309 ultionem
3364 4254 3434 4309 de
3462 4270 3552 4311 me
3583 4272 3678 4310 su-

2088 4366 2263 4407 mens.
2297 4348 2414 4405 Hoc
2443 4351 2590 4406 enim
2644 4352 2700 4405 in
2750 4350 2875 4405 aliis
2922 4363 3145 4420 quoque
3174 4347 3313 4403 locis
3347 4346 3677 4419 signiﬁcavit

2088 4443 2280 4498 dicens
2316 4461 2330 4496 :
2362 4439 2433 4495 Et
2460 4440 2811 4496 humiliabam
2840 4442 2897 4495 in
2919 4439 3126 4511 jejunio
3160 4441 3401 4493 animam
3414 4454 3585 4494 meam
3602 4440 3672 4506 9°;

387 4555 542 4593 νουν
561 4537 631 4590 ἐν
649 4535 900 4603 νηστείᾳ
923 4533 1040 4603 τὴν
1058 4536 1271 4605 ψυχήν
1286 4555 1426 4607 μου·
1458 4540 1572 4603 καὶ,
1589 4541 1661 4593 Ἡ
1681 4540 1842 4610 σάρξ
1862 4560 1980 4612 μου

2089 4541 2144 4588 et
2177 4552 2189 4588 :
2235 4532 2378 4588 Caro
2435 4549 2553 4587 mea
2585 4534 2871 4586 immutata
2909 4541 2991 4587 est
3030 4540 3243 4601 propter
3271 4530 3441 4585 oleum
3477 4531 3672 4597 °';ct:

388 4629 689 4699 ἠλλοιώθη
703 4627 776 4681 δι’
798 4627 1026 4682 ἔλαιον·
1055 4630 1171 4694 καὶ,
1191 4631 1600 4702 Ἐπελαθόμην
1631 4634 1738 4688 τοῦ
1771 4636 1980 4706 φαγεῖν

2092 4624 2303 4681 Oblitus
2333 4640 2455 4678 sum
2495 4623 2763 4678 comedere
2794 4638 2984 4692 panem
3017 4638 3187 4676 meum
3214 4638 3249 4675 a
3275 4620 3415 4690 facie
3449 4621 3674 4691 gemitus

389 4720 689 4790 τὸνᾶρτον
702 4738 823 4791 μου
847 4719 964 4776 ἀπὸ
992 4721 1319 4790 προσώπου
1348 4724 1457 4779 τοῦ
1485 4727 1825 4797 στεναγμοῦ
1839 4745 1982 4798 μου,

390 4812 486 4865 καὶ
532 4811 634 4865 ὅσα
684 4809 930 4865 τοιαῦτα.
987 4812 1133 4865 Ἀντὶ
1173 4811 1233 4865 δὲ
1282 4813 1393 4883 τῆς
1429 4814 1629 4886 ὀργῆς,
1679 4817 1987 4889 συμφώνως

402 4902 634 4967 Ἀκύλας
684 4903 778 4956 καὶ
828 4905 859 4957 ό
913 4902 1230 4975 Σύμμαχος,
1310 4906 1445 4961 Ἀπὸ
1495 4908 1824 4975 προσώπου
1870 4910 1984 4980 τῆς

388 4993 797 5066 ἑμϐριμήσεώς
845 5010 982 5063 σου,
1032 4997 1408 5068 ήρμήνευσαν.
1450 5000 1717 5073 Ἀπήρκει
1743 5002 1854 5074 γάρ
1891 5020 1982 5074 μοι

390 5089 426 5159 ἡ
454 5088 565 5142 ἀπὸ
584 5087 693 5142 τῶν
723 5086 833 5141 σῶν
865 5087 1024 5141 θείων
1054 5087 1290 5161 Γραφῶν
1321 5090 1677 5162 ἐμϐρίμησις,
1707 5095 1801 5149 καὶ
1829 5096 1863 5166 ἡ
1890 5094 1981 5149 διὰ

355 5179 487 5234 ’τοῦ
526 5179 820 5252 προσώπου
874 5179 1064 5234 Ναθὰν
1112 5180 1336 5253 ἀπειλή.
1382 5182 1528 5236 Ἀντὶ
1554 5183 1614 5236 δὲ
1639 5185 1736 5238 τοῦ
1764 5203 1779 5217 ι
1844 5185 1980 5241 Ἀπὸ

391 5269 716 5338 προσώπου
746 5268 867 5324 τῶν
899 5271 1200 5339 ἁμαρτιῶν
1235 5290 1376 5342 μου,
1408 5275 1436 5326 ὁ
1461 5274 1757 5347 Σύμμαχος
1793 5279 1980 5350 ἡρμή-

388 5375 567 5426 νευσε,
630 5362 733 5416 Διὰ
761 5362 870 5429 τὰς
922 5363 1209 5432 ἁμαρτίας
1262 5381 1393 5432 μου.
1456 5366 1689 5420 ’Ἄτοπον
1735 5367 1793 5421 δὲ
1827 5367 1983 5423 οὐδὲν

391 5454 526 5508 ὀστᾶ
546 5454 673 5518 τοὺς
696 5456 931 5520 οἰκείους
954 5456 1269 5511 ἀποκαλεῖν.
1300 5459 1365 5511 Et
1395 5457 1505 5531 γάρ
1530 5461 1699 5531 ἐσμεν
1734 5460 1981 5534 ἀλλήλων

395 5544 554 5618 μέλη,
582 5547 675 5600 καὶ
707 5547 784 5611 ὡς
813 5548 895 5602 ἐνὶ
938 5548 1141 5613 πάντες
1177 5549 1642 5623 κατελογίσθημεν
1683 5551 1895 5624 σώματι
1918 5552 1979 5605 τὸ

2086 4719 2190 4773 mei
2216 4720 2284 4784 “,
2313 4725 2370 4773 et
2398 4718 2619 4774 similia.
2649 4716 2757 4772 Pro
2797 4724 2980 4772 autem
3033 4716 3151 4778 irae,
3180 4713 3377 4784 Aquila
3426 4722 3482 4770 et
3511 4710 3675 4785 Sym-

2086 4810 2340 4876 machus,
2377 4827 2410 4864 a
2449 4810 2592 4880 facie
2614 4810 2857 4879 fremitus
2913 4808 3013 4871 tui,
3045 4806 3302 4862 similiter
3330 4806 3675 4877 interpretati

2087 4914 2239 4958 sunt.
2274 4902 2425 4959 Satis
2449 4902 2652 4974 quippe
2678 4902 2817 4956 mihi
2849 4906 2971 4956 erat
3005 4898 3263 4953 fremitus
3297 4896 3388 4952 ille
3413 4898 3509 4968 qui
3529 4897 3674 4952 divi«

2086 4994 2176 5049 nis
2207 4994 2513 5063 Scripturis
2538 4995 2657 5048 tuis
2694 4991 3035 5052 enuntiatur,
3063 4994 3120 5043 et
3170 4987 3549 5043 interminatio
3577 5002 3675 5056 per

2085 5085 2303 5142 Nathan
2334 5088 2662 5158 prophetam
2723 5085 2893 5140 facta.
2938 5081 3050 5137 Pro
3089 5081 3184 5136 illo
3234 5087 3442 5145 autem,
3474 5096 3509 5134 a
3536 5078 3673 5148 facie

2085 5189 2422 5249 peccatorum
2464 5193 2735 5242 meorum,
2787 5174 3174 5248 Symmachus,
3209 5181 3424 5242 propter
3457 5180 3674 5240 peccata

2085 5289 2223 5338 mea,
2260 5273 2653 5342 interpretatus
2711 5275 2815 5325 est.
2867 5266 3017 5322 Nihil
3050 5280 3218 5337 porro
3263 5263 3562 5320 absurdum
3589 5272 3675 5319 est

2082 5381 2211 5421 ossa
2234 5364 2571 5421 domesticos
2592 5378 2812 5418 vocare.
2840 5360 2978 5416 Nam
3001 5360 3049 5416 si
3081 5360 3220 5415 alter
3238 5358 3466 5415 alterius
3496 5371 3676 5413 mem-

2086 5457 2186 5513 bra
2211 5473 2429 5523 sumus,
2465 5466 2522 5512 et
2548 5455 2708 5527 quasi
2744 5455 2802 5510 in
2842 5469 3015 5509 unum
3053 5468 3261 5524 corpus
3289 5466 3482 5508 omnes
3521 5467 3675 5507 com-

2086 5553 2396 5625 pingimur,
2425 5560 2576 5607 certe
2608 5564 2737 5606 ossa
2771 5548 3023 5620 singulos
3054 5549 3214 5605 nobis
3264 5547 3548 5618 proximos
3578 5561 3675 5616 ap.

465 5729 655 5816 “:Job
689 5746 759 5797 ιι,
795 5732 846 5785 εἰ.
876 5734 990 5816 ﬂ“
1030 5732 1242 5816 priter...
1290 5746 1337 5786 γι
1362 5773 1375 5794 ,
1608 5738 1648 5770 ⁸⁷
1690 5735 1790 5793 Job
1821 5755 1908 5805 v1,
1967 5755 1980 5794 t

2096 5739 2142 5772 ⁸⁸
2180 5684 2326 5796 Ρεει.
2387 5750 2552 5803 xstx,
2611 5732 2665 5789 7.
2743 5733 2789 5765 "
2830 5731 2959 5789 ibid.
3059 5684 3287 5787 "'Psal.
3331 5743 3518 5793 xxxw,
3584 5724 3672 5781 l3.

398 5795 443 5830 "
482 5798 628 5856 Psal.
664 5795 831 5866 cvin.
869 5803 957 5861 ii.
1032 5795 1090 5838 ⁹²’
1120 5803 1267 5862 Psal.
1299 5818 1384 5868 οι,
1425 5804 1476 5861 5.
