  <div class='ocr_page' id='page_1' title='image "/cluster/home/n/w/nwhite01/storage/ocr_20150623/23:no.5/coo.31924054873033/187.png"; bbox 0 0 4100 6412; ppageno 0'>
   <div class='ocr_carea' id='block_1_1' title="bbox 465 338 570 392">
    <p class='ocr_par' dir='ltr' id='par_1_1' title="bbox 465 338 570 392">
     <span class='ocr_line' id='line_1_1' title="bbox 465 338 570 392; baseline 0 0"><span class='ocrx_word' id='word_1_1' title='bbox 465 338 570 392; x_wconf 66' lang='grc' dir='ltr'><strong>διὸ</strong></span> 
     </span>
    </p>
   </div>
   <div class='ocr_carea' id='block_1_2' title="bbox 1152 338 3021 402">
    <p class='ocr_par' dir='ltr' id='par_1_2' title="bbox 1152 338 3021 402">
     <span class='ocr_line' id='line_1_2' title="bbox 1152 338 3021 402; baseline 0.003 -7"><span class='ocrx_word' id='word_1_2' title='bbox 1152 338 1424 398; x_wconf 70' lang='lat' dir='ltr'><strong>ECSEBII</strong></span> <span class='ocrx_word' id='word_1_3' title='bbox 1460 340 1944 400; x_wconf 62' lang='lat' dir='ltr'><strong>CESABIENSIS</strong></span> <span class='ocrx_word' id='word_1_4' title='bbox 1977 339 2127 397; x_wconf 86' lang='lat' dir='ltr'><strong>OPP.</strong></span> <span class='ocrx_word' id='word_1_5' title='bbox 2169 339 2348 396; x_wconf 77' lang='lat' dir='ltr'><strong>PARS</strong></span> <span class='ocrx_word' id='word_1_6' title='bbox 2383 342 2471 397; x_wconf 85' lang='lat' dir='ltr'><strong>Ill.</strong></span> <span class='ocrx_word' id='word_1_7' title='bbox 2507 374 2573 385; x_wconf 91' lang='lat'><strong>--</strong></span> <span class='ocrx_word' id='word_1_8' title='bbox 2612 342 3021 402; x_wconf 66' lang='lat' dir='ltr'><strong>EXEGETICA.</strong></span> 
     </span>
    </p>
   </div>
   <div class='ocr_carea' id='block_1_3' title="bbox 3628 348 3732 400">
    <p class='ocr_par' dir='ltr' id='par_1_3' title="bbox 3628 348 3732 400">
     <span class='ocr_line' id='line_1_3' title="bbox 3628 348 3732 400; baseline 0 -1"><span class='ocrx_word' id='word_1_9' title='bbox 3628 348 3732 400; x_wconf 65' lang='grc'><strong>544</strong></span> 
     </span>
    </p>
   </div>
   <div class='ocr_carea' id='block_1_4' title="bbox 465 452 2044 532">
    <p class='ocr_par' dir='ltr' id='par_1_4' title="bbox 465 452 2042 523">
     <span class='ocr_line' id='line_1_4' title="bbox 465 452 2042 523; baseline 0.004 -17"><span class='ocrx_word' id='word_1_10' title='bbox 465 452 668 523; x_wconf 73' lang='lat' dir='ltr'><strong>pellere</strong></span> <span class='ocrx_word' id='word_1_11' title='bbox 697 453 972 509; x_wconf 81' lang='lat' dir='ltr'><strong>convenit.</strong></span> <span class='ocrx_word' id='word_1_12' title='bbox 999 454 1265 511; x_wconf 62' lang='lat' dir='ltr'><strong>(laterum</strong></span> <span class='ocrx_word' id='word_1_13' title='bbox 1295 457 1410 515; x_wconf 68' lang='lat' dir='ltr'><strong>haec</strong></span> <span class='ocrx_word' id='word_1_14' title='bbox 1446 476 1556 514; x_wconf 90' lang='lat' dir='ltr'><strong>non</strong></span> <span class='ocrx_word' id='word_1_15' title='bbox 1592 459 1685 514; x_wconf 86' lang='lat' dir='ltr'><strong>uni</strong></span> <span class='ocrx_word' id='word_1_16' title='bbox 1724 465 1916 515; x_wconf 85' lang='lat' dir='ltr'><strong>sancto</strong></span> <span class='ocrx_word' id='word_1_17' title='bbox 1938 456 2042 512; x_wconf 86' lang='lat' dir='ltr'><strong>Da-</strong></span> 
     </span>
    </p>
   </div>
   <div class='ocr_carea' id='block_1_5' title="bbox 2147 452 3728 532">
    <p class='ocr_par' dir='ltr' id='par_1_5' title="bbox 2147 458 3728 532">
     <span class='ocr_line' id='line_1_5' title="bbox 2147 458 3728 532; baseline 0.001 -20"><span class='ocrx_word' id='word_1_18' title='bbox 2147 458 2425 531; x_wconf 79' lang='grc' dir='ltr'>άπεῖργον,</span> <span class='ocrx_word' id='word_1_19' title='bbox 2454 460 2547 512; x_wconf 76' lang='grc' dir='ltr'>καὶ</span> <span class='ocrx_word' id='word_1_20' title='bbox 2568 460 2702 514; x_wconf 78' lang='grc' dir='ltr'><strong>ὀστᾶ</strong></span> <span class='ocrx_word' id='word_1_21' title='bbox 2732 461 2858 524; x_wconf 77' lang='grc' dir='ltr'>τοὺς</span> <span class='ocrx_word' id='word_1_22' title='bbox 2883 460 3022 514; x_wconf 84' lang='grc' dir='ltr'>κατὰ</span> <span class='ocrx_word' id='word_1_23' title='bbox 3058 458 3224 532; x_wconf 81' lang='grc' dir='ltr'>μέρος</span> <span class='ocrx_word' id='word_1_24' title='bbox 3257 458 3352 513; x_wconf 80' lang='grc' dir='ltr'>καὶ</span> <span class='ocrx_word' id='word_1_25' title='bbox 3381 458 3728 529; x_wconf 68' lang='grc' dir='ltr'>χρειωδιστάς</span> 
     </span>
    </p>
   </div>
   <div class='ocr_carea' id='block_1_6' title="bbox 464 544 2049 619">
    <p class='ocr_par' dir='ltr' id='par_1_6' title="bbox 464 544 2049 619">
     <span class='ocr_line' id='line_1_6' title="bbox 464 544 2049 619; baseline 0.003 -18"><span class='ocrx_word' id='word_1_26' title='bbox 464 544 575 601; x_wconf 85' lang='lat' dir='ltr'><strong>vidi</strong></span> <span class='ocrx_word' id='word_1_27' title='bbox 610 545 907 614; x_wconf 81' lang='lat' dir='ltr'><strong>contigisse</strong></span> <span class='ocrx_word' id='word_1_28' title='bbox 934 546 1192 608; x_wconf 82' lang='lat' dir='ltr'><strong>dicimus.</strong></span> <span class='ocrx_word' id='word_1_29' title='bbox 1224 549 1320 605; x_wconf 90' lang='lat' dir='ltr'><strong>sed</strong></span> <span class='ocrx_word' id='word_1_30' title='bbox 1352 551 1515 606; x_wconf 86' lang='lat' dir='ltr'><strong>etiam</strong></span> <span class='ocrx_word' id='word_1_31' title='bbox 1542 550 1727 607; x_wconf 84' lang='lat' dir='ltr'><strong>multis</strong></span> <span class='ocrx_word' id='word_1_32' title='bbox 1754 552 1915 619; x_wconf 88' lang='lat' dir='ltr'><strong>aliis;</strong></span> <span class='ocrx_word' id='word_1_33' title='bbox 1939 551 2049 606; x_wconf 91' lang='lat' dir='ltr'><strong>imo</strong></span> 
     </span>
    </p>
   </div>
   <div class='ocr_carea' id='block_1_7' title="bbox 462 633 2049 711">
    <p class='ocr_par' dir='ltr' id='par_1_7' title="bbox 462 633 2049 711">
     <span class='ocr_line' id='line_1_7' title="bbox 462 633 2049 711; baseline 0.003 -20"><span class='ocrx_word' id='word_1_34' title='bbox 462 649 593 691; x_wconf 81' lang='lat' dir='ltr'><strong>vero</strong></span> <span class='ocrx_word' id='word_1_35' title='bbox 623 633 896 706; x_wconf 77' lang='lat' dir='ltr'><strong>hodieque</strong></span> <span class='ocrx_word' id='word_1_36' title='bbox 924 637 1135 693; x_wconf 78' lang='lat' dir='ltr'><strong>sanctis</strong></span> <span class='ocrx_word' id='word_1_37' title='bbox 1169 638 1303 695; x_wconf 85' lang='lat' dir='ltr'><strong>viris</strong></span> <span class='ocrx_word' id='word_1_38' title='bbox 1359 640 1598 711; x_wconf 87' lang='lat' dir='ltr'><strong>idipsum</strong></span> <span class='ocrx_word' id='word_1_39' title='bbox 1650 641 1705 695; x_wconf 92' lang='lat' dir='ltr'><strong>in</strong></span> <span class='ocrx_word' id='word_1_40' title='bbox 1745 641 2049 696; x_wconf 88' lang='lat' dir='ltr'><strong>tentatione</strong></span> 
     </span>
    </p>
   </div>
   <div class='ocr_carea' id='block_1_8' title="bbox 461 725 2047 802">
    <p class='ocr_par' dir='ltr' id='par_1_8' title="bbox 461 725 2047 802">
     <span class='ocr_line' id='line_1_8' title="bbox 461 725 2047 802; baseline 0.004 -21"><span class='ocrx_word' id='word_1_41' title='bbox 461 726 683 797; x_wconf 74' lang='lat' dir='ltr'><strong>accidit.</strong></span> <span class='ocrx_word' id='word_1_42' title='bbox 716 725 850 782; x_wconf 85' lang='lat' dir='ltr'><strong>Nam</strong></span> <span class='ocrx_word' id='word_1_43' title='bbox 902 728 1291 800; x_wconf 62' lang='lat' dir='ltr'><strong>inexspectata</strong></span> <span class='ocrx_word' id='word_1_44' title='bbox 1345 731 1668 802; x_wconf 87' lang='lat' dir='ltr'><strong>plerumque</strong></span> <span class='ocrx_word' id='word_1_45' title='bbox 1698 732 2047 788; x_wconf 73' lang='lat' dir='ltr'><strong>calamitates</strong></span> 
     </span>
    </p>
   </div>
   <div class='ocr_carea' id='block_1_9' title="bbox 461 818 2049 885">
    <p class='ocr_par' dir='ltr' id='par_1_9' title="bbox 461 818 2049 885">
     <span class='ocr_line' id='line_1_9' title="bbox 461 818 2049 885; baseline 0.004 -12"><span class='ocrx_word' id='word_1_46' title='bbox 461 818 807 885; x_wconf 87' lang='lat' dir='ltr'><strong>oboriuntur,</strong></span> <span class='ocrx_word' id='word_1_47' title='bbox 840 827 900 874; x_wconf 88' lang='lat' dir='ltr'><strong>ut</strong></span> <span class='ocrx_word' id='word_1_48' title='bbox 934 821 1272 879; x_wconf 84' lang='lat' dir='ltr'><strong>tolerabilius</strong></span> <span class='ocrx_word' id='word_1_49' title='bbox 1323 823 1395 879; x_wconf 86' lang='lat' dir='ltr'><strong>sit</strong></span> <span class='ocrx_word' id='word_1_50' title='bbox 1435 824 1636 880; x_wconf 88' lang='lat' dir='ltr'><strong>bellum</strong></span> <span class='ocrx_word' id='word_1_51' title='bbox 1697 826 1764 879; x_wconf 92' lang='lat' dir='ltr'><strong>ab</strong></span> <span class='ocrx_word' id='word_1_52' title='bbox 1808 824 2049 880; x_wconf 88' lang='lat' dir='ltr'><strong>inimicis</strong></span> 
     </span>
    </p>
   </div>
   <div class='ocr_carea' id='block_1_10' title="bbox 460 909 2049 984">
    <p class='ocr_par' dir='ltr' id='par_1_10' title="bbox 460 909 2049 984">
     <span class='ocr_line' id='line_1_10' title="bbox 460 909 2049 984; baseline 0.002 -20"><span class='ocrx_word' id='word_1_53' title='bbox 460 909 674 964; x_wconf 85' lang='lat' dir='ltr'><strong>illatum</strong></span> <span class='ocrx_word' id='word_1_54' title='bbox 701 911 1134 981; x_wconf 89' lang='lat' dir='ltr'><strong>propinquorum</strong></span> <span class='ocrx_word' id='word_1_55' title='bbox 1188 912 1414 983; x_wconf 88' lang='lat' dir='ltr'><strong>impetu,</strong></span> <span class='ocrx_word' id='word_1_56' title='bbox 1439 929 1579 984; x_wconf 89' lang='lat' dir='ltr'><strong>quos</strong></span> <span class='ocrx_word' id='word_1_57' title='bbox 1641 913 1883 969; x_wconf 72' lang='lat' dir='ltr'><strong>diximus</strong></span> <span class='ocrx_word' id='word_1_58' title='bbox 1922 929 2049 969; x_wconf 88' lang='lat' dir='ltr'><strong>ossa</strong></span> 
     </span>
    </p>
   </div>
   <div class='ocr_carea' id='block_1_11' title="bbox 459 1002 2050 1073">
    <p class='ocr_par' dir='ltr' id='par_1_11' title="bbox 459 1002 2050 1073">
     <span class='ocr_line' id='line_1_11' title="bbox 459 1002 2050 1073; baseline 0.002 -17"><span class='ocrx_word' id='word_1_59' title='bbox 459 1002 671 1072; x_wconf 85' lang='lat' dir='ltr'><strong>trepice</strong></span> <span class='ocrx_word' id='word_1_60' title='bbox 719 1012 947 1073; x_wconf 50' lang='lat' dir='ltr'><strong>vocatos,</strong></span> <span class='ocrx_word' id='word_1_61' title='bbox 976 1020 1120 1061; x_wconf 90' lang='lat' dir='ltr'><strong>esse.</strong></span> <span class='ocrx_word' id='word_1_62' title='bbox 1151 1003 1310 1071; x_wconf 83' lang='lat' dir='ltr'><strong>Quod</strong></span> <span class='ocrx_word' id='word_1_63' title='bbox 1363 1006 1409 1061; x_wconf 91' lang='lat' dir='ltr'><strong>si</strong></span> <span class='ocrx_word' id='word_1_64' title='bbox 1447 1006 1562 1062; x_wconf 68' lang='lat' dir='ltr'><strong>hmo</strong></span> <span class='ocrx_word' id='word_1_65' title='bbox 1609 1007 1868 1062; x_wconf 91' lang='lat' dir='ltr'><strong>omnibus</strong></span> <span class='ocrx_word' id='word_1_66' title='bbox 1899 1020 2050 1060; x_wconf 91' lang='lat' dir='ltr'><strong>com-</strong></span> 
     </span>
    </p>
   </div>
   <div class='ocr_carea' id='block_1_12' title="bbox 459 1093 2050 1158">
    <p class='ocr_par' dir='ltr' id='par_1_12' title="bbox 459 1093 2050 1158">
     <span class='ocr_line' id='line_1_12' title="bbox 459 1093 2050 1158; baseline 0.003 -13"><span class='ocrx_word' id='word_1_67' title='bbox 459 1093 671 1158; x_wconf 88' lang='lat' dir='ltr'><strong>munia,</strong></span> <span class='ocrx_word' id='word_1_68' title='bbox 704 1095 1018 1151; x_wconf 85' lang='lat' dir='ltr'><strong>communis</strong></span> <span class='ocrx_word' id='word_1_69' title='bbox 1065 1096 1325 1152; x_wconf 89' lang='lat' dir='ltr'><strong>omnibus</strong></span> <span class='ocrx_word' id='word_1_70' title='bbox 1385 1113 1519 1152; x_wconf 92' lang='lat' dir='ltr'><strong>sane</strong></span> <span class='ocrx_word' id='word_1_71' title='bbox 1579 1096 1746 1152; x_wconf 88' lang='lat' dir='ltr'><strong>fuerit</strong></span> <span class='ocrx_word' id='word_1_72' title='bbox 1776 1096 2050 1151; x_wconf 87' lang='lat' dir='ltr'><strong>orationis</strong></span> 
     </span>
    </p>
   </div>
   <div class='ocr_carea' id='block_1_13' title="bbox 459 1186 2050 1260">
    <p class='ocr_par' dir='ltr' id='par_1_13' title="bbox 459 1186 2050 1260">
     <span class='ocr_line' id='line_1_13' title="bbox 459 1186 2050 1260; baseline 0.002 -21"><span class='ocrx_word' id='word_1_73' title='bbox 459 1186 680 1243; x_wconf 91' lang='lat' dir='ltr'><strong>modus.</strong></span> <span class='ocrx_word' id='word_1_74' title='bbox 718 1186 959 1243; x_wconf 89' lang='lat' dir='ltr'><strong>Cuilibet</strong></span> <span class='ocrx_word' id='word_1_75' title='bbox 982 1204 1220 1260; x_wconf 80' lang='lat' dir='ltr'><strong>namque</strong></span> <span class='ocrx_word' id='word_1_76' title='bbox 1250 1190 1649 1244; x_wconf 86' lang='lat' dir='ltr'><strong>tentationibus</strong></span> <span class='ocrx_word' id='word_1_77' title='bbox 1682 1189 1951 1259; x_wconf 89' lang='lat' dir='ltr'><strong>impetito,</strong></span> <span class='ocrx_word' id='word_1_78' title='bbox 1985 1202 2050 1243; x_wconf 86' lang='lat' dir='ltr'><strong>ac</strong></span> 
     </span>
    </p>
   </div>
   <div class='ocr_carea' id='block_1_14' title="bbox 456 1276 2050 1353">
    <p class='ocr_par' dir='ltr' id='par_1_14' title="bbox 456 1276 2050 1353">
     <span class='ocr_line' id='line_1_14' title="bbox 456 1276 2050 1353; baseline 0.003 -22"><span class='ocrx_word' id='word_1_79' title='bbox 456 1276 700 1343; x_wconf 88' lang='lat' dir='ltr'><strong>defesso,</strong></span> <span class='ocrx_word' id='word_1_80' title='bbox 732 1279 1088 1351; x_wconf 88' lang='lat' dir='ltr'><strong>cupientiquc</strong></span> <span class='ocrx_word' id='word_1_81' title='bbox 1130 1281 1586 1353; x_wconf 69' lang='lat' dir='ltr'><strong>tranquillitatem</strong></span> <span class='ocrx_word' id='word_1_82' title='bbox 1620 1296 1651 1334; x_wconf 90' lang='lat' dir='ltr'><strong>a</strong></span> <span class='ocrx_word' id='word_1_83' title='bbox 1700 1280 1808 1336; x_wconf 90' lang='lat' dir='ltr'><strong>Deo</strong></span> <span class='ocrx_word' id='word_1_84' title='bbox 1835 1280 2050 1335; x_wconf 85' lang='lat' dir='ltr'><strong>obtine-</strong></span> 
     </span>
    </p>
   </div>
   <div class='ocr_carea' id='block_1_15' title="bbox 458 1369 1283 1440">
    <p class='ocr_par' dir='ltr' id='par_1_15' title="bbox 458 1369 1283 1440">
     <span class='ocr_line' id='line_1_15' title="bbox 458 1369 1283 1440; baseline 0.004 -16"><span class='ocrx_word' id='word_1_85' title='bbox 458 1385 540 1433; x_wconf 88' lang='lat' dir='ltr'><strong>re,</strong></span> <span class='ocrx_word' id='word_1_86' title='bbox 575 1369 693 1426; x_wconf 65' lang='lat' dir='ltr'><strong>haec</strong></span> <span class='ocrx_word' id='word_1_87' title='bbox 731 1372 977 1440; x_wconf 86' lang='lat' dir='ltr'><strong>precatio</strong></span> <span class='ocrx_word' id='word_1_88' title='bbox 1001 1371 1283 1434; x_wconf 76' lang='lat' dir='ltr'><strong>convenit.</strong></span> 
     </span>
    </p>
   </div>
   <div class='ocr_carea' id='block_1_16' title="bbox 527 1460 2050 1536">
    <p class='ocr_par' dir='ltr' id='par_1_16' title="bbox 527 1460 2050 1536">
     <span class='ocr_line' id='line_1_16' title="bbox 527 1460 2050 1536; baseline -0.001 -20"><span class='ocrx_word' id='word_1_89' title='bbox 527 1460 694 1519; x_wconf 77' lang='lat' dir='ltr'><strong>Vsus.</strong></span> <span class='ocrx_word' id='word_1_90' title='bbox 747 1463 781 1517; x_wconf 72' lang='lat'><strong>5</strong></span> <span class='ocrx_word' id='word_1_91' title='bbox 814 1492 842 1504; x_wconf 55' lang='grc' dir='ltr'><em>κ</em></span> <span class='ocrx_word' id='word_1_92' title='bbox 891 1464 979 1520; x_wconf 68' lang='grc' dir='ltr'>ιε.</span> <span class='ocrx_word' id='word_1_93' title='bbox 1036 1465 1302 1531; x_wconf 79' lang='lat' dir='ltr'><strong>Quoniam</strong></span> <span class='ocrx_word' id='word_1_94' title='bbox 1345 1465 1649 1536; x_wconf 79' lang='lat' dir='ltr'><strong>iniquitates</strong></span> <span class='ocrx_word' id='word_1_95' title='bbox 1695 1479 1822 1519; x_wconf 75' lang='lat' dir='ltr'><strong>mea:</strong></span> <span class='ocrx_word' id='word_1_96' title='bbox 1863 1477 2050 1531; x_wconf 82' lang='lat' dir='ltr'><strong>super-</strong></span> 
     </span>
    </p>
   </div>
   <div class='ocr_carea' id='block_1_17' title="bbox 454 1558 2041 1628">
    <p class='ocr_par' dir='ltr' id='par_1_17' title="bbox 454 1558 2041 1628">
     <span class='ocr_line' id='line_1_17' title="bbox 454 1558 2041 1628; baseline 0.001 -20"><span class='ocrx_word' id='word_1_97' title='bbox 454 1572 651 1627; x_wconf 74' lang='lat' dir='ltr'><strong>gressa:</strong></span> <span class='ocrx_word' id='word_1_98' title='bbox 704 1564 825 1611; x_wconf 88' lang='lat' dir='ltr'><strong>sunt</strong></span> <span class='ocrx_word' id='word_1_99' title='bbox 863 1567 1018 1625; x_wconf 84' lang='lat' dir='ltr'><strong>caput</strong></span> <span class='ocrx_word' id='word_1_100' title='bbox 1058 1574 1252 1623; x_wconf 77' lang='lat' dir='ltr'><strong>meum,</strong></span> <span class='ocrx_word' id='word_1_101' title='bbox 1289 1558 1426 1612; x_wconf 84' lang='lat' dir='ltr'><strong>sicut</strong></span> <span class='ocrx_word' id='word_1_102' title='bbox 1482 1575 1613 1612; x_wconf 81' lang='lat' dir='ltr'><strong>onus</strong></span> <span class='ocrx_word' id='word_1_103' title='bbox 1656 1574 1813 1628; x_wconf 80' lang='lat' dir='ltr'><strong>grave</strong></span> <span class='ocrx_word' id='word_1_104' title='bbox 1844 1573 2041 1628; x_wconf 78' lang='lat' dir='ltr'><strong>grava-</strong></span> 
     </span>
    </p>
   </div>
   <div class='ocr_carea' id='block_1_18' title="bbox 456 1648 2048 1719">
    <p class='ocr_par' dir='ltr' id='par_1_18' title="bbox 456 1648 2048 1719">
     <span class='ocr_line' id='line_1_18' title="bbox 456 1648 2048 1719; baseline -0.001 -18"><span class='ocrx_word' id='word_1_105' title='bbox 456 1659 526 1702; x_wconf 75' lang='lat' dir='ltr'><strong>trc</strong></span> <span class='ocrx_word' id='word_1_106' title='bbox 581 1658 705 1704; x_wconf 78' lang='lat' dir='ltr'><strong>sunt</strong></span> <span class='ocrx_word' id='word_1_107' title='bbox 759 1664 916 1719; x_wconf 80' lang='lat' dir='ltr'><strong>super</strong></span> <span class='ocrx_word' id='word_1_108' title='bbox 973 1666 1074 1705; x_wconf 86' lang='lat' dir='ltr'><strong>me.</strong></span> <span class='ocrx_word' id='word_1_109' title='bbox 1138 1648 1463 1704; x_wconf 86' lang='lat' dir='ltr'><strong>Putruerunt</strong></span> <span class='ocrx_word' id='word_1_110' title='bbox 1526 1663 1576 1703; x_wconf 88' lang='lat' dir='ltr'><strong>et</strong></span> <span class='ocrx_word' id='word_1_111' title='bbox 1627 1657 1888 1717; x_wconf 65' lang='lat' dir='ltr'><strong>corrupta;</strong></span> <span class='ocrx_word' id='word_1_112' title='bbox 1926 1657 2048 1702; x_wconf 77' lang='lat' dir='ltr'><strong>sunt</strong></span> 
     </span>
    </p>
   </div>
   <div class='ocr_carea' id='block_1_19' title="bbox 454 1741 2043 1802">
    <p class='ocr_par' dir='ltr' id='par_1_19' title="bbox 454 1741 2043 1802">
     <span class='ocr_line' id='line_1_19' title="bbox 454 1741 2043 1802; baseline 0.001 -6"><span class='ocrx_word' id='word_1_113' title='bbox 454 1742 732 1796; x_wconf 79' lang='lat' dir='ltr'><strong>cicatrices</strong></span> <span class='ocrx_word' id='word_1_114' title='bbox 775 1758 922 1797; x_wconf 65' lang='lat' dir='ltr'><strong>mete.</strong></span> <span class='ocrx_word' id='word_1_115' title='bbox 964 1741 1061 1797; x_wconf 91' lang='lat' dir='ltr'><strong>llis</strong></span> <span class='ocrx_word' id='word_1_116' title='bbox 1092 1741 1375 1802; x_wconf 88' lang='lat' dir='ltr'><strong>docemur.</strong></span> <span class='ocrx_word' id='word_1_117' title='bbox 1408 1758 1476 1797; x_wconf 91' lang='lat' dir='ltr'><strong>nc</strong></span> <span class='ocrx_word' id='word_1_118' title='bbox 1516 1742 1658 1796; x_wconf 89' lang='lat' dir='ltr'><strong>mala</strong></span> <span class='ocrx_word' id='word_1_119' title='bbox 1699 1742 2043 1797; x_wconf 86' lang='lat' dir='ltr'><strong>occultemus</strong></span> 
     </span>
    </p>
   </div>
   <div class='ocr_carea' id='block_1_20' title="bbox 2147 546 3730 620">
    <p class='ocr_par' dir='ltr' id='par_1_20' title="bbox 2147 546 3730 620">
     <span class='ocr_line' id='line_1_20' title="bbox 2147 546 3730 620; baseline 0 -21"><span class='ocrx_word' id='word_1_120' title='bbox 2147 563 2272 609; x_wconf 86' lang='grc' dir='ltr'>τους</span> <span class='ocrx_word' id='word_1_121' title='bbox 2310 546 2542 618; x_wconf 85' lang='grc' dir='ltr'>μάλιστα</span> <span class='ocrx_word' id='word_1_122' title='bbox 2572 546 2773 616; x_wconf 82' lang='grc' dir='ltr'>λέγειν.</span> <span class='ocrx_word' id='word_1_123' title='bbox 2823 547 2970 619; x_wconf 87' lang='grc' dir='ltr'><strong>Πλὴν</strong></span> <span class='ocrx_word' id='word_1_124' title='bbox 2992 548 3112 618; x_wconf 77' lang='grc' dir='ltr'>οὐχὶ</span> <span class='ocrx_word' id='word_1_125' title='bbox 3145 547 3291 620; x_wconf 84' lang='grc' dir='ltr'>μόνῳ</span> <span class='ocrx_word' id='word_1_126' title='bbox 3322 546 3495 601; x_wconf 85' lang='grc' dir='ltr'>ταῦτα</span> <span class='ocrx_word' id='word_1_127' title='bbox 3520 546 3730 619; x_wconf 80' lang='grc' dir='ltr'>συμϐῆ-</span> 
     </span>
    </p>
   </div>
   <div class='ocr_carea' id='block_1_21' title="bbox 2148 637 3730 710">
    <p class='ocr_par' dir='ltr' id='par_1_21' title="bbox 2148 637 3730 710">
     <span class='ocr_line' id='line_1_21' title="bbox 2148 637 3730 710; baseline -0.001 -18"><span class='ocrx_word' id='word_1_128' title='bbox 2148 638 2238 692; x_wconf 92' lang='grc' dir='ltr'><strong>ναί</strong></span> <span class='ocrx_word' id='word_1_129' title='bbox 2271 656 2451 708; x_wconf 72' lang='grc' dir='ltr'>φαμεν</span> <span class='ocrx_word' id='word_1_130' title='bbox 2489 637 2569 709; x_wconf 83' lang='grc' dir='ltr'>τῷ</span> <span class='ocrx_word' id='word_1_131' title='bbox 2603 639 2878 710; x_wconf 79' lang='grc' dir='ltr'><strong>θεσπεσίῳ</strong></span> <span class='ocrx_word' id='word_1_132' title='bbox 2910 638 3093 702; x_wconf 74' lang='grc' dir='ltr'>Δαυῒδ,</span> <span class='ocrx_word' id='word_1_133' title='bbox 3134 639 3270 694; x_wconf 77' lang='grc' dir='ltr'>ἀλλὰ</span> <span class='ocrx_word' id='word_1_134' title='bbox 3306 638 3417 710; x_wconf 78' lang='grc' dir='ltr'><strong>γὰρ</strong></span> <span class='ocrx_word' id='word_1_135' title='bbox 3452 638 3545 691; x_wconf 78' lang='grc' dir='ltr'><strong>καὶ</strong></span> <span class='ocrx_word' id='word_1_136' title='bbox 3578 637 3730 692; x_wconf 85' lang='grc' dir='ltr'>πλεί-</span> 
     </span>
    </p>
   </div>
   <div class='ocr_carea' id='block_1_22' title="bbox 2151 730 3730 805">
    <p class='ocr_par' dir='ltr' id='par_1_22' title="bbox 2151 730 3730 805">
     <span class='ocr_line' id='line_1_22' title="bbox 2151 730 3730 805; baseline -0.001 -20"><span class='ocrx_word' id='word_1_137' title='bbox 2151 746 2294 796; x_wconf 87' lang='grc' dir='ltr'>στοις</span> <span class='ocrx_word' id='word_1_138' title='bbox 2319 732 2552 805; x_wconf 73' lang='grc' dir='ltr'>ἑτέρως’</span> <span class='ocrx_word' id='word_1_139' title='bbox 2577 731 2777 803; x_wconf 83' lang='grc' dir='ltr'>μᾶλλον</span> <span class='ocrx_word' id='word_1_140' title='bbox 2798 731 2854 785; x_wconf 82' lang='grc' dir='ltr'>δὲ</span> <span class='ocrx_word' id='word_1_141' title='bbox 2878 733 2972 785; x_wconf 74' lang='grc' dir='ltr'><strong>καὶ</strong></span> <span class='ocrx_word' id='word_1_142' title='bbox 3000 733 3079 796; x_wconf 84' lang='grc' dir='ltr'><strong>είς</strong></span> <span class='ocrx_word' id='word_1_143' title='bbox 3098 730 3256 805; x_wconf 86' lang='grc' dir='ltr'>δεῦρο</span> <span class='ocrx_word' id='word_1_144' title='bbox 3283 730 3580 804; x_wconf 83' lang='grc' dir='ltr'>πράττεται</span> <span class='ocrx_word' id='word_1_145' title='bbox 3608 747 3730 784; x_wconf 88' lang='grc' dir='ltr'>πει-</span> 
     </span>
    </p>
   </div>
   <div class='ocr_carea' id='block_1_23' title="bbox 2154 822 3730 896">
    <p class='ocr_par' dir='ltr' id='par_1_23' title="bbox 2154 822 3730 896">
     <span class='ocr_line' id='line_1_23' title="bbox 2154 822 3730 896; baseline -0.001 -20"><span class='ocrx_word' id='word_1_146' title='bbox 2154 822 2465 894; x_wconf 79' lang='grc' dir='ltr'>ραζομένων</span> <span class='ocrx_word' id='word_1_147' title='bbox 2493 823 2681 893; x_wconf 72' lang='grc' dir='ltr'>άγῖων.</span> <span class='ocrx_word' id='word_1_148' title='bbox 2742 823 3019 894; x_wconf 85' lang='grc' dir='ltr'>Ἀδόκητοι</span> <span class='ocrx_word' id='word_1_149' title='bbox 3066 822 3175 896; x_wconf 85' lang='grc' dir='ltr'>γὰρ</span> <span class='ocrx_word' id='word_1_150' title='bbox 3216 822 3562 894; x_wconf 80' lang='grc' dir='ltr'><strong>περιστάσεις</strong></span> <span class='ocrx_word' id='word_1_151' title='bbox 3600 822 3730 876; x_wconf 86' lang='grc' dir='ltr'>άνα-</span> 
     </span>
    </p>
   </div>
   <div class='ocr_carea' id='block_1_24' title="bbox 2151 911 3728 988">
    <p class='ocr_par' dir='ltr' id='par_1_24' title="bbox 2151 911 3728 988">
     <span class='ocr_line' id='line_1_24' title="bbox 2151 911 3728 988; baseline -0.001 -20"><span class='ocrx_word' id='word_1_152' title='bbox 2151 915 2372 985; x_wconf 79' lang='grc' dir='ltr'><strong>φύονται</strong></span> <span class='ocrx_word' id='word_1_153' title='bbox 2420 915 2700 980; x_wconf 81' lang='grc' dir='ltr'><strong>πολλάκις,</strong></span> <span class='ocrx_word' id='word_1_154' title='bbox 2757 916 2897 971; x_wconf 84' lang='grc' dir='ltr'>ὥστε</span> <span class='ocrx_word' id='word_1_155' title='bbox 2944 915 3404 988; x_wconf 75' lang='grc' dir='ltr'>δυσφορητότερον</span> <span class='ocrx_word' id='word_1_156' title='bbox 3450 911 3589 969; x_wconf 77' lang='grc' dir='ltr'>εἶναι</span> <span class='ocrx_word' id='word_1_157' title='bbox 3633 914 3728 968; x_wconf 89' lang='grc' dir='ltr'><strong>τοῦ</strong></span> 
     </span>
    </p>
   </div>
   <div class='ocr_carea' id='block_1_25' title="bbox 2150 1005 3725 1079">
    <p class='ocr_par' dir='ltr' id='par_1_25' title="bbox 2150 1005 3725 1079">
     <span class='ocr_line' id='line_1_25' title="bbox 2150 1005 3725 1079; baseline 0 -21"><span class='ocrx_word' id='word_1_158' title='bbox 2150 1007 2279 1077; x_wconf 84' lang='grc' dir='ltr'>παρ’</span> <span class='ocrx_word' id='word_1_159' title='bbox 2307 1005 2515 1079; x_wconf 74' lang='grc' dir='ltr'>ἐχθρῶν</span> <span class='ocrx_word' id='word_1_160' title='bbox 2545 1006 2781 1079; x_wconf 77' lang='grc' dir='ltr'>πολέμου</span> <span class='ocrx_word' id='word_1_161' title='bbox 2805 1006 2904 1071; x_wconf 73' lang='grc' dir='ltr'>τὰς</span> <span class='ocrx_word' id='word_1_162' title='bbox 2928 1006 3034 1061; x_wconf 81' lang='grc' dir='ltr'>τῶν</span> <span class='ocrx_word' id='word_1_163' title='bbox 3066 1006 3284 1060; x_wconf 81' lang='grc' dir='ltr'><strong>οἰκείων</strong></span> <span class='ocrx_word' id='word_1_164' title='bbox 3309 1006 3725 1069; x_wconf 77' lang='grc' dir='ltr'>ἐπαναστάσεις,</span> 
     </span>
    </p>
   </div>
   <div class='ocr_carea' id='block_1_26' title="bbox 2148 1095 3727 1171">
    <p class='ocr_par' dir='ltr' id='par_1_26' title="bbox 2148 1095 3727 1171">
     <span class='ocr_line' id='line_1_26' title="bbox 2148 1095 3727 1171; baseline -0.002 -21"><span class='ocrx_word' id='word_1_165' title='bbox 2148 1096 2242 1161; x_wconf 80' lang='grc' dir='ltr'><strong>οὓς</strong></span> <span class='ocrx_word' id='word_1_166' title='bbox 2267 1099 2361 1151; x_wconf 78' lang='grc' dir='ltr'><strong>καὶ</strong></span> <span class='ocrx_word' id='word_1_167' title='bbox 2385 1098 2518 1151; x_wconf 81' lang='grc' dir='ltr'><strong>ὀστᾶ</strong></span> <span class='ocrx_word' id='word_1_168' title='bbox 2533 1115 2714 1170; x_wconf 78' lang='grc' dir='ltr'>φαμεν</span> <span class='ocrx_word' id='word_1_169' title='bbox 2735 1098 3049 1170; x_wconf 81' lang='grc' dir='ltr'>ὠνομάσθαι</span> <span class='ocrx_word' id='word_1_170' title='bbox 3070 1096 3366 1171; x_wconf 80' lang='grc' dir='ltr'><strong>τροπικῶς.</strong></span> <span class='ocrx_word' id='word_1_171' title='bbox 3388 1097 3450 1149; x_wconf 85' lang='grc' dir='ltr'>Εἰ</span> <span class='ocrx_word' id='word_1_172' title='bbox 3470 1095 3527 1151; x_wconf 78' lang='grc' dir='ltr'>δὲ</span> <span class='ocrx_word' id='word_1_173' title='bbox 3556 1095 3727 1149; x_wconf 72' lang='grc' dir='ltr'>ἅπασι</span> 
     </span>
    </p>
   </div>
   <div class='ocr_carea' id='block_1_27' title="bbox 2147 1187 3729 1262">
    <p class='ocr_par' dir='ltr' id='par_1_27' title="bbox 2147 1187 3729 1262">
     <span class='ocr_line' id='line_1_27' title="bbox 2147 1187 3729 1262; baseline -0.001 -20"><span class='ocrx_word' id='word_1_174' title='bbox 2147 1189 2319 1243; x_wconf 89' lang='grc' dir='ltr'>ταῦτα</span> <span class='ocrx_word' id='word_1_175' title='bbox 2353 1191 2525 1256; x_wconf 74' lang='grc' dir='ltr'>κοινὰ,</span> <span class='ocrx_word' id='word_1_176' title='bbox 2552 1191 2728 1254; x_wconf 74' lang='grc' dir='ltr'>κοινὸς</span> <span class='ocrx_word' id='word_1_177' title='bbox 2758 1190 2824 1245; x_wconf 86' lang='grc' dir='ltr'>ἂν</span> <span class='ocrx_word' id='word_1_178' title='bbox 2860 1192 2945 1262; x_wconf 71' lang='grc' dir='ltr'><strong>εἴη</strong></span> <span class='ocrx_word' id='word_1_179' title='bbox 2982 1190 3196 1244; x_wconf 84' lang='grc' dir='ltr'>πάντων</span> <span class='ocrx_word' id='word_1_180' title='bbox 3229 1189 3329 1259; x_wconf 74' lang='grc' dir='ltr'>τῆς</span> <span class='ocrx_word' id='word_1_181' title='bbox 3361 1188 3669 1259; x_wconf 81' lang='grc' dir='ltr'>προσευχῆς</span> <span class='ocrx_word' id='word_1_182' title='bbox 3698 1187 3729 1240; x_wconf 84' lang='grc' dir='ltr'><strong>ό</strong></span> 
     </span>
    </p>
   </div>
   <div class='ocr_carea' id='block_1_28' title="bbox 2146 1280 3725 1356">
    <p class='ocr_par' dir='ltr' id='par_1_28' title="bbox 2146 1280 3725 1356">
     <span class='ocr_line' id='line_1_28' title="bbox 2146 1280 3725 1356; baseline -0.002 -21"><span class='ocrx_word' id='word_1_183' title='bbox 2146 1282 2365 1352; x_wconf 87' lang='grc' dir='ltr'>τρόπος.</span> <span class='ocrx_word' id='word_1_184' title='bbox 2379 1283 2547 1336; x_wconf 73' lang='grc' dir='ltr'>Παντὶ</span> <span class='ocrx_word' id='word_1_185' title='bbox 2562 1282 2669 1356; x_wconf 80' lang='grc' dir='ltr'>γὰρ</span> <span class='ocrx_word' id='word_1_186' title='bbox 2686 1283 2916 1355; x_wconf 74' lang='grc' dir='ltr'>ἁρμόζει</span> <span class='ocrx_word' id='word_1_187' title='bbox 2935 1281 3311 1354; x_wconf 79' lang='grc' dir='ltr'>πειραζομένῳ</span> <span class='ocrx_word' id='word_1_188' title='bbox 3335 1282 3429 1335; x_wconf 73' lang='grc' dir='ltr'>καὶ</span> <span class='ocrx_word' id='word_1_189' title='bbox 3444 1280 3725 1350; x_wconf 82' lang='grc' dir='ltr'><strong>κάμνοντι,</strong></span> 
     </span>
    </p>
   </div>
   <div class='ocr_carea' id='block_1_29' title="bbox 2147 1370 3603 1447">
    <p class='ocr_par' dir='ltr' id='par_1_29' title="bbox 2147 1370 3603 1447">
     <span class='ocr_line' id='line_1_29' title="bbox 2147 1370 3603 1447; baseline 0 -23"><span class='ocrx_word' id='word_1_190' title='bbox 2147 1372 2452 1446; x_wconf 84' lang='grc' dir='ltr'>γλιχομένῳ</span> <span class='ocrx_word' id='word_1_191' title='bbox 2479 1391 2536 1428; x_wconf 89' lang='grc' dir='ltr'><strong>τε</strong></span> <span class='ocrx_word' id='word_1_192' title='bbox 2570 1377 2751 1445; x_wconf 87' lang='grc' dir='ltr'>τυχεῖν</span> <span class='ocrx_word' id='word_1_193' title='bbox 2785 1375 3122 1447; x_wconf 80' lang='grc' dir='ltr'><strong>ἡμερότητος</strong></span> <span class='ocrx_word' id='word_1_194' title='bbox 3149 1374 3248 1444; x_wconf 83' lang='grc' dir='ltr'><strong>τῆς</strong></span> <span class='ocrx_word' id='word_1_195' title='bbox 3272 1373 3423 1445; x_wconf 89' lang='grc' dir='ltr'><strong>παρὰ</strong></span> <span class='ocrx_word' id='word_1_196' title='bbox 3445 1370 3603 1425; x_wconf 87' lang='grc' dir='ltr'>Θεοῦ.</span> 
     </span>
    </p>
   </div>
   <div class='ocr_carea' id='block_1_30' title="bbox 2221 1463 3727 1537">
    <p class='ocr_par' dir='ltr' id='par_1_30' title="bbox 2221 1463 3727 1537">
     <span class='ocr_line' id='line_1_30' title="bbox 2221 1463 3727 1537; baseline -0.001 -18"><span class='ocrx_word' id='word_1_197' title='bbox 2221 1467 2349 1520; x_wconf 76' lang='grc' dir='ltr'>Ὀτι</span> <span class='ocrx_word' id='word_1_198' title='bbox 2399 1469 2459 1519; x_wconf 83' lang='grc' dir='ltr'>αὶ</span> <span class='ocrx_word' id='word_1_199' title='bbox 2509 1468 2747 1537; x_wconf 76' lang='grc' dir='ltr'><strong>ἀνομίαι</strong></span> <span class='ocrx_word' id='word_1_200' title='bbox 2789 1484 2909 1537; x_wconf 86' lang='grc' dir='ltr'>μου</span> <span class='ocrx_word' id='word_1_201' title='bbox 2947 1465 3255 1535; x_wconf 77' lang='grc' dir='ltr'>ὐπερῇραν</span> <span class='ocrx_word' id='word_1_202' title='bbox 3303 1467 3417 1528; x_wconf 78' lang='grc' dir='ltr'><strong>τὴν</strong></span> <span class='ocrx_word' id='word_1_203' title='bbox 3454 1463 3727 1534; x_wconf 64' lang='grc' dir='ltr'>κεφαλήν</span> 
     </span>
    </p>
   </div>
   <div class='ocr_carea' id='block_1_31' title="bbox 2141 1555 3723 1631">
    <p class='ocr_par' dir='ltr' id='par_1_31' title="bbox 2141 1555 3723 1631">
     <span class='ocr_line' id='line_1_31' title="bbox 2141 1555 3723 1631; baseline -0.002 -17"><span class='ocrx_word' id='word_1_204' title='bbox 2141 1577 2297 1630; x_wconf 82' lang='grc' dir='ltr'>μου,</span> <span class='ocrx_word' id='word_1_205' title='bbox 2354 1560 2500 1614; x_wconf 78' lang='grc' dir='ltr'>ὡσεὶ</span> <span class='ocrx_word' id='word_1_206' title='bbox 2555 1562 2802 1631; x_wconf 69' lang='grc' dir='ltr'>φορτίον</span> <span class='ocrx_word' id='word_1_207' title='bbox 2826 1559 2987 1627; x_wconf 81' lang='grc' dir='ltr'>,ϐαρὺ</span> <span class='ocrx_word' id='word_1_208' title='bbox 3025 1559 3445 1628; x_wconf 78' lang='grc' dir='ltr'>ἐϐαρύνθησαν</span> <span class='ocrx_word' id='word_1_209' title='bbox 3467 1558 3560 1612; x_wconf 81' lang='grc' dir='ltr'><strong>ἐπ’</strong></span> <span class='ocrx_word' id='word_1_210' title='bbox 3600 1555 3723 1627; x_wconf 77' lang='grc' dir='ltr'><strong>ἐμέ.</strong></span> 
     </span>
    </p>
   </div>
   <div class='ocr_carea' id='block_1_32' title="bbox 2147 1649 3728 1723">
    <p class='ocr_par' dir='ltr' id='par_1_32' title="bbox 2147 1649 3728 1723">
     <span class='ocr_line' id='line_1_32' title="bbox 2147 1649 3728 1723; baseline -0.003 -16"><span class='ocrx_word' id='word_1_211' title='bbox 2147 1652 2543 1723; x_wconf 81' lang='grc' dir='ltr'>Προσώζεσαν</span> <span class='ocrx_word' id='word_1_212' title='bbox 2569 1654 2668 1708; x_wconf 79' lang='grc' dir='ltr'>καὶ</span> <span class='ocrx_word' id='word_1_213' title='bbox 2705 1651 3029 1720; x_wconf 80' lang='grc' dir='ltr'>ἐσάπησαν</span> <span class='ocrx_word' id='word_1_214' title='bbox 3072 1654 3122 1706; x_wconf 84' lang='lat' dir='ltr'><strong>ot</strong></span> <span class='ocrx_word' id='word_1_215' title='bbox 3142 1650 3433 1720; x_wconf 70' lang='grc' dir='ltr'>μώλωπές</span> <span class='ocrx_word' id='word_1_216' title='bbox 3458 1667 3598 1718; x_wconf 90' lang='grc' dir='ltr'>μου.</span> <span class='ocrx_word' id='word_1_217' title='bbox 3628 1649 3728 1703; x_wconf 71' lang='grc' dir='ltr'><strong>Διὰ</strong></span> 
     </span>
    </p>
   </div>
   <div class='ocr_carea' id='block_1_33' title="bbox 2147 1741 3726 1817">
    <p class='ocr_par' dir='ltr' id='par_1_33' title="bbox 2147 1741 3726 1817">
     <span class='ocr_line' id='line_1_33' title="bbox 2147 1741 3726 1817; baseline -0.004 -17"><span class='ocrx_word' id='word_1_218' title='bbox 2147 1743 2355 1800; x_wconf 84' lang='grc' dir='ltr'>τούτων</span> <span class='ocrx_word' id='word_1_219' title='bbox 2416 1746 2657 1800; x_wconf 84' lang='grc' dir='ltr'><strong>διδάσκει</strong></span> <span class='ocrx_word' id='word_1_220' title='bbox 2711 1748 2859 1817; x_wconf 75' lang='grc' dir='ltr'>ἡμᾶς</span> <span class='ocrx_word' id='word_1_221' title='bbox 2914 1747 2943 1799; x_wconf 84' lang='grc' dir='ltr'><strong>ὁ</strong></span> <span class='ocrx_word' id='word_1_222' title='bbox 2983 1744 3162 1813; x_wconf 81' lang='grc' dir='ltr'>λόγος,</span> <span class='ocrx_word' id='word_1_223' title='bbox 3208 1743 3285 1814; x_wconf 83' lang='grc' dir='ltr'>μὴ</span> <span class='ocrx_word' id='word_1_224' title='bbox 3344 1742 3607 1815; x_wconf 72' lang='grc' dir='ltr'>κρύπτειν</span> <span class='ocrx_word' id='word_1_225' title='bbox 3655 1741 3726 1801; x_wconf 75' lang='grc' dir='ltr'>τὰ</span> 
     </span>
    </p>
   </div>
   <div class='ocr_carea' id='block_1_34' title="bbox 454 1826 2044 1911">
    <p class='ocr_par' dir='ltr' id='par_1_34' title="bbox 454 1834 2044 1904">
     <span class='ocr_line' id='line_1_34' title="bbox 454 1834 2044 1904; baseline -0.002 -14"><span class='ocrx_word' id='word_1_226' title='bbox 454 1841 786 1895; x_wconf 72' lang='lat' dir='ltr'><strong>nostrameu</strong></span> <span class='ocrx_word' id='word_1_227' title='bbox 813 1841 1032 1904; x_wconf 79' lang='lat' dir='ltr'><strong>peccata</strong></span> <span class='ocrx_word' id='word_1_228' title='bbox 1051 1848 1150 1888; x_wconf 88' lang='lat' dir='ltr'><strong>ceu</strong></span> <span class='ocrx_word' id='word_1_229' title='bbox 1166 1834 1455 1904; x_wconf 81' lang='lat' dir='ltr'><strong>quemdam</strong></span> <span class='ocrx_word' id='word_1_230' title='bbox 1480 1834 1752 1904; x_wconf 80' lang='lat' dir='ltr'><strong>nigrorem</strong></span> <span class='ocrx_word' id='word_1_231' title='bbox 1782 1844 1834 1888; x_wconf 89' lang='lat' dir='ltr'><strong>et</strong></span> <span class='ocrx_word' id='word_1_232' title='bbox 1857 1847 2044 1887; x_wconf 84' lang='lat' dir='ltr'><strong>corru-</strong></span> 
     </span>
    </p>
   </div>
   <div class='ocr_carea' id='block_1_35' title="bbox 2147 1826 3728 1911">
    <p class='ocr_par' dir='ltr' id='par_1_35' title="bbox 2151 1834 3728 1911">
     <span class='ocr_line' id='line_1_35' title="bbox 2151 1834 3728 1911; baseline -0.004 -16"><span class='ocrx_word' id='word_1_233' title='bbox 2151 1840 2359 1895; x_wconf 72' lang='grc' dir='ltr'>ἑαυτῶν</span> <span class='ocrx_word' id='word_1_234' title='bbox 2393 1839 2559 1906; x_wconf 75' lang='grc' dir='ltr'>κακὰ,</span> <span class='ocrx_word' id='word_1_235' title='bbox 2606 1839 2726 1911; x_wconf 82' lang='grc' dir='ltr'>μηδ’</span> <span class='ocrx_word' id='word_1_236' title='bbox 2765 1839 2955 1911; x_wconf 78' lang='grc' dir='ltr'>ὥσπερ</span> <span class='ocrx_word' id='word_1_237' title='bbox 2994 1837 3115 1892; x_wconf 70' lang='grc' dir='ltr'>τινὰ</span> <span class='ocrx_word' id='word_1_238' title='bbox 3165 1836 3419 1909; x_wconf 79' lang='grc' dir='ltr'>μελανίαν</span> <span class='ocrx_word' id='word_1_239' title='bbox 3446 1837 3538 1889; x_wconf 69' lang='grc' dir='ltr'>καὶ</span> <span class='ocrx_word' id='word_1_240' title='bbox 3566 1834 3728 1906; x_wconf 75' lang='grc' dir='ltr'>σῆψιν</span> 
     </span>
    </p>
   </div>
   <div class='ocr_carea' id='block_1_36' title="bbox 453 1924 2047 2001">
    <p class='ocr_par' dir='ltr' id='par_1_36' title="bbox 453 1924 2047 2001">
     <span class='ocr_line' id='line_1_36' title="bbox 453 1924 2047 2001; baseline -0.001 -19"><span class='ocrx_word' id='word_1_241' title='bbox 453 1930 693 2001; x_wconf 88' lang='lat' dir='ltr'><strong>ptionem</strong></span> <span class='ocrx_word' id='word_1_242' title='bbox 717 1927 772 1983; x_wconf 92' lang='lat' dir='ltr'><strong>in</strong></span> <span class='ocrx_word' id='word_1_243' title='bbox 786 1927 979 1981; x_wconf 93' lang='lat' dir='ltr'><strong>intimo</strong></span> <span class='ocrx_word' id='word_1_244' title='bbox 996 1927 1192 1982; x_wconf 69' lang='lat' dir='ltr'><strong>animae</strong></span> <span class='ocrx_word' id='word_1_245' title='bbox 1221 1926 1636 1982; x_wconf 83' lang='lat' dir='ltr'><strong>concludamus.</strong></span> <span class='ocrx_word' id='word_1_246' title='bbox 1661 1924 1795 1982; x_wconf 86' lang='lat' dir='ltr'><strong>Tota</strong></span> <span class='ocrx_word' id='word_1_247' title='bbox 1814 1926 1899 1980; x_wconf 82' lang='lat' dir='ltr'><strong>die</strong></span> <span class='ocrx_word' id='word_1_248' title='bbox 1918 1942 2047 1981; x_wconf 80' lang='lat' dir='ltr'><strong>con-</strong></span> 
     </span>
    </p>
   </div>
   <div class='ocr_carea' id='block_1_37' title="bbox 454 2022 2044 2094">
    <p class='ocr_par' dir='ltr' id='par_1_37' title="bbox 454 2022 2044 2094">
     <span class='ocr_line' id='line_1_37' title="bbox 454 2022 2044 2094; baseline 0.001 -16"><span class='ocrx_word' id='word_1_249' title='bbox 454 2026 698 2079; x_wconf 81' lang='lat' dir='ltr'><strong>tristalus</strong></span> <span class='ocrx_word' id='word_1_250' title='bbox 732 2022 1090 2094; x_wconf 82' lang='lat' dir='ltr'><strong>ingrediebar,</strong></span> <span class='ocrx_word' id='word_1_251' title='bbox 1119 2024 1369 2094; x_wconf 73' lang='lat' dir='ltr'><strong>quoniam</strong></span> <span class='ocrx_word' id='word_1_252' title='bbox 1386 2025 1566 2077; x_wconf 82' lang='lat' dir='ltr'><strong>anima</strong></span> <span class='ocrx_word' id='word_1_253' title='bbox 1592 2040 1708 2077; x_wconf 85' lang='lat' dir='ltr'><strong>mea</strong></span> <span class='ocrx_word' id='word_1_254' title='bbox 1737 2024 1953 2091; x_wconf 85' lang='lat' dir='ltr'><strong>impleta</strong></span> <span class='ocrx_word' id='word_1_255' title='bbox 1966 2034 2044 2079; x_wconf 83' lang='lat' dir='ltr'><strong>est</strong></span> 
     </span>
    </p>
   </div>
   <div class='ocr_carea' id='block_1_38' title="bbox 451 2112 2045 2183">
    <p class='ocr_par' dir='ltr' id='par_1_38' title="bbox 451 2112 2045 2183">
     <span class='ocr_line' id='line_1_38' title="bbox 451 2112 2045 2183; baseline 0.001 -15"><span class='ocrx_word' id='word_1_256' title='bbox 451 2113 795 2169; x_wconf 82' lang='lat' dir='ltr'><strong>itlusionibus</strong></span> <span class='ocrx_word' id='word_1_257' title='bbox 821 2112 1179 2167; x_wconf 80' lang='lat' dir='ltr'><strong>illudentium.</strong></span> <span class='ocrx_word' id='word_1_258' title='bbox 1214 2112 1306 2167; x_wconf 89' lang='lat' dir='ltr'><strong>Sic</strong></span> <span class='ocrx_word' id='word_1_259' title='bbox 1330 2128 1495 2183; x_wconf 84' lang='lat' dir='ltr'><strong>porro</strong></span> <span class='ocrx_word' id='word_1_260' title='bbox 1524 2112 1823 2183; x_wconf 81' lang='lat' dir='ltr'><strong>intelligas:</strong></span> <span class='ocrx_word' id='word_1_261' title='bbox 1843 2128 1966 2169; x_wconf 90' lang='lat' dir='ltr'><strong>cum</strong></span> <span class='ocrx_word' id='word_1_262' title='bbox 1990 2114 2045 2170; x_wconf 89' lang='lat' dir='ltr'><strong>in</strong></span> 
     </span>
    </p>
   </div>
   <div class='ocr_carea' id='block_1_39' title="bbox 451 2204 2041 2277">
    <p class='ocr_par' dir='ltr' id='par_1_39' title="bbox 451 2204 2041 2277">
     <span class='ocr_line' id='line_1_39' title="bbox 451 2204 2041 2277; baseline 0.003 -18"><span class='ocrx_word' id='word_1_263' title='bbox 451 2205 612 2262; x_wconf 77' lang='lat' dir='ltr'><strong>titulo</strong></span> <span class='ocrx_word' id='word_1_264' title='bbox 640 2204 1006 2277; x_wconf 77' lang='lat' dir='ltr'><strong>significasset</strong></span> <span class='ocrx_word' id='word_1_265' title='bbox 1021 2205 1290 2274; x_wconf 87' lang='lat' dir='ltr'><strong>psalmum</strong></span> <span class='ocrx_word' id='word_1_266' title='bbox 1310 2206 1364 2259; x_wconf 86' lang='lat' dir='ltr'><strong>in</strong></span> <span class='ocrx_word' id='word_1_267' title='bbox 1382 2207 1873 2260; x_wconf 84' lang='lat' dir='ltr'><strong>rememorationem</strong></span> <span class='ocrx_word' id='word_1_268' title='bbox 1898 2222 2041 2274; x_wconf 90' lang='lat' dir='ltr'><strong>esse,</strong></span> 
     </span>
    </p>
   </div>
   <div class='ocr_carea' id='block_1_40' title="bbox 449 2293 2034 2367">
    <p class='ocr_par' dir='ltr' id='par_1_40' title="bbox 449 2293 2034 2367">
     <span class='ocr_line' id='line_1_40' title="bbox 449 2293 2034 2367; baseline 0.001 -18"><span class='ocrx_word' id='word_1_269' title='bbox 449 2293 575 2365; x_wconf 86' lang='lat' dir='ltr'><strong>jure</strong></span> <span class='ocrx_word' id='word_1_270' title='bbox 603 2294 733 2349; x_wconf 93' lang='lat' dir='ltr'><strong>illuc</strong></span> <span class='ocrx_word' id='word_1_271' title='bbox 765 2294 1085 2358; x_wconf 90' lang='lat' dir='ltr'><strong>remittitur,</strong></span> <span class='ocrx_word' id='word_1_272' title='bbox 1123 2301 1179 2349; x_wconf 88' lang='lat' dir='ltr'><strong>et</strong></span> <span class='ocrx_word' id='word_1_273' title='bbox 1208 2310 1332 2365; x_wconf 72' lang='lat' dir='ltr'><strong>quae</strong></span> <span class='ocrx_word' id='word_1_274' title='bbox 1362 2295 1468 2351; x_wconf 82' lang='lat' dir='ltr'><strong>sibi</strong></span> <span class='ocrx_word' id='word_1_275' title='bbox 1492 2295 1603 2365; x_wconf 90' lang='lat' dir='ltr'><strong>jam</strong></span> <span class='ocrx_word' id='word_1_276' title='bbox 1634 2296 1764 2351; x_wconf 91' lang='lat' dir='ltr'><strong>olim</strong></span> <span class='ocrx_word' id='word_1_277' title='bbox 1796 2298 2034 2367; x_wconf 69' lang='lat' dir='ltr'><strong>contige-</strong></span> 
     </span>
    </p>
   </div>
   <div class='ocr_carea' id='block_1_41' title="bbox 453 2384 2046 2461">
    <p class='ocr_par' dir='ltr' id='par_1_41' title="bbox 453 2384 2046 2461">
     <span class='ocr_line' id='line_1_41' title="bbox 453 2384 2046 2461; baseline 0.004 -21"><span class='ocrx_word' id='word_1_278' title='bbox 453 2394 580 2441; x_wconf 86' lang='lat' dir='ltr'><strong>rant</strong></span> <span class='ocrx_word' id='word_1_279' title='bbox 610 2385 828 2457; x_wconf 85' lang='lat' dir='ltr'><strong>repetit.</strong></span> <span class='ocrx_word' id='word_1_280' title='bbox 855 2384 1023 2441; x_wconf 82' lang='lat' dir='ltr'><strong>Docet</strong></span> <span class='ocrx_word' id='word_1_281' title='bbox 1049 2386 1178 2441; x_wconf 86' lang='lat' dir='ltr'><strong>item</strong></span> <span class='ocrx_word' id='word_1_282' title='bbox 1200 2387 1419 2457; x_wconf 91' lang='lat' dir='ltr'><strong>qualem</strong></span> <span class='ocrx_word' id='word_1_283' title='bbox 1450 2388 1503 2442; x_wconf 93' lang='lat' dir='ltr'><strong>in</strong></span> <span class='ocrx_word' id='word_1_284' title='bbox 1526 2388 1894 2445; x_wconf 86' lang='lat' dir='ltr'><strong>conditionem</strong></span> <span class='ocrx_word' id='word_1_285' title='bbox 1922 2398 2046 2461; x_wconf 92' lang='lat' dir='ltr'><strong>post</strong></span> 
     </span>
    </p>
   </div>
   <div class='ocr_carea' id='block_1_42' title="bbox 454 2474 2044 2548">
    <p class='ocr_par' dir='ltr' id='par_1_42' title="bbox 454 2474 2044 2548">
     <span class='ocr_line' id='line_1_42' title="bbox 454 2474 2044 2548; baseline 0.003 -16"><span class='ocrx_word' id='word_1_286' title='bbox 454 2476 672 2545; x_wconf 88' lang='lat' dir='ltr'><strong>lapsum</strong></span> <span class='ocrx_word' id='word_1_287' title='bbox 701 2474 1222 2545; x_wconf 80' lang='lat' dir='ltr'><strong>peccati‘devenerit</strong></span> <span class='ocrx_word' id='word_1_288' title='bbox 1250 2495 1262 2531; x_wconf 89' lang='lat'><strong>:</strong></span> <span class='ocrx_word' id='word_1_289' title='bbox 1289 2492 1395 2548; x_wconf 90' lang='lat' dir='ltr'><strong>qua</strong></span> <span class='ocrx_word' id='word_1_290' title='bbox 1420 2478 1486 2533; x_wconf 92' lang='lat' dir='ltr'><strong>de</strong></span> <span class='ocrx_word' id='word_1_291' title='bbox 1508 2494 1677 2534; x_wconf 89' lang='lat' dir='ltr'><strong>causa</strong></span> <span class='ocrx_word' id='word_1_292' title='bbox 1703 2489 1870 2535; x_wconf 87' lang='lat' dir='ltr'><strong>totam</strong></span> <span class='ocrx_word' id='word_1_293' title='bbox 1899 2482 2044 2537; x_wconf 90' lang='lat' dir='ltr'><strong>hanc</strong></span> 
     </span>
    </p>
   </div>
   <div class='ocr_carea' id='block_1_43' title="bbox 453 2566 2040 2642">
    <p class='ocr_par' dir='ltr' id='par_1_43' title="bbox 453 2566 2040 2642">
     <span class='ocr_line' id='line_1_43' title="bbox 453 2566 2040 2642; baseline 0.004 -21"><span class='ocrx_word' id='word_1_294' title='bbox 453 2566 861 2623; x_wconf 80' lang='lat' dir='ltr'><strong>confessionem</strong></span> <span class='ocrx_word' id='word_1_295' title='bbox 906 2566 1041 2623; x_wconf 85' lang='lat' dir='ltr'><strong>edit.</strong></span> <span class='ocrx_word' id='word_1_296' title='bbox 1085 2566 1141 2623; x_wconf 93' lang='lat' dir='ltr'><strong>ln</strong></span> <span class='ocrx_word' id='word_1_297' title='bbox 1179 2568 1295 2625; x_wconf 67' lang='lat' dir='ltr'><strong>haec</strong></span> <span class='ocrx_word' id='word_1_298' title='bbox 1341 2571 1548 2635; x_wconf 90' lang='lat' dir='ltr'><strong>omnia,</strong></span> <span class='ocrx_word' id='word_1_299' title='bbox 1593 2572 1801 2642; x_wconf 86' lang='lat' dir='ltr'><strong>inquit,</strong></span> <span class='ocrx_word' id='word_1_300' title='bbox 1846 2573 2040 2639; x_wconf 89' lang='lat' dir='ltr'><strong>incidi,</strong></span> 
     </span>
    </p>
   </div>
   <div class='ocr_carea' id='block_1_44' title="bbox 453 2655 2039 2730">
    <p class='ocr_par' dir='ltr' id='par_1_44' title="bbox 453 2655 2039 2730">
     <span class='ocr_line' id='line_1_44' title="bbox 453 2655 2039 2730; baseline 0.006 -21"><span class='ocrx_word' id='word_1_301' title='bbox 453 2655 585 2727; x_wconf 86' lang='lat' dir='ltr'><strong>quia</strong></span> <span class='ocrx_word' id='word_1_302' title='bbox 616 2655 853 2726; x_wconf 86' lang='lat' dir='ltr'><strong>quodam</strong></span> <span class='ocrx_word' id='word_1_303' title='bbox 883 2661 1151 2727; x_wconf 89' lang='lat' dir='ltr'><strong>tempore,</strong></span> <span class='ocrx_word' id='word_1_304' title='bbox 1184 2656 1290 2712; x_wconf 81' lang='lat' dir='ltr'><strong>Cor</strong></span> <span class='ocrx_word' id='word_1_305' title='bbox 1322 2676 1496 2714; x_wconf 86' lang='lat' dir='ltr'><strong>meum</strong></span> <span class='ocrx_word' id='word_1_306' title='bbox 1523 2662 1897 2717; x_wconf 79' lang='lat' dir='ltr'><strong>conturbatum</strong></span> <span class='ocrx_word' id='word_1_307' title='bbox 1935 2672 2039 2730; x_wconf 84' lang='lat' dir='ltr'><strong>est,</strong></span> 
     </span>
    </p>
   </div>
   <div class='ocr_carea' id='block_1_45' title="bbox 451 2744 2037 2818">
    <p class='ocr_par' dir='ltr' id='par_1_45' title="bbox 451 2744 2037 2818">
     <span class='ocr_line' id='line_1_45' title="bbox 451 2744 2037 2818; baseline 0.005 -15"><span class='ocrx_word' id='word_1_308' title='bbox 451 2757 501 2803; x_wconf 73' lang='lat' dir='ltr'><strong>et</strong></span> <span class='ocrx_word' id='word_1_309' title='bbox 553 2744 832 2818; x_wconf 77' lang='lat' dir='ltr'><strong>dereliquit</strong></span> <span class='ocrx_word' id='word_1_310' title='bbox 881 2764 962 2803; x_wconf 83' lang='lat' dir='ltr'><strong>me</strong></span> <span class='ocrx_word' id='word_1_311' title='bbox 1008 2750 1175 2804; x_wconf 83' lang='lat' dir='ltr'><strong>virtus</strong></span> <span class='ocrx_word' id='word_1_312' title='bbox 1226 2767 1377 2816; x_wconf 86' lang='lat' dir='ltr'><strong>mea,</strong></span> <span class='ocrx_word' id='word_1_313' title='bbox 1433 2761 1485 2807; x_wconf 82' lang='lat' dir='ltr'><strong>et</strong></span> <span class='ocrx_word' id='word_1_314' title='bbox 1538 2753 1713 2808; x_wconf 87' lang='lat' dir='ltr'><strong>lumen</strong></span> <span class='ocrx_word' id='word_1_315' title='bbox 1762 2755 2037 2810; x_wconf 79' lang='lat' dir='ltr'><strong>oculorum</strong></span> 
     </span>
    </p>
   </div>
   <div class='ocr_carea' id='block_1_46' title="bbox 452 2841 2039 2918">
    <p class='ocr_par' dir='ltr' id='par_1_46' title="bbox 452 2841 2039 2918">
     <span class='ocr_line' id='line_1_46' title="bbox 452 2841 2039 2918; baseline 0.006 -25"><span class='ocrx_word' id='word_1_316' title='bbox 452 2855 687 2895; x_wconf 73' lang='lat' dir='ltr'><strong>meorum</strong></span> <span class='ocrx_word' id='word_1_317' title='bbox 733 2848 784 2896; x_wconf 85' lang='lat' dir='ltr'><strong>et</strong></span> <span class='ocrx_word' id='word_1_318' title='bbox 824 2841 1000 2910; x_wconf 84' lang='lat' dir='ltr'><strong>ipsum</strong></span> <span class='ocrx_word' id='word_1_319' title='bbox 1043 2858 1146 2896; x_wconf 83' lang='lat' dir='ltr'><strong>non</strong></span> <span class='ocrx_word' id='word_1_320' title='bbox 1185 2852 1300 2897; x_wconf 86' lang='lat' dir='ltr'><strong>erat</strong></span> <span class='ocrx_word' id='word_1_321' title='bbox 1362 2861 1584 2901; x_wconf 84' lang='lat' dir='ltr'><strong>mecum.</strong></span> <span class='ocrx_word' id='word_1_322' title='bbox 1648 2844 1783 2900; x_wconf 88' lang='lat' dir='ltr'><strong>Nam</strong></span> <span class='ocrx_word' id='word_1_323' title='bbox 1828 2850 2039 2918; x_wconf 89' lang='lat' dir='ltr'><strong>peccati</strong></span> 
     </span>
    </p>
   </div>
   <div class='ocr_carea' id='block_1_47' title="bbox 453 2931 2041 3011">
    <p class='ocr_par' dir='ltr' id='par_1_47' title="bbox 453 2931 2041 3011">
     <span class='ocr_line' id='line_1_47' title="bbox 453 2931 2041 3011; baseline 0.006 -23"><span class='ocrx_word' id='word_1_324' title='bbox 453 2942 698 3004; x_wconf 86' lang='lat' dir='ltr'><strong>tempore</strong></span> <span class='ocrx_word' id='word_1_325' title='bbox 726 2931 812 2985; x_wconf 87' lang='lat' dir='ltr'><strong>vis</strong></span> <span class='ocrx_word' id='word_1_326' title='bbox 849 2948 968 2987; x_wconf 87' lang='lat' dir='ltr'><strong>mea</strong></span> <span class='ocrx_word' id='word_1_327' title='bbox 1000 2934 1339 2999; x_wconf 72' lang='lat' dir='ltr'><strong>intelligendi</strong></span> <span class='ocrx_word' id='word_1_328' title='bbox 1383 2950 1488 2990; x_wconf 89' lang='lat' dir='ltr'><strong>non</strong></span> <span class='ocrx_word' id='word_1_329' title='bbox 1526 2952 1746 3007; x_wconf 88' lang='lat' dir='ltr'><strong>parvam</strong></span> <span class='ocrx_word' id='word_1_330' title='bbox 1781 2954 2041 3011; x_wconf 85' lang='lat' dir='ltr'><strong>perpessa</strong></span> 
     </span>
    </p>
   </div>
   <div class='ocr_carea' id='block_1_48' title="bbox 453 3022 2042 3104">
    <p class='ocr_par' dir='ltr' id='par_1_48' title="bbox 453 3022 2042 3104">
     <span class='ocr_line' id='line_1_48' title="bbox 453 3022 2042 3104; baseline 0.007 -26"><span class='ocrx_word' id='word_1_331' title='bbox 453 3034 543 3081; x_wconf 89' lang='lat' dir='ltr'><strong>est</strong></span> <span class='ocrx_word' id='word_1_332' title='bbox 571 3022 978 3088; x_wconf 78' lang='lat' dir='ltr'><strong>confusionem,</strong></span> <span class='ocrx_word' id='word_1_333' title='bbox 1013 3025 1271 3099; x_wconf 79' lang='lat' dir='ltr'><strong>perplexa</strong></span> <span class='ocrx_word' id='word_1_334' title='bbox 1315 3033 1369 3081; x_wconf 90' lang='lat' dir='ltr'><strong>et</strong></span> <span class='ocrx_word' id='word_1_335' title='bbox 1402 3028 1698 3084; x_wconf 88' lang='lat' dir='ltr'><strong>obscurata</strong></span> <span class='ocrx_word' id='word_1_336' title='bbox 1742 3033 1812 3087; x_wconf 88' lang='lat' dir='ltr'><strong>ab</strong></span> <span class='ocrx_word' id='word_1_337' title='bbox 1841 3049 1908 3089; x_wconf 91' lang='lat' dir='ltr'><strong>eo</strong></span> <span class='ocrx_word' id='word_1_338' title='bbox 1947 3036 2042 3104; x_wconf 91' lang='lat' dir='ltr'><strong>qui</strong></span> 
     </span>
    </p>
   </div>
   <div class='ocr_carea' id='block_1_49' title="bbox 454 3116 2040 3197">
    <p class='ocr_par' dir='ltr' id='par_1_49' title="bbox 454 3116 2040 3197">
     <span class='ocr_line' id='line_1_49' title="bbox 454 3116 2040 3197; baseline 0.008 -26"><span class='ocrx_word' id='word_1_339' title='bbox 454 3117 667 3189; x_wconf 88' lang='lat' dir='ltr'><strong>peccati</strong></span> <span class='ocrx_word' id='word_1_340' title='bbox 709 3117 840 3170; x_wconf 83' lang='lat' dir='ltr'><strong>mihi</strong></span> <span class='ocrx_word' id='word_1_341' title='bbox 893 3127 1089 3171; x_wconf 89' lang='lat' dir='ltr'><strong>auctor</strong></span> <span class='ocrx_word' id='word_1_342' title='bbox 1136 3116 1333 3173; x_wconf 85' lang='lat' dir='ltr'><strong>fuerat.</strong></span> <span class='ocrx_word' id='word_1_343' title='bbox 1393 3119 1547 3177; x_wconf 89' lang='lat' dir='ltr'><strong>Tunc</strong></span> <span class='ocrx_word' id='word_1_344' title='bbox 1601 3124 1804 3197; x_wconf 90' lang='lat' dir='ltr'><strong>quippe</strong></span> <span class='ocrx_word' id='word_1_345' title='bbox 1838 3127 2040 3183; x_wconf 85' lang='lat' dir='ltr'><strong>dereli-</strong></span> 
     </span>
    </p>
   </div>
   <div class='ocr_carea' id='block_1_50' title="bbox 2148 1927 3725 2002">
    <p class='ocr_par' dir='ltr' id='par_1_50' title="bbox 2148 1927 3725 2002">
     <span class='ocr_line' id='line_1_50' title="bbox 2148 1927 3725 2002; baseline -0.004 -15"><span class='ocrx_word' id='word_1_346' title='bbox 2148 1930 2290 1987; x_wconf 74' lang='grc' dir='ltr'>κατά</span> <span class='ocrx_word' id='word_1_347' title='bbox 2334 1930 2531 2002; x_wconf 82' lang='grc' dir='ltr'>βάθους</span> <span class='ocrx_word' id='word_1_348' title='bbox 2568 1930 2669 2002; x_wconf 83' lang='grc' dir='ltr'><strong>τῆς</strong></span> <span class='ocrx_word' id='word_1_349' title='bbox 2718 1930 2897 2001; x_wconf 74' lang='grc' dir='ltr'>ψυχῆς</span> <span class='ocrx_word' id='word_1_350' title='bbox 2939 1929 3183 2001; x_wconf 83' lang='grc' dir='ltr'>συνέχειν</span> <span class='ocrx_word' id='word_1_351' title='bbox 3240 1927 3308 1984; x_wconf 72' lang='grc' dir='ltr'>τὰ</span> <span class='ocrx_word' id='word_1_352' title='bbox 3333 1928 3725 2000; x_wconf 82' lang='grc' dir='ltr'>ἁμαρτήματα.</span> 
     </span>
    </p>
   </div>
   <div class='ocr_carea' id='block_1_51' title="bbox 2150 2019 3724 2093">
    <p class='ocr_par' dir='ltr' id='par_1_51' title="bbox 2150 2019 3724 2093">
     <span class='ocr_line' id='line_1_51' title="bbox 2150 2019 3724 2093; baseline -0.003 -17"><span class='ocrx_word' id='word_1_353' title='bbox 2150 2025 2347 2092; x_wconf 76' lang='grc' dir='ltr'>Ὅλην</span> <span class='ocrx_word' id='word_1_354' title='bbox 2393 2023 2510 2092; x_wconf 78' lang='grc' dir='ltr'><strong>τὴν</strong></span> <span class='ocrx_word' id='word_1_355' title='bbox 2553 2023 2782 2093; x_wconf 76' lang='grc' dir='ltr'>ἡμέραν</span> <span class='ocrx_word' id='word_1_356' title='bbox 2833 2019 3269 2090; x_wconf 76' lang='grc' dir='ltr'>σκυθρωπάζων</span> <span class='ocrx_word' id='word_1_357' title='bbox 3320 2020 3724 2088; x_wconf 72' lang='grc' dir='ltr'>ἐπορευόμην,</span> 
     </span>
    </p>
   </div>
   <div class='ocr_carea' id='block_1_52' title="bbox 2146 2106 3730 2184">
    <p class='ocr_par' dir='ltr' id='par_1_52' title="bbox 2146 2106 3730 2184">
     <span class='ocr_line' id='line_1_52' title="bbox 2146 2106 3730 2184; baseline -0.005 -15"><span class='ocrx_word' id='word_1_358' title='bbox 2146 2114 2236 2170; x_wconf 81' lang='grc' dir='ltr'>ὅτι</span> <span class='ocrx_word' id='word_1_359' title='bbox 2263 2116 2301 2183; x_wconf 75' lang='grc' dir='ltr'>ἡ</span> <span class='ocrx_word' id='word_1_360' title='bbox 2330 2114 2501 2184; x_wconf 78' lang='grc' dir='ltr'>ψυχή</span> <span class='ocrx_word' id='word_1_361' title='bbox 2528 2131 2647 2184; x_wconf 82' lang='grc' dir='ltr'>μου</span> <span class='ocrx_word' id='word_1_362' title='bbox 2680 2112 3027 2181; x_wconf 77' lang='grc' dir='ltr'>ἐνεπλήσθη</span> <span class='ocrx_word' id='word_1_363' title='bbox 3060 2108 3405 2181; x_wconf 80' lang='grc' dir='ltr'>ἐμπαιγμῶν</span> <span class='ocrx_word' id='word_1_364' title='bbox 3422 2106 3730 2179; x_wconf 67' lang='grc' dir='ltr'>ἐμπαιζόνι-</span> 
     </span>
    </p>
   </div>
   <div class='ocr_carea' id='block_1_53' title="bbox 2145 2199 3728 2279">
    <p class='ocr_par' dir='ltr' id='par_1_53' title="bbox 2145 2199 3728 2279">
     <span class='ocr_line' id='line_1_53' title="bbox 2145 2199 3728 2279; baseline -0.006 -19"><span class='ocrx_word' id='word_1_365' title='bbox 2145 2223 2284 2262; x_wconf 81' lang='grc' dir='ltr'>των.</span> <span class='ocrx_word' id='word_1_366' title='bbox 2318 2207 2551 2279; x_wconf 75' lang='grc' dir='ltr'>Νοήσεις</span> <span class='ocrx_word' id='word_1_367' title='bbox 2579 2205 2636 2258; x_wconf 78' lang='grc' dir='ltr'>δὲ</span> <span class='ocrx_word' id='word_1_368' title='bbox 2682 2204 2777 2259; x_wconf 65' lang='grc' dir='ltr'><strong>καὶ</strong></span> <span class='ocrx_word' id='word_1_369' title='bbox 2809 2203 3003 2268; x_wconf 76' lang='grc' dir='ltr'>οὕτως,</span> <span class='ocrx_word' id='word_1_370' title='bbox 3040 2201 3628 2274; x_wconf 80' lang='grc' dir='ltr'>προεπισημηνάμενος</span> <span class='ocrx_word' id='word_1_371' title='bbox 3668 2199 3728 2251; x_wconf 73' lang='grc' dir='ltr'>ἐν</span> 
     </span>
    </p>
   </div>
   <div class='ocr_carea' id='block_1_54' title="bbox 2144 2291 3729 2370">
    <p class='ocr_par' dir='ltr' id='par_1_54' title="bbox 2144 2291 3729 2370">
     <span class='ocr_line' id='line_1_54' title="bbox 2144 2291 3729 2370; baseline -0.004 -21"><span class='ocrx_word' id='word_1_372' title='bbox 2144 2298 2211 2370; x_wconf 82' lang='grc' dir='ltr'>τῇ</span> <span class='ocrx_word' id='word_1_373' title='bbox 2247 2297 2562 2368; x_wconf 75' lang='grc' dir='ltr'>προγραφῇ,</span> <span class='ocrx_word' id='word_1_374' title='bbox 2592 2295 2666 2361; x_wconf 81' lang='grc' dir='ltr'>ὡς</span> <span class='ocrx_word' id='word_1_375' title='bbox 2717 2295 2825 2366; x_wconf 81' lang='grc' dir='ltr'>ἄρα</span> <span class='ocrx_word' id='word_1_376' title='bbox 2865 2295 2951 2365; x_wconf 83' lang='grc' dir='ltr'><strong>εἴη</strong></span> <span class='ocrx_word' id='word_1_377' title='bbox 2984 2296 3072 2360; x_wconf 82' lang='grc' dir='ltr'><strong>είς</strong></span> <span class='ocrx_word' id='word_1_378' title='bbox 3100 2292 3461 2362; x_wconf 76' lang='grc' dir='ltr'>ἀνάμνησιν,</span> <span class='ocrx_word' id='word_1_379' title='bbox 3504 2291 3729 2354; x_wconf 82' lang='grc' dir='ltr'>εἰκότως</span> 
     </span>
    </p>
   </div>
   <div class='ocr_carea' id='block_1_55' title="bbox 2145 2378 3727 2455">
    <p class='ocr_par' dir='ltr' id='par_1_55' title="bbox 2145 2378 3727 2455">
     <span class='ocr_line' id='line_1_55' title="bbox 2145 2378 3727 2455; baseline -0.006 -15"><span class='ocrx_word' id='word_1_380' title='bbox 2145 2383 2625 2455; x_wconf 78' lang='grc' dir='ltr'>ἀναπεμπάζεται,</span> <span class='ocrx_word' id='word_1_381' title='bbox 2689 2385 2782 2437; x_wconf 70' lang='grc' dir='ltr'><strong>καὶ</strong></span> <span class='ocrx_word' id='word_1_382' title='bbox 2825 2385 2893 2437; x_wconf 75' lang='grc' dir='ltr'>τὰ</span> <span class='ocrx_word' id='word_1_383' title='bbox 2921 2383 3089 2436; x_wconf 88' lang='grc' dir='ltr'>πάλαι</span> <span class='ocrx_word' id='word_1_384' title='bbox 3135 2378 3285 2450; x_wconf 74' lang='grc' dir='ltr'><strong>αὑτῷ</strong></span> <span class='ocrx_word' id='word_1_385' title='bbox 3342 2378 3727 2451; x_wconf 71' lang='grc' dir='ltr'>συμϐεϐηκότα</span> 
     </span>
    </p>
   </div>
   <div class='ocr_carea' id='block_1_56' title="bbox 2145 2465 3729 2547">
    <p class='ocr_par' dir='ltr' id='par_1_56' title="bbox 2145 2465 3729 2547">
     <span class='ocr_line' id='line_1_56' title="bbox 2145 2465 3729 2547; baseline -0.005 -18"><span class='ocrx_word' id='word_1_386' title='bbox 2145 2474 2610 2547; x_wconf 77' lang='grc' dir='ltr'>ὲπαναλαμῦάνει.</span> <span class='ocrx_word' id='word_1_387' title='bbox 2668 2474 2917 2528; x_wconf 82' lang='grc' dir='ltr'>Διδάσκει</span> <span class='ocrx_word' id='word_1_388' title='bbox 2955 2489 3013 2526; x_wconf 86' lang='grc' dir='ltr'><strong>τε</strong></span> <span class='ocrx_word' id='word_1_389' title='bbox 3058 2474 3115 2525; x_wconf 75' lang='grc' dir='ltr'>ὲν</span> <span class='ocrx_word' id='word_1_390' title='bbox 3161 2465 3243 2534; x_wconf 78' lang='grc' dir='ltr'>οἷς</span> <span class='ocrx_word' id='word_1_391' title='bbox 3269 2470 3481 2539; x_wconf 78' lang='grc' dir='ltr'>γέγονε,</span> <span class='ocrx_word' id='word_1_392' title='bbox 3522 2467 3600 2538; x_wconf 81' lang='grc' dir='ltr'>τῷ</span> <span class='ocrx_word' id='word_1_393' title='bbox 3628 2468 3729 2537; x_wconf 73' lang='grc' dir='ltr'>τῆς</span> 
     </span>
    </p>
   </div>
   <div class='ocr_carea' id='block_1_57' title="bbox 2145 2560 3728 2640">
    <p class='ocr_par' dir='ltr' id='par_1_57' title="bbox 2145 2560 3728 2640">
     <span class='ocr_line' id='line_1_57' title="bbox 2145 2560 3728 2640; baseline -0.006 -17"><span class='ocrx_word' id='word_1_394' title='bbox 2145 2568 2417 2640; x_wconf 83' lang='grc' dir='ltr'>ἁμαρτίας</span> <span class='ocrx_word' id='word_1_395' title='bbox 2442 2567 2639 2639; x_wconf 81' lang='grc' dir='ltr'>ὀλίσθῳ</span> <span class='ocrx_word' id='word_1_396' title='bbox 2670 2566 3001 2640; x_wconf 86' lang='grc' dir='ltr'>περιπεσὼν,</span> <span class='ocrx_word' id='word_1_397' title='bbox 3016 2560 3076 2621; x_wconf 79' lang='grc' dir='ltr'><strong>οὖ</strong></span> <span class='ocrx_word' id='word_1_398' title='bbox 3110 2564 3268 2636; x_wconf 83' lang='grc' dir='ltr'>χάριν</span> <span class='ocrx_word' id='word_1_399' title='bbox 3303 2562 3397 2618; x_wconf 71' lang='grc' dir='ltr'>καὶ</span> <span class='ocrx_word' id='word_1_400' title='bbox 3422 2562 3521 2633; x_wconf 76' lang='grc' dir='ltr'>τὴν</span> <span class='ocrx_word' id='word_1_401' title='bbox 3549 2563 3728 2615; x_wconf 79' lang='grc' dir='ltr'>πᾶσαν</span> 
     </span>
    </p>
   </div>
   <div class='ocr_carea' id='block_1_58' title="bbox 2145 2653 3727 2731">
    <p class='ocr_par' dir='ltr' id='par_1_58' title="bbox 2145 2653 3727 2731">
     <span class='ocr_line' id='line_1_58' title="bbox 2145 2653 3727 2731; baseline -0.004 -19"><span class='ocrx_word' id='word_1_402' title='bbox 2145 2662 2379 2715; x_wconf 87' lang='grc' dir='ltr'>ποιεῖται</span> <span class='ocrx_word' id='word_1_403' title='bbox 2399 2658 2805 2731; x_wconf 81' lang='grc' dir='ltr'>ἐξομολόγησιν.</span> <span class='ocrx_word' id='word_1_404' title='bbox 2830 2659 2924 2723; x_wconf 79' lang='grc' dir='ltr'><strong>Εἰς</strong></span> <span class='ocrx_word' id='word_1_405' title='bbox 2950 2656 3122 2711; x_wconf 85' lang='grc' dir='ltr'>ταῦτα</span> <span class='ocrx_word' id='word_1_406' title='bbox 3143 2656 3252 2729; x_wconf 84' lang='grc' dir='ltr'>γὰρ</span> <span class='ocrx_word' id='word_1_407' title='bbox 3267 2656 3444 2711; x_wconf 86' lang='grc' dir='ltr'>πάντα</span> <span class='ocrx_word' id='word_1_408' title='bbox 3474 2653 3727 2726; x_wconf 69' lang='grc' dir='ltr'>ἐλήλυθα,</span> 
     </span>
    </p>
   </div>
   <div class='ocr_carea' id='block_1_59' title="bbox 2144 2747 3733 2825">
    <p class='ocr_par' dir='ltr' id='par_1_59' title="bbox 2144 2747 3733 2825">
     <span class='ocr_line' id='line_1_59' title="bbox 2144 2747 3733 2825; baseline -0.004 -20"><span class='ocrx_word' id='word_1_409' title='bbox 2144 2752 2330 2822; x_wconf 75' lang='grc' dir='ltr'>φησὶν,</span> <span class='ocrx_word' id='word_1_410' title='bbox 2367 2752 2669 2825; x_wconf 74' lang='grc' dir='ltr'>ἐπειδήπερ</span> <span class='ocrx_word' id='word_1_411' title='bbox 2716 2751 2893 2822; x_wconf 86' lang='grc' dir='ltr'>καιρῴ</span> <span class='ocrx_word' id='word_1_412' title='bbox 2937 2767 3044 2804; x_wconf 87' lang='grc' dir='ltr'>τινι</span> <span class='ocrx_word' id='word_1_413' title='bbox 3100 2750 3163 2806; x_wconf 83' lang='grc' dir='ltr'><strong><em>Ἠ</em></strong></span> <span class='ocrx_word' id='word_1_414' title='bbox 3194 2748 3408 2818; x_wconf 80' lang='grc' dir='ltr'>καρδία</span> <span class='ocrx_word' id='word_1_415' title='bbox 3441 2764 3560 2817; x_wconf 82' lang='grc' dir='ltr'>μου</span> <span class='ocrx_word' id='word_1_416' title='bbox 3598 2747 3733 2800; x_wconf 81' lang='grc' dir='ltr'>ἐτα-</span> 
     </span>
    </p>
   </div>
   <div class='ocr_carea' id='block_1_60' title="bbox 2134 2836 3729 2916">
    <p class='ocr_par' dir='ltr' id='par_1_60' title="bbox 2134 2836 3729 2916">
     <span class='ocr_line' id='line_1_60' title="bbox 2134 2836 3729 2916; baseline -0.006 -15"><span class='ocrx_word' id='word_1_417' title='bbox 2134 2844 2353 2915; x_wconf 75' lang='grc' dir='ltr'>ράχθη,</span> <span class='ocrx_word' id='word_1_418' title='bbox 2394 2844 2492 2900; x_wconf 82' lang='grc' dir='ltr'>καὶ</span> <span class='ocrx_word' id='word_1_419' title='bbox 2537 2842 2920 2916; x_wconf 68' lang='grc' dir='ltr'>ἐγκατέλειπέ</span> <span class='ocrx_word' id='word_1_420' title='bbox 2954 2860 3031 2914; x_wconf 89' lang='grc' dir='ltr'><strong>με</strong></span> <span class='ocrx_word' id='word_1_421' title='bbox 3063 2844 3100 2912; x_wconf 83' lang='grc' dir='ltr'><strong><em>ή</em></strong></span> <span class='ocrx_word' id='word_1_422' title='bbox 3137 2843 3315 2912; x_wconf 69' lang='grc' dir='ltr'>ἰσχύς</span> <span class='ocrx_word' id='word_1_423' title='bbox 3351 2858 3493 2911; x_wconf 87' lang='grc' dir='ltr'>μου,</span> <span class='ocrx_word' id='word_1_424' title='bbox 3529 2839 3624 2893; x_wconf 75' lang='grc' dir='ltr'>καὶ</span> <span class='ocrx_word' id='word_1_425' title='bbox 3661 2836 3729 2891; x_wconf 83' lang='grc' dir='ltr'>τὸ</span> 
     </span>
    </p>
   </div>
   <div class='ocr_carea' id='block_1_61' title="bbox 2142 2930 3726 3007">
    <p class='ocr_par' dir='ltr' id='par_1_61' title="bbox 2142 2930 3726 3007">
     <span class='ocr_line' id='line_1_61' title="bbox 2142 2930 3726 3007; baseline -0.003 -18"><span class='ocrx_word' id='word_1_426' title='bbox 2142 2936 2269 3007; x_wconf 66' lang='grc' dir='ltr'><strong>φῶς</strong></span> <span class='ocrx_word' id='word_1_427' title='bbox 2288 2937 2406 2993; x_wconf 84' lang='grc' dir='ltr'><strong>τῶν</strong></span> <span class='ocrx_word' id='word_1_428' title='bbox 2422 2938 2615 3007; x_wconf 62' lang='grc' dir='ltr'>όφθαλ</span> <span class='ocrx_word' id='word_1_429' title='bbox 2618 2937 2748 3007; x_wconf 82' lang='grc' dir='ltr'>μῶν</span> <span class='ocrx_word' id='word_1_430' title='bbox 2760 2956 2901 3007; x_wconf 88' lang='grc' dir='ltr'>μου,</span> <span class='ocrx_word' id='word_1_431' title='bbox 2927 2938 3021 2991; x_wconf 78' lang='grc' dir='ltr'>καὶ</span> <span class='ocrx_word' id='word_1_432' title='bbox 3037 2935 3182 2991; x_wconf 83' lang='grc' dir='ltr'>αὐτὸ</span> <span class='ocrx_word' id='word_1_433' title='bbox 3205 2938 3315 2989; x_wconf 80' lang='grc' dir='ltr'>οὐκ</span> <span class='ocrx_word' id='word_1_434' title='bbox 3330 2931 3410 3005; x_wconf 81' lang='grc' dir='ltr'>ἦν</span> <span class='ocrx_word' id='word_1_435' title='bbox 3417 2933 3544 3003; x_wconf 88' lang='grc' dir='ltr'>μετ’</span> <span class='ocrx_word' id='word_1_436' title='bbox 3557 2930 3726 3001; x_wconf 78' lang='grc' dir='ltr'>ἐμοῦ.</span> 
     </span>
    </p>
   </div>
   <div class='ocr_carea' id='block_1_62' title="bbox 2143 3026 3731 3103">
    <p class='ocr_par' dir='ltr' id='par_1_62' title="bbox 2143 3026 3731 3103">
     <span class='ocr_line' id='line_1_62' title="bbox 2143 3026 3731 3103; baseline -0.004 -19"><span class='ocrx_word' id='word_1_437' title='bbox 2143 3030 2302 3084; x_wconf 83' lang='grc' dir='ltr'>Κατὰ</span> <span class='ocrx_word' id='word_1_438' title='bbox 2338 3031 2448 3103; x_wconf 79' lang='grc' dir='ltr'>γὰρ</span> <span class='ocrx_word' id='word_1_439' title='bbox 2480 3031 2570 3085; x_wconf 72' lang='grc' dir='ltr'>τὸν</span> <span class='ocrx_word' id='word_1_440' title='bbox 2602 3032 2700 3102; x_wconf 76' lang='grc' dir='ltr'>τῆς</span> <span class='ocrx_word' id='word_1_441' title='bbox 2737 3030 3011 3102; x_wconf 83' lang='grc' dir='ltr'>ἁμαρτίας</span> <span class='ocrx_word' id='word_1_442' title='bbox 3064 3027 3254 3099; x_wconf 73' lang='grc' dir='ltr'>καιρὸν</span> <span class='ocrx_word' id='word_1_443' title='bbox 3291 3029 3352 3080; x_wconf 78' lang='grc' dir='ltr'><strong>οὑ</strong></span> <span class='ocrx_word' id='word_1_444' title='bbox 3383 3026 3586 3097; x_wconf 83' lang='grc' dir='ltr'>μικρὰν</span> <span class='ocrx_word' id='word_1_445' title='bbox 3627 3026 3731 3078; x_wconf 66' lang='grc' dir='ltr'><strong>ὑπο</strong></span> 
     </span>
    </p>
   </div>
   <div class='ocr_carea' id='block_1_63' title="bbox 2144 3117 3733 3192">
    <p class='ocr_par' dir='ltr' id='par_1_63' title="bbox 2144 3117 3733 3192">
     <span class='ocr_line' id='line_1_63' title="bbox 2144 3117 3733 3192; baseline -0.004 -15"><span class='ocrx_word' id='word_1_446' title='bbox 2144 3121 2358 3192; x_wconf 84' lang='grc' dir='ltr'>έμεινεν</span> <span class='ocrx_word' id='word_1_447' title='bbox 2389 3119 2555 3175; x_wconf 81' lang='grc' dir='ltr'>αὑτοῦ</span> <span class='ocrx_word' id='word_1_448' title='bbox 2581 3120 2824 3191; x_wconf 80' lang='grc' dir='ltr'>ταραχὴν</span> <span class='ocrx_word' id='word_1_449' title='bbox 2846 3121 2906 3173; x_wconf 74' lang='grc' dir='ltr'>τὸ</span> <span class='ocrx_word' id='word_1_450' title='bbox 2935 3119 3298 3188; x_wconf 72' lang='grc' dir='ltr'>διανοητικόν,</span> <span class='ocrx_word' id='word_1_451' title='bbox 3335 3117 3603 3187; x_wconf 79' lang='grc' dir='ltr'>συγχυθὲν</span> <span class='ocrx_word' id='word_1_452' title='bbox 3636 3117 3733 3170; x_wconf 70' lang='grc' dir='ltr'>καὶ</span> 
     </span>
    </p>
   </div>
   <div class='ocr_carea' id='block_1_64' title="bbox 453 3180 2044 3288">
    <p class='ocr_par' dir='ltr' id='par_1_64' title="bbox 453 3180 2041 3288">
     <span class='ocr_line' id='line_1_64' title="bbox 453 3180 2041 3288; baseline 0.008 -27"><span class='ocrx_word' id='word_1_453' title='bbox 453 3206 578 3280; x_wconf 89' lang='lat' dir='ltr'><strong>quit</strong></span> <span class='ocrx_word' id='word_1_454' title='bbox 605 3222 732 3263; x_wconf 86' lang='lat' dir='ltr'><strong>eum</strong></span> <span class='ocrx_word' id='word_1_455' title='bbox 761 3208 939 3263; x_wconf 81' lang='lat' dir='ltr'><strong>virtus</strong></span> <span class='ocrx_word' id='word_1_456' title='bbox 978 3209 1103 3277; x_wconf 88' lang='lat' dir='ltr'><strong>ejus</strong></span> <span class='ocrx_word' id='word_1_457' title='bbox 1129 3229 1141 3265; x_wconf 88' lang='lat'><strong>:</strong></span> <span class='ocrx_word' id='word_1_458' title='bbox 1170 3225 1279 3266; x_wconf 80' lang='lat' dir='ltr'><strong>non</strong></span> <span class='ocrx_word' id='word_1_459' title='bbox 1314 3211 1457 3265; x_wconf 88' lang='lat' dir='ltr'><strong>ultra</strong></span> <span class='ocrx_word' id='word_1_460' title='bbox 1484 3214 1630 3268; x_wconf 87' lang='lat' dir='ltr'><strong>enim</strong></span> <span class='ocrx_word' id='word_1_461' title='bbox 1665 3180 1850 3272; x_wconf 66' lang='lat' dir='ltr'><strong>dicere</strong></span> <span class='ocrx_word' id='word_1_462' title='bbox 1885 3226 2041 3288; x_wconf 88' lang='lat' dir='ltr'><strong>pote-</strong></span> 
     </span>
    </p>
   </div>
   <div class='ocr_carea' id='block_1_65' title="bbox 2147 3180 3732 3288">
    <p class='ocr_par' dir='ltr' id='par_1_65' title="bbox 2148 3180 3732 3282">
     <span class='ocr_line' id='line_1_65' title="bbox 2148 3180 3732 3282; baseline -0.006 -14"><span class='ocrx_word' id='word_1_463' title='bbox 2148 3180 2421 3270; x_wconf 71' lang='grc' dir='ltr'>σκοτωθέν</span> <span class='ocrx_word' id='word_1_464' title='bbox 2446 3214 2554 3266; x_wconf 82' lang='grc' dir='ltr'>ὑπὸ</span> <span class='ocrx_word' id='word_1_465' title='bbox 2574 3180 2668 3266; x_wconf 76' lang='grc' dir='ltr'><strong>τοῦ</strong></span> <span class='ocrx_word' id='word_1_466' title='bbox 2828 3180 3501 3281; x_wconf 42' lang='grc' dir='ltr'>ἁμαρτίαν-ἐνεργοῦντος,</span> <span class='ocrx_word' id='word_1_467' title='bbox 3535 3207 3611 3270; x_wconf 87' lang='grc' dir='ltr'>ὼς</span> <span class='ocrx_word' id='word_1_468' title='bbox 3637 3211 3732 3260; x_wconf 71' lang='grc' dir='ltr'>καί.</span> 
     </span>
    </p>
   </div>
   <div class='ocr_carea' id='block_1_66' title="bbox 454 3297 2045 3374">
    <p class='ocr_par' dir='ltr' id='par_1_66' title="bbox 454 3297 2045 3374">
     <span class='ocr_line' id='line_1_66' title="bbox 454 3297 2045 3374; baseline 0.006 -21"><span class='ocrx_word' id='word_1_469' title='bbox 454 3307 562 3361; x_wconf 85' lang='lat' dir='ltr'><strong>rat,</strong></span> <span class='ocrx_word' id='word_1_470' title='bbox 599 3297 793 3354; x_wconf 84' lang='lat' dir='ltr'><strong>Omnia</strong></span> <span class='ocrx_word' id='word_1_471' title='bbox 826 3314 1040 3368; x_wconf 77' lang='lat' dir='ltr'><strong>possum</strong></span> <span class='ocrx_word' id='word_1_472' title='bbox 1074 3300 1129 3354; x_wconf 83' lang='lat' dir='ltr'><strong>in</strong></span> <span class='ocrx_word' id='word_1_473' title='bbox 1167 3318 1227 3357; x_wconf 86' lang='lat' dir='ltr'><strong>eo</strong></span> <span class='ocrx_word' id='word_1_474' title='bbox 1246 3304 1336 3373; x_wconf 84' lang='lat' dir='ltr'><strong>qui</strong></span> <span class='ocrx_word' id='word_1_475' title='bbox 1370 3319 1451 3357; x_wconf 88' lang='lat' dir='ltr'><strong>me</strong></span> <span class='ocrx_word' id='word_1_476' title='bbox 1478 3305 1835 3374; x_wconf 78' lang='lat' dir='ltr'><strong>confortat&quot;,</strong></span> <span class='ocrx_word' id='word_1_477' title='bbox 1864 3308 2045 3364; x_wconf 86' lang='lat' dir='ltr'><strong>victus</strong></span> 
     </span>
    </p>
   </div>
   <div class='ocr_carea' id='block_1_67' title="bbox 455 3391 2046 3459">
    <p class='ocr_par' dir='ltr' id='par_1_67' title="bbox 455 3391 2046 3459">
     <span class='ocr_line' id='line_1_67' title="bbox 455 3391 2046 3459; baseline 0.003 -11"><span class='ocrx_word' id='word_1_478' title='bbox 455 3391 668 3451; x_wconf 77' lang='lat' dir='ltr'><strong>scilicet</strong></span> <span class='ocrx_word' id='word_1_479' title='bbox 716 3405 746 3446; x_wconf 90' lang='lat' dir='ltr'><strong>a</strong></span> <span class='ocrx_word' id='word_1_480' title='bbox 800 3400 953 3448; x_wconf 90' lang='lat' dir='ltr'><strong>motu</strong></span> <span class='ocrx_word' id='word_1_481' title='bbox 996 3394 1187 3459; x_wconf 87' lang='lat' dir='ltr'><strong>animi,</strong></span> <span class='ocrx_word' id='word_1_482' title='bbox 1243 3410 1308 3449; x_wconf 90' lang='lat' dir='ltr'><strong>ac</strong></span> <span class='ocrx_word' id='word_1_483' title='bbox 1352 3395 1564 3452; x_wconf 82' lang='lat' dir='ltr'><strong>viribus</strong></span> <span class='ocrx_word' id='word_1_484' title='bbox 1611 3396 1931 3453; x_wconf 86' lang='lat' dir='ltr'><strong>destitutus.</strong></span> <span class='ocrx_word' id='word_1_485' title='bbox 1978 3397 2046 3454; x_wconf 75' lang='lat' dir='ltr'><strong>Et</strong></span> 
     </span>
    </p>
   </div>
   <div class='ocr_carea' id='block_1_68' title="bbox 454 3481 2041 3555">
    <p class='ocr_par' dir='ltr' id='par_1_68' title="bbox 454 3481 2041 3555">
     <span class='ocr_line' id='line_1_68' title="bbox 454 3481 2041 3555; baseline 0.006 -19"><span class='ocrx_word' id='word_1_486' title='bbox 454 3496 588 3538; x_wconf 83' lang='lat' dir='ltr'><strong>vero</strong></span> <span class='ocrx_word' id='word_1_487' title='bbox 616 3481 763 3537; x_wconf 87' lang='lat' dir='ltr'><strong>aliud</strong></span> <span class='ocrx_word' id='word_1_488' title='bbox 812 3482 1095 3554; x_wconf 86' lang='lat' dir='ltr'><strong>quidpiam</strong></span> <span class='ocrx_word' id='word_1_489' title='bbox 1147 3482 1281 3538; x_wconf 91' lang='lat' dir='ltr'><strong>mihi</strong></span> <span class='ocrx_word' id='word_1_490' title='bbox 1310 3499 1573 3555; x_wconf 76' lang='lat' dir='ltr'><strong>pergrave</strong></span> <span class='ocrx_word' id='word_1_491' title='bbox 1623 3486 1866 3542; x_wconf 86' lang='lat' dir='ltr'><strong>oblatum</strong></span> <span class='ocrx_word' id='word_1_492' title='bbox 1912 3496 2041 3544; x_wconf 81' lang='lat' dir='ltr'><strong>est:</strong></span> 
     </span>
    </p>
   </div>
   <div class='ocr_carea' id='block_1_69' title="bbox 452 3576 2048 3649">
    <p class='ocr_par' dir='ltr' id='par_1_69' title="bbox 452 3576 2048 3649">
     <span class='ocr_line' id='line_1_69' title="bbox 452 3576 2048 3649; baseline 0.003 -17"><span class='ocrx_word' id='word_1_493' title='bbox 452 3591 584 3633; x_wconf 86' lang='lat' dir='ltr'><strong>nam</strong></span> <span class='ocrx_word' id='word_1_494' title='bbox 615 3576 790 3632; x_wconf 71' lang='lat' dir='ltr'><strong>tuineu</strong></span> <span class='ocrx_word' id='word_1_495' title='bbox 831 3577 1107 3631; x_wconf 84' lang='lat' dir='ltr'><strong>oculorum</strong></span> <span class='ocrx_word' id='word_1_496' title='bbox 1148 3593 1402 3641; x_wconf 82' lang='lat' dir='ltr'><strong>meorum,</strong></span> <span class='ocrx_word' id='word_1_497' title='bbox 1431 3576 1506 3649; x_wconf 88' lang='lat' dir='ltr'><strong>(id</strong></span> <span class='ocrx_word' id='word_1_498' title='bbox 1536 3585 1656 3632; x_wconf 87' lang='lat' dir='ltr'><strong>erat</strong></span> <span class='ocrx_word' id='word_1_499' title='bbox 1692 3578 2048 3648; x_wconf 75' lang='lat' dir='ltr'><strong>propheticus</strong></span> 
     </span>
    </p>
   </div>
   <div class='ocr_carea' id='block_1_70' title="bbox 454 3668 2046 3742">
    <p class='ocr_par' dir='ltr' id='par_1_70' title="bbox 454 3668 2046 3742">
     <span class='ocr_line' id='line_1_70' title="bbox 454 3668 2046 3742; baseline 0.001 -19"><span class='ocrx_word' id='word_1_500' title='bbox 454 3669 704 3742; x_wconf 86' lang='lat' dir='ltr'><strong>spiritus,</strong></span> <span class='ocrx_word' id='word_1_501' title='bbox 723 3670 818 3739; x_wconf 89' lang='lat' dir='ltr'><strong>qui</strong></span> <span class='ocrx_word' id='word_1_502' title='bbox 848 3669 1045 3724; x_wconf 71' lang='lat' dir='ltr'><strong>anima:</strong></span> <span class='ocrx_word' id='word_1_503' title='bbox 1062 3668 1183 3739; x_wconf 84' lang='lat' dir='ltr'><strong>ejus</strong></span> <span class='ocrx_word' id='word_1_504' title='bbox 1211 3669 1386 3724; x_wconf 89' lang='lat' dir='ltr'><strong>visum</strong></span> <span class='ocrx_word' id='word_1_505' title='bbox 1420 3669 1774 3735; x_wconf 88' lang='lat' dir='ltr'><strong>illustrabat),</strong></span> <span class='ocrx_word' id='word_1_506' title='bbox 1798 3682 1847 3725; x_wconf 87' lang='lat' dir='ltr'><strong>et</strong></span> <span class='ocrx_word' id='word_1_507' title='bbox 1874 3672 2046 3739; x_wconf 87' lang='lat' dir='ltr'><strong>ipsum</strong></span> 
     </span>
    </p>
   </div>
   <div class='ocr_carea' id='block_1_71' title="bbox 455 3760 2047 3831">
    <p class='ocr_par' dir='ltr' id='par_1_71' title="bbox 455 3760 2047 3831">
     <span class='ocr_line' id='line_1_71' title="bbox 455 3760 2047 3831; baseline 0.003 -16"><span class='ocrx_word' id='word_1_508' title='bbox 455 3774 564 3815; x_wconf 68' lang='lat' dir='ltr'><strong>non</strong></span> <span class='ocrx_word' id='word_1_509' title='bbox 610 3768 725 3813; x_wconf 82' lang='lat' dir='ltr'><strong>erat</strong></span> <span class='ocrx_word' id='word_1_510' title='bbox 770 3775 974 3815; x_wconf 85' lang='lat' dir='ltr'><strong>mecum</strong></span> <span class='ocrx_word' id='word_1_511' title='bbox 996 3776 1015 3814; x_wconf 89' lang='lat'><em>:</em></span> <span class='ocrx_word' id='word_1_512' title='bbox 1048 3775 1136 3814; x_wconf 89' lang='lat' dir='ltr'><strong>me</strong></span> <span class='ocrx_word' id='word_1_513' title='bbox 1161 3760 1363 3831; x_wconf 88' lang='lat' dir='ltr'><strong>quippe</strong></span> <span class='ocrx_word' id='word_1_514' title='bbox 1404 3761 1724 3831; x_wconf 88' lang='lat' dir='ltr'><strong>reliquerat,</strong></span> <span class='ocrx_word' id='word_1_515' title='bbox 1771 3777 1834 3817; x_wconf 88' lang='lat' dir='ltr'><strong>ac</strong></span> <span class='ocrx_word' id='word_1_516' title='bbox 1863 3777 2047 3819; x_wconf 81' lang='lat' dir='ltr'><strong>rcces-</strong></span> 
     </span>
    </p>
   </div>
   <div class='ocr_carea' id='block_1_72' title="bbox 457 3853 2047 3924">
    <p class='ocr_par' dir='ltr' id='par_1_72' title="bbox 457 3853 2047 3924">
     <span class='ocr_line' id='line_1_72' title="bbox 457 3853 2047 3924; baseline 0.002 -15"><span class='ocrx_word' id='word_1_517' title='bbox 457 3860 637 3919; x_wconf 82' lang='lat' dir='ltr'><strong>serat;</strong></span> <span class='ocrx_word' id='word_1_518' title='bbox 668 3853 796 3924; x_wconf 88' lang='lat' dir='ltr'><strong>quia</strong></span> <span class='ocrx_word' id='word_1_519' title='bbox 838 3854 894 3907; x_wconf 80' lang='lat' dir='ltr'><strong>in</strong></span> <span class='ocrx_word' id='word_1_520' title='bbox 927 3853 1242 3909; x_wconf 80' lang='lat' dir='ltr'><strong>malevolam</strong></span> <span class='ocrx_word' id='word_1_521' title='bbox 1276 3854 1511 3910; x_wconf 85' lang='lat' dir='ltr'><strong>animam</strong></span> <span class='ocrx_word' id='word_1_522' title='bbox 1545 3871 1648 3909; x_wconf 85' lang='lat' dir='ltr'><strong>non</strong></span> <span class='ocrx_word' id='word_1_523' title='bbox 1679 3856 1921 3910; x_wconf 80' lang='lat' dir='ltr'><strong>introibit</strong></span> <span class='ocrx_word' id='word_1_524' title='bbox 1955 3874 2047 3912; x_wconf 83' lang='lat' dir='ltr'><strong>sa-</strong></span> 
     </span>
    </p>
   </div>
   <div class='ocr_carea' id='block_1_73' title="bbox 454 3945 2042 4017">
    <p class='ocr_par' dir='ltr' id='par_1_73' title="bbox 454 3945 2042 4017">
     <span class='ocr_line' id='line_1_73' title="bbox 454 3945 2042 4017; baseline 0.006 -18"><span class='ocrx_word' id='word_1_525' title='bbox 454 3946 675 4015; x_wconf 79' lang='lat' dir='ltr'><strong>pientia,</strong></span> <span class='ocrx_word' id='word_1_526' title='bbox 735 3962 829 4003; x_wconf 79' lang='lat' dir='ltr'><strong>nec</strong></span> <span class='ocrx_word' id='word_1_527' title='bbox 862 3945 1123 4002; x_wconf 78' lang='lat' dir='ltr'><strong>habitabit</strong></span> <span class='ocrx_word' id='word_1_528' title='bbox 1166 3947 1216 4000; x_wconf 84' lang='lat' dir='ltr'><strong>in</strong></span> <span class='ocrx_word' id='word_1_529' title='bbox 1271 3962 1488 4016; x_wconf 82' lang='lat' dir='ltr'><strong>corpore</strong></span> <span class='ocrx_word' id='word_1_530' title='bbox 1543 3946 1753 4002; x_wconf 80' lang='lat' dir='ltr'><strong>subdito</strong></span> <span class='ocrx_word' id='word_1_531' title='bbox 1791 3951 2042 4017; x_wconf 81' lang='lat' dir='ltr'><strong>peccatis.</strong></span> 
     </span>
    </p>
   </div>
   <div class='ocr_carea' id='block_1_74' title="bbox 455 4037 2046 4110">
    <p class='ocr_par' dir='ltr' id='par_1_74' title="bbox 455 4037 2046 4110">
     <span class='ocr_line' id='line_1_74' title="bbox 455 4037 2046 4110; baseline 0 -15"><span class='ocrx_word' id='word_1_532' title='bbox 455 4040 691 4109; x_wconf 78' lang='lat' dir='ltr'><strong>Spiritus</strong></span> <span class='ocrx_word' id='word_1_533' title='bbox 735 4040 874 4095; x_wconf 81' lang='lat' dir='ltr'><strong>enim</strong></span> <span class='ocrx_word' id='word_1_534' title='bbox 917 4049 1136 4097; x_wconf 84' lang='lat' dir='ltr'><strong>sanctus</strong></span> <span class='ocrx_word' id='word_1_535' title='bbox 1174 4037 1470 4108; x_wconf 67' lang='lat' dir='ltr'><strong>disciplina:</strong></span> <span class='ocrx_word' id='word_1_536' title='bbox 1514 4039 1728 4110; x_wconf 72' lang='lat' dir='ltr'><strong>effugiet</strong></span> <span class='ocrx_word' id='word_1_537' title='bbox 1758 4039 1962 4105; x_wconf 80' lang='lat' dir='ltr'><strong>datum,</strong></span> <span class='ocrx_word' id='word_1_538' title='bbox 1996 4051 2046 4098; x_wconf 83' lang='lat' dir='ltr'><strong>et</strong></span> 
     </span>
    </p>
   </div>
   <div class='ocr_carea' id='block_1_75' title="bbox 455 4120 2045 4205">
    <p class='ocr_par' dir='ltr' id='par_1_75' title="bbox 455 4120 2045 4205">
     <span class='ocr_line' id='line_1_75' title="bbox 455 4120 2045 4205; baseline -0.001 -14"><span class='ocrx_word' id='word_1_539' title='bbox 455 4134 662 4205; x_wconf 72' lang='lat' dir='ltr'><strong>auferet</strong></span> <span class='ocrx_word' id='word_1_540' title='bbox 687 4150 742 4189; x_wconf 84' lang='lat' dir='ltr'><strong>se</strong></span> <span class='ocrx_word' id='word_1_541' title='bbox 770 4151 803 4188; x_wconf 90' lang='lat' dir='ltr'><strong>a</strong></span> <span class='ocrx_word' id='word_1_542' title='bbox 828 4120 1238 4205; x_wconf 80' lang='lat' dir='ltr'><strong>cogitationibus</strong></span> <span class='ocrx_word' id='word_1_543' title='bbox 1264 4150 1382 4205; x_wconf 76' lang='lat' dir='ltr'><strong>qua’</strong></span> <span class='ocrx_word' id='word_1_544' title='bbox 1403 4143 1527 4189; x_wconf 82' lang='lat' dir='ltr'><strong>sunt</strong></span> <span class='ocrx_word' id='word_1_545' title='bbox 1553 4135 1667 4188; x_wconf 83' lang='lat' dir='ltr'><strong>sine</strong></span> <span class='ocrx_word' id='word_1_546' title='bbox 1689 4135 1960 4191; x_wconf 82' lang='lat' dir='ltr'><strong>intellectu</strong></span> <span class='ocrx_word' id='word_1_547' title='bbox 1976 4137 2045 4190; x_wconf 66' lang='lat'><strong>9&quot;.</strong></span> 
     </span>
    </p>
   </div>
   <div class='ocr_carea' id='block_1_76' title="bbox 454 4227 2042 4298">
    <p class='ocr_par' dir='ltr' id='par_1_76' title="bbox 454 4227 2042 4298">
     <span class='ocr_line' id='line_1_76' title="bbox 454 4227 2042 4298; baseline 0 -14"><span class='ocrx_word' id='word_1_548' title='bbox 454 4230 573 4285; x_wconf 88' lang='lat' dir='ltr'><strong>Imo</strong></span> <span class='ocrx_word' id='word_1_549' title='bbox 599 4229 767 4285; x_wconf 90' lang='lat' dir='ltr'><strong>etiam</strong></span> <span class='ocrx_word' id='word_1_550' title='bbox 805 4229 899 4297; x_wconf 89' lang='lat' dir='ltr'><strong>qui</strong></span> <span class='ocrx_word' id='word_1_551' title='bbox 932 4236 1095 4285; x_wconf 86' lang='lat' dir='ltr'><strong>antea</strong></span> <span class='ocrx_word' id='word_1_552' title='bbox 1133 4227 1299 4282; x_wconf 89' lang='lat' dir='ltr'><strong>amici</strong></span> <span class='ocrx_word' id='word_1_553' title='bbox 1326 4234 1383 4282; x_wconf 88' lang='lat' dir='ltr'><strong>et</strong></span> <span class='ocrx_word' id='word_1_554' title='bbox 1425 4229 1661 4298; x_wconf 74' lang='lat' dir='ltr'><strong>proximi</strong></span> <span class='ocrx_word' id='word_1_555' title='bbox 1708 4229 1830 4297; x_wconf 85' lang='lat' dir='ltr'><strong>ejus</strong></span> <span class='ocrx_word' id='word_1_556' title='bbox 1861 4238 2042 4292; x_wconf 86' lang='lat' dir='ltr'><strong>erant.</strong></span> 
     </span>
    </p>
   </div>
   <div class='ocr_carea' id='block_1_77' title="bbox 455 4318 2047 4394">
    <p class='ocr_par' dir='ltr' id='par_1_77' title="bbox 455 4318 2047 4394">
     <span class='ocr_line' id='line_1_77' title="bbox 455 4318 2047 4394; baseline -0.001 -17"><span class='ocrx_word' id='word_1_557' title='bbox 455 4321 554 4394; x_wconf 88' lang='lat' dir='ltr'><strong>qui</strong></span> <span class='ocrx_word' id='word_1_558' title='bbox 582 4334 708 4375; x_wconf 90' lang='lat' dir='ltr'><strong>cum</strong></span> <span class='ocrx_word' id='word_1_559' title='bbox 735 4320 857 4389; x_wconf 85' lang='lat' dir='ltr'><strong>ipso</strong></span> <span class='ocrx_word' id='word_1_560' title='bbox 878 4319 1030 4373; x_wconf 89' lang='lat' dir='ltr'><strong>omni</strong></span> <span class='ocrx_word' id='word_1_561' title='bbox 1057 4328 1309 4388; x_wconf 89' lang='lat' dir='ltr'><strong>tempore</strong></span> <span class='ocrx_word' id='word_1_562' title='bbox 1338 4318 1632 4388; x_wconf 73' lang='lat' dir='ltr'><strong>degebant,</strong></span> <span class='ocrx_word' id='word_1_563' title='bbox 1666 4336 1732 4374; x_wconf 89' lang='lat' dir='ltr'><strong>eo</strong></span> <span class='ocrx_word' id='word_1_564' title='bbox 1760 4320 1954 4376; x_wconf 88' lang='lat' dir='ltr'><strong>relicto</strong></span> <span class='ocrx_word' id='word_1_565' title='bbox 1981 4323 2047 4376; x_wconf 76' lang='lat' dir='ltr'><strong>de</strong></span> 
     </span>
    </p>
   </div>
   <div class='ocr_carea' id='block_1_78' title="bbox 454 4410 2041 4483">
    <p class='ocr_par' dir='ltr' id='par_1_78' title="bbox 454 4410 2041 4483">
     <span class='ocr_line' id='line_1_78' title="bbox 454 4410 2041 4483; baseline -0.001 -14"><span class='ocrx_word' id='word_1_566' title='bbox 454 4412 612 4483; x_wconf 72' lang='lat' dir='ltr'><strong>longe</strong></span> <span class='ocrx_word' id='word_1_567' title='bbox 653 4418 936 4476; x_wconf 82' lang='lat' dir='ltr'><strong>steterunt,</strong></span> <span class='ocrx_word' id='word_1_568' title='bbox 988 4426 1109 4465; x_wconf 88' lang='lat' dir='ltr'><strong>cum</strong></span> <span class='ocrx_word' id='word_1_569' title='bbox 1144 4411 1437 4480; x_wconf 84' lang='lat' dir='ltr'><strong>nequirent</strong></span> <span class='ocrx_word' id='word_1_570' title='bbox 1482 4412 1627 4465; x_wconf 86' lang='lat' dir='ltr'><strong>ultra</strong></span> <span class='ocrx_word' id='word_1_571' title='bbox 1678 4411 1780 4482; x_wconf 88' lang='lat' dir='ltr'><strong>ipsi</strong></span> <span class='ocrx_word' id='word_1_572' title='bbox 1814 4410 2041 4478; x_wconf 87' lang='lat' dir='ltr'><strong>adesse;</strong></span> 
     </span>
    </p>
   </div>
   <div class='ocr_carea' id='block_1_79' title="bbox 2146 3298 3726 3380">
    <p class='ocr_par' dir='ltr' id='par_1_79' title="bbox 2146 3298 3726 3380">
     <span class='ocr_line' id='line_1_79' title="bbox 2146 3298 3726 3380; baseline -0.006 -20"><span class='ocrx_word' id='word_1_573' title='bbox 2146 3308 2226 3370; x_wconf 87' lang='grc' dir='ltr'>εἰς</span> <span class='ocrx_word' id='word_1_574' title='bbox 2248 3304 2560 3380; x_wconf 76' lang='grc' dir='ltr'>ἀερροσύνην</span> <span class='ocrx_word' id='word_1_575' title='bbox 2599 3305 2785 3357; x_wconf 83' lang='grc' dir='ltr'>πεσεῖν</span> <span class='ocrx_word' id='word_1_576' title='bbox 2819 3304 2913 3355; x_wconf 69' lang='grc' dir='ltr'><strong>καὶ</strong></span> <span class='ocrx_word' id='word_1_577' title='bbox 2951 3302 3211 3372; x_wconf 84' lang='grc' dir='ltr'>πράττειν</span> <span class='ocrx_word' id='word_1_578' title='bbox 3227 3298 3539 3371; x_wconf 77' lang='grc' dir='ltr'>ἀφροσύνης</span> <span class='ocrx_word' id='word_1_579' title='bbox 3572 3299 3726 3369; x_wconf 73' lang='grc' dir='ltr'>ἔργα.</span> 
     </span>
    </p>
   </div>
   <div class='ocr_carea' id='block_1_80' title="bbox 2148 3390 3733 3465">
    <p class='ocr_par' dir='ltr' id='par_1_80' title="bbox 2148 3390 3733 3465">
     <span class='ocr_line' id='line_1_80' title="bbox 2148 3390 3733 3465; baseline -0.006 -14"><span class='ocrx_word' id='word_1_580' title='bbox 2148 3398 2282 3454; x_wconf 87' lang='grc' dir='ltr'>Τότε</span> <span class='ocrx_word' id='word_1_581' title='bbox 2310 3396 2367 3452; x_wconf 82' lang='grc' dir='ltr'>δὲ</span> <span class='ocrx_word' id='word_1_582' title='bbox 2393 3397 2487 3450; x_wconf 75' lang='grc' dir='ltr'><strong>καὶ</strong></span> <span class='ocrx_word' id='word_1_583' title='bbox 2513 3394 2901 3465; x_wconf 75' lang='grc' dir='ltr'>ἐγκατέλειπεν</span> <span class='ocrx_word' id='word_1_584' title='bbox 2933 3393 3095 3446; x_wconf 75' lang='grc' dir='ltr'>αὐτὸν</span> <span class='ocrx_word' id='word_1_585' title='bbox 3120 3394 3153 3463; x_wconf 80' lang='grc' dir='ltr'>ἡ</span> <span class='ocrx_word' id='word_1_586' title='bbox 3188 3391 3341 3463; x_wconf 82' lang='grc' dir='ltr'>ἰσχὺς</span> <span class='ocrx_word' id='word_1_587' title='bbox 3375 3390 3573 3443; x_wconf 71' lang='grc' dir='ltr'>αὐτοῦ’</span> <span class='ocrx_word' id='word_1_588' title='bbox 3604 3391 3733 3442; x_wconf 82' lang='grc' dir='ltr'>οὐκ·</span> 
     </span>
    </p>
   </div>
   <div class='ocr_carea' id='block_1_81' title="bbox 2146 3479 3734 3559">
    <p class='ocr_par' dir='ltr' id='par_1_81' title="bbox 2146 3479 3734 3559">
     <span class='ocr_line' id='line_1_81' title="bbox 2146 3479 3734 3559; baseline -0.004 -18"><span class='ocrx_word' id='word_1_589' title='bbox 2146 3488 2227 3541; x_wconf 82' lang='grc' dir='ltr'>ἑτι</span> <span class='ocrx_word' id='word_1_590' title='bbox 2249 3486 2358 3559; x_wconf 83' lang='grc' dir='ltr'>γὰρ</span> <span class='ocrx_word' id='word_1_591' title='bbox 2393 3481 2505 3551; x_wconf 77' lang='grc' dir='ltr'>οἷός</span> <span class='ocrx_word' id='word_1_592' title='bbox 2528 3504 2588 3540; x_wconf 90' lang='grc' dir='ltr'><strong>τε</strong></span> <span class='ocrx_word' id='word_1_593' title='bbox 2604 3482 2671 3558; x_wconf 78' lang='grc' dir='ltr'>ἦν</span> <span class='ocrx_word' id='word_1_594' title='bbox 2702 3485 2880 3554; x_wconf 77' lang='grc' dir='ltr'>λέγειν</span> <span class='ocrx_word' id='word_1_595' title='bbox 2898 3501 2911 3515; x_wconf 90' lang='grc'><strong>·</strong></span> <span class='ocrx_word' id='word_1_596' title='bbox 2939 3484 3141 3539; x_wconf 84' lang='grc' dir='ltr'>Πάντα</span> <span class='ocrx_word' id='word_1_597' title='bbox 3162 3483 3350 3553; x_wconf 78' lang='grc' dir='ltr'>ἰσχύω</span> <span class='ocrx_word' id='word_1_598' title='bbox 3370 3480 3533 3547; x_wconf 87' lang='grc' dir='ltr'>ἐντῷ</span> <span class='ocrx_word' id='word_1_599' title='bbox 3560 3479 3734 3535; x_wconf 81' lang='grc' dir='ltr'>ἐνδυ-</span> 
     </span>
    </p>
   </div>
   <div class='ocr_carea' id='block_1_82' title="bbox 2145 3573 3734 3651">
    <p class='ocr_par' dir='ltr' id='par_1_82' title="bbox 2145 3573 3734 3651">
     <span class='ocr_line' id='line_1_82' title="bbox 2145 3573 3734 3651; baseline -0.006 -19"><span class='ocrx_word' id='word_1_600' title='bbox 2145 3579 2435 3650; x_wconf 73' lang='grc' dir='ltr'>ναμοῦντί</span> <span class='ocrx_word' id='word_1_601' title='bbox 2454 3596 2553 3649; x_wconf 86' lang='grc' dir='ltr'><strong>με,</strong></span> <span class='ocrx_word' id='word_1_602' title='bbox 2585 3577 2829 3651; x_wconf 72' lang='grc' dir='ltr'>νικηθεὶς</span> <span class='ocrx_word' id='word_1_603' title='bbox 2859 3577 2964 3632; x_wconf 81' lang='grc' dir='ltr'><strong>ὑπὸ</strong></span> <span class='ocrx_word' id='word_1_604' title='bbox 2991 3575 3084 3630; x_wconf 87' lang='grc' dir='ltr'><strong>τοῦ</strong></span> <span class='ocrx_word' id='word_1_605' title='bbox 3113 3574 3317 3638; x_wconf 70' lang='grc' dir='ltr'>πάθους</span> <span class='ocrx_word' id='word_1_606' title='bbox 3356 3574 3449 3628; x_wconf 73' lang='grc' dir='ltr'><strong>καὶ</strong></span> <span class='ocrx_word' id='word_1_607' title='bbox 3477 3573 3734 3643; x_wconf 79' lang='grc' dir='ltr'>ὲξατονή-</span> 
     </span>
    </p>
   </div>
   <div class='ocr_carea' id='block_1_83' title="bbox 2148 3662 3730 3737">
    <p class='ocr_par' dir='ltr' id='par_1_83' title="bbox 2148 3662 3730 3737">
     <span class='ocr_line' id='line_1_83' title="bbox 2148 3662 3730 3737; baseline -0.006 -14"><span class='ocrx_word' id='word_1_608' title='bbox 2148 3685 2266 3734; x_wconf 91' lang='grc' dir='ltr'>σας.</span> <span class='ocrx_word' id='word_1_609' title='bbox 2288 3670 2399 3727; x_wconf 78' lang='grc' dir='ltr'>Καὶ</span> <span class='ocrx_word' id='word_1_610' title='bbox 2430 3669 2557 3725; x_wconf 76' lang='grc' dir='ltr'>ἄλλο</span> <span class='ocrx_word' id='word_1_611' title='bbox 2583 3668 2639 3723; x_wconf 78' lang='grc' dir='ltr'>δέ</span> <span class='ocrx_word' id='word_1_612' title='bbox 2673 3685 2749 3730; x_wconf 90' lang='grc' dir='ltr'><strong>τι,</strong></span> <span class='ocrx_word' id='word_1_613' title='bbox 2774 3668 2926 3737; x_wconf 76' lang='grc' dir='ltr'>φησὶ,</span> <span class='ocrx_word' id='word_1_614' title='bbox 2954 3665 3189 3737; x_wconf 80' lang='grc' dir='ltr'>χαλεπὸν</span> <span class='ocrx_word' id='word_1_615' title='bbox 3218 3664 3343 3737; x_wconf 66' lang='grc' dir='ltr'>περὶ</span> <span class='ocrx_word' id='word_1_616' title='bbox 3374 3664 3472 3734; x_wconf 70' lang='grc' dir='ltr'>ἐμὲ</span> <span class='ocrx_word' id='word_1_617' title='bbox 3504 3662 3695 3732; x_wconf 84' lang='grc' dir='ltr'>γέγονε</span> <span class='ocrx_word' id='word_1_618' title='bbox 3716 3678 3730 3692; x_wconf 71' lang='grc'><strong><em>⁸</em></strong></span> 
     </span>
    </p>
   </div>
   <div class='ocr_carea' id='block_1_84' title="bbox 2152 3750 3736 3834">
    <p class='ocr_par' dir='ltr' id='par_1_84' title="bbox 2152 3750 3736 3834">
     <span class='ocr_line' id='line_1_84' title="bbox 2152 3750 3736 3834; baseline -0.007 -17"><span class='ocrx_word' id='word_1_619' title='bbox 2152 3762 2224 3817; x_wconf 80' lang='grc' dir='ltr'><strong>Τὸ</strong></span> <span class='ocrx_word' id='word_1_620' title='bbox 2277 3761 2385 3834; x_wconf 77' lang='grc' dir='ltr'><strong>γὰρ</strong></span> <span class='ocrx_word' id='word_1_621' title='bbox 2443 3760 2568 3832; x_wconf 71' lang='grc' dir='ltr'><strong>φῶς</strong></span> <span class='ocrx_word' id='word_1_622' title='bbox 2596 3760 2714 3815; x_wconf 84' lang='grc' dir='ltr'>τῶν</span> <span class='ocrx_word' id='word_1_623' title='bbox 2747 3758 3072 3829; x_wconf 70' lang='grc' dir='ltr'>ὀφθαλμῶν</span> <span class='ocrx_word' id='word_1_624' title='bbox 3095 3775 3216 3827; x_wconf 84' lang='grc' dir='ltr'>μου</span> <span class='ocrx_word' id='word_1_625' title='bbox 3266 3754 3444 3825; x_wconf 83' lang='grc' dir='ltr'>(τοῦτο</span> <span class='ocrx_word' id='word_1_626' title='bbox 3477 3754 3536 3808; x_wconf 83' lang='grc' dir='ltr'>δὲ</span> <span class='ocrx_word' id='word_1_627' title='bbox 3571 3750 3640 3825; x_wconf 80' lang='grc' dir='ltr'>ἦν</span> <span class='ocrx_word' id='word_1_628' title='bbox 3674 3752 3736 3807; x_wconf 78' lang='grc' dir='ltr'>τὸ</span> 
     </span>
    </p>
   </div>
   <div class='ocr_carea' id='block_1_85' title="bbox 2147 3847 3735 3931">
    <p class='ocr_par' dir='ltr' id='par_1_85' title="bbox 2147 3847 3735 3931">
     <span class='ocr_line' id='line_1_85' title="bbox 2147 3847 3735 3931; baseline -0.006 -22"><span class='ocrx_word' id='word_1_629' title='bbox 2147 3855 2484 3931; x_wconf 72' lang='grc' dir='ltr'>προφητικὸν</span> <span class='ocrx_word' id='word_1_630' title='bbox 2508 3854 2745 3926; x_wconf 79' lang='grc' dir='ltr'>πνεῦμα,</span> <span class='ocrx_word' id='word_1_631' title='bbox 2772 3853 2835 3909; x_wconf 85' lang='grc' dir='ltr'><strong>τὸ</strong></span> <span class='ocrx_word' id='word_1_632' title='bbox 2857 3850 3088 3922; x_wconf 77' lang='grc' dir='ltr'>φωτίζον</span> <span class='ocrx_word' id='word_1_633' title='bbox 3110 3850 3272 3905; x_wconf 78' lang='grc' dir='ltr'>αὑτοῦ</span> <span class='ocrx_word' id='word_1_634' title='bbox 3296 3849 3399 3920; x_wconf 82' lang='grc' dir='ltr'>τῆς</span> <span class='ocrx_word' id='word_1_635' title='bbox 3427 3848 3605 3920; x_wconf 77' lang='grc' dir='ltr'>ψυχῆς</span> <span class='ocrx_word' id='word_1_636' title='bbox 3636 3847 3735 3919; x_wconf 80' lang='grc' dir='ltr'>τὴν</span> 
     </span>
    </p>
   </div>
   <div class='ocr_carea' id='block_1_86' title="bbox 2143 3940 3733 4023">
    <p class='ocr_par' dir='ltr' id='par_1_86' title="bbox 2143 3940 3733 4023">
     <span class='ocr_line' id='line_1_86' title="bbox 2143 3940 3733 4023; baseline -0.008 -18"><span class='ocrx_word' id='word_1_637' title='bbox 2143 3952 2352 4023; x_wconf 82' lang='grc' dir='ltr'>ὅρασιν)</span> <span class='ocrx_word' id='word_1_638' title='bbox 2387 3949 2485 4005; x_wconf 71' lang='grc' dir='ltr'><strong>καί</strong></span> <span class='ocrx_word' id='word_1_639' title='bbox 2527 3948 2672 4003; x_wconf 85' lang='grc' dir='ltr'>αὐτὸ</span> <span class='ocrx_word' id='word_1_640' title='bbox 2722 3949 2834 4001; x_wconf 77' lang='grc' dir='ltr'>οὐκ</span> <span class='ocrx_word' id='word_1_641' title='bbox 2872 3943 2951 4017; x_wconf 81' lang='grc' dir='ltr'>ἦν</span> <span class='ocrx_word' id='word_1_642' title='bbox 2968 3947 3094 4016; x_wconf 82' lang='grc' dir='ltr'>μετ’</span> <span class='ocrx_word' id='word_1_643' title='bbox 3120 3943 3287 4013; x_wconf 83' lang='grc' dir='ltr'>ἐμοῦ,</span> <span class='ocrx_word' id='word_1_644' title='bbox 3314 3940 3643 4010; x_wconf 72' lang='grc' dir='ltr'>καταλεῖψάν</span> <span class='ocrx_word' id='word_1_645' title='bbox 3666 3957 3733 4010; x_wconf 80' lang='grc' dir='ltr'><strong>με</strong></span> 
     </span>
    </p>
   </div>
   <div class='ocr_carea' id='block_1_87' title="bbox 2146 4032 3733 4114">
    <p class='ocr_par' dir='ltr' id='par_1_87' title="bbox 2146 4032 3733 4114">
     <span class='ocr_line' id='line_1_87' title="bbox 2146 4032 3733 4114; baseline -0.007 -17"><span class='ocrx_word' id='word_1_646' title='bbox 2146 4045 2240 4099; x_wconf 71' lang='grc' dir='ltr'><strong>καὶ</strong></span> <span class='ocrx_word' id='word_1_647' title='bbox 2265 4042 2657 4114; x_wconf 64' lang='grc' dir='ltr'>ἀναχωρῆσαΨ</span> <span class='ocrx_word' id='word_1_648' title='bbox 2687 4038 2808 4095; x_wconf 70' lang='grc' dir='ltr'>ἐπεὶ</span> <span class='ocrx_word' id='word_1_649' title='bbox 2833 4041 2923 4105; x_wconf 81' lang='grc' dir='ltr'><strong>εις</strong></span> <span class='ocrx_word' id='word_1_650' title='bbox 2951 4040 3326 4106; x_wconf 79' lang='grc' dir='ltr'>κακότεχνον</span> <span class='ocrx_word' id='word_1_651' title='bbox 3363 4032 3578 4104; x_wconf 67' lang='grc' dir='ltr'>ψυχὴν</span> <span class='ocrx_word' id='word_1_652' title='bbox 3623 4035 3733 4087; x_wconf 81' lang='grc' dir='ltr'>οὐκ</span> 
     </span>
    </p>
   </div>
   <div class='ocr_carea' id='block_1_88' title="bbox 2144 4126 3736 4205">
    <p class='ocr_par' dir='ltr' id='par_1_88' title="bbox 2144 4126 3736 4205">
     <span class='ocr_line' id='line_1_88' title="bbox 2144 4126 3736 4205; baseline -0.009 -12"><span class='ocrx_word' id='word_1_653' title='bbox 2144 4138 2556 4193; x_wconf 74' lang='grc' dir='ltr'>εἰσελεύσεται</span> <span class='ocrx_word' id='word_1_654' title='bbox 2591 4135 2779 4205; x_wconf 71' lang='grc' dir='ltr'>σοφία</span> <span class='ocrx_word' id='word_1_655' title='bbox 2797 4149 2812 4164; x_wconf 74' lang='grc' dir='ltr'><strong><em>ο</em></strong></span> <span class='ocrx_word' id='word_1_656' title='bbox 2842 4130 2988 4187; x_wconf 77' lang='grc' dir='ltr'>οὐδὲ</span> <span class='ocrx_word' id='word_1_657' title='bbox 3023 4127 3370 4195; x_wconf 75' lang='grc' dir='ltr'>κατοικήσει</span> <span class='ocrx_word' id='word_1_658' title='bbox 3414 4129 3485 4182; x_wconf 84' lang='grc' dir='ltr'>ἐν</span> <span class='ocrx_word' id='word_1_659' title='bbox 3507 4126 3736 4196; x_wconf 84' lang='grc' dir='ltr'>σώματι</span> 
     </span>
    </p>
   </div>
   <div class='ocr_carea' id='block_1_89' title="bbox 2145 4218 3734 4298">
    <p class='ocr_par' dir='ltr' id='par_1_89' title="bbox 2145 4218 3734 4298">
     <span class='ocr_line' id='line_1_89' title="bbox 2145 4218 3734 4298; baseline -0.008 -13"><span class='ocrx_word' id='word_1_660' title='bbox 2145 4228 2449 4298; x_wconf 77' lang='grc' dir='ltr'>κατάχρεῳ</span> <span class='ocrx_word' id='word_1_661' title='bbox 2483 4227 2795 4297; x_wconf 82' lang='grc' dir='ltr'>ἁμαρτίαις</span> <span class='ocrx_word' id='word_1_662' title='bbox 2812 4238 2825 4251; x_wconf 68' lang='grc'>⁸</span> <span class='ocrx_word' id='word_1_663' title='bbox 2861 4223 3031 4292; x_wconf 78' lang='grc' dir='ltr'>ἅγιον</span> <span class='ocrx_word' id='word_1_664' title='bbox 3058 4224 3167 4292; x_wconf 78' lang='grc' dir='ltr'><strong>τὰρ</strong></span> <span class='ocrx_word' id='word_1_665' title='bbox 3191 4219 3435 4289; x_wconf 83' lang='grc' dir='ltr'>Πνεῦμα</span> <span class='ocrx_word' id='word_1_666' title='bbox 3464 4218 3734 4285; x_wconf 79' lang='grc' dir='ltr'>παιδείας</span> 
     </span>
    </p>
   </div>
   <div class='ocr_carea' id='block_1_90' title="bbox 2145 4313 3733 4394">
    <p class='ocr_par' dir='ltr' id='par_1_90' title="bbox 2145 4313 3733 4394">
     <span class='ocr_line' id='line_1_90' title="bbox 2145 4313 3733 4394; baseline -0.008 -16"><span class='ocrx_word' id='word_1_667' title='bbox 2145 4323 2427 4394; x_wconf 62' lang='grc' dir='ltr'>φεύξεται</span> <span class='ocrx_word' id='word_1_668' title='bbox 2458 4321 2666 4385; x_wconf 67' lang='grc' dir='ltr'>δόλον,</span> <span class='ocrx_word' id='word_1_669' title='bbox 2709 4318 2809 4373; x_wconf 80' lang='grc' dir='ltr'>καὶ</span> <span class='ocrx_word' id='word_1_670' title='bbox 2851 4313 3350 4382; x_wconf 73' lang='grc' dir='ltr'>ἀπαναστήσεται</span> <span class='ocrx_word' id='word_1_671' title='bbox 3395 4314 3513 4370; x_wconf 77' lang='grc' dir='ltr'><strong>ἀπὸ</strong></span> <span class='ocrx_word' id='word_1_672' title='bbox 3571 4316 3733 4382; x_wconf 66' lang='lat' dir='ltr'><strong>Jort-</strong></span> 
     </span>
    </p>
   </div>
   <div class='ocr_carea' id='block_1_91' title="bbox 2145 4402 3734 4483">
    <p class='ocr_par' dir='ltr' id='par_1_91' title="bbox 2145 4402 3734 4483">
     <span class='ocr_line' id='line_1_91' title="bbox 2145 4402 3734 4483; baseline -0.008 -15"><span class='ocrx_word' id='word_1_673' title='bbox 2145 4412 2318 4483; x_wconf 85' lang='grc' dir='ltr'>σμῶν</span> <span class='ocrx_word' id='word_1_674' title='bbox 2349 4410 2684 4466; x_wconf 83' lang='grc' dir='ltr'>ἀσυνέτων.</span> <span class='ocrx_word' id='word_1_675' title='bbox 2726 4406 2889 4463; x_wconf 79' lang='grc' dir='ltr'>Ἀλλὰ</span> <span class='ocrx_word' id='word_1_676' title='bbox 2917 4405 3011 4459; x_wconf 87' lang='grc' dir='ltr'><strong>καί</strong></span> <span class='ocrx_word' id='word_1_677' title='bbox 3037 4405 3086 4458; x_wconf 79' lang='grc' dir='ltr'>οἱ</span> <span class='ocrx_word' id='word_1_678' title='bbox 3109 4404 3374 4477; x_wconf 88' lang='grc' dir='ltr'>πρότερον</span> <span class='ocrx_word' id='word_1_679' title='bbox 3396 4402 3561 4459; x_wconf 83' lang='grc' dir='ltr'>αὑτοῦ</span> <span class='ocrx_word' id='word_1_680' title='bbox 3591 4402 3734 4471; x_wconf 83' lang='grc' dir='ltr'>φίλοι</span> 
     </span>
    </p>
   </div>
   <div class='ocr_carea' id='block_1_92' title="bbox 457 4493 2044 4587">
    <p class='ocr_par' dir='ltr' id='par_1_92' title="bbox 457 4500 2041 4574">
     <span class='ocr_line' id='line_1_92' title="bbox 457 4500 2041 4574; baseline 0.001 -16"><span class='ocrx_word' id='word_1_681' title='bbox 457 4504 554 4563; x_wconf 76' lang='lat' dir='ltr'><strong>sed</strong></span> <span class='ocrx_word' id='word_1_682' title='bbox 596 4503 809 4574; x_wconf 88' lang='lat' dir='ltr'><strong>procul,</strong></span> <span class='ocrx_word' id='word_1_683' title='bbox 848 4500 996 4555; x_wconf 88' lang='lat' dir='ltr'><strong>illam</strong></span> <span class='ocrx_word' id='word_1_684' title='bbox 1040 4501 1201 4556; x_wconf 91' lang='lat' dir='ltr'><strong>amici</strong></span> <span class='ocrx_word' id='word_1_685' title='bbox 1254 4502 1340 4557; x_wconf 89' lang='lat' dir='ltr'><strong>sui</strong></span> <span class='ocrx_word' id='word_1_686' title='bbox 1387 4503 1753 4559; x_wconf 84' lang='lat' dir='ltr'><strong>calamitatem</strong></span> <span class='ocrx_word' id='word_1_687' title='bbox 1786 4503 2041 4574; x_wconf 86' lang='lat' dir='ltr'><strong>deplora—</strong></span> 
     </span>
    </p>
   </div>
   <div class='ocr_carea' id='block_1_93' title="bbox 2147 4493 3735 4587">
    <p class='ocr_par' dir='ltr' id='par_1_93' title="bbox 2148 4493 3735 4575">
     <span class='ocr_line' id='line_1_93' title="bbox 2148 4493 3735 4575; baseline -0.008 -16"><span class='ocrx_word' id='word_1_688' title='bbox 2148 4506 2241 4559; x_wconf 76' lang='lat' dir='ltr'><strong>ua‘t</strong></span> <span class='ocrx_word' id='word_1_689' title='bbox 2302 4501 2528 4575; x_wconf 83' lang='grc' dir='ltr'>πλησίον</span> <span class='ocrx_word' id='word_1_690' title='bbox 2567 4499 2756 4564; x_wconf 75' lang='grc' dir='ltr'>αὐτοῦ,</span> <span class='ocrx_word' id='word_1_691' title='bbox 2804 4500 2855 4553; x_wconf 78' lang='grc' dir='ltr'><strong>οἱ</strong></span> <span class='ocrx_word' id='word_1_692' title='bbox 2900 4496 2992 4551; x_wconf 75' lang='grc' dir='ltr'><strong>τὸν</strong></span> <span class='ocrx_word' id='word_1_693' title='bbox 3025 4495 3319 4569; x_wconf 83' lang='grc' dir='ltr'>σύμπαντα</span> <span class='ocrx_word' id='word_1_694' title='bbox 3361 4496 3550 4568; x_wconf 81' lang='grc' dir='ltr'>χρόνον</span> <span class='ocrx_word' id='word_1_695' title='bbox 3587 4493 3735 4564; x_wconf 81' lang='grc' dir='ltr'>αὐτῷ</span> 
     </span>
    </p>
   </div>
   <div class='ocr_carea' id='block_1_94' title="bbox 456 4592 2041 4664">
    <p class='ocr_par' dir='ltr' id='par_1_94' title="bbox 456 4592 2041 4664">
     <span class='ocr_line' id='line_1_94' title="bbox 456 4592 2041 4664; baseline -0.001 -12"><span class='ocrx_word' id='word_1_696' title='bbox 456 4596 609 4653; x_wconf 86' lang='lat' dir='ltr'><strong>bant.</strong></span> <span class='ocrx_word' id='word_1_697' title='bbox 636 4592 874 4661; x_wconf 86' lang='lat' dir='ltr'><strong>Quinam</strong></span> <span class='ocrx_word' id='word_1_698' title='bbox 899 4592 998 4654; x_wconf 90' lang='lat' dir='ltr'><strong>illi,</strong></span> <span class='ocrx_word' id='word_1_699' title='bbox 1038 4592 1147 4646; x_wconf 90' lang='lat' dir='ltr'><strong>nisi</strong></span> <span class='ocrx_word' id='word_1_700' title='bbox 1177 4594 1273 4663; x_wconf 90' lang='lat' dir='ltr'><strong>qui</strong></span> <span class='ocrx_word' id='word_1_701' title='bbox 1310 4609 1484 4663; x_wconf 88' lang='lat' dir='ltr'><strong>nuper</strong></span> <span class='ocrx_word' id='word_1_702' title='bbox 1508 4593 1578 4648; x_wconf 92' lang='lat' dir='ltr'><strong>de</strong></span> <span class='ocrx_word' id='word_1_703' title='bbox 1612 4593 1772 4650; x_wconf 84' lang='lat' dir='ltr'><strong>bonis</strong></span> <span class='ocrx_word' id='word_1_704' title='bbox 1804 4595 1926 4664; x_wconf 82' lang='lat' dir='ltr'><strong>ejus</strong></span> <span class='ocrx_word' id='word_1_705' title='bbox 1951 4598 2041 4651; x_wconf 74' lang='lat' dir='ltr'><strong>la:-</strong></span> 
     </span>
    </p>
   </div>
   <div class='ocr_carea' id='block_1_95' title="bbox 458 4684 2040 4759">
    <p class='ocr_par' dir='ltr' id='par_1_95' title="bbox 458 4684 2040 4759">
     <span class='ocr_line' id='line_1_95' title="bbox 458 4684 2040 4759; baseline 0 -16"><span class='ocrx_word' id='word_1_706' title='bbox 458 4687 741 4750; x_wconf 86' lang='lat' dir='ltr'><strong>tabantur,</strong></span> <span class='ocrx_word' id='word_1_707' title='bbox 772 4685 1027 4741; x_wconf 84' lang='lat' dir='ltr'><strong>videlicet</strong></span> <span class='ocrx_word' id='word_1_708' title='bbox 1060 4685 1238 4757; x_wconf 77' lang='lat' dir='ltr'><strong>angeli</strong></span> <span class='ocrx_word' id='word_1_709' title='bbox 1261 4684 1389 4741; x_wconf 89' lang='lat' dir='ltr'><strong>boni</strong></span> <span class='ocrx_word' id='word_1_710' title='bbox 1429 4699 1493 4740; x_wconf 89' lang='lat' dir='ltr'><strong>ac</strong></span> <span class='ocrx_word' id='word_1_711' title='bbox 1524 4686 1761 4741; x_wconf 89' lang='lat' dir='ltr'><strong>ministri</strong></span> <span class='ocrx_word' id='word_1_712' title='bbox 1805 4686 1921 4751; x_wconf 88' lang='lat' dir='ltr'><strong>Dei,</strong></span> <span class='ocrx_word' id='word_1_713' title='bbox 1948 4690 2040 4759; x_wconf 89' lang='lat' dir='ltr'><strong>qui</strong></span> 
     </span>
    </p>
   </div>
   <div class='ocr_carea' id='block_1_96' title="bbox 459 4777 2044 4849">
    <p class='ocr_par' dir='ltr' id='par_1_96' title="bbox 459 4777 2044 4849">
     <span class='ocr_line' id='line_1_96' title="bbox 459 4777 2044 4849; baseline 0.002 -15"><span class='ocrx_word' id='word_1_714' title='bbox 459 4780 529 4835; x_wconf 88' lang='lat' dir='ltr'><strong>de</strong></span> <span class='ocrx_word' id='word_1_715' title='bbox 566 4779 851 4835; x_wconf 84' lang='lat' dir='ltr'><strong>hominum</strong></span> <span class='ocrx_word' id='word_1_716' title='bbox 905 4779 1082 4835; x_wconf 88' lang='lat' dir='ltr'><strong>salute</strong></span> <span class='ocrx_word' id='word_1_717' title='bbox 1120 4794 1229 4833; x_wconf 85' lang='lat' dir='ltr'><strong>una</strong></span> <span class='ocrx_word' id='word_1_718' title='bbox 1274 4777 1511 4849; x_wconf 73' lang='lat' dir='ltr'><strong>gaudere</strong></span> <span class='ocrx_word' id='word_1_719' title='bbox 1563 4778 1783 4833; x_wconf 83' lang='lat' dir='ltr'><strong>solent?</strong></span> <span class='ocrx_word' id='word_1_720' title='bbox 1830 4780 2044 4845; x_wconf 84' lang='lat' dir='ltr'><strong>Quibus</strong></span> 
     </span>
    </p>
   </div>
   <div class='ocr_carea' id='block_1_97' title="bbox 460 4871 2041 4944">
    <p class='ocr_par' dir='ltr' id='par_1_97' title="bbox 460 4871 2041 4944">
     <span class='ocr_line' id='line_1_97' title="bbox 460 4871 2041 4944; baseline 0.003 -17"><span class='ocrx_word' id='word_1_721' title='bbox 460 4871 655 4944; x_wconf 85' lang='lat' dir='ltr'><strong>procul</strong></span> <span class='ocrx_word' id='word_1_722' title='bbox 701 4886 788 4927; x_wconf 88' lang='lat' dir='ltr'><strong>me</strong></span> <span class='ocrx_word' id='word_1_723' title='bbox 835 4871 1056 4942; x_wconf 84' lang='lat' dir='ltr'><strong>positis,</strong></span> <span class='ocrx_word' id='word_1_724' title='bbox 1113 4871 1205 4925; x_wconf 89' lang='lat' dir='ltr'><strong>alii</strong></span> <span class='ocrx_word' id='word_1_725' title='bbox 1248 4871 1473 4942; x_wconf 89' lang='lat' dir='ltr'><strong>quidam</strong></span> <span class='ocrx_word' id='word_1_726' title='bbox 1505 4874 1715 4942; x_wconf 78' lang='lat' dir='ltr'><strong>peccati</strong></span> <span class='ocrx_word' id='word_1_727' title='bbox 1764 4882 2041 4939; x_wconf 85' lang='lat' dir='ltr'><strong>auctores,</strong></span> 
     </span>
    </p>
   </div>
   <div class='ocr_carea' id='block_1_98' title="bbox 460 4963 2046 5039">
    <p class='ocr_par' dir='ltr' id='par_1_98' title="bbox 460 4963 2046 5039">
     <span class='ocr_line' id='line_1_98' title="bbox 460 4963 2046 5039; baseline 0.003 -20"><span class='ocrx_word' id='word_1_728' title='bbox 460 4979 636 5039; x_wconf 84' lang='lat' dir='ltr'><strong>prope</strong></span> <span class='ocrx_word' id='word_1_729' title='bbox 675 4969 887 5020; x_wconf 86' lang='lat' dir='ltr'><strong>stantes</strong></span> <span class='ocrx_word' id='word_1_730' title='bbox 926 4966 1036 5018; x_wconf 85' lang='lat' dir='ltr'><strong>vim</strong></span> <span class='ocrx_word' id='word_1_731' title='bbox 1074 4963 1348 5019; x_wconf 82' lang='lat' dir='ltr'><strong>faciebant</strong></span> <span class='ocrx_word' id='word_1_732' title='bbox 1390 4972 1447 5020; x_wconf 90' lang='lat' dir='ltr'><strong>et</strong></span> <span class='ocrx_word' id='word_1_733' title='bbox 1500 4965 1697 5022; x_wconf 73' lang='lat' dir='ltr'><strong>anima:</strong></span> <span class='ocrx_word' id='word_1_734' title='bbox 1745 4967 2046 5024; x_wconf 88' lang='lat' dir='ltr'><strong>illudebaut</strong></span> 
     </span>
    </p>
   </div>
   <div class='ocr_carea' id='block_1_99' title="bbox 459 5053 2044 5129">
    <p class='ocr_par' dir='ltr' id='par_1_99' title="bbox 459 5053 2044 5129">
     <span class='ocr_line' id='line_1_99' title="bbox 459 5053 2044 5129; baseline 0.003 -17"><span class='ocrx_word' id='word_1_735' title='bbox 459 5071 614 5113; x_wconf 69' lang='lat' dir='ltr'><strong>luem.</strong></span> <span class='ocrx_word' id='word_1_736' title='bbox 651 5053 717 5111; x_wconf 82' lang='lat' dir='ltr'><strong>Ili</strong></span> <span class='ocrx_word' id='word_1_737' title='bbox 746 5071 985 5127; x_wconf 82' lang='lat' dir='ltr'><strong>namque</strong></span> <span class='ocrx_word' id='word_1_738' title='bbox 1012 5057 1146 5111; x_wconf 92' lang='lat' dir='ltr'><strong>olim</strong></span> <span class='ocrx_word' id='word_1_739' title='bbox 1195 5057 1446 5113; x_wconf 88' lang='lat' dir='ltr'><strong>sitientes</strong></span> <span class='ocrx_word' id='word_1_740' title='bbox 1479 5058 1802 5129; x_wconf 83' lang='lat' dir='ltr'><strong>sanguinem</strong></span> <span class='ocrx_word' id='word_1_741' title='bbox 1838 5077 2044 5126; x_wconf 88' lang='lat' dir='ltr'><strong>meum,</strong></span> 
     </span>
    </p>
   </div>
   <div class='ocr_carea' id='block_1_100' title="bbox 461 5147 2049 5223">
    <p class='ocr_par' dir='ltr' id='par_1_100' title="bbox 461 5147 2049 5223">
     <span class='ocr_line' id='line_1_100' title="bbox 461 5147 2049 5223; baseline 0.003 -18"><span class='ocrx_word' id='word_1_742' title='bbox 461 5158 626 5221; x_wconf 83' lang='lat' dir='ltr'><strong>atque</strong></span> <span class='ocrx_word' id='word_1_743' title='bbox 670 5164 703 5205; x_wconf 69' lang='grc' dir='ltr'><strong>ε</strong></span> <span class='ocrx_word' id='word_1_744' title='bbox 745 5147 924 5219; x_wconf 67' lang='lat' dir='ltr'><strong>longis</strong></span> <span class='ocrx_word' id='word_1_745' title='bbox 971 5158 1124 5207; x_wconf 87' lang='lat' dir='ltr'><strong>retro</strong></span> <span class='ocrx_word' id='word_1_746' title='bbox 1150 5151 1490 5220; x_wconf 76' lang='lat' dir='ltr'><strong>temporibus</strong></span> <span class='ocrx_word' id='word_1_747' title='bbox 1531 5162 1887 5223; x_wconf 86' lang='lat' dir='ltr'><strong>peroptantes</strong></span> <span class='ocrx_word' id='word_1_748' title='bbox 1935 5158 2049 5211; x_wconf 90' lang='lat' dir='ltr'><strong>rui-</strong></span> 
     </span>
    </p>
   </div>
   <div class='ocr_carea' id='block_1_101' title="bbox 460 5240 2047 5312">
    <p class='ocr_par' dir='ltr' id='par_1_101' title="bbox 460 5240 2047 5312">
     <span class='ocr_line' id='line_1_101' title="bbox 460 5240 2047 5312; baseline 0.001 -13"><span class='ocrx_word' id='word_1_749' title='bbox 460 5257 589 5299; x_wconf 84' lang='lat' dir='ltr'><strong>nam</strong></span> <span class='ocrx_word' id='word_1_750' title='bbox 608 5240 797 5296; x_wconf 85' lang='lat' dir='ltr'><strong>videre</strong></span> <span class='ocrx_word' id='word_1_751' title='bbox 827 5256 1028 5305; x_wconf 88' lang='lat' dir='ltr'><strong>meam,</strong></span> <span class='ocrx_word' id='word_1_752' title='bbox 1058 5242 1218 5312; x_wconf 88' lang='lat' dir='ltr'><strong>quasi</strong></span> <span class='ocrx_word' id='word_1_753' title='bbox 1242 5242 1707 5312; x_wconf 86' lang='lat' dir='ltr'><strong>opportunitatem</strong></span> <span class='ocrx_word' id='word_1_754' title='bbox 1732 5246 1900 5305; x_wconf 89' lang='lat' dir='ltr'><strong>nacti.</strong></span> <span class='ocrx_word' id='word_1_755' title='bbox 1923 5260 2047 5300; x_wconf 90' lang='lat' dir='ltr'><strong>cum</strong></span> 
     </span>
    </p>
   </div>
   <div class='ocr_carea' id='block_1_102' title="bbox 458 5334 2048 5406">
    <p class='ocr_par' dir='ltr' id='par_1_102' title="bbox 458 5334 2048 5406">
     <span class='ocr_line' id='line_1_102' title="bbox 458 5334 2048 5406; baseline 0.003 -16"><span class='ocrx_word' id='word_1_756' title='bbox 458 5336 712 5391; x_wconf 80' lang='lat' dir='ltr'><strong>viderent</strong></span> <span class='ocrx_word' id='word_1_757' title='bbox 750 5334 1011 5390; x_wconf 78' lang='lat' dir='ltr'><strong>virtutem</strong></span> <span class='ocrx_word' id='word_1_758' title='bbox 1054 5348 1234 5389; x_wconf 90' lang='lat' dir='ltr'><strong>meam</strong></span> <span class='ocrx_word' id='word_1_759' title='bbox 1288 5350 1376 5390; x_wconf 89' lang='lat' dir='ltr'><strong>me</strong></span> <span class='ocrx_word' id='word_1_760' title='bbox 1426 5335 1814 5406; x_wconf 88' lang='lat' dir='ltr'><strong>dereliquisse,</strong></span> <span class='ocrx_word' id='word_1_761' title='bbox 1858 5346 1912 5393; x_wconf 91' lang='lat' dir='ltr'><strong>et</strong></span> <span class='ocrx_word' id='word_1_762' title='bbox 1964 5339 2048 5394; x_wconf 84' lang='lat' dir='ltr'><strong>lu-</strong></span> 
     </span>
    </p>
   </div>
   <div class='ocr_carea' id='block_1_103' title="bbox 459 5425 2042 5491">
    <p class='ocr_par' dir='ltr' id='par_1_103' title="bbox 459 5425 2042 5491">
     <span class='ocr_line' id='line_1_103' title="bbox 459 5425 2042 5491; baseline 0.002 -11"><span class='ocrx_word' id='word_1_763' title='bbox 459 5441 586 5480; x_wconf 85' lang='lat' dir='ltr'><strong>men</strong></span> <span class='ocrx_word' id='word_1_764' title='bbox 635 5425 923 5480; x_wconf 86' lang='lat' dir='ltr'><strong>oculorum</strong></span> <span class='ocrx_word' id='word_1_765' title='bbox 972 5440 1219 5480; x_wconf 87' lang='lat' dir='ltr'><strong>meorum</strong></span> <span class='ocrx_word' id='word_1_766' title='bbox 1262 5441 1295 5480; x_wconf 87' lang='lat' dir='ltr'><strong>a</strong></span> <span class='ocrx_word' id='word_1_767' title='bbox 1342 5441 1429 5480; x_wconf 91' lang='lat' dir='ltr'><strong>me</strong></span> <span class='ocrx_word' id='word_1_768' title='bbox 1468 5426 1785 5491; x_wconf 87' lang='lat' dir='ltr'><strong>recessisse,</strong></span> <span class='ocrx_word' id='word_1_769' title='bbox 1832 5428 2042 5484; x_wconf 89' lang='lat' dir='ltr'><strong>amicos</strong></span> 
     </span>
    </p>
   </div>
   <div class='ocr_carea' id='block_1_104' title="bbox 461 5516 2053 5590">
    <p class='ocr_par' dir='ltr' id='par_1_104' title="bbox 461 5516 2053 5590">
     <span class='ocr_line' id='line_1_104' title="bbox 461 5516 2053 5590; baseline 0.001 -18"><span class='ocrx_word' id='word_1_770' title='bbox 461 5532 681 5587; x_wconf 80' lang='lat' dir='ltr'><strong>quoque</strong></span> <span class='ocrx_word' id='word_1_771' title='bbox 719 5526 776 5572; x_wconf 91' lang='lat' dir='ltr'><strong>et</strong></span> <span class='ocrx_word' id='word_1_772' title='bbox 807 5516 1089 5590; x_wconf 79' lang='lat' dir='ltr'><strong>proximos</strong></span> <span class='ocrx_word' id='word_1_773' title='bbox 1137 5518 1298 5588; x_wconf 75' lang='lat' dir='ltr'><strong>longe</strong></span> <span class='ocrx_word' id='word_1_774' title='bbox 1344 5528 1608 5583; x_wconf 87' lang='lat' dir='ltr'><strong>remotos,</strong></span> <span class='ocrx_word' id='word_1_775' title='bbox 1639 5519 1930 5575; x_wconf 82' lang='lat' dir='ltr'><strong>confestim</strong></span> <span class='ocrx_word' id='word_1_776' title='bbox 1978 5520 2053 5575; x_wconf 88' lang='lat' dir='ltr'><strong>ir-</strong></span> 
     </span>
    </p>
   </div>
   <div class='ocr_carea' id='block_1_105' title="bbox 464 5610 2055 5684">
    <p class='ocr_par' dir='ltr' id='par_1_105' title="bbox 464 5610 2055 5684">
     <span class='ocr_line' id='line_1_105' title="bbox 464 5610 2055 5684; baseline 0.001 -18"><span class='ocrx_word' id='word_1_777' title='bbox 464 5616 693 5667; x_wconf 84' lang='lat' dir='ltr'><strong>ruentes</strong></span> <span class='ocrx_word' id='word_1_778' title='bbox 719 5611 832 5667; x_wconf 87' lang='lat' dir='ltr'><strong>vim</strong></span> <span class='ocrx_word' id='word_1_779' title='bbox 865 5610 1141 5668; x_wconf 88' lang='lat' dir='ltr'><strong>faciebant</strong></span> <span class='ocrx_word' id='word_1_780' title='bbox 1172 5612 1370 5667; x_wconf 81' lang='lat' dir='ltr'><strong>animae</strong></span> <span class='ocrx_word' id='word_1_781' title='bbox 1413 5628 1583 5679; x_wconf 64' lang='lat' dir='ltr'><strong>mem;</strong></span> <span class='ocrx_word' id='word_1_782' title='bbox 1621 5627 1684 5668; x_wconf 85' lang='lat' dir='ltr'><strong>ac</strong></span> <span class='ocrx_word' id='word_1_783' title='bbox 1716 5619 1905 5684; x_wconf 87' lang='lat' dir='ltr'><strong>utpote</strong></span> <span class='ocrx_word' id='word_1_784' title='bbox 1946 5628 2055 5670; x_wconf 88' lang='lat' dir='ltr'><strong>ma-</strong></span> 
     </span>
    </p>
   </div>
   <div class='ocr_carea' id='block_1_106' title="bbox 541 5787 1652 5865">
    <p class='ocr_par' dir='ltr' id='par_1_106' title="bbox 541 5787 1652 5865">
     <span class='ocr_line' id='line_1_106' title="bbox 541 5787 1652 5865; baseline 0.004 -20"><span class='ocrx_word' id='word_1_785' title='bbox 541 5792 588 5824; x_wconf 83' lang='lat'><strong>&quot;</strong></span> <span class='ocrx_word' id='word_1_786' title='bbox 624 5788 861 5862; x_wconf 79' lang='lat' dir='ltr'><strong>Philipp.</strong></span> <span class='ocrx_word' id='word_1_787' title='bbox 898 5808 971 5859; x_wconf 77' lang='lat' dir='ltr'><strong>tv,</strong></span> <span class='ocrx_word' id='word_1_788' title='bbox 1010 5791 1094 5849; x_wconf 74' lang='lat'><strong>15.</strong></span> <span class='ocrx_word' id='word_1_789' title='bbox 1170 5790 1215 5825; x_wconf 67' lang='lat'><strong>°‘</strong></span> <span class='ocrx_word' id='word_1_790' title='bbox 1256 5787 1383 5865; x_wconf 84' lang='lat' dir='ltr'><strong>Sap.</strong></span> <span class='ocrx_word' id='word_1_791' title='bbox 1425 5809 1477 5861; x_wconf 90' lang='grc' dir='ltr'><strong>ι,</strong></span> <span class='ocrx_word' id='word_1_792' title='bbox 1511 5792 1563 5862; x_wconf 73' lang='grc'>4,</span> <span class='ocrx_word' id='word_1_793' title='bbox 1598 5791 1652 5850; x_wconf 84' lang='grc'><strong>5.</strong></span> 
     </span>
    </p>
   </div>
   <div class='ocr_carea' id='block_1_107' title="bbox 2151 4584 3732 4661">
    <p class='ocr_par' dir='ltr' id='par_1_107' title="bbox 2151 4584 3732 4661">
     <span class='ocr_line' id='line_1_107' title="bbox 2151 4584 3732 4661; baseline -0.007 -10"><span class='ocrx_word' id='word_1_794' title='bbox 2151 4597 2423 4661; x_wconf 81' lang='grc' dir='ltr'>συνόντες,</span> <span class='ocrx_word' id='word_1_795' title='bbox 2454 4593 2711 4655; x_wconf 73' lang='grc' dir='ltr'>ἐάσαντες</span> <span class='ocrx_word' id='word_1_796' title='bbox 2734 4590 2895 4647; x_wconf 76' lang='grc' dir='ltr'>αὐτὸν</span> <span class='ocrx_word' id='word_1_797' title='bbox 2917 4590 3220 4661; x_wconf 85' lang='grc' dir='ltr'>μακρόθεν</span> <span class='ocrx_word' id='word_1_798' title='bbox 3240 4590 3533 4655; x_wconf 79' lang='grc' dir='ltr'>ἔστησαν,</span> <span class='ocrx_word' id='word_1_799' title='bbox 3558 4584 3732 4641; x_wconf 76' lang='grc' dir='ltr'>οὐκέτ’</span> 
     </span>
    </p>
   </div>
   <div class='ocr_carea' id='block_1_108' title="bbox 2150 4679 3734 4760">
    <p class='ocr_par' dir='ltr' id='par_1_108' title="bbox 2150 4679 3734 4760">
     <span class='ocr_line' id='line_1_108' title="bbox 2150 4679 3734 4760; baseline -0.008 -16"><span class='ocrx_word' id='word_1_800' title='bbox 2150 4689 2300 4760; x_wconf 75' lang='grc' dir='ltr'>αὑτῴ</span> <span class='ocrx_word' id='word_1_801' title='bbox 2333 4688 2570 4742; x_wconf 81' lang='grc' dir='ltr'>συνεῖναι</span> <span class='ocrx_word' id='word_1_802' title='bbox 2595 4683 2903 4753; x_wconf 82' lang='grc' dir='ltr'>δυνάμενοι,</span> <span class='ocrx_word' id='word_1_803' title='bbox 2946 4681 3225 4755; x_wconf 76' lang='grc' dir='ltr'>πόρρωθεν</span> <span class='ocrx_word' id='word_1_804' title='bbox 3253 4681 3311 4734; x_wconf 85' lang='grc' dir='ltr'>δὲ</span> <span class='ocrx_word' id='word_1_805' title='bbox 3337 4679 3734 4750; x_wconf 65' lang='grc' dir='ltr'>ἀποκλᾳόμενοι</span> 
     </span>
    </p>
   </div>
   <div class='ocr_carea' id='block_1_109' title="bbox 2150 4766 3736 4848">
    <p class='ocr_par' dir='ltr' id='par_1_109' title="bbox 2150 4766 3736 4848">
     <span class='ocr_line' id='line_1_109' title="bbox 2150 4766 3736 4848; baseline -0.007 -13"><span class='ocrx_word' id='word_1_806' title='bbox 2150 4781 2227 4845; x_wconf 83' lang='grc' dir='ltr'>ὡς</span> <span class='ocrx_word' id='word_1_807' title='bbox 2250 4781 2452 4834; x_wconf 80' lang='grc' dir='ltr'>οἰκείου</span> <span class='ocrx_word' id='word_1_808' title='bbox 2479 4776 2633 4848; x_wconf 80' lang='grc' dir='ltr'>φίλου</span> <span class='ocrx_word' id='word_1_809' title='bbox 2664 4792 2726 4829; x_wconf 92' lang='grc' dir='ltr'><strong>συ</strong></span> <span class='ocrx_word' id='word_1_810' title='bbox 2735 4776 2972 4848; x_wconf 75' lang='grc' dir='ltr'>μφοράν.</span> <span class='ocrx_word' id='word_1_811' title='bbox 3009 4772 3165 4838; x_wconf 78' lang='grc' dir='ltr'>Τίνες</span> <span class='ocrx_word' id='word_1_812' title='bbox 3186 4773 3229 4827; x_wconf 79' lang='grc' dir='ltr'>δ’</span> <span class='ocrx_word' id='word_1_813' title='bbox 3255 4769 3394 4844; x_wconf 76' lang='grc' dir='ltr'>ἦσαν</span> <span class='ocrx_word' id='word_1_814' title='bbox 3431 4766 3576 4827; x_wconf 72' lang='grc' dir='ltr'>οὗτοι</span> <span class='ocrx_word' id='word_1_815' title='bbox 3621 4770 3736 4825; x_wconf 76' lang='grc' dir='ltr'>ἀλλ’</span> 
     </span>
    </p>
   </div>
   <div class='ocr_carea' id='block_1_110' title="bbox 2152 4854 3734 4945">
    <p class='ocr_par' dir='ltr' id='par_1_110' title="bbox 2152 4854 3734 4945">
     <span class='ocr_line' id='line_1_110' title="bbox 2152 4854 3734 4945; baseline -0.005 -19"><span class='ocrx_word' id='word_1_816' title='bbox 2152 4873 2186 4945; x_wconf 82' lang='grc' dir='ltr'>ἢ</span> <span class='ocrx_word' id='word_1_817' title='bbox 2235 4874 2285 4926; x_wconf 77' lang='grc' dir='ltr'>οἱ</span> <span class='ocrx_word' id='word_1_818' title='bbox 2324 4873 2418 4926; x_wconf 76' lang='grc' dir='ltr'>ἐπὶ</span> <span class='ocrx_word' id='word_1_819' title='bbox 2466 4873 2580 4935; x_wconf 82' lang='grc' dir='ltr'>τοῖς</span> <span class='ocrx_word' id='word_1_820' title='bbox 2636 4854 2919 4942; x_wconf 73' lang='grc' dir='ltr'>προτέροις</span> <span class='ocrx_word' id='word_1_821' title='bbox 2948 4866 3175 4935; x_wconf 78' lang='grc' dir='ltr'>ἀγαθοῖς</span> <span class='ocrx_word' id='word_1_822' title='bbox 3215 4865 3382 4919; x_wconf 77' lang='grc' dir='ltr'>αὑτοῦ</span> <span class='ocrx_word' id='word_1_823' title='bbox 3431 4865 3734 4937; x_wconf 85' lang='grc' dir='ltr'>χαίροντες,</span> 
     </span>
    </p>
   </div>
   <div class='ocr_carea' id='block_1_111' title="bbox 2153 4956 3737 5036">
    <p class='ocr_par' dir='ltr' id='par_1_111' title="bbox 2153 4956 3737 5036">
     <span class='ocr_line' id='line_1_111' title="bbox 2153 4956 3737 5036; baseline -0.007 -16"><span class='ocrx_word' id='word_1_824' title='bbox 2153 4965 2374 5034; x_wconf 84' lang='grc' dir='ltr'>ἄγγελοι</span> <span class='ocrx_word' id='word_1_825' title='bbox 2412 4963 2613 5036; x_wconf 82' lang='grc' dir='ltr'>δηλαδὴ</span> <span class='ocrx_word' id='word_1_826' title='bbox 2642 4962 2838 5032; x_wconf 74' lang='grc' dir='ltr'>ἀγαθοὶ</span> <span class='ocrx_word' id='word_1_827' title='bbox 2870 4960 2966 5017; x_wconf 75' lang='grc' dir='ltr'>καὶ</span> <span class='ocrx_word' id='word_1_828' title='bbox 2998 4961 3303 5032; x_wconf 74' lang='grc' dir='ltr'>λειτουργοὶ</span> <span class='ocrx_word' id='word_1_829' title='bbox 3333 4958 3492 5024; x_wconf 83' lang='grc' dir='ltr'>Θεοῦ,</span> <span class='ocrx_word' id='word_1_830' title='bbox 3528 4960 3594 5029; x_wconf 80' lang='grc' dir='ltr'>τῇ</span> <span class='ocrx_word' id='word_1_831' title='bbox 3629 4956 3737 5010; x_wconf 84' lang='grc' dir='ltr'><strong>τῶν</strong></span> 
     </span>
    </p>
   </div>
   <div class='ocr_carea' id='block_1_112' title="bbox 2156 5045 3738 5129">
    <p class='ocr_par' dir='ltr' id='par_1_112' title="bbox 2156 5045 3738 5129">
     <span class='ocr_line' id='line_1_112' title="bbox 2156 5045 3738 5129; baseline -0.006 -18"><span class='ocrx_word' id='word_1_832' title='bbox 2156 5056 2460 5129; x_wconf 83' lang='grc' dir='ltr'>ἀνθρώπων</span> <span class='ocrx_word' id='word_1_833' title='bbox 2512 5057 2829 5128; x_wconf 85' lang='grc' dir='ltr'>συγχαίρειν</span> <span class='ocrx_word' id='word_1_834' title='bbox 2874 5052 3127 5116; x_wconf 85' lang='grc' dir='ltr'>εἰωθότες</span> <span class='ocrx_word' id='word_1_835' title='bbox 3167 5053 3450 5125; x_wconf 43' lang='grc' dir='ltr'>σωτηρίης</span> <span class='ocrx_word' id='word_1_836' title='bbox 3500 5045 3603 5103; x_wconf 72' lang='grc' dir='ltr'><strong>’Ὧν</strong></span> <span class='ocrx_word' id='word_1_837' title='bbox 3632 5066 3738 5118; x_wconf 86' lang='grc' dir='ltr'>μα-</span> 
     </span>
    </p>
   </div>
   <div class='ocr_carea' id='block_1_113' title="bbox 2157 5141 3741 5224">
    <p class='ocr_par' dir='ltr' id='par_1_113' title="bbox 2157 5141 3741 5224">
     <span class='ocr_line' id='line_1_113' title="bbox 2157 5141 3741 5224; baseline -0.007 -20"><span class='ocrx_word' id='word_1_838' title='bbox 2157 5149 2296 5224; x_wconf 83' lang='grc' dir='ltr'>κράν</span> <span class='ocrx_word' id='word_1_839' title='bbox 2326 5167 2426 5221; x_wconf 86' lang='grc' dir='ltr'><strong>μου</strong></span> <span class='ocrx_word' id='word_1_840' title='bbox 2455 5150 2783 5220; x_wconf 76' lang='grc' dir='ltr'>γενομένων,</span> <span class='ocrx_word' id='word_1_841' title='bbox 2810 5147 2960 5204; x_wconf 84' lang='grc' dir='ltr'>ἄλλοι</span> <span class='ocrx_word' id='word_1_842' title='bbox 2987 5146 3131 5211; x_wconf 77' lang='grc' dir='ltr'>τινὲς</span> <span class='ocrx_word' id='word_1_843' title='bbox 3157 5147 3256 5218; x_wconf 78' lang='grc' dir='ltr'><strong>τὴν</strong></span> <span class='ocrx_word' id='word_1_844' title='bbox 3295 5141 3569 5216; x_wconf 68' lang='grc' dir='ltr'>ἁμαρτίαν</span> <span class='ocrx_word' id='word_1_845' title='bbox 3595 5142 3741 5212; x_wconf 81' lang='grc' dir='ltr'><strong>ὲνερ⁶</strong></span> 
     </span>
    </p>
   </div>
   <div class='ocr_carea' id='block_1_114' title="bbox 2136 5231 3739 5314">
    <p class='ocr_par' dir='ltr' id='par_1_114' title="bbox 2136 5231 3739 5314">
     <span class='ocr_line' id='line_1_114' title="bbox 2136 5231 3739 5314; baseline -0.007 -19"><span class='ocrx_word' id='word_1_846' title='bbox 2136 5241 2402 5313; x_wconf 44' lang='grc' dir='ltr'>κγοῦντες,</span> <span class='ocrx_word' id='word_1_847' title='bbox 2432 5241 2657 5314; x_wconf 82' lang='grc' dir='ltr'>πλησίον</span> <span class='ocrx_word' id='word_1_848' title='bbox 2686 5258 2787 5311; x_wconf 88' lang='grc' dir='ltr'><strong>μου</strong></span> <span class='ocrx_word' id='word_1_849' title='bbox 2818 5240 3121 5312; x_wconf 88' lang='grc' dir='ltr'>γενόμενοι,</span> <span class='ocrx_word' id='word_1_850' title='bbox 3158 5235 3497 5303; x_wconf 78' lang='grc' dir='ltr'>ὲξεὸιάζοντο</span> <span class='ocrx_word' id='word_1_851' title='bbox 3529 5231 3622 5286; x_wconf 75' lang='grc' dir='ltr'>καὶ</span> <span class='ocrx_word' id='word_1_852' title='bbox 3640 5232 3739 5303; x_wconf 80' lang='grc' dir='ltr'><strong>τῆς</strong></span> 
     </span>
    </p>
   </div>
   <div class='ocr_carea' id='block_1_115' title="bbox 2155 5318 3741 5407">
    <p class='ocr_par' dir='ltr' id='par_1_115' title="bbox 2155 5318 3741 5407">
     <span class='ocr_line' id='line_1_115' title="bbox 2155 5318 3741 5407; baseline -0.01 -18"><span class='ocrx_word' id='word_1_853' title='bbox 2155 5336 2293 5407; x_wconf 77' lang='grc' dir='ltr'>ἐμῆς</span> <span class='ocrx_word' id='word_1_854' title='bbox 2321 5334 2498 5406; x_wconf 79' lang='grc' dir='ltr'>ψυχῆς</span> <span class='ocrx_word' id='word_1_855' title='bbox 2546 5330 2897 5397; x_wconf 76' lang='grc' dir='ltr'>κατέπαιζον.</span> <span class='ocrx_word' id='word_1_856' title='bbox 2939 5330 3111 5385; x_wconf 83' lang='grc' dir='ltr'>Πάλαι</span> <span class='ocrx_word' id='word_1_857' title='bbox 3138 5328 3247 5400; x_wconf 78' lang='grc' dir='ltr'><strong>γάρ</strong></span> <span class='ocrx_word' id='word_1_858' title='bbox 3285 5318 3430 5380; x_wconf 73' lang='grc' dir='ltr'>οὗτοι</span> <span class='ocrx_word' id='word_1_859' title='bbox 3482 5321 3741 5393; x_wconf 78' lang='grc' dir='ltr'>διψῶντες</span> 
     </span>
    </p>
   </div>
   <div class='ocr_carea' id='block_1_116' title="bbox 2154 5413 3741 5499">
    <p class='ocr_par' dir='ltr' id='par_1_116' title="bbox 2154 5413 3741 5499">
     <span class='ocr_line' id='line_1_116' title="bbox 2154 5413 3741 5499; baseline -0.011 -17"><span class='ocrx_word' id='word_1_860' title='bbox 2154 5427 2247 5482; x_wconf 87' lang='grc' dir='ltr'><strong>τοῦ</strong></span> <span class='ocrx_word' id='word_1_861' title='bbox 2271 5427 2404 5499; x_wconf 74' lang='grc' dir='ltr'>ἐμοῦ</span> <span class='ocrx_word' id='word_1_862' title='bbox 2425 5427 2673 5498; x_wconf 78' lang='grc' dir='ltr'>αἵματος,</span> <span class='ocrx_word' id='word_1_863' title='bbox 2714 5425 2808 5477; x_wconf 79' lang='grc' dir='ltr'>καὶ</span> <span class='ocrx_word' id='word_1_864' title='bbox 2841 5425 2904 5477; x_wconf 81' lang='grc' dir='ltr'>ὲκ</span> <span class='ocrx_word' id='word_1_865' title='bbox 2950 5420 3176 5494; x_wconf 83' lang='grc' dir='ltr'>μακρῶν</span> <span class='ocrx_word' id='word_1_866' title='bbox 3218 5417 3425 5491; x_wconf 78' lang='grc' dir='ltr'>χρόνων</span> <span class='ocrx_word' id='word_1_867' title='bbox 3459 5413 3741 5485; x_wconf 81' lang='grc' dir='ltr'>εὐχόμενοι</span> 
     </span>
    </p>
   </div>
   <div class='ocr_carea' id='block_1_117' title="bbox 2159 5504 3739 5588">
    <p class='ocr_par' dir='ltr' id='par_1_117' title="bbox 2159 5504 3739 5588">
     <span class='ocr_line' id='line_1_117' title="bbox 2159 5504 3739 5588; baseline -0.011 -15"><span class='ocrx_word' id='word_1_868' title='bbox 2159 5517 2455 5573; x_wconf 83' lang='grc' dir='ltr'>θεάσασθαί</span> <span class='ocrx_word' id='word_1_869' title='bbox 2490 5534 2591 5588; x_wconf 87' lang='grc' dir='ltr'><strong>μου</strong></span> <span class='ocrx_word' id='word_1_870' title='bbox 2616 5516 2714 5586; x_wconf 75' lang='grc' dir='ltr'>τὴν</span> <span class='ocrx_word' id='word_1_871' title='bbox 2744 5513 2971 5579; x_wconf 83' lang='grc' dir='ltr'>πτῶσιν,</span> <span class='ocrx_word' id='word_1_872' title='bbox 2987 5511 3186 5567; x_wconf 75' lang='grc' dir='ltr'>ὡσανεὶ</span> <span class='ocrx_word' id='word_1_873' title='bbox 3212 5507 3407 5581; x_wconf 80' lang='grc' dir='ltr'>καιροῦ</span> <span class='ocrx_word' id='word_1_874' title='bbox 3429 5504 3739 5583; x_wconf 75' lang='grc' dir='ltr'>λαϐόμενοι,</span> 
     </span>
    </p>
   </div>
   <div class='ocr_carea' id='block_1_118' title="bbox 2162 5593 3744 5678">
    <p class='ocr_par' dir='ltr' id='par_1_118' title="bbox 2162 5593 3744 5678">
     <span class='ocr_line' id='line_1_118' title="bbox 2162 5593 3744 5678; baseline -0.01 -11"><span class='ocrx_word' id='word_1_875' title='bbox 2162 5612 2250 5667; x_wconf 82' lang='grc' dir='ltr'>ὅτε</span> <span class='ocrx_word' id='word_1_876' title='bbox 2293 5607 2433 5666; x_wconf 76' lang='grc' dir='ltr'>εἶδον</span> <span class='ocrx_word' id='word_1_877' title='bbox 2487 5606 2924 5667; x_wconf 78' lang='grc' dir='ltr'>καταλείπουσάν</span> <span class='ocrx_word' id='word_1_878' title='bbox 2962 5623 3030 5678; x_wconf 88' lang='grc' dir='ltr'><strong>με</strong></span> <span class='ocrx_word' id='word_1_879' title='bbox 3059 5604 3162 5677; x_wconf 81' lang='grc' dir='ltr'><strong>τὴν</strong></span> <span class='ocrx_word' id='word_1_880' title='bbox 3192 5602 3369 5676; x_wconf 74' lang='grc' dir='ltr'>ἰσχὺν,</span> <span class='ocrx_word' id='word_1_881' title='bbox 3404 5601 3502 5656; x_wconf 73' lang='grc' dir='ltr'>καὶ</span> <span class='ocrx_word' id='word_1_882' title='bbox 3540 5598 3602 5653; x_wconf 77' lang='grc' dir='ltr'>τὸ</span> <span class='ocrx_word' id='word_1_883' title='bbox 3629 5593 3744 5666; x_wconf 69' lang='grc' dir='ltr'><strong>φῶς</strong></span> 
     </span>
    </p>
   </div>
  </div>
