2050 3137
178 148 230 177 545

744 144 994 174 COMMENTARIA
1015 144 1049 172 1N
1069 143 1240 172 PSALMOS.

1759 143 1810 172 318

177 207 386 244 eévdpiﬂpﬁav
412 216 461 244 μου
476 206 656 244 ἄναχωρῆσάν
674 215 736 242 μου,
747 205 810 237 τούς
828 214 858 232 τε
875 205 967 240 φίλους

1031 204 1108 235 evoli,
1128 202 1208 230 loculi
1223 205 1284 230 sunt
1300 201 1365 229 mihi
1381 202 1523 233 vanitates,
1538 201 1624 228 malas
1649 201 1717 228 mihi
1735 201 1810 228 intus

179 254 225 281 καὶ
246 254 310 285 τοὺς
327 253 440 288 πλησίον
465 253 573 289 μακρὰν
597 252 776 287 γενομένους,
797 250 967 285 παραχρῆμα

178 300 394 335 ἐπιπηδήσαντες
407 299 578 331 ὲξεὸιάζοντο
591 299 641 334 τὴν
657 298 746 333 ψυχήν
766 305 816 332 μου
832 304 839 312 ·
864 295 912 322 καὶ
931 295 968 327 ὡς

177 346 209 373 ἂν
225 347 379 373 ἐθελοκακοι
401 345 559 380 ὲλάλησάν
579 354 631 380 μοι
657 344 869 379 ματαιότητας,
897 341 970 368 ἔνδον

1021 248 1199 285 cogitationes
1216 251 1411 284 suggerentes;
1426 248 1482 274 imo
1495 246 1579 274 etiam
1594 246 1688 274 dolose
1705 246 1812 274 demul—

1022 301 1116 323 centes
1142 302 1174 322 ac
1193 294 1376 329 deeipientes,
1402 293 1482 328 quasi
1506 292 1541 320 ad
1558 291 1630 319 bona
1651 291 1812 319 inescabant

1024 348 1079 373 me,
1093 340 1158 367 dum
1175 340 1203 367 in
1220 343 1361 374 peccatum
1379 338 1564 366 detraherent.

178 392 372 424 ὑποὸάλλοντές
390 401 439 428 μου
453 392 492 423 εις
500 391 549 427 τὴν
560 390 650 426 ψυχὴν
662 389 796 426 ματαίους
808 386 968 422 λογισμούς·
990 386 1059 413 ἀλλὰ
1072 386 1119 413 καὶ
1133 386 1181 413 σὺν
1195 385 1263 421 δόλῳ
1277 384 1415 420 θέλγοντες
1431 384 1480 411 καὶ
1499 383 1668 417 ἀπατῶντες,
1699 383 1739 416 ὡς
1767 383 1814 411 ἰπὶ

178 438 290 472 ἀγαθοῖς
303 437 441 470 εδελὲαξον
457 437 635 470 καθέλκοντὲς
657 445 690 473 με
704 438 743 468 εἰς
755 436 804 472 τὴν
820 435 967 471 ἁμαρτίαν.

219 485 291 521 Ἐγὼ
311 485 345 512 δὲ
368 485 440 513 ὡσεὶ
471 485 571 520 κωφὸς
595 486 651 512 οὐκ
677 484 801 519 ἤκουον,
822 478 871 510 ita).
895 481 967 509 ὡσεὶ

177 532 293 566 ἇλαλος
318 533 375 559 οὐκ
397 532 527 567 ἀνοίγων
550 531 582 558 τὸ
598 531 695 566 στόμα
720 529 823 557 αὑτοῦ.
843 529 896 556 Καὶ
907 529 970 563 ἐτε-

176 579 277 613 νόμην
290 578 361 605 ὡσεὶ
383 578 538 612 ἄνθρωπος
557 578 612 604 οὐχ
626 577 754 607 ἀκούων,
767 575 815 602 καὶ
827 575 882 602 οὐκ
892 574 972 609 ἔχων

177 626 213 653 ἐν
239 624 280 658 τῷ
306 626 430 659 στόματι
459 623 551 650 αὑτοῦ
576 622 732 657 ὲλεγμούς.
759 621 835 647 Ἐπεὶ
856 620 970 651 τούτοις,

179 670 272 706 φησὶν,
290 670 366 697 οὐδὲν
397 668 469 706 εἶχον
481 670 570 704 λέγειν
593 668 724 703 αἰσχύνης
740 666 953 702 πεπληρωμένος
963 674 970 680 ·

179 718 256 744 οὐδὲν
273 717 327 752 γάρ
345 725 390 752 μοι
407 717 485 750 λόγος
511 713 543 751 ἦν
568 715 635 751 πρὸς
657 712 815 747 ἀπολογίαν,
829 711 883 739 οὐδ’
901 709 972 746 εἶχόν

179 769 239 788 τινα
255 762 313 792 τοῖς,
333 759 440 796 ἐχθροῖς
464 758 700 795 προσφθέγγεσθαι
717 757 791 789 am:
812 757 858 783 ὑπ’
883 755 972 782 αὐτῶν

180 806 371 841 νει.ιικημένος’
386 806 436 832 οὐκ
459 804 570 841 ἐμαυτῷ
593 803 712 840 θαρρῶν,
730 803 784 829 οὐδ’
809 802 892 837 ἄλλην
912 802 973 828 τινὰ

181 852 234 888 πρὸ
244 851 391 887 ὀφθαλμῶν
409 850 522 886 θέμενος
544 850 640 877 ἐλπίδα.
663 850 679 885 ἢ
709 850 749 882 σὲ,
763 849 799 876 τὰ
814 849 863 885 τῆς
876 849 974 880 ἰάσεως

182 895 339 930 ὑπέγραφον
352 894 473 930 ὲμαυτῷ.
495 895 572 922 Ἐπεὶ
597 892 643 921 οὖν
654 895 703 921 ἐπὶ
721 894 759 921 σὲ
777 893 905 928 ἤλπισα,
918 894 976 921 Κύ-

181 949 241 975 ριε,
256 941 275 974 ἡ
303 940 331 967 δὲ
350 940 438 973 ἐλπὶς
457 942 493 967 οὺ
518 941 729 975 καταισχύνει·
751 940 795 967 διὰ
822 940 900 966 τοῦτο
918 940 975 966 εἰσ-ε

183 985 297 1021 oration,
307 985 347 1012 ὃτι
361 985 475 1021 οελητὴς
490 985 581 1017 ἐλέους
594 984 629 1017 εἴ,
641 986 688 1012 καὶ
700 986 729 1012 οὐ
746 985 831 1017 θέλεις
843 985 888 1011 τὸν
898 985 977 1012 θάνα-

183 1040 228 1058 τον
248 1031 293 1058 τοῦ
321 1031 496 1066 ἁμαρτωλοῦ,
523 1032 560 1063 ὡς
580 1033 628 1070 τὴν
651 1031 794 1067 μετάνοιαν
810 1030 902 1058 αὑτοῦ.
919 1031 975 1062 Διὸ,

185 1077 297 1109 ἐλπίσας
320 1077 367 1103 ἐπὶ
393 1077 433 1109 σὲ,
451 1077 567 1104 ἱκετεύω
591 1078 639 1112 τῆς
661 1077 736 1113 παρὰ
755 1076 801 1103 σοῦ
828 1076 976 1112 θεραπείας

183 1124 291 1157 τυχεῖν·
314 1122 436 1156 Μήποτε
464 1122 630 1157 ἐπιχαρῶσι
654 1132 704 1157 μοι
725 1124 752 1149 οἱ
779 1123 880 1156 ἐχθροί
905 1131 975 1157 μου,

183 1170 259 1196 οὔπω
281 1170 330 1204 μὲν
355 1170 409 1204 γὰρ
436 1169 576 1200 παντελῶς
597 1169 747 1205 ἐχάρησαν.
766 1168 976 1204 Ἑπιχαροῦνται

182 1215 210 1242 δὲ
220 1236 226 1247 ,
241 1215 264 1241 εἰ
284 1215 320 1250 μὴ
335 1215 444 1251 τύχοιμι
457 1215 503 1241 τοῦ
520 1215 566 1242 σοῦ
592 1215 693 1247 ἐλέους.
717 1215 788 1241 Ἀλλ’
802 1215 846 1241 ἵνα
867 1214 904 1250 μὴ
918 1215 977 1240 ἑπι-

182 1262 291 1298 χαρεῖέν
310 1270 354 1297 μοι
367 1262 392 1288 οἱ
405 1261 498 1298 ἐχθροί
516 1270 577 1297 μου,
591 1261 616 1287 οἱ
630 1261 679 1297 ήδη
692 1261 739 1287 καὶ
751 1261 884 1296 πρότερον
898 1261 926 1286 ὲν
937 1259 976 1295 τῷ

185 1306 347 1341 σαλευθῆναι
361 1306 445 1338 πόδας
461 1315 511 1341 μου
535 1306 870 1341 μεγαλοῤῥημονήσαντες,
883 1304 930 1331 ἐπὶ
948 1304 978 1331 σὲ

184 1351 348 1386 κατέφυγον,
360 1351 406 1378 καί
419 1360 489 1386 φημι
502 1359 508 1367 ·
526 1350 575 1385 Μὴ
593 1351 845 1386 καταισχυνθείην
863 1351 907 1383 εὶς
926 1350 979 1377 τὸν

185 1397 288 1424 αιῶνα.
299 1397 336 1423 Οὐ
345 1397 399 1432 γὰρ
409 1397 496 1432 πάντη
508 1396 707 1432 περιετράπην,
723 1396 784 1422 οὐδὲ
799 1395 900 1431 πτῶμα
915 1395 980 1422 ἐπε-

188 1451 234 1470 σον
245 1442 375 1474 τοιοῦτον,
390 1440 445 1468 οἷον
458 1443 482 1468 οἱ
495 1443 648 1469 ἀποστάται
663 1450 710 1468 σου
726 1441 876 1477 γενόμενοι.

188 1542 242 1569 ΕΙΣ
252 1542 296 1568 ἸὈ
312 1542 421 1568 ΤΕΛΟΣ
436 1542 478 1567 ΤΩ
491 1541 639 1574 ΙΔΙΘΟΥΜ,
653 1542 718 1568 ΩΔΗ
738 1542 780 1567 ΤΩ
796 1542 895 1568 ΔΛΥΙΔ
911 1542 976 1568 AH'.

223 1627 326 1663 Πολλὴν
343 1627 371 1654 δὲ
399 1627 547 1663 ἐμφέρειαν
571 1627 627 1662 ἔχει
646 1627 680 1654 τὰ
704 1628 734 1653 ὲν
754 1628 786 1663 τῇ
811 1627 981 1664 προκειμένῃ

187 1673 243 1710 ᾠδῇ
260 1673 394 1708 λεγόμενα
415 1676 471 1705 τοῖς
492 1674 521 1700 ὲν
537 1673 576 1709 τῷ
598 1673 650 1710 πρὸ
665 1674 760 1700 τούτου
778 1673 887 1709 ψαλμῷ.
910 1673 980 1700 Ἀλλ’

188 1721 290 1748 ἐκεῖνον
309 1720 358 1755 μὲν
371 1720 385 1746 ὁ
403 1719 484 1746 Δαυῖδ
499 1719 619 1754 ψάλλων,
641 1720 684 1753 εὶς
701 1719 874 1755 ἀνάμνησιν
891 1718 982 1754 ἑαυτῷ

189 1765 366 1791 συνέταττεν·
399 1763 473 1796 οὗτος
487 1765 516 1791 δὲ
538 1765 587 1801 ἥδη
610 1765 658 1792 καὶ
680 1765 790 1801 ἑτέρους
813 1764 981 1801 παραδίδωσι

188 1809 251 1841 τοὺς
262 1809 296 1836 τὰ
311 1810 392 1845 ὃμοια
405 1809 573 1840 πεπονθότας
589 1809 673 1844 αὐτῷ,
689 1810 733 1836 διὰ
750 1810 800 1845 τῆς
813 1810 873 1846 ἴσης
886 1810 982 1845 ἐξομο-

189 1856 327 1890 λογήσεως
340 1854 437 1890 ζηλοῦν
448 1855 528 1881 αὑτὸν
553 1855 601 1881 καὶ
621 1855 763 1891 μιμεῖσθαι
783 1855 918 1882 παιδεύων
931 1863 938 1870 ·
957 1855 983 1881 ει

192 1902 229 1938 μὴ
238 1901 291 1936 ἄρα
307 1901 337 1927 τὸ
351 1901 464 1936 Πνεῦμα
481 1901 511 1927 τὸ
525 1901 601 1935 ἆγιον
616 1901 660 1928 διὰ.
680 1901 726 1927 τοῦ
753 1900 872 1936 Ἰδιθοὺμ
896 1900 983 1927 ταῦτα

190 1947 235 1974 τὸν
249 1947 329 1974 Δαυῒδ
341 1947 464 1973 ἐδίδασκε
478 1947 578 1981 λέγειν.
601 1946 713 1979 Ἦξίωτο
729 1946 782 1982 γὰρ
803 1947 851 1973 καὶ
873 1946 954 1978 αὐτὸς
970 1948 984 1973 ὸ

198 1992 313 2027 Ἰδιθοὺμ
329 1992 483 2026 πνεύματος
502 1991 682 2028 προφητικοῦ.
707 1991 887 2026 Μανθάνομεν
901 1991 929 2017 δὲ
941 1990 986 2017 διὰ

191 2039 246 2066 τῶν
264 2039 462 2076 προκειμένων,
477 2039 514 2071 ὠς
538 2039 592 2074 ἄρα
609 2039 741 2074 προσήκει
765 2038 879 2065 ἕκαστον
897 2037 985 2072 ἐαυτῷ

192 2086 372 2121 διαλέγεσθαι,
397 2086 464 2121 μηδὲ
490 2086 648 2121 περιμένειν
667 2086 729 2116 τοὺς
744 2083 842 2117 ἔξωθεν
860 2082 987 2110 διδασκά-

192 2132 264 2165 λους,
292 2133 372 2159 αὑτὸν
387 2133 421 2159 δι’
444 2132 542 2159 ἑαυτοῦ
572 2130 789 2167 προσομιλοῦντα
812 2129 851 2164 τῷ
864 2128 986 2164 λογισμῷ

193 2180 240 2206 καὶ
254 2180 286 2214 τῇ
305 2179 418 2214 διανοίᾳ.

1059 477 1140 505 Vens.
1174 477 1215 504 l7.
1244 476 1299 511 Ego
1331 480 1420 502 autem
1463 478 1588 510 tanquam
1619 475 1718 502 surdus
1758 483 1812 511 non

1023 522 1172 554 audiebam,
1199 527 1222 550 et
1245 522 1313 548 sicut
1336 525 1423 547 mutus
1451 527 1503 546 non
1528 519 1648 553 operiens
1671 528 1700 548 οε
1723 528 1811 549 suum.

1025 569 1059 596 Et
1069 570 1156 604 factus
1172 577 1230 596 sum
1242 569 1310 595 sicut
1326 558 1470 593 ltomo'non
1482 565 1603 599 audiens,
1614 571 1639 593 et
1651 574 1704 593 non
1716 566 1813 596 habent

1024 615 1052 642 in
1063 623 1106 642 ore
1131 623 1179 642 suo
1201 614 1410 649 redargutiones.
1434 611 1590 645 Quoniam,
1617 610 1727 646 inquit,
1748 612 1815 641 mihi

1026 660 1131 695 pudore
1159 659 1274 690 suti‘uso,
1299 658 1368 686 nihil
1396 657 1558 693 suppetebat
1577 656 1651 692 quod
1673 656 1814 692 dicerem;

1027 706 1120 734 nullus
1133 706 1234 741 quippe
1256 704 1290 732 ad
1306 703 1493 744 defensionem
1511 709 1602 729 sermo
1623 701 1814 736 succurrebat,

1026 760 1116 788 neque
1140 752 1277 782 inimicos,
1295 749 1378 779 semel
1400 749 1434 776 ab
1449 749 1483 777 iis
1497 749 1598 779 victus.
1616 748 1718 783 alloqui
1741 748 1816 777 vale-

1026 798 1100 830 bam,
1115 797 1182 825 mihi
1198 805 1252 824 non
1271 796 1368 826 ﬁdens,
1387 801 1475 831 neque
1488 794 1568 820 aliam
1585 797 1683 828 prmter
1697 797 1724 821 te
1739 801 1815 830 spem

1026 851 1082 880 prae
1104 843 1194 871 oculis
1212 843 1327 875 habens,
1352 841 1426 868 hunc
1441 839 1509 867 mihi
1526 839 1679 867 curationis
1704 839 1816 867 modum

1026 889 1194 926 praescripsi.
1215 888 1348 922 Quoniam
1366 887 1450 921 igitur
1470 886 1498 914 in
1515 891 1539 913 te
1555 885 1668 920 sperari.
1694 885 1815 919 Domine,

1025 944 1083 971 spes
1108 939 1199 962 autem
1219 943 1271 961 non
1294 933 1432 968 confundit
1445 933 1487 966 9‘;
1505 932 1566 959 ideo
1590 931 1732 964 exaudies,
1752 932 1817 967 quia

1028 980 1247 1008 misericordiam
1273 979 1324 1011 \‘is,
1349 985 1438 1013 neque
1456 977 1496 1004 vis
1513 980 1627 1003 mortem
1645 976 1811 1011 peccatoris,

1028 1027 1075 1055 sed
1095 1025 1281 1062 paenitentiam
1300 1025 1369 1059 ejus.
1389 1023 1479 1056 Quare
1509 1030 1571 1049 cum
1602 1022 1628 1048 in
1646 1026 1672 1049 te
1691 1029 1818 1057 sperave-

1027 1072 1090 1104 rim,
1109 1071 1225 1099 obsecro
1251 1076 1326 1097 tuam
1352 1069 1419 1096 mihi
1446 1070 1615 1096 curationem
1640 1068 1764 1095 oblinere
1785 1067 1818 1094 li-

1026 1117 1270 1153 ceatzNequando
1297 1115 1509 1151 supergaudeaut
1538 1114 1603 1141 mihi
1629 1114 1731 1141 inimici
1755 1114 1817 1145 mei,

1027 1166 1150 1194 nondum
1164 1165 1237 1192 enim
1254 1164 1363 1199 penitus
1380 1163 1467 1198 gavisi
1479 1165 1553 1190 sunt.
1574 1161 1819 1197 Supergaudebuut

1028 1216 1129 1244 autem,
1144 1210 1200 1237 nisi
1213 1208 1429 1237 misericordiam
1442 1215 1597 1242 consequar
1610 1211 1683 1233 tuam
1698 1216 1704 1234 :
1722 1206 1770 1234 sed
1784 1214 1819 1234 ne

1027 1256 1248 1293 supergaudeant
1275 1255 1342 1282 mihi
1368 1253 1472 1282 inimici
1499 1254 1562 1285 mei,
1589 1253 1636 1288 qui
1659 1252 1715 1288 jam
1740 1258 1819 1280 antea

1028 1311 1091 1332 cum
1113 1304 1352 1330 commoverentur
1369 1300 1452 1334 pedes
1473 1298 1526 1326 mei
1546 1305 1646 1332 magna
1670 1298 1821 1333 loqueban-

1029 1354 1084 1382 tur,
1097 1348 1131 1375 ad
1145 1352 1171 1375 te
1188 1346 1310 1382 confugi,
1329 1353 1361 1372 ac
1375 1345 1449 1377 dico,
1463 1343 1524 1371 Non
1539 1342 1689 1378 confundor
1704 1343 1731 1370 in
1744 1348 1822 1371 tuter—

1030 1404 1103 1423 mtm.
1125 1394 1219 1430 Neque
1242 1393 1313 1421 enim
1335 1391 1444 1427 penitus
1463 1397 1577 1417 eversus
1592 1397 1664 1421 sum,
1686 1397 1774 1425 neque
1792 1389 1821 1416 in

1031 1441 1112 1468 talem
1126 1440 1234 1467 ruinam
1255 1438 1386 1473 delapsus
1406 1436 1514 1471 qualem
1530 1435 1549 1462 ii
1561 1435 1609 1470 qui
1626 1434 1674 1462 abs
1697 1438 1724 1462 te
1743 1441 1822 1469 pror-

992 1493 1013 1523 ρ
1030 1495 1078 1515 sus
1097 1485 1267 1513 defecerunt.

1067 1542 1094 1569 1.
1113 1541 1145 1568 ΙΝ
1165 1539 1271 1567 FINEM
1292 1535 1647 1600 lDlil‘lil‘ilxllillCANTICUil
1669 1534 1785 1563 DAVID.

1066 1622 1133 1655 Qua:
1148 1621 1175 1648 in
1193 1622 1245 1648 hoc
1267 1620 1375 1647 cantico
1400 1622 1508 1646 exstant
1529 1616 1642 1644 multam
1666 1615 1823 1643 all‘mitatem

1032 1667 1133 1696 habent
1147 1675 1210 1695 cum
1233 1667 1268 1694 iis
1284 1673 1346 1701 quae
1368 1665 1395 1692 in
1422 1664 1583 1700 praecedenti
1601 1663 1705 1698 psalmo
1729 1662 1824 1696 legun-

1033 1718 1087 1741 tur.
1106 1713 1159 1741 Sed
1182 1713 1258 1740 illum
1283 1711 1394 1747 quidem
1414 1710 1534 1745 psallens
1547 1709 1631 1736 David
1649 1708 1677 1735 in
1701 1715 1825 1734 rememo-

1033 1761 1164 1788 rotioncm
1187 1759 1239 1786 sibi
1261 1756 1431 1792 composuit;
1448 1756 1492 1783 hic
1506 1763 1570 1782 vero
1589 1757 1683 1782 narrat
1697 1754 1767 1781 alios
1785 1754 1824 1781 si-

1033 1807 1109 1834 milia
1124 1813 1284 1842 perpessos,
1301 1812 1372 1839 quos
1383 1803 1416 1831 ad
1431 1802 1473 1830 sui
1488 1802 1667 1829 imitationem
1685 1808 1717 1828 ac
1732 1808 1825 1828 exem-

1034 1852 1109 1888 plum
1122 1851 1156 1879 de
1176 1858 1206 1879 se
1227 1850 1392 1878 sumendum
1405 1848 1537 1876 instituit.
1554 1847 1612 1876 Nisi
1628 1846 1745 1875 fortasse
1762 1845 1824 1881 Spi-

1034 1896 1104 1925 i'itus
1124 1900 1238 1925 sanctus
1257 1894 1386 1923 ldithumi
1399 1894 1553 1922 ministerio
1572 1893 1700 1921 Davidem
1717 1892 1751 1920 ad
1767 1893 1825 1920 haec

1034 1943 1151 1971 dicenda
1167 1941 1313 1970 erudierit.
1338 1939 1407 1968 Nam
1432 1940 1491 1975 ipse
1507 1947 1619 1975 quoque
1632 1938 1750 1966 ldithum
1771 1939 1826 1974 spl-

1035 1989 1089 2016 ritu
1105 1987 1266 2023 prophetico
1288 1985 1416 2020 dignatus
1433 1983 1532 2011 fuerat.
1551 1982 1601 2011 His
1615 1989 1699 2018 porro
1721 1982 1823 2010 edisci-

1036 2043 1098 2062 mus
1119 2041 1168 2069 par
1184 2040 1246 2061 esse
1263 2031 1386 2066 singulos
1410 2036 1504 2057 secum
1517 2027 1649 2062 colloqui.
1665 2034 1755 2062 neque
1776 2035 1826 2056 ex-

1036 2081 1175 2108 trinsecus
1197 2078 1345 2114 magistros
1366 2078 1536 2112 exspectare,
1561 2073 1610 2102 sed
1632 2072 1779 2101 ratiocinio
1796 2078 1826 2102 et

1036 2126 1202 2163 cogitatione
1216 2131 1357 2153 sermones
1372 2129 1466 2150 secum
1477 2120 1613 2148 conferre.

229 2209 307 2252 Eia-ia
316 2233 322 2240 ·
338 2209 465 2257 Φυλάξω
478 2224 530 2257 τὰς
547 2224 636 2257 ὁδούς
643 2233 712 2259 μου.
725 2223 792 2250 Κατ’
805 2222 896 2255 αὑτὸν,
907 2223 980 2258 φησὶ,

1074 2218 1156 2245 Vens.
1172 2216 1230 2248 2,5.
1252 2215 1315 2241 Dixi
1329 2222 1337 2241 :
1355 2212 1509 2241 Custodiam
1522 2212 1577 2238 vias
1595 2219 1677 2238 meas.
1694 2210 1768 2245 Ipso,
1783 2209 1827 2237 in-

193 2271 239 2298 τδν
253 2270 348 2306 καιρὸν
377 2269 424 2296 τοῦ
449 2269 613 2305 πειρασμοῦ,
631 2269 857 2299 ἐπαναϐαίνοντός
879 2277 924 2303 μοι
939 2266 986 2294 τοῦ

194 2316 243 2352 τὴν
270 2317 408 2352 ἁμαρτὶαν
430 2314 617 2351 ἐνεργοῦντος,
631 2314 688 2349 ἐγὼ
709 2314 834 2348 ἔλεγον·
864 2312 988 2345 Φυλάξω

195 2364 248 2396 τὰς
267 2362 357 2395 ὁδούς
373 2371 433 2396 μου
455 2360 506 2388 τοῦ
522 2359 565 2395 μὴ
592 2359 773 2394 ἁμαρτάνειν
796 2359 831 2386 ἐν
861 2358 987 2393 γλώσσῃ

192 2419 264 2446 μου.
284 2409 352 2436 Τότε
373 2409 402 2436 δὲ
425 2408 474 2435 καὶ
487 2407 598 2441 ἐθέμην
615 2405 656 2439 τῷ
672 2406 798 2441 στόματι
810 2414 870 2440 μου
893 2407 989 2439 φυλα-

196 2454 268 2490 κήν·
289 2455 339 2481 καὶ
367 2453 528 2488 ἐκωφὼθην
556 2452 606 2479 καὶ
627 2451 837 2485 ἑταπεινώθην,
855 2451 903 2477 καὶ
927 2451 990 2477 ἐσί-

195 2509 278 2537 τησα
292 2500 327 2533 ἐξ
345 2499 474 2533 ἀγαθῶν.
494 2500 523 2526 '0
534 2499 562 2525 δὲ
583 2498 731 2533 Σύμμαχος
749 2496 836 2529 οὕτως
856 2497 991 2532 ἡρμήνευ-

198 2555 261 2574 σεν’
277 2544 388 2574 Εἶπον
407 2544 534 2578 Φυλάξω
548 2543 600 2577 τὰς
610 2543 700 2576 ὁδούς
707 2552 777 2578 μου,
790 2543 833 2577 μὴ
848 2541 991 2577 ἁμαρτεῖν

198 2592 248 2620 διὰ
265 2592 321 2628 τῆς
339 2591 485 2628 γλώσσης
511 2599 580 2625 μου.
611 2589 739 2621 Φυλάξω
758 2589 791 2616 τὸ
811 2589 910 2623 στόμα
930 2597 990 2623 μου

198 2638 287 2674 φιμῷ,
302 2639 345 2666 ἔτι
360 2638 448 2671 ὄντος
462 2636 592 2670 ἀσεϐοῦς
610 2636 644 2669 ἐξ
663 2636 804 2668 ἐναντίας
817 2643 886 2669 μου.
903 2635 990 2661 Ἀλα-

198 2689 254 2719 λος
268 2685 414 2720 ἐγενόμην
433 2682 516 2718 σιγῇ.
531 2682 704 2716 ἐσιωπήθην
717 2681 760 2716 μὴ
776 2679 820 2707 ὢν
833 2681 868 2707 ἐν
880 2679 990 2715 ἀγαθῷ.

206 2733 287 2769 Ὁρᾷς
302 2732 362 2758 τίνα
374 2730 475 2767 τρόπον
491 2729 539 2765 τὴν
549 2729 638 2756 αἰτίαν
650 2728 697 2755 τοῦ
712 2728 750 2764 μὴ
761 2727 864 2763 τολμᾷν
878 2726 992 2762 διαίρειν

201 2778 231 2805 τὸ
248 2778 336 2813 στόμα
352 2776 470 2808 ἐδίδαξεν
494 2774 578 2801 εἰπών
590 2783 596 2790 ·
609 2773 665 2801 Καὶ
689 2772 848 2804 ἐσιώπησα
869 2770 904 2804 ἐξ
920 2771 993 2806 ἀγα-

202 2823 272 2855 θῶν,
300 2823 328 2857 ἢ,
350 2820 522 2854 ὲσιωπήθην
538 2818 580 2854 μὴ
604 2818 646 2846 ὢν
669 2818 703 2846 ἐν
728 2817 838 2853 ἀγαθῷ,
860 2815 930 2844 κατὰ
944 2815 995 2853 ,τὸν

240 2902 262 2918 ’⁸
283 2901 360 2929 Rom.
378 2909 405 2933 ν,
424 2899 450 2927 5.

1037 2265 1111 2300 quit,
1125 2262 1425 2295 tentationislempore,
1444 2258 1588 2286 invadenle
1601 2265 1644 2284 me
1659 2256 1763 2291 peccati
1781 2263 1827 2282 au-

1038 2314 1125 2341 ctore,
1141 2316 1187 2343 ego
1202 2307 1258 2334 dixi
1276 2305 1451 2333 :Custodium
1464 2304 1520 2331 vias
1535 2311 1620 2330 meas.-
1632 2306 1661 2328 ut
1676 2309 1727 2328 non
1743 2301 1825 2328 delin-

1038 2363 1117 2390 quam
1135 2354 1162 2380 in
1178 2353 1267 2387 lingua
1284 2359 1352 2378 mea.
1370 2350 1450 2377 Tunc
1465 2356 1540 2380 vero,
1555 2348 1634 2382 posui
1653 2347 1694 2373 ori
1709 2355 1765 2373 meo
1781 2355 1827 2373 cu-

1039 2400 1176 2428 stodiant:
1191 2398 1310 2426 obmutui
1332 2401 1356 2424 et
1374 2396 1529 2422 humiliatus
1544 2402 1615 2426 sum,
1631 2398 1655 2421 et
1670 2394 1734 2421 silui
1750 2393 1827 2421 a'bo-

1040 2447 1092 2474 nis.
1107 2445 1288 2482 Symmachus
1304 2447 1395 2471 autem
1407 2443 1448 2471 sic
1464 2442 1661 2475 interpretatus
1675 2444 1726 2471 est,
1743 2439 1808 2467 Dixi
1817 2449 1826 2467 :

1040 2492 1197 2520 Custodiam
1224 2490 1278 2517 vius
1304 2496 1387 2520 meas,
1403 2491 1432 2514 ut
1458 2495 1510 2514 non
1533 2485 1686 2520 delinquant
1708 2493 1755 2519 per
1776 2485 1828 2511 lin-

1040 2545 1119 2574 guam
1134 2545 1230 2564 meam.
1251 2533 1406 2563 Custodiam
1423 2541 1451 2560 os
1467 2540 1552 2559 meum
1569 2531 1655 2566 freno,
1670 2538 1730 2557 cum
1743 2529 1828 2557 adhuc

1040 2585 1075 2612 sit
1087 2584 1184 2618 impius
1198 2582 1336 2609 adversum
1355 2588 1405 2607 me.
1426 2578 1517 2606 Mutus
1529 2578 1616 2612 factus
1637 2585 1694 2603 sum
1710 2575 1826 2607 sitentio,

1042 2630 1114 2658 tacui
1129 2630 1157 2656 in
1171 2629 1237 2656 bona
1253 2636 1304 2655 non
1324 2627 1451 2654 existens.
1472 2623 1567 2651 Viden‘
1589 2630 1644 2658 quo
1665 2625 1746 2657 pacto
1765 2628 1829 2648 cau-

1040 2685 1099 2705 sam
1116 2675 1222 2707 all‘erat,
1247 2682 1297 2702 cur
1318 2681 1372 2701 non
1395 2671 1494 2699 audeat
1508 2678 1539 2698 os
1564 2669 1670 2705 aperire
1695 2675 1757 2696 cum
1778 2668 1827 2699 ait.

1041 2727 1066 2750 et
1084 2721 1146 2750 silui
1160 2729 1177 2748 a
1194 2720 1286 2750 bonis;
1302 2719 1345 2746 vel
1359 2713 1509 2746 secundu'm
1527 2714 1729 2752 Symmachum,
1745 2714 1828 2745 tacui,

1043 2769 1071 2796 in
1092 2768 1158 2795 bona
1181 2775 1233 2794 non
1251 2766 1366 2793 existens
1376 2765 1388 2792 ξ)
1400 2763 1469 2791 Cum
1485 2762 1557 2790 enim
1571 2762 1599 2789 in
1616 2760 1697 2789 bonis
1712 2767 1767 2788 non
1782 2767 1830 2786 ex-

1045 2815 1168 2846 islcrem,
1190 2818 1280 2847 neque
1299 2810 1427 2838 liduciam
1445 2808 1582 2841 haberem,
1595 2806 1753 2835 recordatus
1768 2812 1829 2834 sum
