4098 6378
469 298 576 355 διτ

1182 291 1450 349 ECSEBII
1486 288 1967 348 CESARIENSIS
2011 286 2141 344 OPP
2190 286 2370 344 PARS
2397 286 2484 342 ill.
2527 318 2595 332 --
2637 287 3047 347 EXEGETICA.

3615 297 3722 352 553

466 412 590 481 ejus
630 410 722 482 qui
756 411 831 464 ait
864 431 876 464 :
906 410 1169 471 Peccasti,
1209 411 1416 480 quiesce
1441 410 1487 441 "
1515 428 1529 464 :
1576 423 1749 480 quare
1783 408 1926 463 tacui
1981 406 2019 460 ii

2139 404 2461 476 Σύμμαχον;
2496 404 2587 476 Μὴ
2616 421 2724 476 γαρ
2746 405 2822 459 ὣν
2877 409 2936 461 ἐν
2976 407 3219 477 ἀγαθοῖς,
3245 409 3379 481 μηδὲ
3414 414 3724 484 παρρησίαν

469 503 609 558 bona
640 519 743 555 non
776 502 1025 556 existens.
1086 498 1273 572 Neque
1305 500 1480 554 solum
1520 497 1756 552 obmutui
1783 506 1833 552 et
1864 496 2040 549 numi-

468 597 632 652 liatus
671 610 788 650 sum
817 603 864 648 et
912 592 1037 647 silui
1065 609 1097 645 a
1143 590 1315 656 bouis,
1361 590 1456 647 sed
1490 591 1677 652 etiam,
1704 589 1855 643 dolor
1897 602 2041 641 meus

463 696 743 742 renovatus
787 695 885 739 est.
922 682 1057 738 Nam
1096 683 1252 739 dolor
1300 683 1496 737 anima:
1543 698 1696 745 meae,
1733 688 1787 736 et
1821 681 1977 734 ulcus
2009 694 2042 734 a

464 785 692 849 peccato
738 777 869 831 mihi
902 777 1136 840 illatum,
1168 790 1293 829 cum
1335 775 1392 829 in
1436 775 1604 828 imum
1649 781 1839 843 pectus
1887 769 2043 826 deve-

464 871 657 932 nisset,
685 879 739 924 et
772 869 828 923 in
870 868 990 934 ipsa
1034 866 1373 922 conscientia
1408 865 1639 921 inﬁxum
1682 871 1849 929 esset,
1885 877 2043 917 reno-

462 964 714 1028 vabatur,
771 963 1011 1018 instante
1060 969 1225 1032 atque
1273 958 1640 1029 exprobrante
1681 957 1892 1029 peccati
1940 970 2039 1010 au-

458 1058 638 1111 ctare.

526 1314 696 1372 Vnus.
728 1314 765 1370 4
793 1344 821 1359 -
851 1314 907 1369 6.
948 1314 1227 1370 Concaluit
1259 1329 1350 1367 cor
1376 1303 1549 1367 meum
1591 1312 1735 1365 intra
1776 1326 1878 1365 me.
1928 1307 2037 1363 Me-

454 1422 601 1469 mor,
636 1406 838 1475 inquit,
873 1406 1106 1475 peccati,
1137 1404 1309 1457 animi
1341 1402 1583 1471 deliquio
1613 1417 1713 1456 ceu
1743 1401 1867 1470 igne
1888 1413 2037 1453 eom-

455 1495 730 1552 burebar:
759 1497 828 1549 ab
871 1493 1098 1565 ipsaque
1134 1493 1471 1548 conscientia
1512 1492 1793 1555 incensus,
1827 1490 2033 1543 locutus

453 1603 574 1642 sum
599 1588 654 1641 in
682 1585 863 1658 lingua
894 1603 1009 1640 mea
1034 1603 1052 1639 :
1080 1583 1281 1640 Notum
1305 1585 1392 1654 [ac
1422 1585 1572 1649 mihi,
1606 1582 1850 1645 Domine,
1875 1582 2033 1651 ﬁnem

453 1696 648 1734 meum.
686 1678 862 1734 Etiam
891 1687 1016 1750 post
1037 1677 1470 1740 confessionem,
1503 1676 1595 1747 qui
1621 1675 1753 1729 mihi
1781 1674 1905 1729 linis
1948 1672 2027 1726 lu-

2142 494 2312 563 ἇγων,
2346 495 2671 565 ἐμεμνήμην
2703 495 2795 548 τοῦ
2822 495 3072 564 λέγοντος
3092 514 3104 527 ·
3143 499 3449 568 Ἦμαρτες,
3486 501 3722 569 ἡσύχα-

2142 603 2259 639 σον
2280 603 2293 615 ·
2320 585 2400 639 διὸ
2427 584 2740 655 ἐσιώπησα
2757 587 2843 657 μὴ
2871 589 2956 643 ὢν
2988 590 3058 643 ἐν
3077 590 3295 660 ἀγαθῷ.
3344 593 3419 645 Ού
3468 593 3628 663 μόνον
3666 591 3723 647 δὲ

2140 677 2460 746 ἐκωςρώθην
2492 677 2592 730 καὶ
2615 678 2875 748 ἐσίγησα
2907 680 2976 745 ἐξ
3030 680 3288 752 ἀγαθῶν,
3314 682 3449 737 ἀλλά
3494 683 3586 737 καὶ
3615 683 3722 739 ἄλ·-

2139 767 2296 838 τημά
2313 786 2433 837 μου
2459 769 2870 839 ἀνεκαινίσθη.
2898 771 2972 824 Τὸ
2997 771 3103 845 γάρ
3137 772 3238 843 τῆς
3264 772 3439 845 ψυχῆς
3492 792 3593 846 μου
3630 775 3722 828 ἀλ-

2140 877 2235 928 γος
2278 860 2373 913 καὶ
2401 860 2461 913 τὸ
2495 860 2559 914 ἐκ
2586 861 2686 932 τῆς
2725 862 3000 934 ἁμαρτίας
3030 865 3387 936 ἐγγενόμενόν
3415 884 3506 937 μοι
3537 867 3718 931 ἐλκος,

2140 950 2281 1004 κατά
2311 951 2506 1021 βάθους
2564 952 2900 1022 ἐγκείμενον,
2944 956 3038 1008 καὶ
3066 956 3184 1008 κατ’
3209 957 3379 1027 αὐτῆς
3413 957 3513 1028 τῆς
3546 973 3722 1011 συνει-

2137 1041 2342 1111 δήσεως
2396 1042 2858 1112 ἐμπεπηγμένον,
2906 1043 3219 1107 ἀνενεοῦτο,
3268 1044 3719 1110 ἐπαναδαίνοντός

2141 1149 2230 1203 μοι
2278 1133 2372 1185 καὶ
2432 1132 2849 1199 ἐπονειδίζοντος
2897 1133 2989 1187 τοῦ
3030 1135 3127 1207 τὴν
3167 1135 3441 1208 ἁμαρτίαν
3487 1139 3718 1209 ἐνηργη-

2138 1226 2312 1291 κότος.

2219 1318 2570 1388 Ἑθερμάνθη
2602 1320 2639 1386 ἡ
2665 1318 2875 1386 καρδία
2896 1337 3016 1389 μου
3035 1320 3208 1387 ἐντός
3221 1338 3360 1390 μου.
3380 1320 3718 1392 Ἀναμιμνη-

2137 1409 2419 1480 σκόμενος,
2452 1409 2609 1479 φησι,
2641 1410 2739 1479 τῆς
2763 1410 3056 1478 ἁμαρτίας,
3098 1410 3196 1481 τῆς
3221 1409 3458 1481 ἀθυμίας
3499 1412 3719 1483 ἐνεπιμ-

2135 1502 2359 1573 πράμην
2407 1500 2560 1572 πυρὶ,
2593 1501 2685 1554 ὑπ’
2720 1499 2888 1570 αὐτῆς
2935 1501 3276 1572 πυρούμενος
3317 1503 3419 1571 τῆς
3471 1503 3719 1573 συνειδή-

2136 1591 2621 1658 σεως,Ἐ.1άλησα
2652 1592 2722 1645 ἐν
2746 1592 2996 1662 γλώσσῃ
3039 1610 3188 1662 μουο
3241 1592 3551 1661 Γνώρισόν
3591 1613 3717 1664 μοι,

2133 1684 2331 1752 Κύριε,
2366 1682 2432 1736 τό
2465 1681 2654 1752 πέρας
2676 1701 2814 1751 μου.
2841 1684 2953 1737 καὶ
3002 1683 3138 1755 μετά
3184 1685 3283 1756 τὴν
3329 1684 3718 1757 ἐξομολόγησιν

454 1771 614 1818 turus
642 1762 714 1818 sit
746 1762 992 1818 ediscere
1017 1762 1258 1832 postulo.
1293 1761 1419 1817 Haac
1452 1777 1617 1832 porro
1651 1761 1868 1815 dicebat
1899 1772 2019 1813 cum

2124 1775 2311 1828 ὁποίου
2345 1774 2535 1838 τέλους
2565 1773 2828 1847 τεύξομαι
2865 1775 3056 1848 μαθεῖν
3092 1777 3246 1842 ἀξιῶ.
3280 1777 3624 1851 Βαρούμενος
3661 1778 3720 1832 δὲ

451 1854 690 1924 graviter
708 1862 1067 1925 premeretur,
1104 1861 1258 1909 ratus
1278 1861 1686 1922 temporaneam
1715 1852 1858 1905 hanc
1879 1863 2026 1902 mor-

448 1946 721 2016 talemque
750 1945 918 1999 vitam
951 1944 1023 2000 ob
1056 1944 1274 1998 taedium
1309 1943 1723 2012 molestiamque
1755 1941 1874 2010 ejus
1897 1938 2021 1992 diu-

447 2038 825 2094 turnissimam
856 2052 999 2092 esse.
1033 2034 1215 2104 Quare
1259 2035 1444 2090 obitus
1475 2034 1578 2089 sibi
1622 2042 1836 2103 tempus
1882 2030 2025 2085 indi-

447 2127 562 2182 cari
593 2126 935 2198 peroptabat,
985 2134 1046 2180 ut
1098 2132 1327 2195 accepto
1360 2124 1629 2178 libertatis
1660 2138 1723 2177 ac
1766 2122 2023 2177 tentatio-

448 2236 578 2275 num
614 2222 795 2276 exitus
828 2218 1011 2272 fausto
1060 2218 1278 2282 nuntio,
1316 2216 1573 2270 alacriter
1610 2224 1811 2285 ageret.
1847 2213 1902 2267 in
1942 2229 2023 2267 se-

447 2309 748 2378 quentibus
776 2323 906 2362 vero
936 2307 1018 2361 sic
1050 2307 1126 2360 ait
1153 2326 1167 2361 :
1192 2304 1408 2359 Advena
1449 2320 1540 2373 ego
1571 2320 1688 2358 sum
1722 2303 1861 2373 apud
1893 2314 1940 2356 te
1969 2310 2021 2357 et

445 2398 770 2468 peregrinus,
803 2399 937 2451 sicut
965 2413 1142 2450 omnes
1167 2404 1346 2465 patres
1379 2396 1497 2447 mei.
1535 2391 1668 2446 Ecce
1694 2393 2023 2447 mensurabi-

445 2488 520 2542 les
549 2468 775 2556 posuisti
807 2487 918 2541 dies
972 2505 1134 2553 meos,
1183 2498 1233 2541 et
1281 2486 1582 2540 substantia
1617 2503 1731 2540 mea
1768 2495 2020 2555 tanquam

445 2579 669 2633 nihilum
703 2588 826 2633 ante
872 2587 939 2633 te.
988 2577 1095 2632 Pro
1140 2594 1250 2648 quo
1285 2577 1665 2650 Symmachus,
1706 2576 1840 2631 Ecce
1869 2576 2024 2648 quasi

438 2671 708 2741 palmares
755 2669 951 2725 dedisti
993 2670 1106 2724 dies
1158 2687 1321 2734 meos,
1370 2668 1561 2724 edidit.
1591 2668 1745 2723 Alius
1787 2667 2022 2723 fortasse

441 2764 665 2825 dixerit,
713 2762 1039 2827 παλαιστάς,
1075 2763 1192 2817 sive
1238 2762 1592 2816 adversarios
1621 2760 1739 2816 dies
1778 2760 2021 2815 hominis

440 2862 689 2918 vocatos,
722 2855 850 2925 quia
880 2855 1203 2918 certamine,
1234 2853 1435 2926 πάλης,
1460 2855 1574 2909 sive
1611 2869 1790 2925 pugna
1819 2860 1873 2908 et
1894 2860 2017 2906 ten-

439 2945 743 3001 tationibus
773 2934 1129 3015 Fepletisunt.
1155 2943 1529 3015 Deincepsque
1559 2945 1636 2998 ait
1662 2965 1674 3000 :
1702 2945 2020 3000 Substantia

440 3054 559 3092 mea
592 3018 841 3107 tanquam
883 3037 1107 3091 nihilum
1153 3047 1275 3090 ante
1309 3046 1395 3099 te;
1425 3053 1523 3107 pro
1564 3052 1674 3107 quo
1708 3039 1903 3108 Aquila
1933 3040 2020 3093 in-

441 3138 797 3200 terpretatur,
825 3138 876 3183 et
923 3128 1179 3184 demersio
1209 3147 1326 3184 mea
1369 3132 1524 3200 quasi
1551 3148 1656 3185 non
1686 3139 1764 3185 est
1798 3132 1852 3184 in
1891 3148 2009 3185 con-

439 3233 621 3293 spectu
656 3232 772 3287 tuo;
810 3221 1174 3293 Symmachus
1201 3238 1354 3287 vero,
1384 3233 1434 3276 et
1471 3222 1576 3276 vita
1610 3239 1725 3277 mea
1744 3224 1899 3294 quasi
1931 3224 2013 3278 ni-

322 3350 331 3355 -
439 3314 516 3369 hil
547 3331 726 3369 coram
757 3326 825 3368 te.
863 3313 1111 3385 Namque
1144 3321 1317 3376 totum
1359 3317 1486 3371 vitae
1523 3315 1762 3369 hominis
1798 3325 2016 3384 tempus

436 3422 562 3465 cum
615 3408 726 3462 vita
769 3406 861 3460 Dei
912 3414 1077 3476 atque
1133 3408 1349 3462 saeculis
1397 3407 1681 3461 immensis
1727 3406 2013 3472 collatum,

435 3499 597 3570 quasi
626 3500 856 3553 nihilum
893 3506 978 3553 est
1023 3498 1078 3553 in
1123 3506 1422 3569 conspectu
1458 3496 1573 3551 Dei.
1603 3496 1784 3564 Quare
1814 3497 1922 3549 alio
1959 3498 2011 3550 in

436 3591 560 3646 loco
592 3592 800 3646 dictum
828 3611 841 3647 :
874 3591 1004 3646 Caeli
1045 3590 1306 3660 peribunt,
1342 3600 1395 3643 tu
1430 3598 1604 3643 autem
1633 3605 1929 3660 permanes,
1963 3598 2013 3643 et

436 3700 617 3739 omnes
671 3684 803 3737 sicut
829 3685 1188 3737 vestimentum
1218 3690 1537 3736 veterascent
1564 3698 1582 3735 :
1604 3690 1653 3735 et
1686 3682 1820 3735 sicut
1862 3698 2012 3751 oper-

440 3775 635 3830 torium
681 3776 906 3828 mutabis
936 3791 1022 3831 eos
1050 3783 1097 3828 et
1144 3774 1512 3828 mutabuntur.
1549 3773 1627 3829 Tu
1666 3783 1838 3828 autem
1873 3776 2011 3829 idem

437 3864 550 3933 ipse
577 3881 653 3927 es,
685 3872 734 3917 et
768 3864 895 3917 anni
925 3865 1002 3917 tui
1047 3880 1151 3917 non
1195 3863 1522 3933 deﬁcient".
1555 3861 1663 3918 Sed
1693 3863 1855 3917 etiam
1894 3877 2012 3917 om—

437 3956 529 4010 nia
576 3954 859 4009 hominum
902 3955 1104 4020 stutlia,
1140 3955 1355 4010 vanitas
1390 3958 1689 4010 vanitatnm
1734 3963 1896 4022 sunt;
1933 3962 2007 4017 et,

436 4048 684 4103 universa
722 4050 954 4113 vanitas,
1024 4050 1193 4104 omnis
1239 4049 1391 4103 homo
1424 4050 1635 4111 vivens;
1673 4048 1808 4112 sive,
1841 4049 2009 4103 omnis

436 4139 589 4194 homo
617 4142 957 4204 constitutus,
1003 4141 1305 4195 secundum
1348 4139 1634 4210 Aquilam;
1665 4141 1797 4203 sive,
1841 4143 2009 4195 omnis

435 4233 591 4287 homo
616 4242 789 4294 stans,
817 4230 1118 4285 secundum
1154 4230 1563 4303 Symmachum.
1586 4230 1722 4285 Nam
1750 4233 1842 4300 qui
1866 4250 2011 4288 nunc

435 4331 567 4387 stat,
605 4338 670 4376 ac
701 4322 954 4392 praasenti
1001 4330 1244 4392 tempore
1278 4323 1443 4376 vitam
1485 4323 1752 4385 decurrit,
1794 4325 2010 4380 vanitas

435 4431 571 4472 sane
606 4414 794 4468 fuerit.
830 4411 890 4466 Si
923 4414 1108 4483 itaque
1141 4414 1290 4467 nulla
1315 4414 1628 4469 hominibus
1657 4416 1862 4471 inesset
1884 4432 2010 4486 spes

2126 1866 2299 1920 ταῦτα
2326 1867 2502 1936 ἔλεγε,
2524 1866 2623 1938 τὴν
2657 1869 2989 1941 πρόσκαιρον
3021 1870 3118 1923 καὶ⁵
3140 1869 3339 1942 θνητὴν
3369 1870 3515 1942 ζωὴν
3546 1871 3635 1925 διὰ
3655 1876 3718 1924 τὺ

2125 1957 2357 2029 ἐπαχθὲς
2405 1960 2574 2030 αὐτῆς
2620 1960 2969 2032 μακροτάτην
3015 1961 3338 2032 ἡγούμενος.
3379 1962 3470 2016 Διὸ
3518 1979 3718 2034 γνωρι-

2126 2046 2319 2119 σθῆναι
2350 2049 2499 2119 αὐτῷ
2524 2049 2615 2102 τὸν
2638 2049 2740 2119 τῆς
2780 2050 3100 2124 ἀπαλλαγῆς
3163 2053 3355 2124 χρόνον
3384 2054 3570 2108 ἐπόθει
3591 2072 3605 2084 ο
3643 2055 3713 2107 ἵν’

2123 2137 2358 2210 εὔθυμος
2405 2139 2634 2210 γένοιτο,
2666 2142 2765 2212 τὴν
2799 2141 2908 2195 ἀπὸ
2950 2143 3059 2195 τῶν
3105 2143 3232 2215 τῇδε
3280 2142 3592 2217 ἐλευθερίαν
3620 2145 3718 2198 καὶ

2120 2229 2229 2282 τῶν
2259 2232 2629 2304 πειρατηρίων
2657 2232 2754 2302 τὴν
2781 2234 3100 2305 ἀπαλλαγὴν
3134 2236 3565 2304 εύαγγελισθείς.
3603 2237 3715 2289 Καὶ

2122 2323 2180 2375 ἐν
2213 2324 2324 2386 τοῖς
2360 2322 2404 2376 δ’
2435 2323 2561 2394 ἐξῆς
2605 2323 2809 2395 προῖὼν
2853 2324 3067 2393 ἔλεγεν
3101 2326 3396 2395 Πάροικος
3441 2326 3555 2397 ἐγώ
3597 2328 3715 2396 εἰμι.

2123 2414 2280 2483 παρὰ
2303 2416 2402 2468 o’ol
2439 2415 2536 2469 καὶ
2572 2416 3003 2486 παρεπίδημος,
3030 2417 3225 2487 καθὼς
3254 2418 3477 2486 πάντες
3516 2422 3570 2473 οἱ
3594 2434 3709 2472 πα·-

2122 2501 2286 2570 τέρες
2309 2521 2450 2573 μου.
2472 2503 2616 2558 Ἰδοὺ
2646 2507 2986 2572 παλαιστὰς
3012 2507 3153 2562 ἕθου
3181 2507 3289 2574 τὰς
3319 2508 3543 2578 ἡμέρας
3567 2526 3713 2578 μου,

2123 2595 2221 2647 καὶ
2266 2596 2304 2663 ἡ
2351 2596 2696 2664 ὑπόστασίς
2726 2616 2847 2666 μου
2892 2598 3036 2652 ὡσεὶ
3082 2599 3261 2653 οὐθὲν
3291 2599 3548 2653 ἐνώπιόν
3572 2616 3708 2655 σου.

2135 2687 2275 2741 Ἀνθ’
2304 2683 2364 2742 οὗ
2396 2691 2424 2743 6
2463 2689 2780 2761 Σύμμαχος,
2811 2689 2957 2745 Ἰδοὺ
3006 2693 3088 2758 ὡς
3133 2692 3433 2762 σπιθαμὰς
3488 2692 3715 2759 ἔδωκας

2122 2777 2229 2845 τὰς
2279 2778 2506 2848 ἡμέρας
2541 2800 2682 2850 μου,
2719 2782 3201 2848 ἐξέδωκεν.’Δλλος
3241 2783 3285 2837 δ’
3313 2784 3379 2838 ἂν
3424 2786 3567 2839 είποι
3600 2800 3712 2840 πα-

2120 2872 2377 2940 λαιστὰς
2404 2876 2657 2947 εἰρῆσθαι
2680 2875 2778 2940 τὰς
2809 2877 2918 2931 τῶν
2952 2876 3255 2951 ἀνθρώπων
3280 2879 3513 2950 ἡμέρας,
3541 2878 3631 2933 διὰ
3653 2880 3716 2933 τὸ

2124 2959 2519 3040 πεπληρῶσθαι
2572 2969 2743 3034 αὐτὰς
2787 2969 2998 3039 ἀγῶνος
3036 2973 3130 3025 καὶ
3160 2972 3338 3042 πάλης
3373 2974 3469 3026 καὶ
3516 2990 3710 3045 πειρα-

2120 3056 2344 3128 τηρίων.
2364 3058 2523 3129 Ἑξῆς
2559 3061 2771 3124 τούτοις
2802 3061 2934 3131 φησί
2956 3079 2971 3092 ·
3009 3062 3119 3116 Καὶ
3150 3064 3189 3131 ἠ
3224 3064 3569 3129 ὑπόστασις
3589 3082 3713 3133 μου

2043 3177 2087 3237 c
2120 3151 2264 3205 ὡσεὶ
2290 3150 2470 3205 οὐθὲν
2491 3150 2748 3205 ἐνώπιόν
2788 3168 2905 3206 σου
2925 3170 2938 3183 ⁸
2969 3151 3088 3205 ἀνθ’
3105 3149 3167 3205 οὗ
3200 3154 3229 3205 6
3261 3153 3493 3218 Ἀκύλας
3522 3158 3674 3227 ήρμή
3706 3192 3711 3199 .

2117 3259 2301 3295 νευσε·
2336 3243 2445 3296 Καὶ
2484 3244 2522 3311 ἡ
2563 3241 2895 3309 κατάδυσις
2920 3261 3040 3313 μου
3074 3244 3155 3310 ὡς
3188 3246 3300 3297 οὐκ
3327 3244 3501 3298 ἐστιν
3526 3247 3708 3299 eras"-

2115 3333 2247 3388 τίον
2279 3349 2428 3387 σου·
2473 3335 2502 3385 6
2540 3332 2597 3385 δέ
2644 3332 2969 3404 Σύμμαχος·
3003 3333 3112 3387 Kal
3142 3335 3180 3401 ἡ
3210 3334 3431 3400 βίωσίς
3464 3353 3585 3405 μου
3627 3336 3709 3405 ὡς

2114 3420 2299 3474 οὐδὲν
2336 3422 2584 3490 ἀντικρύ
2619 3436 2756 3475 σου.
2778 3423 2836 3475 ὐ
2882 3423 2991 3495 γὰρ
3040 3425 3145 3488 πᾶς
3176 3425 3273 3494 τῆς
3308 3422 3452 3495 ζωῆς
3498 3424 3708 3497 ἀνθρὼ-

2115 3529 2219 3565 που
2248 3512 2458 3582 χρόνος,
2492 3510 2980 3586 παραϐαλλόμενος
3028 3516 3093 3584 τῇ
3137 3513 3231 3566 τοῦ
3282 3514 3416 3567 Θεοῦ
3446 3514 3580 3587 ζωῇ,
3612 3515 3707 3569 καὶ

2112 3608 2228 3668 τοῖς
2271 3604 2434 3660 αίῶσι
2476 3609 2590 3671 τοῖς
2625 3607 2897 3678 ἀπείροις,
2927 3606 3116 3677 ὥσπερ
3142 3607 3300 3660 οὐθέν
3327 3609 3442 3661 ἐστι
3473 3608 3706 3661 ἐνώπιον

2112 3694 2208 3749 τοῦ
2264 3696 2420 3750 Θεοῦ.
2474 3696 2567 3750 Διὸ
2617 3697 2852 3771 ἀλλαχοῦ
2901 3699 3146 3774 εἴρηται·
3197 3702 3261 3752 οι
3308 3700 3554 3768 οὐρανοὶ
3596 3702 3709 3756 ἀπα

2112 3788 2393 3842 ολοῦνται
2412 3806 2428 3820 ·
2453 3789 2534 3844 σὺ
2558 3789 2627 3845 δὲ
2651 3790 2969 3860 διαμένεις,
2989 3792 3086 3844 καὶ
3119 3790 3341 3858 πάντες
3364 3793 3446 3859 ὡς
3475 3793 3707 3863 ἱμάτιον

2116 3880 2640 3946 παλαιωθήσονται
2663 3900 2678 3912 ·
2708 3883 2806 3936 καὶ
2836 3883 2980 3937 ὡσεὶ
3010 3887 3315 3954 περιϐολαί
3344 3884 3568 3950 ἑλίξεις
3593 3887 3702 3937 αὺ-

2114 3972 2276 4040 τοὺς,
2313 3973 2411 4026 καὶ
2445 3973 2921 4045 ἀλλαγήσονται.
2964 3976 3047 4029 Σὺ
3088 3975 3156 4029 δὲ
3191 3979 3224 4029 ὀ
3266 3975 3452 4043 αὐτὸς
3488 3972 3561 4040 εἷ,
3605 3978 3704 4030 καὶ

2111 4062 2184 4116 τὰ
2226 4063 2328 4130 ἔτη
2374 4080 2490 4118 σου
2536 4066 2648 4118 οὐκ
2693 4066 3109 4134 ἐκλείψουσιν.
3150 4064 3310 4118 Ἀλλά
3357 4065 3453 4119 καὶ
3488 4067 3702 4140 tacui;

2112 4152 2263 4225 ποιρά
2277 4153 2586 4226 ἀνθρώποις
2610 4156 2813 4229 σπουδὴ
2840 4156 3138 4228 ματαιότης
3166 4156 3541 4228 ματαιοτήτων
3561 4158 3698 4220 ἐστὶ,

2112 4244 2227 4307 καὶ,
2265 4243 2337 4297 τὰ
2363 4246 2689 4315 σύμπαντα
2714 4247 3059 4314 ματαιότης,
3092 4244 3210 4311 πᾶς
3234 4245 3544 4313 ἅνθρωπος
3568 4243 3698 4310 ζῶν,

2113 4333 2169 4401 ἢ,
2203 4332 2320 4398 πᾶς
2345 4333 2655 4403 ἄνθρωπος
2679 4335 3118 4404 ἐστηλωμένος,
3137 4337 3279 4389 κατά
3304 4336 3393 4389 τὸν
3435 4336 3663 4389 Ἀκύλαν
3682 4353 3694 4368 ν

2111 4421 2168 4493 ἢ,
2193 4420 2312 4487 πᾶς
2330 4422 2643 4490 ἄνθρωπος
2662 4423 2872 4489 ἑστὼς,
2897 4424 3035 4478 κατὰ
3062 4426 3152 4479 τὸν
3180 4425 3491 4497 Σύμμαχον.
3511 4426 3568 4480 Ὀ
3589 4427 3699 4497 γὰρ

434 4505 890 4571 immortalitatis,
940 4505 1062 4559 vita:
1106 4516 1320 4560 aeterna:
1362 4522 1424 4561 ac
1465 4506 1621 4577 regni
1656 4509 1944 4574 ccelorum,
1981 4525 2010 4565 e

2120 4512 2206 4566 νῦν
2235 4512 2405 4577 ἑστὼς
2431 4514 2526 4566 καὶ
2549 4517 2578 4567 ό
2605 4514 2747 4568 κατὰ
2780 4515 2870 4568 τὸν
2894 4517 3135 4589 παρόντα
3164 4519 3353 4591 χρόνον
3374 4520 3475 4590 τὴν
3498 4518 3698 4589 θνητὴν

433 4614 496 4655 re
520 4614 652 4654 sane
688 4605 972 4669 putaretur
1001 4597 1216 4652 vanitas
1245 4614 1366 4653 esse
1395 4599 1575 4653 omnis
1602 4599 1764 4654 homo
1790 4601 1998 4658 vivens.

2109 4605 2187 4660 ἔτι
2222 4604 2367 4677 ζωὴν
2401 4605 2692 4672 διεξανύων
2742 4609 3041 4679 ματαιότης
3085 4610 3151 4663 ἂν
3194 4610 3301 4682 εἴη.
3340 4611 3403 4663 El
3446 4611 3576 4680 γοῦν
3623 4611 3697 4681 μὴ

435 4692 690 4745 ἀπέκειτό
718 4709 802 4754 τις
831 4690 1137 4764 ἀνθρώποις
1181 4692 1334 4756 ἐλπὶς
1381 4692 1701 4762 ἀθανασίας,
1752 4698 1846 4751 καὶ
1894 4697 2038 4772 ζωῆς
2075 4702 2293 4755 αἰωνίου
2329 4701 2606 4772 βασιλείας
2632 4721 2690 4757 τε
2717 4704 2981 4775 οὐρανῶν,
3012 4705 3248 4776 εὐλόγως
3308 4706 3374 4760 ἂν
3438 4706 3694 4780 ἐνομίσθη

440 4784 666 4855 μάταιόν
700 4803 750 4837 τι
782 4782 920 4839 εἶναι
960 4787 1068 4849 πᾶς
1101 4785 1385 4857 ἄνθρωπος
1416 4786 1544 4850 ζῶν.

509 4876 677 4932 Vens.
715 4880 790 4934 8-
828 4880 914 4935 12.
955 4880 1021 4934 Et
1055 4897 1191 4934 nunc
1235 4898 1351 4952 quia
1387 4893 1464 4936 est
1498 4885 1819 4954 exspectatio
1866 4905 2004 4953 mea,

435 4987 607 5028 nonne
662 4970 957 5028 Dominus?
1005 4980 1117 5029 etc.
1152 4973 1278 5028 Haec
1321 4989 1487 5043 porro
1537 4977 1617 5031 sic
1649 4979 1819 5032 edidit
1848 4980 2008 5052 Sym-

437 5060 706 5115 machus:
740 5059 898 5115 Nunc
927 5064 1090 5133 igitur
1135 5062 1258 5134 quid
1322 5076 1579 5135 exspecto,
1648 5068 1896 5126 Domine?
1929 5088 2009 5127 re-

437 5152 648 5206 mansio
703 5169 816 5206 mea
852 5154 906 5206 in
956 5164 1004 5207 te
1059 5164 1153 5211 est.
1194 5156 1272 5209 Ab
1337 5157 1576 5212 omnibus
1633 5164 2011 5231 transgressio-

439 5243 592 5299 nibus
641 5245 769 5299 meis
822 5245 1016 5300 redime
1082 5264 1190 5311 me,
1262 5248 1676 5318 eaprobrabilem
1743 5254 2011 5323 insipienti

438 5349 504 5390 ne
545 5350 709 5405 ponas
743 5353 842 5391 me.
900 5336 1084 5393 Mutus
1129 5341 1305 5409 factus
1356 5357 1496 5405 sum,
1552 5359 1657 5396 non
1708 5346 1905 5414 aperias
1950 5364 2007 5402 os

442 5438 611 5477 meum
636 5442 655 5480 :
687 5435 741 5478 tu
769 5427 907 5480 enim
944 5429 1138 5497 fecisti.
1169 5428 1301 5485 Post
1333 5447 1399 5486 ea
1429 5447 1549 5502 quae
1582 5434 1836 5502 superius
1864 5435 2008 5491 dicta

444 5520 594 5579 sunt,
626 5514 723 5580 ait,
757 5517 895 5572 nihi‘l
937 5517 1069 5573 mihi
1122 5521 1395 5589 relictum,
1430 5521 1678 5591 Domine,
1724 5524 1828 5579 nisi
1865 5533 1923 5579 nt
1957 5535 2008 5583 le

517 5690 561 5720 "
601 5690 733 5750 Gen.
771 5711 843 5763 iv,
883 5697 933 5763 7,
980 5714 1089 5755 sec.
1126 5697 1288 5757 LXX.
1366 5701 1410 5742 ’7
1452 5700 1592 5759 Psai.
1631 5720 1717 5768 cr,
1751 5702 1937 5773 27,28.

2184 4890 2291 4944 Kal
2316 4888 2434 4943 νῦν
2454 4891 2546 4957 τίς
2579 4894 2615 4960 ἡ
2646 4891 2918 4963 ὑπομονή
2943 4911 3083 4963 μου,
3109 4895 3240 4961 οὐχ)
3268 4896 3518 4963 Κύριος;
3557 4896 3616 4949 Ὀ
3639 4895 3695 4949 δὲ

2117 4981 2409 5053 Σύμμαχος
2438 4982 2608 5048 οὕτως
2640 4984 2708 5038 τὰ
2739 4985 3075 5057 προκείμενα
3106 4984 3332 5049 ἐξέδωκε
3369 4988 3536 5059 ῥητά·
3565 4987 3693 5042 Νῦν

2112 5068 2226 5126 οὖν
2264 5075 2321 5126 τί
2359 5074 2693 5143 προσδοκῶ,
2739 5076 3047 5141 Δέσποτα;
3087 5079 3124 5146 ἡ
3159 5078 3427 5148 ἀναμονή
3455 5098 3576 5148 μου
3606 5083 3693 5147 εἰς

2116 5163 2189 5217 σέ
2230 5165 2419 5219 ἐστιν.
2439 5166 2573 5220 Ἀπὸ
2615 5165 2827 5233 πασῶν
2876 5167 2995 5221 τῶν
3041 5168 3298 5223 ἀθεσιῶν
3322 5188 3443 5240 μου
3473 5170 3691 5236 ἐξέλοι)

2112 5273 2209 5325 με,
2251 5256 2666 5312 ἐπονείδιστον
2717 5258 2928 5328 ἄφρονι
2966 5260 3052 5329 μὴ
3103 5261 3288 5332 τάξῃς
3332 5265 3690 5333 με.Ἀ.2α.ἳος

2113 5347 2426 5417 ἐγενόμην,
2452 5352 2561 5403 οὐκ
2581 5350 2841 5416 ἀνοίξεις
2867 5352 3058 5422 στόμα
3082 5371 3222 5422 μου’
3250 5354 3330 5408 σὺ
3358 5357 3467 5425 γὰρ
3487 5357 3687 5424 ἐποίη-

2110 5456 2246 5506 σας.
2270 5441 2424 5495 Μετά
2450 5441 2518 5495 τὰ
2554 5442 2955 5515 προλελεγμένα
2979 5448 3177 5513 πάντα,
3203 5446 3386 5517 φησιν,
3411 5448 3563 5502 οὐδέν
3596 5464 3686 5517 μοι

2109 5530 2374 5599 λείπεται,
2410 5528 2453 5589 ὧ
2488 5534 2742 5606 Κ-ύριε,ἢ
2794 5536 2851 5589 σέ
2894 5537 3195 5610 προσδοκᾷν
3249 5538 3338 5592 καὶ
3387 5540 3467 5603 είς
3501 5539 3559 5593 σὲ
3588 5536 3687 5604 τὰς
