4098 6420
425 370 553 427 319·

1555 363 2063 423 COMMENTARIA
2105 363 2173 420 IN
2213 363 2563 421 PSALMOS.

3590 376 3696 429 350

428 486 650 551 ἐλπίδας
677 485 820 558 ἔχειν
836 501 851 516 ο
876 479 1031 557 παρὰ
1054 481 1148 538 σοῦ
1178 481 1290 553 γὰρ
1315 482 1415 554 τῆς
1440 481 1623 554 ψυχῆς
1647 484 1682 554 η
1711 480 1988 536 ὑπόστασις

2110 488 2422 551 exspectem
2465 490 2519 538 et
2567 480 2624 535 in
2672 488 2725 537 te
2768 496 2919 552 spem
2970 481 3202 538 habeam
3238 499 3253 537 :
3285 498 3412 538 nam
3458 487 3601 563 apud
3646 498 3698 545 te

428 582 565 633 ἔστι.
602 577 693 631 Διὸ
736 576 924 649 δέομαι
951 576 1046 629 καὶ
1076 573 1306 628 ἱκετεύω
1335 573 1768 646 ὲλευθερωθῆναί
1804 590 1872 645 με
1899 572 2009 626 τῶν

428 669 553 740 τῇδε
600 667 809 732 κακῶν,
835 668 930 722 καὶ⁵
972 666 1081 721 τῶν
1129 665 1367 738 ἀνομιῶν
1402 682 1502 738 μου
1536 664 2006 737 ρυσθῆναι-.¹’Δπαξ

425 761 536 832 γὰρ
563 760 959 832 περιπέπτωκα
988 760 1204 832 ἄφρονι,
1234 759 1363 830 περὶ
1391 751 1452 813 οὗ
1482 761 1577 814 καὶ
1607 759 1865 830 ἀνωτέρω
1894 757 2007 811 ἐλε-

426 867 552 919 γον·
593 852 696 907 Ἑν
742 850 824 917 τῷ
863 850 1169 920 συστῆναι
1210 849 1321 905 τὸν
1355 849 1706 920 ἁμαρτωλὸν
1752 849 2007 904 ἐνώπιόν

423 962 562 1013 μου,
600 942 942 1014 ἐκωςρώθην,
969 944 1070 998 καί
1097 942 1501 1012 ἐταπεινώθην
1525 943 1625 997 καὶ
1652 943 1913 1013 ἐσίγησα
1934 940 2004 1006 ἐξ

421 1033 681 1106 ἀγαθῶν.
721 1036 930 1090 Αὐτίκα
956 1037 1087 1105 γοῦν
1128 1035 1407 1109 ἀφροσύνῃ
1439 1034 1763 1108 παραδοθεὶς
1805 1035 2004 1103 γέγονα

424 1128 783 1193 ἐπονείδιστος
798 1146 812 1159 ο
846 1129 1071 1193 εἰκότως
1101 1125 1215 1193 οὖν,
1237 1130 1314 1195 ὡς
1338 1130 1404 1183 ἃν
1431 1126 1793 1199 γνωσιμαχῶν
1817 1127 1900 1195 ἐφ’
1922 1122 2004 1190 οἷς

422 1220 688 1291 ἥμαρτον,
718 1219 1039 1289 ἐκωςρώθην
1059 1220 1156 1274 καὶ
1178 1222 1290 1274 οὐκ
1316 1218 1530 1288 ἦνοιεα
1550 1217 1617 1272 τύ
1653 1218 1845 1287 στόμα
1859 1234 1998 1286 μου,

421 1310 513 1365 ὅτι
554 1312 635 1366 σὺ
679 1313 989 1380 ἐποίησας.
1008 1312 1065 1365 Ὀ
1112 1310 1220 1382 γάρ
1271 1313 1361 1375 σὸς
1413 1311 1576 1380 φόϐος
1624 1309 1886 1379 κωφῶσαί
1931 1325 1998 1379 με

421 1405 667 1475 ἐποίησε,
697 1404 946 1476 πλήττων
986 1421 1052 1474 με
1098 1404 1185 1472 ἐφ’
1217 1397 1299 1466 οἷς
1335 1403 1602 1474 ἥμαρτον,
1638 1402 1733 1455 καὶ
1772 1417 1999 1454 κατασι-

420 1494 602 1563 γάξων
630 1495 764 1568 πρὸς
800 1495 862 1549 τὸ
888 1495 961 1567 μὴ
997 1494 1352 1564 φθέγγεσθαι.
1371 1494 1516 1548 Ἀντὶ
1544 1493 1601 1546 δὲ
1624 1490 1739 1554 τοῦ,
1770 1490 2000 1557 ὄνειδος

419 1586 633 1657 ἄφρονι
664 1586 894 1653 ἔδωκάς
935 1603 1033 1656 με,
1061 1588 1090 1638 ὁ
1131 1587 1228 1657 μὲν
1273 1585 1523 1649 Ἀκύλας,
1552 1582 1782 1649 ὄνειδος
1816 1583 2000 1650 ἀπορ-

416 1680 634 1747 ρέοντι,
652 1679 808 1751 φησὶ,
827 1678 913 1749 μὴ
940 1677 1053 1748 θῇς
1075 1696 1154 1748 με
1174 1695 1188 1710 ·
1223 1680 1252 1731 ὁ
1276 1679 1333 1733 δὲ
1362 1678 1675 1748 Σύμμαχος,
1705 1672 1995 1728 ἐπονείδι-

416 1785 570 1824 στον
616 1768 831 1839 ἄφρονι
874 1769 961 1840 μὴ
1008 1770 1127 1837 δῷς
1166 1788 1272 1840 με·
1315 1773 1350 1840 ἡ
1401 1770 1459 1823 δὲ
1487 1769 1712 1839 πέμπτη
1755 1764 1993 1827 ἐκδοσιςο

2117 578 2201 626 est
2234 572 2548 628 substantia
2583 573 2802 629 animae.
2857 571 3039 638 Quare
3084 574 3335 643 supplico
3369 588 3434 629 ac
3467 590 3600 646 rogo
3630 580 3697 633 li-

2115 661 2300 718 berari
2330 678 2417 718 me
2447 664 2516 718 ab
2557 663 2708 720 hisce
2736 662 2921 725 malis,
2952 668 3009 717 et
3042 663 3112 717 ab
3140 664 3527 733 iniquitatibus
3559 671 3696 724 meis

2112 751 2272 823 eripi.
2317 750 2496 808 Semel
2525 754 2670 808 enim
2716 753 3063 823 insipientem
3106 753 3309 810 oﬂ‘endi
3339 758 3407 812 de
3449 773 3560 827 quo
3599 776 3694 814 su-

2113 843 2299 914 perius
2332 843 2579 900 dicebam
2609 864 2623 900 :
2653 842 2787 900 Cum
2814 846 3122 899 consisteret
3145 855 3388 915 peccator
3412 847 3695 905 adversum

2113 950 2218 998 me,
2256 935 2495 989 obmutui
2536 946 2586 990 et
2618 937 2934 991 humiliatus
2980 953 3121 1001 sum,
3156 949 3206 994 et
3247 940 3375 995 silui
3430 958 3462 998 ο
3516 944 3690 999 bonis.

2115 1025 2421 1082 Confestim
2472 1027 2658 1098 itaque
2707 1029 3040 1098 insipientia:
3085 1032 3346 1097 traditus,
3389 1035 3690 1104 probrosus

2110 1119 2337 1177 eflectus
2371 1137 2492 1177 sum
2522 1141 2536 1175 :
2574 1122 2699 1191 jure
2744 1136 2874 1190 ergo
2910 1132 3192 1191 peccatum
3229 1133 3283 1179 et
3313 1126 3687 1183 infirmitatem

2109 1228 2416 1283 agnoscens
2446 1230 2644 1278 meam,
2685 1215 2921 1269 obmutui
2945 1226 2992 1271 et
3035 1233 3140 1270 non
3173 1220 3356 1285 aperui
3407 1236 3463 1273 os
3494 1237 3687 1288 meum,

2107 1308 2357 1376 quoniam
2392 1318 2448 1360 tu
2475 1308 2666 1373 fecisti.
2691 1306 2879 1363 Timor
2911 1310 3057 1364 enim
3089 1311 3164 1363 tui
3198 1325 3284 1364 me
3310 1312 3688 1369 obmutescere

2108 1397 2257 1464 fecit,
2295 1414 2489 1470 meque
2526 1401 2598 1455 ob
2653 1410 2880 1469 peccata
2929 1416 3052 1456 mea
3086 1403 3338 1472 perculit,
3396 1410 3451 1458 et
3501 1411 3687 1462 tacere

2109 1491 2257 1554 fecit,
2295 1500 2356 1546 ut
2384 1508 2494 1547 non
2524 1493 2666 1546 ultra
2699 1494 2973 1563 loquerer.
2999 1493 3105 1550 Pro
3135 1497 3229 1550 illo
3257 1503 3463 1560 autem,
3493 1512 3686 1568 oppro-

2106 1585 2280 1638 brium
2314 1585 2584 1655 insipienti
2612 1586 2805 1640 dedisti
2830 1603 2941 1653 me;
2973 1588 3193 1658 Aquila,
3223 1588 3561 1659 opprobrium
3590 1589 3685 1646 de-

2104 1674 2291 1742 ﬂuenti
2325 1691 2388 1728 ne
2417 1691 2581 1744 ponas
2636 1693 2753 1740 me;
2790 1675 3157 1749 Symmachus
3192 1696 3341 1745 vero,
3390 1683 3679 1752 exprobra-

2105 1767 2261 1820 bilem
2284 1768 2555 1835 insipienti
2586 1786 2651 1823 ne
2693 1785 2861 1839 ponas
2904 1786 3018 1835 me;
3048 1771 3240 1839 quinta
3268 1773 3458 1838 editio,
3492 1789 3682 1845 oppro-

417 1860 645 1927 ὄνειδος
673 1861 886 1930 ἄφρονι
926 1860 1013 1930 μὴ
1055 1860 1174 1927 δῷς
1212 1861 1493 1932 με.”οπερ
1519 1858 1864 1931 παράκλησιν
1895 1858 1988 1928 sp.-

2100 1857 2267 1912 brium
2293 1859 2559 1927 insipienti
2585 1877 2647 1914 ne
2669 1860 2874 1914 dederis
2910 1877 3010 1917 me.
3036 1859 3191 1927 Quod
3219 1862 3337 1932 ejus
3364 1865 3456 1934 qui
3486 1881 3683 1937 pecca-

417 1953 594 2024 φαίνει
615 1952 709 2008 τοῦ
735 1953 1135 2025 ἡμαρτηκότος,
1162 1952 1497 2016 ἱκετεύοντος
1524 1950 1598 2023 μὴ
1627 1948 1993 2021 παραδοθῆναι

412 2053 496 2113 τίς
537 2048 839 2120 ὀνειδισμὸν
866 2046 1081 2120 ἄφρονι.
1112 2048 1177 2100 El
1204 2046 1247 2099 δ’
1277 2044 1439 2109 αὐτὸς
1467 2046 1496 2097 ὁ
1532 2041 1735 2114 Κύριος
1765 2038 1993 2112 παραδί-

407 2138 574 2193 δωσιν
606 2137 799 2210 ἄφρονι
821 2136 913 2189 τὸν
940 2133 1314 2207 ἡμαρτηκότα,
1349 2131 1701 2198 ὀνειδίζεσθαι
1730 2130 1866 2201 πρὸς
1895 2128 1992 2182 αύ-

411 2228 528 2293 τοῦ,
560 2229 652 2283 καὶ
692 2226 848 2283 τοῦτο
894 2226 960 2280 ἂν
1001 2226 1176 2290 εἴποις
1220 2226 1308 2279 ἐπ’
1333 2224 1571 2296 ὠφελείᾳ
1616 2222 1860 2293 γίνεσθαι
1893 2217 1989 2274 τοῦ

410 2319 830 2392 ὀνειδιζομένου,
864 2318 942 2382 ὠς
969 2318 1056 2382 ἂν,
1087 2316 1439 2388 κακούμενος,
1467 2313 1688 2386 μείζονα
1716 2313 1994 2382 ποιήσοιτο

411 2414 513 2485 τὴν
538 2414 632 2467 ἐπὶ
659 2414 773 2476 τοῖς
798 2408 1207 2483 ἡμαρτημένοις
1230 2407 1613 2480 ἐξομολόγησιν
1630 2423 1643 2436 ·
1675 2406 1819 2476 ὅπερ
1837 2402 1990 2474 ἠξίου

414 2507 491 2580 μὴ
535 2506 723 2561 παθεῖν
770 2508 800 2558 ό
848 2502 1030 2567 Δαυῒδ,
1059 2504 1135 2568 ὠς
1166 2503 1344 2557 πάντα
1389 2502 1643 2573 πράττων
1674 2497 1743 2553 τὰ
1769 2495 1847 2568 τῷ
1873 2495 1992 2567 Θεῷ

411 2597 618 2669 ἀρεστὰ
640 2597 699 2662 ἐξ
729 2594 943 2650 ἑαυτοῦ.
961 2595 1332 2661 Ἂπόστησον
1352 2594 1454 2648 ἀπ’
1476 2591 1622 2661 ἐμοῦ
1653 2588 1760 2656 τὰς
1779 2586 1993 2658 μάστι-

408 2688 520 2763 τάξι
549 2695 693 2744 σουο
725 2688 845 2743 ἀπὸ
870 2685 980 2755 γὰρ
1004 2683 1116 2752 τῆς
1140 2681 1338 2753 χειρὸς
1359 2682 1470 2749 τῆς
1492 2683 1707 2752 ἰσχύος
1737 2697 1855 2736 σου
1875 2677 1990 2750 ἐγὼ

407 2782 692 2849 ἐξέλιπον
710 2796 724 2810 ο
770 2780 839 2832 ἐν
870 2775 1143 2846 ἐλεγμοῒς
1164 2774 1317 2842 ὑπὲρ
1338 2774 1590 2842 ἀνομίας
1623 2772 1992 2837 ἐπαίδευσας

408 2874 740 2940 ἄνθρωπον.
771 2868 869 2922 καὶ
904 2866 1194 2934 ἐξέτηξας
1220 2866 1300 2931 ὡς
1334 2863 1610 2933 ἀράχνην
1634 2862 1750 2932 τὴν
1777 2861 1992 2933 ψυχὴν

403 2962 616 3027 αὑτοῦ»,
639 2961 806 3029 πλὴν
820 2960 1023 3030 μάτην
1048 2959 1165 3025 πᾶς
1188 2957 1521 3025 ἄνθρωπος’
1543 2955 1876 3025 clauum.

489 3077 578 3130 Ἐν
632 3075 730 3145 μὲν
768 3073 851 3145 τῷ
901 3074 1007 3143 πρὸ
1056 3072 1244 3126 τούτου
1276 3068 1478 3142 ψαλμῷ
1507 3071 1765 3140 παρεῖχεν
1797 3068 1988 3123 ἑαυτὸν

403 3168 850 3236 ιπιστρεπτικαῖς
881 3165 1133 3233 πληγαῖς,
1161 3157 1260 3257 οἷά.
1290 3179 1375 3225 τις
1413 3160 1710 3257 εὐγνώμων
1737 3159 1987 3257 μαθητὴς
2012 3200 2055 3257 C

400 3257 705 3327 διδασκάλῳ
723 3274 738 3288 ο
768 3256 849 3310 διὸ
872 3257 1058 3324 ἔλεγεν
1078 3273 1093 3287 ⁸
1134 3253 1284 3324 Ἐγὼ
1302 3256 1391 3319 είς
1410 3251 1707 3323 μάστιγας
1729 3251 1982 3320 ἕτοιμος.

411 3351 565 3405 Ἐπεὶ
587 3349 645 3403 δὲ
672 3349 857 3403 λοιπὸν
885 3348 1173 3420 αὐτάρκως
1204 3347 1314 3400 τῶν
1343 3346 1624 3417 μαστίγων
1653 3344 1987 3415 ὲπεπειρᾶτο

397 3439 674 3511 ὶπιμόνως
718 3438 882 3493 αὐτὸν
926 3438 1322 3509 αίκιζομένων,
1375 3435 1607 3489 ἱκετεύει
1650 3432 1744 3487 τοῦ
1792 3433 1982 3488 λοιποῦ

397 3528 729 3593 παύσασθαι,
761 3529 856 3583 καὶ
901 3528 1059 3601 μέχρι
1101 3525 1292 3581 τούτου
1342 3526 1528 3598 στῆναι
1561 3524 1661 3588 τὰς
1692 3524 1980 3596 μάστιγας,

395 3622 650 3693 ὁμολογεῖ
690 3639 750 3675 τε
790 3621 918 3691 ἑξῆς
957 3619 1161 3688 λέγων’
1210 3619 1343 3672 Ἀπὸ
1382 3615 1492 3685 τῆς
1529 3616 1743 3685 ἰσχύος
1786 3617 1983 3685 χειρός

394 3732 514 3771 σου
560 3713 676 3785 ἐγὼ
720 3712 1023 3779 ἐξέλιπον.
1055 3710 1191 3782 Περὶ
1218 3712 1275 3765 δὲ
1299 3710 1401 3780 τῆς
1440 3710 1621 3781 χειρὸς
1644 3709 1849 3779 ταύτης
1887 3709 1982 3761 καὶ

393 3803 651 3874 ἀνωτέρω
684 3801 903 3872 ἐλέγετο
924 3818 939 3833 ·
982 3797 1412 3866 Ἐπεστήριξας
1453 3798 1546 3851 ἐπ’
1576 3796 1683 3867 ἐμὲ
1711 3797 1825 3865 τὴν
1854 3798 1978 3867 χεῖ-

392 3895 470 3964 ρά
515 3910 653 3950 σου.
687 3889 821 3948 Εἶτα
867 3892 1128 3955 διδάσκει,
1168 3891 1251 3944 ὅτι
1287 3891 1360 3962 μὴ
1394 3890 1628 3961 μάτηνὴ
1665 3890 1784 3959 χεὶρ
1816 3887 1973 3941 ἐπαί-

392 3987 537 4052 δευε,
563 3985 700 4059 μηδὲ
722 3987 801 4049 είς
833 3982 1000 4056 ἀργὸν
1025 3981 1347 4051 ὲμαστίγου,
1371 3979 1488 4034 αλλ’
1510 3981 1597 4032 ἐπ’
1616 3977 1856 4049 ὠφελείᾳ
1881 3977 1975 4031 τοῦ

390 4077 797 4149 ἡμαρτηκότοςο
832 4074 913 4128 διό
938 4088 1139 4143 φησιν·
1192 4072 1289 4125 Ἑν
1335 4069 1609 4138 ελεγ-μοῖς
1652 4066 1805 4135 ὑπὲρ
1834 4068 1975 4122 ἀνο-

391 4169 533 4239 μίας
562 4166 925 4232 ἐπαίδευσας
977 4166 1312 4233 ἇνθρωπον.
1330 4163 1500 4233 ’Υπὲρ
1541 4160 1650 4231 γὰρ
1690 4160 1790 4231 τῆς
1843 4177 1978 4233 παρ-

392 4259 655 4331 αχθείσης
701 4257 931 4327 ἀνομίας
977 4256 1072 4310 καὶ
1108 4254 1198 4308 διὰ
1244 4253 1305 4306 τὸ
1354 4250 1632 4324 παραχθὲν
1670 4250 1974 4320 ἁμάρτημα

391 4350 630 4421 ἐλέγχων
660 4349 753 4402 τὸν
785 4346 1170 4417 παιδευόμενον
1212 4344 1309 4398 καὶ
1332 4342 1433 4406 τὰς
1467 4342 1735 4413 μάστιγας
1768 4340 1973 4412 ὲπῆγες

392 4440 489 4495 καὶ
531 4440 630 4513 τὴν
680 4439 841 4511 χεῖρά
873 4453 970 4491 σου
999 4434 1389 4507 προλεχθεῖσαν
1411 4449 1424 4463 ³
1455 4430 1665 4495 τούτοις
1699 4432 1756 4485 δὲ
1790 4431 1974 4495 αὐτοῖς

392 4533 489 4587 καλ⁸
515 4531 615 4603 τὴν
640 4529 818 4601 ψυχὴν
846 4526 939 4582 τοῦ
967 4525 1354 4597 παιδευομένου
1379 4522 1657 4593 ὲξέτηξας,
1688 4539 1972 4577 ταπεινου-
2000 4548 2048 4608 D

396 4623 566 4695 μένην
588 4622 684 4676 καὶ
710 4617 1115 4689 λεπτυνομένην
1145 4619 1230 4671 ἐπ’
1254 4615 1492 4687 ὠφελείᾳ
1514 4616 1582 4685 τῇ
1612 4615 1803 4686 αὐτῆς.
1830 4614 1969 4667 Καθ’

388 4717 450 4771 ὃν
481 4714 591 4786 γὰρ
616 4712 825 4785 ἐτρύφα
848 4709 1056 4783 χρόνον,
1094 4710 1175 4772 εἰς
1204 4706 1479 4779 ἁμαρτίας
1512 4704 1764 4770 ὲξώλισθε
1783 4744 1799 4769 ,
1830 4704 1970 4759 κατὰ

389 4808 483 4861 τό*
512 4808 738 4876 Ἕφαγε
776 4802 877 4857 καί
914 4802 1084 4856 ἔπιεν
1116 4799 1332 4863 Ἰακὼϐ,
1356 4799 1453 4853 καὶ
1495 4796 1902 4853 ἀπελάκτισεν
1937 4799 1971 4852 ό

387 4896 798 4971 ἡλιτιπημένος,
827 4893 1167 4959 ἐπλατύνθη
1200 4890 1298 4944 καὶ
1341 4891 1648 4960 ἐπαχύνθη
1667 4927 1683 4952 ,
1723 4889 1821 4943 καὶ
1860 4889 1971 4943 ἀπ-

388 4989 541 5055 έστη
577 4985 694 5041 ἀπὸ
729 4982 878 5040 Θεοῦ
906 4980 1013 5037 τοῦ
1050 4978 1368 5048 τρέφοντος
1391 4977 1593 5033 αὐτόν.
1633 4975 1743 5037 Διὸ,
1772 4976 1872 5029 ἵνα
1900 4972 1971 5028 τὸ

388 5077 629 5147 πνεῦμα
659 5072 824 5143 σωθῇ
866 5074 937 5127 ἐν
980 5069 1056 5140 τῇ
1104 5067 1293 5139 ἡμέρᾳ
1319 5067 1426 5121 τοῦ
1454 5068 1695 5135 Κυρίου,
1728 5067 1768 5135 ἠ
1810 5064 1966 5136 σὰρξ

388 5165 785 5239 παραδέδοται
812 5166 899 5231 είς
928 5162 1174 5231 ὄλεθρον
1190 5177 1204 5190 ο
1259 5154 1327 5231 ἧς
1352 5157 1786 5229 τιμωρουμένης,
1808 5159 1970 5228 ἐκτή-

389 5278 549 5321 κεται
597 5257 744 5330 ψυχὴ
776 5254 1154 5327 ὲξισχνουμένη
1189 5252 1344 5322 δίκην
1381 5250 1658 5322 ἀράχνηςο
1687 5249 1767 5303 διό
1799 5266 1964 5321 φησιο

388 5355 499 5412 Καὶ
526 5350 815 5419 ἐξέτηξας
831 5350 912 5415 ὡς
942 5345 1213 5417 ἀράχνην
1240 5344 1355 5411 τὴν
1377 5342 1591 5412 ψυχὴν
1619 5342 1806 5397 αὐτοῦ
1825 5359 1838 5371 ·
1868 5342 1966 5396 καὶ

388 5447 636 5515 ἐπιλέγει
655 5461 670 5476 ·
691 5441 866 5512 Πλὴν
890 5440 1087 5511 μάτην
1107 5437 1225 5504 πᾶς
1244 5436 1573 5506 ἄνθρωπος,
1604 5434 1765 5489 πάλιν
1792 5433 1885 5487 τὸν
1906 5434 1966 5487 ἐν

388 5539 468 5612 τῷ
491 5538 594 5610 βίῳ
622 5535 797 5607 τούτῳ
826 5533 949 5603 εἰκῆ
982 5531 1076 5592 καὶ
1109 5530 1285 5602 μάτην
1333 5526 1632 5601 μοχθοῦντα
1678 5526 1771 5582 καὶ
1798 5541 1962 5584 κακο-

389 5629 665 5694 παθοῦντα
695 5624 1008 5690 ταλανίξων.

498 5787 565 5843 ⁸³.
591 5788 746 5842 Deut.
784 5798 973 5848 nm,
1017 5779 1103 5841 lii.
1176 5778 1221 5809 "
1261 5775 1436 5835 lCor.
1472 5777 1603 5842 v,5.

2095 1951 2175 2005 vit
2222 1950 2660 2021 deprecationem
2702 1953 2942 2016 exhibet,
2994 1955 3241 2024 rogantis
3275 1972 3344 2011 ne
3379 1957 3435 2011 in
3481 1973 3680 2029 cppro-

2096 2040 2274 2096 brium
2302 2041 2581 2110 insipienti
2607 2042 2873 2097 tradatur.
2909 2042 3065 2111 Quod
3095 2046 3141 2100 si
3170 2047 3390 2115 quando
3414 2047 3678 2104 Dominus

2093 2143 2406 2204 peccantem
2457 2134 2743 2203 insipienti
2773 2136 2973 2203 tradat,
3012 2145 3073 2191 ut
3122 2138 3436 2208 opprobriis
3483 2141 3555 2194 ab
3600 2158 3674 2197 eo

2093 2224 2392 2279 afﬁciatur:
2427 2223 2662 2295 idipsum
2688 2225 2743 2279 in
2774 2227 3063 2282 utilitatem
3092 2227 3214 2298 ejus
3236 2229 3329 2299 qui
3360 2232 3676 2300 opprobriis

2093 2324 2357 2371 oneratur
2379 2318 2565 2384 vertit,
2599 2324 2657 2372 ut
2688 2326 2914 2373 vexatus
2951 2320 3212 2390 majorem
3239 2321 3452 2375 emittat
3480 2322 3546 2377 de
3577 2323 3677 2378 ad-

2097 2410 2286 2465 missis
2329 2411 2568 2480 peccatis
2619 2412 3044 2467 confessionem.
3081 2412 3235 2480 Quod
3274 2431 3343 2470 ne
3397 2426 3677 2485 pateretur

2090 2498 2262 2555 David
2290 2502 2539 2573 rogabat,
2571 2511 2761 2573 utpote
2783 2506 2878 2575 qui
2909 2506 3094 2559 omnia
3127 2521 3227 2576 pro
3251 2507 3465 2564 viribus
3487 2516 3674 2580 ageret

2091 2606 2212 2661 qua:
2242 2590 2351 2647 Deo
2380 2593 2579 2662 placita
2608 2603 2846 2664 putaret.
2882 2595 3078 2650 Amove
3101 2613 3134 2650 a
3167 2614 3248 2651 me
3283 2598 3474 2669 plagas
3526 2609 3670 2656 tuas.

2091 2682 2135 2734 Α
2163 2683 2475 2751 fortitudine
2503 2686 2642 2738 enim
2687 2703 2878 2741 manus
2912 2697 3017 2741 tua:
3047 2705 3138 2757 ego
3165 2690 3332 2759 defeci
3358 2708 3376 2745 :
3412 2694 3467 2745 in
3498 2694 3673 2748 incre-

2089 2775 2391 2843 pationibus
2424 2788 2638 2845 propter
2667 2778 3000 2848 iniquitatem
3032 2783 3336 2851 corripuisti
3364 2783 3628 2839 hominem
3649 2802 3667 2839 :

2089 2875 2141 2920 et
2171 2868 2436 2924 tabescere
2465 2869 2638 2938 fecisti
2679 2870 2819 2923 sicut
2849 2887 3101 2926 araneam
3138 2874 3369 2927 animam
3407 2874 3544 2944 ejus,
3580 2893 3668 2931 tlt-

2090 2968 2390 3017 rumtamen
2418 2978 2546 3019 vane
2582 2965 2753 3017 omnis
2787 2967 2963 3017 homo.
2999 2964 3338 3034 Diapsalma.

2159 3071 2221 3126 In
2268 3073 2597 3141 praecedenti
2633 3074 2843 3145 psalmo
2886 3090 3008 3130 sese
3040 3075 3216 3146 plagis
3250 3076 3318 3130 ad
3361 3077 3695 3146 correptio-'

2090 3177 2238 3227 nem,
2277 3178 2378 3219 ceu
2414 3166 2684 3235 ingenuus
2713 3166 3022 3237 discipulus
3067 3167 3354 3238 magistro,
3400 3168 3664 3236 tradidit;

2086 3270 2260 3324 quare
2288 3255 2525 3322 dicebat,
2563 3274 2657 3328 ego
2679 3259 2731 3311 in
2761 3259 2974 3329 ﬂagella
3002 3268 3226 3327 paratus
3257 3275 3395 3313 sum.
3427 3258 3497 3312 At
3523 3275 3667 3331 quo-

2085 3342 2231 3397 niam
2255 3342 2515 3415 deinceps
2543 3345 2755 3415 ﬂagella
2789 3354 2875 3400 sat
2901 3356 3158 3416 expertus
3192 3355 3337 3412 erat,
3371 3363 3496 3402 cum
3540 3364 3666 3406 sese

2085 3434 2306 3490 assidue
2357 3434 2647 3502 laceraret,
2694 3444 2950 3507 precatur
2995 3437 3214 3492 demum
3256 3454 3446 3492 eorum
3499 3439 3664 3495 ﬂnem

2083 3524 2202 3578 dari
2233 3531 2290 3579 et
2323 3524 2413 3580 hic
2445 3527 2643 3580 sistere
2672 3524 2900 3596 ﬂagella,
2936 3541 3000 3580 ac
3049 3525 3309 3596 deiucnps
3355 3528 3440 3583 his
3470 3529 3659 3583 verbis

2081 3618 2390 3682 confitetur,
2435 3634 2467 3671 a
2500 3618 2810 3687 fortitudine
2852 3635 3042 3672 manus
3088 3627 3193 3673 tua:
3230 3635 3321 3689 ego
3367 3619 3553 3688 deferi.
3586 3618 3662 3676 De

2082 3707 2184 3761 bac
2217 3724 2382 3778 porro
2411 3724 2575 3764 manu
2599 3712 2855 3780 superius
2883 3710 3113 3774 dictum,
3147 3713 3480 3780 conﬁrmasti
3503 3726 3661 3782 super

2081 3814 2161 3850 me
2178 3814 2394 3852 manum
2426 3809 2590 3854 tuam.
2619 3800 2733 3856 Sub
2766 3802 2879 3857 haec
2909 3803 3091 3870 docet,
3125 3819 3346 3857 manum
3377 3804 3525 3858 illam
3548 3819 3659 3860 non

2080 3889 2286 3944 frustra
2314 3893 2616 3963 corrigere,
2648 3910 2825 3965 neque
2873 3896 2929 3948 in
2970 3910 3188 3950 cassum
3223 3896 3516 3966 castigare,
3559 3896 3657 3952 sed

2078 3995 2177 4050 pro
2210 3983 2491 4050 peccantis
2518 3984 2751 4041 utilitate
2779 4000 2981 4054 .quare
3003 3988 3100 4047 ait,
3129 3987 3184 4039 in
3212 3988 3657 4055 increpationibus

2073 4081 2286 4141 propter
2313 4074 2647 4143 iniquitatem
2698 4077 3004 4144 corripuisti
3040 4075 3323 4130 hominem.
3376 4077 3512 4132 Nam
3555 4095 3659 4149 pro

2076 4164 2316 4218 admissa
2361 4164 2671 4233 iniquitate,
2708 4172 2762 4219 et
2806 4180 2903 4234 pro
2947 4177 3170 4234 peccato
3218 4164 3364 4220 edito
3400 4180 3526 4221 eum
3559 4168 3661 4239 qu'.

2073 4255 2474 4326 corripiebatur
2503 4271 2762 4326 arguens,
2802 4255 3012 4326 ﬂagella
3038 4265 3094 4310 et
3132 4268 3489 4311 memoratam
3527 4274 3648 4313 ma-

2072 4360 2201 4400 num
2228 4344 2493 4400 inﬂixisti.
2530 4344 2692 4400 Hisce
2714 4361 2878 4416 porro
2912 4344 3149 4399 animam
3174 4345 3321 4400 illius
3346 4345 3441 4416 qui
3471 4351 3654 4401 corri-

2071 4434 2321 4504 piebatur
2348 4435 2632 4491 tabescere
2653 4434 2852 4500 fecisti,
2881 4436 3246 4505 pro.utilitate
3274 4436 3447 4507 ipsius
3471 4438 3654 4492 bumi-
3706 4424 3720 4440 ’

2073 4524 2256 4578 liatam
2292 4533 2348 4579 et
2372 4532 2741 4580 extenuatam.
2777 4525 2912 4580 Nam
2936 4541 3047 4597 quo
3080 4535 3325 4597 tempore
3352 4525 3407 4583 in
3438 4526 3651 4583 deliciis

2075 4617 2287 4687 agebat,
2322 4626 2437 4672 tum
2470 4618 2525 4671 in
2555 4627 2778 4688 peccata
2809 4619 2959 4689 lapsa
2993 4626 3098 4683 est,
3134 4619 3434 4674 secundum
3469 4619 3603 4674 illud
3631 4638 3646 4673 τ

2076 4706 2313 4762 Comedit
2341 4717 2390 4763 et
2418 4707 2545 4763 bibit
2565 4707 2754 4773 Jacob,
2783 4722 2832 4763 et
2861 4709 3215 4763 recalcitravit
3247 4709 3471 4764 dilectus
3501 4720 3552 4764 et
3574 4711 3645 4764 in-

2073 4810 2343 4856 crassatus
2366 4812 2464 4867 est,
2485 4814 2535 4857 et
2560 4806 2773 4859 recessit
2798 4823 2831 4858 a
2856 4805 2959 4858 Deo
2982 4804 3072 4873 qui
3103 4804 3368 4858 nutriebat
3390 4804 3562 4873 ipsum
3576 4804 3647 4863 °'.

2073 4886 2459 4956 Quamobrem,
2505 4899 2563 4943 ut
2607 4893 2829 4961 spiritus
2868 4892 3047 4946 salvus
3089 4893 3159 4946 sit
3196 4893 3248 4945 in
3282 4892 3367 4946 die
3406 4893 3645 4959 Domini,

2072 4996 2198 5036 caro
2222 4980 2421 5035 t'radita
2458 4993 2535 5037 est
2564 4984 2621 5037 in
2651 4985 2921 5038 interitum
2943 4984 2988 5016 ’⁸
3016 4998 3031 5037 :
3060 4998 3168 5052 qua
3210 4984 3483 5054 supplicio
3512 4984 3646 5040 aﬂ'e-

2073 5079 2184 5138 cta,
2234 5072 2418 5127 anima
2467 5073 2699 5129 tabescit
2733 5082 2789 5130 et
2834 5080 3165 5129 extenuatur
3216 5075 3360 5129 sicut
3398 5088 3641 5131 aranea:

2069 5165 2193 5222 ideo
2221 5167 2317 5233 ait,
2349 5165 2416 5220 Et
2456 5166 2718 5226 tabescere
2743 5167 2915 5236 fecisti
2947 5167 3084 5221 sicut
3115 5182 3366 5220 araneam
3408 5166 3645 5221 animam

2070 5274 2240 5313 meam
2274 5275 2292 5312 :
2323 5259 2523 5330 quibus
2583 5259 2811 5328 adjicit,
2864 5257 3234 5312 Verumtamen
3294 5270 3425 5310 uane
3474 5256 3643 5309 omnis

2068 5350 2243 5416 homo,
2288 5350 2551 5407 miserum
2596 5351 2778 5406 denuo
2800 5348 3111 5420 praedicans
3140 5361 3287 5413 eum,
3328 5345 3422 5416 qui
3454 5345 3509 5399 in
3540 5345 3642 5400 hac

2067 5443 2178 5498 vita
2208 5442 2265 5500 in
2294 5442 2575 5498 laboribus
2602 5448 2655 5498 et
2683 5439 2942 5496 aerumnis
2975 5438 3180 5494 frustra
3212 5444 3487 5496 versatur.
