4098 6398
418 359 516 416 $51

1121 350 1387 408 EUSEBII
1426 349 1907 408 CESARIENSIS
1944 346 2094 404 OPP.
2124 344 2305 401 PARS
2339 343 2429 402 111.
2458 376 2529 386 -
2558 344 2969 402 EXEGETICA.

3561 350 3667 405 353

500 474 659 530 Vsus.
692 475 778 536 15,
816 473 903 527 υ.
941 471 1158 527 Exaudi
1190 476 1482 527 orationem
1524 487 1715 537 meam,
1750 468 1989 533 Domine,

2166 461 2551 519 Είσάκουσον
2592 462 2705 533 τῆς
2746 462 3097 534 προσευχῆς
3137 482 3277 535 μου,
3318 465 3514 535 Κύριε,
3563 468 3664 522 και

416 576 466 622 et
490 567 913 635 deprecationem
962 582 1131 619 meam
1181 581 1199 619 :
1238 564 1456 619 auribus
1486 565 1692 634 percipe
1725 561 1991 631 lacrymas

416 674 582 713 meas.
619 654 703 711 Ne
736 658 919 718 sileas,
956 656 1208 727 quoniam
1237 655 1439 709 advena
1482 673 1575 726 ego
1610 671 1728 709 sum
1758 651 1898 724 apud
1945 661 1994 706 te

414 757 465 803 et
487 751 815 820 peregrinus,
845 751 985 803 sicut
1024 765 1201 803 onmes
1228 757 1405 817 patres
1438 748 1561 801 mei.
1598 745 1699 800 Hic
1729 761 1788 801 se
1817 743 1991 798 conﬂ-

2093 556 2206 626 τῆς
2248 556 2511 623 δεήσεώς
2551 573 2670 626 μου
2688 573 2701 587 ·
2734 557 3011 610 ἐνώτισαι
3056 555 3174 610 τῶν
3217 557 3491 625 δακρύων
3521 576 3662 628 μου.

2093 648 2190 717 Μὴ
2219 646 2716 717 παρασιωπήσῃς,
2752 647 2840 701 ὅτι
2882 646 3167 717 πάροικος
3193 648 3309 719 ἐγώ
3335 651 3452 719 ειμι
3489 650 3560 703 ἐν
3589 651 3666 720 τῇ

2092 740 2171 813 τῇ
2211 741 2311 796 καὶ
2352 739 2783 810 παρεπίδημος,
2823 741 3014 808 καθὼς
3047 739 3270 807 πάντες
3318 744 3373 796 ol
3417 742 3667 811 πατέρες

418 848 563 896 tetur
602 841 866 895 advenam
909 849 964 895 et
1014 841 1405 910 peregrinum:
1443 838 1595 893 novit
1621 844 1801 891 autem
1830 834 1991 889 aliam

2097 849 2227 902 μου.
2246 829 2508 884 Ἐνταῦθα
2539 828 2790 909 ὁμολογεῖ
2835 829 3093 901 πάροικος
3137 825 3274 883 εἶναι
3305 830 3399 884 καὶ
3427 834 3663 903 παρεπί-

420 946 541 987 esse
570 931 1002 1002 refrigerationis
1049 932 1240 993 'vitam,
1272 945 1438 1000 quam
1469 927 1686 998 assequi
1721 932 1989 997 peroptat,

421 1024 642 1079 dicens:
675 1021 900 1076 Remitte
929 1021 1057 1075 mihi
1087 1030 1145 1074 ut
1182 1021 1485 1091 refrigerer.
1516 1017 1633 1073 Non
1666 1018 1848 1087 itaque
1874 1030 1994 1070 om-

421 1129 543 1174 nem
566 1118 840 1173 hominem
874 1116 1141 1170 advenam
1168 1129 1291 1169 esse
1319 1119 1525 1167 temere
1550 1110 1704 1173 dicit,
1751 1123 1850 1163 nec
1879 1106 1995 1161 fru-

421 1220 534 1267 stra
575 1225 697 1264 cum
730 1208 857 1262 ﬂetu
912 1215 966 1262 et
999 1203 1261 1277 lacrymis
1301 1201 1741 1272 deprecationem
1771 1199 1991 1262 emittit,

421 1316 623 1374 gnarus
666 1301 878 1356 scilicet
909 1298 1079 1362 illius,
1117 1295 1271 1350 Beati
1300 1294 1392 1364 qui
1426 1294 1572 1363 ﬂent,
1607 1293 1857 1362 quoniam
1894 1292 1995 1359 ipsi

421 1392 717 1454 ridebunt‘,
735 1398 809 1452 et,
829 1388 981 1443 Beati
1008 1386 1097 1456 qui
1128 1384 1324 1454 lugent,
1358 1383 1608 1453 quoniam
1628 1381 1731 1448 ipsi
1750 1378 1993 1433 consola-

419 1485 618 1538 buntur
644 1482 687 1537 ¹.
716 1483 792 1535 Ac
816 1488 963 1534 recte
1002 1477 1144 1532 facta
1187 1491 1287 1531 sua
1319 1484 1445 1546 post
1466 1474 1581 1528 haec
1606 1474 1677 1527 ita
1710 1472 1991 1539 describit,

422 1577 507 1631 his
553 1587 860 1631 sermonem
907 1567 1241 1625 concludens
1291 1587 1304 1622 :
1342 1566 1607 1632 Quoniam
1653 1563 1853 1618 advena
1901 1580 1995 1634 ego

421 1674 613 1719 sumet
668 1662 993 1732 peregrinus,
1036 1661 1172 1713 sicut
1217 1673 1394 1711 omnes
1442 1665 1619 1726 patres
1667 1656 1785 1710 mei.
1817 1652 1995 1709 Rarus

420 1772 554 1811 sane
586 1764 671 1811 est
702 1755 751 1810 is
777 1757 868 1824 qui
901 1753 1077 1824 possit
1119 1750 1187 1804 ad
1231 1749 1591 1803 imitationem
1617 1748 1991 1817 religiosorum

421 1858 638 1921 patrum
667 1854 721 1902 et
753 1811 1144 1917 prophetarum
1173 1842 1289 1905 Dei,
1333 1857 1443 1896 non
1487 1850 1546 1894 ut
1575 1840 1776 1901 incola,
1811 1838 1907 1893 sed
1935 1845 1993 1891 ut
2028 1811 2067 1868 Β

419 1940 627 1995 advena
661 1948 1069 2008 temporaneam
1103 1935 1304 1990 ducere
1337 1935 1508 1987 vitam
1559 1950 1571 1987 :
1625 1946 1730 2001 qua
1765 1930 1818 1984 in
1861 1947 1919 1985 re
1946 1930 1993 1984 is

420 2032 515 2102 qui
568 2031 813 2101 loquitur
857 2028 1220 2099 gloriabatur,
1269 2026 1613 2096 peregrinam
1662 2031 1716 2077 et
1763 2022 1994 2075 alienam

422 2122 715 2176 humanam
740 2120 906 2172 vitam
939 2118 1241 2173 aestimans.
1273 2115 1498 2168 Remitte
1542 2113 1670 2166 mihi
1699 2121 1754 2166 ut
1786 2111 1999 2181 refrige-

422 2229 510 2268 rcr
539 2214 846 2282 priusquam
886 2210 1093 2272 abeam,
1128 2218 1176 2261 et
1217 2207 1444 2275 amplius
1466 2222 1571 2259 non
1604 2221 1713 2259 ero.
1747 2203 1854 2257 Pro
1887 2217 1998 2273 quo

425 2303 790 2375 Symmachus
814 2303 912 2363 ait,
946 2298 1176 2354 Abscede
1197 2315 1230 2352 a
1258 2316 1338 2353 me
1370 2307 1427 2351 ut
1463 2297 1686 2362 rideam,
1717 2305 1997 2366 antequam

425 2392 611 2447 abeam
659 2400 707 2445 ct
741 2407 844 2444 non
889 2390 1138 2444 existant.
1179 2388 1295 2443 Nisi
1336 2388 1481 2443 enim
1529 2387 1618 2440 hic
1648 2385 1873 2439 mutatis
1903 2399 1999 2455 per

424 2485 656 2556 gratiam
685 2491 832 2537 tuam
870 2483 925 2536 in
960 2483 1132 2537 risum
1156 2482 1414 2553 lacrymis
1444 2480 1673 2542 rideam,
1706 2494 1771 2534 ac
1805 2478 1909 2533 nisi
1941 2479 1995 2531 in

427 2579 677 2647 praesenti
713 2577 823 2630 vita
854 2576 1104 2630 remittas
1135 2574 1267 2628 mihi
1299 2574 1557 2628 delictum
1603 2579 1658 2627 et
1692 2570 1996 2625 facinorum

423 2665 641 2719 veniam
691 2664 955 2735 praebeas,
985 2673 1044 2718 ut
1076 2665 1345 2733 meipsum
1379 2660 1640 2732 recipiam
1684 2667 1738 2715 et
1770 2659 1997 2729 refrige-

426 2771 571 2824 rem;
622 2765 745 2827 post
789 2759 995 2811 exitum
1046 2770 1077 2809 a
1112 2756 1221 2811 vita
1271 2755 1481 2808 nullum
1527 2752 1634 2807 erit
1661 2751 1998 2822 pmnitentiae

423 2854 662 2918 tempus.
693 2847 773 2902 Ac
805 2848 852 2902 si
897 2849 1111 2900 veniam
1143 2861 1252 2898 non
1283 2855 1613 2913 consequar,
1651 2840 1708 2894 in
1736 2841 1846 2894 vita
1877 2854 1998 2909 quae

425 2938 569 3009 apud
604 2948 656 2994 te
677 2946 762 2995 est
791 2939 1025 3009 amplius
1056 2951 1164 2991 non
1183 2951 1318 3001 ero;
1348 2934 1445 2989 sed
1471 2934 1708 3003 reiectus
1734 2932 1999 2988 assimila-

403 3030 522 3084 ἰον
556 3029 989 3084 descendentibus
1032 3030 1089 3082 in
1136 3028 1330 3082 lacum.
1360 3029 1544 3094 Quare
1567 3027 1622 3081 in
1647 3025 1750 3080 hac
1774 3024 1884 3080 vita
1915 3024 1996 3080 sic

429 3209 770 3266 assimilabor
795 3209 1227 3264 descendentibus
1258 3209 1314 3262 in
1341 3208 1541 3265 lacum.

742 3469 796 3524 1.
830 3468 896 3523 ΙΝ
928 3466 1141 3523 ΓΙΝΕΜ
1183 3465 1415 3522 DAVIDI
1443 3467 1686 3524 XXXIX.

502 3561 667 3617 Vnus.
702 3561 783 3614 2-
823 3562 878 3615 4.
934 3560 1260 3630 Exspectans
1322 3561 1614 3629 exspectavi
1683 3559 1998 3629 Dominum,

429 3662 480 3708 et
513 3652 742 3713 intendit
795 3653 944 3708 mihi.
970 3683 1038 3693 —
1069 3652 1331 3719 Quoniam
1376 3651 1648 3706 tribulatio
1691 3652 2000 3721 patientium

430 3754 729 3815 operatur:
780 3744 1041 3813 patientia
1092 3756 1266 3798 autem
1321 3742 1701 3812 probationem,
1759 3742 1998 3813 probatio

429 3856 548 3895 vero
591 3854 733 3908 spem
764 3855 782 3893 :
814 3855 929 3908 spes
981 3850 1155 3891 autem
1207 3855 1311 3892 non
1345 3838 1688 3907 confundit’.
1727 3836 1859 3894 Jure
1884 3838 2002 3907 qui-

429 3933 552 3987 dem
582 3931 767 4000 justus
796 3946 904 3985 non
940 3930 1144 3986 frustra
1169 3938 1470 4001 exspectat,
1506 3931 1604 3986 sed
1639 3945 1787 4001 spem
1818 3931 1999 3986 inten-

429 4022 563 4077 dens
592 4036 770 4085 suam,
810 4037 913 4076 nec
944 4023 1246 4092 desperans
1289 4021 1357 4076 de
1389 4036 1454 4075 ea
1501 4038 1622 4092 qua:
1670 4038 1700 4075 a
1758 4021 1869 4079 Deo
1913 4030 1998 4078 est

430 4119 629 4182 salute,
665 4118 1007 4188 inpatientia
1040 4124 1374 4188 perseverat.
1424 4116 1685 4184 Quamvis
1732 4133 1839 4173 non
1888 4128 2000 4173 sta-

428 4210 526 4264 tim
574 4222 738 4279 atque
778 4219 1036 4280 precatus
1071 4217 1154 4264 est
1183 4208 1477 4264 exauditus
1528 4207 1711 4273 fuerit,
1761 4217 1997 4265 attamen

429 4303 703 4371 sperando
728 4310 1031 4370 permanet,
1085 4315 1148 4355 ac
1182 4307 1494 4369 perseverat
1526 4300 1581 4355 in
1610 4300 2002 4355 obsecrationi-

427 4395 532 4449 bus
561 4404 616 4449 et
646 4394 1011 4449 orationibus.
1044 4392 1200 4460 Quod
1231 4394 1275 4449 si
1306 4394 1634 4463 quandoque
1671 4394 1903 4457 labatur,
1941 4405 1999 4449 ut

2091 923 2260 994 δημος
2283 938 2297 951 ·
2336 917 2443 975 οἶδέ
2475 937 2535 974 τε
2564 920 2757 994 ἑτέραν
2803 920 2946 992 ζωὴν
2981 919 3357 990 ἀναψύξεως,
3387 916 3455 994 ἦς
3485 927 3665 994 τυχεῖν

2092 1013 2332 1085 γλίχεται
2379 1013 2551 1080 λέγων
2571 1028 2585 1043 ⁸
2617 1014 2774 1069 Ἀνε(
2816 1030 2940 1082 μοι,
2975 1014 3076 1067 ἵνα
3119 1013 3427 1082 ἀναψύξω.
3456 1013 3664 1070 Οὔκουν

2096 1107 2273 1177 μάτην
2304 1104 2480 1159 πάντα
2513 1103 2796 1175 ἄνθρωπον
2825 1106 3087 1177 πάροικον
3117 1104 3291 1174 ἔλεγε,
3330 1106 3466 1178 μετά
3496 1108 3662 1163 κλαυο

2094 1196 2230 1268 θμοῦ
2259 1196 2317 1249 δὲ
2339 1197 2433 1249 καὶ
2458 1194 2709 1267 δακρύων
2735 1196 2832 1268 τὴν
2859 1197 3138 1267 ἱκετηρίαν
3159 1197 3489 1269 ἀναπέμπει,
3506 1200 3665 1271 ἀκριο

2094 1286 2202 1351 ὀῶς
2233 1284 2407 1349 εἰδὼς,
2454 1287 2534 1339 ὅτι
2567 1285 2855 1355 Μακάριοι
2903 1289 2956 1339 ol
3001 1287 3337 1354 κλαίοντες,
3368 1286 3456 1341 ὅτι
3501 1288 3665 1358 γελά-

2093 1393 2326 1438 σονται,
2354 1378 2468 1440 καὶ,
2513 1377 2801 1446 Μακάριοι
2831 1381 2885 1432 οι
2915 1379 3295 1445 πενθοῦντες,
3345 1379 3435 1434 ὅτι
3479 1398 3665 1449 παρα-

2095 1469 2500 1536 κληθήσονται
2528 1486 2542 1498 ·
2576 1470 2668 1523 καὶ
2698 1468 2767 1523 τά
2810 1468 3204 1541 κατορθώματα
3243 1471 3299 1523 δὲ
3341 1472 3503 1525 αὑτοῦ
3536 1474 3668 1528 ὐπο-

2093 1562 2293 1631 γράφει
2325 1560 2589 1629 ἐπιλέγων
2610 1578 2624 1592 ·
2657 1561 2777 1614 Ὀτι
2807 1560 3091 1629 πάροικος
3115 1560 3228 1632 ἐγώ
3248 1565 3364 1631 ειμι
3395 1564 3495 1616 καὶ
3521 1578 3683 1634 παρ-ι

2092 1655 2402 1722 επίδημος,
2438 1653 2631 1719 καθὼς
2655 1652 2878 1720 πάντες
2906 1656 2960 1707 al
2988 1654 3237 1722 πατέρες
3260 1672 3400 1724 μου.
3430 1657 3664 1713 Σπανίου

2094 1746 2153 1800 δέ
2180 1749 2327 1800 ἐστιν
2360 1745 2551 1818 ἀνδρὸς
2575 1745 2637 1799 τὸ
2665 1746 2923 1801 δύνασθαι
2945 1746 3085 1800 κατά
3116 1745 3343 1819 μίμησιν
3361 1747 3468 1802 τῶν
3494 1747 3669 1819 θεοφι-

2097 1839 2203 1893 λῶν
2251 1838 2500 1909 πατέρων
2545 1839 2641 1893 καὶ
2687 1838 2795 1892 τῶν
2841 1837 3133 1911 προφητῶν
3174 1838 3268 1892 τοῦ
3316 1839 3451 1893 Θεοῦ
3487 1840 3561 1912 μὴ
3591 1841 3669 1907 ὡς

2098 1934 2323 1997 ἐνοικος,
2354 1932 2469 1986 ἀλλ’
2495 1932 2571 1996 ὡς
2620 1933 2880 2004 πάροικος
2923 1933 3023 2005 τὴν
3075 1932 3404 2005 πρόσκαιρον
3431 1933 3686 1990 διαϐιοῦν-

2097 2025 2242 2097 ζωήν
2261 2042 2275 2055 ·
2301 2024 2386 2095 ἐφ’
2404 2017 2450 2093 ᾧ
2471 2026 2563 2077 καὶ
2587 2026 2617 2077 ὁ
2646 2023 2836 2095 παρὼν
2858 2023 3178 2095 ἐσεμνύνετο
3202 2024 3489 2095 παροικίαν
3505 2024 3669 2097 ἡγού-

2100 2131 2257 2186 μενος
2284 2116 2377 2168 καὶ
2403 2114 2664 2181 ξενιτείαν
2687 2113 2778 2167 τὸν
2809 2112 3147 2185 ἀνθρώπινον
3175 2112 3286 2183 βίον
3307 2132 3323 2145 ·
3349 2116 3524 2182 Ἀνες
3544 2132 3669 2185 μοι,

2097 2205 2197 2257 ἵνα
2228 2203 2518 2272 ἀναψύξω
2539 2203 2654 2271 πρὸ
2686 2202 2793 2257 τοῦ
2818 2220 2895 2273 με
2926 2204 3228 2268 ἀπελθεῖν,
3247 2205 3343 2258 καὶ
3367 2204 3562 2260 οὐκέτι
3581 2206 3671 2276 μὴ

2096 2293 2361 2363 ὑπάρξω.
2390 2294 2528 2348 Ἀνθ“
2547 2290 2606 2349 οὗ
2630 2296 2659 2347 ό
2684 2293 2755 2347 Σύ
2764 2296 2977 2366 μμαχός
3000 2311 3134 2367 φησι
3153 2313 3167 2326 ’
3200 2297 3501 2366 Ἀπόσχου
3525 2314 3668 2367 μου,

2097 2388 2197 2442 ἶνα
2222 2387 2509 2458 μειδιάσω
2534 2388 2675 2455 πρὶν
2695 2388 2980 2443 ἀπελθεῖν
2996 2405 3093 2458 με,
3122 2388 3221 2442 καί
3241 2388 3328 2458 μὴ
3355 2390 3668 2461 ὑπάρχειν.

2110 2478 2235 2533 Ἐὰν
2262 2480 2374 2551 γάρ
2404 2477 2672 2544 ἐντεῦθεν,
2700 2481 2853 2552 φησὶ,
2887 2479 2984 2551 μὴ,
3020 2478 3336 2552 μετασαλὼν
3362 2483 3431 2535 τὰ
3459 2483 3672 2555 δάκρυα

2097 2573 2177 2635 εἰς
2202 2571 2411 2641 γέλωτα
2430 2571 2519 2625 διά
2550 2573 2649 2643 τὴν
2681 2573 2780 2645 σὴν
2819 2573 3001 2644 χάριν,
3037 2572 3318 2644 μειδιάσω,
3348 2575 3442 2628 καὶ
3470 2573 3564 2629 ἐὰν
3595 2575 3673 2648 μὴ

2097 2666 2155 2718 ἐν
2197 2663 2276 2735 τῷ
2320 2665 2549 2736 παρόντι
2589 2665 2689 2736 βίῳ
2717 2666 2851 2737 ἀνῇς
2882 2683 2970 2737 μοι
2995 2667 3056 2720 τὸ
3079 2667 3384 2740 ἁμάρτημα
3415 2667 3509 2720 καὶ
3543 2683 3669 2734 συγ-

2096 2757 2352 2828 χωρήσῃς
2381 2756 2450 2810 τὰ
2479 2757 2865 2830 πεπραγμένα,
2900 2758 2988 2812 ἵνα
3013 2758 3266 2813 ἀναλάϐω
3309 2757 3546 2831 ἐμαυτὸν
3580 2756 3672 2811 καὶ

2096 2849 2353 2920 ἀναψύξω
2391 2850 2723 2920 ἀπαλλαγεὶς
2762 2850 2856 2904 τοῦ
2898 2852 3231 2926 προσκαίρου
3263 2850 3400 2923 βίου,
3429 2852 3531 2905 οὐκ
3558 2850 3673 2904 ἐστι

2098 2940 2291 3012 καιρὸς
2314 2941 2614 3010 μετανοίας.
2635 2942 2727 3013 Μὴ
2747 2940 2924 3012 τυχὼν
2947 2941 3004 2995 δὲ
3024 2943 3272 3012 ἀφέσεως
3298 2937 3482 2996 οὒκέτι
3508 2941 3672 3012 ὑπάρ-

2097 3029 2174 3096 ξω
2204 3033 2262 3086 ἐν
2304 3033 2372 3101 τῇ
2417 3032 2568 3104 παρά
2600 3033 2683 3086 σοὶ
2725 3032 2869 3103 ζωῇ*
2917 3032 3221 3103 ἀπόϐλητος
3265 3033 3323 3086 δὲ
3361 3034 3671 3104 γενόμενος,

316 3174 320 3179 ,
426 3120 713 3191 deprecor,
749 3118 833 3174 Ne
859 3120 1019 3174 sileas
1055 3136 1088 3171 a
1116 3136 1216 3185 me,
1244 3120 1516 3190 nequando
1549 3128 1724 3173 taceas
1755 3133 1789 3171 α
1818 3131 1920 3182 me,
1946 3124 1996 3170 et

2099 3122 2535 3191 ὁμοιωθήσομαι
2564 3124 2690 3189 τοῖς
2712 3124 3180 3177 καταϐαίνουσιν
3203 3126 3289 3189 είς
3310 3122 3561 3177 λάκκον.
3584 3124 3673 3177 Διὸ

2102 3214 2349 3268 ἐντεῦθεν
2399 3215 2623 3268 ἱκετεύω
2667 3214 2838 3283 λέγων
2859 3232 2871 3246 ⁸
2916 3215 3015 3283 Μὴ
3059 3216 3532 3284 παρασιωπήσῃς
3574 3217 3675 3269 ἀπ’

2100 3305 2268 3373 ἐμοῦ,
2287 3303 2521 3373 μήποτε
2538 3305 3017 3375 παρασιωπήσῃς
3032 3306 3132 3361 ἀπ’
3156 3305 3324 3375 ἐμοῦ,
3354 3306 3452 3360 καὶ
3472 3309 3676 3376 ὁμοιω-

2102 3394 2360 3465 θήσομαι
2394 3396 2519 3464 τοῖς
2547 3397 3014 3451 καταϐαίνουσιν
3037 3401 3125 3465 εὶς
3150 3397 3403 3453 λάκκον.

2452 3488 2560 3541 ΕΙΣ
2597 3489 2683 3542 ΤΟ
2721 3489 2940 3542 ΤΕΛΟΣ
2976 3488 3174 3541 ΔΑΥΙΔ
3212 3488 3336 3543 AO’.

2183 3580 2514 3650 ’Υπομένων
2534 3580 2825 3650 ὑπέμεινα
2849 3581 2956 3634 τὸν
2974 3582 3215 3649 Κύριον,
3241 3583 3337 3635 καὶ
3370 3581 3677 3652 προσέσχε

2095 3689 2215 3741 μοι,
2235 3672 2560 3739 -Ἐπειδὴ
2602 3675 2640 3741 ἡ
2678 3673 2884 3741 θλίψις
2908 3673 3222 3742 ὑπομονὴν
3249 3673 3675 3744 κατεργάζεται,

2100 3764 2139 3832 ἡ
2161 3762 2229 3816 δὲ
2250 3762 2523 3833 ὑπομονὴ
2552 3763 2824 3833 δοκιμὴν,
2850 3764 2888 3831 ἠ
2918 3763 2986 3817 δὲ
3009 3763 3219 3833 δοκιμὴ
3242 3765 3461 3819 ἐλπίδα
3478 3782 3493 3798 ’
3532 3766 3572 3834 ἠ
3609 3765 3679 3819 δὲ

2103 3855 2283 3921 ἐλπὶς
2329 3857 2402 3909 οὺ
2449 3855 2858 3924 καταισχύνει.
2894 3856 3133 3922 Εἰκότως
3178 3858 3277 3927 οὐχ
3326 3857 3509 3921 ἀπλῶς
3536 3857 3566 3910 ό
3594 3857 3675 3911 6i-

2100 3961 2252 4003 καιος
2293 3944 2573 4015 ὑπομένει,
2601 3944 2713 3997 ἀλλ’
2742 3944 3027 3998 ἐπιτείνων
3073 3944 3170 4015 τὴν
3224 3944 3414 3998 ἐλπίδα
3461 3945 3555 3998 καὶ
3598 3943 3677 4017 μὴ

2099 4036 2489 4103 ἀπογινώσκων
2516 4036 2613 4107 τὴν
2643 4036 2793 4107 παρά
2813 4035 2932 4107 Θεῷ
2957 4040 3247 4108 σωτηρίαν,
3280 4036 3586 4107 παραμένει
3607 4038 3674 4109 τῇ

2100 4129 2365 4199 ὑπομονῇ.
2402 4126 2520 4181 Κάν
2570 4126 2912 4198 παραχρῆμα
2954 4126 3163 4198 δεηθεὶς
3213 4126 3287 4198 μὴ
3332 4127 3672 4197 ὑπακουσθῇ,

2098 4222 2246 4292 ὅμως
2288 4220 2523 4284 ἐλπίζων
2562 4220 2820 4290 ὑπομένει
2857 4221 2952 4273 καὶ
2986 4222 3386 4291 προσκαρτερεῐ
3409 4222 3528 4282 ταῖς
3553 4218 3677 4291 δεή-

2100 4327 2219 4363 σεσι
2245 4311 2338 4363 καὶ
2358 4312 2478 4373 ταῖς
2504 4312 2852 4381 προσευχαῖς.
2872 4312 2935 4363 Εἰ
2960 4310 3016 4364 δὲ
3043 4311 3136 4364 καὶ
3164 4312 3220 4363 ἐν
3245 4309 3518 4380 σφάλματί
3546 4324 3676 4362 ποτε

2098 4402 2325 4470 γένοιτο,
2360 4401 2544 4470 ὥσπερ
2572 4401 2600 4452 ὀ
2628 4400 2810 4465 Aucta,
2843 4402 3095 4472 ὁμολογεῖ
3123 4402 3196 4473 μὴ
3224 4403 3435 4470 ἀγνοεῖν
3455 4396 3544 4455 οἶα
3573 4418 3676 4455 κα-

428 4482 620 4539 Davidi
655 4484 873 4546 accidit,
910 4483 1200 4537 conﬁtetur
1227 4499 1336 4537 non
1362 4485 1611 4553 ignorare
1634 4498 1693 4538 se
1714 4499 1997 4555 quousque

2100 4492 2208 4545 κῶν
2241 4491 2513 4563 ἐλήλυθεν.
2548 4492 2611 4544 Ei
2648 4490 2705 4544 δὲ
2740 4492 2834 4544 καὶ
2871 4493 3008 4562 μετά
3038 4492 3211 4546 ταῦτα
3254 4491 3510 4547 ἀνα).άῦοι
3550 4495 3678 4546 ἑαυ-

427 4579 702 4633 malorum
759 4575 1062 4630 devenerit.
1104 4574 1161 4627 Si
1204 4590 1335 4630 vero
1374 4582 1563 4644 postea
1601 4575 1936 4645 resipiscens
1966 4591 1997 4629 a

428 4668 584 4738 lapsu
613 4684 673 4723 se
711 4666 983 4733 retrahat,
1031 4666 1236 4735 gratias
1280 4674 1421 4737 aget,
1484 4674 1785 4736 notumque
1834 4664 1994 4721 faciet

428 4761 686 4816 omnibus
714 4775 779 4814 ex
809 4760 957 4829 quali
988 4759 1225 4814 miseriae
1253 4759 1469 4830 gurgite
1511 4776 1571 4815 se
1602 4758 1852 4813 eduxerit
1886 4774 1997 4814 me-

428 4852 585 4907 dicus
642 4859 698 4907 et
751 4858 1004 4906 servator
1052 4851 1250 4904 anima!
1298 4850 1508 4921 ipsius;
1570 4865 1741 4919 quare
1787 4849 1931 4905 dicet
1984 4869 1996 4904 :

428 4943 634 5000 Eduxit
663 4960 743 4997 me
761 4942 824 4996 de
856 4943 975 4997 lacu
1006 4943 1234 4996 miseriae
1263 4952 1311 4997 et
1343 4945 1408 4997 de
1439 4942 1549 4996 luto
1570 4942 1737 5013 fwcis.
1756 4940 1813 4997 Id
1833 4945 2001 5013 'porro

427 5038 717 5102 obtinebit,
747 5036 876 5106 quia
908 5043 1235 5106 exspectans
1290 5039 1628 5105 exspectavit
1685 5035 1997 5091 Dominum.

432 5131 636 5186 Lacum
678 5129 937 5188 miseriae,
979 5128 1311 5199 profundum
1350 5129 1581 5199 peccati,
1617 5129 1787 5182 lutum
1828 5127 1998 5193 faecis,

431 5226 594 5279 lutosi
632 5222 882 5293 corporis
914 5222 1244 5292 voluptates,
1293 5220 1348 5273 in
1399 5236 1535 5288 quas
1562 5220 1784 5289 delapsa
1818 5221 1999 5275 anima

430 5316 768 5387 demergitur
796 5324 851 5370 et
874 5315 1033 5384 quasi
1063 5314 1119 5368 in
1151 5312 1424 5385 profundo
1457 5313 1733 5377 obruitur,
1777 5330 1887 5368 non
1916 5313 2001 5367 in-

423 5407 570 5478 juria
605 5407 986 5479 appellaveris.
1035 5406 1141 5472 Qui
1180 5406 1346 5476 igitur
1387 5421 1453 5460 ex
1509 5405 1598 5461 his
1649 5407 1892 5470 emersit,
1944 5413 1999 5462 et

430 5497 731 5554 Salvatoris
765 5498 988 5552 dextera
1009 5498 1238 5553 eductus
1266 5504 1372 5559 est,
1405 5511 1469 5550 ac
1491 5495 1687 5552 deinde
1709 5496 1776 5551 ad
1806 5513 1998 5567 puram

426 5597 482 5644 et
509 5597 715 5644 rectam
756 5589 1023 5644 rationem
1076 5588 1271 5643 animae
1311 5605 1425 5644 suae
1458 5588 1688 5659 vestigia
1742 5588 1998 5653 ﬁrmavit,

500 5746 515 5777 ¹
556 5743 692 5800 Luc.
725 5761 815 5810 vr,
848 5744 938 5799 2i.
1018 5749 1037 5779 ⁸
1078 5746 1271 5801 Matth.
1307 5762 1360 5812 ν,
1400 5746 1451 5801 5.
1530 5747 1550 5780 ³
1591 5748 1752 5803 Rom.
1786 5762 1840 5814 ν,
1873 5744 1928 5802 3.

2101 4585 2192 4638 τὸν
2240 4583 2332 4638 τος
2413 4583 2728 4655 σφάλματος
2783 4583 3190 4656 συνῃσθημένος
3218 4625 3233 4650 ,
3291 4584 3677 4655 εὐχαριστήσει

2112 4677 2381 4748 ίνωρίζων
2429 4678 2520 4748 ἀφ’
2552 4678 2663 4730 οἵου
2719 4675 2913 4747 βάθους
2967 4676 3338 4748 ταλαιπωρίας
3376 4678 3678 4748 ἀνιμήσατο

2100 4767 2260 4821 αὑτὸν
2283 4769 2311 4821 ὁ
2332 4767 2431 4837 τῆς
2450 4767 2627 4838 ψυχῆς
2647 4765 2810 4820 αὐτοῦ
2831 4766 3118 4838 γενόμενος
3146 4766 3326 4837 ἰατρὸς
3355 4768 3446 4820 καὶ
3470 4768 3671 4837 σωτήρο

2098 4854 2287 4926 διόπερ
2316 4858 2463 4927 ἐρεῖ·
2507 4854 2784 4927 Ἀνήᾳάγέ
2816 4873 2892 4925 με
2919 4857 2989 4909 ἐκ
3020 4855 3250 4910 λάκκου
3278 4857 3678 4925 ταλαιπωρίας

2100 4947 2196 5000 καὶ
2227 4947 2346 5001 ἀπὸ
2380 4948 2579 5015 πηλοῦ
2603 4950 2791 5015 ἰλύος.
2830 4947 3031 5002 Τούτου
3073 4948 3129 5001 δὲ
3157 4948 3427 5015 τεύξεται,
3458 4948 3675 5017 ἐπειδή-

2100 5054 2205 5109 περ
2245 5038 2534 5108 ὑπομένων
2586 5040 2847 5112 ὑπέμεινε
2887 5041 2978 5095 τὸν
3006 5039 3229 5112 Κύριον.
3259 5039 3473 5094 Λάκκον
3501 5040 3558 5092 δὲ
3584 5056 3677 5093 τα-

2099 5129 2403 5202 λαιπωρίας
2432 5131 2495 5184 τὸ
2526 5130 2685 5201 βάθος
2723 5132 2824 5201 τῆς
2857 5130 3148 5202 ἁμαρτίας.
3179 5131 3273 5184 καὶ
3324 5129 3490 5201 πηλὸν
3533 5128 3676 5190 ἰλύος

2098 5219 2197 5284 τὰς
2242 5220 2337 5274 τοῦ
2394 5219 2673 5293 πηλώδους
2704 5221 2950 5293 σώματος
2977 5219 3329 5292 ἡδυπαθείας,
3362 5221 3419 5273 ἐν
3444 5212 3530 5281 αἷς
3562 5217 3676 5270 ὀλι-

2102 5313 2349 5385 σθήσασα
2379 5312 2524 5385 ψυχὴ
2552 5314 2871 5385 βαπτίζεται
2901 5316 2993 5369 καὶ
3017 5315 3206 5386 ὥσπερ
3236 5317 3293 5368 ἐν
3323 5311 3469 5384 βυθῷ
3510 5328 3678 5365 κατα-

2101 5405 2408 5471 ποντοῦται,
2444 5408 2543 5459 οὐκ
2569 5405 2636 5459 ἂν
2662 5407 2928 5479 ἁμάρτοις
2957 5406 3147 5462 εἰπών.
3166 5408 3222 5460 '0
3245 5403 3310 5475 δὴ
3339 5398 3432 5458 οὖν
3461 5404 3528 5455 ἐκ
3549 5400 3674 5455 τού-

2101 5516 2205 5552 των
2231 5499 2534 5570 ἀνακύψας,
2569 5501 2664 5554 καὶ
2695 5499 2800 5553 ὑπὸ
2831 5500 2928 5573 τῆς
2962 5501 3139 5568 δεξιᾶς
3165 5498 3260 5552 τοῦ
3298 5498 3548 5571 Σωτῆρος
3578 5497 3674 5550 ἀνα

2104 5590 2337 5663 ιμηθεὶς,
2353 5587 2471 5648 εἶτα
2489 5592 2567 5647 λοι
2577 5593 2670 5648 πον
2691 5594 2748 5647 ἐν
2771 5592 2994 5665 καθαρῷ
3012 5592 3090 5664 τῷ
3108 5592 3252 5663 λόγῳ
3263 5589 3360 5655 τὰς
3382 5589 3481 5663 τῆς
3501 5587 3675 5660 ψυχῆς
3694 5622 3698 5626 -
