4098 6376
406 348 516 403 δεῦ

1534 345 2036 404 COMMENTARIA
2075 347 2142 404 IN
2182 346 2517 405 PSALMOS.

3566 353 3674 410 355

409 462 596 533 βάσεις
626 459 905 534 στηρίξας,
931 462 1166 532 εὐλόγως
1200 462 1349 533 ἐρεῖο
1386 463 1495 517 Καὶ
1530 461 1793 531 ἁνήταγέ
1818 479 1895 533 με
1918 463 1985 518 ἐκ

2094 464 2292 518 merito
2316 464 2465 519 dicat
2500 482 2513 517 :
2547 462 2613 517 Et
2660 463 2841 518 eduxit
2888 479 2968 518 me
2994 464 3060 519 de
3089 465 3211 519 lacu
3241 465 3469 520 miseria:
3520 475 3569 519 et
3606 466 3673 521 de

404 553 639 609 λάκκου
667 557 1065 623 ταλαιπωρίας
1108 554 1208 608 καὶ
1251 554 1371 609 ἀπὸ
1414 555 1614 622 πηλοῦ
1656 557 1855 622 ἰλύος·
1886 558 1985 611 καὶ

405 645 671 714 ἔστησεν
689 647 786 699 ἐπὶ
827 646 1051 715 πέτραν
1072 647 1215 714 τοὺς
1248 647 1438 713 πόδας
1464 664 1605 716 μου,
1633 647 1731 701 καί
1768 651 1988 718 κατηύ-

408 742 551 794 θυνρ
584 738 655 792 τὰ
692 737 1024 809 διαϐήματά
1058 758 1197 809 μου.
1234 738 1444 811 Πέτραν
1485 739 1542 793 δὲ
1587 741 1725 811 πρὸς
1755 741 1988 795 ἀντιδια-

409 830 599 902 στολὴν
635 830 727 884 τοῦ
754 830 977 903 στερεοῦ
1000 830 1158 901 λόγου
1183 832 1429 904 θεμέλιον
1460 832 1738 904 ὀνομάζει,
1770 835 1853 904 ἐφ’
1876 834 1935 887 ὃν
1958 836 1987 887 ό

409 919 656 991 βεόηκὼς
676 922 867 992 φήσει·
895 922 988 987 Τίς
1017 920 1174 991 ἡμᾶς
1202 922 1439 990 χωρίσει
1468 922 1586 976 ἀπὸ
1615 922 1725 992 τῆς
1749 922 1988 994 ἀγάπης

406 1010 515 1064 τοῦ
540 1012 830 1081 Χριστοῦς
872 1013 1101 1081 θλίψις,
1149 1012 1188 1080 ἦ
1221 1016 1608 1082 στενοχωρία,
1643 1014 1682 1083 ἢ
1711 1013 1984 1084 διωγμὸς,

406 1105 447 1173 ἢ
470 1106 681 1176 λιμός;
717 1108 810 1161 καὶ
834 1105 903 1160 τὰ
932 1105 1076 1178 ἑξῆς.
1100 1107 1173 1159 Οὐ
1211 1108 1370 1178 μόνον
1392 1108 1435 1161 δ’
1463 1109 1653 1180 ἔστησε
1676 1109 1802 1173 τοὺς
1827 1110 1990 1175 πόδας

407 1200 501 1254 ἐπὶ
525 1200 624 1271 τὴν
642 1199 869 1272 πέτραν,
895 1199 1031 1254 ἀλλὰ
1054 1200 1149 1254 καὶ
1178 1200 1412 1272 βαδίζειν
1433 1202 1525 1256 καὶ
1549 1200 1765 1274 τρέχειν
1786 1204 1874 1256 ἔπ’
1891 1205 1990 1257 αὑ·-

404 1290 505 1361 τῆς
537 1290 628 1344 διὰ
655 1291 753 1361 τῆς
785 1290 891 1346 τῶν
926 1291 1104 1346 καλῶν
1137 1292 1541 1365 εὐδοκιμήσεως
1567 1296 1746 1346 ποιεῖ’
1767 1294 1849 1347 διὸ
1876 1296 1992 1348 ὲπι-

406 1381 553 1451 λέγει
574 1397 587 1411 ·
636 1384 745 1437 Καὶ
803 1385 1137 1452 κατηύθυνε
1184 1386 1257 1439 τὰ
1312 1384 1642 1455 διαδήματα
1686 1405 1825 1455 μου.
1856 1382 1991 1442 Εἶτα

407 1474 733 1541 ἀκολούθως,
767 1475 844 1540 ὡς
870 1476 934 1531 ἂν
968 1477 1324 1549 μεταϐληθεὶς
1350 1479 1459 1532 ἀπὸ
1484 1479 1593 1532 τῶν
1618 1480 1877 1550 χειρόνων
1895 1478 1991 1535 ἐπὶ

407 1565 476 1618 τά
495 1567 748 1638 κρείττω,
769 1568 830 1620 τὸ
857 1569 955 1640 μὲν
981 1569 1206 1623 παλαιὸν
1232 1566 1404 1642 ᾆσμα,
1427 1569 1492 1623 δι’
1518 1566 1579 1627 οὗ
1608 1572 1990 1627 ά“πεκλαύσατο

406 1656 478 1710 τά
505 1658 562 1710 ὲν
594 1661 706 1721 τοῖς
739 1659 845 1729 πρὸ
872 1659 1062 1713 τούτου
1109 1659 1345 1731 ψαλμοῖς
1382 1660 1705 1732 λελέγμένα,
1741 1664 1993 1718 ἀποτίθε-

406 1765 499 1803 ται
517 1766 531 1780 ·
562 1749 928 1821 ἀναλαμϐάνει
956 1751 1015 1805 δὲ
1041 1747 1194 1823 ᾆσμα
1224 1752 1409 1806 καινὸν
1451 1753 1546 1807 τοῦ
1587 1754 1859 1819 σώσαντος
1886 1755 1991 1809 αὑ-

406 1841 520 1904 τὸν,
542 1843 636 1895 καὶ
659 1842 1017 1914 ὲμῦάλλοντος
1040 1845 1119 1907 είς
1147 1845 1207 1897 τὸ
1232 1845 1406 1916 στόμα
1431 1845 1596 1900 αὑτοῦ
1627 1846 1812 1900 καινὸν
1837 1843 1990 1920 ᾆσμα

410 1934 503 1986 καὶ
519 1932 705 2004 ὕμνον,
723 1934 1132 2006 ἀποδυσαμένου
1165 1935 1257 1989 τὸν
1291 1936 1517 1990 παλαιὸν
1558 1936 1845 2007 ἄνθρωπον
1889 1939 1987 1991 σὺν

406 2030 527 2091 ταῖς
576 2027 838 2099 πράξεσιν
893 2027 1081 2093 αὑτοῦ,
1117 2028 1477 2100 ὲνδυσαμένου
1509 2028 1569 2084 δὲ
1607 2029 1701 2083 τὸν
1745 2029 1865 2084 νέον
1896 2029 1989 2082 τὸν

407 2119 869 2191 ἀνακαινούμενον
900 2123 1020 2175 κατ’
1047 2121 1343 2191 ἐπίγνωσιν
1371 2122 1465 2174 τοῦ
1491 2120 1647 2175 Θεοῦ.
1682 2116 1816 2176 Εἶτα
1850 2122 1988 2193 μετὰ

409 2212 586 2267 πάντα
618 2214 795 2268 ταῦτα
826 2214 1129 2287 ὑπόδειγμα
1170 2214 1384 2279 πολλοῖς
1421 2215 1653 2283 γίνεται,
1689 2215 1766 2278 ὡς
1796 2213 1862 2268 ἂν
1894 2216 1990 2269 καὶ

408 2303 605 2375 ἕτεροι,
634 2304 732 2376 τὴν
762 2304 1061 2376 μεταϐολὴν
1088 2305 1251 2359 αὐτοῦ
1286 2304 1572 2376 θεώμενοι,
1600 2305 1824 2370 ἐλπίδας
1849 2307 1991 2376 ἀγα-

408 2396 508 2462 θὰς
537 2396 874 2463 ἀναλάϐοιεν,
909 2398 1005 2451 καὶ
1049 2398 1150 2469 τὴν
1192 2397 1300 2452 ἀπὸ
1341 2395 1450 2451 τῶν
1498 2396 1757 2468 χειρόνων
1789 2398 1880 2450 ἐπὶ
1921 2398 1991 2450 τὰ

408 2488 642 2564 κρείττω
673 2492 989 2560 ποιήσαιντο
1013 2488 1313 2561 μεταϐολήν
1333 2506 1346 2521 ⁸
1373 2489 1452 2542 διό
1482 2505 1643 2560 φησιν
1663 2506 1678 2520 ·
1707 2490 1989 2558 Ὄψονται

408 2581 626 2636 πολλοὶ
660 2581 759 2635 καὶ
788 2582 1252 2650 φοϐηθήσονται,
1279 2580 1378 2633 καὶ
1407 2580 1729 2634 ἐλπιοῦσιν
1750 2579 1849 2633 ἐπὶ
1874 2581 1989 2635 Κύ-

401 2692 555 2744 ριον.
584 2674 649 2726 Τί
682 2673 740 2726 δὲ
771 2673 1028 2742 Movent;
1062 2672 1204 2726 Αὐτὸ
1251 2672 1427 2736 τοῦτο,
1456 2673 1640 2744 φησὶν,
1672 2673 1749 2736 ὡς
1777 2674 1858 2737 είς
1892 2672 1989 2743 βά-

410 2767 500 2830 θος
525 2764 758 2837 ἐλήλυθα
781 2759 985 2829 κακῶν,
1012 2764 1107 2817 καὶ
1134 2765 1214 2827 είς
1243 2762 1333 2817 τὸν
1355 2763 1557 2816 λάκκον
1585 2764 1680 2817 καὶ
1704 2765 1797 2819 τὸν
1819 2764 1991 2834 πηλὸν

408 2859 508 2927 τῆς
534 2857 676 2920 ἰλύος
696 2874 709 2887 ·
731 2854 983 2910 κάκεῖθεν
1007 2853 1142 2907 Θεοῦ
1173 2854 1355 2926 χάριτι
1382 2853 1754 2920 ἀνελκυσθεὶς,
1779 2856 1871 2909 ἐπὶ
1893 2856 1992 2928 τὴν

318 2970 323 2983 κ
412 2949 618 3020 πέτραν
667 2948 827 3021 ἔστην
873 2949 967 3001 καὶ
1018 2946 1362 3018 κατηυθύνθη
1405 2945 1476 3000 τά
1521 2946 1837 3019 διασήματά
1871 2965 1994 3020 μου.

411 3041 504 3092 καὶ
532 3039 774 3111 ᾄσματος
803 3036 1149 3110 κατηξιώθην
1182 3036 1393 3091 καινοῦ.
1430 3035 1618 3091 Ταῦτα
1657 3036 1765 3110 γὰρ
1789 3038 1840 3090 οἱ
1869 3038 1998 3094 πολ-

2092 554 2205 608 luto
2238 554 2408 623 facis.
2473 552 2542 607 Et
2575 555 2766 609 statuit
2802 572 2959 625 super
2995 565 3201 626 petram
3239 557 3397 627 pedes
3424 573 3592 623 meos,
3620 569 3672 614 et

2089 644 2286 699 direxit
2337 661 2547 715 gressus
2598 662 2763 701 meos.
2817 645 3031 701 Petram
3069 656 3249 700 autem
3287 648 3354 700 ad
3385 661 3674 717 compara-

2091 740 2296 794 tionem
2330 738 2471 793 ﬁrmi
2504 740 2800 803 sermonis,
2838 738 3257 794 fundamentum
3281 740 3536 803 vocat,in
3559 755 3672 811 quo

2091 831 2345 902 quisquis
2374 832 2716 900 processerit
2750 832 2897 886 dicet
2939 851 2952 886 :
2996 831 3130 898 Quis
3177 847 3271 885 nos
3318 830 3591 901 separabit
3640 849 3673 887 α

2091 921 2351 976 charitate
2383 921 2629 977 Christi?
2665 920 2968 985 tribulatio,
2999 939 3067 975 an
3099 923 3371 992 angustia,
3424 938 3493 977 an
3547 937 3669 992 per-

2091 1014 2313 1078 secutio,
2343 1031 2410 1067 an
2443 1013 2614 1083 [ames
2638 1012 2699 1067 ‘?
2725 1020 2834 1069 etc.
2894 1013 3016 1068 Non
3067 1015 3234 1069 modo
3289 1027 3470 1070 autem
3504 1016 3674 1086 pedes

2092 1106 2286 1160 statuit
2318 1121 2488 1175 super
2514 1114 2762 1175 petram;
2797 1105 2891 1161 sed
2924 1107 3091 1161 etiam
3123 1106 3174 1160 id
3206 1115 3452 1177 praestat,
3489 1116 3550 1163 ut
3574 1122 3676 1179 per

2091 1198 2361 1254 bonorum
2394 1198 2718 1269 dignitatem
2753 1198 2809 1251 in
2837 1212 2903 1251 ea
2934 1197 3191 1254 incedere
3237 1213 3303 1253 ac
3348 1213 3583 1270 currere.
3603 1199 3673 1254 li-

2091 1297 2248 1358 ceat;
2280 1306 2452 1361 quare
2485 1290 2696 1360 adjicit,
2723 1298 2772 1343 et
2803 1289 2999 1343 direxit
3031 1306 3243 1360 gressus
3274 1306 3435 1346 meos.
3466 1290 3673 1346 Dehinc

2090 1399 2225 1438 vero
2253 1393 2682 1454 consequenter,
2715 1390 2907 1453 utpme
2938 1398 2969 1436 a
3014 1383 3294 1454 pejoribus
3326 1385 3397 1441 ad
3443 1385 3673 1442 meliora

2091 1476 2419 1539 translatus,
2454 1478 2672 1531 cantico
2708 1478 2905 1543 veteri,
2965 1493 3075 1548 quo
3125 1478 3179 1532 in
3237 1479 3674 1549 praecedentibus

2082 1568 2320 1639 psalmis
2346 1568 2586 1639 lugebat,
2616 1568 2888 1639 deposito,
2938 1584 3141 1624 novum
3194 1570 3473 1626 canticum
3522 1585 3676 1628 assu-

2092 1658 2212 1721 mit,
2246 1657 2368 1728 ejus
2398 1660 2610 1715 scilicet
2641 1661 2734 1730 qui
2788 1661 3028 1716 servavit
3083 1675 3232 1725 eum,
3287 1667 3343 1714 et
3396 1661 3675 1715 canticum

2092 1750 2468 1821 hymnumque
2515 1767 2717 1808 novum
2754 1752 2808 1806 in
2842 1768 2906 1808 os
2956 1752 3079 1821 ejus
3110 1751 3374 1819 immisit;
3416 1752 3677 1823 exuitque

2023 1836 2064 1891 Β
2092 1852 2329 1899 veterem
2355 1844 2631 1900 hominem
2662 1861 2786 1900 cum
2816 1845 3080 1916 operibus
3102 1846 3245 1915 ejus,
3281 1856 3337 1901 et
3365 1845 3543 1900 induit
3576 1861 3671 1901 no-

2094 1951 2244 1999 vum,
2274 1937 2391 1991 sive
2413 1944 2736 1991 renovatum
2778 1952 2877 2007 per
2924 1937 3213 1991 scientiam
3263 1935 3382 1991 Dei.
3416 1937 3533 1991 Sub
3561 1937 3677 1991 bar

2096 2038 2275 2083 autem
2306 2028 2514 2093 omnia,
2544 2029 2599 2082 in
2633 2030 2941 2099 exeinplum
2976 2028 3164 2082 multis
3197 2030 3439 2098 ponitur,
3495 2030 3569 2084 ita
3618 2037 3678 2085 ut

2097 2120 2189 2174 alii
2225 2136 2469 2191 quoque,
2505 2128 2799 2192 conspecta
2834 2121 2955 2190 ejus
2984 2121 3313 2186 mutatione,
3369 2136 3520 2192 spem
3577 2136 3676 2177 su-

2096 2220 2249 2266 mant
2278 2214 2498 2278 bonam,
2527 2220 2582 2267 et
2613 2227 2642 2267 a
2674 2213 2954 2283 pejoribus
2995 2216 3062 2269 ad
3090 2213 3318 2269 meliora
3350 2228 3470 2269 sese
3491 2214 3680 2269 tradu-

2097 2311 2264 2358 catt:
2297 2321 2468 2375 quare
2501 2306 2598 2369 ait,
2624 2307 2869 2361 videbunt
2896 2307 3051 2361 multi
3085 2317 3136 2362 et
3174 2306 3451 2372 timebunt,
3485 2314 3534 2359 et
3565 2319 3681 2376 spe-

2099 2392 2293 2451 rabunt
2348 2399 2405 2450 in
2452 2397 2705 2452 Domino.
2751 2398 3023 2465 Quidnam
3061 2398 3361 2455 videbunt?
3410 2397 3674 2469 ldipsum,

2097 2488 2295 2558 inquit,
2320 2504 2429 2560 quo
2453 2499 2614 2560 pacto
2635 2492 2689 2545 in
2714 2491 3047 2563 profundum
3083 2493 3375 2556 malorum,
3402 2492 3456 2546 in
3495 2492 3671 2546 lacum

2096 2580 2327 2636 miseria
2357 2590 2413 2637 et
2438 2583 2495 2636 in
2530 2583 2705 2637 lutum
2748 2582 2898 2639 faecis
2941 2584 3229 2639 demersus
3271 2598 3395 2638 eum
3438 2581 3633 2638 fuerim
3658 2620 3677 2646 ,

2096 2670 2226 2726 inde
2257 2670 2350 2727 Dei
2381 2673 2555 2743 gratia
2576 2674 2832 2738 eductus,
2879 2691 3043 2746 super
3074 2684 3282 2746 petram
3311 2675 3589 2738 steterim,
3618 2682 3675 2730 et

2100 2779 2324 2833 gressus
2355 2765 2460 2820 mei
2488 2766 2682 2820 directi
2722 2766 2948 2830 fuerint,
2983 2783 3045 2822 ac
3081 2782 3224 2822 novo
3255 2768 3472 2823 cantico
3502 2766 3677 2823 dona-

2101 2864 2191 2914 tus
2221 2859 2348 2913 sim.
2376 2857 2474 2914 His
2505 2860 2838 2930 conspectis,
2869 2860 3069 2931 inquit.
3101 2859 3255 2914 multi
3285 2858 3536 2913 timorem
3562 2855 3680 2921 Dei,

2102 2950 2170 3005 de
2193 2965 2304 3021 quo
2331 2951 2539 3006 dictum
2571 2950 2909 3018 est,lnitium
2934 2953 3210 3021 sapientia!
3237 2953 3398 3005 timor
3418 2949 3682 3015 Domini,’

2104 3043 2397 3112 accipient,
2428 3044 2777 3116 similemque
2814 3046 2918 3101 sibi
2953 3061 3104 3116 spem
3136 3044 3435 3100 ascribent.

410 3130 491 3184 λοὶ
524 3130 844 3203 θεασάμενοι
900 3129 1064 3200 φόσον
1093 3128 1251 3194 Θεοῦ,
1297 3129 1425 3201 περὶ¹
1456 3123 1517 3183 οὗ
1555 3129 1822 3195 λέλεκται,
1875 3131 2048 3203 Ἀρχὴ
2087 3137 2309 3206 σοφίας
2354 3140 2541 3207 φόϐος
2587 3139 2757 3204 Θεοῦ,
2802 3138 3183 3211 ἀναλήψονται,
3219 3138 3314 3191 καὶ
3360 3134 3458 3189 τὴν
3491 3132 3684 3206 ὁμοίαν

410 3223 621 3287 ἑαυτοῖς
649 3221 1054 3294 ὑπογράφουσιν
1080 3221 1295 3277 ἐλπίδα.

478 3314 784 3384 Μακάριος
807 3316 986 3386 ἀνὴρ,
1016 3312 1088 3372 οὗ
1116 3316 1248 3371 ἐστι
1276 3316 1341 3370 τὸ
1364 3316 1551 3388 ὄνομα
1573 3316 1796 3385 Κυρίου
1823 3318 1992 3385 ἐλπὶς

2174 3314 2342 3371 Vens.
2376 3314 2429 3370 5.
2463 3315 2660 3370 Beatus
2699 3316 2780 3370 oir
2814 3314 2965 3384 cujus
2994 3324 3071 3369 est
3100 3331 3287 3370 nomen
3318 3315 3535 3372 Domini
3566 3337 3683 3387 spes

407 3408 617 3472 αὐτοῦ,
652 3409 750 3463 καὶ
805 3411 918 3463 οὐκ
960 3408 1294 3477 ἐπέϐλεψεν
1334 3412 1422 3476 εἰς
1454 3411 1856 3480 ματαιότητας
1892 3411 1991 3465 καὶ

405 3503 627 3571 μανίας
660 3501 1001 3570 ψευδεῖς.’0
1027 3501 1116 3555 διὰ
1155 3503 1353 3575 πείρας
1399 3501 1568 3556 ἐλθὼν
1596 3503 1695 3574 τῆς
1726 3502 1821 3556 τοῦ
1856 3500 1993 3557 Θεοῦ

413 3595 635 3666 λάριτος
666 3596 780 3659 τοῖς
818 3596 955 3647 πᾶσι
979 3593 1241 3665 κηρύττει
1271 3594 1371 3658 τὰς
1401 3597 1481 3659 είς
1508 3595 1671 3649 αὐτὸν
1696 3596 1995 3666 γενομένας

411 3687 750 3757 εὐεργεσίας,
784 3686 1046 3757 προφέρει
1076 3703 1136 3739 τε
1168 3687 1461 3758 καθολικὴν
1492 3688 1764 3756 ἀπόφασιν
1795 3689 1860 3740 ὲκ
1884 3688 1995 3741 τῶν

412 3779 544 3852 περὶ
594 3779 757 3832 αὑτὸν
791 3778 1134 3851 συμϐάντων,
1163 3778 1449 3842 διδάσκων,
1479 3779 1561 3832 ὅτι
1604 3781 1737 3832 πᾶσι
1768 3779 1995 3833 δυνατὸν

411 3868 719 3943 ἀνθρώποις
749 3868 859 3923 τῶν
907 3868 1108 3940 ὁμοίων
1158 3868 1307 3939 αὐτῷ
1350 3870 1554 3939 τυχεῖν.
1587 3869 1662 3921 Οὐ
1703 3867 1814 3940 γὰρ
1858 3867 1992 3937 ἐγὼ,

415 3963 570 4033 φησὶ,
598 3963 778 4027 μόνος,
802 3960 1058 4015 τοιούτων
1103 3959 1374 4025 ἀξιωθεὶς,
1410 3959 1529 4028 εἴην
1574 3958 1641 4013 ἂν
1689 3959 1954 4030 μακάριος
1976 3976 1990 3988 ·

415 4055 658 4109 ἔκκειται
681 4055 739 4109 δὲ
767 4056 880 4119 τοῖς
904 4055 1069 4107 πᾶσιν
1096 4056 1131 4126 ἡ
1154 4051 1291 4124 αὑτὴ
1323 4052 1461 4116 ὁδὸς,
1496 4051 1590 4106 καὶ
1623 4051 1685 4105 οὐ
1724 4052 1836 4105 τισὶ
1873 4052 1991 4122 μὲν,

415 4147 606 4201 sto-1'64}.
636 4145 716 4200 οὔ.
745 4148 859 4212 Πᾶς
896 4141 990 4200 οὖν
1019 4147 1048 4200 ό
1076 4144 1174 4216 τὴν
1212 4143 1400 4198 ἐλπίδα
1427 4142 1590 4196 αὐτοῦ
1617 4141 1709 4195 ἐπὶ
1734 4141 1827 4195 τὸν
1863 4142 1995 4194 Θεὸν

416 4240 694 4311 άναθήσας
723 4238 823 4292 οὐκ
851 4239 1206 4292 ἀποπεσεῖται
1251 4234 1346 4288 τοῦ
1389 4232 1763 4305 μακαρισμοῦ,
1793 4226 1854 4287 οὗ
1901 4233 1997 4286 καὶ

416 4332 577 4397 αὐτὸς
606 4330 965 4403 κατηξιώθην.
998 4329 1313 4400 Ματαιότης
1346 4327 1400 4381 δὲ
1431 4327 1526 4381 καὶ
1555 4325 1742 4398 μανίαι
1782 4325 1997 4396 ψευδεῖς

416 4427 590 4481 πᾶσαι
616 4427 671 4479 αἱ
705 4424 925 4496 περὶτὰ
954 4424 1268 4495 πρόσκαιρα
1305 4421 1400 4474 καὶ
1436 4420 1637 4492 μάταια
1669 4419 1994 4489 τυγχάνουσι

418 4518 664 4573 σπουδαί·
690 4518 919 4590 ἐπείπερ
936 4518 1274 4583 Ματαιότης
1295 4513 1729 4585 ματαιοτήτων,
1760 4511 1834 4565 τὰ
1850 4509 1997 4565 πάν-

416 4628 491 4667 τα
535 4613 894 4683 ,ιιαταιότηςο
944 4610 1040 4663 καὶ
1084 4608 1172 4662 διά
1218 4608 1327 4661 τῶν
1379 4605 1690 4679 ἔμπροσθεν
1736 4605 1991 4674 ἐλέγετο·

2097 3408 2233 3479 ejus,
2265 3421 2315 3464 et
2343 3426 2446 3464 non
2486 3410 2715 3479 respexit
2748 3409 2805 3462 in
2847 3409 3110 3463 vanitates
3140 3420 3189 3463 et
3219 3410 3462 3465 insanias
3486 3412 3681 3481 falsas.

2097 3498 2201 3565 Qui
2241 3500 2440 3555 divina:
2470 3502 2669 3571 gratiae
2694 3499 3130 3569 experimentum
3171 3502 3381 3568 habuit,
3424 3504 3528 3558 sibi
3568 3505 3685 3559 col-

2098 3592 2204 3645 lata
2237 3592 2502 3648 beneﬁcia
2546 3591 2805 3647 omnibus
2846 3590 3128 3661 praedicat,
3160 3601 3324 3661 atque
3350 3609 3415 3649 ex
3457 3593 3525 3650 iis
3560 3612 3683 3667 qua:

2097 3685 2201 3739 sibi
2248 3685 2602 3756 contigerunt
2652 3683 3018 3739 universalem
3069 3683 3280 3754 profert
3329 3687 3682 3758 sententiam,

2097 3773 2300 3827 docens
2327 3788 2519 3827 otiines
2544 3772 2795 3828 homines
2827 3774 2979 3843 paria
3001 3789 3187 3829 secum
3219 3776 3466 3834 obtinere
3496 3794 3680 3850 posse.

2096 3863 2284 3934 Neque
2306 3864 2451 3919 enim
2475 3879 2577 3933 ego
2602 3865 2775 3928 solus,
2796 3866 2893 3929 ait,
2927 3868 3056 3921 talia
3085 3875 3304 3929 nactus.
3334 3871 3531 3929 beatus
3561 3873 3683 3931 fue-

2094 3956 2242 4021 rim;
2296 3955 2396 4011 sed
2430 3956 2688 4012 omnibus
2732 3972 2796 4011 ea
2834 3958 2951 4027 ipsa
2989 3958 3077 4011 via
3109 3968 3279 4028 patet,
3311 3978 3411 4019 nec
3453 3966 3684 4034 quibus.

2096 4044 2222 4101 dam
2257 4055 2446 4118 aperta
2476 4054 2582 4114 est,
2627 4047 2750 4103 aliis
2792 4062 2923 4103 vero
2952 4049 3201 4105 minime.
3245 4052 3514 4125 Quisquis
3550 4070 3682 4129 ergo

2098 4156 2249 4213 spem
2279 4141 2335 4195 in
2370 4139 2481 4195 Deo
2518 4141 2788 4212 reposuit,
2838 4155 2868 4194 a
2901 4140 3241 4198 beatitudine
3281 4145 3395 4210 illa,
3430 4162 3537 4217 qua
3581 4165 3682 4220 ego

2097 4235 2358 4306 dignatus
2392 4249 2538 4300 sum,
2573 4250 2683 4289 non
2720 4235 2957 4290 labetur.
2988 4234 3215 4292 Vanitas
3244 4246 3424 4293 autem
3451 4248 3505 4295 et
3534 4240 3682 4298 insa-

2096 4328 2203 4382 nia:
2229 4327 2379 4382 falsae
2409 4334 2558 4392 sunt,
2596 4341 2789 4381 omnes
2829 4332 3312 4397 temporauearum
3343 4338 3397 4385 et
3446 4328 3681 4386 [utilium

2096 4435 2280 4477 rerum
2334 4434 2500 4476 cum.
2565 4418 3017 4490 Quandoquidem
3081 4422 3289 4478 vanitas
3352 4424 3679 4488 vanitatum,

2099 4514 2279 4568 omnia
2308 4514 2516 4569 vanitas
2551 4513 2573 4544 °
2605 4529 2620 4578 ;
2656 4526 2721 4567 ac
2752 4513 3007 4583 superius
3055 4513 3265 4569 dictum
3294 4527 3380 4570 cst
3412 4532 3425 4567 :
3467 4515 3684 4572 Verum-

2101 4616 2275 4661 tamen
2316 4607 2558 4659 uuirersa
2590 4606 2820 4669 uanitas,
2852 4606 3022 4659 omnis
3054 4603 3208 4659 homo
3244 4606 3448 4670 uirens;
3479 4616 3535 4661 et
3575 4607 3679 4663 ite-

415 4669 593 4773 Iur‘jr
634 4707 707 4758 τὰ
753 4669 949 4757 πάντα
984 4702 1329 4772 ματαιότης,
1360 4669 1478 4765 mir;
1499 4669 1813 4767 ανθρωπος
1975 4711 1990 4725 °

2101 4714 2221 4754 rum
2253 4715 2265 4751 :
2301 4698 2671 4753 Verumtamen
2703 4715 2833 4753 sane
2872 4696 3276 4752 conturbantur.
3331 4696 3681 4755 Thesaurizat

417 4796 515 4852 καὶ
544 4795 704 4851 πάλιν
724 4814 736 4826 ·
759 4795 932 4864 Πλὴν
951 4793 1152 4864 μάτην
1178 4790 1603 4861 ταράσσονται.
1627 4787 1994 4857 Θησαυρίζει,

419 4891 521 4946 καὶ
574 4894 647 4945 οὐ
698 4888 974 4961 γινώσκει
1019 4887 1136 4940 τίνι
1184 4884 1435 4948 συνάξει
1468 4883 1674 4938 ταῦτα.
1710 4882 1908 4937 Μανίαι
1940 4882 1997 4936 δὲ

418 4984 635 5058 ψευδεῖς
666 4984 721 5037 αῖ
747 4983 826 5045 είς
857 4979 1012 5033 κενὸν
1042 4978 1138 5032 καὶ
1169 4977 1398 5049 μάταιον
1427 4975 1855 5047 σπουδαζόμεναι
1885 4976 1997 5038 τοῖς

420 5077 636 5141 πολλοῖς
665 5072 1181 5146 φροντίδες.Ὢσπερ
1231 5064 1323 5122 οὖν
1376 5068 1540 5138 μανία
1574 5065 1806 5138 σώφρων
1838 5068 1872 5138 ἡ
1903 5066 1995 5120 τοῦ

422 5172 685 5245 παρόντος
723 5166 835 5239 βίου
869 5164 1347 5230 κατεξανάστασις,
1373 5162 1439 5214 δι’
1471 5161 1536 5232 ἢν
1562 5159 1658 5213 καὶ
1701 5159 1996 5226 ἐξεστῶτες

419 5261 729 5334 ἐνομίζοντο
777 5258 889 5323 τοῖς
934 5253 1146 5319 πολλοῖς
1176 5255 1224 5307 oi
1255 5251 1350 5305 τοῦ
1383 5248 1518 5303 Θεοῦ
1559 5248 1852 5321 προφῆται.
1898 5248 1996 5300 Σε-
2042 5307 2051 5314 η

424 5354 681 5428 μνύνεται
707 5350 751 5405 δ’
775 5348 869 5403 ἐπὶ
898 5349 965 5420 τῇ
994 5344 1220 5420 τοιαύτῃ
1243 5344 1497 5398 ἐκστάσει
1526 5340 1699 5410 λέγων
1721 5342 1749 5393 ό
1768 5339 1991 5403 δίκαιοςο

433 5445 578 5517 Ἐγὼ
613 5443 680 5498 δὲ
710 5438 849 5497 εἶπα
892 5442 961 5494 ἐν
1006 5436 1081 5507 τῇ
1106 5432 1391 5492 ἐκστάσει
1418 5452 1538 5505 μου
1556 5450 1572 5465 δ
1608 5430 1736 5499 Πᾶς
1778 5430 1998 5499 ἄνθρω-

418 5555 534 5604 πος
561 5538 863 5608 ψεύστης·
895 5533 988 5587 καὶ
1029 5533 1057 5584 ό
1100 5528 1420 5591 Ἀπόστολος
1442 5527 1499 5580 δὲ
1530 5523 1688 5579 τοῦτο
1717 5520 1996 5585 πεπονθὼς

416 5626 628 5700 ἔλεγεν·
664 5629 799 5683 Εἴτε
830 5626 937 5696 γὰρ
970 5621 1300 5691 ἐξέστημεν
1323 5618 1464 5685 Θεῷ,
1494 5616 1613 5672 stre
1642 5611 1989 5684 σωφρονοῦ-

415 5742 527 5790 μεν
556 5723 718 5793 ὑμῖν.

2098 4804 2149 4848 et
2180 4794 2386 4864 ignorat
2417 4792 2503 4845 cui
2535 4789 2872 4861 congregabit
2899 4807 2979 4845 ea.
3024 4787 3308 4846 Vanitates
3346 4790 3512 4859 falsae,
3550 4804 3701 4849 suut'

2101 4886 2269 4940 irrita:
2302 4899 2367 4938 ac
2401 4884 2623 4939 inutiles
2662 4898 2691 4936 a
2726 4882 2914 4937 multis
2956 4888 3224 4951 susceptae
3256 4883 3676 4940 sollicitudines.

2098 4975 2271 5045 Igitur
2309 4974 2524 5028 vanitas
2575 4972 2816 5043 prudens
2847 4978 2933 5025 est
2961 4969 3119 5039 quasi
3159 4974 3499 5027 renuntiatio
3542 4989 3680 5044 pra:-

2100 5068 2273 5125 sentis
2300 5068 2445 5131 vitae,
2487 5067 2558 5122 ob
2595 5082 2760 5137 quam
2806 5064 3087 5136 prophetae
3121 5063 3214 5119 Dei
3242 5066 3445 5119 multis
3482 5078 3677 5119 exces-

2100 5162 2243 5217 sisse
2270 5166 2450 5215 mente
2472 5157 2817 5213 videbantur.
2850 5156 2925 5211 De
2954 5157 3059 5211 hoc
3091 5162 3271 5211 autem
3300 5169 3529 5211 excessu
3560 5155 3675 5225 gloo

2099 5253 2275 5307 riatur
2326 5252 2512 5322 justus
2553 5250 2742 5307 dicens
2785 5269 2798 5304 :
2853 5247 2966 5320 Ego
2997 5256 3173 5302 autem
3212 5246 3329 5299 dixi
3372 5247 3429 5301 in
3460 5261 3677 5301 excessu

2098 5361 2234 5409 meo,
2265 5344 2438 5399 omnis
2466 5343 2623 5398 homo
2655 5340 2886 5397 mendax
2913 5341 2954 5397 ⁷.
2989 5338 3393 5410 Apostolusque
3435 5338 3674 5409 idipsum

2098 5452 2297 5509 passus
2329 5436 2545 5492 dicebat
2586 5455 2599 5491 :
2636 5435 2756 5491 Sive
2786 5434 2927 5489 enim
2971 5441 3140 5488 mente
3180 5431 3507 5498 excedimsts,
3537 5429 3674 5499 Deo,

2099 5530 2207 5584 sive
2235 5528 2399 5583 sobrii
2443 5543 2647 5592 sumus,
2680 5526 2823 5581 vobis
2854 5525 2898 5580 ⁸.

488 5844 510 5878 δ
549 5841 707 5898 Rom.
738 5855 858 5907 vm,
893 5838 980 5893 55.
1058 5835 1080 5869 '
1118 5833 1263 5891 Psal.
1298 5845 1401 5899 ex,
1434 5829 1522 5887 10.
1599 5826 1620 5861 ⁸
1659 5825 1843 5885 Eccle.
1883 5839 1938 5897 ι,
1965 5822 1992 5878 ς

2099 5823 2119 5858 ⁷
2157 5820 2305 5880 Psal.
2341 5834 2477 5887 cxv,
2519 5817 2605 5875 ll.
2685 5815 2706 5849 ⁸
2743 5814 2786 5871 ll
2817 5813 2945 5872 Cor.
2980 5831 3049 5882 ν,
3084 5812 3172 5869 ιε.
