4098 6398
429 346 534 402 δῖἱὲ

1111 345 1379 404 EL'SEBII
1418 346 1895 404 CAESARIENSIS
1930 347 2083 405 OPP.
2122 349 2303 408 PARS
2332 351 2422 410 111.
2453 380 2522 395 --
2557 351 2965 413 EXECETICA.

3576 356 3683 413 356

500 460 670 516 Vens.
712 459 831 516 6-9.
864 457 1038 514 Multa
1072 461 1243 529 feciin
1286 472 1366 525 tu,
1414 461 1636 516 Domine
1675 461 1812 517 Deus
1835 479 2002 530 meus,

2175 467 2383 522 Πολλὰ
2406 469 2699 537 ἐποίησας
2726 470 2828 535 σὺ,
2853 473 3030 539 Κύριε
3053 473 3086 525 δ
3114 473 3259 538 Θεός
3280 488 3421 541 μου,
3445 473 3521 526 τὰ
3542 476 3685 528 θαυ-

427 553 698 608 mirabilia
757 561 867 606 tua.
930 552 1033 619 Qui
1088 554 1295 607 variam
1349 554 1494 608 illam
1536 552 1631 609 Dei
1686 554 2007 625 sapientiam

425 648 542 702 sive
596 638 651 700 in
705 646 978 701 universis
1041 646 1293 716 opiﬁciis,
1353 646 1469 701 sive
1513 646 1570 701 in
1633 647 1903 716 singulis,
1951 647 2006 700 in

426 739 742 801 sensilibus,
778 747 832 792 et
862 741 919 793 in
977 739 1044 793 iis
1072 754 1194 807 qua:
1249 746 1430 794 mente
1474 740 1854 810 percipiuntur
1888 738 2008 792 ani-

428 834 808 894 madverterit,
838 832 891 885 in
922 840 1201 900 stuporem
1242 831 1471 887 veniens
1501 832 1574 887 ob
1607 833 1879 902 ingentem
1912 830 2006 886 Dei

429 928 808 982 universorum
847 933 1193 995 potestatem,
1223 940 1359 980 sane
1393 925 1592 980 dixerit
1622 944 1636 980 :
1671 924 1842 978 Multa
1874 924 2005 993 feci-

423 1021 496 1073 sti
523 1027 600 1082 tu,
637 1019 857 1073 Domine
896 1017 1031 1072 Deus
1064 1033 1230 1075 meus.
1266 1016 1536 1071 mirabilia
1570 1026 1683 1071 tua.
1707 1015 1813 1072 Sed
1842 1018 2005 1072 etiam

426 1112 742 1180 ponderatis
795 1111 1126 1167 universalis
1180 1112 1327 1167 illius
1368 1112 1726 1183 providentiae
1779 1111 2009 1166 rationi-

426 1202 551 1266 bus,
586 1203 743 1273 queis
764 1203 946 1257 omnia
995 1202 1367 1267 administrat,
1417 1218 1541 1258 cum
1586 1203 2008 1274 deprehenderit

425 1297 1008 1367 incomprehensibiles
1043 1314 1141 1354 eas
1173 1313 1317 1354 esse.
1367 1299 1483 1353 haec
1524 1297 1744 1367 adjiciet
1778 1317 1791 1352 :
1822 1297 1889 1351 Et
1918 1314 2007 1351 co-

424 1387 768 1457 gitationibus
802 1391 905 1443 tuis
941 1406 1045 1443 non
1087 1400 1165 1445 est
1204 1391 1294 1460 qui
1334 1390 1526 1445 similis
1561 1390 1629 1442 sit
1669 1388 1784 1442 tibi.
1817 1388 2006 1455 Qualis

425 1486 545 1533 erat
573 1480 620 1535 is
645 1481 736 1550 qui
769 1480 986 1536 dicebat
1015 1500 1030 1536 :
1061 1480 1106 1537 Ο
1140 1480 1368 1535 altitudo
1393 1482 1703 1536 divitiarum
1733 1481 2007 1551 sapientia:

424 1580 474 1624 et
501 1570 734 1626 scientia:
767 1571 894 1627 Dei!
933 1589 1091 1643 quam
1122 1573 1667 1641 incomprehensibilia
1699 1581 1822 1625 sunt
1854 1571 2008 1641 judi-

424 1666 508 1719 cia
535 1665 674 1735 ejus,
699 1674 748 1719 et
770 1666 1153 1736 investigabiles
1185 1666 1283 1720 vita
1315 1666 1429 1735 ejus
1451 1666 1503 1719 ’ί
1538 1663 1597 1720 In
1631 1665 1885 1736 praesenti
1917 1679 2009 1718 au-

422 1765 533 1812 tem
577 1746 747 1813 David
796 1773 895 1827 pro
941 1759 1347 1827 opportunitate
1394 1758 1496 1814 has
1541 1758 1769 1829 protulit
1805 1772 2003 1822 voces,

420 1861 547 1903 cum
569 1863 601 1902 e
631 1864 692 1903 re
724 1857 876 1919 gesta
899 1848 1236 1911 edidicisset,
1265 1864 1409 1904 novo
1427 1850 1665 1920 quodam
1694 1848 1877 1910 modo.
1904 1847 2007 1903 sci-

408 1938 549 1997 licet
589 1956 684 2010 per
725 1943 1137 2012 obsequentium
1169 1943 1373 1997 divinis
1421 1942 1632 2012 legibus
1678 1941 2003 2005 exhibitam,

420 2044 696 2089 servatum
726 2051 785 2091 se
814 2034 1008 2089 fuisse.
1035 2034 1247 2088 Atenim
1282 2049 1379 2103 per
1410 2031 1651 2103 Moysem
1682 2032 1810 2087 olim
1834 2030 2007 2086 sacri-

421 2126 545 2181 ﬁcia
575 2134 629 2181 et
656 2125 976 2181 holocausta
1010 2139 1110 2195 pro
1147 2124 1390 2194 peccatis
1418 2122 1604 2178 oll‘erri
1631 2122 1850 2191 jussum
1893 2120 2008 2176 fue-

420 2225 545 2279 rat;
580 2230 728 2269 nunc
775 2229 907 2269 vero
943 2229 1118 2269 novus
1149 2214 1387 2268 traditur
1418 2213 1616 2269 salutis
1656 2211 1855 2267 modus
1887 2213 2006 2269 sine

424 2304 713 2361 sacriﬁciis
736 2312 791 2359 et
815 2304 1176 2358 holocaustis.
1205 2301 1370 2357 Docet
1411 2316 1577 2373 porro
1601 2308 1858 2357 sexcenta
1884 2315 2007 2357 esse

423 2395 496 2450 ad
519 2395 749 2451 salutem
775 2392 1036 2461 remedia,
1068 2408 1190 2463 qua:
1206 2391 1298 2447 Dei
1315 2394 1489 2463 gratia
1524 2391 1838 2446 hominibus
1864 2391 2008 2447 elar-

417 2487 532 2557 gita
565 2493 667 2541 est.
700 2484 889 2555 Neque
939 2500 1040 2554 pro
1063 2484 1327 2555 dignitate
1359 2484 1435 2539 rei
1466 2482 1597 2549 dici,
1627 2498 1804 2553 neque
1826 2490 2008 2538 mente

419 2580 635 2649 concipi
662 2588 840 2649 potest
864 2578 1157 2632 multitudo
1187 2576 1577 2648 cogitationum
1608 2574 1725 2631 Dei.
1754 2574 2007 2647 Symma-

419 2672 560 2727 chus
615 2687 793 2727 vero:
836 2670 1140 2735 Permulta,
1195 2670 1395 2740 inquit,
1446 2669 1617 2739 {reiin
1671 2678 1748 2733 tu,
1786 2667 2006 2721 Domine

420 2762 564 2817 Deus
604 2778 771 2827 meus,
805 2759 1051 2831 prodigia
1101 2774 1215 2824 tua,
1260 2769 1311 2813 et
1357 2759 1700 2830 cogitationes
1746 2766 1868 2811 tuas
1909 2771 2006 2824 pro

419 2855 574 2910 nobis
605 2872 708 2909 non
743 2853 991 2923 possibile
1018 2861 1095 2907 est
1116 2867 1373 2922 exponere
1396 2865 1553 2919 super
1579 2861 1646 2905 te.
1679 2848 1882 2905 Deinde
1906 2864 2007 2919 pro

416 2950 537 3013 illo,
566 2947 896 3002 Annuntiavi
924 2955 973 3001 et
1002 2946 1207 3000 locutus
1231 2959 1375 3008 sum,
1399 2942 1740 3012 multiplicati
1768 2951 1892 2996 sunt
1912 2958 2008 2995 su-

418 3056 513 3110 per
540 3055 794 3103 arenam;
823 3054 1044 3095 rursum
1077 3037 1439 3109 Symmachus
1463 3036 1566 3091 hac
1593 3037 1807 3092 ratione
1839 3037 2008 3092 inter-

426 3139 671 3203 pretatus
702 3137 808 3195 est,
844 3128 904 3185 Si
944 3129 1268 3182 annuntians
1310 3128 1641 3192 annuntiem,
1672 3125 1847 3195 plures
1881 3133 2007 3178 sunt

422 3239 582 3296 quam
613 3230 671 3274 ut
692 3219 937 3274 enarrari
964 3218 1186 3288 possint.
1220 3216 1376 3281 Nam,
1401 3230 1466 3269 ex
1493 3224 1664 3285 parte,
1697 3216 1896 3285 inquit,
1921 3231 2007 3268 co-

422 3305 751 3378 gnoscimus,
777 3312 826 3357 et
854 3317 919 3357 ea:
955 3310 1106 3371 parte
1133 3300 1507 3369 prophetamus
1545 3300 1613 3353 η.
1642 3298 1839 3355 Omnia
1875 3314 2009 3354 sane

424 3399 699 3456 mirabilia
729 3405 822 3452 tua
854 3394 1279 3451 innumerabilia
1324 3402 1380 3448 et
1422 3391 2008 3463 incomprehensibilia

426 3501 556 3551 sunt
588 3511 603 3548 :
631 3499 871 3546 attamen
916 3489 972 3543 in
1027 3487 1098 3542 iis
1130 3500 1251 3555 qua:
1294 3499 1491 3554 capere
1531 3483 1690 3538 licuit
1726 3485 1781 3538 id
1811 3483 2009 3553 depre-

410 3585 616 3649 hendi,
647 3594 700 3639 te
721 3583 931 3638 scilicet
962 3581 1017 3635 in
1050 3577 1304 3648 praesenti
1336 3586 1582 3646 tempore
1617 3590 1649 3630 a
1683 3574 1871 3647 Moyse
1896 3582 2011 3629 tra-

386 3676 389 3677 ⁷
427 3678 543 3733 dita
583 3675 855 3733 sacriﬁcia
901 3680 957 3728 et
1006 3671 1312 3726 oblationes
1359 3672 1637 3735 noluisse,
1684 3671 1779 3725 sed
1818 3684 2010 3725 eorum

428 3768 553 3822 loco
580 3781 742 3820 aures
772 3779 925 3819 meas
957 3770 1012 3816 et
1037 3758 1453 3831 obsequentiam
1483 3760 1718 3831 eloquiis
1751 3758 1861 3814 tuis
1891 3773 2010 3829 per-

427 3858 670 3923 fecisse;
697 3873 761 3911 ac
807 3872 907 3928 pro
940 3854 1301 3919 holocaustis,
1335 3862 1391 3910 et
1427 3851 1716 3910 sacriliciis
1749 3865 1847 3920 pro
1878 3864 2007 3920 pec-

431 3961 578 4019 cato,
608 3948 990 4018 memetipsum
1017 3945 1192 4000 obtuli
1234 3945 1352 4000 tibi.
1385 3943 1567 4011 Quare
1600 3942 1676 3995 ait
1711 3960 1725 3997 :
1761 3939 1897 3994 Ecce
1924 3956 2010 3994 ve-

430 4045 520 4099 nio
561 4057 592 4097 a
626 4049 680 4097 te
709 4047 971 4102 vocatus,
1020 4045 1186 4108 atque
1242 4036 1654 4108 promptissime
1684 4033 2005 4088 obsecutus.

428 4134 604 4192 Venio
671 4141 854 4187 autem
915 4128 1222 4187 festinando
1296 4137 1358 4183 ut
1425 4128 1624 4182 faciam
1670 4126 2006 4182 voluntatem

429 4239 618 4284 tuam:
649 4226 753 4281 hoc
782 4225 929 4279 enim
976 4237 1078 4294 pro
1117 4221 1267 4276 omni
1312 4222 1533 4276 victima
1570 4220 1878 4275 holocausti
1912 4233 2007 4273 ac-

425 4328 714 4391 cepturum
750 4325 802 4372 te
821 4331 1145 4387 persuasum
1172 4314 1368 4369 habeo.
1400 4313 1516 4369 Hoc
1551 4327 1737 4382 porro,
1762 4311 1817 4365 in
1839 4311 2009 4379 capite

427 4413 553 4467 libri
585 4412 837 4477 scriptum
870 4418 948 4461 est
1002 4412 1066 4460 de
1109 4422 1211 4468 me,
1243 4405 1399 4476 quid,
1445 4406 1663 4468 amabo,
1698 4402 1848 4457 aliud
1899 4409 2006 4466 est,

2102 558 2293 628 μάσιά
2321 577 2454 616 σου.
2473 562 2532 616 '0
2551 563 2651 635 τὴν
2683 565 3060 619 πολυποίκιλον
3083 566 3178 622 τοῦ
3210 566 3346 621 Θεοῦ
3375 568 3569 637 σοφίαι
3588 584 3687 621 κα-

2107 651 2443 723 τανενοηκὼς
2471 652 2528 706 ἐν
2560 671 2619 707 τε
2651 655 2763 718 τοῖς
2782 655 3009 710 καθόλου
3030 657 3293 728 κτίσμασι
3326 661 3422 712 καὶ
3454 662 3564 724 τοῖς
3580 677 3682 713 κα-

2106 744 2175 797 τὰ
2205 742 2386 815 μέρος,
2414 745 2527 807 τοῖς
2574 759 2635 797 τε
2684 744 2959 816 αἰσθητοῖς
3008 748 3101 800 καὶ
3132 751 3245 811 τοῖς
3283 748 3422 802 κατά
3446 750 3685 805 διάνοιαν

2108 832 2516 904 θεωρουμένοις,
2553 836 2632 899 είς
2665 834 2923 906 ἔκπληξιν
2954 829 3128 892 ἐλθὼν
3151 841 3250 911 τῆς
3273 842 3684 912 ὑπερμεγέθους

2106 923 2381 994 δυνάμεως
2435 925 2529 979 τοῦ
2580 925 2690 978 τῶν
2740 926 2876 979 ὅλων
2922 926 3079 991 Θεοῦ,
3127 930 3270 983 εἴποι
3321 931 3419 985 ἄν·
3474 934 3685 987 Πολλὰ

2106 1016 2398 1085 ἐποίησας
2446 1018 2548 1083 σὺ,
2579 1022 2758 1086 Κύριε
2800 1024 2833 1074 ό
2885 1021 3028 1087 Θεός
3069 1039 3210 1091 μου,
3247 1021 3333 1077 τὰ
3380 1022 3686 1093 θαυμάσιά

2107 1124 2244 1164 σου.
2263 1109 2423 1165 Ἀλλὰ
2473 1113 2567 1166 καὶ
2618 1117 2744 1178 τοὺς
2792 1114 2983 1183 λόγους
3032 1111 3292 1179 ἐξετάσας
3323 1117 3423 1187 τῆς
3452 1115 3681 1170 καθόλου

2108 1204 2383 1274 προνοίας,
2410 1204 2532 1259 καθ’
2555 1204 2647 1269 οὓς
2679 1207 2747 1260 τὰ
2777 1204 3063 1277 σύμπαντα
3089 1207 3298 1271 διοικεῖ,
3320 1207 3557 1262 κᾶπειτα
3591 1208 3686 1262 εύ-

2111 1296 2216 1369 ρὼν
2253 1298 2448 1361 αὐτοὺς
2492 1298 2929 1370 άκαταλήπτους,
2976 1299 3273 1371 προσθήσει
3322 1299 3529 1369 λέγων’
3568 1302 3679 1356 Kal

2104 1387 2230 1455 τοῖς
2266 1388 2677 1459 διαλογισμοῖς
2699 1406 2815 1445 σου
2847 1392 2958 1445 οὐκ
2983 1392 3115 1445 ἐστι
3137 1393 3228 1457 τίς
3253 1391 3685 1461 ὁμοιωθήσεται

2106 1496 2223 1535 σοι.
2259 1477 2384 1544 Οἷος
2406 1478 2475 1552 ἦν
2505 1483 2534 1535 ὁ
2565 1481 2741 1551 λέγων
2760 1500 2772 1512 ·
2801 1484 2864 1536 Ὠ
2892 1482 3123 1550 βάθους
3156 1486 3425 1539 πλούτου
3449 1486 3549 1539 καὶ
3577 1499 3683 1540 σο-

2107 1575 2267 1642 φίας,
2307 1574 2717 1642 καὶ-γνώσεως
2764 1573 2950 1628 Θεοῦί
2996 1574 3075 1641 ὡς
3123 1574 3562 1642 ἀνεξερεύνητα
3610 1575 3684 1628 τὰ

2106 1664 2359 1734 κρίματα
2387 1665 2593 1729 αὐτοῦ,
2619 1665 2716 1719 καὶ
2747 1664 3195 1734 ἀνεξιχνίαστοι
3224 1669 3283 1721 at
3307 1667 3432 1721 ὁδοὶ
3457 1665 3687 1721 αὐτοῦ]

2120 1756 2207 1809 Ἐν
2237 1755 2295 1810 δὲ
2320 1759 2431 1819 τοῖς
2460 1756 2838 1828 προκειμένοις
2865 1758 2893 1809 ό
2921 1755 3080 1810 Δαυῖδ
3110 1756 3250 1811 κατὰ
3271 1756 3459 1828 καιρὸν
3480 1756 3682 1821 ταύτας

2107 1849 2483 1922 προηνέγκατο
2514 1850 2613 1914 τὰς
2643 1849 2845 1920 φωνάς,
2877 1849 3022 1921 ἔργῳ
3048 1848 3253 1922 μαθὼν,
3281 1850 3356 1914 ὼς
3390 1848 3560 1920 καινῷ
3579 1866 3683 1904 τινι

2103 1942 2289 2015 τρόπῳ
2322 1943 2591 1996 σέσωσται
2621 1941 2699 2012 τῷ
2730 1942 2796 1995 δι’
2821 1942 3067 2011 ὑπακοῆς
3113 1941 3223 1995 τῶν
3270 1942 3431 2001 θείων
3462 1941 3678 2010 λογίων.

2104 2035 2276 2089 Πάλαι
2324 2036 2423 2106 μὲν
2466 2036 2576 2108 γάρ
2613 2036 2703 2090 διὰ
2741 2036 3021 2101 Μωῦσέως
3052 2037 3233 2092 θυσίαι
3261 2037 3358 2091 καὶ
3402 2036 3685 2091 ὁλόκαυτοι

2104 2127 2374 2200 ἀναφοραὶ
2402 2127 2826 2200 προσετάττοντο
2868 2128 3009 2201 ὑπὲρ
3062 2128 3345 2200 ἁμαρτιῶν
3378 2127 3687 2200 προσφέρε-

2108 2218 2262 2272 σθαι·
2294 2219 2412 2272 νυνὶ
2439 2220 2497 2272 δὲ
2516 2218 2702 2284 καινὸς
2734 2220 3083 2291 παραδίδοται
3114 2221 3314 2291 τρόπος
3347 2219 3685 2291 συπηρίας,ό

2104 2310 2227 2381 δίχα
2250 2310 2447 2364 θυσιῶν
2479 2311 2574 2363 καὶ
2604 2311 3093 2382 ὁλοκαυτωμάτων.
3120 2310 3369 2364 Διδάσκει
3391 2310 3449 2364 δὲ
3481 2309 3575 2364 καὶ
3606 2309 3686 2375 ὡς

2105 2400 2222 2455 ἔστι
2249 2400 2417 2473 μυρία
2441 2401 2716 2473 σωτηρίας
2738 2400 3027 2472 φάρμακα,
3059 2400 3202 2472 άπερ
3231 2402 3264 2471 ὴ
3293 2400 3386 2454 τοῦ
3416 2398 3551 2453 Θεοῦ
3580 2397 3683 2469 χά-

2114 2509 2196 2562 ρις
2214 2494 2325 2555 τοῖς
2344 2489 2652 2562 ἀνθρώποις
2678 2489 3006 2562 ζεδωρήσατο.
3026 2489 3139 2542 Οὐκ
3163 2488 3279 2541 ἐστι
3305 2504 3365 2540 τε
3385 2486 3503 2539 κατ’
3528 2484 3688 2550 ἀξίαν

2110 2585 2306 2647 είπεῖν,
2335 2582 2457 2636 οὐδὲ
2502 2581 2707 2652 διανοίᾳ
2750 2580 3060 2653 περιλαϐεῖν
3084 2579 3192 2633 τῶν
3218 2576 3312 2632 τοῦ
3345 2575 3481 2631 Θεοῦ
3511 2575 3689 2629 διαλοα

2109 2674 2323 2747 γισμῶν
2348 2676 2410 2728 τὸ
2436 2674 2657 2746 πλῆθος.
2677 2674 2734 2729 '0
2770 2673 2826 2727 δὲ
2857 2672 3173 2745 Σύμμαχος,
3207 2670 3560 2741 Πάμπολλα,
3579 2685 3685 2739 φη-

2109 2768 2214 2831 σὶν,
2243 2766 2539 2834 ἐποίησας
2568 2765 2671 2830 σὺ,
2698 2765 2873 2833 Κύριε
2901 2765 2935 2818 ὁ
2968 2763 3113 2829 Θεός
3129 2779 3271 2832 μου,
3305 2759 3378 2814 τὰ
3404 2754 3693 2829 τεράστιά

2106 2875 2246 2924 σου,
2276 2860 2375 2913 καί
2405 2861 2548 2925 τοὺς
2574 2857 3004 2926 διαλογισμούς
3027 2870 3145 2909 σου
3172 2853 3315 2921 τοὺς
3339 2850 3492 2920 ὑπὲρ
3517 2848 3688 2920 ἡμῶν

2106 2953 2218 3006 οὐκ
2236 2951 2408 3005 ἐστιν
2433 2949 2711 3005 ἐκθέσθαι
2735 2948 2834 3002 ἐπὶ
2859 2947 2994 3003 σοῦ.
3020 2943 3154 3001 Εἶτα
3176 2946 3297 3000 ἀντὶ
3318 2942 3413 2998 τοῦ
3434 2959 3449 2973 ο
3482 2940 3682 3010 Ἀπήν-

2106 3043 2278 3112 τειλα
2313 3039 2410 3095 καὶ
2440 3038 2738 3106 ἐλάλησα,
2767 3037 3245 3103 ἐπληθύνθησαν
3279 3032 3436 3099 ὑπὲρ
3467 3030 3688 3099 ἄμμον,

2109 3131 2274 3185 πάλιν
2312 3133 2342 3184 ὁ
2393 3128 2689 3199 Σύμμαχος
2737 3126 2927 3180 τοῦτον
2967 3126 3279 3197 ἡρμήνευσε
3324 3123 3415 3176 τὸν
3453 3122 3685 3193 τρόπον·

2124 3223 2258 3276 Ἐὰν
2271 3219 2669 3290 ἀπαγγέλλων
2693 3215 3093 3287 καταγγέλλω,
3111 3213 3295 3267 πλείω
3328 3213 3463 3267 ἐστὶ
3480 3211 3587 3264 τοῦ
3602 3210 3690 3269 διν

2109 3309 2427 3380 ηγηθῆναι.
2467 3311 2562 3362 Ἐκ
2583 3306 2804 3378 μέρους
2845 3303 2964 3375 μὲν
3002 3304 3134 3373 γὰρ,
3184 3302 3338 3374 φησὶ.
3399 3298 3689 3370 γινώσκο-

2104 3418 2241 3471 μεν,
2295 3400 2395 3456 καὶ
2437 3400 2506 3453 ἐκ
2545 3397 2770 3468 μέρους
2805 3396 3275 3464 προφητεύομεν.
3333 3392 3415 3446 Τά
3458 3407 3524 3460 γε
3580 3389 3689 3460 μὴν

2110 3495 2288 3549 πάντα
2311 3492 2657 3564 ἁναρίθμητα
2682 3489 2774 3543 καὶ
2806 3486 3166 3559 ἀκατάληπτα
3197 3483 3455 3556 τυγχάνει
3476 3481 3543 3535 τὰ
3566 3479 3693 3534 θαν-

2114 3587 2286 3659 μάσιά
2313 3602 2406 3639 σου
2428 3602 2443 3615 ·
2479 3584 2618 3656 πλὴν
2664 3584 2725 3637 ὲν
2771 3578 2852 3646 οἷς
2881 3578 3176 3635 κατέλαϐον
3207 3578 3301 3631 καί
3330 3573 3475 3628 τοῦθ’
3508 3568 3688 3645 εὗρον.

2109 3678 2192 3732 ὅτι
2242 3677 2384 3732 κατὰ
2409 3675 2502 3729 τὸν
2552 3675 2793 3747 παρόντα
2820 3672 3010 3743 καιρὸν
3036 3671 3135 3733 τὰς
3165 3668 3316 3740 παρὰ
3343 3669 3569 3723 Μωῦσεῖ
3597 3666 3693 3720 θυ-

2111 3771 2234 3835 σίας
2265 3770 2361 3825 καὶ
2392 3766 2711 3840 προσφορὰς
2749 3768 2850 3820 ούκ
2893 3764 3161 3836 ἠθέλησας
3180 3778 3194 3792 ·
3228 3761 3350 3819 ἀντὶ
3391 3760 3435 3814 δ’
3463 3759 3689 3812 ἐκείνων

2108 3863 2178 3917 τὰ
2198 3858 2312 3917 ὦτά
2339 3879 2440 3933 μου
2466 3862 2560 3916 καὶ
2584 3859 2683 3932 τὴν
2713 3858 2959 3929 ὑπακοὴν
2983 3855 3091 3909 τῶν
3121 3854 3227 3907 σῶν
3258 3853 3453 3921 λογίων
3481 3868 3688 3921 κατηρ-

2107 3957 2244 4010 τίσω
2263 3972 2275 3986 ·
2314 3955 2407 4008 καὶ
2434 3954 2557 4008 ἀντὶ
2579 3950 3045 4021 ὁλοκαυτωμάτων
3083 3947 3178 4002 καὶ
3208 3944 3316 3998 τῶν
3345 3943 3473 4016 περὶ
3507 3944 3689 4013 ἁμαρ-

2108 4049 2230 4113 τίας
2264 4046 2463 4102 θυσιῶν
2494 4046 2656 4109 αὐτὸς
2689 4043 2926 4115 ἐμαυτὸν
2957 4037 3303 4113 προσήγαγόν
3334 4053 3438 4089 σοι.
3467 4035 3559 4087 Διό
3582 4051 3689 4105 φη-

2112 4155 2228 4194 σιν’
2274 4138 2417 4193 Ἰδοὺ
2466 4138 2591 4202 ἥκω
2634 4134 2854 4206 κληθεὶς
2883 4134 2987 4186 ὑπὸ
3021 4130 3136 4193 σοῦ,
3167 4130 3261 4182 καὶ
3303 4126 3690 4200 προθυμότατα

2111 4226 2613 4290 ύπακούσας.’Ήκω
2643 4224 2701 4277 δὲ
2730 4223 2971 4286 σπεύσας
3004 4219 3098 4274 τοῦ
3132 4219 3355 4289 ποιῆσαι
3384 4218 3446 4271 τὸ
3479 4216 3690 4288 θέλημά

2112 4334 2238 4371 σου’
2271 4314 2427 4369 τοῦτο
2478 4314 2588 4385 γὰρ
2630 4312 2750 4366 ἀντὶ
2799 4312 2981 4382 πάσης
3021 4307 3315 4362 ὁλοκαύτου
3361 4306 3551 4369 θυσίας
3587 4306 3691 4359 πέ-

2112 4408 2344 4479 πεισμαί
2386 4423 2447 4459 σε
2485 4402 2862 4475 ἀποδέχεσθαι.
2897 4402 3005 4456 Καὶ
3038 4401 3194 4455 τοῦτο
3233 4399 3289 4452 δὲ
3320 4400 3391 4453 ὲν
3415 4396 3691 4468 κεφαλίδι

426 4518 593 4578 quam
620 4500 1016 4573 praeferendam
1047 4514 1171 4554 esse
1198 4499 1543 4552 voluntatem
1603 4503 1753 4549 tuam
1794 4493 2007 4548 sacriﬁ-

2110 4501 2351 4567 βιϐλίου
2381 4497 2700 4569 γέγραπται
2730 4494 2864 4562 περὶ
2895 4492 3042 4563 ἐμοῦ
3062 4510 3075 4523 °
3118 4492 3279 4546 τοῦτο
3301 4491 3357 4545 δὲ
3388 4493 3540 4544 ποῖον
3564 4489 3596 4562 ἢ
3630 4488 3693 4542 τὸ

428 4600 532 4652 ciis
563 4604 618 4651 et
652 4591 1032 4649 holocaustis?
1077 4598 1133 4646 et
1179 4591 1351 4661 legem
1396 4597 1549 4644 tuam
1601 4586 2004 4658 exsequendam

427 4704 549 4744 esse
590 4702 701 4741 non
740 4685 1039 4740 secundum
1080 4683 1299 4738 obviam
1339 4682 1649 4742 lectionem,
1682 4693 1859 4749 neque
1893 4678 2011 4748 pari

430 4782 644 4835 ratione
671 4788 834 4848 atque
864 4777 1173 4847 curnplures
1202 4774 1335 4844 legis
1362 4772 1562 4844 Moysis
1588 4772 2008 4837 observatores;

433 4873 530 4931 sed
563 4874 619 4926 in
646 4873 815 4927 medio
845 4872 1036 4927 ventris
1060 4870 1195 4931 mei;
1227 4877 1322 4923 aut
1354 4878 1414 4923 ut
1453 4866 1839 4939 Symmachus,
1873 4881 2003 4918 con-

433 4967 604 5037 cupiui
637 4966 799 5035 legem
825 4974 974 5018 tuam
1000 4965 1055 5017 in
1089 4960 1260 5015 medio
1285 4961 1541 5014 uiscerum
1574 4974 1831 5013 meorum.
1867 4955 2004 5010 Nam

434 5058 482 5113 si
515 5058 611 5128 qui
661 5056 861 5111 animae
889 5064 1079 5110 venter
1121 5062 1231 5119 est,
1265 5054 1474 5122 tropice
1526 5051 1607 5106 sic
1653 5060 1902 5113 vocatus,
1941 5048 2009 5102 de

433 5167 544 5223 quo
578 5152 633 5206 in
662 5149 971 5221 Evangeliis
1011 5147 1219 5201 dictum
1267 5152 1353 5199 est
1397 5163 1412 5198 :
1450 5141 1706 5197 Flumina
1740 5142 1804 5195 de
1836 5149 2011 5195 centre

433 5246 547 5315 ejus
579 5245 744 5314 ﬂuent
768 5257 920 5313 aqua:
947 5242 1093 5304 uiuas,
1118 5238 1357 5293 salientis
1380 5237 1434 5290 in
1466 5237 1629 5290 vitam
1656 5244 1911 5289 wternam
1934 5233 2011 5297 ¹¹;

437 5338 493 5392 in
525 5337 629 5392 hoc
665 5334 973 5398 recondito,
1006 5334 1205 5403 inquit.
1237 5346 1302 5385 ac
1338 5336 1552 5385 secreto
1590 5329 1787 5383 animae
1822 5341 2012 5397 prom-

436 5429 652 5500 ptuario
677 5428 847 5498 legem
887 5434 1037 5480 tuam
1077 5425 1375 5481 observare
1404 5421 1573 5487 volui,
1614 5429 1775 5490 atque
1812 5432 2016 5488 praece-

436 5528 527 5592 pta
558 5520 626 5573 de
655 5518 942 5573 sacriﬁciis
969 5526 1023 5572 et
1064 5515 1406 5571 holocaustis
1449 5511 1723 5583 spirituali
1757 5523 1909 5564 more
1949 5522 2013 5562 ac

439 5610 740 5668 secundum
797 5616 1034 5664 mentem
1085 5607 1417 5678 persolvere.
1468 5603 1594 5659 Haec
1649 5601 1852 5674 quippe
1907 5599 2008 5654 tibi

2116 4592 2452 4665 προτιμῆσαι
2485 4589 2547 4642 τὸ
2578 4587 2789 4659 θέλημά
2833 4603 2927 4639 σου
2958 4584 3159 4638 θυσιῶν
3184 4586 3276 4638 καὶ
3310 4582 3694 4651 ὁλοκαυτωμά-

2115 4702 2222 4737 των
2246 4699 2260 4747 ;
2293 4683 2385 4736 καὶ
2412 4681 2472 4733 τὸ
2501 4679 2723 4749 ποιῆσαι
2757 4677 2850 4731 τὸν
2878 4677 3040 4747 νόμον
3069 4692 3162 4729 σου
3192 4676 3251 4728 ού
3278 4673 3419 4728 κατὰ
3442 4672 3538 4743 τὴν
3560 4671 3692 4742 πρό·

2116 4793 2295 4848 χειρον
2327 4772 2492 4840 λέξιν,
2518 4771 2637 4827 οὐδὲ
2655 4770 2855 4841 ὁμοίως
2883 4771 2996 4832 τοῖς
3023 4765 3235 4831 πολλοῖς
3262 4765 3329 4818 τὰ
3357 4763 3507 4837 παρὰ
3525 4764 3691 4817 Μωῦ-

2117 4872 2201 4922 σεῖ
2245 4865 2673 4940 παρηγγελμένα
2701 4864 3065 4934 φυλάττοντας
3088 4878 3103 4893 ·
3154 4860 3224 4913 ὲν
3265 4857 3434 4929 μέσῳ
3474 4857 3543 4911 δὲ
3584 4854 3695 4923 τῆς

2115 4959 2347 5023 κοιλίας
2380 4974 2498 5027 μου
2516 4974 2529 4987 ·
2560 4955 2593 5027 ἦ
2628 4954 2768 5009 κατὰ
2793 4956 2883 5008 τὸν
2915 4952 3239 5023 Σύμμαχον·
3266 4947 3696 5018 Προεθυμήθην

2118 5049 2225 5104 τὸν
2251 5050 2440 5117 νόμον
2469 5063 2584 5101 σου
2612 5045 2857 5100 ἔνδοθεν
2885 5043 3002 5098 τῶν
3035 5040 3301 5113 ἐγκάτων
3321 5058 3460 5111 μου.
3490 5038 3553 5091 El
3588 5038 3696 5108 γάρ

2120 5142 2202 5205 τίς
2232 5144 2349 5194 ἐστι
2374 5139 2552 5195 κοιλία
2574 5138 2770 5211 ψυχῆς,
2799 5135 3074 5211 τροπικῶς
3101 5134 3271 5198 οὕτως
3297 5131 3695 5204 ὀνομαζομένη,

2122 5233 2249 5305 περὶ
2283 5228 2351 5305 ἦς
2392 5235 2449 5286 ἐν
2488 5230 2839 5300 Εὐαγγελίοις
2883 5227 3158 5282 λέλεκται·
3188 5224 3447 5294 Ποταμοὶ
3481 5223 3551 5276 ἐκ
3585 5215 3698 5289 τῆς

2122 5325 2356 5391 κοιλίας
2395 5321 2583 5377 αὐτοῦ
2617 5323 2952 5391 ῥεύσουσιν
2980 5317 3200 5384 ὓδατος
3237 5315 3470 5381 ζῶντος,
3515 5313 3697 5367 ἁλλο-

2117 5417 2306 5486 μένου
2347 5418 2434 5481 είς
2472 5414 2625 5483 ζωὴν
2665 5413 2934 5468 αἰώνιονσ
2967 5414 3026 5467 ὲν
3054 5408 3229 5480 τούτῳ
3275 5406 3353 5477 τῷ
3401 5405 3696 5478 ἀπορρήτῳ

2121 5508 2216 5562 καὶ⁵
2241 5506 2548 5581 ἀποκρύφῳ
2579 5506 2679 5577 τῆς
2705 5504 2880 5576 ψυχῆς
2903 5504 3115 5575 ταμείῳ
3143 5500 3234 5556 τὸν
3264 5500 3425 5570 νόμον
3456 5513 3570 5559 σου,
3594 5510 3697 5565 φη-

2123 5599 2225 5664 σὶν,
2261 5597 2556 5669 ἐϐουλήθην
2593 5597 2833 5668 ποιῆσαι,
2861 5596 2954 5653 καὶ
3005 5595 3133 5666 περὶ
3180 5590 3382 5647 θυσιῶν
3433 5587 3526 5643 καὶ
3574 5584 3698 5641 ὀλο·

507 5768 529 5800 θ
569 5764 727 5818 Rom.
762 5780 839 5831 si,
874 5764 963 5819 33.
1044 5763 1086 5795 ¹⁰
1128 5763 1144 5817 Ι
1181 5763 1307 5819 Cor.
1343 5778 1461 5826 xm,
1498 5760 1552 5815 9.
1635 5760 1671 5791 ε’
1714 5758 1872 5813 Joan.
1908 5754 2113 5823 “1,58.
