4098 6376
423 373 530 430 337

1555 363 2058 423 COMMENTARIA
2096 367 2161 422 IN
2214 369 2553 425 PSALMOS.

3580 373 3688 432 558

423 486 798 558 καυτωμάτων
816 485 1036 551 ἐντολὰς
1062 484 1444 556 πνευματικῶς
1473 485 1567 538 καὶ
1594 484 1736 538 κατά
1759 485 1997 539 διάνοιαν

2110 487 2368 558 perchara
2403 504 2525 544 esse
2561 487 2710 551 novi,
2744 503 2806 542 ac
2831 478 3004 542 multo
3035 487 3416 558 praestantiora
3451 487 3542 554 iis,
3570 505 3694 560 qua

422 577 750 632 ἐπιτελέσαι.
787 577 970 632 Ταῦτα
1012 576 1120 648 γὰρ
1162 575 1332 644 ἔγνων
1389 592 1472 628 σοι
1522 575 1671 645 φίλα,
1701 576 1794 629 καὶ
1829 576 2011 648 πολλῷ

421 671 826 744 κρείττονατῶν
863 668 1188 741 σωματικῶς
1232 668 1503 732 Ἰουδαίοις
1534 668 2007 740 παραδεδομένων.

486 761 986 832 Εὑηγμςλισὰμην
1014 760 1410 828 δικαιοσύνην
1447 760 1516 812 ἐν
1557 761 1885 828 Ἔκκλησίᾳ
1903 777 2011 829 με-

421 853 598 925 γάλῃ,
633 855 761 908 ἰδοὺ
793 857 866 908 τὰ
891 855 1065 924 χείλη
1093 872 1213 923 μου
1246 855 1317 906 οὐ
1354 852 1440 923 μὴ
1479 855 1767 932 κωλύσω⁹
1809 854 2008 920 Κύριε,

419 947 502 1002 σὺ
533 948 739 1015 ἔγνως.
780 945 900 1014 Τὴν
937 946 1334 1012 δικαιοσύνην
1363 963 1482 1013 μου
1529 946 1639 998 οὐκ
1675 945 1913 1013 ἔκρυψα
1941 947 2012 999 ὲν

420 1037 496 1107 τῇ
524 1037 735 1107 καρδίῃ
762 1057 880 1107 μου
899 1057 913 1070 ·
959 1037 1081 1106 τὴν
1111 1035 1402 1105 ἀλήθειάν
1425 1054 1542 1090 σου
1586 1037 1683 1090 καὶ
1721 1038 1788 1091 τὸ
1817 1039 2009 1106 σωτή-

409 1131 548 1198 ριόν
578 1147 694 1184 σου
720 1127 876 1184 εἶπα.
897 1129 1178 1202 Ἀλήθειαν
1205 1129 1261 1182 δὲ
1304 1129 1403 1200 τὴν
1435 1130 2008 1202 ἀντιδιαστελλομένην

418 1227 483 1295 τῇ
521 1225 666 1294 σκιᾷ.
694 1224 927 1294 Νοήσεις
953 1223 1007 1276 δὲ
1033 1222 1125 1275 καὶ
1150 1220 1321 1284 οὕτως
1341 1238 1355 1250 ο
1396 1221 1482 1284 Ὠς
1504 1223 1532 1274 ὀ
1559 1223 1828 1294 μακάριος
1849 1222 2010 1276 Δαυῖδ

418 1315 757 1385 ὑπισχνεῖται
785 1315 842 1366 ἐν
887 1313 1182 1385 Ἐκκλησία
1208 1313 1417 1385 μεγάλῃ
1443 1316 1509 1385 τῇ
1539 1312 1680 1367 κατά
1710 1315 1890 1367 πᾶσαν
1909 1313 2008 1384 τὴν

417 1406 742 1477 οἰκουμένην
770 1406 876 1458 ὑπὸ
897 1406 994 1476 τῆς
1020 1404 1170 1467 θείας
1197 1405 1416 1477 χάριτος
1453 1405 1772 1479 συλλεγείσῃ
1791 1407 1890 1476 τὴν
1913 1405 2005 1458 τοῦ

415 1497 552 1551 Θεοῦ
585 1498 927 1570 δικαιοσύνην
955 1500 1266 1570 κηρύττειν,
1292 1499 1384 1552 καὶ
1413 1497 1510 1569 τὴν
1540 1499 1640 1569 τῆς
1671 1499 2008 1570 προφητείας

415 1591 695 1663 ἀλήθειαν,
724 1591 816 1645 καὶ
838 1591 936 1663 τὴν
957 1591 1281 1659 ἁξιάγαστον
1316 1591 1610 1662 σωτηρίαν,
1635 1593 1728 1644 καὶ
1753 1591 1844 1644 τὸν
1867 1590 2006 1662 ἁμές

416 1699 612 1755 τρητον
646 1682 792 1736 ἔλεον
838 1684 931 1737 καὶ
978 1682 1156 1736 αὐτῶν
1198 1682 1255 1735 δὲ
1287 1682 1408 1750 λτῶν
1455 1682 1662 1735 πιστῶν
1695 1683 1722 1733 6
1752 1682 2006 1752 σύλλογος

418 1774 562 1828 εἴποι
610 1775 675 1828 ἂν
720 1775 890 1828 ταῦτα
938 1774 1365 1845 ὑπισχνούμενος
1389 1775 1490 1847 τὴν
1525 1776 1664 1847 ὑπὲρ
1690 1775 1790 1845 τῆς
1824 1792 2004 1848 σωτη-

2116 593 2383 649 corporeo
2412 595 2564 635 more
2593 578 2797 635 Judteis
2833 578 3032 632 tradita
3073 586 3202 633 sunt

2187 756 2354 814 Vens.
2413 759 2594 813 10-16.
2655 759 2979 813 Annuntiavi
3025 759 3296 827 justitiam
3363 759 3418 813 in
3467 759 3690 814 ecclesia

2113 867 2326 920 magna,
2384 867 2498 904 ecce
2532 851 2674 904 labia
2721 869 2836 904 mea
2875 869 2976 905 non
3033 850 3314 920 prohibebo
3371 865 3391 903 .°
3453 851 3690 920 Domine,

2115 955 2170 998 tu
2223 944 2390 997 scisti.
2421 942 2702 998 Justitiam
2746 961 2913 999 meam
2970 961 3073 998 non
3125 944 3374 998 abscondi
3427 945 3483 998 in
3539 947 3695 1001 corde

2112 1053 2225 1091 meo
2263 1053 2280 1090 :
2313 1038 2582 1091 veritatem
2633 1045 2779 1089 tuam
2823 1046 2871 1089 et
2919 1037 3155 1090 salutare
3217 1047 3361 1090 tuum
3399 1037 3533 1092 dixi.
3588 1038 3694 1094 Ve-

2111 1129 2327 1181 ritatem
2380 1126 2588 1180 scilicet
2643 1127 2849 1181 umbra:
2897 1127 3222 1198 Oppositam.
3256 1127 3371 1182 Hoc
3414 1130 3542 1184 item
3574 1146 3694 1184 mo-

2111 1219 2181 1273 do
2240 1219 2532 1290 intelligas,
2588 1228 2645 1272 ut
2714 1220 2906 1276 beatus
2957 1220 3127 1274 David
3181 1223 3468 1291 pollicetur
3525 1240 3584 1278 se
3636 1227 3690 1278 in

2108 1309 2354 1366 Ecclesia
2387 1327 2603 1383 magna,
2636 1329 2732 1383 per
2757 1320 2927 1367 totum
2985 1314 3171 1368 orbem
3215 1331 3243 1368 a
3283 1316 3465 1371 divina
3517 1317 3691 1388 gratia

2110 1414 2440 1475 congregata
2480 1445 2494 1467 ,
2559 1403 2652 1459 Dei
2696 1406 2965 1475 justitiam
3021 1416 3074 1461 et
3132 1407 3430 1476 prophetia:
3489 1411 3692 1464 verita-

2111 1503 2217 1549 tem
2253 1497 2694 1566 praedicaturum,
2731 1514 2830 1553 nec
2885 1514 2992 1552 non
3035 1500 3265 1555 salutem
3327 1501 3691 1559 admiratione

2109 1589 2331 1659 dignam
2370 1597 2425 1644 et
2458 1589 2778 1645 immensam
2812 1591 3243 1646 misericordiam
3274 1611 3288 1659 ;
3336 1594 3592 1649 similiter
3623 1595 3688 1648 ll-

2109 1678 2312 1733 delium
2349 1687 2547 1742 coetus,
2593 1696 2690 1734 ceu
2724 1681 2790 1734 ad
2826 1682 3022 1735 oblatae
3051 1683 3246 1737 salutis
3288 1687 3693 1755 compensatio-

2111 1785 2237 1824 nem
2276 1771 2551 1841 pollicitus
2574 1771 2795 1833 dixerit,
2842 1787 2902 1827 se
2933 1773 3172 1828 vicissim
3208 1775 3259 1829 id
3293 1777 3689 1846 prazstiturum,

418 1867 539 1940 ρίας
565 1867 829 1920 ἀντίδοσιν
858 1866 1069 1931 δώσειν,
1100 1867 1176 1938 τῷ
1206 1867 1517 1939 συντρέχειν
1550 1869 1629 1930 είς
1679 1866 2006 1938 Ἐκκλησίαν

2110 1872 2170 1918 ιιι
2201 1865 2494 1918 conveniat
2525 1866 2578 1919 in
2608 1867 2920 1929 ecclesiam,
2951 1867 3094 1921 labia
3121 1870 3332 1937 aperiat
3361 1871 3427 1924 ad
3457 1871 3691 1941 hymnos

418 1961 511 2015 xui.
553 1960 621 2014 τὰ
667 1960 816 2032 χείλη
851 1963 1018 2013 κινεῖν
1052 1963 1132 2024 εἰς
1162 1959 1460 2031 ὑμνῳδίαν,
1495 1959 1589 2012 καὶ
1623 1958 1716 2012 τοῦ
1747 1958 1881 2012 Θεοῦ
1908 1958 2007 2031 τὴν

415 2053 630 2108 δικαίαν
663 2054 840 2126 κρίσιν
869 2055 1285 2124 ἀνακηρύττειν,
1307 2054 1404 2108 καὶ
1433 2053 1532 2124 τὴν
1559 2054 1796 2124 ἄρρητον
1820 2051 2011 2119 διεξιέ-

416 2163 501 2200 ναι
547 2147 894 2218 κηδεμονίαν,
946 2147 1041 2200 καί
1089 2146 1198 2200 τῶν
1248 2143 1607 2218 προφητικῶν
1659 2143 2008 2214 ὑποσχέσεων

417 2238 796 2293 ὑποδεικνύναι
836 2239 897 2292 τὸ
940 2238 1157 2311 ἀληθές.
1194 2239 1276 2292 Σὺ
1303 2237 1391 2301 δὲ,
1420 2239 1620 2306 Κύριε,
1649 2236 1735 2306 μὴ
1781 2237 2011 2307 μακρύο-

415 2350 532 2400 νῃς
559 2332 702 2400 τοὺς
720 2333 1062 2401 οἰκτιρμούς
1093 2347 1210 2385 σου
1240 2331 1341 2385 ἀπ’
1367 2331 1514 2401 ἐμοῦ
1541 2347 1555 2361 ·
1593 2330 1660 2384 τὸ
1689 2330 1862 2396 ἔλεός
1892 2344 2009 2384 σου

417 2425 516 2478 καὶ
545 2426 583 2494 ἡ
610 2421 1008 2491 ἀλήθειάσου
1047 2422 1145 2478 διὰ
1177 2422 1404 2490 παντὸς
1437 2422 1843 2478 ἀντελάϐοντό
1871 2441 2005 2483 μου.

415 2515 524 2567 Καὶ
567 2512 804 2584 τυχοῦσα
853 2514 952 2585 τῆς
999 2513 1275 2584 σωτηρίας
1303 2513 1336 2582 ἠ
1365 2509 1459 2564 τοῦ
1491 2511 1631 2563 Θεοῦ
1683 2509 2005 2580 Ἐκκλησία,

413 2605 586 2660 δεῖται
619 2606 777 2660 πάλιν
804 2606 903 2677 τῆς
930 2605 1102 2674 αὐτῆς
1136 2603 1480 2674 προμηθείας
1500 2603 1590 2656 διὰ
1619 2602 1720 2666 τὰς
1743 2606 2010 2656 παντοδα-

416 2699 526 2762 πὰς
552 2696 661 2749 τῶν
688 2694 993 2768 ἀνθρώπων
1031 2695 1126 2748 καὶ
1174 2693 1447 2763 δαιμόνων
1480 2694 1899 2758 ἐπαναστάσεις,
1931 2687 2008 2747 ὧν

415 2791 476 2842 ὲν
513 2791 626 2850 τοῖς
669 2787 795 2856 ἑξῆς
825 2786 925 2856 τὴν
965 2787 1186 2856 μνήμην
1211 2785 1655 2855 πεποίηται.Ὄτι
1683 2784 2009 2855 περιέσχον

411 2898 488 2949 με
517 2879 675 2932 κακὰ
707 2871 795 2931 ὧν
823 2879 934 2930 οὐκ
962 2877 1135 2930 ἐστιν
1161 2877 1408 2946 ἀριθμός
1433 2894 1446 2906 ·
1480 2877 1814 2931 κατέλαϐόν
1841 2895 1919 2947 με
1949 2881 2008 2933 αἱ

415 2968 659 3038 ἀνομίαι
699 2985 819 3037 μου
843 3007 858 3032 ,
909 2967 1010 3020 καὶ
1051 2969 1163 3022 οὐκ
1210 2966 1523 3036 ἠδυνήθην
1572 2967 1678 3021 τοῦ
1727 2967 2005 3032 βλέπειν.

429 3061 930 3128 Ἑπληθύνθησαν
975 3059 1130 3128 ὑπὲρ
1176 3059 1285 3125 τὰς
1336 3061 1544 3129 τρίχας
1585 3059 1694 3129 τῆς
1737 3061 2008 3129 κεφαλῆς

411 3171 551 3222 μου,
585 3151 686 3206 καὶ
734 3153 773 3219 ἡ
825 3151 1037 3219 καρδία
1060 3169 1178 3220 μου
1208 3151 1562 3222 ὲγκατέλιπέ
1581 3170 1678 3222 με.
1713 3153 1921 3224 Μηδεὶς
1950 3152 2005 3205 δὲ

414 3240 730 3311 ἀνάρμοστα
758 3239 997 3309 ἡγείσθω
1021 3239 1090 3293 τά
1117 3239 1387 3312 εἰρημένα
1409 3243 1521 3304 τοῖς
1542 3243 1788 3314 ἡρμηνευ
1798 3243 2000 3314 μένοις.
2033 3234 2074 3288 C

413 3331 524 3385 Καὶ
552 3330 660 3403 γὰρ
688 3332 737 3384 οἰ
764 3334 914 3402 τρεῖς
943 3333 1150 3398 παῖδες,
1177 3334 1276 3404 τῆς
1297 3334 1475 3405 ἄκρας
1503 3334 1708 3405 ἀρετῆς
1738 3335 1926 3406 ὲπειλη
1935 3353 2002 3406 μ-

417 3420 587 3491 μένοι,
623 3421 719 3473 καὶ
749 3420 840 3472 τὸν
871 3421 1168 3492 νικηφόρον
1199 3422 1599 3494 ἀναδησάμενοι
1627 3423 1909 3492 στέφανον,
1944 3425 2002 3476 ὲν

411 3515 478 3584 τῇ
499 3511 714 3584 καμίνῳ
740 3515 1162 3584 προσευχόμενοι
1189 3513 1375 3584 ἔλεγον
1394 3532 1408 3546 ο
1447 3514 1825 3585 Ἠμὰρτομεν,
1857 3515 2002 3583 ἠνο-

405 3603 710 3674 μήσαμεν,
735 3604 1131 3674 ἠδικήσαμεν,
1167 3607 1265 3659 καὶ
1329 3605 1678 3676 ἀπέστημεν
1734 3606 1854 3661 ἀπὸ
1885 3606 2005 3661 τῶν

411 3693 680 3749 ἐντολῶν
707 3709 846 3759 σου,
877 3696 976 3749 καὶ
1007 3699 1117 3751 οὐκ
1139 3697 1528 3768 ἐφυλάξαμεν
1550 3700 1624 3754 τὰ
1643 3699 2004 3770 δικαιώματά

410 3803 552 3843 σου.
578 3786 764 3851 Οὕτως
805 3788 834 3840 6
868 3787 1172 3859 θαυμάσιος
1204 3789 1423 3860 Δανιὴλ,
1459 3789 1632 3854 οὕτως
1657 3792 1685 3843 ὁ
1716 3791 2004 3856 θεσπέσιος

420 3879 713 3952 Ἱερεμίας,
744 3879 917 3944 οὕτως
960 3883 990 3934 6
1030 3879 1172 3944 θεῖος
1218 3882 1466 3946 Ἡσαΐας,
1494 3881 1666 3945 οὕτως
1698 3884 1726 3934 ὁ
1761 3881 2006 3952 σοφώτα-

411 3987 503 4035 τος
535 3971 745 4035 Παῦλος
765 3990 778 4003 ·
811 3973 1065 4041 Χριστὸς
1094 3980 1224 4042 γὰρ,
1256 3975 1440 4044 φησὶν,
1471 3973 1758 4041 εἰσῆλθεν
1793 3977 1880 4041 εὶς
1900 3975 2006 4028 τὸν

411 4061 646 4131 κόσμον
676 4063 1067 4133 ἁμαρτωλοὺς
1094 4064 1312 4129 σῶσαι,
1345 4061 1432 4120 ὧν
1473 4064 1703 4134 πρῶτός
1732 4068 1846 4135 εἰμι
1867 4064 1999 4137 ἐγώ·

416 4156 510 4208 καὶ
537 4155 698 4210 πάλιν
719 4173 732 4187 ·
783 4160 905 4211 Οὺκ
943 4159 1057 4226 ειμί
1090 4157 1258 4224 ἄξιος
1292 4157 1604 4212 καλεῖσθαι
1635 4159 2000 4226 ἀπόστολος.

414 4245 571 4300 οὕτω
608 4249 784 4302 τοίνυν
809 4248 1090 4303 κάνταῦθα
1115 4253 1235 4314 ταῖς
1266 4250 1418 4322 παρά
1446 4250 1554 4302 τῶν
1578 4251 1856 4304 δυσσεϐῶν
1888 4269 2006 4322 τρι-

414 4341 641 4412 κυμίαις
669 4341 967 4414 βαλλομένη
1014 4344 1048 4413 ή
1102 4343 1196 4396 τοῦ
1246 4342 1380 4396 Θεοῦ
1427 4342 1720 4413 Ἐκκλησία
1750 4343 1808 4395 οὐ
1859 4344 2004 4414 μέγα

413 4440 621 4508 φρονεῖ,
639 4437 715 4500 ὡς
749 4435 1144 4508 ἀγωνιζομένη,
1170 4436 1284 4489 ἀλλ’
1313 4436 1606 4506 ἁμαρτίαις
1638 4434 1730 4487 καὶ
1756 4435 1860 4505 πλη
1871 4455 2006 4507 μμε-

411 4528 585 4592 λείαις
619 4529 904 4598 ἀνατίθησι
939 4525 1008 4580 τὰ
1037 4528 1324 4596 γενόμενα,
1354 4527 1446 4580 καί⁵
1475 4527 1575 4596 τῆς
1601 4525 1751 4598 παρά
1773 4526 1865 4579 τοῦ
1890 4527 2004 4579 Σω-

411 4619 581 4690 τῆρος
625 4618 944 4689 ἐπικουρίας
991 4616 1298 4671 ἀπολαῦσαι
1342 4618 1888 4689 παρακαλεῖ.“Ἀλλως
1916 4635 2000 4682 τε,
2038 4598 2080 4653 Ῑ)

413 4711 524 4764 οὐδ’
551 4713 617 4765 ὲκ
665 4711 886 4764 τελείων
929 4709 1117 4764 ἅπασα
1150 4711 1480 4782 συνέστηκεν
1510 4711 1542 4781 η
1573 4709 1668 4764 τοῦ
1704 4710 1838 4764 Θεοῦ
1882 4711 2003 4764 Ἐκ-

414 4799 633 4870 κλησία,
669 4799 783 4852 ἀλλ’
811 4798 924 4870 ἔχει
973 4800 1068 4851 καὶ
1118 4799 1243 4862 τοὺς
1277 4798 1531 4872 ῥᾳστώνη
1573 4799 1872 4864 συζῶντας,
1909 4801 2002 4853 καὶ

411 4891 504 4946 τὸν
540 4891 820 4962 ἀνειμένον
866 4890 978 4960 βίον
1018 4877 1452 4961 ἀσπαζομένους,
1495 4892 1589 4945 καί¹
1618 4893 1834 4963 ἡδοναῖς
1880 4892 2002 4946 δου-

413 4982 591 5036 λεύειν
620 4983 997 5054 αἱρουμένους.
1037 4984 1148 5036 Καὶ
1179 4982 1366 5052 ἐπειδὴ
1396 4984 1454 5036 ’ἐν
1483 4985 1601 5037 ἐστι
1631 4985 1809 5056 σῶμα,
1843 4983 1918 5048 ὡς
1944 4983 2002 5051 ἐξ

412 5077 532 5140 ἐνὸς
563 5075 857 5148 προσώπου
895 5076 984 5129 καὶ
1015 5074 1192 5130 ταῦτα
1221 5077 1450 5130 κάκεῖνα
1480 5079 1870 5150 προσφέρεται.

424 5165 432 5177 ’
481 5190 715 5261 Νοήσεις
733 5190 828 5242 καὶ
865 5187 1066 5253 οὕτως’
1121 5191 1275 5243 Ἐπεὶ
1327 5192 1388 5244 οὐ
1431 5191 1514 5244 δεῖ
1549 5192 1874 5264 μακαρίζειν
1908 5193 2002 5246 άν-

412 5281 632 5354 θρωπον
669 5282 774 5353 πρὸ
816 5281 1071 5353 τελευτῆς
1110 5284 1299 5345 αὐτοῦ,
1328 5283 1553 5347 εἰκότως
1588 5285 1617 5336 6
1639 5283 1739 5354 μὲν
1768 5285 2000 5338 ἀπόστο-

411 5375 524 5437 λος,
549 5373 751 5445 καίπερ
797 5373 1091 5438 ἀπόστολος
1138 5375 1215 5428 ὢν
1256 5378 1349 5431 καὶ
1395 5376 1594 5448 κλητὸς
1625 5376 1720 5429 καὶ
1746 5376 2002 5440 ἐκλεκτὸς

411 5468 652 5540 Χριστοῦ
691 5467 885 5539 Ἰησοῦ,
923 5470 1072 5539 ὅμως
1100 5469 1199 5523 οὐκ
1241 5471 1390 5523 ὀκνεῖ
1437 5469 1651 5538 λέγειν·
1693 5466 2002 5528 Ὑποπιέζω

407 5581 528 5631 μου
557 5561 622 5614 τὸ
651 5559 844 5630 σῶμα,
875 5562 971 5614 καὶ
1003 5561 1381 5631 δουλαγιιιτῶ,
1399 5561 1635 5632 μήπως,
1656 5560 1871 5625 ἄλλοις
1892 5577 1999 5626 κη-

404 5653 620 5724 ρύξας,
659 5651 841 5718 αὐτὸς
873 5651 1149 5722 ἀδόκιμος
1182 5653 1456 5720 γένωμαι.
1495 5650 1570 5704 Τὸ
1595 5649 1727 5704 αὐτὸ
1759 5649 1815 5702 δὲ
1846 5649 1941 5702 καὶ
1973 5651 2000 5703 6

2110 1955 2389 2009 canend‘os
2419 1964 2474 2008 et
2504 1956 2570 2010 ad
2597 1957 2807 2026 justum
2840 1957 2933 2013 Dei
2958 1959 3227 2028 judicium
3259 1961 3686 2031 praedicandum,

2110 2048 2175 2101 ad
2213 2047 2544 2104 inell‘abilem
2587 2051 2953 2105 enarrandam
3007 2053 3126 2122 ejus
3167 2055 3588 2123 providentiam,
3622 2056 3691 2110 ad

2109 2139 2552 2209 prepheticarum
2600 2142 3027 2212 promissionum
3078 2145 3359 2199 veritatem
3403 2145 3692 2200 declaran-

2109 2231 2256 2286 dam.
2289 2233 2368 2286 Tu
2407 2244 2604 2297 autent,
2641 2234 2886 2300 Domine,
2913 2253 2974 2290 ne
3005 2235 3156 2308 longe
3191 2237 3363 2306 facias
3396 2239 3692 2292 miseratio—

2109 2341 2198 2379 nes
2231 2336 2350 2380 tuas
2377 2345 2409 2380 a
2448 2343 2527 2380 me
2553 2343 2572 2380 :
2604 2329 2967 2383 misericordia
2997 2339 3089 2382 tua
3122 2339 3170 2384 et
3201 2331 3394 2385 veritas
3430 2341 3521 2385 tua
3555 2349 3691 2386 sem-

2109 2432 2202 2485 per
2229 2427 2569 2486 susceperunt
2595 2436 2694 2474 me.
2725 2421 2903 2490 Atque
2930 2421 3162 2476 salutem
3195 2432 3354 2477 nacta
3386 2421 3477 2478 Dei
3505 2423 3690 2479 Eccle-

2111 2508 2214 2572 sia,
2253 2509 2450 2564 iterum
2481 2512 2670 2566 eadem
2701 2527 2803 2581 ope
2833 2512 3059 2582 indiget,
3090 2515 3257 2568 variis
3287 2513 3692 2584 frequentibus-

2110 2613 2218 2668 que
2265 2599 2548 2654 hominum
2589 2601 3010 2674 daemonumque
3057 2605 3353 2659 iusultibus
3404 2606 3686 2676 impetita,

2110 2707 2344 2762 quorum
2374 2693 2430 2747 in
2467 2694 2824 2762 sequentibus
2860 2697 3192 2750 mentionem
3229 2694 3378 2749 facit.
3427 2697 3689 2762 Quoniam

2111 2785 2569 2840 circumdederunt
2602 2803 2682 2840 me
2721 2787 2864 2840 mala
2895 2804 3117 2857 quorum
3158 2805 3259 2843 non
3288 2797 3368 2844 est
3395 2807 3644 2844 numerus
3672 2809 3685 2844 :

2109 2875 2608 2944 comprehenderunt
2645 2893 2722 2930 me
2764 2877 3070 2947 iniquitates
3115 2895 3262 2942 mea’,
3315 2889 3364 2933 et
3409 2897 3512 2933 non
3543 2882 3690 2948 potui

2110 2979 2167 3021 ut
2200 2969 2442 3024 viderem.
2491 2969 2862 3038 Multiplicata:
2903 2981 3026 3026 sunt
3059 2987 3213 3041 super
3243 2973 3463 3043 capillos
3500 2975 3690 3044 capitis

2110 3061 2230 3125 mei,
2263 3071 2313 3114 et
2357 3078 2448 3115 cor
2495 3079 2666 3116 meum
2719 3063 2999 3134 dereliquit
3043 3081 3146 3118 me.
3179 3063 3351 3120 Nemo
3396 3066 3694 3121 arbitretur

2110 3153 2258 3206 dicta
2297 3153 2614 3222 lmjusmodi
2661 3171 2768 3209 non
2810 3156 3127 3212 consentire
3161 3157 3230 3213 iis
3257 3173 3378 3228 quas
3421 3160 3691 3229 explicata

2110 3254 2261 3299 sunt.
2301 3244 2516 3300 Etenim
2563 3256 2675 3302 tres
2727 3249 2907 3318 pueri,
2947 3264 3163 3304 summa
3216 3251 3418 3306 virtute
3452 3252 3690 3322 praediti,

2110 3343 2276 3406 atque
2308 3337 2626 3408 triumphali
2669 3355 2873 3416 corona
2906 3345 3108 3408 ornati,
3143 3344 3199 3398 in
3231 3346 3448 3400 camino
3471 3354 3692 3401 orantes

2109 3425 2368 3485 dicebant
2404 3450 2418 3487 :
2450 3431 2820 3496 Peccavimus,
2861 3433 3200 3506 deliquimus,
3235 3436 3432 3504 injuste
3467 3438 3690 3506 egimus,

2108 3531 2158 3577 et
2194 3525 2505 3578 recessimus
2541 3542 2572 3579 a
2599 3527 2872 3595 praeceptis
2913 3529 3040 3593 tuis,
3073 3537 3122 3581 et
3168 3545 3272 3582 non
3317 3529 3693 3583 custodivimus

2105 3618 2518 3690 justiﬁcationes
2551 3627 2671 3674 tuas
2719 3620 2783 3674 ¹².
2824 3619 2913 3673 Sic
2959 3619 3301 3675 admirabilis
3353 3620 3565 3685 Daniel,
3613 3623 3694 3678 sic

2111 3727 2343 3781 magnus
2367 3711 2458 3766 ille
2483 3709 2774 3775 Jeremias,
2798 3711 2880 3766 sic
2905 3711 3126 3768 divinus
3149 3712 3338 3777 Isaias,
3365 3712 3448 3769 sic
3474 3715 3692 3784 sapien-

2109 3804 2358 3858 tissimus
2390 3801 2594 3858 Paulus
2628 3821 2641 3856 :
2675 3803 2918 3859 Christus
2953 3807 3122 3870 enim,
3153 3807 3349 3876 inquit,
3382 3808 3597 3861 intravit
3638 3809 3694 3861 in

2109 3893 2366 3946 mundum
2415 3903 2712 3964 peccatores
2765 3896 2937 3950 salvos
2991 3897 3185 3964 facere,
3233 3915 3458 3968 quorum
3491 3901 3694 3967 primus

2108 4000 2200 4054 ego
2229 4000 2346 4038 sum
2376 3985 2452 4048 ¹³;
2486 4001 2550 4038 ac
2583 4001 2828 4040 rursum:
2858 3985 2978 4040 Non
3002 4005 3119 4040 sum
3143 3988 3332 4057 dignus
3361 3992 3536 4043 vocari
3568 4007 3696 4058 apo-

2110 4076 2277 4130 stolus
2317 4077 2380 4129 ”.
2412 4075 2504 4130 Sic
2551 4077 2720 4146 igitur
2765 4078 2869 4131 hoc
2921 4079 2973 4131 in
3008 4078 3128 4132 loco
3157 4077 3249 4133 Dei
3281 4078 3547 4145 Ecclesia,
3587 4083 3691 4136 im-

2111 4169 2325 4239 piorum
2364 4168 2780 4238 tempestatibus
2824 4171 3051 4240 agitata,
3100 4184 3208 4224 non
3245 4173 3532 4242 magniﬁce
3568 4189 3695 4228 sen-

2112 4263 2178 4316 tit
2211 4270 2270 4316 ut
2298 4263 2651 4332 impugnata;
2690 4263 2785 4317 sed
2816 4279 2878 4317 ea
2914 4277 3035 4332 quae
3069 4264 3416 4335 contingunt,
3451 4269 3692 4334 peccatis

2113 4368 2178 4407 ac
2206 4354 2507 4410 sceleribus
2539 4353 2810 4416 attribuit,
2845 4363 2899 4408 et
2932 4371 2961 4408 a
3006 4353 3288 4409 Salvatore
3315 4372 3471 4427 opem
3498 4373 3696 4412 conse-

2113 4444 2207 4514 qui
2241 4453 2414 4514 rogat.
2449 4443 2515 4498 Et
2545 4445 2746 4514 alioqui
2781 4443 2871 4500 Dei
2907 4444 3152 4501 Ecclesia
3191 4463 3300 4502 non
3341 4463 3408 4502 ex
3439 4447 3696 4518 perlectis

2114 4547 2227 4592 tota
2263 4538 2640 4599 constituitur,
2677 4537 2772 4591 sed
2819 4537 2982 4591 habet
3027 4540 3190 4592 etiam
3227 4539 3319 4608 qui
3372 4539 3427 4593 in
3480 4540 3693 4610 ignavia

2110 4630 2329 4701 degant,
2359 4638 2412 4684 et
2443 4631 2674 4684 inertem
2717 4629 2885 4683 vitam
2927 4629 3159 4699 amplexi
3203 4630 3333 4693 sint,
3373 4638 3427 4682 et
3464 4629 3556 4699 qui
3601 4644 3697 4682 vo--

2110 4725 2412 4795 luptatibus
2449 4725 2656 4778 servire
2686 4732 2995 4793 peropteut.
3033 4723 3095 4775 Et
3127 4725 3384 4792 quoniam
3411 4737 3579 4776 unum
3609 4730 3694 4776 est

2109 4835 2334 4888 corpus,
2377 4827 2639 4888 tanquam
2684 4831 2752 4872 ex
2804 4831 2914 4872 una
2963 4831 3197 4886 persona
3245 4825 3301 4871 et
3353 4815 3468 4870 haec
3512 4823 3566 4871 et
3603 4815 3692 4868 illa

2111 4910 2488 4982 proferuntur.

2183 5179 2298 5235 Hoc
2329 5195 2548 5251 quoque
2579 5178 2745 5234 modo
2794 5176 3068 5247 intelligas
3108 5193 3121 5229 :
3149 5173 3288 5240 Quia
3317 5187 3426 5226 non
3475 5177 3691 5240 oportet

2110 5281 2237 5328 ante
2266 5273 2476 5328 obitum
2501 5273 2779 5327 hominem
2829 5271 3050 5326 beatum
3105 5266 3404 5338 praedicare
3447 5266 3536 5328 “‘,
3566 5265 3690 5334 jure

2109 5367 2426 5437 Apostolus,
2462 5364 2591 5419 licet
2621 5363 2907 5434 apostolus
2946 5361 3014 5416 sit
3052 5376 3114 5414 ac
3144 5367 3372 5414 vocatus
3402 5365 3458 5412 et
3485 5357 3692 5412 electus

2109 5458 2316 5513 Christi
2339 5456 2497 5520 Jesu,
2532 5464 2772 5509 attamen
2802 5469 2914 5508 non
2965 5461 3186 5508 veretur
3217 5451 3400 5506 dicere
3435 5467 3447 5502 :
3477 5447 3693 5519 Castigo

2109 5571 2297 5623 corpus
2325 5569 2516 5614 meum,
2547 5562 2595 5604 et
2625 5551 2680 5603 in
2707 5550 3010 5603 seruitutem
3030 5547 3230 5617 redigo,
3256 5561 3319 5599 ne
3341 5544 3466 5598 aliis
3498 5541 3694 5614 pra'di-

2107 5663 2236 5702 cans
2261 5647 2369 5715 ipse
2399 5644 2650 5715 reprobus
2666 5643 2862 5714 eﬂ‘iciar
2891 5643 2956 5696 ".
2993 5639 3238 5711 ldipsutn
3268 5655 3490 5712 quoque
3521 5634 3691 5692 David

409 5788 417 5794 ’
489 5810 532 5840 η
571 5810 702 5864 Dan.
743 5825 836 5873 Ill,
873 5809 961 5864 ΞΟ.
1040 5808 1082 5841 ¹⁸
1122 5809 1139 5864 l
1178 5807 1316 5862 Tim.
1355 5825 1406 5875 ι,
1445 5803 1530 5864 15.
1611 5807 1656 5841 ⁸⁵
1693 5805 1714 5860 Ι
1746 5805 1874 5862 Cor.
1910 5821 2000 5872 XV:

2173 5802 2237 5836 ιδ·
2260 5800 2423 5856 Eccli.
2467 5817 2550 5868 xl,
2587 5802 2676 5858 50.
2759 5802 2800 5834 "
2841 5798 2859 5853 l
2893 5799 3021 5855 Cor.
3056 5813 3142 5863 ix,
3177 5796 3266 5852 27.
