4098 6366
427 340 534 395 τεο

1099 333 1369 391 EL‘SEBlI
1408 328 1895 390 CESARIENSIS
1930 324 2083 385 OPP.
2129 324 2331 382 PARS.
2374 323 2555 383 lll.—
2591 317 3003 378 EXEGETICA.

3575 317 3679 372 560

427 470 551 509 eam
584 453 775 509 multis
822 452 878 507 in
927 452 1063 507 locis
1094 452 1461 519 declarasset,
1496 454 1665 511 Deum
1706 449 2002 523 prapitium

2110 443 2268 500 Δαυτδ
2298 446 2347 498 εί
2378 443 2475 497 καὶ
2519 442 2578 494 ὲν
2626 438 2842 502 πολλοῖς
2890 432 3289 505 ἐνδειξάμενος,
3340 432 3529 503 ἔτυχεν
3584 434 3690 487 im-

430 551 625 599 uactus
649 550 757 598 est.
784 551 1089 611 erutusque
1120 540 1224 598 fuit
1246 544 1314 599 de
1337 546 1459 599 lacu
1492 543 1729 601 miseriae
1757 548 1811 597 et
1836 542 1903 597 de
1934 540 2013 593 lu-

430 645 485 689 to
517 635 665 690 faecis
692 653 704 688 :
731 644 895 703 atque
929 634 985 688 in
1018 635 1264 704 tutojam
1308 636 1526 691 demum
1561 636 1794 707 positus,
1822 640 2010 703 utpote

431 728 660 798 pedi-bus
686 726 740 780 in
763 733 916 796 petra
949 724 1217 788 ﬁrmatus,
1254 740 1317 781 ac
1341 727 1558 783 cantico
1590 740 1732 781 novo
1758 740 1853 780 seu
1880 737 2008 779 vera

429 816 498 872 de
518 815 808 872 sacriﬁciis
835 816 1086 870 doctrina
1110 816 1365 872 donatus.
1397 818 1450 871 id
1485 826 1569 872 est
1625 816 2009 888 praedicatione

429 924 553 979 quae
577 908 631 962 in
671 907 918 964 Ecclesia
953 907 1047 963 Dei
1080 924 1274 978 magna
1302 910 1442 963 facta
1466 920 1585 975 est;
1616 925 1741 964 nam
1767 910 1899 965 illud
1924 926 2007 965 re-

433 1015 557 1057 vera
585 1002 859 1055 canticum
891 1016 1091 1056 novum
1123 1009 1263 1065 erat,
1283 1003 1443 1070 cujus
1465 1002 1542 1056 rei
1561 1016 1726 1057 causa
1753 1001 2008 1072 superius

429 1095 647 1149 dicebat
678 1108 697 1146 :
734 1092 800 1146 Et
840 1094 1060 1147 intmisit
1091 1094 1147 1147 in
1191 1112 1248 1148 os
1274 1112 1439 1148 meum
1471 1095 1739 1150 canticum
1769 1110 1958 1148 novum
1987 1109 2005 1146 :

434 1186 547 1241 lucc
577 1196 909 1241 consecutus
942 1188 1231 1252 tamen,ob
1261 1188 1513 1242 humanas
1542 1188 1666 1242 vitae
1698 1187 2007 1258 corruptio-

432 1291 554 1330 nem
588 1276 1007 1347 supplicationis
1049 1278 1215 1330 verba
1250 1277 1497 1340 resumit,
1531 1291 1595 1329 ac
1639 1282 1796 1345 rogat
1841 1276 2005 1329 obse-

431 1374 661 1438 cratque
684 1379 743 1422 ut
778 1384 809 1422 a
836 1367 928 1422 Dei
956 1368 1127 1439 gratia
1156 1376 1208 1422 et
1239 1368 1617 1424 misericordia
1639 1367 2003 1425 custodiatur.

434 1458 531 1514 liis
559 1460 704 1514 enim
737 1460 923 1514 animo
953 1460 1262 1514 revolvebat
1295 1461 1347 1513 in
1378 1460 1805 1530 memoriamque
1846 1473 2005 1513 revo-

432 1552 593 1607 cabat
617 1566 739 1621 qua:
767 1551 869 1605 sibi
904 1552 1056 1621 prius
1082 1551 1397 1605 acciderant
1431 1550 1591 1605 tiiala.
1617 1548 1875 1604 Memoria
1903 1550 2005 1603 ita—

432 1657 539 1712 que
572 1651 819 1698 veterum
862 1642 1159 1705 malorum,
1189 1641 1467 1696 cautiores
1506 1657 1608 1697 nos
1632 1639 1814 1706 efficit,
1850 1649 1911 1695 ut
1935 1657 2005 1696 ne

434 1747 629 1788 rursus
684 1732 739 1787 in
779 1748 842 1786 ea
879 1732 1221 1800 incidamus;
1263 1731 1358 1786 sed
1407 1732 1575 1786 etiam
1627 1732 2003 1794 mutationisa

2111 538 2273 611 ηκόου
2306 535 2400 589 τοῦ
2434 532 2589 598 Θεοῦ,
2618 527 2958 602 ήλευθέρωτό
2978 541 3037 581 τε
3078 527 3143 579 ὲκ
3172 524 3376 578 λάκκου
3416 523 3692 611 ταλαιπω-

2113 610 2233 704 ρίας
2262 629 2355 683 καὶ
2379 626 2486 680 ἀπὸ
2515 622 2690 698 πηλοῦ
2725 621 2867 685 ίλύος
2885 637 2899 651 ·
2936 622 2995 673 ὲν
3028 617 3260 687 ἀσφαλεῖ
3281 632 3341 670 τε
3373 615 3473 688 ήδη
3506 610 3691 672 λοιπὸν

2110 721 2352 791 ἑστήκει,
2387 717 2462 782 ὡς
2487 715 2552 770 ἂν
2576 716 2669 768 ἐπὶ
2700 713 2905 784 πέτραν
2929 712 3054 774 τοὺς
3082 708 3249 771 πόδας
3275 707 3686 779 ἐρηρεισμένος,

2109 810 2203 865 καὶ
2236 808 2476 881 ᾄσματος
2509 801 2697 859 καινοῦ
2718 801 3021 872 ⁴ἠξιωμένος
3050 798 3145 853 τοῦ
3176 798 3302 869 περὶ
3334 796 3533 851 θυσιῶν
3558 796 3688 869 ἀλη-

2108 899 2235 963 θοῦς
2267 893 2709 966 λόγου,τουτέστι
2755 892 2850 946 τοῦ
2892 894 2956 962 τῇ
3002 888 3296 959 Ἐκκλησία
3331 885 3424 940 τοῦ
3459 884 3591 940 Θεοῦ
3620 889 3687 959 τῇ

2112 990 2323 1063 μεγάλῃ
2370 985 2829 1060 εύηγγελισμένου
2870 982 3256 1055 κηρύγματος’
3298 978 3458 1034 τοῦτο
3488 979 3598 1050 γὰρ
3619 974 3687 1051 ἦν

2106 1085 2169 1139 τὸ
2201 1083 2385 1138 καινὸν
2420 1078 2595 1154 ᾆσμα,
2650 1075 2711 1135 οὖ
2746 1079 2905 1151 χάριν
2940 1075 3196 1148 ἀνωτέρω
3230 1070 3383 1143 ἔλεγε
3404 1090 3419 1106 ο
3446 1072 3556 1127 Καὶ
3586 1071 3685 1126 ἐν·

2106 1176 2322 1232 ἐϐαλεν
2345 1177 2432 1241 είς
2450 1173 2517 1228 τὸ
2543 1173 2739 1243 στόμα
2751 1189 2871 1241 μου
2892 1165 3057 1239 ᾆσμα
3081 1168 3308 1222 καινόν’
3331 1166 3478 1237 ὅμως
3500 1165 3547 1219 δ’
3571 1155 3684 1228 οῦύ,

2104 1270 2373 1324 τοσούτων
2410 1264 2743 1339 τετυχηκὼς,
2770 1264 2859 1319 διά
2896 1264 2958 1317 τὸ
3012 1262 3211 1335 σαθρὸν
3258 1260 3357 1331 τῆς
3391 1260 3449 1312 δν
3478 1253 3690 1330 ἀνθρώ-

2107 1379 2230 1427 ποις
2257 1362 2400 1433 ζωῆς
2429 1358 2870 1429 ὲπαναλαμϐάνει
2894 1358 3021 1421 τοὺς
3045 1355 3143 1425 τῆς
3167 1352 3446 1425 ἱκετηρίας
3475 1351 3684 1420 λόγους,

2104 1454 2375 1509 ἀντιϐολεῖ
2406 1469 2466 1505 τε
2492 1453 2587 1506 καὶ
2617 1450 2796 1505 δέεται
2821 1447 3182 1519 φυλάττεσθαι
3209 1444 3313 1499 ὑπὸ
3334 1445 3434 1515 τῆς
3467 1443 3689 1515 χάριτος

2105 1549 2200 1602 καὶ
2221 1546 2317 1600 τοῦ
2339 1546 2489 1600 ὲλέου
2514 1545 2607 1601 τοῦ
2625 1544 2781 1600 Θεοῦ.
2801 1541 3249 1613 Ἀνεπεμπάξετο
3263 1536 3372 1610 γὰρ
3385 1536 3472 1591 διὰ
3484 1534 3689 1590 τούτων

2104 1642 2201 1693 καὶ
2220 1639 2454 1694 ἀνεπόλα
2469 1639 2547 1711 (1)
2566 1637 2635 1692 τά
2649 1636 2914 1710 πρότερον
2935 1634 3084 1705 αὐτῷ
3112 1630 3494 1704 συμϐεϐηκότα
3519 1627 3687 1683 κακά.

2118 1731 2180 1785 Ἦ
2214 1730 2344 1800 γοῦν
2379 1732 2565 1803 μνήμη
2616 1729 2723 1785 τῶν
2767 1727 3013 1783 παλαιῶν
3044 1725 3253 1789 κακῶν,
3286 1718 3690 1794 φυλακτικωτέ-

433 1824 714 1895 pejoribus
737 1824 804 1879 ad
828 1824 1052 1880 meliora
1083 1822 1411 1886 recordatio,
1431 1831 1615 1893 gratos
1643 1822 1821 1878 reddit
1852 1832 2009 1894 atque

2120 1838 2244 1894 ρους
2292 1823 2440 1892 ἡμᾶς
2467 1819 2840 1893 ἀπεργάζεται
2871 1816 3008 1891 πρὸς
3034 1816 3097 1870 τὸ
3134 1816 3209 1888 μὴ
3242 1811 3396 1878 αὖθις
3439 1814 3553 1876 τοῖς
3596 1810 3692 1865 αύ-

430 1916 499 1970 ad
520 1916 821 1971 cavendum
847 1916 1189 1971 intentiores.
1223 1914 1252 1969 J
1262 1931 1357 1969 ure
1387 1916 1571 1985 itaque
1599 1917 2004 1985 praeteritarum

431 2009 781 2081 iniquitatum
837 2010 1154 2065 memoriam
1193 2008 1439 2076 refrical,
1464 2010 1733 2078 docetque
1785 2008 2002 2064 easdem

433 2094 751 2166 iniquitates
772 2097 874 2153 sibi
905 2097 1035 2152 olim
1062 2097 1252 2150 oculos
1282 2097 1578 2161 obtexisse,
1613 2098 1785 2153 instar
1815 2097 2005 2170 caligi-

433 2189 522 2245 nis
552 2189 751 2244 mentis
777 2189 920 2243 visui
946 2186 1156 2243 offusae.

2109 1917 2220 1978 τοῖς
2242 1917 2557 1986 περιπεσεῖν
2576 1930 2589 1944 ·
2617 1912 2753 1968 ἀλλά
2774 1912 2985 1983 καὶτῆς
3012 1908 3314 1982 μεταϐολῆς
3336 1906 3435 1978 τῆς
3455 1903 3563 1958 ἀπὸ
3581 1901 3691 1957 τῶν

2110 2007 2367 2080 χειρόνων
2405 2008 2499 2061 ὲπὶ
2543 2005 2615 2061 τά
2664 2006 2860 2079 βελτίω
2897 2007 2932 2079 ή
2983 2004 3289 2076 ἀνάμνησις
3337 1999 3692 2072 εὐχαρίστους

2109 2101 2256 2171 ἡμᾶς
2305 2100 2674 2173 ἀπεργάζεται
2738 2100 2834 2153 καὶ
2881 2096 3308 2169 συντεταμένους
3357 2093 3559 2167 μᾶλλον
3614 2092 3695 2155 εις

2110 2195 2402 2264 προσοχήν.
2446 2191 2687 2255 Εἰκότως
2727 2191 2908 2244 τοίνυν
2950 2188 3395 2260 ἐπαναλαμϐάνει
3441 2185 3540 2258 τὴν
3585 2183 3695 2239 τῶν

436 2280 716 2353 προτέρων
758 2279 923 2334 αὑτοῦ
964 2279 1201 2351 ἀνομιῶν
1247 2281 1486 2353 μνήμην,
1534 2281 1774 2337 διδάσκει
1827 2299 1909 2350 τε,
1968 2282 2046 2348 ὡς
2080 2287 2207 2349 τοὺς
2246 2285 2347 2355 τῆς
2386 2285 2566 2356 ψυχῆς
2594 2283 2908 2356 ὀφθαλμοὺς
2941 2281 3117 2354 καιρῷ
3152 2298 3257 2335 τινι
3323 2276 3697 2347 συνεκάλυψαν

434 2377 490 2429 αἱ
519 2376 736 2447 ἀνομίαι
766 2375 952 2441 αὑτοῦ,
972 2376 1129 2448 δίκην
1160 2375 1355 2447 ἀχλύος
1384 2376 1463 2448 τῷ
1499 2377 1598 2449 τῆς
1625 2377 1862 2442 διανοίας
1891 2376 2164 2451 βλεπτικῷ
2186 2378 2544 2451 ιπιχυθεῖσαι.

503 2492 733 2562 Reliqua
755 2507 886 2547 vero
906 2501 1309 2562 consequenter
1336 2493 1400 2547 ad
1432 2494 1689 2564 prtedicta
1724 2493 2007 2549 feruntur:

434 2586 774 2655 Comptaceat
808 2587 923 2649 tibi,
958 2586 1198 2649 Domine,
1227 2597 1285 2638 ut
1312 2602 1469 2639 eruas
1499 2601 1580 2640 me
1616 2602 1635 2640 :
1659 2585 1901 2650 Domine,
1940 2587 2010 2640 ad

433 2678 792 2749 adjuvandum
820 2694 900 2732 me
921 2680 1134 2747 respice.
1164 2675 1574 2747 Coufundantur
1598 2686 1646 2731 et
1678 2686 2012 2733 rerereantur

433 2773 594 2826 simul
619 2772 707 2843 qui
728 2782 973 2843 quierunt
1010 2772 1246 2825 animam
1295 2787 1466 2825 meam
1494 2780 1551 2824 ut
1584 2770 1831 2840 auferant
1865 2786 2007 2826 eant.

432 2864 821 2918 Convertuntur
850 2860 1166 2918 retrorsum
1221 2870 1271 2915 et
1325 2874 1662 2916 revereautur
1691 2862 1782 2931 qui
1833 2860 2011 2916 uolunt

431 2956 561 3011 mihi
588 2958 753 3011 mata.
787 2954 988 3011 Ferant
1017 2956 1292 3025 confestim
1333 2956 1700 3025 confusionem
1737 2971 1893 3009 suam
1922 2955 2012 3025 qui

432 3046 616 3101 dicunt
644 3046 811 3100 mihi:
846 3046 1008 3117 Euge.
1036 3045 1201 3117 Euge.
1232 3043 1389 3099 Nunc
1410 3061 1632 3116 quoque
1662 3047 1832 3102 sentit
1871 3046 2008 3101 mul-

434 3149 523 3195 tos
554 3141 749 3194 animus
791 3153 906 3195 sua:
942 3138 1307 3195 adversarios.
1334 3154 1398 3193 ac
1442 3154 1507 3193 ea
1556 3138 1623 3193 de
1671 3153 1837 3194 causa
1875 3152 2014 3209 prae-

437 3238 646 3285 sentem
677 3228 981 3284 orationem
1014 3228 1237 3284 emittit.
1277 3226 1462 3297 Neque
1494 3227 1641 3281 enim
1675 3233 1895 3282 cessant
1929 3225 2015 3280 in-

434 3320 622 3376 videre
644 3317 901 3391 perfectis
939 3325 994 3373 et
1028 3319 1081 3371 in
1113 3326 1265 3389 p.-tra
1294 3318 1691 3389 gradientibus.
1731 3316 1912 3383 Quare
1940 3317 2009 3372 ab

436 3411 506 3467 iis
532 3410 751 3466 liberari
778 3424 838 3466 se
878 3422 1054 3481 rogat,
1098 3411 1173 3464 ita
1219 3418 1277 3463 ut
1310 3409 1384 3463 illi
1414 3408 1633 3480 quidem
1665 3406 2010 3463 confundam

439 3513 528 3556 tur
568 3509 625 3557 et
683 3501 893 3572 pudore
947 3500 1257 3554 adiciantur
1311 3501 1406 3571 qui
1457 3509 1712 3570 quaerunt
1770 3499 2009 3554 animam

438 3596 637 3667 ipsius,
661 3603 721 3648 ut
745 3596 997 3649 auferant
1024 3608 1180 3659 eam;
1213 3593 1329 3664 ipse
1357 3608 1486 3648 vero
1516 3593 1637 3662 ejus
1657 3590 1882 3647 dextera
1900 3590 2011 3643 cir-

439 3690 871 3745 cummuniatur.
914 3685 1126 3741 Pudore
1161 3685 1470 3740 aﬂiciuntur
1503 3694 1708 3749 autem,
1741 3697 1807 3739 ac
1835 3681 2011 3752 turpi-

439 3792 524 3838 ter
570 3786 758 3852 agunt,
790 3778 871 3835 sic
914 3780 1059 3834 enim
1106 3777 1276 3831 edidit
1309 3776 1693 3849 Symmachus,
1734 3775 1828 3846 qui
1861 3787 2011 3846 qua:-

434 3881 571 3927 runt
616 3870 855 3924 animam
907 3869 1063 3938 justi,
1101 3877 1388 3938 postquam
1445 3868 1703 3923 omnibus
1749 3865 2012 3921 adhibitis

440 3963 711 4019 machinis
737 3976 798 4017 re
828 3960 1029 4016 infecta
1071 3969 1293 4015 manent
1328 3979 1340 4014 :
1369 3960 1674 4031 deindeque
1713 3968 1772 4013 ut
1805 3958 1899 4029 qui
1928 3958 2014 4013 ni—

440 4057 516 4110 hil
554 4055 814 4128 perficere
861 4054 1138 4126 potuerint
1177 4055 1554 4125 desperantes,
1587 4052 1793 4124 pudore
1819 4052 2013 4109 suffusi

439 4149 760 4204 abscedunt.
817 4147 1186 4215 Quamobrem
1260 4156 1553 4217 postquam
1609 4147 1736 4201 illos
1780 4144 2010 4216 pudore,

440 4241 779 4311 turpitudine
829 4251 885 4296 et
937 4239 1246 4295 reverentia
1308 4238 1536 4294 affectos
1587 4237 1745 4302 dixit,
1777 4237 2009 4306 adjicit:

438 4335 760 4387 Acertantur
788 4341 1076 4386 retrorsum
1107 4340 1158 4385 et
1192 4329 1502 4385 erubescant
1539 4331 1630 4400 qui
1664 4328 1841 4383 uolunt
1870 4329 2015 4381 mata

439 4424 740 4479 milti.Cum
773 4426 917 4478 enim
944 4424 1078 4477 nihil
1114 4423 1411 4493 potuerint,
1431 4438 1555 4477 cum
1590 4421 1737 4475 nulla
1771 4420 1849 4475 rei
1880 4421 2015 4473 bene

439 4514 692 4586 gerenda:
722 4529 849 4585 spes
896 4515 1156 4585 supersit,
1199 4520 1525 4569 avertuntur
1557 4527 1622 4566 ac
1654 4520 1803 4567 retro
1835 4511 2014 4566 disce-

2187 2495 2267 2548 Τά
2292 2494 2349 2547 δὲ
2379 2494 2540 2548 λοιπά
2565 2496 2678 2558 τοῖς
2700 2491 3117 2565 προειρημένοις
3148 2487 3453 2552 ἀκολούθως
3471 2506 3484 2519 ·
3514 2487 3700 2544 Εὐδό*

2115 2602 2331 2654 κησον,
2371 2586 2570 2653 Κύριε,
2607 2583 3058 2656 τοῖιςρύσασθαι
3099 2597 3206 2652 με·
3260 2583 3459 2651 Κύριε,
3503 2583 3591 2647 είς
3632 2580 3700 2634 τὸ

2106 2676 2417 2746 ,βοηθῆσαί
2462 2695 2564 2748 μοι
2614 2680 2901 2747 πρόσχες.
2953 2676 3558 2747 Καταισχυνθείησαν
3601 2674 3702 2730 καί

2112 2772 2558 2841 ἐντραπείησαν
2588 2772 2709 2842 ἅμα
2740 2775 2792 2826 ot
2826 2770 3144 2841 ζητοῦντες
3184 2770 3299 2839 τὴν
3335 2770 3549 2841 ψυχήν
3581 2788 3701 2842 μου

2112 2865 2220 2919 τοῦ
2257 2862 2464 2933 ἐξᾶραι
2496 2865 2708 2932 αὑτήν.
2729 2866 3279 2935 Ἀποστραφειησαν
3303 2866 3391 2931 εὶς
3414 2864 3487 2919 τὰ
3507 2864 3701 2919 ὀπίσω

2109 2957 2209 3011 καὶ
2252 2961 2843 3028 καταισχυνθείησαν
2866 2963 2923 3013 οἱ
2949 2958 3230 3027 θέλοντές
3246 2975 3350 3029 μοι
3381 2956 3556 3013 κακά.
3583 2955 3698 3011 Ko-

2103 3050 2512 3120 μισάσθωσαν
2551 3051 2915 3121 παραχρῆμα
2956 3052 3262 3121 αἰσχύνην
3294 3048 3495 3104 αὐτῶν
3520 3051 3575 3104 oi
3598 3047 3700 3104 λέ-

2108 3141 2320 3213 τοντές
2336 3159 2468 3212 μοι·
2500 3138 2677 3212 Εὖγε,
2712 3138 3005 3210 εὖγε.Ἐτι
3037 3142 3130 3195 καὶ
3162 3140 3257 3194 νῦν
3286 3138 3531 3194 αἷσθεται
3564 3140 3698 3193 πολιν

2038 3270 2080 3329 C
2118 3235 2225 3290 λῶν
2243 3237 2371 3306 περὶ
2413 3235 2572 3289 αὐτὸν
2611 3234 2823 3307 ἐχθρῶν
2856 3233 3219 3304 ἐπικειμένων
3242 3236 3309 3304 τῇ
3333 3232 3496 3286 αὐτοῦ
3524 3231 3695 3304 ψυχῇ,

2112 3330 2209 3383 καὶ
2234 3328 2361 3400 περὶ
2385 3326 2590 3380 τούτων
2617 3327 2719 3397 τὴν
2749 3326 3116 3397 προκειμένην
3159 3325 3325 3397 εὐχὴν
3356 3324 3692 3395 ἀναπέμπει.

2112 3422 2189 3475 Ob
2218 3420 2328 3491 γὰρ
2351 3418 2612 3475 παύονται
2634 3417 3073 3489 διαφθονούμενοι
3089 3417 3183 3471 καὶ
3205 3420 3315 3480 τοῖς
3343 3417 3448 3489 ήδη
3472 3412 3698 3479 τελείοις

2113 3514 2208 3567 καὶ
2236 3510 2524 3583 βεϐηκόσιν
2554 3511 2648 3562 ἐπὶ
2671 3510 2769 3581 τὴν
2802 3511 3025 3582 πέτραν.
3057 3507 3148 3563 Διὸ
3173 3508 3437 3581 ῥυσθῆναι
3463 3508 3570 3563 ἀπὸ
3586 3508 3696 3563 τῶν

2112 3601 2419 3673 εἰρημένων
2456 3600 2615 3668 ἀξιοῖ,
2644 3601 2931 3666 κάκείνους
2970 3600 3068 3673 μὲν
3108 3602 3569 3674 καταισχυνθῆναι
3603 3604 3699 3658 καὶ

2112 3694 2446 3764 ὲντραπῆναι
2477 3693 2603 3757 τοὺς
2646 3693 3010 3764 ὲκζητοῦντας
3035 3692 3202 3748 αὐτοῦ
3250 3693 3349 3765 τὴν
3396 3693 3574 3767 ψυχὴν
3601 3692 3698 3748 τοῦ

2111 3784 2303 3857 ἐξᾶραι
2334 3784 2507 3857 αύτήν
2528 3801 2542 3815 ·
2568 3785 2731 3840 αὐτὸν
2754 3786 2811 3840 δὲ
2844 3785 3314 3859 περιφράττεσθαι
3346 3787 3450 3841 ὑπὸ
3476 3787 3577 3858 τῆς
3601 3787 3700 3842 αύ-

2112 3871 2434 3938 τοῦοδεξιᾶς.
2455 3874 2837 3947 Ἐντρέπονται
2857 3873 2914 3929 δὲ
2939 3876 3035 3929 καὶ
3067 3874 3466 3946 ἀσχημονοῦσιν
3506 3873 3700 3943 (οὕτως

2112 3964 2223 4036 γάρ
2248 3948 2515 4030 ἒξέδωκεν
2558 3967 2587 4019 ὁ
2634 3966 2952 4038 Σύμμαχος)
3007 3969 3058 4021 oi
3088 3966 3375 4037 ζητοῦντες
3393 3965 3492 4036 τὴν
3524 3962 3701 4035 ψυχὴν

2113 4056 2208 4112 τοῦ
2240 4057 2469 4123 δικαίου,
2497 4058 2738 4125 ἐπειδὰν,
2768 4061 2947 4114 πᾶσαν
2976 4060 3096 4113 κατ’
3121 4057 3287 4113 αὑτοῦ
3312 4055 3558 4128 μηχανὴν
3584 4057 3700 4108 ὲπι-

2114 4154 2428 4225 νοήσαντες,
2457 4152 2735 4223 ἄπρακτοι
2767 4151 3033 4221 γένωνται
3052 4166 3066 4181 ·
3110 4147 3210 4204 εἷθ’
3239 4151 3316 4214 ὡς
3363 4150 3528 4222 μηδὲν
3557 4148 3701 4203 δεδυο

2114 4246 2338 4317 νημένοι
2376 4246 2704 4315 ἀπογνόντες
2743 4244 3195 4307 ἀπαλλάττονται,
3221 4241 3501 4313 ἀἰσχύνην
3533 4258 3701 4296 κατα-

2115 4338 2390 4409 χεάμενοι.
2428 4337 2517 4390 Διὸ
2568 4337 2705 4409 μετά
2736 4337 2799 4390 τὸ
2831 4336 3206 4407 ἀσχημονῆσαι
3239 4336 3456 4401 αὐτοὺς,
3504 4351 3699 4388 καταια

2120 4429 2412 4501 σχυνθῆναί
2451 4447 2512 4482 τε
2554 4428 3010 4500 καϊὲντραπῆναι
3058 4426 3332 4496 ἐπιλέγει·
3381 4428 3700 4494 Ἀποστραο

2117 4523 2379 4590 φείησαν
2402 4524 2489 4587 εἰς
2509 4521 2582 4574 τὰ
2608 4521 2822 4581 ὀπίσω,
2841 4519 2938 4573 καί
2959 4519 3402 4601 ἐντραπεξησαν
3424 4519 3480 4570 ot
3502 4517 3701 4573 Gelon-

439 4610 611 4675 dunt;
665 4607 863 4663 deinde
915 4606 1145 4677 profecti
1202 4622 1268 4662 ac
1296 4606 1488 4677 procul
1530 4605 1717 4675 positi,
1759 4606 2009 4675 nequitia:

2116 4631 2216 4680 τες
2247 4614 2319 4668 τὰ
2352 4611 2508 4667 κακὰ
2538 4630 2661 4683 μοι.
2708 4611 2893 4683 Μηδὲν
2943 4608 3051 4682 γάρ
3100 4609 3466 4681 δεδυνημένοι,
3492 4610 3587 4662 καὶ
3625 4609 3699 4680 μὴ

441 4717 555 4756 sua:
586 4705 814 4773 pignora
865 4702 1137 4771 accipient
1176 4718 1190 4755 :
1225 4716 1396 4771 quare
1437 4709 1561 4770 post
1612 4699 1727 4753 lucc
1757 4699 1960 4753 dicitur
1996 4719 2010 4754 :

442 4792 643 4847 Ferant
674 4794 950 4864 confestim
968 4794 1329 4864 confusionem
1357 4810 1509 4847 suam
1530 4793 1621 4862 qui
1645 4793 1826 4845 dicunt
1850 4790 2014 4845 mihi:

443 4886 609 4956 Euge,
633 4883 794 4953 Euge.
820 4884 927 4939 Pro
948 4901 1056 4955 quo
1079 4885 1273 4953 Aquila
1301 4904 1313 4939 :
1344 4886 1427 4937 Aa
1445 4926 1459 4948 ,
1486 4902 1575 4947 aa,
1604 4886 1721 4954 ipsa
1746 4882 2014 4939 Hebraica

440 4994 595 5043 voce,
634 4979 715 5034 sic
751 4974 1003 5042 habente,
1040 4988 1196 5031 usus.
1228 4974 1430 5045 Estque
1468 4977 1582 5046 ipsa
1622 4991 1721 5029 vos
1761 4975 2013 5045 planctus

440 5084 629 5125 eorum
657 5069 750 5139 qui
778 5067 892 5138 jam
938 5065 1181 5139 superati
1235 5074 1384 5131 sunt,
1420 5081 1483 5120 ac
1525 5075 1671 5120 retro
1725 5073 2013 5119 cesserunt

441 5160 932 5229 eonfusionemque
953 5159 1289 5214 retulerunt.
1323 5156 1631 5211 Secundum
1657 5154 2012 5225 Septuaginta

440 5253 772 5325 lnterpretes
802 5262 857 5309 et
888 5251 1277 5325 Symmachum
1312 5252 1390 5306 sir.
1421 5250 1624 5304 dicitur
1650 5269 1663 5305 :
1698 5252 1802 5316 Qui
1830 5250 2011 5303 dicunt

441 5347 647 5402 deme:
687 5346 851 5417 Euge,
889 5345 1052 5418 Euge.
1097 5344 1163 5400 Et
1198 5343 1430 5399 fortasse
1471 5344 1603 5412 justi
1657 5342 1861 5398 inimici
1918 5344 2012 5412 qui

440 5436 642 5489 multas
665 5436 931 5490 adversus
959 5451 1085 5490 eum
1112 5434 1341 5490 insidias
1366 5442 1701 5493 struxerant.
1731 5442 2013 5505 sperantes

441 5541 501 5581 se
532 5535 908 5596 superaturos,
945 5526 1012 5581 ad
1038 5526 1282 5597 singulas
1307 5527 1565 5582 dicebant
1602 5545 1615 5580 :
1644 5524 1811 5596 Euge,
1849 5524 2011 5596 Euge.

441 5616 548 5672 Sed
573 5632 697 5672 cum
729 5619 843 5673 haec
870 5619 1191 5689 plerumque
1216 5618 1475 5684 dixerint,
1496 5634 1591 5689 per
1614 5628 1785 5683 tuam,
1815 5619 2011 5689 inquit,

440 5711 667 5784 gratiam
697 5712 810 5781 jam
834 5711 1137 5778 discedant,
1158 5727 1310 5768 suam
1330 5712 1564 5769 ferentes
1594 5712 2009 5784 turpitudinem.

510 5847 585 5920 (1)
633 5845 925 5900 ’Δνεπόλει.

2118 4705 2542 4768 κατελπίσαντες
2595 4701 3088 4775 περιγενήσεσθαι,
3134 4700 3564 4772 ἀποστρέψονται
3606 4701 3702 4754 καὶ

2118 4796 2547 4851 ἀπαλλάττονται
2579 4796 2659 4859 είς
2690 4794 2758 4847 τά
2790 4794 2998 4847 (ίπίσω⁸
3044 4788 3144 4845 εἶτ’
3177 4791 3581 4859 ἀπαλλαγέντες
3608 4790 3704 4845 καὶ

2121 4888 2335 4961 μακρὰν
2359 4888 2662 4959 γενόμενοι,
2696 4886 2987 4957 τάπίχειρα
3008 4884 3106 4954 τῆς
3133 4882 3311 4936 αὐτῶν
3332 4882 3701 4954 ἀπολήψονται

2115 4980 2345 5042 κακίας·
2378 4979 2460 5031 διὸ
2502 4979 2639 5049 μετά
2678 4976 2853 5032 ταῦτα
2894 4976 3176 5029 λέλεκται·
3222 4972 3703 5043 Κομισάσθωσαν

2118 5069 2482 5141 παραχρῆμα
2532 5071 2838 5139 αἰσχύνην
2883 5067 3084 5122 αὐτῶν
3132 5072 3187 5122 οἱ
3232 5067 3516 5138 λέγοντές
3562 5081 3698 5135 μοι’

2119 5160 2296 5234 Εὖγε,
2346 5158 2505 5233 εὖγε.
2547 5162 2686 5217 Ἀνθ“
2714 5156 2775 5215 οῦ
2827 5164 2855 5216 ό
2889 5161 3118 5224 Ἀκύλας
3166 5162 3541 5232 ήρμήνευσεν·
3588 5158 3699 5223 Ἀὰ,

2117 5258 2215 5323 da,
2242 5258 2378 5328 αὐτῇ
2414 5257 2865 5328 συγχρησάμενος
2893 5254 3065 5319 οὕτως
3102 5254 3299 5326 ἐχούσῃ
3329 5255 3395 5325 τῇ
3442 5252 3701 5323 Ἐϐραῖκῇ

2119 5351 2457 5421 φωνῇ.”Εστι
2489 5350 2547 5403 δὲ
2573 5347 2714 5420 αὕτη
2748 5346 3128 5419 σχετλιαστικὴ
3155 5347 3263 5400 τῶν
3287 5346 3388 5417 ήδη
3416 5344 3703 5416 νενικημέ-

2116 5460 2222 5496 νων
2256 5442 2349 5496 καὶ
2382 5444 2461 5504 είς
2489 5441 2559 5495 τὰ
2583 5442 2759 5495 ὀπίσω
2791 5440 3208 5512 κεχωρηκότων,
3242 5438 3338 5492 καὶ
3367 5440 3466 5510 τὴν
3497 5436 3703 5490 ἑαυτῶν

2116 5533 2377 5604 αἰσχύνην
2426 5532 2824 5604 ἀπειληφότων.
2864 5533 3021 5586 Κατά
3062 5531 3267 5594 δὲτοὺς
3303 5528 3704 5600 Ἐϐὂομήκοντα

2120 5625 2215 5677 καὶ
2234 5624 2323 5677 τὸν
2344 5624 2638 5696 Σύμμαχον
2666 5626 2914 5695 φήσαντα
2930 5642 2944 5655 ο
2977 5627 3041 5678 Ui
3068 5622 3356 5692 λέγοντες
3379 5620 3513 5689 περὶ
3533 5619 3700 5689 ἐμοῦ·

2125 5712 2300 5788 Εὖγε,
2332 5713 2489 5788 εὖγε,
2521 5717 2660 5788 τάχα
2688 5717 2818 5771 ποτε
2847 5719 2895 5770 οί
2929 5716 3113 5788 ἐχθροὶ
3145 5714 3239 5769 τοῦ
3264 5712 3475 5769 δικαίου
3503 5712 3705 5777 πολλὰς
