  <div class='ocr_page' id='page_1' title='image "/cluster/home/n/w/nwhite01/storage/ocr_20150623/23:no.5/coo.31924054873033/196.png"; bbox 0 0 4098 6424; ppageno 0'>
   <div class='ocr_carea' id='block_1_1' title="bbox 394 379 496 438">
    <p class='ocr_par' dir='ltr' id='par_1_1' title="bbox 394 379 496 438">
     <span class='ocr_line' id='line_1_1' title="bbox 394 379 496 438; baseline -0.02 0"><span class='ocrx_word' id='word_1_1' title='bbox 394 379 496 438; x_wconf 74' lang='grc'><strong><em>361</em></strong></span> 
     </span>
    </p>
   </div>
   <div class='ocr_carea' id='block_1_2' title="bbox 1520 356 2507 426">
    <p class='ocr_par' dir='ltr' id='par_1_2' title="bbox 1520 356 2507 426">
     <span class='ocr_line' id='line_1_2' title="bbox 1520 356 2507 426; baseline -0.015 0"><span class='ocrx_word' id='word_1_2' title='bbox 1520 364 2023 426; x_wconf 72' lang='lat' dir='ltr'><strong><em>COMMENTARIA</em></strong></span> <span class='ocrx_word' id='word_1_3' title='bbox 2060 362 2126 418; x_wconf 85' lang='lat' dir='ltr'><strong><em>IN</em></strong></span> <span class='ocrx_word' id='word_1_4' title='bbox 2163 356 2507 418; x_wconf 81' lang='lat' dir='ltr'><strong><em>PSALMOS.</em></strong></span> 
     </span>
    </p>
   </div>
   <div class='ocr_carea' id='block_1_3' title="bbox 3527 352 3633 443">
    <p class='ocr_par' dir='ltr' id='par_1_3' title="bbox 3527 352 3633 443">
     <span class='ocr_line' id='line_1_3' title="bbox 3527 352 3633 443; baseline 0 0"><span class='ocrx_word' id='word_1_5' title='bbox 3527 352 3633 443; x_wconf 59' lang='lat'><strong><em>362</em></strong></span> 
     </span>
    </p>
   </div>
   <div class='ocr_carea' id='block_1_4' title="bbox 392 468 3634 563">
    <p class='ocr_par' dir='ltr' id='par_1_4' title="bbox 392 468 3634 563">
     <span class='ocr_line' id='line_1_4' title="bbox 392 468 3634 563; baseline -0.009 -9"><span class='ocrx_word' id='word_1_6' title='bbox 392 497 684 563; x_wconf 80' lang='grc' dir='ltr'>ἐπιϐουλὰς</span> <span class='ocrx_word' id='word_1_7' title='bbox 706 494 1042 558; x_wconf 77' lang='grc' dir='ltr'><strong><em>ἐπινοοῦντες</em></strong></span> <span class='ocrx_word' id='word_1_8' title='bbox 1076 493 1196 547; x_wconf 80' lang='grc' dir='ltr'>κατ’</span> <span class='ocrx_word' id='word_1_9' title='bbox 1217 488 1410 557; x_wconf 80' lang='grc' dir='ltr'>αὐτοῦ,</span> <span class='ocrx_word' id='word_1_10' title='bbox 1432 490 1515 560; x_wconf 82' lang='grc' dir='ltr'>ἐφ’</span> <span class='ocrx_word' id='word_1_11' title='bbox 1547 488 1752 561; x_wconf 80' lang='grc' dir='ltr'>ἑκάστῃ</span> <span class='ocrx_word' id='word_1_12' title='bbox 1774 483 2179 560; x_wconf 82' lang='grc' dir='ltr'><strong><em>προσδοκῶντες</em></strong></span> <span class='ocrx_word' id='word_1_13' title='bbox 2211 476 2683 552; x_wconf 79' lang='grc' dir='ltr'><strong><em>περιγενήσεσθαι,</em></strong></span> <span class='ocrx_word' id='word_1_14' title='bbox 2716 476 2919 546; x_wconf 77' lang='grc' dir='ltr'>ελεγον.</span> <span class='ocrx_word' id='word_1_15' title='bbox 2938 469 3115 543; x_wconf 78' lang='grc' dir='ltr'>Εὖγε,</span> <span class='ocrx_word' id='word_1_16' title='bbox 3139 468 3298 542; x_wconf 83' lang='grc' dir='ltr'>εὖτε.</span> <span class='ocrx_word' id='word_1_17' title='bbox 3317 472 3477 527; x_wconf 80' lang='grc' dir='ltr'>Ἀλλὰ</span> <span class='ocrx_word' id='word_1_18' title='bbox 3506 472 3634 526; x_wconf 67' lang='grc' dir='ltr'>πολ-</span> 
     </span>
    </p>
   </div>
   <div class='ocr_carea' id='block_1_5' title="bbox 390 564 3633 661">
    <p class='ocr_par' dir='ltr' id='par_1_5' title="bbox 390 564 3633 661">
     <span class='ocr_line' id='line_1_5' title="bbox 390 564 3633 661; baseline -0.009 -13"><span class='ocrx_word' id='word_1_19' title='bbox 390 593 548 654; x_wconf 83' lang='grc' dir='ltr'>λάκις</span> <span class='ocrx_word' id='word_1_20' title='bbox 565 592 742 655; x_wconf 82' lang='grc' dir='ltr'>τοῦτο,</span> <span class='ocrx_word' id='word_1_21' title='bbox 759 590 941 661; x_wconf 81' lang='grc' dir='ltr'>φησὶν,</span> <span class='ocrx_word' id='word_1_22' title='bbox 959 583 1352 660; x_wconf 77' lang='grc' dir='ltr'>εἰρηκότες,διὰ</span> <span class='ocrx_word' id='word_1_23' title='bbox 1367 583 1465 655; x_wconf 84' lang='grc' dir='ltr'>τὴν</span> <span class='ocrx_word' id='word_1_24' title='bbox 1486 583 1583 654; x_wconf 81' lang='grc' dir='ltr'>σὴν</span> <span class='ocrx_word' id='word_1_25' title='bbox 1612 583 1769 655; x_wconf 84' lang='grc' dir='ltr'>χάριν</span> <span class='ocrx_word' id='word_1_26' title='bbox 1791 573 2314 635; x_wconf 81' lang='grc' dir='ltr'><strong><em>ἀπαλλαττέσθωσαν</em></strong></span> <span class='ocrx_word' id='word_1_27' title='bbox 2332 571 2432 643; x_wconf 73' lang='grc' dir='ltr'>ἢδη</span> <span class='ocrx_word' id='word_1_28' title='bbox 2452 569 2722 661; x_wconf 56' lang='grc' dir='ltr'><strong><em>ποτεἱ</em></strong></span> <span class='ocrx_word' id='word_1_29' title='bbox 2731 566 2946 661; x_wconf 42' lang='lat' dir='ltr'><strong><em>ictu-Atius</em></strong></span> <span class='ocrx_word' id='word_1_30' title='bbox 2956 566 3326 661; x_wconf 43' lang='lat' dir='ltr'><strong><em>montibus-va</em></strong></span> <span class='ocrx_word' id='word_1_31' title='bbox 3353 564 3633 635; x_wconf 73' lang='grc' dir='ltr'>αἰσχύνην.</span> 
     </span>
    </p>
   </div>
   <div class='ocr_carea' id='block_1_6' title="bbox 520 674 1820 747">
    <p class='ocr_par' dir='ltr' id='par_1_6' title="bbox 520 674 1820 747">
     <span class='ocr_line' id='line_1_6' title="bbox 520 674 1820 747; baseline -0.008 -7"><span class='ocrx_word' id='word_1_32' title='bbox 520 687 628 741; x_wconf 79' lang='grc' dir='ltr'><strong><em>ΕῐΣ</em></strong></span> <span class='ocrx_word' id='word_1_33' title='bbox 667 686 754 738; x_wconf 82' lang='lat' dir='ltr'><strong><em>T0</em></strong></span> <span class='ocrx_word' id='word_1_34' title='bbox 792 679 1333 747; x_wconf 83' lang='grc' dir='ltr'><strong><em>ΤΕΛΟΣ,ΨΑΛΜΟΣ</em></strong></span> <span class='ocrx_word' id='word_1_35' title='bbox 1370 678 1456 731; x_wconf 73' lang='lat' dir='ltr'><strong><em>TD</em></strong></span> <span class='ocrx_word' id='word_1_36' title='bbox 1495 676 1694 729; x_wconf 82' lang='grc' dir='ltr'><strong><em>ΔΑΥΙΔ</em></strong></span> <span class='ocrx_word' id='word_1_37' title='bbox 1729 674 1820 729; x_wconf 85' lang='grc' dir='ltr'><strong><em>Μ’.</em></strong></span> 
     </span>
    </p>
   </div>
   <div class='ocr_carea' id='block_1_7' title="bbox 457 764 1958 848">
    <p class='ocr_par' dir='ltr' id='par_1_7' title="bbox 457 764 1958 848">
     <span class='ocr_line' id='line_1_7' title="bbox 457 764 1958 848; baseline -0.01 -13"><span class='ocrx_word' id='word_1_38' title='bbox 457 778 756 848; x_wconf 77' lang='grc' dir='ltr'><strong><em>Μακάριος</em></strong></span> <span class='ocrx_word' id='word_1_39' title='bbox 782 779 815 830; x_wconf 80' lang='grc' dir='ltr'><em>ὀ</em></span> <span class='ocrx_word' id='word_1_40' title='bbox 836 774 1065 830; x_wconf 88' lang='grc' dir='ltr'>συνιὼν</span> <span class='ocrx_word' id='word_1_41' title='bbox 1091 772 1189 827; x_wconf 77' lang='grc' dir='ltr'><strong><em>ἐπὶ</em></strong></span> <span class='ocrx_word' id='word_1_42' title='bbox 1209 771 1447 841; x_wconf 82' lang='grc' dir='ltr'>πτωχὸν</span> <span class='ocrx_word' id='word_1_43' title='bbox 1472 769 1570 824; x_wconf 81' lang='grc' dir='ltr'>καὶ</span> <span class='ocrx_word' id='word_1_44' title='bbox 1599 764 1827 837; x_wconf 80' lang='grc' dir='ltr'>πένητα</span> <span class='ocrx_word' id='word_1_45' title='bbox 1846 785 1857 796; x_wconf 80' lang='lat'>&#39;</span> <span class='ocrx_word' id='word_1_46' title='bbox 1888 767 1958 820; x_wconf 81' lang='grc' dir='ltr'>ἐν</span> 
     </span>
    </p>
   </div>
   <div class='ocr_carea' id='block_1_8' title="bbox 385 860 1957 943">
    <p class='ocr_par' dir='ltr' id='par_1_8' title="bbox 385 860 1957 943">
     <span class='ocr_line' id='line_1_8' title="bbox 385 860 1957 943; baseline -0.008 -17"><span class='ocrx_word' id='word_1_47' title='bbox 385 873 576 943; x_wconf 70' lang='grc' dir='ltr'>ἡμέρᾳ</span> <span class='ocrx_word' id='word_1_48' title='bbox 619 866 850 936; x_wconf 80' lang='grc' dir='ltr'>πονηρᾷ</span> <span class='ocrx_word' id='word_1_49' title='bbox 886 868 1137 934; x_wconf 77' lang='grc' dir='ltr'>ῥύσεται</span> <span class='ocrx_word' id='word_1_50' title='bbox 1173 864 1358 918; x_wconf 81' lang='grc' dir='ltr'>αὑτὸν</span> <span class='ocrx_word' id='word_1_51' title='bbox 1384 865 1418 916; x_wconf 83' lang='grc' dir='ltr'><em>ὁ</em></span> <span class='ocrx_word' id='word_1_52' title='bbox 1459 862 1688 930; x_wconf 81' lang='grc' dir='ltr'>Κύριος.</span> <span class='ocrx_word' id='word_1_53' title='bbox 1741 860 1957 928; x_wconf 83' lang='grc' dir='ltr'>Κύριος</span> 
     </span>
    </p>
   </div>
   <div class='ocr_carea' id='block_1_9' title="bbox 387 953 1957 1033">
    <p class='ocr_par' dir='ltr' id='par_1_9' title="bbox 387 953 1957 1033">
     <span class='ocr_line' id='line_1_9' title="bbox 387 953 1957 1033; baseline -0.008 -15"><span class='ocrx_word' id='word_1_54' title='bbox 387 960 751 1033; x_wconf 66' lang='grc' dir='ltr'>διαφυλάξαι</span> <span class='ocrx_word' id='word_1_55' title='bbox 778 960 963 1015; x_wconf 80' lang='grc' dir='ltr'>αὐτὸν</span> <span class='ocrx_word' id='word_1_56' title='bbox 994 957 1094 1012; x_wconf 76' lang='grc' dir='ltr'>καὶ</span> <span class='ocrx_word' id='word_1_57' title='bbox 1129 954 1349 1018; x_wconf 81' lang='grc' dir='ltr'>ζωώσιιι</span> <span class='ocrx_word' id='word_1_58' title='bbox 1384 954 1593 1017; x_wconf 85' lang='grc' dir='ltr'>αὐτὸν,</span> <span class='ocrx_word' id='word_1_59' title='bbox 1635 953 1734 1006; x_wconf 80' lang='grc' dir='ltr'>καὶ</span> <span class='ocrx_word' id='word_1_60' title='bbox 1769 967 1957 1021; x_wconf 78' lang='grc' dir='ltr'>μακα-</span> 
     </span>
    </p>
   </div>
   <div class='ocr_carea' id='block_1_10' title="bbox 378 1042 1957 1125">
    <p class='ocr_par' dir='ltr' id='par_1_10' title="bbox 378 1042 1957 1125">
     <span class='ocr_line' id='line_1_10' title="bbox 378 1042 1957 1125; baseline -0.009 -17"><span class='ocrx_word' id='word_1_61' title='bbox 378 1056 547 1125; x_wconf 88' lang='grc' dir='ltr'>ρίσαι</span> <span class='ocrx_word' id='word_1_62' title='bbox 572 1053 759 1108; x_wconf 85' lang='grc' dir='ltr'>αὐτὸν</span> <span class='ocrx_word' id='word_1_63' title='bbox 785 1052 855 1104; x_wconf 78' lang='grc' dir='ltr'>ἐν</span> <span class='ocrx_word' id='word_1_64' title='bbox 887 1050 959 1119; x_wconf 78' lang='grc' dir='ltr'>τῇ</span> <span class='ocrx_word' id='word_1_65' title='bbox 988 1047 1084 1121; x_wconf 77' lang='grc' dir='ltr'>γῇ,</span> <span class='ocrx_word' id='word_1_66' title='bbox 1115 1047 1212 1102; x_wconf 81' lang='grc' dir='ltr'>καὶ</span> <span class='ocrx_word' id='word_1_67' title='bbox 1240 1046 1326 1118; x_wconf 78' lang='grc' dir='ltr'>μὴ</span> <span class='ocrx_word' id='word_1_68' title='bbox 1352 1042 1595 1113; x_wconf 86' lang='grc' dir='ltr'>παραδῷ</span> <span class='ocrx_word' id='word_1_69' title='bbox 1642 1043 1830 1097; x_wconf 84' lang='grc' dir='ltr'>αὑτὸν</span> <span class='ocrx_word' id='word_1_70' title='bbox 1869 1044 1957 1108; x_wconf 83' lang='grc' dir='ltr'><strong><em>εις</em></strong></span> 
     </span>
    </p>
   </div>
   <div class='ocr_carea' id='block_1_11' title="bbox 386 1132 1956 1217">
    <p class='ocr_par' dir='ltr' id='par_1_11' title="bbox 386 1132 1956 1217">
     <span class='ocr_line' id='line_1_11' title="bbox 386 1132 1956 1217; baseline -0.01 -16"><span class='ocrx_word' id='word_1_71' title='bbox 386 1146 594 1217; x_wconf 68' lang='grc' dir='ltr'>ψυχὴν</span> <span class='ocrx_word' id='word_1_72' title='bbox 611 1141 841 1213; x_wconf 80' lang='grc' dir='ltr'><strong><em>ἐχθρῶν</em></strong></span> <span class='ocrx_word' id='word_1_73' title='bbox 862 1140 1068 1195; x_wconf 86' lang='grc' dir='ltr'>αὐτοῦ.</span> <span class='ocrx_word' id='word_1_74' title='bbox 1090 1140 1303 1207; x_wconf 84' lang='grc' dir='ltr'>Κύριος</span> <span class='ocrx_word' id='word_1_75' title='bbox 1316 1134 1619 1204; x_wconf 76' lang='grc' dir='ltr'>,ϐοηθῆσαι</span> <span class='ocrx_word' id='word_1_76' title='bbox 1662 1133 1823 1200; x_wconf 83' lang='grc' dir='ltr'>αὐτῷ</span> <span class='ocrx_word' id='word_1_77' title='bbox 1856 1132 1956 1186; x_wconf 80' lang='grc' dir='ltr'>ἐπὶ</span> 
     </span>
    </p>
   </div>
   <div class='ocr_carea' id='block_1_12' title="bbox 382 1223 1954 1303">
    <p class='ocr_par' dir='ltr' id='par_1_12' title="bbox 382 1223 1954 1303">
     <span class='ocr_line' id='line_1_12' title="bbox 382 1223 1954 1303; baseline -0.009 -12"><span class='ocrx_word' id='word_1_78' title='bbox 382 1238 597 1303; x_wconf 75' lang='grc' dir='ltr'>κλίνης</span> <span class='ocrx_word' id='word_1_79' title='bbox 645 1234 867 1303; x_wconf 83' lang='grc' dir='ltr'><strong><em>ὀδύνης</em></strong></span> <span class='ocrx_word' id='word_1_80' title='bbox 904 1231 1110 1296; x_wconf 86' lang='grc' dir='ltr'>αὑτοῦ,</span> <span class='ocrx_word' id='word_1_81' title='bbox 1162 1230 1315 1297; x_wconf 82' lang='grc' dir='ltr'>ὅλην</span> <span class='ocrx_word' id='word_1_82' title='bbox 1353 1228 1468 1297; x_wconf 80' lang='grc' dir='ltr'>τὴν</span> <span class='ocrx_word' id='word_1_83' title='bbox 1510 1227 1718 1295; x_wconf 78' lang='grc' dir='ltr'><strong><em>κοίτην</em></strong></span> <span class='ocrx_word' id='word_1_84' title='bbox 1767 1223 1954 1280; x_wconf 87' lang='grc' dir='ltr'>αὐτοῦ</span> 
     </span>
    </p>
   </div>
   <div class='ocr_carea' id='block_1_13' title="bbox 381 1318 1954 1397">
    <p class='ocr_par' dir='ltr' id='par_1_13' title="bbox 381 1318 1954 1397">
     <span class='ocr_line' id='line_1_13' title="bbox 381 1318 1954 1397; baseline -0.009 -13"><span class='ocrx_word' id='word_1_85' title='bbox 381 1331 679 1397; x_wconf 74' lang='grc' dir='ltr'>ἐστρεψας</span> <span class='ocrx_word' id='word_1_86' title='bbox 708 1327 778 1380; x_wconf 85' lang='grc' dir='ltr'>ἐν</span> <span class='ocrx_word' id='word_1_87' title='bbox 806 1324 881 1396; x_wconf 82' lang='grc' dir='ltr'>τῇ</span> <span class='ocrx_word' id='word_1_88' title='bbox 922 1324 1217 1394; x_wconf 72' lang='grc' dir='ltr'>ἀρρωστίᾳ</span> <span class='ocrx_word' id='word_1_89' title='bbox 1255 1321 1463 1376; x_wconf 84' lang='grc' dir='ltr'>αὑτοῦ.</span> <span class='ocrx_word' id='word_1_90' title='bbox 1508 1318 1721 1392; x_wconf 87' lang='grc' dir='ltr'>Προιὼν</span> <span class='ocrx_word' id='word_1_91' title='bbox 1772 1318 1898 1389; x_wconf 81' lang='grc' dir='ltr'><strong><em>ἑξῆς</em></strong></span> <span class='ocrx_word' id='word_1_92' title='bbox 1925 1319 1954 1371; x_wconf 99' lang='lat'><strong><em>6</em></strong></span> 
     </span>
    </p>
   </div>
   <div class='ocr_carea' id='block_1_14' title="bbox 381 1409 1954 1492">
    <p class='ocr_par' dir='ltr' id='par_1_14' title="bbox 381 1409 1954 1492">
     <span class='ocr_line' id='line_1_14' title="bbox 381 1409 1954 1492; baseline -0.007 -19"><span class='ocrx_word' id='word_1_93' title='bbox 381 1421 537 1491; x_wconf 80' lang='grc' dir='ltr'>λόγος</span> <span class='ocrx_word' id='word_1_94' title='bbox 569 1419 853 1490; x_wconf 75' lang='grc' dir='ltr'>ἐπιφέρει·</span> <span class='ocrx_word' id='word_1_95' title='bbox 888 1416 997 1471; x_wconf 82' lang='grc' dir='ltr'><strong><em>Καὶ</em></strong></span> <span class='ocrx_word' id='word_1_96' title='bbox 1021 1415 1130 1492; x_wconf 71' lang='grc' dir='ltr'>γὰρ</span> <span class='ocrx_word' id='word_1_97' title='bbox 1156 1417 1189 1467; x_wconf 81' lang='grc' dir='ltr'><em>ὁ</em></span> <span class='ocrx_word' id='word_1_98' title='bbox 1231 1413 1541 1481; x_wconf 81' lang='grc' dir='ltr'>ἅνθρωπος</span> <span class='ocrx_word' id='word_1_99' title='bbox 1568 1409 1677 1479; x_wconf 84' lang='grc' dir='ltr'>τῆς</span> <span class='ocrx_word' id='word_1_100' title='bbox 1710 1410 1954 1481; x_wconf 73' lang='grc' dir='ltr'>εἰρήνης</span> 
     </span>
    </p>
   </div>
   <div class='ocr_carea' id='block_1_15' title="bbox 376 1499 1950 1579">
    <p class='ocr_par' dir='ltr' id='par_1_15' title="bbox 376 1499 1950 1579">
     <span class='ocr_line' id='line_1_15' title="bbox 376 1499 1950 1579; baseline -0.015 -14"><span class='ocrx_word' id='word_1_101' title='bbox 376 1527 517 1579; x_wconf 84' lang='grc' dir='ltr'>μου,</span> <span class='ocrx_word' id='word_1_102' title='bbox 556 1507 647 1577; x_wconf 73' lang='grc' dir='ltr'><strong><em>ἐφ’</em></strong></span> <span class='ocrx_word' id='word_1_103' title='bbox 679 1506 751 1560; x_wconf 80' lang='grc' dir='ltr'>ὃν</span> <span class='ocrx_word' id='word_1_104' title='bbox 778 1504 1028 1574; x_wconf 81' lang='grc' dir='ltr'>ἤλπισα,</span> <span class='ocrx_word' id='word_1_105' title='bbox 1068 1506 1100 1556; x_wconf 82' lang='grc' dir='ltr'><em>ὁ</em></span> <span class='ocrx_word' id='word_1_106' title='bbox 1131 1502 1351 1556; x_wconf 78' lang='grc' dir='ltr'><strong><em>ἐσθίων</em></strong></span> <span class='ocrx_word' id='word_1_107' title='bbox 1383 1499 1603 1568; x_wconf 82' lang='grc' dir='ltr'><strong><em>ἄρτους</em></strong></span> <span class='ocrx_word' id='word_1_108' title='bbox 1635 1518 1787 1571; x_wconf 79' lang='grc' dir='ltr'>μου,</span> <span class='ocrx_word' id='word_1_109' title='bbox 1819 1499 1950 1569; x_wconf 78' lang='grc' dir='ltr'>έμε-</span> 
     </span>
    </p>
   </div>
   <div class='ocr_carea' id='block_1_16' title="bbox 381 1591 1953 1672">
    <p class='ocr_par' dir='ltr' id='par_1_16' title="bbox 381 1591 1953 1672">
     <span class='ocr_line' id='line_1_16' title="bbox 381 1591 1953 1672; baseline -0.006 -16"><span class='ocrx_word' id='word_1_110' title='bbox 381 1600 645 1672; x_wconf 77' lang='grc' dir='ltr'>τάλυνεν</span> <span class='ocrx_word' id='word_1_111' title='bbox 669 1599 762 1653; x_wconf 83' lang='grc' dir='ltr'><strong><em>ἐπ’</em></strong></span> <span class='ocrx_word' id='word_1_112' title='bbox 793 1597 898 1668; x_wconf 84' lang='grc' dir='ltr'>ἐμὲ</span> <span class='ocrx_word' id='word_1_113' title='bbox 923 1595 1304 1664; x_wconf 86' lang='grc' dir='ltr'>πτερνισμόν.</span> <span class='ocrx_word' id='word_1_114' title='bbox 1336 1591 1522 1648; x_wconf 88' lang='grc' dir='ltr'>Ταῦτα</span> <span class='ocrx_word' id='word_1_115' title='bbox 1551 1592 1607 1646; x_wconf 83' lang='grc' dir='ltr'><strong><em>δὲ</em></strong></span> <span class='ocrx_word' id='word_1_116' title='bbox 1646 1591 1953 1665; x_wconf 84' lang='grc' dir='ltr'>ἀναγέγρα-</span> 
     </span>
    </p>
   </div>
   <div class='ocr_carea' id='block_1_17' title="bbox 381 1686 1952 1762">
    <p class='ocr_par' dir='ltr' id='par_1_17' title="bbox 381 1686 1952 1762">
     <span class='ocr_line' id='line_1_17' title="bbox 381 1686 1952 1762; baseline -0.005 -15"><span class='ocrx_word' id='word_1_117' title='bbox 381 1711 510 1748; x_wconf 83' lang='grc' dir='ltr'>πται</span> <span class='ocrx_word' id='word_1_118' title='bbox 544 1694 572 1744; x_wconf 89' lang='grc' dir='ltr'>ὁ</span> <span class='ocrx_word' id='word_1_119' title='bbox 610 1691 797 1762; x_wconf 83' lang='grc' dir='ltr'>Σωτὴρ</span> <span class='ocrx_word' id='word_1_120' title='bbox 847 1692 941 1744; x_wconf 76' lang='grc' dir='ltr'>καὶ</span> <span class='ocrx_word' id='word_1_121' title='bbox 968 1689 1171 1760; x_wconf 85' lang='grc' dir='ltr'>Κύριος</span> <span class='ocrx_word' id='word_1_122' title='bbox 1198 1686 1353 1758; x_wconf 76' lang='grc' dir='ltr'>ἡμῶν</span> <span class='ocrx_word' id='word_1_123' title='bbox 1385 1688 1443 1740; x_wconf 84' lang='grc' dir='ltr'><strong><em>ἐν</em></strong></span> <span class='ocrx_word' id='word_1_124' title='bbox 1470 1686 1546 1757; x_wconf 82' lang='grc' dir='ltr'>τῷ</span> <span class='ocrx_word' id='word_1_125' title='bbox 1575 1687 1715 1741; x_wconf 83' lang='grc' dir='ltr'>κατὰ</span> <span class='ocrx_word' id='word_1_126' title='bbox 1773 1686 1952 1740; x_wconf 82' lang='grc' dir='ltr'>Ἰωάν-</span> 
     </span>
    </p>
   </div>
   <div class='ocr_carea' id='block_1_18' title="bbox 378 1777 1950 1858">
    <p class='ocr_par' dir='ltr' id='par_1_18' title="bbox 378 1777 1950 1858">
     <span class='ocr_line' id='line_1_18' title="bbox 378 1777 1950 1858; baseline -0.006 -18"><span class='ocrx_word' id='word_1_127' title='bbox 378 1804 475 1858; x_wconf 86' lang='grc' dir='ltr'><strong><em>νην</em></strong></span> <span class='ocrx_word' id='word_1_128' title='bbox 503 1783 819 1854; x_wconf 80' lang='grc' dir='ltr'>Εὐαγγελιῳ</span> <span class='ocrx_word' id='word_1_129' title='bbox 849 1783 924 1847; x_wconf 86' lang='grc' dir='ltr'>ὡς</span> <span class='ocrx_word' id='word_1_130' title='bbox 956 1780 1015 1846; x_wconf 81' lang='grc' dir='ltr'>ἐξ</span> <span class='ocrx_word' id='word_1_131' title='bbox 1036 1778 1233 1835; x_wconf 77' lang='grc' dir='ltr'>οἰκείου</span> <span class='ocrx_word' id='word_1_132' title='bbox 1284 1778 1576 1851; x_wconf 82' lang='grc' dir='ltr'>προσώπου</span> <span class='ocrx_word' id='word_1_133' title='bbox 1623 1777 1860 1852; x_wconf 76' lang='grc' dir='ltr'>εἰρηκὼς</span> <span class='ocrx_word' id='word_1_134' title='bbox 1891 1780 1950 1831; x_wconf 89' lang='grc' dir='ltr'><strong><em>ἐν</em></strong></span> 
     </span>
    </p>
   </div>
   <div class='ocr_carea' id='block_1_19' title="bbox 378 1866 1944 1950">
    <p class='ocr_par' dir='ltr' id='par_1_19' title="bbox 378 1866 1944 1950">
     <span class='ocr_line' id='line_1_19' title="bbox 378 1866 1944 1950; baseline -0.004 -19"><span class='ocrx_word' id='word_1_135' title='bbox 378 1880 444 1950; x_wconf 76' lang='grc' dir='ltr'><strong><em>τῇ</em></strong></span> <span class='ocrx_word' id='word_1_136' title='bbox 488 1878 623 1949; x_wconf 83' lang='grc' dir='ltr'>πρὸς</span> <span class='ocrx_word' id='word_1_137' title='bbox 676 1879 800 1940; x_wconf 84' lang='grc' dir='ltr'>τοὺς</span> <span class='ocrx_word' id='word_1_138' title='bbox 856 1874 1100 1946; x_wconf 78' lang='grc' dir='ltr'>μαθητὰς</span> <span class='ocrx_word' id='word_1_139' title='bbox 1162 1874 1379 1947; x_wconf 67' lang='grc' dir='ltr'><strong><em>ὁμιλίᾳ⁸</em></strong></span> <span class='ocrx_word' id='word_1_140' title='bbox 1432 1873 1499 1927; x_wconf 82' lang='grc' dir='ltr'><strong><em>δι’</em></strong></span> <span class='ocrx_word' id='word_1_141' title='bbox 1550 1866 1625 1928; x_wconf 85' lang='grc' dir='ltr'><strong><em>ὧν</em></strong></span> <span class='ocrx_word' id='word_1_142' title='bbox 1676 1872 1944 1942; x_wconf 76' lang='grc' dir='ltr'>ἔφασκεν·</span> 
     </span>
    </p>
   </div>
   <div class='ocr_carea' id='block_1_20' title="bbox 392 1963 1949 2040">
    <p class='ocr_par' dir='ltr' id='par_1_20' title="bbox 392 1963 1949 2040">
     <span class='ocr_line' id='line_1_20' title="bbox 392 1963 1949 2040; baseline -0.005 -15"><span class='ocrx_word' id='word_1_143' title='bbox 392 1968 587 2040; x_wconf 76' lang='grc' dir='ltr'>Ἀμὴν,</span> <span class='ocrx_word' id='word_1_144' title='bbox 611 1967 793 2039; x_wconf 81' lang='grc' dir='ltr'>ἀμὴν,</span> <span class='ocrx_word' id='word_1_145' title='bbox 814 1968 969 2039; x_wconf 77' lang='grc' dir='ltr'>λέγω</span> <span class='ocrx_word' id='word_1_146' title='bbox 992 1967 1134 2038; x_wconf 85' lang='grc' dir='ltr'>ὑμῖν</span> <span class='ocrx_word' id='word_1_147' title='bbox 1152 1984 1166 1997; x_wconf 86' lang='grc'><strong>·</strong></span> <span class='ocrx_word' id='word_1_148' title='bbox 1205 1970 1325 2021; x_wconf 83' lang='grc' dir='ltr'><strong><em>Οὐκ</em></strong></span> <span class='ocrx_word' id='word_1_149' title='bbox 1351 1967 1481 2021; x_wconf 78' lang='grc' dir='ltr'>ἐστι</span> <span class='ocrx_word' id='word_1_150' title='bbox 1505 1965 1727 2031; x_wconf 81' lang='grc' dir='ltr'>δοῦλος</span> <span class='ocrx_word' id='word_1_151' title='bbox 1736 1963 1949 2034; x_wconf 82' lang='grc' dir='ltr'>μείζων</span> 
     </span>
    </p>
   </div>
   <div class='ocr_carea' id='block_1_21' title="bbox 1986 674 2034 731">
    <p class='ocr_par' dir='ltr' id='par_1_21' title="bbox 1986 674 2034 731">
     <span class='ocr_line' id='line_1_21' title="bbox 1986 674 2034 731; baseline 0 0"><span class='ocrx_word' id='word_1_152' title='bbox 1986 674 2034 731; x_wconf 76' lang='grc' dir='ltr'><strong>Α</strong></span> 
     </span>
    </p>
   </div>
   <div class='ocr_carea' id='block_1_22' title="bbox 2383 653 3299 725">
    <p class='ocr_par' dir='ltr' id='par_1_22' title="bbox 2383 653 3299 725">
     <span class='ocr_line' id='line_1_22' title="bbox 2383 653 3299 725; baseline -0.009 -10"><span class='ocrx_word' id='word_1_153' title='bbox 2383 662 2436 716; x_wconf 79' lang='grc'>1.</span> <span class='ocrx_word' id='word_1_154' title='bbox 2473 658 2541 714; x_wconf 80' lang='grc' dir='ltr'><strong><em>ΙΝ</em></strong></span> <span class='ocrx_word' id='word_1_155' title='bbox 2571 654 3148 725; x_wconf 75' lang='lat' dir='ltr'><strong><em>FINEM,PSALMUS</em></strong></span> <span class='ocrx_word' id='word_1_156' title='bbox 3188 653 3299 708; x_wconf 79' lang='lat' dir='ltr'><strong><em>XL.</em></strong></span> 
     </span>
    </p>
   </div>
   <div class='ocr_carea' id='block_1_23' title="bbox 2139 750 3631 823">
    <p class='ocr_par' dir='ltr' id='par_1_23' title="bbox 2139 750 3631 823">
     <span class='ocr_line' id='line_1_23' title="bbox 2139 750 3631 823; baseline -0.001 -16"><span class='ocrx_word' id='word_1_157' title='bbox 2139 756 2306 812; x_wconf 70' lang='lat' dir='ltr'><strong><em>Vsus.</em></strong></span> <span class='ocrx_word' id='word_1_158' title='bbox 2327 755 2451 810; x_wconf 72' lang='grc'><strong><em>2-4.</em></strong></span> <span class='ocrx_word' id='word_1_159' title='bbox 2474 754 2672 809; x_wconf 86' lang='lat' dir='ltr'><strong><em>Beatus</em></strong></span> <span class='ocrx_word' id='word_1_160' title='bbox 2702 754 2794 823; x_wconf 86' lang='lat' dir='ltr'><strong><em>qui</em></strong></span> <span class='ocrx_word' id='word_1_161' title='bbox 2823 750 3070 822; x_wconf 79' lang='lat' dir='ltr'><strong><em>intelligit</em></strong></span> <span class='ocrx_word' id='word_1_162' title='bbox 3120 764 3277 820; x_wconf 85' lang='lat' dir='ltr'><strong><em>super</em></strong></span> <span class='ocrx_word' id='word_1_163' title='bbox 3332 766 3550 821; x_wconf 86' lang='lat' dir='ltr'><strong><em>egenum</em></strong></span> <span class='ocrx_word' id='word_1_164' title='bbox 3586 764 3631 806; x_wconf 83' lang='lat' dir='ltr'><strong><em>et</em></strong></span> 
     </span>
    </p>
   </div>
   <div class='ocr_carea' id='block_1_24' title="bbox 2064 842 3635 921">
    <p class='ocr_par' dir='ltr' id='par_1_24' title="bbox 2064 842 3635 921">
     <span class='ocr_line' id='line_1_24' title="bbox 2064 842 3635 921; baseline -0.004 -16"><span class='ocrx_word' id='word_1_165' title='bbox 2064 865 2346 921; x_wconf 83' lang='lat' dir='ltr'><strong><em>pauperem</em></strong></span> <span class='ocrx_word' id='word_1_166' title='bbox 2382 849 2477 902; x_wconf 90' lang='lat' dir='ltr'><strong><em>:in</em></strong></span> <span class='ocrx_word' id='word_1_167' title='bbox 2506 846 2590 901; x_wconf 89' lang='lat' dir='ltr'><strong><em>die</em></strong></span> <span class='ocrx_word' id='word_1_168' title='bbox 2613 845 2759 900; x_wconf 86' lang='lat' dir='ltr'><strong><em>mala</em></strong></span> <span class='ocrx_word' id='word_1_169' title='bbox 2789 845 3034 900; x_wconf 75' lang='lat' dir='ltr'><strong><em>liberabit</em></strong></span> <span class='ocrx_word' id='word_1_170' title='bbox 3066 860 3182 898; x_wconf 86' lang='lat' dir='ltr'><strong><em>eum</em></strong></span> <span class='ocrx_word' id='word_1_171' title='bbox 3209 843 3492 900; x_wconf 77' lang='lat' dir='ltr'><strong><em>Dominus.</em></strong></span> <span class='ocrx_word' id='word_1_172' title='bbox 3521 842 3635 899; x_wconf 87' lang='lat' dir='ltr'><strong><em>Do-</em></strong></span> 
     </span>
    </p>
   </div>
   <div class='ocr_carea' id='block_1_25' title="bbox 2063 940 3637 1009">
    <p class='ocr_par' dir='ltr' id='par_1_25' title="bbox 2063 940 3637 1009">
     <span class='ocr_line' id='line_1_25' title="bbox 2063 940 3637 1009; baseline -0.002 -12"><span class='ocrx_word' id='word_1_173' title='bbox 2063 944 2239 997; x_wconf 91' lang='lat' dir='ltr'><strong><em>minus</em></strong></span> <span class='ocrx_word' id='word_1_174' title='bbox 2271 946 2538 997; x_wconf 84' lang='lat' dir='ltr'><strong><em>conservet</em></strong></span> <span class='ocrx_word' id='word_1_175' title='bbox 2568 957 2686 995; x_wconf 88' lang='lat' dir='ltr'><strong><em>eum</em></strong></span> <span class='ocrx_word' id='word_1_176' title='bbox 2714 949 2765 994; x_wconf 89' lang='lat' dir='ltr'><strong><em>et</em></strong></span> <span class='ocrx_word' id='word_1_177' title='bbox 2798 940 3021 1009; x_wconf 82' lang='lat' dir='ltr'><strong><em>viviﬁcet</em></strong></span> <span class='ocrx_word' id='word_1_178' title='bbox 3064 957 3205 1005; x_wconf 85' lang='lat' dir='ltr'><strong><em>eum,</em></strong></span> <span class='ocrx_word' id='word_1_179' title='bbox 3235 950 3285 994; x_wconf 88' lang='lat' dir='ltr'><strong><em>et</em></strong></span> <span class='ocrx_word' id='word_1_180' title='bbox 3311 941 3518 995; x_wconf 89' lang='lat' dir='ltr'><strong><em>beatum</em></strong></span> <span class='ocrx_word' id='word_1_181' title='bbox 3552 941 3637 1009; x_wconf 84' lang='lat' dir='ltr'><strong><em>fa—</em></strong></span> 
     </span>
    </p>
   </div>
   <div class='ocr_carea' id='block_1_26' title="bbox 2063 1027 3634 1092">
    <p class='ocr_par' dir='ltr' id='par_1_26' title="bbox 2063 1027 3634 1092">
     <span class='ocr_line' id='line_1_26' title="bbox 2063 1027 3634 1092; baseline -0.003 -4"><span class='ocrx_word' id='word_1_182' title='bbox 2063 1034 2170 1088; x_wconf 88' lang='lat' dir='ltr'><strong><em>ciat</em></strong></span> <span class='ocrx_word' id='word_1_183' title='bbox 2191 1050 2310 1088; x_wconf 91' lang='lat' dir='ltr'><strong><em>eum</em></strong></span> <span class='ocrx_word' id='word_1_184' title='bbox 2344 1033 2398 1086; x_wconf 92' lang='lat' dir='ltr'><strong><em>in</em></strong></span> <span class='ocrx_word' id='word_1_185' title='bbox 2417 1040 2576 1092; x_wconf 90' lang='lat' dir='ltr'><strong><em>terra,</em></strong></span> <span class='ocrx_word' id='word_1_186' title='bbox 2609 1038 2659 1083; x_wconf 90' lang='lat' dir='ltr'><strong><em>et</em></strong></span> <span class='ocrx_word' id='word_1_187' title='bbox 2689 1044 2795 1084; x_wconf 86' lang='lat' dir='ltr'><strong><em>non</em></strong></span> <span class='ocrx_word' id='word_1_188' title='bbox 2833 1027 3012 1082; x_wconf 89' lang='lat' dir='ltr'><strong><em>tradat</em></strong></span> <span class='ocrx_word' id='word_1_189' title='bbox 3037 1044 3154 1082; x_wconf 88' lang='lat' dir='ltr'><strong><em>eum</em></strong></span> <span class='ocrx_word' id='word_1_190' title='bbox 3181 1029 3237 1082; x_wconf 90' lang='lat' dir='ltr'><strong><em>in</em></strong></span> <span class='ocrx_word' id='word_1_191' title='bbox 3262 1028 3496 1083; x_wconf 86' lang='lat' dir='ltr'><strong><em>animam</em></strong></span> <span class='ocrx_word' id='word_1_192' title='bbox 3527 1029 3634 1083; x_wconf 86' lang='lat' dir='ltr'><strong><em>ini-</em></strong></span> 
     </span>
    </p>
   </div>
   <div class='ocr_carea' id='block_1_27' title="bbox 2061 1118 3636 1196">
    <p class='ocr_par' dir='ltr' id='par_1_27' title="bbox 2061 1118 3636 1196">
     <span class='ocr_line' id='line_1_27' title="bbox 2061 1118 3636 1196; baseline -0.004 -16"><span class='ocrx_word' id='word_1_193' title='bbox 2061 1127 2320 1180; x_wconf 79' lang='lat' dir='ltr'><strong><em>micorum</em></strong></span> <span class='ocrx_word' id='word_1_194' title='bbox 2357 1125 2493 1196; x_wconf 83' lang='lat' dir='ltr'><strong><em>ejus.</em></strong></span> <span class='ocrx_word' id='word_1_195' title='bbox 2533 1121 2787 1179; x_wconf 76' lang='lat' dir='ltr'><strong><em>Dominus</em></strong></span> <span class='ocrx_word' id='word_1_196' title='bbox 2817 1137 2965 1192; x_wconf 88' lang='lat' dir='ltr'><strong><em>opem</em></strong></span> <span class='ocrx_word' id='word_1_197' title='bbox 2990 1121 3127 1190; x_wconf 90' lang='lat' dir='ltr'><strong><em>ferat</em></strong></span> <span class='ocrx_word' id='word_1_198' title='bbox 3172 1118 3252 1173; x_wconf 87' lang='lat' dir='ltr'><strong><em>illi</em></strong></span> <span class='ocrx_word' id='word_1_199' title='bbox 3272 1136 3427 1191; x_wconf 85' lang='lat' dir='ltr'><strong><em>super</em></strong></span> <span class='ocrx_word' id='word_1_200' title='bbox 3446 1121 3636 1176; x_wconf 87' lang='lat' dir='ltr'><strong><em>lectum</em></strong></span> 
     </span>
    </p>
   </div>
   <div class='ocr_carea' id='block_1_28' title="bbox 2061 1212 3639 1284">
    <p class='ocr_par' dir='ltr' id='par_1_28' title="bbox 2061 1212 3639 1284">
     <span class='ocr_line' id='line_1_28' title="bbox 2061 1212 3639 1284; baseline -0.001 -16"><span class='ocrx_word' id='word_1_201' title='bbox 2061 1215 2259 1270; x_wconf 85' lang='lat' dir='ltr'><strong><em>doloris</em></strong></span> <span class='ocrx_word' id='word_1_202' title='bbox 2289 1214 2419 1284; x_wconf 89' lang='lat' dir='ltr'><strong><em>ejus,</em></strong></span> <span class='ocrx_word' id='word_1_203' title='bbox 2451 1216 2750 1268; x_wconf 86' lang='lat' dir='ltr'><strong><em>universum</em></strong></span> <span class='ocrx_word' id='word_1_204' title='bbox 2769 1221 2997 1267; x_wconf 89' lang='lat' dir='ltr'><strong><em>stratum</em></strong></span> <span class='ocrx_word' id='word_1_205' title='bbox 3028 1212 3142 1280; x_wconf 91' lang='lat' dir='ltr'><strong><em>ejus</em></strong></span> <span class='ocrx_word' id='word_1_206' title='bbox 3168 1212 3390 1266; x_wconf 81' lang='lat' dir='ltr'><strong><em>versusti</em></strong></span> <span class='ocrx_word' id='word_1_207' title='bbox 3407 1214 3460 1267; x_wconf 88' lang='lat' dir='ltr'><strong><em>in</em></strong></span> <span class='ocrx_word' id='word_1_208' title='bbox 3485 1213 3639 1282; x_wconf 82' lang='lat' dir='ltr'><strong><em>infir-</em></strong></span> 
     </span>
    </p>
   </div>
   <div class='ocr_carea' id='block_1_29' title="bbox 2061 1303 3632 1376">
    <p class='ocr_par' dir='ltr' id='par_1_29' title="bbox 2061 1303 3632 1376">
     <span class='ocr_line' id='line_1_29' title="bbox 2061 1303 3632 1376; baseline -0.001 -14"><span class='ocrx_word' id='word_1_209' title='bbox 2061 1309 2244 1362; x_wconf 87' lang='lat' dir='ltr'><strong><em>mitate</em></strong></span> <span class='ocrx_word' id='word_1_210' title='bbox 2281 1324 2417 1376; x_wconf 72' lang='lat' dir='ltr'><strong><em>ejus.</em></strong></span> <span class='ocrx_word' id='word_1_211' title='bbox 2451 1305 2566 1361; x_wconf 87' lang='lat' dir='ltr'><strong><em>Sub</em></strong></span> <span class='ocrx_word' id='word_1_212' title='bbox 2593 1306 2709 1360; x_wconf 74' lang='lat' dir='ltr'><strong><em>base</em></strong></span> <span class='ocrx_word' id='word_1_213' title='bbox 2762 1312 2942 1360; x_wconf 89' lang='lat' dir='ltr'><strong><em>autem</em></strong></span> <span class='ocrx_word' id='word_1_214' title='bbox 2994 1303 3068 1357; x_wconf 89' lang='lat' dir='ltr'><strong><em>ita</em></strong></span> <span class='ocrx_word' id='word_1_215' title='bbox 3116 1318 3296 1359; x_wconf 81' lang='lat' dir='ltr'><strong><em>sermo</em></strong></span> <span class='ocrx_word' id='word_1_216' title='bbox 3349 1305 3632 1375; x_wconf 74' lang='lat' dir='ltr'><strong><em>procedit:</em></strong></span> 
     </span>
    </p>
   </div>
   <div class='ocr_carea' id='block_1_30' title="bbox 2061 1394 3637 1466">
    <p class='ocr_par' dir='ltr' id='par_1_30' title="bbox 2061 1394 3637 1466">
     <span class='ocr_line' id='line_1_30' title="bbox 2061 1394 3637 1466; baseline -0.003 -12"><span class='ocrx_word' id='word_1_217' title='bbox 2061 1398 2271 1454; x_wconf 84' lang='lat' dir='ltr'><strong><em>Etenim</em></strong></span> <span class='ocrx_word' id='word_1_218' title='bbox 2286 1399 2441 1452; x_wconf 87' lang='lat' dir='ltr'><strong><em>homo</em></strong></span> <span class='ocrx_word' id='word_1_219' title='bbox 2463 1398 2612 1466; x_wconf 88' lang='lat' dir='ltr'><strong><em>pacis</em></strong></span> <span class='ocrx_word' id='word_1_220' title='bbox 2638 1412 2789 1463; x_wconf 75' lang='lat' dir='ltr'><strong><em>mete,</em></strong></span> <span class='ocrx_word' id='word_1_221' title='bbox 2822 1397 2878 1450; x_wconf 89' lang='lat' dir='ltr'><strong><em>in</em></strong></span> <span class='ocrx_word' id='word_1_222' title='bbox 2929 1412 3030 1466; x_wconf 88' lang='lat' dir='ltr'><strong><em>quo</em></strong></span> <span class='ocrx_word' id='word_1_223' title='bbox 3078 1395 3303 1463; x_wconf 77' lang='lat' dir='ltr'><strong><em>sperari,</em></strong></span> <span class='ocrx_word' id='word_1_224' title='bbox 3330 1396 3419 1465; x_wconf 85' lang='lat' dir='ltr'><strong><em>qui</em></strong></span> <span class='ocrx_word' id='word_1_225' title='bbox 3450 1394 3637 1450; x_wconf 83' lang='lat' dir='ltr'><strong><em>edebat</em></strong></span> 
     </span>
    </p>
   </div>
   <div class='ocr_carea' id='block_1_31' title="bbox 2056 1487 3632 1561">
    <p class='ocr_par' dir='ltr' id='par_1_31' title="bbox 2056 1487 3632 1561">
     <span class='ocr_line' id='line_1_31' title="bbox 2056 1487 3632 1561; baseline 0 -16"><span class='ocrx_word' id='word_1_226' title='bbox 2056 1506 2216 1560; x_wconf 87' lang='lat' dir='ltr'><strong><em>panes</em></strong></span> <span class='ocrx_word' id='word_1_227' title='bbox 2239 1507 2402 1555; x_wconf 89' lang='lat' dir='ltr'><strong><em>meos,</em></strong></span> <span class='ocrx_word' id='word_1_228' title='bbox 2429 1489 2789 1561; x_wconf 80' lang='lat' dir='ltr'><strong><em>magniﬁcavit</em></strong></span> <span class='ocrx_word' id='word_1_229' title='bbox 2828 1504 2985 1558; x_wconf 85' lang='lat' dir='ltr'><strong><em>super</em></strong></span> <span class='ocrx_word' id='word_1_230' title='bbox 3022 1503 3103 1541; x_wconf 88' lang='lat' dir='ltr'><strong><em>me</em></strong></span> <span class='ocrx_word' id='word_1_231' title='bbox 3130 1487 3632 1557; x_wconf 74' lang='lat' dir='ltr'><strong><em>supplantationem.</em></strong></span> 
     </span>
    </p>
   </div>
   <div class='ocr_carea' id='block_1_32' title="bbox 2058 1579 3635 1654">
    <p class='ocr_par' dir='ltr' id='par_1_32' title="bbox 2058 1579 3635 1654">
     <span class='ocr_line' id='line_1_32' title="bbox 2058 1579 3635 1654; baseline 0 -16"><span class='ocrx_word' id='word_1_232' title='bbox 2058 1584 2186 1639; x_wconf 65' lang='lat' dir='ltr'><strong><em>Haec</em></strong></span> <span class='ocrx_word' id='word_1_233' title='bbox 2221 1599 2384 1654; x_wconf 83' lang='lat' dir='ltr'><strong><em>porro</em></strong></span> <span class='ocrx_word' id='word_1_234' title='bbox 2429 1581 2637 1638; x_wconf 77' lang='lat' dir='ltr'><strong><em>dixisse</em></strong></span> <span class='ocrx_word' id='word_1_235' title='bbox 2684 1581 2946 1638; x_wconf 82' lang='lat' dir='ltr'><strong><em>scribitur</em></strong></span> <span class='ocrx_word' id='word_1_236' title='bbox 2987 1579 3236 1635; x_wconf 78' lang='lat' dir='ltr'><strong><em>Salvator</em></strong></span> <span class='ocrx_word' id='word_1_237' title='bbox 3268 1589 3323 1636; x_wconf 78' lang='lat' dir='ltr'><strong><em>et</em></strong></span> <span class='ocrx_word' id='word_1_238' title='bbox 3371 1580 3635 1639; x_wconf 78' lang='lat' dir='ltr'><strong><em>Dominus</em></strong></span> 
     </span>
    </p>
   </div>
   <div class='ocr_carea' id='block_1_33' title="bbox 2058 1672 3632 1745">
    <p class='ocr_par' dir='ltr' id='par_1_33' title="bbox 2058 1672 3632 1745">
     <span class='ocr_line' id='line_1_33' title="bbox 2058 1672 3632 1745; baseline -0.001 -13"><span class='ocrx_word' id='word_1_239' title='bbox 2058 1685 2245 1732; x_wconf 89' lang='lat' dir='ltr'><strong><em>noster</em></strong></span> <span class='ocrx_word' id='word_1_240' title='bbox 2281 1676 2336 1729; x_wconf 90' lang='lat' dir='ltr'><strong><em>in</em></strong></span> <span class='ocrx_word' id='word_1_241' title='bbox 2370 1674 2668 1745; x_wconf 75' lang='lat' dir='ltr'><strong><em>Evangelio</em></strong></span> <span class='ocrx_word' id='word_1_242' title='bbox 2724 1673 3027 1730; x_wconf 89' lang='lat' dir='ltr'><strong><em>secundum</em></strong></span> <span class='ocrx_word' id='word_1_243' title='bbox 3058 1672 3348 1739; x_wconf 67' lang='lat' dir='ltr'><strong><em>Joannem,</em></strong></span> <span class='ocrx_word' id='word_1_244' title='bbox 3381 1675 3537 1744; x_wconf 85' lang='lat' dir='ltr'><strong><em>quasi</em></strong></span> <span class='ocrx_word' id='word_1_245' title='bbox 3564 1691 3632 1730; x_wconf 79' lang='lat' dir='ltr'><strong><em>ex</em></strong></span> 
     </span>
    </p>
   </div>
   <div class='ocr_carea' id='block_1_34' title="bbox 2057 1767 3625 1843">
    <p class='ocr_par' dir='ltr' id='par_1_34' title="bbox 2057 1767 3625 1843">
     <span class='ocr_line' id='line_1_34' title="bbox 2057 1767 3625 1843; baseline -0.002 -18"><span class='ocrx_word' id='word_1_246' title='bbox 2057 1771 2278 1843; x_wconf 89' lang='lat' dir='ltr'><strong><em>propria</em></strong></span> <span class='ocrx_word' id='word_1_247' title='bbox 2332 1782 2567 1840; x_wconf 83' lang='lat' dir='ltr'><strong><em>persona</em></strong></span> <span class='ocrx_word' id='word_1_248' title='bbox 2627 1769 2708 1823; x_wconf 90' lang='lat' dir='ltr'><strong><em>sic</em></strong></span> <span class='ocrx_word' id='word_1_249' title='bbox 2769 1767 3070 1838; x_wconf 88' lang='lat' dir='ltr'><strong><em>discipulos</em></strong></span> <span class='ocrx_word' id='word_1_250' title='bbox 3114 1767 3625 1830; x_wconf 81' lang='lat' dir='ltr'><strong><em>allocutus:Amen,</em></strong></span> 
     </span>
    </p>
   </div>
   <div class='ocr_carea' id='block_1_35' title="bbox 2055 1851 3630 1929">
    <p class='ocr_par' dir='ltr' id='par_1_35' title="bbox 2055 1851 3630 1929">
     <span class='ocr_line' id='line_1_35' title="bbox 2055 1851 3630 1929; baseline -0.003 -11"><span class='ocrx_word' id='word_1_251' title='bbox 2055 1851 2227 1928; x_wconf 83' lang='lat' dir='ltr'><strong><em>amen,</em></strong></span> <span class='ocrx_word' id='word_1_252' title='bbox 2281 1860 2399 1916; x_wconf 85' lang='lat' dir='ltr'><strong><em>dico</em></strong></span> <span class='ocrx_word' id='word_1_253' title='bbox 2438 1860 2584 1915; x_wconf 84' lang='lat' dir='ltr'><strong><em>vobis</em></strong></span> <span class='ocrx_word' id='word_1_254' title='bbox 2611 1877 2629 1914; x_wconf 91' lang='lat'><strong><em>:</em></strong></span> <span class='ocrx_word' id='word_1_255' title='bbox 2667 1858 2792 1913; x_wconf 90' lang='lat' dir='ltr'><strong><em>Non</em></strong></span> <span class='ocrx_word' id='word_1_256' title='bbox 2836 1868 2913 1913; x_wconf 87' lang='lat' dir='ltr'><strong><em>est</em></strong></span> <span class='ocrx_word' id='word_1_257' title='bbox 2963 1874 3141 1913; x_wconf 78' lang='lat' dir='ltr'><strong><em>servus</em></strong></span> <span class='ocrx_word' id='word_1_258' title='bbox 3197 1861 3375 1929; x_wconf 87' lang='lat' dir='ltr'><strong><em>major</em></strong></span> <span class='ocrx_word' id='word_1_259' title='bbox 3415 1860 3630 1914; x_wconf 87' lang='lat' dir='ltr'><strong><em>domino</em></strong></span> 
     </span>
    </p>
   </div>
   <div class='ocr_carea' id='block_1_36' title="bbox 2053 1952 3633 2027">
    <p class='ocr_par' dir='ltr' id='par_1_36' title="bbox 2053 1952 3633 2027">
     <span class='ocr_line' id='line_1_36' title="bbox 2053 1952 3633 2027; baseline -0.003 -16"><span class='ocrx_word' id='word_1_260' title='bbox 2053 1973 2168 2020; x_wconf 85' lang='lat' dir='ltr'><strong><em>suo,</em></strong></span> <span class='ocrx_word' id='word_1_261' title='bbox 2201 1971 2363 2027; x_wconf 88' lang='lat' dir='ltr'><strong><em>neque</em></strong></span> <span class='ocrx_word' id='word_1_262' title='bbox 2387 1954 2658 2024; x_wconf 80' lang='lat' dir='ltr'><strong><em>apostolus</em></strong></span> <span class='ocrx_word' id='word_1_263' title='bbox 2690 1953 2863 2023; x_wconf 85' lang='lat' dir='ltr'><strong><em>major</em></strong></span> <span class='ocrx_word' id='word_1_264' title='bbox 2890 1962 2966 2007; x_wconf 88' lang='lat' dir='ltr'><strong><em>est</em></strong></span> <span class='ocrx_word' id='word_1_265' title='bbox 2988 1969 3048 2007; x_wconf 89' lang='lat' dir='ltr'><strong><em>eo</em></strong></span> <span class='ocrx_word' id='word_1_266' title='bbox 3067 1954 3158 2024; x_wconf 88' lang='lat' dir='ltr'><strong><em>qui</em></strong></span> <span class='ocrx_word' id='word_1_267' title='bbox 3191 1953 3337 2007; x_wconf 80' lang='lat' dir='ltr'><strong><em>misit</em></strong></span> <span class='ocrx_word' id='word_1_268' title='bbox 3362 1952 3536 2008; x_wconf 84' lang='lat' dir='ltr'><strong><em>illum.</em></strong></span> <span class='ocrx_word' id='word_1_269' title='bbox 3571 1953 3633 2008; x_wconf 86' lang='lat' dir='ltr'><strong><em>Si</em></strong></span> 
     </span>
    </p>
   </div>
   <div class='ocr_carea' id='block_1_37' title="bbox 375 2043 1940 2130">
    <p class='ocr_par' dir='ltr' id='par_1_37' title="bbox 375 2055 1940 2130">
     <span class='ocr_line' id='line_1_37' title="bbox 375 2055 1940 2130; baseline -0.004 -14"><span class='ocrx_word' id='word_1_270' title='bbox 375 2061 484 2116; x_wconf 90' lang='grc' dir='ltr'><strong><em>τοῦ</em></strong></span> <span class='ocrx_word' id='word_1_271' title='bbox 526 2062 737 2130; x_wconf 79' lang='grc' dir='ltr'>κυρίου</span> <span class='ocrx_word' id='word_1_272' title='bbox 774 2059 981 2125; x_wconf 85' lang='grc' dir='ltr'>αὐτοῦ,</span> <span class='ocrx_word' id='word_1_273' title='bbox 1022 2059 1165 2114; x_wconf 81' lang='grc' dir='ltr'><strong><em>οὐδὲ</em></strong></span> <span class='ocrx_word' id='word_1_274' title='bbox 1202 2060 1547 2125; x_wconf 79' lang='grc' dir='ltr'>ἀπόστολος</span> <span class='ocrx_word' id='word_1_275' title='bbox 1581 2056 1794 2128; x_wconf 79' lang='grc' dir='ltr'>μείζων</span> <span class='ocrx_word' id='word_1_276' title='bbox 1841 2055 1940 2110; x_wconf 82' lang='grc' dir='ltr'><strong><em>τοῦ</em></strong></span> 
     </span>
    </p>
   </div>
   <div class='ocr_carea' id='block_1_38' title="bbox 2042 2043 3637 2130">
    <p class='ocr_par' dir='ltr' id='par_1_38' title="bbox 2048 2043 3637 2115">
     <span class='ocr_line' id='line_1_38' title="bbox 2048 2043 3637 2115; baseline -0.003 -14"><span class='ocrx_word' id='word_1_277' title='bbox 2048 2048 2158 2103; x_wconf 75' lang='lat' dir='ltr'><strong><em>lucc</em></strong></span> <span class='ocrx_word' id='word_1_278' title='bbox 2182 2050 2351 2113; x_wconf 87' lang='lat' dir='ltr'><strong><em>scitis,</em></strong></span> <span class='ocrx_word' id='word_1_279' title='bbox 2393 2047 2533 2102; x_wconf 87' lang='lat' dir='ltr'><strong><em>beati</em></strong></span> <span class='ocrx_word' id='word_1_280' title='bbox 2569 2048 2720 2101; x_wconf 85' lang='lat' dir='ltr'><strong><em>eritis</em></strong></span> <span class='ocrx_word' id='word_1_281' title='bbox 2770 2062 2890 2100; x_wconf 89' lang='lat' dir='ltr'><strong><em>cum</em></strong></span> <span class='ocrx_word' id='word_1_282' title='bbox 2906 2045 3134 2115; x_wconf 84' lang='lat' dir='ltr'><strong><em>feceritis</em></strong></span> <span class='ocrx_word' id='word_1_283' title='bbox 3158 2061 3241 2103; x_wconf 91' lang='lat' dir='ltr'><strong><em>ea.</em></strong></span> <span class='ocrx_word' id='word_1_284' title='bbox 3276 2043 3403 2100; x_wconf 78' lang='lat' dir='ltr'><strong><em>Non</em></strong></span> <span class='ocrx_word' id='word_1_285' title='bbox 3430 2045 3495 2100; x_wconf 90' lang='lat' dir='ltr'><strong><em>de</em></strong></span> <span class='ocrx_word' id='word_1_286' title='bbox 3523 2062 3637 2099; x_wconf 87' lang='lat' dir='ltr'><strong><em>om-</em></strong></span> 
     </span>
    </p>
   </div>
   <div class='ocr_carea' id='block_1_39' title="bbox 373 2146 1947 2222">
    <p class='ocr_par' dir='ltr' id='par_1_39' title="bbox 373 2146 1947 2222">
     <span class='ocr_line' id='line_1_39' title="bbox 373 2146 1947 2222; baseline -0.002 -16"><span class='ocrx_word' id='word_1_287' title='bbox 373 2151 723 2222; x_wconf 70' lang='grc' dir='ltr'>πέμψαντος</span> <span class='ocrx_word' id='word_1_288' title='bbox 742 2152 946 2205; x_wconf 85' lang='grc' dir='ltr'>αὐτόν.</span> <span class='ocrx_word' id='word_1_289' title='bbox 967 2153 1037 2205; x_wconf 81' lang='lat' dir='ltr'><em>El</em></span> <span class='ocrx_word' id='word_1_290' title='bbox 1061 2151 1249 2205; x_wconf 84' lang='grc' dir='ltr'>ταῦτα</span> <span class='ocrx_word' id='word_1_291' title='bbox 1273 2150 1491 2215; x_wconf 73' lang='grc' dir='ltr'>οἴδατε,</span> <span class='ocrx_word' id='word_1_292' title='bbox 1510 2146 1792 2218; x_wconf 83' lang='grc' dir='ltr'>μακάριοί</span> <span class='ocrx_word' id='word_1_293' title='bbox 1807 2148 1947 2203; x_wconf 81' lang='grc' dir='ltr'>ἐστε</span> 
     </span>
    </p>
   </div>
   <div class='ocr_carea' id='block_1_40' title="bbox 373 2239 1949 2315">
    <p class='ocr_par' dir='ltr' id='par_1_40' title="bbox 373 2239 1949 2315">
     <span class='ocr_line' id='line_1_40' title="bbox 373 2239 1949 2315; baseline -0.001 -19"><span class='ocrx_word' id='word_1_294' title='bbox 373 2242 522 2298; x_wconf 85' lang='grc' dir='ltr'>ὅταν</span> <span class='ocrx_word' id='word_1_295' title='bbox 543 2242 759 2296; x_wconf 76' lang='grc' dir='ltr'>ποιεῖτε</span> <span class='ocrx_word' id='word_1_296' title='bbox 786 2243 861 2315; x_wconf 76' lang='grc'><strong><em>(1)</em></strong></span> <span class='ocrx_word' id='word_1_297' title='bbox 911 2241 1082 2298; x_wconf 85' lang='grc' dir='ltr'>αὐτά.</span> <span class='ocrx_word' id='word_1_298' title='bbox 1132 2244 1214 2297; x_wconf 82' lang='grc' dir='ltr'><strong><em>Οὐ</em></strong></span> <span class='ocrx_word' id='word_1_299' title='bbox 1247 2241 1378 2311; x_wconf 78' lang='grc' dir='ltr'>περὶ</span> <span class='ocrx_word' id='word_1_300' title='bbox 1418 2239 1659 2295; x_wconf 87' lang='grc' dir='ltr'>πάντων</span> <span class='ocrx_word' id='word_1_301' title='bbox 1692 2239 1831 2311; x_wconf 83' lang='grc' dir='ltr'>ὑμῖν</span> <span class='ocrx_word' id='word_1_302' title='bbox 1850 2240 1949 2297; x_wconf 79' lang='grc' dir='ltr'><strong><em>λέο</em></strong></span> 
     </span>
    </p>
   </div>
   <div class='ocr_carea' id='block_1_41' title="bbox 372 2332 1946 2407">
    <p class='ocr_par' dir='ltr' id='par_1_41' title="bbox 372 2332 1946 2407">
     <span class='ocr_line' id='line_1_41' title="bbox 372 2332 1946 2407; baseline 0.001 -19"><span class='ocrx_word' id='word_1_303' title='bbox 372 2354 484 2407; x_wconf 85' lang='grc' dir='ltr'><strong><em>τω·</em></strong></span> <span class='ocrx_word' id='word_1_304' title='bbox 519 2335 632 2407; x_wconf 79' lang='grc' dir='ltr'>ἐγὼ</span> <span class='ocrx_word' id='word_1_305' title='bbox 660 2333 793 2391; x_wconf 79' lang='grc' dir='ltr'>οῖδα</span> <span class='ocrx_word' id='word_1_306' title='bbox 821 2335 928 2403; x_wconf 83' lang='grc' dir='ltr'>οὓς</span> <span class='ocrx_word' id='word_1_307' title='bbox 948 2334 1320 2404; x_wconf 74' lang='grc' dir='ltr'><strong><em>ἐξελεξάμην</em></strong></span> <span class='ocrx_word' id='word_1_308' title='bbox 1340 2352 1353 2365; x_wconf 81' lang='lat'><strong>&#39;</strong></span> <span class='ocrx_word' id='word_1_309' title='bbox 1382 2334 1520 2390; x_wconf 84' lang='grc' dir='ltr'>ἀλλ’</span> <span class='ocrx_word' id='word_1_310' title='bbox 1550 2334 1650 2388; x_wconf 78' lang='grc' dir='ltr'>ἵνα</span> <span class='ocrx_word' id='word_1_311' title='bbox 1674 2334 1713 2402; x_wconf 83' lang='grc' dir='ltr'><strong><em>ή</em></strong></span> <span class='ocrx_word' id='word_1_312' title='bbox 1734 2332 1946 2402; x_wconf 64' lang='grc' dir='ltr'>Γραφὴ</span> 
     </span>
    </p>
   </div>
   <div class='ocr_carea' id='block_1_42' title="bbox 372 2423 1947 2497">
    <p class='ocr_par' dir='ltr' id='par_1_42' title="bbox 372 2423 1947 2497">
     <span class='ocr_line' id='line_1_42' title="bbox 372 2423 1947 2497; baseline -0.001 -17"><span class='ocrx_word' id='word_1_313' title='bbox 372 2425 689 2495; x_wconf 74' lang='grc' dir='ltr'>πληρωθῇ·</span> <span class='ocrx_word' id='word_1_314' title='bbox 726 2427 778 2479; x_wconf 90' lang='lat'><strong><em>&#39;0</em></strong></span> <span class='ocrx_word' id='word_1_315' title='bbox 806 2426 1040 2497; x_wconf 74' lang='grc' dir='ltr'>τρώγων</span> <span class='ocrx_word' id='word_1_316' title='bbox 1059 2444 1179 2496; x_wconf 88' lang='grc' dir='ltr'><strong><em>μου</em></strong></span> <span class='ocrx_word' id='word_1_317' title='bbox 1211 2424 1318 2480; x_wconf 86' lang='grc' dir='ltr'>τὸν</span> <span class='ocrx_word' id='word_1_318' title='bbox 1358 2425 1543 2494; x_wconf 79' lang='grc' dir='ltr'>ἄρτον</span> <span class='ocrx_word' id='word_1_319' title='bbox 1591 2423 1814 2494; x_wconf 85' lang='grc' dir='ltr'>ἐπῆρεν</span> <span class='ocrx_word' id='word_1_320' title='bbox 1853 2425 1947 2478; x_wconf 80' lang='grc' dir='ltr'><strong><em>ἐπ’</em></strong></span> 
     </span>
    </p>
   </div>
   <div class='ocr_carea' id='block_1_43' title="bbox 371 2514 1947 2589">
    <p class='ocr_par' dir='ltr' id='par_1_43' title="bbox 371 2514 1947 2589">
     <span class='ocr_line' id='line_1_43' title="bbox 371 2514 1947 2589; baseline -0.002 -18"><span class='ocrx_word' id='word_1_321' title='bbox 371 2517 477 2587; x_wconf 79' lang='grc' dir='ltr'><strong><em>ἐμὲ</em></strong></span> <span class='ocrx_word' id='word_1_322' title='bbox 497 2515 762 2585; x_wconf 84' lang='grc' dir='ltr'>πτέρναν</span> <span class='ocrx_word' id='word_1_323' title='bbox 802 2516 1008 2572; x_wconf 81' lang='grc' dir='ltr'>αὑτοῦ.</span> <span class='ocrx_word' id='word_1_324' title='bbox 1048 2517 1214 2589; x_wconf 79' lang='grc' dir='ltr'>Ἀλλη</span> <span class='ocrx_word' id='word_1_325' title='bbox 1241 2516 1297 2569; x_wconf 81' lang='grc' dir='ltr'><strong><em>δὲ</em></strong></span> <span class='ocrx_word' id='word_1_326' title='bbox 1320 2515 1509 2588; x_wconf 82' lang='grc' dir='ltr'>Γραφὴ</span> <span class='ocrx_word' id='word_1_327' title='bbox 1540 2514 1696 2568; x_wconf 88' lang='grc' dir='ltr'>τοῦτο</span> <span class='ocrx_word' id='word_1_328' title='bbox 1727 2516 1947 2587; x_wconf 81' lang='grc' dir='ltr'>φήσασα</span> 
     </span>
    </p>
   </div>
   <div class='ocr_carea' id='block_1_44' title="bbox 369 2600 1942 2684">
    <p class='ocr_par' dir='ltr' id='par_1_44' title="bbox 369 2600 1942 2684">
     <span class='ocr_line' id='line_1_44' title="bbox 369 2600 1942 2684; baseline -0.003 -19"><span class='ocrx_word' id='word_1_329' title='bbox 369 2611 470 2683; x_wconf 82' lang='grc' dir='ltr'><strong><em>οὐχ</em></strong></span> <span class='ocrx_word' id='word_1_330' title='bbox 506 2612 840 2684; x_wconf 86' lang='grc' dir='ltr'>εὑρίσκεται,</span> <span class='ocrx_word' id='word_1_331' title='bbox 884 2611 1019 2681; x_wconf 87' lang='grc' dir='ltr'>μόνη</span> <span class='ocrx_word' id='word_1_332' title='bbox 1045 2610 1102 2663; x_wconf 81' lang='grc' dir='ltr'><strong><em>δὲ</em></strong></span> <span class='ocrx_word' id='word_1_333' title='bbox 1125 2611 1158 2681; x_wconf 80' lang='grc' dir='ltr'>ἡ</span> <span class='ocrx_word' id='word_1_334' title='bbox 1201 2608 1471 2680; x_wconf 87' lang='grc' dir='ltr'>παροῦσα,</span> <span class='ocrx_word' id='word_1_335' title='bbox 1502 2609 1567 2661; x_wconf 91' lang='grc' dir='ltr'>δι’</span> <span class='ocrx_word' id='word_1_336' title='bbox 1594 2600 1663 2681; x_wconf 85' lang='grc' dir='ltr'>ἦς</span> <span class='ocrx_word' id='word_1_337' title='bbox 1689 2605 1903 2679; x_wconf 81' lang='grc' dir='ltr'>εἴρηται</span> <span class='ocrx_word' id='word_1_338' title='bbox 1927 2622 1942 2637; x_wconf 74' lang='grc' dir='ltr'><strong>ο</strong></span> 
     </span>
    </p>
   </div>
   <div class='ocr_carea' id='block_1_45' title="bbox 382 2698 1944 2772">
    <p class='ocr_par' dir='ltr' id='par_1_45' title="bbox 382 2698 1944 2772">
     <span class='ocr_line' id='line_1_45' title="bbox 382 2698 1944 2772; baseline -0.003 -16"><span class='ocrx_word' id='word_1_339' title='bbox 382 2703 438 2756; x_wconf 85' lang='lat'><strong><em>&#39;0</em></strong></span> <span class='ocrx_word' id='word_1_340' title='bbox 468 2703 689 2759; x_wconf 77' lang='grc' dir='ltr'>ἐσθίων</span> <span class='ocrx_word' id='word_1_341' title='bbox 717 2703 899 2772; x_wconf 80' lang='grc' dir='ltr'>ἄρτον</span> <span class='ocrx_word' id='word_1_342' title='bbox 924 2719 1044 2770; x_wconf 85' lang='grc' dir='ltr'><strong><em>μου</em></strong></span> <span class='ocrx_word' id='word_1_343' title='bbox 1091 2700 1462 2771; x_wconf 76' lang='grc' dir='ltr'><strong><em>ἐμεγάλυνεν</em></strong></span> <span class='ocrx_word' id='word_1_344' title='bbox 1488 2700 1580 2753; x_wconf 83' lang='grc' dir='ltr'><strong><em>ἐπ’</em></strong></span> <span class='ocrx_word' id='word_1_345' title='bbox 1628 2698 1733 2770; x_wconf 83' lang='grc' dir='ltr'><strong><em>ἐμὲ</em></strong></span> <span class='ocrx_word' id='word_1_346' title='bbox 1771 2711 1944 2767; x_wconf 76' lang='grc' dir='ltr'>πτερ-</span> 
     </span>
    </p>
   </div>
   <div class='ocr_carea' id='block_1_46' title="bbox 369 2790 1946 2865">
    <p class='ocr_par' dir='ltr' id='par_1_46' title="bbox 369 2790 1946 2865">
     <span class='ocr_line' id='line_1_46' title="bbox 369 2790 1946 2865; baseline -0.003 -15"><span class='ocrx_word' id='word_1_347' title='bbox 369 2797 609 2865; x_wconf 84' lang='grc' dir='ltr'>νισμόν.</span> <span class='ocrx_word' id='word_1_348' title='bbox 650 2796 788 2865; x_wconf 85' lang='grc' dir='ltr'>’Ὠρα</span> <span class='ocrx_word' id='word_1_349' title='bbox 814 2792 1100 2862; x_wconf 81' lang='grc' dir='ltr'>τοιγαροῦν</span> <span class='ocrx_word' id='word_1_350' title='bbox 1129 2793 1209 2855; x_wconf 90' lang='grc' dir='ltr'><strong><em>εἰς</em></strong></span> <span class='ocrx_word' id='word_1_351' title='bbox 1239 2791 1301 2844; x_wconf 84' lang='grc' dir='ltr'>τὸ</span> <span class='ocrx_word' id='word_1_352' title='bbox 1347 2790 1512 2844; x_wconf 82' lang='grc' dir='ltr'>αὑτοῦ</span> <span class='ocrx_word' id='word_1_353' title='bbox 1558 2792 1845 2860; x_wconf 83' lang='grc' dir='ltr'>πρόσωπον</span> <span class='ocrx_word' id='word_1_354' title='bbox 1875 2791 1946 2845; x_wconf 74' lang='grc' dir='ltr'>τὰ</span> 
     </span>
    </p>
   </div>
   <div class='ocr_carea' id='block_1_47' title="bbox 370 2882 1944 2956">
    <p class='ocr_par' dir='ltr' id='par_1_47' title="bbox 370 2882 1944 2956">
     <span class='ocr_line' id='line_1_47' title="bbox 370 2882 1944 2956; baseline 0 -18"><span class='ocrx_word' id='word_1_355' title='bbox 370 2887 724 2956; x_wconf 82' lang='grc' dir='ltr'>ἐμφερόμενα</span> <span class='ocrx_word' id='word_1_356' title='bbox 755 2884 831 2954; x_wconf 80' lang='grc' dir='ltr'>τῷ</span> <span class='ocrx_word' id='word_1_357' title='bbox 860 2882 1056 2954; x_wconf 77' lang='grc' dir='ltr'>ψαλμῷ</span> <span class='ocrx_word' id='word_1_358' title='bbox 1083 2884 1159 2946; x_wconf 84' lang='grc' dir='ltr'>ὡς</span> <span class='ocrx_word' id='word_1_359' title='bbox 1189 2883 1255 2937; x_wconf 84' lang='grc' dir='ltr'>ἂν</span> <span class='ocrx_word' id='word_1_360' title='bbox 1281 2883 1633 2954; x_wconf 81' lang='grc' dir='ltr'>προφητικῶς</span> <span class='ocrx_word' id='word_1_361' title='bbox 1680 2886 1944 2956; x_wconf 74' lang='grc' dir='ltr'>εἰρημένα</span> 
     </span>
    </p>
   </div>
   <div class='ocr_carea' id='block_1_48' title="bbox 370 2971 1942 3044">
    <p class='ocr_par' dir='ltr' id='par_1_48' title="bbox 370 2971 1942 3044">
     <span class='ocr_line' id='line_1_48' title="bbox 370 2971 1942 3044; baseline 0.001 -18"><span class='ocrx_word' id='word_1_362' title='bbox 370 2975 640 3028; x_wconf 80' lang='grc' dir='ltr'>ἐκλαϐεῖν.</span> <span class='ocrx_word' id='word_1_363' title='bbox 676 2973 767 3025; x_wconf 75' lang='grc' dir='ltr'><strong><em>Διὸ</em></strong></span> <span class='ocrx_word' id='word_1_364' title='bbox 794 2973 888 3028; x_wconf 71' lang='grc' dir='ltr'>καὶ</span> <span class='ocrx_word' id='word_1_365' title='bbox 914 2976 1002 3039; x_wconf 79' lang='grc' dir='ltr'>εἰς</span> <span class='ocrx_word' id='word_1_366' title='bbox 1031 2973 1097 3025; x_wconf 84' lang='grc' dir='ltr'>τὸ</span> <span class='ocrx_word' id='word_1_367' title='bbox 1120 2971 1298 3039; x_wconf 85' lang='grc' dir='ltr'>τέλος</span> <span class='ocrx_word' id='word_1_368' title='bbox 1339 2972 1737 3044; x_wconf 77' lang='grc' dir='ltr'>ἐπιγέγραπται</span> <span class='ocrx_word' id='word_1_369' title='bbox 1760 3015 1775 3039; x_wconf 92' lang='grc'><strong><em>,</em></strong></span> <span class='ocrx_word' id='word_1_370' title='bbox 1808 2976 1942 3027; x_wconf 87' lang='grc' dir='ltr'>ἀνα-</span> 
     </span>
    </p>
   </div>
   <div class='ocr_carea' id='block_1_49' title="bbox 370 3060 1943 3133">
    <p class='ocr_par' dir='ltr' id='par_1_49' title="bbox 370 3060 1943 3133">
     <span class='ocr_line' id='line_1_49' title="bbox 370 3060 1943 3133; baseline 0.003 -20"><span class='ocrx_word' id='word_1_371' title='bbox 370 3062 659 3132; x_wconf 86' lang='grc' dir='ltr'>πέμποντα</span> <span class='ocrx_word' id='word_1_372' title='bbox 690 3064 837 3133; x_wconf 73' lang='grc' dir='ltr'>ἡμᾶς</span> <span class='ocrx_word' id='word_1_373' title='bbox 868 3062 985 3133; x_wconf 77' lang='grc' dir='ltr'>ἦτοι</span> <span class='ocrx_word' id='word_1_374' title='bbox 1008 3060 1101 3115; x_wconf 76' lang='grc' dir='ltr'>ἐπὶ</span> <span class='ocrx_word' id='word_1_375' title='bbox 1131 3063 1230 3133; x_wconf 81' lang='grc' dir='ltr'>τὴν</span> <span class='ocrx_word' id='word_1_376' title='bbox 1271 3061 1579 3117; x_wconf 82' lang='grc' dir='ltr'>συντέλειαν</span> <span class='ocrx_word' id='word_1_377' title='bbox 1619 3063 1713 3117; x_wconf 89' lang='grc' dir='ltr'><strong><em>τοῦ</em></strong></span> <span class='ocrx_word' id='word_1_378' title='bbox 1750 3065 1943 3129; x_wconf 73' lang='grc' dir='ltr'>αἰῶνος</span> 
     </span>
    </p>
   </div>
   <div class='ocr_carea' id='block_1_50' title="bbox 368 3152 1944 3227">
    <p class='ocr_par' dir='ltr' id='par_1_50' title="bbox 368 3152 1944 3227">
     <span class='ocr_line' id='line_1_50' title="bbox 368 3152 1944 3227; baseline 0.003 -22"><span class='ocrx_word' id='word_1_379' title='bbox 368 3152 491 3205; x_wconf 84' lang='grc' dir='ltr'>καθ’</span> <span class='ocrx_word' id='word_1_380' title='bbox 517 3154 582 3222; x_wconf 79' lang='grc' dir='ltr'>ἢν</span> <span class='ocrx_word' id='word_1_381' title='bbox 613 3153 915 3225; x_wconf 79' lang='grc' dir='ltr'>ἐπληροῦτο</span> <span class='ocrx_word' id='word_1_382' title='bbox 946 3154 1015 3208; x_wconf 85' lang='grc' dir='ltr'><strong><em>τὰ</em></strong></span> <span class='ocrx_word' id='word_1_383' title='bbox 1043 3156 1528 3227; x_wconf 80' lang='grc' dir='ltr'>ἀναγεγραμμένα,</span> <span class='ocrx_word' id='word_1_384' title='bbox 1564 3156 1597 3227; x_wconf 78' lang='grc' dir='ltr'>ἢ</span> <span class='ocrx_word' id='word_1_385' title='bbox 1631 3157 1724 3209; x_wconf 71' lang='grc' dir='ltr'>ἐπὶ</span> <span class='ocrx_word' id='word_1_386' title='bbox 1756 3158 1825 3212; x_wconf 81' lang='grc' dir='ltr'><strong><em>τὰ</em></strong></span> <span class='ocrx_word' id='word_1_387' title='bbox 1855 3173 1944 3209; x_wconf 85' lang='grc' dir='ltr'>τε-</span> 
     </span>
    </p>
   </div>
   <div class='ocr_carea' id='block_1_51' title="bbox 368 3245 1940 3323">
    <p class='ocr_par' dir='ltr' id='par_1_51' title="bbox 368 3245 1940 3323">
     <span class='ocr_line' id='line_1_51' title="bbox 368 3245 1940 3323; baseline 0.005 -26"><span class='ocrx_word' id='word_1_388' title='bbox 368 3245 590 3299; x_wconf 84' lang='grc' dir='ltr'>λευταῖα</span> <span class='ocrx_word' id='word_1_389' title='bbox 625 3245 732 3301; x_wconf 77' lang='grc' dir='ltr'><strong><em>τῶν</em></strong></span> <span class='ocrx_word' id='word_1_390' title='bbox 764 3246 852 3300; x_wconf 84' lang='grc' dir='ltr'>διὰ</span> <span class='ocrx_word' id='word_1_391' title='bbox 874 3247 968 3301; x_wconf 89' lang='grc' dir='ltr'><strong><em>τοῦ</em></strong></span> <span class='ocrx_word' id='word_1_392' title='bbox 993 3247 1210 3321; x_wconf 78' lang='grc' dir='ltr'>ψαλμοῦ</span> <span class='ocrx_word' id='word_1_393' title='bbox 1237 3249 1599 3321; x_wconf 86' lang='grc' dir='ltr'>δηλουμένων.</span> <span class='ocrx_word' id='word_1_394' title='bbox 1626 3252 1690 3304; x_wconf 85' lang='lat' dir='ltr'><strong><em>Ei</em></strong></span> <span class='ocrx_word' id='word_1_395' title='bbox 1726 3252 1824 3323; x_wconf 82' lang='grc' dir='ltr'>μὲν</span> <span class='ocrx_word' id='word_1_396' title='bbox 1846 3247 1940 3305; x_wconf 83' lang='grc' dir='ltr'><strong><em>οῦν</em></strong></span> 
     </span>
    </p>
   </div>
   <div class='ocr_carea' id='block_1_52' title="bbox 364 3335 1939 3416">
    <p class='ocr_par' dir='ltr' id='par_1_52' title="bbox 364 3335 1939 3416">
     <span class='ocr_line' id='line_1_52' title="bbox 364 3335 1939 3416; baseline 0.005 -26"><span class='ocrx_word' id='word_1_397' title='bbox 364 3336 460 3390; x_wconf 80' lang='grc' dir='ltr'><strong><em>ἐπὶ</em></strong></span> <span class='ocrx_word' id='word_1_398' title='bbox 494 3335 588 3389; x_wconf 89' lang='grc' dir='ltr'><strong><em>τοῦ</em></strong></span> <span class='ocrx_word' id='word_1_399' title='bbox 636 3338 887 3411; x_wconf 79' lang='grc' dir='ltr'>Σωτῆρος</span> <span class='ocrx_word' id='word_1_400' title='bbox 928 3341 1249 3414; x_wconf 76' lang='grc' dir='ltr'>ἀναφέροιτο</span> <span class='ocrx_word' id='word_1_401' title='bbox 1285 3343 1357 3397; x_wconf 73' lang='grc' dir='ltr'><strong><em>τὰ</em></strong></span> <span class='ocrx_word' id='word_1_402' title='bbox 1383 3345 1738 3416; x_wconf 88' lang='grc' dir='ltr'>προκείμενα,</span> <span class='ocrx_word' id='word_1_403' title='bbox 1765 3344 1939 3409; x_wconf 81' lang='grc' dir='ltr'>εἴποις</span> 
     </span>
    </p>
   </div>
   <div class='ocr_carea' id='block_1_53' title="bbox 362 3423 1937 3505">
    <p class='ocr_par' dir='ltr' id='par_1_53' title="bbox 362 3423 1937 3505">
     <span class='ocr_line' id='line_1_53' title="bbox 362 3423 1937 3505; baseline 0.006 -26"><span class='ocrx_word' id='word_1_404' title='bbox 362 3423 431 3480; x_wconf 75' lang='grc' dir='ltr'>ἂν</span> <span class='ocrx_word' id='word_1_405' title='bbox 460 3427 857 3499; x_wconf 72' lang='grc' dir='ltr'>μακαρίζεσθαι</span> <span class='ocrx_word' id='word_1_406' title='bbox 874 3430 964 3483; x_wconf 87' lang='grc' dir='ltr'>τὸν</span> <span class='ocrx_word' id='word_1_407' title='bbox 980 3431 1278 3503; x_wconf 81' lang='grc' dir='ltr'>δυνάμενον</span> <span class='ocrx_word' id='word_1_408' title='bbox 1303 3434 1544 3488; x_wconf 84' lang='grc' dir='ltr'>συνιέναι</span> <span class='ocrx_word' id='word_1_409' title='bbox 1571 3433 1637 3487; x_wconf 86' lang='grc' dir='ltr'>δι’</span> <span class='ocrx_word' id='word_1_410' title='bbox 1660 3435 1726 3505; x_wconf 82' lang='grc' dir='ltr'>ἣν</span> <span class='ocrx_word' id='word_1_411' title='bbox 1757 3433 1937 3489; x_wconf 74' lang='grc' dir='ltr'>αἰτίαν</span> 
     </span>
    </p>
   </div>
   <div class='ocr_carea' id='block_1_54' title="bbox 359 3519 1934 3597">
    <p class='ocr_par' dir='ltr' id='par_1_54' title="bbox 359 3519 1934 3597">
     <span class='ocr_line' id='line_1_54' title="bbox 359 3519 1934 3597; baseline 0.005 -23"><span class='ocrx_word' id='word_1_412' title='bbox 359 3519 617 3593; x_wconf 84' lang='grc' dir='ltr'>ἀνείληφε</span> <span class='ocrx_word' id='word_1_413' title='bbox 644 3521 712 3574; x_wconf 78' lang='grc' dir='ltr'><strong><em>δι’</em></strong></span> <span class='ocrx_word' id='word_1_414' title='bbox 744 3524 893 3593; x_wconf 79' lang='grc' dir='ltr'>ἡμᾶς</span> <span class='ocrx_word' id='word_1_415' title='bbox 922 3525 1217 3595; x_wconf 88' lang='grc' dir='ltr'>πτωχείαν.</span> <span class='ocrx_word' id='word_1_416' title='bbox 1242 3527 1361 3579; x_wconf 87' lang='grc' dir='ltr'>Ἔτι</span> <span class='ocrx_word' id='word_1_417' title='bbox 1377 3525 1488 3597; x_wconf 80' lang='grc' dir='ltr'>γὰρ</span> <span class='ocrx_word' id='word_1_418' title='bbox 1513 3529 1809 3594; x_wconf 84' lang='grc' dir='ltr'>πλούσιος</span> <span class='ocrx_word' id='word_1_419' title='bbox 1829 3526 1934 3591; x_wconf 85' lang='grc' dir='ltr'>ὢν,</span> 
     </span>
    </p>
   </div>
   <div class='ocr_carea' id='block_1_55' title="bbox 359 3609 1937 3687">
    <p class='ocr_par' dir='ltr' id='par_1_55' title="bbox 359 3609 1937 3687">
     <span class='ocr_line' id='line_1_55' title="bbox 359 3609 1937 3687; baseline 0.006 -23"><span class='ocrx_word' id='word_1_420' title='bbox 359 3609 436 3665; x_wconf 82' lang='grc' dir='ltr'><strong><em>δι’</em></strong></span> <span class='ocrx_word' id='word_1_421' title='bbox 460 3611 617 3682; x_wconf 73' lang='grc' dir='ltr'>ἡμᾶς</span> <span class='ocrx_word' id='word_1_422' title='bbox 648 3612 1052 3681; x_wconf 85' lang='grc' dir='ltr'>ἐπτώχευσεν,</span> <span class='ocrx_word' id='word_1_423' title='bbox 1089 3616 1191 3669; x_wconf 73' lang='grc' dir='ltr'>ἵνα</span> <span class='ocrx_word' id='word_1_424' title='bbox 1216 3615 1388 3686; x_wconf 80' lang='grc' dir='ltr'><strong><em>ἡμεῖς</em></strong></span> <span class='ocrx_word' id='word_1_425' title='bbox 1430 3616 1506 3687; x_wconf 76' lang='grc' dir='ltr'>τῇ</span> <span class='ocrx_word' id='word_1_426' title='bbox 1550 3619 1735 3673; x_wconf 85' lang='grc' dir='ltr'>αὑτοῦ</span> <span class='ocrx_word' id='word_1_427' title='bbox 1786 3634 1937 3673; x_wconf 87' lang='grc' dir='ltr'>πτω-</span> 
     </span>
    </p>
   </div>
   <div class='ocr_carea' id='block_1_56' title="bbox 358 3701 1937 3777">
    <p class='ocr_par' dir='ltr' id='par_1_56' title="bbox 358 3701 1937 3777">
     <span class='ocr_line' id='line_1_56' title="bbox 358 3701 1937 3777; baseline 0.006 -24"><span class='ocrx_word' id='word_1_428' title='bbox 358 3701 495 3770; x_wconf 76' lang='grc' dir='ltr'>χείᾳ.</span> <span class='ocrx_word' id='word_1_429' title='bbox 514 3701 951 3772; x_wconf 87' lang='grc' dir='ltr'>πλουτήσωμεν</span> <span class='ocrx_word' id='word_1_430' title='bbox 966 3721 980 3733; x_wconf 68' lang='grc'><strong>⁸</strong></span> <span class='ocrx_word' id='word_1_431' title='bbox 1016 3705 1113 3757; x_wconf 83' lang='grc' dir='ltr'>Ἐν</span> <span class='ocrx_word' id='word_1_432' title='bbox 1125 3705 1330 3776; x_wconf 75' lang='grc' dir='ltr'>μορφῇ</span> <span class='ocrx_word' id='word_1_433' title='bbox 1352 3712 1435 3760; x_wconf 76' lang='grc' dir='ltr'><strong><em>το</em></strong></span> <span class='ocrx_word' id='word_1_434' title='bbox 1457 3707 1605 3761; x_wconf 86' lang='grc' dir='ltr'>Θεοῦ</span> <span class='ocrx_word' id='word_1_435' title='bbox 1647 3707 1937 3777; x_wconf 79' lang='grc' dir='ltr'>ὑπάρχων</span> 
     </span>
    </p>
   </div>
   <div class='ocr_carea' id='block_1_57' title="bbox 356 3791 1936 3868">
    <p class='ocr_par' dir='ltr' id='par_1_57' title="bbox 356 3791 1936 3868">
     <span class='ocr_line' id='line_1_57' title="bbox 356 3791 1936 3868; baseline 0.003 -21"><span class='ocrx_word' id='word_1_436' title='bbox 356 3791 658 3847; x_wconf 80' lang='grc' dir='ltr'>ἐκένωσεν</span> <span class='ocrx_word' id='word_1_437' title='bbox 679 3793 916 3858; x_wconf 84' lang='grc' dir='ltr'>ἑαυτὸν,</span> <span class='ocrx_word' id='word_1_438' title='bbox 939 3795 1182 3865; x_wconf 65' lang='grc' dir='ltr'>μορφὴν</span> <span class='ocrx_word' id='word_1_439' title='bbox 1212 3798 1436 3852; x_wconf 86' lang='grc' dir='ltr'>δούλου</span> <span class='ocrx_word' id='word_1_440' title='bbox 1473 3798 1674 3853; x_wconf 80' lang='grc' dir='ltr'>λαϐὼν</span> <span class='ocrx_word' id='word_1_441' title='bbox 1696 3839 1711 3864; x_wconf 92' lang='grc'><strong><em>,</em></strong></span> <span class='ocrx_word' id='word_1_442' title='bbox 1748 3799 1936 3868; x_wconf 69' lang='grc' dir='ltr'>σαφῶς</span> 
     </span>
    </p>
   </div>
   <div class='ocr_carea' id='block_1_58' title="bbox 359 3881 1935 3951">
    <p class='ocr_par' dir='ltr' id='par_1_58' title="bbox 359 3881 1935 3951">
     <span class='ocr_line' id='line_1_58' title="bbox 359 3881 1935 3951; baseline 0.004 -16"><span class='ocrx_word' id='word_1_443' title='bbox 359 3881 599 3948; x_wconf 78' lang='grc' dir='ltr'>ἐδίδαξεν</span> <span class='ocrx_word' id='word_1_444' title='bbox 621 3886 650 3936; x_wconf 89' lang='lat'><strong><em>6</em></strong></span> <span class='ocrx_word' id='word_1_445' title='bbox 676 3882 817 3947; x_wconf 86' lang='grc' dir='ltr'>θεῖος</span> <span class='ocrx_word' id='word_1_446' title='bbox 835 3884 1172 3950; x_wconf 77' lang='grc' dir='ltr'>Ἀπόστολος.</span> <span class='ocrx_word' id='word_1_447' title='bbox 1208 3888 1318 3941; x_wconf 82' lang='grc' dir='ltr'><strong><em>Καὶ</em></strong></span> <span class='ocrx_word' id='word_1_448' title='bbox 1348 3886 1506 3951; x_wconf 82' lang='grc' dir='ltr'>ἄλλος</span> <span class='ocrx_word' id='word_1_449' title='bbox 1527 3888 1572 3941; x_wconf 83' lang='grc' dir='ltr'>δ’</span> <span class='ocrx_word' id='word_1_450' title='bbox 1602 3889 1667 3942; x_wconf 84' lang='grc' dir='ltr'>ἄν</span> <span class='ocrx_word' id='word_1_451' title='bbox 1699 3906 1782 3951; x_wconf 88' lang='grc' dir='ltr'><strong><em>τις</em></strong></span> <span class='ocrx_word' id='word_1_452' title='bbox 1812 3905 1935 3942; x_wconf 88' lang='grc' dir='ltr'>συν-</span> 
     </span>
    </p>
   </div>
   <div class='ocr_carea' id='block_1_59' title="bbox 357 3975 1935 4049">
    <p class='ocr_par' dir='ltr' id='par_1_59' title="bbox 357 3975 1935 4049">
     <span class='ocr_line' id='line_1_59' title="bbox 357 3975 1935 4049; baseline 0.004 -22"><span class='ocrx_word' id='word_1_453' title='bbox 357 3975 480 4049; x_wconf 82' lang='grc' dir='ltr'>ήσει</span> <span class='ocrx_word' id='word_1_454' title='bbox 517 3976 610 4028; x_wconf 79' lang='grc' dir='ltr'>ἐπὶ</span> <span class='ocrx_word' id='word_1_455' title='bbox 639 3975 851 4046; x_wconf 87' lang='grc' dir='ltr'>πτωχὸν</span> <span class='ocrx_word' id='word_1_456' title='bbox 884 3976 980 4030; x_wconf 77' lang='grc' dir='ltr'>καὶ</span> <span class='ocrx_word' id='word_1_457' title='bbox 1010 3976 1238 4048; x_wconf 88' lang='grc' dir='ltr'>πένητα,</span> <span class='ocrx_word' id='word_1_458' title='bbox 1261 3978 1474 4033; x_wconf 84' lang='grc' dir='ltr'>ἀκούων</span> <span class='ocrx_word' id='word_1_459' title='bbox 1495 3978 1661 4033; x_wconf 79' lang='grc' dir='ltr'>αὐτοῦ</span> <span class='ocrx_word' id='word_1_460' title='bbox 1688 3980 1935 4049; x_wconf 85' lang='grc' dir='ltr'>λέγοντος</span> 
     </span>
    </p>
   </div>
   <div class='ocr_carea' id='block_1_60' title="bbox 358 4069 1935 4142">
    <p class='ocr_par' dir='ltr' id='par_1_60' title="bbox 358 4069 1935 4142">
     <span class='ocr_line' id='line_1_60' title="bbox 358 4069 1935 4142; baseline -0.002 -17"><span class='ocrx_word' id='word_1_461' title='bbox 358 4073 419 4127; x_wconf 87' lang='grc' dir='ltr'><strong><em>ἐν</em></strong></span> <span class='ocrx_word' id='word_1_462' title='bbox 442 4073 795 4142; x_wconf 78' lang='grc' dir='ltr'>Εὐαγγελίοις</span> <span class='ocrx_word' id='word_1_463' title='bbox 814 4089 826 4101; x_wconf 84' lang='grc'><strong>-</strong></span> <span class='ocrx_word' id='word_1_464' title='bbox 862 4071 1061 4140; x_wconf 85' lang='grc' dir='ltr'>Δεῦτε,</span> <span class='ocrx_word' id='word_1_465' title='bbox 1088 4074 1143 4125; x_wconf 83' lang='grc' dir='ltr'>οἱ</span> <span class='ocrx_word' id='word_1_466' title='bbox 1163 4069 1555 4142; x_wconf 74' lang='grc' dir='ltr'>εὐλογημένοι</span> <span class='ocrx_word' id='word_1_467' title='bbox 1575 4071 1683 4126; x_wconf 89' lang='grc' dir='ltr'><strong><em>τοῦ</em></strong></span> <span class='ocrx_word' id='word_1_468' title='bbox 1704 4071 1935 4139; x_wconf 84' lang='grc' dir='ltr'>Πατρός</span> 
     </span>
    </p>
   </div>
   <div class='ocr_carea' id='block_1_61' title="bbox 353 4161 1936 4239">
    <p class='ocr_par' dir='ltr' id='par_1_61' title="bbox 353 4161 1936 4239">
     <span class='ocr_line' id='line_1_61' title="bbox 353 4161 1936 4239; baseline -0.002 -21"><span class='ocrx_word' id='word_1_469' title='bbox 353 4180 508 4239; x_wconf 64' lang='grc' dir='ltr'>μου,</span> <span class='ocrx_word' id='word_1_470' title='bbox 582 4163 1077 4234; x_wconf 82' lang='grc' dir='ltr'>κληρονομήσατε</span> <span class='ocrx_word' id='word_1_471' title='bbox 1136 4162 1251 4232; x_wconf 78' lang='grc' dir='ltr'>τὴν</span> <span class='ocrx_word' id='word_1_472' title='bbox 1299 4161 1747 4232; x_wconf 75' lang='grc' dir='ltr'>ἡτοιμασμένην</span> <span class='ocrx_word' id='word_1_473' title='bbox 1793 4161 1936 4232; x_wconf 84' lang='grc' dir='ltr'>ὑμῖν</span> 
     </span>
    </p>
   </div>
   <div class='ocr_carea' id='block_1_62' title="bbox 351 4253 1935 4325">
    <p class='ocr_par' dir='ltr' id='par_1_62' title="bbox 351 4253 1935 4325">
     <span class='ocr_line' id='line_1_62' title="bbox 351 4253 1935 4325; baseline 0.001 -15"><span class='ocrx_word' id='word_1_474' title='bbox 351 4254 684 4321; x_wconf 77' lang='grc' dir='ltr'>,ϐασιλείαν</span> <span class='ocrx_word' id='word_1_475' title='bbox 733 4256 849 4310; x_wconf 79' lang='grc' dir='ltr'><strong><em>ἀπὸ</em></strong></span> <span class='ocrx_word' id='word_1_476' title='bbox 899 4253 1237 4325; x_wconf 76' lang='grc' dir='ltr'>καταϐολῆς</span> <span class='ocrx_word' id='word_1_477' title='bbox 1278 4256 1531 4325; x_wconf 81' lang='grc' dir='ltr'>κόσμου.</span> <span class='ocrx_word' id='word_1_478' title='bbox 1606 4255 1935 4312; x_wconf 81' lang='grc' dir='ltr'>Ἐπείνασα</span> 
     </span>
    </p>
   </div>
   <div class='ocr_carea' id='block_1_63' title="bbox 357 4345 1933 4417">
    <p class='ocr_par' dir='ltr' id='par_1_63' title="bbox 357 4345 1933 4417">
     <span class='ocr_line' id='line_1_63' title="bbox 357 4345 1933 4417; baseline -0.003 -12"><span class='ocrx_word' id='word_1_479' title='bbox 357 4346 490 4416; x_wconf 80' lang='grc' dir='ltr'>τὰρ,</span> <span class='ocrx_word' id='word_1_480' title='bbox 524 4346 624 4401; x_wconf 80' lang='grc' dir='ltr'>καὶ</span> <span class='ocrx_word' id='word_1_481' title='bbox 644 4346 906 4401; x_wconf 79' lang='grc' dir='ltr'>ἐδώκατέ</span> <span class='ocrx_word' id='word_1_482' title='bbox 945 4364 1048 4416; x_wconf 87' lang='grc' dir='ltr'><strong><em>μοι</em></strong></span> <span class='ocrx_word' id='word_1_483' title='bbox 1078 4345 1321 4417; x_wconf 66' lang='grc' dir='ltr'>φαγεῖνθ</span> <span class='ocrx_word' id='word_1_484' title='bbox 1357 4345 1642 4416; x_wconf 71' lang='grc' dir='ltr'>ἐδίψησα,</span> <span class='ocrx_word' id='word_1_485' title='bbox 1671 4347 1771 4402; x_wconf 79' lang='grc' dir='ltr'><strong><em>καὶ</em></strong></span> <span class='ocrx_word' id='word_1_486' title='bbox 1795 4349 1933 4405; x_wconf 84' lang='grc' dir='ltr'>ἐπο-</span> 
     </span>
    </p>
   </div>
   <div class='ocr_carea' id='block_1_64' title="bbox 355 4439 1931 4512">
    <p class='ocr_par' dir='ltr' id='par_1_64' title="bbox 355 4439 1931 4512">
     <span class='ocr_line' id='line_1_64' title="bbox 355 4439 1931 4512; baseline 0.002 -19"><span class='ocrx_word' id='word_1_487' title='bbox 355 4439 567 4495; x_wconf 84' lang='grc' dir='ltr'>τίσατέ</span> <span class='ocrx_word' id='word_1_488' title='bbox 620 4457 731 4510; x_wconf 87' lang='grc' dir='ltr'>με·</span> <span class='ocrx_word' id='word_1_489' title='bbox 799 4439 975 4506; x_wconf 81' lang='grc' dir='ltr'>ξένος</span> <span class='ocrx_word' id='word_1_490' title='bbox 1000 4439 1203 4509; x_wconf 79' lang='grc' dir='ltr'>ἤμην,</span> <span class='ocrx_word' id='word_1_491' title='bbox 1257 4440 1355 4494; x_wconf 76' lang='grc' dir='ltr'>καὶ</span> <span class='ocrx_word' id='word_1_492' title='bbox 1405 4440 1785 4512; x_wconf 79' lang='grc' dir='ltr'>συνηγάγετέ</span> <span class='ocrx_word' id='word_1_493' title='bbox 1818 4460 1931 4512; x_wconf 71' lang='grc' dir='ltr'>με’</span> 
     </span>
    </p>
   </div>
   <div class='ocr_carea' id='block_1_65' title="bbox 357 4530 1930 4604">
    <p class='ocr_par' dir='ltr' id='par_1_65' title="bbox 357 4530 1930 4604">
     <span class='ocr_line' id='line_1_65' title="bbox 357 4530 1930 4604; baseline 0.002 -18"><span class='ocrx_word' id='word_1_494' title='bbox 357 4530 603 4604; x_wconf 73' lang='grc' dir='ltr'>γυμνὸς,</span> <span class='ocrx_word' id='word_1_495' title='bbox 640 4532 739 4586; x_wconf 82' lang='grc' dir='ltr'>καὶ</span> <span class='ocrx_word' id='word_1_496' title='bbox 769 4530 1147 4600; x_wconf 78' lang='grc' dir='ltr'>περιεϐάλετέ</span> <span class='ocrx_word' id='word_1_497' title='bbox 1167 4548 1277 4602; x_wconf 79' lang='grc' dir='ltr'>με’</span> <span class='ocrx_word' id='word_1_498' title='bbox 1307 4531 1629 4601; x_wconf 81' lang='grc' dir='ltr'>ἠσθένουν,</span> <span class='ocrx_word' id='word_1_499' title='bbox 1658 4533 1758 4588; x_wconf 71' lang='grc' dir='ltr'><strong><em>καὶ</em></strong></span> <span class='ocrx_word' id='word_1_500' title='bbox 1790 4535 1869 4589; x_wconf 86' lang='grc' dir='ltr'>ἐπ</span> <span class='ocrx_word' id='word_1_501' title='bbox 1904 4567 1930 4577; x_wconf 92' lang='grc'><strong><em>-</em></strong></span> 
     </span>
    </p>
   </div>
   <div class='ocr_carea' id='block_1_66' title="bbox 353 4625 1932 4700">
    <p class='ocr_par' dir='ltr' id='par_1_66' title="bbox 353 4625 1932 4700">
     <span class='ocr_line' id='line_1_66' title="bbox 353 4625 1932 4700; baseline 0.002 -17"><span class='ocrx_word' id='word_1_502' title='bbox 353 4626 721 4697; x_wconf 56' lang='lat' dir='ltr'><strong><em>constiti-0008&#39;</em></strong></span> <span class='ocrx_word' id='word_1_503' title='bbox 744 4627 814 4682; x_wconf 78' lang='grc' dir='ltr'>ἐν</span> <span class='ocrx_word' id='word_1_504' title='bbox 838 4625 1085 4696; x_wconf 78' lang='grc' dir='ltr'>φυλακῇ</span> <span class='ocrx_word' id='word_1_505' title='bbox 1108 4625 1288 4695; x_wconf 80' lang='grc' dir='ltr'>ἤμην,</span> <span class='ocrx_word' id='word_1_506' title='bbox 1311 4626 1409 4681; x_wconf 77' lang='grc' dir='ltr'>καὶ</span> <span class='ocrx_word' id='word_1_507' title='bbox 1432 4625 1646 4696; x_wconf 78' lang='grc' dir='ltr'>ἤλθετε</span> <span class='ocrx_word' id='word_1_508' title='bbox 1668 4631 1817 4696; x_wconf 87' lang='grc' dir='ltr'>πρὸς</span> <span class='ocrx_word' id='word_1_509' title='bbox 1830 4630 1932 4700; x_wconf 58' lang='lat' dir='ltr'><strong><em>pe“</em></strong></span> 
     </span>
    </p>
   </div>
   <div class='ocr_carea' id='block_1_67' title="bbox 2051 2137 3629 2210">
    <p class='ocr_par' dir='ltr' id='par_1_67' title="bbox 2051 2137 3629 2210">
     <span class='ocr_line' id='line_1_67' title="bbox 2051 2137 3629 2210; baseline -0.003 -15"><span class='ocrx_word' id='word_1_510' title='bbox 2051 2140 2203 2196; x_wconf 72' lang='lat' dir='ltr'><strong><em>nibus</em></strong></span> <span class='ocrx_word' id='word_1_511' title='bbox 2220 2141 2364 2195; x_wconf 85' lang='lat' dir='ltr'><strong><em>vobis</em></strong></span> <span class='ocrx_word' id='word_1_512' title='bbox 2387 2139 2507 2194; x_wconf 85' lang='lat' dir='ltr'><strong><em>dico</em></strong></span> <span class='ocrx_word' id='word_1_513' title='bbox 2526 2156 2544 2193; x_wconf 90' lang='lat'><strong><em>:</em></strong></span> <span class='ocrx_word' id='word_1_514' title='bbox 2567 2155 2659 2210; x_wconf 85' lang='lat' dir='ltr'><strong><em>ego</em></strong></span> <span class='ocrx_word' id='word_1_515' title='bbox 2679 2139 2788 2193; x_wconf 85' lang='lat' dir='ltr'><strong><em>scio</em></strong></span> <span class='ocrx_word' id='word_1_516' title='bbox 2816 2154 2945 2209; x_wconf 85' lang='lat' dir='ltr'><strong><em>quos</em></strong></span> <span class='ocrx_word' id='word_1_517' title='bbox 2969 2137 3210 2209; x_wconf 86' lang='lat' dir='ltr'><strong><em>elegerim</em></strong></span> <span class='ocrx_word' id='word_1_518' title='bbox 3231 2152 3251 2202; x_wconf 87' lang='lat'><strong><em>;</em></strong></span> <span class='ocrx_word' id='word_1_519' title='bbox 3274 2137 3364 2192; x_wconf 86' lang='lat' dir='ltr'><strong><em>sed</em></strong></span> <span class='ocrx_word' id='word_1_520' title='bbox 3378 2146 3435 2192; x_wconf 86' lang='lat' dir='ltr'><strong><em>ut</em></strong></span> <span class='ocrx_word' id='word_1_521' title='bbox 3458 2138 3629 2192; x_wconf 84' lang='lat' dir='ltr'><strong><em>adim-</em></strong></span> 
     </span>
    </p>
   </div>
   <div class='ocr_carea' id='block_1_68' title="bbox 2048 2230 3629 2304">
    <p class='ocr_par' dir='ltr' id='par_1_68' title="bbox 2048 2230 3629 2304">
     <span class='ocr_line' id='line_1_68' title="bbox 2048 2230 3629 2304; baseline -0.003 -16"><span class='ocrx_word' id='word_1_522' title='bbox 2048 2235 2257 2304; x_wconf 88' lang='lat' dir='ltr'><strong><em>pleatur</em></strong></span> <span class='ocrx_word' id='word_1_523' title='bbox 2278 2232 2558 2302; x_wconf 80' lang='lat' dir='ltr'><strong><em>Scriptura</em></strong></span> <span class='ocrx_word' id='word_1_524' title='bbox 2588 2248 2607 2285; x_wconf 92' lang='lat'><strong><em>:</em></strong></span> <span class='ocrx_word' id='word_1_525' title='bbox 2642 2230 2748 2297; x_wconf 82' lang='lat' dir='ltr'><strong><em>Qui</em></strong></span> <span class='ocrx_word' id='word_1_526' title='bbox 2777 2230 3066 2285; x_wconf 86' lang='lat' dir='ltr'><strong><em>manducat</em></strong></span> <span class='ocrx_word' id='word_1_527' title='bbox 3120 2246 3293 2284; x_wconf 85' lang='lat' dir='ltr'><strong><em>meum</em></strong></span> <span class='ocrx_word' id='word_1_528' title='bbox 3315 2245 3526 2296; x_wconf 89' lang='lat' dir='ltr'><strong><em>panem,</em></strong></span> <span class='ocrx_word' id='word_1_529' title='bbox 3554 2230 3629 2284; x_wconf 86' lang='lat' dir='ltr'><strong><em>le-</em></strong></span> 
     </span>
    </p>
   </div>
   <div class='ocr_carea' id='block_1_69' title="bbox 2048 2318 3630 2391">
    <p class='ocr_par' dir='ltr' id='par_1_69' title="bbox 2048 2318 3630 2391">
     <span class='ocr_line' id='line_1_69' title="bbox 2048 2318 3630 2391; baseline -0.004 -11"><span class='ocrx_word' id='word_1_530' title='bbox 2048 2329 2187 2380; x_wconf 74' lang='lat' dir='ltr'><strong><em>vavit</em></strong></span> <span class='ocrx_word' id='word_1_531' title='bbox 2208 2332 2403 2383; x_wconf 84' lang='lat' dir='ltr'><strong><em>contra</em></strong></span> <span class='ocrx_word' id='word_1_532' title='bbox 2419 2339 2500 2377; x_wconf 90' lang='lat' dir='ltr'><strong><em>me</em></strong></span> <span class='ocrx_word' id='word_1_533' title='bbox 2530 2322 2837 2376; x_wconf 86' lang='lat' dir='ltr'><strong><em>calcaneum</em></strong></span> <span class='ocrx_word' id='word_1_534' title='bbox 2861 2336 3016 2376; x_wconf 88' lang='lat' dir='ltr'><strong><em>suum</em></strong></span> <span class='ocrx_word' id='word_1_535' title='bbox 3041 2320 3107 2374; x_wconf 75' lang='lat'><strong><em>‘°.</em></strong></span> <span class='ocrx_word' id='word_1_536' title='bbox 3143 2318 3303 2374; x_wconf 84' lang='lat' dir='ltr'><strong><em>Nulla</em></strong></span> <span class='ocrx_word' id='word_1_537' title='bbox 3326 2335 3489 2391; x_wconf 88' lang='lat' dir='ltr'><strong><em>porro</em></strong></span> <span class='ocrx_word' id='word_1_538' title='bbox 3523 2322 3630 2374; x_wconf 75' lang='lat' dir='ltr'><strong><em>alia</em></strong></span> 
     </span>
    </p>
   </div>
   <div class='ocr_carea' id='block_1_70' title="bbox 2050 2413 3630 2487">
    <p class='ocr_par' dir='ltr' id='par_1_70' title="bbox 2050 2413 3630 2487">
     <span class='ocr_line' id='line_1_70' title="bbox 2050 2413 3630 2487; baseline -0.003 -16"><span class='ocrx_word' id='word_1_539' title='bbox 2050 2415 2333 2487; x_wconf 80' lang='lat' dir='ltr'><strong><em>Scriptura</em></strong></span> <span class='ocrx_word' id='word_1_540' title='bbox 2363 2430 2486 2485; x_wconf 66' lang='lat' dir='ltr'><strong><em>quae</em></strong></span> <span class='ocrx_word' id='word_1_541' title='bbox 2533 2414 2641 2469; x_wconf 86' lang='lat' dir='ltr'><strong><em>hoc</em></strong></span> <span class='ocrx_word' id='word_1_542' title='bbox 2696 2414 2847 2470; x_wconf 89' lang='lat' dir='ltr'><strong><em>dicat</em></strong></span> <span class='ocrx_word' id='word_1_543' title='bbox 2896 2416 3192 2484; x_wconf 85' lang='lat' dir='ltr'><strong><em>reperitur,</em></strong></span> <span class='ocrx_word' id='word_1_544' title='bbox 3248 2420 3446 2484; x_wconf 63' lang='lat' dir='ltr'><strong><em>prater</em></strong></span> <span class='ocrx_word' id='word_1_545' title='bbox 3486 2413 3630 2467; x_wconf 87' lang='lat' dir='ltr'><strong><em>hanc</em></strong></span> 
     </span>
    </p>
   </div>
   <div class='ocr_carea' id='block_1_71' title="bbox 2046 2504 3630 2580">
    <p class='ocr_par' dir='ltr' id='par_1_71' title="bbox 2046 2504 3630 2580">
     <span class='ocr_line' id='line_1_71' title="bbox 2046 2504 3630 2580; baseline -0.002 -18"><span class='ocrx_word' id='word_1_546' title='bbox 2046 2523 2215 2563; x_wconf 89' lang='lat' dir='ltr'><strong><em>unam</em></strong></span> <span class='ocrx_word' id='word_1_547' title='bbox 2230 2521 2337 2580; x_wconf 87' lang='lat' dir='ltr'><strong><em>qua</em></strong></span> <span class='ocrx_word' id='word_1_548' title='bbox 2356 2507 2564 2561; x_wconf 87' lang='lat' dir='ltr'><strong><em>dictum</em></strong></span> <span class='ocrx_word' id='word_1_549' title='bbox 2587 2513 2694 2571; x_wconf 82' lang='lat' dir='ltr'><strong><em>est,</em></strong></span> <span class='ocrx_word' id='word_1_550' title='bbox 2723 2507 2814 2576; x_wconf 88' lang='lat' dir='ltr'><strong><em>qui</em></strong></span> <span class='ocrx_word' id='word_1_551' title='bbox 2839 2504 3025 2561; x_wconf 90' lang='lat' dir='ltr'><strong><em>edebat</em></strong></span> <span class='ocrx_word' id='word_1_552' title='bbox 3066 2522 3258 2576; x_wconf 86' lang='lat' dir='ltr'><strong><em>panem</em></strong></span> <span class='ocrx_word' id='word_1_553' title='bbox 3293 2522 3487 2571; x_wconf 79' lang='lat' dir='ltr'><strong><em>meum,-</em></strong></span> <span class='ocrx_word' id='word_1_554' title='bbox 3517 2522 3630 2560; x_wconf 86' lang='lat' dir='ltr'><strong><em>ma-</em></strong></span> 
     </span>
    </p>
   </div>
   <div class='ocr_carea' id='block_1_72' title="bbox 2045 2598 3632 2672">
    <p class='ocr_par' dir='ltr' id='par_1_72' title="bbox 2045 2598 3632 2672">
     <span class='ocr_line' id='line_1_72' title="bbox 2045 2598 3632 2672; baseline -0.001 -18"><span class='ocrx_word' id='word_1_555' title='bbox 2045 2600 2317 2672; x_wconf 81' lang='lat' dir='ltr'><strong><em>gniﬁcavit</em></strong></span> <span class='ocrx_word' id='word_1_556' title='bbox 2363 2614 2519 2668; x_wconf 87' lang='lat' dir='ltr'><strong><em>super</em></strong></span> <span class='ocrx_word' id='word_1_557' title='bbox 2540 2616 2623 2655; x_wconf 87' lang='lat' dir='ltr'><strong><em>me</em></strong></span> <span class='ocrx_word' id='word_1_558' title='bbox 2664 2599 3165 2668; x_wconf 82' lang='lat' dir='ltr'><strong><em>supplantationem.</em></strong></span> <span class='ocrx_word' id='word_1_559' title='bbox 3212 2598 3321 2653; x_wconf 86' lang='lat' dir='ltr'><strong><em>Par</em></strong></span> <span class='ocrx_word' id='word_1_560' title='bbox 3349 2607 3435 2655; x_wconf 86' lang='lat' dir='ltr'><strong><em>est</em></strong></span> <span class='ocrx_word' id='word_1_561' title='bbox 3465 2599 3632 2669; x_wconf 79' lang='lat' dir='ltr'><strong><em>igitur</em></strong></span> 
     </span>
    </p>
   </div>
   <div class='ocr_carea' id='block_1_73' title="bbox 2048 2689 3631 2763">
    <p class='ocr_par' dir='ltr' id='par_1_73' title="bbox 2048 2689 3631 2763">
     <span class='ocr_line' id='line_1_73' title="bbox 2048 2689 3631 2763; baseline -0.001 -17"><span class='ocrx_word' id='word_1_562' title='bbox 2048 2691 2118 2748; x_wconf 90' lang='lat' dir='ltr'><strong><em>ad</em></strong></span> <span class='ocrx_word' id='word_1_563' title='bbox 2151 2691 2270 2763; x_wconf 86' lang='lat' dir='ltr'><strong><em>ejus</em></strong></span> <span class='ocrx_word' id='word_1_564' title='bbox 2296 2704 2612 2762; x_wconf 87' lang='lat' dir='ltr'><strong><em>personam,</em></strong></span> <span class='ocrx_word' id='word_1_565' title='bbox 2647 2705 2769 2760; x_wconf 66' lang='lat' dir='ltr'><strong><em>quae</em></strong></span> <span class='ocrx_word' id='word_1_566' title='bbox 2793 2691 2848 2744; x_wconf 87' lang='lat' dir='ltr'><strong><em>in</em></strong></span> <span class='ocrx_word' id='word_1_567' title='bbox 2877 2692 2985 2747; x_wconf 87' lang='lat' dir='ltr'><strong><em>hoc</em></strong></span> <span class='ocrx_word' id='word_1_568' title='bbox 3013 2691 3229 2761; x_wconf 84' lang='lat' dir='ltr'><strong><em>psalmo</em></strong></span> <span class='ocrx_word' id='word_1_569' title='bbox 3257 2689 3526 2755; x_wconf 75' lang='lat' dir='ltr'><strong><em>feruntur,</em></strong></span> <span class='ocrx_word' id='word_1_570' title='bbox 3570 2697 3631 2744; x_wconf 86' lang='lat' dir='ltr'><strong><em>ut</em></strong></span> 
     </span>
    </p>
   </div>
   <div class='ocr_carea' id='block_1_74' title="bbox 2046 2780 3629 2855">
    <p class='ocr_par' dir='ltr' id='par_1_74' title="bbox 2046 2780 3629 2855">
     <span class='ocr_line' id='line_1_74' title="bbox 2046 2780 3629 2855; baseline -0.002 -17"><span class='ocrx_word' id='word_1_571' title='bbox 2046 2783 2365 2855; x_wconf 88' lang='lat' dir='ltr'><strong><em>prophetice</em></strong></span> <span class='ocrx_word' id='word_1_572' title='bbox 2422 2782 2572 2838; x_wconf 88' lang='lat' dir='ltr'><strong><em>dicta</em></strong></span> <span class='ocrx_word' id='word_1_573' title='bbox 2629 2780 2896 2853; x_wconf 88' lang='lat' dir='ltr'><strong><em>accipere.</em></strong></span> <span class='ocrx_word' id='word_1_574' title='bbox 2947 2781 3315 2848; x_wconf 86' lang='lat' dir='ltr'><strong><em>Quamobrem</em></strong></span> <span class='ocrx_word' id='word_1_575' title='bbox 3368 2782 3425 2837; x_wconf 84' lang='lat' dir='ltr'><strong><em>in</em></strong></span> <span class='ocrx_word' id='word_1_576' title='bbox 3472 2783 3629 2852; x_wconf 83' lang='lat' dir='ltr'><strong><em>finem</em></strong></span> 
     </span>
    </p>
   </div>
   <div class='ocr_carea' id='block_1_75' title="bbox 2044 2873 3633 2945">
    <p class='ocr_par' dir='ltr' id='par_1_75' title="bbox 2044 2873 3633 2945">
     <span class='ocr_line' id='line_1_75' title="bbox 2044 2873 3633 2945; baseline -0.003 -13"><span class='ocrx_word' id='word_1_577' title='bbox 2044 2876 2387 2939; x_wconf 79' lang='lat' dir='ltr'><strong><em>inscribitur,</em></strong></span> <span class='ocrx_word' id='word_1_578' title='bbox 2407 2873 2554 2945; x_wconf 88' lang='lat' dir='ltr'><strong><em>quod</em></strong></span> <span class='ocrx_word' id='word_1_579' title='bbox 2593 2874 2709 2929; x_wconf 84' lang='lat' dir='ltr'><strong><em>haec</em></strong></span> <span class='ocrx_word' id='word_1_580' title='bbox 2736 2889 2840 2929; x_wconf 89' lang='lat' dir='ltr'><strong><em>nos</em></strong></span> <span class='ocrx_word' id='word_1_581' title='bbox 2872 2876 3155 2929; x_wconf 86' lang='lat' dir='ltr'><strong><em>remittant</em></strong></span> <span class='ocrx_word' id='word_1_582' title='bbox 3179 2875 3247 2931; x_wconf 90' lang='lat' dir='ltr'><strong><em>ad</em></strong></span> <span class='ocrx_word' id='word_1_583' title='bbox 3278 2890 3633 2931; x_wconf 86' lang='lat' dir='ltr'><strong><em>consumma-</em></strong></span> 
     </span>
    </p>
   </div>
   <div class='ocr_carea' id='block_1_76' title="bbox 2046 2972 3628 3045">
    <p class='ocr_par' dir='ltr' id='par_1_76' title="bbox 2046 2972 3628 3045">
     <span class='ocr_line' id='line_1_76' title="bbox 2046 2972 3628 3045; baseline -0.002 -15"><span class='ocrx_word' id='word_1_584' title='bbox 2046 2976 2250 3031; x_wconf 86' lang='lat' dir='ltr'><strong><em>tionem</em></strong></span> <span class='ocrx_word' id='word_1_585' title='bbox 2286 2974 2494 3039; x_wconf 78' lang='lat' dir='ltr'><strong><em>saeculi,</em></strong></span> <span class='ocrx_word' id='word_1_586' title='bbox 2530 2988 2640 3045; x_wconf 90' lang='lat' dir='ltr'><strong><em>quo</em></strong></span> <span class='ocrx_word' id='word_1_587' title='bbox 2684 2980 2931 3043; x_wconf 88' lang='lat' dir='ltr'><strong><em>tempore</em></strong></span> <span class='ocrx_word' id='word_1_588' title='bbox 2975 2987 3039 3028; x_wconf 88' lang='lat' dir='ltr'><strong><em>ea</em></strong></span> <span class='ocrx_word' id='word_1_589' title='bbox 3092 2987 3214 3043; x_wconf 71' lang='lat' dir='ltr'><strong><em>qua:</em></strong></span> <span class='ocrx_word' id='word_1_590' title='bbox 3245 2972 3449 3043; x_wconf 88' lang='lat' dir='ltr'><strong><em>scripta</em></strong></span> <span class='ocrx_word' id='word_1_591' title='bbox 3500 2980 3628 3028; x_wconf 88' lang='lat' dir='ltr'><strong><em>sunt</em></strong></span> 
     </span>
    </p>
   </div>
   <div class='ocr_carea' id='block_1_77' title="bbox 2045 3061 3628 3138">
    <p class='ocr_par' dir='ltr' id='par_1_77' title="bbox 2045 3061 3628 3138">
     <span class='ocr_line' id='line_1_77' title="bbox 2045 3061 3628 3138; baseline -0.003 -17"><span class='ocrx_word' id='word_1_592' title='bbox 2045 3065 2449 3138; x_wconf 59' lang='lat' dir='ltr'><strong><em>implebuntuﬁ;</em></strong></span> <span class='ocrx_word' id='word_1_593' title='bbox 2483 3065 2599 3120; x_wconf 89' lang='lat' dir='ltr'><strong><em>sive</em></strong></span> <span class='ocrx_word' id='word_1_594' title='bbox 2628 3064 2791 3120; x_wconf 87' lang='lat' dir='ltr'><strong><em>etiam</em></strong></span> <span class='ocrx_word' id='word_1_595' title='bbox 2821 3063 2889 3118; x_wconf 87' lang='lat' dir='ltr'><strong><em>ad</em></strong></span> <span class='ocrx_word' id='word_1_596' title='bbox 2928 3071 3205 3136; x_wconf 87' lang='lat' dir='ltr'><strong><em>postrema</em></strong></span> <span class='ocrx_word' id='word_1_597' title='bbox 3237 3063 3431 3133; x_wconf 85' lang='lat' dir='ltr'><strong><em>psalmi</em></strong></span> <span class='ocrx_word' id='word_1_598' title='bbox 3461 3061 3628 3117; x_wconf 87' lang='lat' dir='ltr'><strong><em>dicta.</em></strong></span> 
     </span>
    </p>
   </div>
   <div class='ocr_carea' id='block_1_78' title="bbox 2044 3155 3631 3227">
    <p class='ocr_par' dir='ltr' id='par_1_78' title="bbox 2044 3155 3631 3227">
     <span class='ocr_line' id='line_1_78' title="bbox 2044 3155 3631 3227; baseline -0.001 -14"><span class='ocrx_word' id='word_1_599' title='bbox 2044 3159 2201 3227; x_wconf 84' lang='lat' dir='ltr'><strong><em>Quod</em></strong></span> <span class='ocrx_word' id='word_1_600' title='bbox 2231 3159 2277 3214; x_wconf 90' lang='lat' dir='ltr'><strong><em>si</em></strong></span> <span class='ocrx_word' id='word_1_601' title='bbox 2310 3158 2426 3212; x_wconf 60' lang='lat' dir='ltr'><strong><em>haec</em></strong></span> <span class='ocrx_word' id='word_1_602' title='bbox 2453 3158 2522 3212; x_wconf 90' lang='lat' dir='ltr'><strong><em>ad</em></strong></span> <span class='ocrx_word' id='word_1_603' title='bbox 2549 3156 2885 3213; x_wconf 86' lang='lat' dir='ltr'><strong><em>Salvatorem</em></strong></span> <span class='ocrx_word' id='word_1_604' title='bbox 2914 3156 3243 3223; x_wconf 80' lang='lat' dir='ltr'><strong><em>referantur,</em></strong></span> <span class='ocrx_word' id='word_1_605' title='bbox 3270 3156 3396 3227; x_wconf 88' lang='lat' dir='ltr'><strong><em>jure</em></strong></span> <span class='ocrx_word' id='word_1_606' title='bbox 3426 3155 3631 3212; x_wconf 83' lang='lat' dir='ltr'><strong><em>dixeris</em></strong></span> 
     </span>
    </p>
   </div>
   <div class='ocr_carea' id='block_1_79' title="bbox 2044 3249 3629 3323">
    <p class='ocr_par' dir='ltr' id='par_1_79' title="bbox 2044 3249 3629 3323">
     <span class='ocr_line' id='line_1_79' title="bbox 2044 3249 3629 3323; baseline -0.001 -14"><span class='ocrx_word' id='word_1_607' title='bbox 2044 3255 2263 3309; x_wconf 87' lang='lat' dir='ltr'><strong><em>beatum</em></strong></span> <span class='ocrx_word' id='word_1_608' title='bbox 2294 3253 2587 3323; x_wconf 76' lang='lat' dir='ltr'><strong><em>praedicari</em></strong></span> <span class='ocrx_word' id='word_1_609' title='bbox 2613 3267 2762 3320; x_wconf 87' lang='lat' dir='ltr'><strong><em>eum,</em></strong></span> <span class='ocrx_word' id='word_1_610' title='bbox 2791 3251 3208 3323; x_wconf 75' lang='lat' dir='ltr'><strong><em>quiintelligere</em></strong></span> <span class='ocrx_word' id='word_1_611' title='bbox 3241 3251 3538 3322; x_wconf 87' lang='lat' dir='ltr'><strong><em>possitqua</em></strong></span> <span class='ocrx_word' id='word_1_612' title='bbox 3559 3249 3629 3307; x_wconf 81' lang='lat' dir='ltr'><strong><em>de</em></strong></span> 
     </span>
    </p>
   </div>
   <div class='ocr_carea' id='block_1_80' title="bbox 2043 3344 3627 3417">
    <p class='ocr_par' dir='ltr' id='par_1_80' title="bbox 2043 3344 3627 3417">
     <span class='ocr_line' id='line_1_80' title="bbox 2043 3344 3627 3417; baseline -0.001 -16"><span class='ocrx_word' id='word_1_613' title='bbox 2043 3362 2212 3403; x_wconf 86' lang='lat' dir='ltr'><strong><em>causa</em></strong></span> <span class='ocrx_word' id='word_1_614' title='bbox 2252 3354 2479 3417; x_wconf 89' lang='lat' dir='ltr'><strong><em>propter</em></strong></span> <span class='ocrx_word' id='word_1_615' title='bbox 2517 3361 2620 3401; x_wconf 91' lang='lat' dir='ltr'><strong><em>nos</em></strong></span> <span class='ocrx_word' id='word_1_616' title='bbox 2650 3354 2952 3417; x_wconf 84' lang='lat' dir='ltr'><strong><em>egestatem</em></strong></span> <span class='ocrx_word' id='word_1_617' title='bbox 3017 3348 3339 3416; x_wconf 83' lang='lat' dir='ltr'><strong><em>susceperit.</em></strong></span> <span class='ocrx_word' id='word_1_618' title='bbox 3377 3344 3627 3417; x_wconf 73' lang='lat' dir='ltr'><strong><em>Insuper,-</em></strong></span> 
     </span>
    </p>
   </div>
   <div class='ocr_carea' id='block_1_81' title="bbox 2041 3437 3631 3511">
    <p class='ocr_par' dir='ltr' id='par_1_81' title="bbox 2041 3437 3631 3511">
     <span class='ocr_line' id='line_1_81' title="bbox 2041 3437 3631 3511; baseline 0.002 -21"><span class='ocrx_word' id='word_1_619' title='bbox 2041 3454 2159 3492; x_wconf 87' lang='lat' dir='ltr'><strong><em>cum</em></strong></span> <span class='ocrx_word' id='word_1_620' title='bbox 2209 3447 2343 3493; x_wconf 85' lang='lat' dir='ltr'><strong><em>esset</em></strong></span> <span class='ocrx_word' id='word_1_621' title='bbox 2393 3437 2560 3503; x_wconf 84' lang='lat' dir='ltr'><strong><em>dives,</em></strong></span> <span class='ocrx_word' id='word_1_622' title='bbox 2591 3447 2805 3509; x_wconf 88' lang='lat' dir='ltr'><strong><em>propter</em></strong></span> <span class='ocrx_word' id='word_1_623' title='bbox 2849 3456 2945 3494; x_wconf 88' lang='lat' dir='ltr'><strong><em>nos</em></strong></span> <span class='ocrx_word' id='word_1_624' title='bbox 2973 3455 3165 3511; x_wconf 87' lang='lat' dir='ltr'><strong><em>egenus</em></strong></span> <span class='ocrx_word' id='word_1_625' title='bbox 3187 3440 3362 3508; x_wconf 85' lang='lat' dir='ltr'><strong><em>factus</em></strong></span> <span class='ocrx_word' id='word_1_626' title='bbox 3416 3448 3514 3504; x_wconf 89' lang='lat' dir='ltr'><strong><em>est,</em></strong></span> <span class='ocrx_word' id='word_1_627' title='bbox 3569 3448 3631 3493; x_wconf 78' lang='lat' dir='ltr'><strong><em>ut</em></strong></span> 
     </span>
    </p>
   </div>
   <div class='ocr_carea' id='block_1_82' title="bbox 2038 3529 3625 3602">
    <p class='ocr_par' dir='ltr' id='par_1_82' title="bbox 2038 3529 3625 3602">
     <span class='ocr_line' id='line_1_82' title="bbox 2038 3529 3625 3602; baseline 0.001 -18"><span class='ocrx_word' id='word_1_628' title='bbox 2038 3547 2132 3584; x_wconf 89' lang='lat' dir='ltr'><strong><em>nos</em></strong></span> <span class='ocrx_word' id='word_1_629' title='bbox 2161 3531 2275 3600; x_wconf 87' lang='lat' dir='ltr'><strong><em>ejus</em></strong></span> <span class='ocrx_word' id='word_1_630' title='bbox 2305 3532 2489 3602; x_wconf 89' lang='lat' dir='ltr'><strong><em>inopia</em></strong></span> <span class='ocrx_word' id='word_1_631' title='bbox 2510 3529 2696 3585; x_wconf 77' lang='lat' dir='ltr'><strong><em>divites</em></strong></span> <span class='ocrx_word' id='word_1_632' title='bbox 2723 3547 2955 3586; x_wconf 86' lang='lat' dir='ltr'><strong><em>essemus</em></strong></span> <span class='ocrx_word' id='word_1_633' title='bbox 2973 3533 3042 3596; x_wconf 88' lang='grc'><strong><em>¹⁷;</em></strong></span> <span class='ocrx_word' id='word_1_634' title='bbox 3068 3538 3124 3586; x_wconf 85' lang='lat' dir='ltr'><strong><em>cl</em></strong></span> <span class='ocrx_word' id='word_1_635' title='bbox 3161 3549 3175 3586; x_wconf 87' lang='lat'><strong>:</strong></span> <span class='ocrx_word' id='word_1_636' title='bbox 3210 3531 3344 3586; x_wconf 88' lang='lat' dir='ltr'><strong><em>Cum</em></strong></span> <span class='ocrx_word' id='word_1_637' title='bbox 3371 3530 3426 3585; x_wconf 89' lang='lat' dir='ltr'><strong><em>in</em></strong></span> <span class='ocrx_word' id='word_1_638' title='bbox 3451 3531 3625 3601; x_wconf 87' lang='lat' dir='ltr'><strong><em>forma</em></strong></span> 
     </span>
    </p>
   </div>
   <div class='ocr_carea' id='block_1_83' title="bbox 2036 3621 3626 3692">
    <p class='ocr_par' dir='ltr' id='par_1_83' title="bbox 2036 3621 3626 3692">
     <span class='ocr_line' id='line_1_83' title="bbox 2036 3621 3626 3692; baseline 0.001 -17"><span class='ocrx_word' id='word_1_639' title='bbox 2036 3621 2136 3676; x_wconf 91' lang='lat' dir='ltr'><strong><em>Dei</em></strong></span> <span class='ocrx_word' id='word_1_640' title='bbox 2159 3632 2314 3689; x_wconf 88' lang='lat' dir='ltr'><strong><em>esset,</em></strong></span> <span class='ocrx_word' id='word_1_641' title='bbox 2365 3624 2703 3692; x_wconf 83' lang='lat' dir='ltr'><strong><em>semetipsum</em></strong></span> <span class='ocrx_word' id='word_1_642' title='bbox 2757 3623 3050 3678; x_wconf 74' lang='lat' dir='ltr'><strong><em>exinanivit</em></strong></span> <span class='ocrx_word' id='word_1_643' title='bbox 3092 3623 3267 3692; x_wconf 91' lang='lat' dir='ltr'><strong><em>forma</em></strong></span> <span class='ocrx_word' id='word_1_644' title='bbox 3305 3624 3442 3677; x_wconf 74' lang='lat' dir='ltr'><strong><em>servi</em></strong></span> <span class='ocrx_word' id='word_1_645' title='bbox 3476 3640 3626 3677; x_wconf 83' lang='lat' dir='ltr'><strong><em>accc--</em></strong></span> 
     </span>
    </p>
   </div>
   <div class='ocr_carea' id='block_1_84' title="bbox 2034 3713 3624 3786">
    <p class='ocr_par' dir='ltr' id='par_1_84' title="bbox 2034 3713 3624 3786">
     <span class='ocr_line' id='line_1_84' title="bbox 2034 3713 3624 3786; baseline 0.003 -19"><span class='ocrx_word' id='word_1_646' title='bbox 2034 3723 2128 3782; x_wconf 87' lang='lat' dir='ltr'><strong><em>pta</em></strong></span> <span class='ocrx_word' id='word_1_647' title='bbox 2158 3715 2225 3781; x_wconf 64' lang='grc' dir='ltr'><strong><em>ιθ,</em></strong></span> <span class='ocrx_word' id='word_1_648' title='bbox 2250 3722 2309 3769; x_wconf 90' lang='grc' dir='ltr'><strong><em>ιιι</em></strong></span> <span class='ocrx_word' id='word_1_649' title='bbox 2329 3715 2478 3770; x_wconf 89' lang='lat' dir='ltr'><strong><em>clare</em></strong></span> <span class='ocrx_word' id='word_1_650' title='bbox 2504 3730 2610 3770; x_wconf 90' lang='lat' dir='ltr'><strong><em>nos</em></strong></span> <span class='ocrx_word' id='word_1_651' title='bbox 2653 3713 2843 3771; x_wconf 88' lang='lat' dir='ltr'><strong><em>docuit</em></strong></span> <span class='ocrx_word' id='word_1_652' title='bbox 2893 3715 3119 3770; x_wconf 88' lang='lat' dir='ltr'><strong><em>divinus</em></strong></span> <span class='ocrx_word' id='word_1_653' title='bbox 3152 3714 3468 3786; x_wconf 84' lang='lat' dir='ltr'><strong><em>Apostolus.</em></strong></span> <span class='ocrx_word' id='word_1_654' title='bbox 3500 3714 3624 3771; x_wconf 84' lang='lat' dir='ltr'><strong><em>Alio</em></strong></span> 
     </span>
    </p>
   </div>
   <div class='ocr_carea' id='block_1_85' title="bbox 2036 3809 3623 3881">
    <p class='ocr_par' dir='ltr' id='par_1_85' title="bbox 2036 3809 3623 3881">
     <span class='ocr_line' id='line_1_85' title="bbox 2036 3809 3623 3881; baseline 0.003 -20"><span class='ocrx_word' id='word_1_655' title='bbox 2036 3821 2255 3878; x_wconf 83' lang='lat' dir='ltr'><strong><em>quoque</em></strong></span> <span class='ocrx_word' id='word_1_656' title='bbox 2286 3809 2447 3865; x_wconf 91' lang='lat' dir='ltr'><strong><em>modo</em></strong></span> <span class='ocrx_word' id='word_1_657' title='bbox 2477 3811 2603 3881; x_wconf 85' lang='lat' dir='ltr'><strong><em>quis</em></strong></span> <span class='ocrx_word' id='word_1_658' title='bbox 2659 3810 2963 3881; x_wconf 83' lang='lat' dir='ltr'><strong><em>intelligere</em></strong></span> <span class='ocrx_word' id='word_1_659' title='bbox 3002 3809 3177 3880; x_wconf 89' lang='lat' dir='ltr'><strong><em>possit</em></strong></span> <span class='ocrx_word' id='word_1_660' title='bbox 3208 3824 3372 3880; x_wconf 89' lang='lat' dir='ltr'><strong><em>super</em></strong></span> <span class='ocrx_word' id='word_1_661' title='bbox 3390 3824 3623 3881; x_wconf 76' lang='lat' dir='ltr'><strong><em>egenum</em></strong></span> 
     </span>
    </p>
   </div>
   <div class='ocr_carea' id='block_1_86' title="bbox 2035 3899 3623 3972">
    <p class='ocr_par' dir='ltr' id='par_1_86' title="bbox 2035 3899 3623 3972">
     <span class='ocr_line' id='line_1_86' title="bbox 2035 3899 3623 3972; baseline 0.003 -20"><span class='ocrx_word' id='word_1_662' title='bbox 2035 3904 2088 3952; x_wconf 90' lang='lat' dir='ltr'><strong><em>et</em></strong></span> <span class='ocrx_word' id='word_1_663' title='bbox 2111 3911 2423 3967; x_wconf 89' lang='lat' dir='ltr'><strong><em>pauperem,</em></strong></span> <span class='ocrx_word' id='word_1_664' title='bbox 2452 3900 2683 3972; x_wconf 85' lang='lat' dir='ltr'><strong><em>audiens</em></strong></span> <span class='ocrx_word' id='word_1_665' title='bbox 2706 3900 2987 3957; x_wconf 84' lang='lat' dir='ltr'><strong><em>Christum</em></strong></span> <span class='ocrx_word' id='word_1_666' title='bbox 3022 3902 3076 3954; x_wconf 87' lang='lat' dir='ltr'><strong><em>in</em></strong></span> <span class='ocrx_word' id='word_1_667' title='bbox 3105 3899 3414 3971; x_wconf 83' lang='lat' dir='ltr'><strong><em>Evangeliis</em></strong></span> <span class='ocrx_word' id='word_1_668' title='bbox 3436 3900 3623 3958; x_wconf 85' lang='lat' dir='ltr'><strong><em>dicen-</em></strong></span> 
     </span>
    </p>
   </div>
   <div class='ocr_carea' id='block_1_87' title="bbox 2035 3987 3623 4065">
    <p class='ocr_par' dir='ltr' id='par_1_87' title="bbox 2035 3987 3623 4065">
     <span class='ocr_line' id='line_1_87' title="bbox 2035 3987 3623 4065; baseline 0.003 -24"><span class='ocrx_word' id='word_1_669' title='bbox 2035 3995 2141 4043; x_wconf 88' lang='lat' dir='ltr'><strong><em>tem</em></strong></span> <span class='ocrx_word' id='word_1_670' title='bbox 2173 4006 2186 4041; x_wconf 90' lang='lat'><strong>:</strong></span> <span class='ocrx_word' id='word_1_671' title='bbox 2228 3987 2430 4053; x_wconf 85' lang='lat' dir='ltr'><strong><em>Venite,</em></strong></span> <span class='ocrx_word' id='word_1_672' title='bbox 2468 3989 2729 4044; x_wconf 88' lang='lat' dir='ltr'><strong><em>benedicti</em></strong></span> <span class='ocrx_word' id='word_1_673' title='bbox 2765 3989 2953 4045; x_wconf 88' lang='lat' dir='ltr'><strong><em>Patris</em></strong></span> <span class='ocrx_word' id='word_1_674' title='bbox 2999 3990 3124 4055; x_wconf 87' lang='lat' dir='ltr'><strong><em>mei,</em></strong></span> <span class='ocrx_word' id='word_1_675' title='bbox 3169 3987 3433 4065; x_wconf 83' lang='lat' dir='ltr'><strong><em>possidete</em></strong></span> <span class='ocrx_word' id='word_1_676' title='bbox 3459 4004 3623 4060; x_wconf 90' lang='lat' dir='ltr'><strong><em>para-</em></strong></span> 
     </span>
    </p>
   </div>
   <div class='ocr_carea' id='block_1_88' title="bbox 2037 4077 3623 4149">
    <p class='ocr_par' dir='ltr' id='par_1_88' title="bbox 2037 4077 3623 4149">
     <span class='ocr_line' id='line_1_88' title="bbox 2037 4077 3623 4149; baseline 0.003 -18"><span class='ocrx_word' id='word_1_677' title='bbox 2037 4086 2147 4131; x_wconf 86' lang='lat' dir='ltr'><strong><em>tum</em></strong></span> <span class='ocrx_word' id='word_1_678' title='bbox 2196 4077 2341 4132; x_wconf 78' lang='lat' dir='ltr'><strong><em>vobis</em></strong></span> <span class='ocrx_word' id='word_1_679' title='bbox 2398 4095 2616 4149; x_wconf 88' lang='lat' dir='ltr'><strong><em>regnum</em></strong></span> <span class='ocrx_word' id='word_1_680' title='bbox 2658 4097 2692 4133; x_wconf 91' lang='lat' dir='ltr'><strong><em>a</em></strong></span> <span class='ocrx_word' id='word_1_681' title='bbox 2741 4079 3114 4133; x_wconf 84' lang='lat' dir='ltr'><strong><em>constitutione</em></strong></span> <span class='ocrx_word' id='word_1_682' title='bbox 3155 4078 3360 4134; x_wconf 85' lang='lat' dir='ltr'><strong><em>mundi.</em></strong></span> <span class='ocrx_word' id='word_1_683' title='bbox 3409 4078 3623 4136; x_wconf 75' lang='lat' dir='ltr'><strong><em>Esurioi</em></strong></span> 
     </span>
    </p>
   </div>
   <div class='ocr_carea' id='block_1_89' title="bbox 2033 4167 3619 4237">
    <p class='ocr_par' dir='ltr' id='par_1_89' title="bbox 2033 4167 3619 4237">
     <span class='ocr_line' id='line_1_89' title="bbox 2033 4167 3619 4237; baseline -0.001 -11"><span class='ocrx_word' id='word_1_684' title='bbox 2033 4172 2194 4237; x_wconf 86' lang='lat' dir='ltr'><strong><em>enim,</em></strong></span> <span class='ocrx_word' id='word_1_685' title='bbox 2221 4181 2270 4225; x_wconf 88' lang='lat' dir='ltr'><strong><em>et</em></strong></span> <span class='ocrx_word' id='word_1_686' title='bbox 2291 4170 2511 4226; x_wconf 86' lang='lat' dir='ltr'><strong><em>dedistis</em></strong></span> <span class='ocrx_word' id='word_1_687' title='bbox 2546 4170 2678 4225; x_wconf 88' lang='lat' dir='ltr'><strong><em>mihi</em></strong></span> <span class='ocrx_word' id='word_1_688' title='bbox 2708 4169 3068 4231; x_wconf 86' lang='lat' dir='ltr'><strong><em>manducare;</em></strong></span> <span class='ocrx_word' id='word_1_689' title='bbox 3102 4170 3266 4233; x_wconf 85' lang='lat' dir='ltr'><strong><em>sitivi,</em></strong></span> <span class='ocrx_word' id='word_1_690' title='bbox 3321 4179 3373 4224; x_wconf 92' lang='lat' dir='ltr'><strong><em>et</em></strong></span> <span class='ocrx_word' id='word_1_691' title='bbox 3395 4167 3619 4225; x_wconf 85' lang='lat' dir='ltr'><strong><em>dedistis</em></strong></span> 
     </span>
    </p>
   </div>
   <div class='ocr_carea' id='block_1_90' title="bbox 2035 4258 3613 4332">
    <p class='ocr_par' dir='ltr' id='par_1_90' title="bbox 2035 4258 3613 4332">
     <span class='ocr_line' id='line_1_90' title="bbox 2035 4258 3613 4332; baseline -0.003 -15"><span class='ocrx_word' id='word_1_692' title='bbox 2035 4264 2165 4318; x_wconf 74' lang='lat' dir='ltr'><strong><em>milii</em></strong></span> <span class='ocrx_word' id='word_1_693' title='bbox 2209 4262 2413 4326; x_wconf 88' lang='lat' dir='ltr'><strong><em>bibere;</em></strong></span> <span class='ocrx_word' id='word_1_694' title='bbox 2446 4262 2635 4332; x_wconf 84' lang='lat' dir='ltr'><strong><em>hospes</em></strong></span> <span class='ocrx_word' id='word_1_695' title='bbox 2672 4278 2841 4326; x_wconf 89' lang='lat' dir='ltr'><strong><em>eram,</em></strong></span> <span class='ocrx_word' id='word_1_696' title='bbox 2872 4268 2921 4314; x_wconf 92' lang='lat' dir='ltr'><strong><em>et</em></strong></span> <span class='ocrx_word' id='word_1_697' title='bbox 2951 4259 3236 4329; x_wconf 86' lang='lat' dir='ltr'><strong><em>collegistis</em></strong></span> <span class='ocrx_word' id='word_1_698' title='bbox 3276 4274 3359 4312; x_wconf 89' lang='lat' dir='ltr'><strong><em>me</em></strong></span> <span class='ocrx_word' id='word_1_699' title='bbox 3380 4273 3398 4321; x_wconf 85' lang='lat'><strong><em>;</em></strong></span> <span class='ocrx_word' id='word_1_700' title='bbox 3419 4258 3613 4322; x_wconf 86' lang='lat' dir='ltr'><strong><em>nudus,</em></strong></span> 
     </span>
    </p>
   </div>
   <div class='ocr_carea' id='block_1_91' title="bbox 2031 4352 3617 4426">
    <p class='ocr_par' dir='ltr' id='par_1_91' title="bbox 2031 4352 3617 4426">
     <span class='ocr_line' id='line_1_91' title="bbox 2031 4352 3617 4426; baseline -0.004 -15"><span class='ocrx_word' id='word_1_701' title='bbox 2031 4367 2082 4412; x_wconf 92' lang='lat' dir='ltr'><strong><em>et</em></strong></span> <span class='ocrx_word' id='word_1_702' title='bbox 2129 4356 2475 4426; x_wconf 83' lang='lat' dir='ltr'><strong><em>cooperuistis</em></strong></span> <span class='ocrx_word' id='word_1_703' title='bbox 2526 4372 2640 4420; x_wconf 86' lang='lat' dir='ltr'><strong><em>me;</em></strong></span> <span class='ocrx_word' id='word_1_704' title='bbox 2683 4355 2957 4424; x_wconf 82' lang='lat' dir='ltr'><strong><em>inﬁrmus,</em></strong></span> <span class='ocrx_word' id='word_1_705' title='bbox 3001 4363 3048 4409; x_wconf 90' lang='lat' dir='ltr'><strong><em>et</em></strong></span> <span class='ocrx_word' id='word_1_706' title='bbox 3087 4352 3343 4407; x_wconf 80' lang='lat' dir='ltr'><strong><em>uisitastis</em></strong></span> <span class='ocrx_word' id='word_1_707' title='bbox 3392 4366 3512 4414; x_wconf 87' lang='lat' dir='ltr'><strong><em>me;</em></strong></span> <span class='ocrx_word' id='word_1_708' title='bbox 3560 4352 3617 4405; x_wconf 82' lang='lat' dir='ltr'><strong><em>in</em></strong></span> 
     </span>
    </p>
   </div>
   <div class='ocr_carea' id='block_1_92' title="bbox 2033 4444 3613 4517">
    <p class='ocr_par' dir='ltr' id='par_1_92' title="bbox 2033 4444 3613 4517">
     <span class='ocr_line' id='line_1_92' title="bbox 2033 4444 3613 4517; baseline -0.004 -14"><span class='ocrx_word' id='word_1_709' title='bbox 2033 4466 2242 4504; x_wconf 88' lang='lat' dir='ltr'><strong><em>carcere</em></strong></span> <span class='ocrx_word' id='word_1_710' title='bbox 2269 4464 2440 4511; x_wconf 88' lang='lat' dir='ltr'><strong><em>eram,</em></strong></span> <span class='ocrx_word' id='word_1_711' title='bbox 2492 4458 2543 4502; x_wconf 91' lang='lat' dir='ltr'><strong><em>et</em></strong></span> <span class='ocrx_word' id='word_1_712' title='bbox 2570 4448 2784 4502; x_wconf 80' lang='lat' dir='ltr'><strong><em>uenistis</em></strong></span> <span class='ocrx_word' id='word_1_713' title='bbox 2815 4446 2884 4501; x_wconf 91' lang='lat' dir='ltr'><strong><em>ad</em></strong></span> <span class='ocrx_word' id='word_1_714' title='bbox 2919 4463 3001 4501; x_wconf 88' lang='lat' dir='ltr'><strong><em>me</em></strong></span> <span class='ocrx_word' id='word_1_715' title='bbox 3020 4446 3092 4516; x_wconf 80' lang='grc'><strong><em>¹⁹;</em></strong></span> <span class='ocrx_word' id='word_1_716' title='bbox 3146 4446 3349 4517; x_wconf 89' lang='lat' dir='ltr'><strong><em>quibus</em></strong></span> <span class='ocrx_word' id='word_1_717' title='bbox 3383 4444 3613 4516; x_wconf 88' lang='lat' dir='ltr'><strong><em>subjun—</em></strong></span> 
     </span>
    </p>
   </div>
   <div class='ocr_carea' id='block_1_93' title="bbox 2032 4536 3615 4613">
    <p class='ocr_par' dir='ltr' id='par_1_93' title="bbox 2032 4536 3615 4613">
     <span class='ocr_line' id='line_1_93' title="bbox 2032 4536 3615 4613; baseline -0.004 -17"><span class='ocrx_word' id='word_1_718' title='bbox 2032 4543 2111 4613; x_wconf 78' lang='lat' dir='ltr'><strong><em>git</em></strong></span> <span class='ocrx_word' id='word_1_719' title='bbox 2141 4560 2155 4597; x_wconf 89' lang='lat'><strong>:</strong></span> <span class='ocrx_word' id='word_1_720' title='bbox 2194 4541 2464 4608; x_wconf 85' lang='lat' dir='ltr'><strong><em>Quantum</em></strong></span> <span class='ocrx_word' id='word_1_721' title='bbox 2492 4541 2694 4611; x_wconf 80' lang='lat' dir='ltr'><strong><em>fecistis</em></strong></span> <span class='ocrx_word' id='word_1_722' title='bbox 2730 4542 2823 4595; x_wconf 85' lang='lat' dir='ltr'><strong><em>uni</em></strong></span> <span class='ocrx_word' id='word_1_723' title='bbox 2869 4555 2936 4595; x_wconf 78' lang='lat' dir='ltr'><strong><em>ea:</em></strong></span> <span class='ocrx_word' id='word_1_724' title='bbox 2967 4540 3049 4596; x_wconf 84' lang='lat' dir='ltr'><strong><em>his</em></strong></span> <span class='ocrx_word' id='word_1_725' title='bbox 3080 4538 3339 4611; x_wconf 75' lang='lat' dir='ltr'><strong><em>fratribus</em></strong></span> <span class='ocrx_word' id='word_1_726' title='bbox 3362 4538 3489 4593; x_wconf 88' lang='lat' dir='ltr'><strong><em>meis</em></strong></span> <span class='ocrx_word' id='word_1_727' title='bbox 3522 4536 3615 4590; x_wconf 87' lang='lat' dir='ltr'><strong><em>mi-</em></strong></span> 
     </span>
    </p>
   </div>
   <div class='ocr_carea' id='block_1_94' title="bbox 2035 4633 3616 4706">
    <p class='ocr_par' dir='ltr' id='par_1_94' title="bbox 2035 4633 3616 4706">
     <span class='ocr_line' id='line_1_94' title="bbox 2035 4633 3616 4706; baseline -0.003 -18"><span class='ocrx_word' id='word_1_728' title='bbox 2035 4634 2218 4702; x_wconf 86' lang='lat' dir='ltr'><strong><em>nimis,</em></strong></span> <span class='ocrx_word' id='word_1_729' title='bbox 2252 4634 2382 4687; x_wconf 83' lang='lat' dir='ltr'><strong><em>mihi</em></strong></span> <span class='ocrx_word' id='word_1_730' title='bbox 2441 4633 2644 4705; x_wconf 86' lang='lat' dir='ltr'><strong><em>fecistis</em></strong></span> <span class='ocrx_word' id='word_1_731' title='bbox 2677 4635 2745 4691; x_wconf 83' lang='grc'><strong><em>²⁰.</em></strong></span> <span class='ocrx_word' id='word_1_732' title='bbox 2799 4633 2980 4706; x_wconf 83' lang='lat' dir='ltr'><strong><em>Atque</em></strong></span> <span class='ocrx_word' id='word_1_733' title='bbox 3017 4635 3091 4689; x_wconf 86' lang='lat' dir='ltr'><strong><em>ita</em></strong></span> <span class='ocrx_word' id='word_1_734' title='bbox 3149 4648 3274 4689; x_wconf 85' lang='lat' dir='ltr'><strong><em>vere</em></strong></span> <span class='ocrx_word' id='word_1_735' title='bbox 3307 4633 3500 4688; x_wconf 87' lang='lat' dir='ltr'><strong><em>beatus</em></strong></span> <span class='ocrx_word' id='word_1_736' title='bbox 3527 4635 3616 4685; x_wconf 77' lang='lat' dir='ltr'><strong><em>est</em></strong></span> 
     </span>
    </p>
   </div>
   <div class='ocr_carea' id='block_1_95' title="bbox 353 4716 1940 4801">
    <p class='ocr_par' dir='ltr' id='par_1_95' title="bbox 353 4716 1931 4790">
     <span class='ocr_line' id='line_1_95' title="bbox 353 4716 1931 4790; baseline 0.001 -15"><span class='ocrx_word' id='word_1_737' title='bbox 353 4716 436 4786; x_wconf 75' lang='grc' dir='ltr'>οἷς</span> <span class='ocrx_word' id='word_1_738' title='bbox 457 4721 718 4790; x_wconf 81' lang='grc' dir='ltr'>ἐπιλέγει·</span> <span class='ocrx_word' id='word_1_739' title='bbox 767 4719 885 4789; x_wconf 75' lang='grc' dir='ltr'><strong><em>Ἐφ’</em></strong></span> <span class='ocrx_word' id='word_1_740' title='bbox 924 4718 1076 4772; x_wconf 87' lang='grc' dir='ltr'>ὅσον</span> <span class='ocrx_word' id='word_1_741' title='bbox 1093 4719 1414 4786; x_wconf 83' lang='grc' dir='ltr'>ἐποιήσατε</span> <span class='ocrx_word' id='word_1_742' title='bbox 1440 4719 1531 4774; x_wconf 75' lang='grc' dir='ltr'><strong><em>ἑνὶ</em></strong></span> <span class='ocrx_word' id='word_1_743' title='bbox 1552 4718 1671 4774; x_wconf 86' lang='grc' dir='ltr'>τῶν</span> <span class='ocrx_word' id='word_1_744' title='bbox 1702 4723 1931 4778; x_wconf 82' lang='grc' dir='ltr'>τούτων</span> 
     </span>
    </p>
   </div>
   <div class='ocr_carea' id='block_1_96' title="bbox 2042 4716 3613 4801">
    <p class='ocr_par' dir='ltr' id='par_1_96' title="bbox 2042 4721 3613 4796">
     <span class='ocr_line' id='line_1_96' title="bbox 2042 4721 3613 4796; baseline -0.001 -18"><span class='ocrx_word' id='word_1_745' title='bbox 2042 4725 2127 4795; x_wconf 75' lang='lat' dir='ltr'><strong><em>qui</em></strong></span> <span class='ocrx_word' id='word_1_746' title='bbox 2161 4725 2414 4796; x_wconf 79' lang='lat' dir='ltr'><strong><em>intelligit</em></strong></span> <span class='ocrx_word' id='word_1_747' title='bbox 2461 4740 2628 4796; x_wconf 88' lang='lat' dir='ltr'><strong><em>super</em></strong></span> <span class='ocrx_word' id='word_1_748' title='bbox 2659 4739 2889 4796; x_wconf 83' lang='lat' dir='ltr'><strong><em>egenum</em></strong></span> <span class='ocrx_word' id='word_1_749' title='bbox 2917 4732 2973 4780; x_wconf 89' lang='lat' dir='ltr'><strong><em>et</em></strong></span> <span class='ocrx_word' id='word_1_750' title='bbox 3001 4734 3292 4795; x_wconf 86' lang='lat' dir='ltr'><strong><em>pauperem</em></strong></span> <span class='ocrx_word' id='word_1_751' title='bbox 3341 4721 3420 4777; x_wconf 88' lang='lat' dir='ltr'><strong><em>sic</em></strong></span> <span class='ocrx_word' id='word_1_752' title='bbox 3455 4734 3613 4777; x_wconf 82' lang='lat' dir='ltr'><strong><em>acce-</em></strong></span> 
     </span>
    </p>
   </div>
   <div class='ocr_carea' id='block_1_97' title="bbox 353 4808 1925 4882">
    <p class='ocr_par' dir='ltr' id='par_1_97' title="bbox 353 4808 1925 4882">
     <span class='ocr_line' id='line_1_97' title="bbox 353 4808 1925 4882; baseline 0 -15"><span class='ocrx_word' id='word_1_753' title='bbox 353 4811 476 4868; x_wconf 85' lang='grc' dir='ltr'><strong><em>τῶν</em></strong></span> <span class='ocrx_word' id='word_1_754' title='bbox 495 4812 837 4882; x_wconf 77' lang='grc' dir='ltr'>ἐλαχίστων</span> <span class='ocrx_word' id='word_1_755' title='bbox 850 4809 970 4864; x_wconf 85' lang='grc' dir='ltr'>τῶν</span> <span class='ocrx_word' id='word_1_756' title='bbox 988 4808 1268 4880; x_wconf 65' lang='grc' dir='ltr'>ἀδελφῶν</span> <span class='ocrx_word' id='word_1_757' title='bbox 1274 4828 1414 4880; x_wconf 88' lang='grc' dir='ltr'>μου,</span> <span class='ocrx_word' id='word_1_758' title='bbox 1432 4810 1560 4877; x_wconf 79' lang='grc' dir='ltr'>ἐμοὶ</span> <span class='ocrx_word' id='word_1_759' title='bbox 1583 4810 1925 4879; x_wconf 84' lang='grc' dir='ltr'>ἐποιήσατε.</span> 
     </span>
    </p>
   </div>
   <div class='ocr_carea' id='block_1_98' title="bbox 353 4901 1930 4976">
    <p class='ocr_par' dir='ltr' id='par_1_98' title="bbox 353 4901 1930 4976">
     <span class='ocr_line' id='line_1_98' title="bbox 353 4901 1930 4976; baseline 0.001 -16"><span class='ocrx_word' id='word_1_760' title='bbox 353 4908 464 4960; x_wconf 74' lang='grc' dir='ltr'><strong><em>Καὶ</em></strong></span> <span class='ocrx_word' id='word_1_761' title='bbox 492 4905 664 4969; x_wconf 72' lang='grc' dir='ltr'>οὕτως</span> <span class='ocrx_word' id='word_1_762' title='bbox 692 4901 785 4960; x_wconf 79' lang='grc' dir='ltr'><strong><em>οὗν</em></strong></span> <span class='ocrx_word' id='word_1_763' title='bbox 842 4905 1107 4976; x_wconf 80' lang='grc' dir='ltr'>μακάριος</span> <span class='ocrx_word' id='word_1_764' title='bbox 1132 4903 1348 4975; x_wconf 83' lang='grc' dir='ltr'>ἀληθῶς</span> <span class='ocrx_word' id='word_1_765' title='bbox 1389 4907 1419 4958; x_wconf 88' lang='lat'><strong><em>6</em></strong></span> <span class='ocrx_word' id='word_1_766' title='bbox 1477 4903 1674 4960; x_wconf 84' lang='grc' dir='ltr'>συνιὼν</span> <span class='ocrx_word' id='word_1_767' title='bbox 1718 4906 1811 4960; x_wconf 72' lang='grc' dir='ltr'>ἐπὶ</span> <span class='ocrx_word' id='word_1_768' title='bbox 1837 4907 1930 4961; x_wconf 87' lang='grc' dir='ltr'>τὸν</span> 
     </span>
    </p>
   </div>
   <div class='ocr_carea' id='block_1_99' title="bbox 348 4996 1930 5069">
    <p class='ocr_par' dir='ltr' id='par_1_99' title="bbox 348 4996 1930 5069">
     <span class='ocr_line' id='line_1_99' title="bbox 348 4996 1930 5069; baseline 0 -16"><span class='ocrx_word' id='word_1_769' title='bbox 348 4997 523 5062; x_wconf 75' lang='grc' dir='ltr'>οὕτως</span> <span class='ocrx_word' id='word_1_770' title='bbox 552 4998 882 5053; x_wconf 83' lang='grc' dir='ltr'>ἀποδοθέντα</span> <span class='ocrx_word' id='word_1_771' title='bbox 909 4996 1121 5067; x_wconf 85' lang='grc' dir='ltr'>πτωχὸν</span> <span class='ocrx_word' id='word_1_772' title='bbox 1165 4998 1257 5051; x_wconf 76' lang='grc' dir='ltr'>καὶ</span> <span class='ocrx_word' id='word_1_773' title='bbox 1285 4997 1511 5069; x_wconf 87' lang='grc' dir='ltr'>πένητα.</span> <span class='ocrx_word' id='word_1_774' title='bbox 1547 4998 1609 5051; x_wconf 80' lang='lat' dir='ltr'><strong><em>Ei</em></strong></span> <span class='ocrx_word' id='word_1_775' title='bbox 1635 4998 1693 5051; x_wconf 87' lang='grc' dir='ltr'><strong><em>δέ</em></strong></span> <span class='ocrx_word' id='word_1_776' title='bbox 1711 4999 1804 5053; x_wconf 77' lang='grc' dir='ltr'>καὶ</span> <span class='ocrx_word' id='word_1_777' title='bbox 1837 5000 1930 5053; x_wconf 74' lang='grc' dir='ltr'>ἐπὶ</span> 
     </span>
    </p>
   </div>
   <div class='ocr_carea' id='block_1_100' title="bbox 348 5089 1931 5163">
    <p class='ocr_par' dir='ltr' id='par_1_100' title="bbox 348 5089 1931 5163">
     <span class='ocr_line' id='line_1_100' title="bbox 348 5089 1931 5163; baseline 0.001 -19"><span class='ocrx_word' id='word_1_778' title='bbox 348 5089 441 5144; x_wconf 75' lang='grc' dir='ltr'>τὸν</span> <span class='ocrx_word' id='word_1_779' title='bbox 469 5090 634 5145; x_wconf 80' lang='grc' dir='ltr'><strong><em>Δαυῖδ</em></strong></span> <span class='ocrx_word' id='word_1_780' title='bbox 666 5091 991 5163; x_wconf 85' lang='grc' dir='ltr'>ἀναφέροιτο</span> <span class='ocrx_word' id='word_1_781' title='bbox 1021 5092 1087 5146; x_wconf 84' lang='grc' dir='ltr'>τὰ</span> <span class='ocrx_word' id='word_1_782' title='bbox 1120 5089 1440 5162; x_wconf 81' lang='grc' dir='ltr'>λελεγμένα,</span> <span class='ocrx_word' id='word_1_783' title='bbox 1484 5090 1658 5157; x_wconf 73' lang='grc' dir='ltr'>εἴποις</span> <span class='ocrx_word' id='word_1_784' title='bbox 1703 5091 1770 5146; x_wconf 84' lang='grc' dir='ltr'>ἂν</span> <span class='ocrx_word' id='word_1_785' title='bbox 1799 5092 1931 5146; x_wconf 83' lang='grc' dir='ltr'>ἀκο-</span> 
     </span>
    </p>
   </div>
   <div class='ocr_carea' id='block_1_101' title="bbox 348 5179 1929 5256">
    <p class='ocr_par' dir='ltr' id='par_1_101' title="bbox 348 5179 1929 5256">
     <span class='ocr_line' id='line_1_101' title="bbox 348 5179 1929 5256; baseline 0.001 -19"><span class='ocrx_word' id='word_1_786' title='bbox 348 5180 556 5248; x_wconf 78' lang='grc' dir='ltr'>λούθως</span> <span class='ocrx_word' id='word_1_787' title='bbox 586 5183 663 5255; x_wconf 78' lang='grc' dir='ltr'><strong><em>τῷ</em></strong></span> <span class='ocrx_word' id='word_1_788' title='bbox 690 5183 795 5256; x_wconf 85' lang='grc' dir='ltr'>πρὸ</span> <span class='ocrx_word' id='word_1_789' title='bbox 813 5181 1000 5237; x_wconf 85' lang='grc' dir='ltr'>τούτου</span> <span class='ocrx_word' id='word_1_790' title='bbox 1030 5183 1230 5255; x_wconf 79' lang='grc' dir='ltr'>ψαλμῷ</span> <span class='ocrx_word' id='word_1_791' title='bbox 1257 5179 1429 5237; x_wconf 87' lang='grc' dir='ltr'>ταῦτα</span> <span class='ocrx_word' id='word_1_792' title='bbox 1454 5182 1744 5254; x_wconf 80' lang='grc' dir='ltr'>συνῆφθαι.</span> <span class='ocrx_word' id='word_1_793' title='bbox 1773 5183 1929 5239; x_wconf 76' lang='grc' dir='ltr'>Ἐπεὶ</span> 
     </span>
    </p>
   </div>
   <div class='ocr_carea' id='block_1_102' title="bbox 348 5273 1921 5349">
    <p class='ocr_par' dir='ltr' id='par_1_102' title="bbox 348 5273 1921 5349">
     <span class='ocr_line' id='line_1_102' title="bbox 348 5273 1921 5349; baseline 0.001 -19"><span class='ocrx_word' id='word_1_794' title='bbox 348 5275 460 5347; x_wconf 81' lang='grc' dir='ltr'><strong><em>γὰρ</em></strong></span> <span class='ocrx_word' id='word_1_795' title='bbox 493 5277 631 5349; x_wconf 81' lang='grc' dir='ltr'>πρὸς</span> <span class='ocrx_word' id='word_1_796' title='bbox 660 5279 771 5340; x_wconf 85' lang='grc' dir='ltr'>τοῖς</span> <span class='ocrx_word' id='word_1_797' title='bbox 800 5275 1129 5340; x_wconf 73' lang='grc' dir='ltr'>τελευταίοις</span> <span class='ocrx_word' id='word_1_798' title='bbox 1156 5275 1250 5330; x_wconf 90' lang='grc' dir='ltr'><strong><em>τοῦ</em></strong></span> <span class='ocrx_word' id='word_1_799' title='bbox 1282 5273 1359 5329; x_wconf 83' lang='grc' dir='ltr'>λθ¹</span> <span class='ocrx_word' id='word_1_800' title='bbox 1388 5274 1604 5345; x_wconf 78' lang='grc' dir='ltr'>ἐλέγετο</span> <span class='ocrx_word' id='word_1_801' title='bbox 1653 5277 1719 5330; x_wconf 84' lang='grc' dir='ltr'><strong><em>ἐκ</em></strong></span> <span class='ocrx_word' id='word_1_802' title='bbox 1748 5293 1921 5349; x_wconf 88' lang='grc' dir='ltr'>προσ-</span> 
     </span>
    </p>
   </div>
   <div class='ocr_carea' id='block_1_103' title="bbox 348 5367 1920 5440">
    <p class='ocr_par' dir='ltr' id='par_1_103' title="bbox 348 5367 1920 5440">
     <span class='ocr_line' id='line_1_103' title="bbox 348 5367 1920 5440; baseline 0 -16"><span class='ocrx_word' id='word_1_803' title='bbox 348 5369 502 5424; x_wconf 87' lang='grc' dir='ltr'>ώπου</span> <span class='ocrx_word' id='word_1_804' title='bbox 526 5370 619 5424; x_wconf 89' lang='grc' dir='ltr'><strong><em>τοῦ</em></strong></span> <span class='ocrx_word' id='word_1_805' title='bbox 643 5370 806 5425; x_wconf 84' lang='grc' dir='ltr'><strong><em>Δαυῖδ</em></strong></span> <span class='ocrx_word' id='word_1_806' title='bbox 827 5387 842 5402; x_wconf 84' lang='lat'><strong><em>°</em></strong></span> <span class='ocrx_word' id='word_1_807' title='bbox 883 5367 1028 5440; x_wconf 77' lang='grc' dir='ltr'><strong><em>Ἐγὼ</em></strong></span> <span class='ocrx_word' id='word_1_808' title='bbox 1061 5369 1130 5424; x_wconf 76' lang='grc' dir='ltr'><strong><em>δὲ</em></strong></span> <span class='ocrx_word' id='word_1_809' title='bbox 1151 5370 1338 5439; x_wconf 83' lang='grc' dir='ltr'>πένης</span> <span class='ocrx_word' id='word_1_810' title='bbox 1368 5368 1485 5440; x_wconf 72' lang='grc' dir='ltr'>εἰμὶ</span> <span class='ocrx_word' id='word_1_811' title='bbox 1528 5369 1627 5423; x_wconf 75' lang='grc' dir='ltr'><strong><em>καὶ</em></strong></span> <span class='ocrx_word' id='word_1_812' title='bbox 1653 5369 1920 5440; x_wconf 76' lang='grc' dir='ltr'>πτωχόςο</span> 
     </span>
    </p>
   </div>
   <div class='ocr_carea' id='block_1_104' title="bbox 347 5457 1924 5532">
    <p class='ocr_par' dir='ltr' id='par_1_104' title="bbox 347 5457 1924 5532">
     <span class='ocr_line' id='line_1_104' title="bbox 347 5457 1924 5532; baseline 0 -17"><span class='ocrx_word' id='word_1_813' title='bbox 347 5460 521 5515; x_wconf 85' lang='grc' dir='ltr'>ταῦτα</span> <span class='ocrx_word' id='word_1_814' title='bbox 551 5460 596 5514; x_wconf 82' lang='grc' dir='ltr'>δ’</span> <span class='ocrx_word' id='word_1_815' title='bbox 629 5461 812 5531; x_wconf 81' lang='grc' dir='ltr'>ἐλεγεν</span> <span class='ocrx_word' id='word_1_816' title='bbox 848 5462 876 5514; x_wconf 89' lang='lat'><strong><em>6</em></strong></span> <span class='ocrx_word' id='word_1_817' title='bbox 912 5458 1163 5529; x_wconf 87' lang='grc' dir='ltr'>τοσοῦτος</span> <span class='ocrx_word' id='word_1_818' title='bbox 1185 5457 1437 5531; x_wconf 76' lang='grc' dir='ltr'>βασιλεὺς</span> <span class='ocrx_word' id='word_1_819' title='bbox 1460 5500 1476 5528; x_wconf 90' lang='grc'><strong><em>,</em></strong></span> <span class='ocrx_word' id='word_1_820' title='bbox 1515 5461 1545 5514; x_wconf 85' lang='lat'><strong><em>6</em></strong></span> <span class='ocrx_word' id='word_1_821' title='bbox 1589 5458 1684 5514; x_wconf 75' lang='grc' dir='ltr'><strong><em>τὸν</em></strong></span> <span class='ocrx_word' id='word_1_822' title='bbox 1717 5459 1924 5532; x_wconf 77' lang='grc' dir='ltr'>ἄφατον</span> 
     </span>
    </p>
   </div>
   <div class='ocr_carea' id='block_1_105' title="bbox 346 5552 1924 5628">
    <p class='ocr_par' dir='ltr' id='par_1_105' title="bbox 346 5552 1924 5628">
     <span class='ocr_line' id='line_1_105' title="bbox 346 5552 1924 5628; baseline 0 -20"><span class='ocrx_word' id='word_1_823' title='bbox 346 5553 579 5610; x_wconf 89' lang='grc' dir='ltr'>πλοῦτον</span> <span class='ocrx_word' id='word_1_824' title='bbox 619 5554 963 5627; x_wconf 85' lang='grc' dir='ltr'>συναγηοχὼς</span> <span class='ocrx_word' id='word_1_825' title='bbox 1010 5554 1090 5618; x_wconf 80' lang='grc' dir='ltr'><strong><em>εἰς</em></strong></span> <span class='ocrx_word' id='word_1_826' title='bbox 1135 5553 1236 5626; x_wconf 80' lang='grc' dir='ltr'>τὴν</span> <span class='ocrx_word' id='word_1_827' title='bbox 1274 5552 1625 5628; x_wconf 81' lang='grc' dir='ltr'>παρασκευὴν</span> <span class='ocrx_word' id='word_1_828' title='bbox 1654 5552 1751 5607; x_wconf 85' lang='grc' dir='ltr'><strong><em>τοῦ</em></strong></span> <span class='ocrx_word' id='word_1_829' title='bbox 1786 5553 1924 5625; x_wconf 81' lang='grc' dir='ltr'>μετὰ</span> 
     </span>
    </p>
   </div>
   <div class='ocr_carea' id='block_1_106' title="bbox 343 5644 1924 5719">
    <p class='ocr_par' dir='ltr' id='par_1_106' title="bbox 343 5644 1924 5719">
     <span class='ocr_line' id='line_1_106' title="bbox 343 5644 1924 5719; baseline 0.001 -18"><span class='ocrx_word' id='word_1_830' title='bbox 343 5647 523 5701; x_wconf 82' lang='grc' dir='ltr'>ταῦτα</span> <span class='ocrx_word' id='word_1_831' title='bbox 556 5646 923 5719; x_wconf 79' lang='grc' dir='ltr'>ἐγηγερμένον</span> <span class='ocrx_word' id='word_1_832' title='bbox 950 5645 1038 5700; x_wconf 82' lang='grc' dir='ltr'><strong><em>διὰ</em></strong></span> <span class='ocrx_word' id='word_1_833' title='bbox 1072 5644 1382 5718; x_wconf 83' lang='grc' dir='ltr'>Σολομῶνος</span> <span class='ocrx_word' id='word_1_834' title='bbox 1422 5644 1564 5712; x_wconf 60' lang='grc' dir='ltr'>ναοῦ,</span> <span class='ocrx_word' id='word_1_835' title='bbox 1610 5645 1924 5718; x_wconf 79' lang='grc' dir='ltr'>σμικρύνων</span> 
     </span>
    </p>
   </div>
   <div class='ocr_carea' id='block_1_107' title="bbox 2033 4810 3605 4884">
    <p class='ocr_par' dir='ltr' id='par_1_107' title="bbox 2033 4810 3605 4884">
     <span class='ocr_line' id='line_1_107' title="bbox 2033 4810 3605 4884; baseline -0.002 -16"><span class='ocrx_word' id='word_1_836' title='bbox 2033 4824 2205 4884; x_wconf 89' lang='lat' dir='ltr'><strong><em>ptum.</em></strong></span> <span class='ocrx_word' id='word_1_837' title='bbox 2244 4812 2399 4879; x_wconf 83' lang='lat' dir='ltr'><strong><em>Quod</em></strong></span> <span class='ocrx_word' id='word_1_838' title='bbox 2434 4813 2480 4869; x_wconf 91' lang='lat' dir='ltr'><strong><em>si</em></strong></span> <span class='ocrx_word' id='word_1_839' title='bbox 2512 4815 2579 4868; x_wconf 89' lang='lat' dir='ltr'><strong><em>ad</em></strong></span> <span class='ocrx_word' id='word_1_840' title='bbox 2610 4813 2868 4869; x_wconf 88' lang='lat' dir='ltr'><strong><em>Davidem</em></strong></span> <span class='ocrx_word' id='word_1_841' title='bbox 2912 4827 3077 4884; x_wconf 87' lang='lat' dir='ltr'><strong><em>supra</em></strong></span> <span class='ocrx_word' id='word_1_842' title='bbox 3103 4813 3250 4867; x_wconf 88' lang='lat' dir='ltr'><strong><em>dicta</em></strong></span> <span class='ocrx_word' id='word_1_843' title='bbox 3278 4810 3605 4876; x_wconf 84' lang='lat' dir='ltr'><strong><em>referantur,</em></strong></span> 
     </span>
    </p>
   </div>
   <div class='ocr_carea' id='block_1_108' title="bbox 2030 4903 3607 4977">
    <p class='ocr_par' dir='ltr' id='par_1_108' title="bbox 2030 4903 3607 4977">
     <span class='ocr_line' id='line_1_108' title="bbox 2030 4903 3607 4977; baseline -0.001 -16"><span class='ocrx_word' id='word_1_844' title='bbox 2030 4906 2185 4961; x_wconf 86' lang='lat' dir='ltr'><strong><em>dicas</em></strong></span> <span class='ocrx_word' id='word_1_845' title='bbox 2208 4906 2322 4960; x_wconf 70' lang='lat' dir='ltr'><strong><em>haec</em></strong></span> <span class='ocrx_word' id='word_1_846' title='bbox 2343 4907 2594 4977; x_wconf 86' lang='lat' dir='ltr'><strong><em>apposite</em></strong></span> <span class='ocrx_word' id='word_1_847' title='bbox 2615 4904 2939 4977; x_wconf 74' lang='lat' dir='ltr'><strong><em>praecedenti</em></strong></span> <span class='ocrx_word' id='word_1_848' title='bbox 2971 4904 3182 4975; x_wconf 88' lang='lat' dir='ltr'><strong><em>psalmo</em></strong></span> <span class='ocrx_word' id='word_1_849' title='bbox 3200 4903 3442 4959; x_wconf 84' lang='lat' dir='ltr'><strong><em>subnexa</em></strong></span> <span class='ocrx_word' id='word_1_850' title='bbox 3463 4919 3607 4968; x_wconf 88' lang='lat' dir='ltr'><strong><em>esse,</em></strong></span> 
     </span>
    </p>
   </div>
   <div class='ocr_carea' id='block_1_109' title="bbox 2033 4994 3607 5068">
    <p class='ocr_par' dir='ltr' id='par_1_109' title="bbox 2033 4994 3607 5068">
     <span class='ocr_line' id='line_1_109' title="bbox 2033 4994 3607 5068; baseline -0.003 -14"><span class='ocrx_word' id='word_1_851' title='bbox 2033 4997 2305 5068; x_wconf 85' lang='lat' dir='ltr'><strong><em>siquidem</em></strong></span> <span class='ocrx_word' id='word_1_852' title='bbox 2332 4998 2435 5053; x_wconf 90' lang='lat' dir='ltr'><strong><em>sub</em></strong></span> <span class='ocrx_word' id='word_1_853' title='bbox 2459 4996 2618 5053; x_wconf 80' lang='lat' dir='ltr'><strong><em>linem</em></strong></span> <span class='ocrx_word' id='word_1_854' title='bbox 2642 4997 2836 5068; x_wconf 87' lang='lat' dir='ltr'><strong><em>psalmi</em></strong></span> <span class='ocrx_word' id='word_1_855' title='bbox 2868 5012 3055 5060; x_wconf 58' lang='grc' dir='ltr'>χχχιι,</span> <span class='ocrx_word' id='word_1_856' title='bbox 3090 5010 3158 5050; x_wconf 81' lang='lat' dir='ltr'><strong><em>ex</em></strong></span> <span class='ocrx_word' id='word_1_857' title='bbox 3188 5010 3421 5066; x_wconf 90' lang='lat' dir='ltr'><strong><em>persona</em></strong></span> <span class='ocrx_word' id='word_1_858' title='bbox 3445 4994 3607 5050; x_wconf 80' lang='lat' dir='ltr'><strong><em>Davi-</em></strong></span> 
     </span>
    </p>
   </div>
   <div class='ocr_carea' id='block_1_110' title="bbox 2030 5086 3604 5159">
    <p class='ocr_par' dir='ltr' id='par_1_110' title="bbox 2030 5086 3604 5159">
     <span class='ocr_line' id='line_1_110' title="bbox 2030 5086 3604 5159; baseline -0.001 -15"><span class='ocrx_word' id='word_1_859' title='bbox 2030 5089 2117 5147; x_wconf 91' lang='lat' dir='ltr'><strong><em>dis</em></strong></span> <span class='ocrx_word' id='word_1_860' title='bbox 2137 5089 2442 5153; x_wconf 83' lang='lat' dir='ltr'><strong><em>dicebatur,</em></strong></span> <span class='ocrx_word' id='word_1_861' title='bbox 2465 5105 2558 5159; x_wconf 87' lang='lat' dir='ltr'><strong><em>ego</em></strong></span> <span class='ocrx_word' id='word_1_862' title='bbox 2587 5098 2765 5143; x_wconf 89' lang='lat' dir='ltr'><strong><em>autem</em></strong></span> <span class='ocrx_word' id='word_1_863' title='bbox 2810 5086 3080 5142; x_wconf 83' lang='lat' dir='ltr'><strong><em>mendicus</em></strong></span> <span class='ocrx_word' id='word_1_864' title='bbox 3128 5102 3247 5140; x_wconf 90' lang='lat' dir='ltr'><strong><em>sum</em></strong></span> <span class='ocrx_word' id='word_1_865' title='bbox 3293 5095 3345 5141; x_wconf 86' lang='lat' dir='ltr'><strong><em>et</em></strong></span> <span class='ocrx_word' id='word_1_866' title='bbox 3385 5102 3604 5156; x_wconf 87' lang='lat' dir='ltr'><strong><em>pauper.</em></strong></span> 
     </span>
    </p>
   </div>
   <div class='ocr_carea' id='block_1_111' title="bbox 2030 5179 3605 5254">
    <p class='ocr_par' dir='ltr' id='par_1_111' title="bbox 2030 5179 3605 5254">
     <span class='ocr_line' id='line_1_111' title="bbox 2030 5179 3605 5254; baseline -0.002 -16"><span class='ocrx_word' id='word_1_867' title='bbox 2030 5181 2157 5238; x_wconf 82' lang='lat' dir='ltr'><strong><em>Haec</em></strong></span> <span class='ocrx_word' id='word_1_868' title='bbox 2184 5197 2350 5254; x_wconf 85' lang='lat' dir='ltr'><strong><em>porro</em></strong></span> <span class='ocrx_word' id='word_1_869' title='bbox 2390 5189 2577 5237; x_wconf 88' lang='lat' dir='ltr'><strong><em>tantus</em></strong></span> <span class='ocrx_word' id='word_1_870' title='bbox 2622 5198 2716 5238; x_wconf 79' lang='lat' dir='ltr'><strong><em>rex</em></strong></span> <span class='ocrx_word' id='word_1_871' title='bbox 2748 5181 2986 5245; x_wconf 83' lang='lat' dir='ltr'><strong><em>dicebat,</em></strong></span> <span class='ocrx_word' id='word_1_872' title='bbox 3042 5179 3138 5250; x_wconf 84' lang='lat' dir='ltr'><strong><em>qui</em></strong></span> <span class='ocrx_word' id='word_1_873' title='bbox 3193 5179 3605 5235; x_wconf 71' lang='lat' dir='ltr'><strong><em>inaestimabiles</em></strong></span> 
     </span>
    </p>
   </div>
   <div class='ocr_carea' id='block_1_112' title="bbox 2024 5268 3603 5346">
    <p class='ocr_par' dir='ltr' id='par_1_112' title="bbox 2024 5268 3603 5346">
     <span class='ocr_line' id='line_1_112' title="bbox 2024 5268 3603 5346; baseline -0.001 -16"><span class='ocrx_word' id='word_1_874' title='bbox 2024 5275 2245 5331; x_wconf 88' lang='lat' dir='ltr'><strong><em>divitias</em></strong></span> <span class='ocrx_word' id='word_1_875' title='bbox 2271 5274 2338 5330; x_wconf 88' lang='lat' dir='ltr'><strong><em>ad</em></strong></span> <span class='ocrx_word' id='word_1_876' title='bbox 2363 5283 2689 5346; x_wconf 87' lang='lat' dir='ltr'><strong><em>apparatum</em></strong></span> <span class='ocrx_word' id='word_1_877' title='bbox 2734 5274 2941 5343; x_wconf 87' lang='lat' dir='ltr'><strong><em>templi,</em></strong></span> <span class='ocrx_word' id='word_1_878' title='bbox 2969 5272 3072 5329; x_wconf 90' lang='lat' dir='ltr'><strong><em>sub</em></strong></span> <span class='ocrx_word' id='word_1_879' title='bbox 3111 5271 3226 5327; x_wconf 63' lang='lat' dir='ltr'><strong><em>haec</em></strong></span> <span class='ocrx_word' id='word_1_880' title='bbox 3245 5286 3276 5325; x_wconf 91' lang='lat' dir='ltr'><strong><em>a</em></strong></span> <span class='ocrx_word' id='word_1_881' title='bbox 3310 5268 3603 5329; x_wconf 84' lang='lat' dir='ltr'><strong><em>Salomone</em></strong></span> 
     </span>
    </p>
   </div>
   <div class='ocr_carea' id='block_1_113' title="bbox 2024 5365 3598 5441">
    <p class='ocr_par' dir='ltr' id='par_1_113' title="bbox 2024 5365 3598 5441">
     <span class='ocr_line' id='line_1_113' title="bbox 2024 5365 3598 5441; baseline -0.004 -16"><span class='ocrx_word' id='word_1_882' title='bbox 2024 5369 2241 5436; x_wconf 86' lang='lat' dir='ltr'><strong><em>structi,</em></strong></span> <span class='ocrx_word' id='word_1_883' title='bbox 2272 5370 2603 5441; x_wconf 83' lang='lat' dir='ltr'><strong><em>collegerat;</em></strong></span> <span class='ocrx_word' id='word_1_884' title='bbox 2639 5369 2733 5440; x_wconf 91' lang='lat' dir='ltr'><strong><em>qui</em></strong></span> <span class='ocrx_word' id='word_1_885' title='bbox 2785 5382 2906 5424; x_wconf 86' lang='lat' dir='ltr'><strong><em>sese</em></strong></span> <span class='ocrx_word' id='word_1_886' title='bbox 2951 5382 3179 5438; x_wconf 86' lang='lat' dir='ltr'><strong><em>parvum</em></strong></span> <span class='ocrx_word' id='word_1_887' title='bbox 3227 5373 3283 5421; x_wconf 86' lang='lat' dir='ltr'><strong><em>et</em></strong></span> <span class='ocrx_word' id='word_1_888' title='bbox 3314 5365 3598 5430; x_wconf 88' lang='lat' dir='ltr'><strong><em>humilem,</em></strong></span> 
     </span>
    </p>
   </div>
   <div class='ocr_carea' id='block_1_114' title="bbox 2024 5459 3602 5532">
    <p class='ocr_par' dir='ltr' id='par_1_114' title="bbox 2024 5459 3602 5532">
     <span class='ocr_line' id='line_1_114' title="bbox 2024 5459 3602 5532; baseline -0.003 -15"><span class='ocrx_word' id='word_1_889' title='bbox 2024 5461 2402 5532; x_wconf 83' lang='lat' dir='ltr'><strong><em>moderatique</em></strong></span> <span class='ocrx_word' id='word_1_890' title='bbox 2438 5462 2630 5526; x_wconf 88' lang='lat' dir='ltr'><strong><em>animi,</em></strong></span> <span class='ocrx_word' id='word_1_891' title='bbox 2658 5476 2721 5515; x_wconf 90' lang='lat' dir='ltr'><strong><em>ac</em></strong></span> <span class='ocrx_word' id='word_1_892' title='bbox 2756 5459 2953 5514; x_wconf 81' lang='lat' dir='ltr'><strong><em>aﬂ‘ectu</em></strong></span> <span class='ocrx_word' id='word_1_893' title='bbox 3001 5473 3129 5514; x_wconf 83' lang='lat' dir='ltr'><strong><em>vere</em></strong></span> <span class='ocrx_word' id='word_1_894' title='bbox 3179 5472 3474 5529; x_wconf 81' lang='lat' dir='ltr'><strong><em>pauperem</em></strong></span> <span class='ocrx_word' id='word_1_895' title='bbox 3505 5473 3602 5513; x_wconf 84' lang='lat' dir='ltr'><strong><em>ex-</em></strong></span> 
     </span>
    </p>
   </div>
   <div class='ocr_carea' id='block_1_115' title="bbox 2024 5549 3598 5623">
    <p class='ocr_par' dir='ltr' id='par_1_115' title="bbox 2024 5549 3598 5623">
     <span class='ocr_line' id='line_1_115' title="bbox 2024 5549 3598 5623; baseline -0.004 -14"><span class='ocrx_word' id='word_1_896' title='bbox 2024 5554 2265 5610; x_wconf 88' lang='lat' dir='ltr'><strong><em>hibebat.</em></strong></span> <span class='ocrx_word' id='word_1_897' title='bbox 2289 5552 2416 5610; x_wconf 86' lang='lat' dir='ltr'><strong><em>Ideo</em></strong></span> <span class='ocrx_word' id='word_1_898' title='bbox 2438 5554 2762 5623; x_wconf 76' lang='lat' dir='ltr'><strong><em>subiunctus</em></strong></span> <span class='ocrx_word' id='word_1_899' title='bbox 2794 5558 2878 5609; x_wconf 85' lang='lat' dir='ltr'><strong><em>est</em></strong></span> <span class='ocrx_word' id='word_1_900' title='bbox 2909 5567 3150 5623; x_wconf 71' lang='lat' dir='ltr'><strong><em>praesens</em></strong></span> <span class='ocrx_word' id='word_1_901' title='bbox 3173 5555 3437 5623; x_wconf 88' lang='lat' dir='ltr'><strong><em>psalmus,</em></strong></span> <span class='ocrx_word' id='word_1_902' title='bbox 3465 5549 3598 5606; x_wconf 80' lang='lat' dir='ltr'><strong><em>bea-</em></strong></span> 
     </span>
    </p>
   </div>
   <div class='ocr_carea' id='block_1_116' title="bbox 2025 5645 3599 5720">
    <p class='ocr_par' dir='ltr' id='par_1_116' title="bbox 2025 5645 3599 5720">
     <span class='ocr_line' id='line_1_116' title="bbox 2025 5645 3599 5720; baseline -0.001 -19"><span class='ocrx_word' id='word_1_903' title='bbox 2025 5655 2141 5702; x_wconf 90' lang='lat' dir='ltr'><strong><em>tum</em></strong></span> <span class='ocrx_word' id='word_1_904' title='bbox 2170 5647 2475 5717; x_wconf 71' lang='lat' dir='ltr'><strong><em>prazdicans</em></strong></span> <span class='ocrx_word' id='word_1_905' title='bbox 2499 5662 2626 5701; x_wconf 89' lang='lat' dir='ltr'><strong><em>eum</em></strong></span> <span class='ocrx_word' id='word_1_906' title='bbox 2657 5647 2751 5718; x_wconf 89' lang='lat' dir='ltr'><strong><em>qui</em></strong></span> <span class='ocrx_word' id='word_1_907' title='bbox 2773 5662 2940 5717; x_wconf 88' lang='lat' dir='ltr'><strong><em>super</em></strong></span> <span class='ocrx_word' id='word_1_908' title='bbox 2960 5645 3270 5720; x_wconf 72' lang='lat' dir='ltr'><strong><em>huiusmodi</em></strong></span> <span class='ocrx_word' id='word_1_909' title='bbox 3306 5659 3599 5716; x_wconf 85' lang='lat' dir='ltr'><strong><em>pauperem</em></strong></span> 
     </span>
    </p>
   </div>
   <div class='ocr_carea' id='block_1_117' title="bbox 420 5740 1940 5814">
    <p class='ocr_par' dir='ltr' id='par_1_117' title="bbox 420 5740 1940 5814">
     <span class='ocr_line' id='line_1_117' title="bbox 420 5740 1940 5814; baseline -0.001 -16"><span class='ocrx_word' id='word_1_910' title='bbox 420 5744 465 5776; x_wconf 79' lang='lat'><strong>“</strong></span> <span class='ocrx_word' id='word_1_911' title='bbox 500 5743 658 5800; x_wconf 86' lang='lat' dir='ltr'><strong><em>Joan.</em></strong></span> <span class='ocrx_word' id='word_1_912' title='bbox 694 5761 817 5806; x_wconf 80' lang='lat' dir='ltr'><strong><em>xm,</em></strong></span> <span class='ocrx_word' id='word_1_913' title='bbox 852 5743 937 5799; x_wconf 86' lang='lat' dir='ltr'><strong><em>l6.</em></strong></span> <span class='ocrx_word' id='word_1_914' title='bbox 1016 5744 1058 5775; x_wconf 81' lang='lat'><strong>&quot;</strong></span> <span class='ocrx_word' id='word_1_915' title='bbox 1097 5740 1142 5796; x_wconf 77' lang='lat' dir='ltr'><strong><em>il</em></strong></span> <span class='ocrx_word' id='word_1_916' title='bbox 1176 5742 1298 5798; x_wconf 86' lang='lat' dir='ltr'><strong><em>Cor.</em></strong></span> <span class='ocrx_word' id='word_1_917' title='bbox 1328 5757 1459 5802; x_wconf 87' lang='lat' dir='ltr'><strong><em>vm.</em></strong></span> <span class='ocrx_word' id='word_1_918' title='bbox 1496 5741 1550 5798; x_wconf 90' lang='lat'><strong><em>9.</em></strong></span> <span class='ocrx_word' id='word_1_919' title='bbox 1628 5742 1673 5774; x_wconf 78' lang='lat'><strong>&quot;</strong></span> <span class='ocrx_word' id='word_1_920' title='bbox 1713 5740 1940 5814; x_wconf 85' lang='lat' dir='ltr'><strong><em>Philipp.</em></strong></span> 
     </span>
    </p>
   </div>
   <div class='ocr_carea' id='block_1_118' title="bbox 2042 5740 3335 5814">
    <p class='ocr_par' dir='ltr' id='par_1_118' title="bbox 2043 5741 3335 5809">
     <span class='ocr_line' id='line_1_118' title="bbox 2043 5741 3335 5809; baseline -0.001 -13"><span class='ocrx_word' id='word_1_921' title='bbox 2043 5783 2058 5809; x_wconf 92' lang='lat'><strong><em>,</em></strong></span> <span class='ocrx_word' id='word_1_922' title='bbox 2102 5743 2153 5797; x_wconf 89' lang='lat'><strong><em>7.</em></strong></span> <span class='ocrx_word' id='word_1_923' title='bbox 2233 5743 2277 5774; x_wconf 83' lang='grc'><strong><em>¹⁹</em></strong></span> <span class='ocrx_word' id='word_1_924' title='bbox 2311 5741 2502 5798; x_wconf 80' lang='lat' dir='ltr'><strong><em>Matth.</em></strong></span> <span class='ocrx_word' id='word_1_925' title='bbox 2539 5758 2667 5807; x_wconf 77' lang='lat' dir='ltr'><strong><em>xxv,</em></strong></span> <span class='ocrx_word' id='word_1_926' title='bbox 2700 5743 2791 5807; x_wconf 69' lang='lat'><strong><em>&#39;54,</em></strong></span> <span class='ocrx_word' id='word_1_927' title='bbox 2826 5742 2916 5798; x_wconf 76' lang='lat'><strong><em>&#39;55.</em></strong></span> <span class='ocrx_word' id='word_1_928' title='bbox 2996 5741 3042 5775; x_wconf 81' lang='grc'><strong><em>²⁰</em></strong></span> <span class='ocrx_word' id='word_1_929' title='bbox 3081 5742 3213 5797; x_wconf 85' lang='lat' dir='ltr'><strong><em>ibid.</em></strong></span> <span class='ocrx_word' id='word_1_930' title='bbox 3246 5741 3335 5797; x_wconf 75' lang='grc'><strong><em>40.</em></strong></span> 
     </span>
    </p>
   </div>
   <div class='ocr_carea' id='block_1_119' title="bbox 414 5831 1940 5912">
    <p class='ocr_par' dir='ltr' id='par_1_119' title="bbox 414 5834 1940 5912">
     <span class='ocr_line' id='line_1_119' title="bbox 414 5834 1940 5912; baseline 0 -21"><span class='ocrx_word' id='word_1_931' title='bbox 414 5836 494 5908; x_wconf 77' lang='grc'><strong><em>(1)</em></strong></span> <span class='ocrx_word' id='word_1_932' title='bbox 516 5838 703 5892; x_wconf 82' lang='grc' dir='ltr'>Ὅταν</span> <span class='ocrx_word' id='word_1_933' title='bbox 744 5836 982 5892; x_wconf 82' lang='grc' dir='ltr'>ποιεῖτε.</span> <span class='ocrx_word' id='word_1_934' title='bbox 1018 5836 1180 5909; x_wconf 73' lang='lat' dir='ltr'><strong><em>Vulg.</em></strong></span> <span class='ocrx_word' id='word_1_935' title='bbox 1227 5836 1325 5892; x_wconf 81' lang='grc' dir='ltr'><strong><em>ἐὰν</em></strong></span> <span class='ocrx_word' id='word_1_936' title='bbox 1357 5834 1584 5912; x_wconf 82' lang='grc' dir='ltr'>ποιῆτε;</span> <span class='ocrx_word' id='word_1_937' title='bbox 1634 5846 1691 5912; x_wconf 74' lang='grc' dir='ltr'><strong><em>οι</em></strong></span> <span class='ocrx_word' id='word_1_938' title='bbox 1724 5852 1854 5907; x_wconf 74' lang='lat' dir='ltr'><strong><em>mox</em></strong></span> <span class='ocrx_word' id='word_1_939' title='bbox 1888 5854 1940 5909; x_wconf 74' lang='grc' dir='ltr'>ιιι</span> 
     </span>
    </p>
   </div>
   <div class='ocr_carea' id='block_1_120' title="bbox 2042 5831 3592 5912">
    <p class='ocr_par' dir='ltr' id='par_1_120' title="bbox 2042 5831 3592 5909">
     <span class='ocr_line' id='line_1_120' title="bbox 2042 5831 3592 5909; baseline -0.005 -16"><span class='ocrx_word' id='word_1_940' title='bbox 2042 5855 2154 5909; x_wconf 68' lang='grc' dir='ltr'>μου.</span> <span class='ocrx_word' id='word_1_941' title='bbox 2178 5835 2332 5909; x_wconf 80' lang='lat' dir='ltr'><strong><em>Vulg.</em></strong></span> <span class='ocrx_word' id='word_1_942' title='bbox 2357 5839 2476 5908; x_wconf 84' lang='grc' dir='ltr'>μετ’</span> <span class='ocrx_word' id='word_1_943' title='bbox 2528 5836 2686 5909; x_wconf 79' lang='grc' dir='ltr'>ἐμοῦ,</span> <span class='ocrx_word' id='word_1_944' title='bbox 2717 5845 2778 5893; x_wconf 86' lang='grc' dir='ltr'><strong><em>ιιι</em></strong></span> <span class='ocrx_word' id='word_1_945' title='bbox 2823 5848 2879 5893; x_wconf 88' lang='lat' dir='ltr'><strong><em>et</em></strong></span> <span class='ocrx_word' id='word_1_946' title='bbox 2908 5836 3178 5907; x_wconf 84' lang='lat' dir='ltr'><strong><em>interpres</em></strong></span> <span class='ocrx_word' id='word_1_947' title='bbox 3217 5834 3400 5891; x_wconf 82' lang='lat' dir='ltr'><strong><em>vertit.</em></strong></span> <span class='ocrx_word' id='word_1_948' title='bbox 3434 5831 3592 5888; x_wconf 77' lang='grc' dir='ltr'>Εοιτ.</span> 
     </span>
    </p>
   </div>
   <div class='ocr_carea' id='block_1_121' title="bbox 666 5930 1352 5996">
    <p class='ocr_par' dir='ltr' id='par_1_121' title="bbox 666 5930 1352 5996">
     <span class='ocr_line' id='line_1_121' title="bbox 666 5930 1352 5996; baseline 0.006 -5"><span class='ocrx_word' id='word_1_949' title='bbox 666 5930 937 5993; x_wconf 75' lang='grc' dir='ltr'>Ριτιιοι..</span> <span class='ocrx_word' id='word_1_950' title='bbox 969 5930 1088 5994; x_wconf 75' lang='lat' dir='ltr'><strong><em>Gn.</em></strong></span> <span class='ocrx_word' id='word_1_951' title='bbox 1120 5931 1352 5996; x_wconf 77' lang='lat' dir='ltr'><strong><em>XXIII.</em></strong></span> 
     </span>
    </p>
   </div>
   <div class='ocr_carea' id='block_1_122' title="bbox 3245 5927 3323 5987">
    <p class='ocr_par' dir='ltr' id='par_1_122' title="bbox 3245 5927 3323 5987">
     <span class='ocr_line' id='line_1_122' title="bbox 3245 5927 3323 5987; baseline -0.013 0"><span class='ocrx_word' id='word_1_952' title='bbox 3245 5927 3323 5987; x_wconf 81' lang='lat'><strong><em>12</em></strong></span> 
     </span>
    </p>
   </div>
  </div>
