4098 6374
471 274 580 331 563

1174 266 1444 326 EUSEBll
1483 268 1967 328 CESARIENSIS
1993 267 2144 330 OPP.
2184 271 2364 330 PARS
2392 271 2480 332 Ill.
2508 304 2579 317 --
2608 273 3014 331 EXEGE'IICA.

3608 274 3712 331 366

469 393 746 465 intelligit.
778 391 914 448 Illud
935 408 1123 464 porro,
1152 408 1455 463 pauperem,
1484 410 1662 467 neque
1692 396 1748 450 in
1775 395 2033 453 Hebraico

2148 398 2337 452 ἑαυτὸν
2364 398 2457 451 καὶ
2479 397 2870 464 ταπεινῶν,καὶ
2901 400 2967 470 τῇ
2998 397 3141 470 ψυχῇ
3177 393 3596 469 μετριοφρονῶν,
3619 397 3711 450 καὶ

468 486 789 557 exemplari,
813 501 991 557 neque
1023 486 1167 557 apud
1218 487 1460 559 reliquos
1501 489 1831 558 interpretes
1850 489 2042 544 fertur.

469 575 783 630 Secundum
826 584 1087 646 quartum
1135 592 1359 632 sensum
1380 576 1490 632 dici
1520 579 1716 648 possit,
1735 593 2044 634 sermonem

465 681 591 722 esse
634 666 1033 722 sententiosum
1088 674 1156 726 et.
1176 668 1272 738 qui
1298 668 1369 722 ad
1407 668 1798 740 benignitatem
1833 676 1887 724 et
1909 684 2046 740 pan.

468 773 655 829 perum
681 774 923 815 amorem
978 760 1317 816 cohortetur.
1364 759 1502 816 Nam
1556 776 1684 832 erga
1707 776 1803 818 eos
1828 777 2045 833 quoque

465 852 561 923 qui
583 852 882 919 vulgariori
913 867 1082 908 sensu
1110 867 1378 923 pauperes
1408 853 1690 920 dicuntur,
1733 854 2044 909 misericor-

465 945 566 1003 des
596 960 719 1002 esse
748 945 926 1011 decet,
968 946 1161 1017 eisque
1193 960 1422 1017 erogare
1448 946 1705 1012 libenter,
1740 946 2045 1018 intelligen-

465 1045 552 1096 tes
583 1038 793 1094 scilicet
814 1037 986 1095 Deum
1014 1053 1139 1096 esse
1166 1039 1261 1110 qui
1290 1038 1412 1094 illos
1436 1037 1751 1094 mendicare
1780 1038 2041 1106 decrevit,

464 1136 520 1183 et
568 1129 637 1185 ad
666 1144 784 1186 eam
822 1130 1196 1186 conditionem
1235 1129 1496 1199 deduxit;
1536 1136 1700 1202 atque
1752 1143 1861 1185 una
1892 1130 2043 1201 ipsos

465 1234 563 1291 per
594 1221 907 1293 pauperiem
925 1230 1165 1291 exercet,
1191 1230 1245 1277 et
1276 1237 1374 1279 eos
1405 1221 1500 1293 qui
1543 1237 1729 1278 rerum
1754 1223 1912 1293 copia
1933 1224 2043 1293 pol-

460 1318 597 1383 lent,
645 1315 818 1372 bonos
874 1316 1140 1386 propositi
1195 1315 1281 1372 sui
1302 1316 1516 1374 fructus
1568 1332 1665 1387 per
1699 1318 2042 1390 largitionem

463 1410 653 1480 egenis
676 1407 877 1465 factam
924 1409 1171 1480 praebere
1193 1409 1490 1467 desiderat.
1543 1408 1811 1467 Tentatur
1857 1412 2043 1483 itaque

463 1518 560 1573 per
580 1517 876 1573 pauperem
906 1500 1083 1568 dives,
1119 1518 1253 1557 num
1313 1503 1527 1559 scilicet
1578 1502 1752 1560 durus
1773 1509 1828 1559 et
1863 1504 2042 1559 immi-

463 1597 722 1659 sericors,
749 1611 819 1651 an
859 1596 1132 1654 humanus
1176 1604 1234 1653 et
1286 1597 1622 1653 misericors.
1670 1595 2039 1665 Quamobrem

462 1688 606 1746 inter
624 1683 811 1743 divina
846 1695 1139 1760 przecepta,
1185 1690 1358 1744 multa
1386 1689 1455 1745 de
1485 1691 1815 1761 pauperibus
1843 1697 1898 1746 et
1916 1706 2040 1761 ege-

462 1782 551 1839 nis
600 1781 873 1838 feruntur.
922 1779 1237 1838 Secundum
1291 1784 1539 1855 quintam
1582 1792 1765 1840 autem
1796 1784 2037 1855 explica-

462 1874 688 1936 tionem.
723 1874 889 1930 alium
928 1890 1230 1947 pauperum
1281 1876 1531 1932 ordinem
1579 1878 1845 1948 reperias,
1875 1879 1971 1948 qui
2005 1892 2037 1932 a

463 1961 752 2021 Salvatore
774 1964 970 2021 beatus
989 1965 1336 2036 praedicatur,
1370 1967 1673 2023 secundum
1696 1968 1829 2023 illud
1854 1968 2037 2023 :Beati

458 2071 710 2126 pauperes
730 2057 948 2125 spiritu,
974 2057 1224 2127 quoniam
1247 2057 1485 2126 ipsorum
1517 2068 1596 2113 est
1623 2076 1840 2130 regnum
1880 2060 2040 2115 caelo-

458 2167 578 2203 rum
612 2151 681 2199 ".
742 2148 955 2216 Quibus
977 2149 1160 2206 verbis
1212 2164 1309 2205 eos
1359 2150 1455 2220 qui
1506 2150 1807 2206 secundum
1866 2150 2037 2207 Deum

458 2235 940 2307 philosophantur,
967 2244 1021 2292 et
1044 2243 1265 2307 propter
1302 2236 1544 2292 divinam
1585 2239 2035 2297 exercitationem

455 2342 724 2397 pauperes
751 2336 940 2397 agunt,
968 2327 1063 2399 qui
1093 2335 1251 2383 erant
1277 2329 1399 2399 ejus
1418 2328 1672 2399 discipuli
1694 2340 1747 2386 et
1776 2334 2033 2402 apostoli,

459 2416 712 2475 Salvator
749 2419 939 2476 beatos
969 2420 1305 2491 praedicavit.
1339 2421 1538 2476 Beatus
1563 2422 1732 2493 igitur
1757 2425 1846 2494 qui
1872 2426 2032 2480 intel-

429 2508 574 2579 ‘tigit
598 2526 756 2579 super
781 2526 1018 2581 egenum,
1050 2525 1218 2580 super
1239 2525 1362 2566 eum
1395 2511 1489 2581 qui
1526 2509 1619 2565 illo
1645 2512 1806 2567 modo
1827 2524 2035 2583 egenus

424 2607 509 2654 κει
531 2616 734 2672 pauper
760 2611 874 2670 est;
901 2617 1026 2658 nam
1046 2602 1205 2658 bonae
1235 2601 1383 2658 illius
1407 2616 1473 2656 ac
1492 2600 1827 2658 felicissima).
1868 2604 2032 2660 intel-

444 2691 689 2759 ligentiae
709 2690 945 2748 fructum
969 2692 1220 2763 accipiet,
1277 2690 1372 2762 qui
1422 2691 1681 2761 deinceps
1715 2691 2029 2750 indicatur:

437 2782 522 2837 ⁴ιιι
547 2784 632 2839 die
657 2784 801 2840 enim
834 2784 979 2839 mala
1007 2783 1254 2839 liberabit
1290 2800 1409 2839 eum
1447 2783 1741 2848 Dominus;
1790 2785 1926 2851 sive,
1951 2802 2033 2842 se

433 2872 692 2928 cutidum
723 2872 1134 2946 Symmachum,
1152 2876 1208 2931 in
1226 2876 1311 2931 die
1346 2876 1666 2949 aﬂlictionis.
1689 2877 1827 2933 Nam
1844 2880 1891 2936 si
1921 2895 2030 2952 qua

437 2966 683 3020 ientatio
704 2967 982 3040 contingat
1000 3009 1016 3033 ,
1047 2976 1103 3025 et
1146 2968 1203 3024 in
1232 2970 1598 3027 calamitatem
1622 2987 2030 3044 terumnamque

2150 490 2369 563 άληθῶς
2392 494 2458 563 τῇ
2507 490 2743 545 διαθέσει
2791 490 3119 561 πτωχεύων’
3153 490 3342 542 τούτου
3390 490 3549 560 χάριν
3595 488 3716 542 ἐπι⁴

2149 582 2419 654 συνῆπται
2441 584 2470 636 6
2493 580 2683 655 παρὼν
2715 581 2946 653 ψαλμὸς,
2979 578 3293 652 μακαρίζων
3320 578 3411 633 τοῦ
3446 577 3714 643 συνιέντος

2149 675 2243 728 ἐπὶ
2271 675 2362 728 τὸν
2393 673 2535 726 οὕτω
2585 674 2818 743 πτωχόν.
2858 673 2931 725 Τὸ
2958 672 3015 725 δὲ
3033 712 3048 737 ,
3087 672 3312 740 πένητα
3335 712 3350 737 ,
3399 669 3521 723 οὕτε
3548 672 3603 723 ἐν
3634 669 3715 741 τῷ

2156 767 2445 839 Ἐϐραῖκῷ,
2473 765 2595 821 οὔτε
2628 766 2777 839 παρὰ
2808 769 2919 831 τοῖς
2933 765 3135 830 λοιποῖς
3167 767 3520 837 ἑρμηνευταίς
3548 763 3717 835 ὲμφέυ

2146 877 2317 933 ρεται.
2349 860 2461 915 Kal.
2492 859 2633 914 κατὰ
2654 860 2920 932 τετάρτην
2943 857 3177 912 διάνοιαν
3204 857 3344 911 εῐποι
3364 875 3448 921 τις
3478 855 3543 910 ἂν
3574 874 3714 925 γνω-

2147 952 2366 1024 μονικὸν
2420 947 2558 1005 εἶναι
2584 952 2677 1005 τὸν
2705 952 2860 1021 λόγον
2890 952 2983 1005 καῖ⁷
3009 950 3387 1023 παραινετικὺν
3410 949 3711 1020 φιλανθρω-

2145 1045 2275 1109 πίας
2307 1043 2403 1098 καὶ
2435 1043 2825 1116 φιλοπτωχίας.
2860 1043 3129 1115 Προσήκει
3160 1041 3268 1115 γάρ
3292 1041 3517 1095 ἐπὶτῶν
3550 1040 3713 1095 κοινό-

2143 1154 2299 1208 τερον
2327 1136 2633 1209 λεγομένων
2670 1135 2904 1207 πτωχῶν
2949 1131 3390 1206 συμπαθητικοὺς
3436 1129 3572 1187 εἶναι
3614 1131 3711 1187 xal.

2147 1229 2550 1299 μεταδοτικοὺς,
2587 1229 2882 1291 συνιέντας,
2915 1227 2991 1291 ὡς
3030 1227 3059 1279 6
3099 1224 3298 1297 κρίνων
3326 1223 3522 1288 αὐτοὺς
3564 1241 3711 1278 πτω-

2142 1318 2321 1390 χεύειν
2344 1319 2473 1383 Θεὸς
2492 1320 2573 1383 εἰς
2596 1318 2799 1391 ταύτην
2825 1319 3019 1384 αὐτοὺς
3042 1319 3215 1390 ἤγαγε
3242 1316 3338 1388 τὴν
3361 1314 3709 1370 κατάστασινσ

2140 1413 2276 1485 ὁμοῦ
2335 1413 2432 1485 μὲν
2486 1415 2578 1467 καὶ
2628 1413 2825 1477 αὐτοὺς
2866 1413 3156 1485 γυμνάζων
3178 1411 3265 1465 διὰ
3288 1412 3389 1482 τῆς
3416 1408 3713 1481 πτωχείας,

2140 1508 2274 1580 ὁμοῦ
2297 1508 2354 1562 δὲ
2378 1509 2470 1563 καὶ
2500 1508 2628 1573 τοὺς
2660 1511 2717 1563 ὲν
2743 1506 3029 1579 περιουσίᾳ
3058 1505 3172 1577 βίου
3196 1506 3439 1575 καρποὺς
3466 1504 3565 1576 τῆς
3587 1505 3716 1557 έαυ-

2139 1596 2249 1651 τῶν
2271 1596 2641 1669 προαιρέσεως
2683 1595 2941 1667 παρέχειν
2972 1595 3061 1648 διὰ
3085 1595 3183 1666 τῆς
3223 1595 3302 1659 εἰς
3347 1595 3473 1658 τοὺς
3516 1594 3717 1658 ἐνδεεῖς

2141 1688 2426 1753 κοινωνίας
2457 1686 2871 1759 βεϐουλημένος.
2900 1684 3223 1757 Πειράζεται
3251 1680 3380 1753 γοῦν
3410 1684 3437 1736 6
3458 1683 3715 1746 πλούσιος

2139 1780 2224 1835 διὰ
2245 1780 2337 1835 τοῦ
2373 1781 2624 1852 πένητος,
2648 1780 2758 1833 εἴτε
2783 1797 2867 1844 τις
2897 1778 3125 1850 ἁνηλεὴς
3168 1774 3263 1830 καὶ
3301 1775 3714 1848 ἀσυμπάθητος,

2138 1875 2234 1927 καὶ
2266 1873 2609 1944 ἄσπλαγχνος
2641 1872 2728 1944 εἴη
2747 1913 2762 1938 ,
2790 1870 2900 1925 εἴτε
2935 1870 3309 1943 φιλάνθρωπος
3352 1864 3443 1921 καὶ
3485 1866 3714 1939 ἐλεημο-

2140 1966 2308 2031 νικός.
2337 1966 2429 2019 Διὸ
2460 1964 2625 2028 πολὺς
2652 1965 2681 2017 6
2727 1962 2855 2035 περὶ
2901 1961 3009 2015 τῶν
3043 1962 3287 2033 πενήτων
3339 1958 3432 2013 καὶ
3480 1957 3714 2028 πτωχῶν

2137 2053 2295 2123 λόγος
2323 2057 2380 2108 ὲν
2405 2056 2516 2118 τοῖς
2544 2053 2708 2116 Θείοις
2748 2050 3185 2123 παραγγέλμασι.
3238 2046 3347 2102 Καὶ
3391 2045 3529 2102 κατὰ
3565 2046 3710 2116 πέμ-

2139 2164 2281 2218 πτην
2319 2145 2373 2198 δὲ
2395 2145 2631 2199 διάνοιαν
2662 2144 2788 2199 ἄλλο
2817 2144 3002 2213 τάγμα
3032 2139 3263 2211 πτωχῶν
3292 2138 3472 2210 εὕροις
3515 2137 3581 2191 ἂν
3602 2177 3617 2202 ,
3646 2135 3712 2190 τὸ

2139 2233 2247 2291 ὑπὸ
2271 2237 2364 2291 τοῦ
2389 2235 2639 2307 Σωτῆρος
2675 2234 3104 2306 μακαριζόμενον
3128 2231 3269 2286 κατὰ
3301 2230 3389 2284 τό’
3418 2229 3709 2297 Μακάριοι

2137 2331 2191 2382 ol
2222 2326 2445 2395 πτωχοὶ
2473 2324 2555 2391 τῷ
2585 2327 2897 2394 πνεύματι,
2929 2323 3017 2376 ὅτι
3048 2320 3245 2377 αὐτῶν
3272 2321 3443 2373 ἐστιν
3467 2320 3505 2388 ἠ
3525 2319 3709 2382 ,βασι-

2136 2420 2273 2474 λεία
2297 2418 2416 2472 τῶν
2441 2416 2713 2485 οὐρανῶν
2734 2432 2747 2445 ’
2794 2416 2855 2467 ὲν
2879 2408 2959 2476 οἷς
2984 2416 3107 2476 τοὺς
3144 2412 3285 2467 κατὰ
3317 2410 3453 2465 Θεὸν
3498 2409 3711 2479 φιλοσο-

2137 2512 2391 2579 φοῦντας,
2426 2509 2519 2565 καὶ
2540 2508 2638 2581 τὴν
2663 2508 2841 2561 ἔνθεον
2869 2507 3099 2578 ἄσκησιν
3121 2504 3496 2576 πτωχεύοντας
3529 2500 3558 2556 6
3596 2504 3707 2555 Σω-

2133 2606 2238 2675 τὴρ
2276 2601 2607 2675 ἐμακάριζεν
2626 2619 2638 2631 ·
2670 2601 2721 2653 οἳ
2753 2595 2894 2671 ἦσαν
2912 2601 2959 2651 οἱ
2982 2597 3145 2651 αὑτοῦ
3184 2597 3420 2669 μαθηταὶ
3449 2597 3543 2649 καὶ⁸
3574 2594 3711 2649 ἁπόο

2136 2693 2329 2748 στολοι.
2355 2691 2658 2759 Μακάριος
2676 2686 2767 2745 οὖν
2790 2693 2822 2744 ό
2850 2688 3078 2743 συνιὼν
3096 2688 3193 2741 ἐπὶ
3216 2687 3475 2755 πτωχὸν,
3501 2682 3593 2738 ἐπὶ
3615 2686 3710 2738 τὸν

2133 2785 2276 2841 οὓτω
2323 2784 2535 2856 πτωχὸν
2585 2782 2680 2837 καὶ
2723 2782 2962 2854 πένητα’
2990 2780 3090 2850 τῆς
3119 2777 3330 2850 ἀγαθῆς
3367 2779 3570 2850 ταύτης
3615 2775 3711 2831 καὶ

2131 2877 2533 2952 τρισμακαρίας
2590 2873 2855 2938 συνέσεως
2903 2873 3113 2946 καρπὸν
3152 2872 3378 2943 λήψεται
3431 2870 3521 2923 τὸν
3578 2868 3713 2940 ἑξῆς

2134 2969 2420 3043 εἰρημένον
2444 2986 2456 2999 ’
2515 2969 2617 3023 Ἐν
2644 2965 2836 3036 ἡμέρᾳ
2857 2964 2967 3036 γὰρ
2995 2963 3491 3033 πονηρᾷρύσετιιι
3521 2964 3711 3017 αὐτὸν

448 3056 681 3121 incidat,
735 3058 1195 3128 quemadmodum
1253 3060 1372 3131 ipse
1418 3060 1687 3118 intellexit
1713 3078 1877 3134 super
1900 3080 2028 3135 ege—

2135 3065 2167 3116 d
2192 3063 2404 3131 Κύριος
2424 3078 2438 3092 ·
2473 3060 2508 3132 ἢ
2532 3058 2673 3115 κατὰ
2693 3059 2785 3111 τὸν
2814 3056 3129 3127 Σύμμαχον,
3168 3056 3265 3108 Ἐν
3288 3055 3479 3123 ἡμέρᾳ
3507 3054 3705 3108 κακὼ-

446 3163 584 3205 num
602 3156 665 3213 et,
686 3164 1000 3221 pauperem,
1035 3151 1117 3208 sic
1162 3161 1472 3225 opportune
1499 3170 1592 3210 res
1620 3154 2032 3226 ejus-intelliget

2135 3168 2309 3219 σεως.
2355 3154 2419 3206 Εἰ
2467 3150 2575 3223 γὰρ
2607 3147 2816 3219 γένοιτό
2844 3164 2928 3211 τις
2958 3145 3279 3217 πειρασμὸς,
3329 3146 3363 3215 ἢ
3419 3146 3710 3215 περιπέσοι

450 3240 739 3309 Dominus,
793 3245 912 3314 pari
965 3259 1223 3301 mensura
1272 3245 1426 3301 illum
1480 3246 1736 3315 metiens,
1780 3264 1888 3321 qua
1942 3248 2034 3305 ille

447 3352 677 3394 mensus
708 3347 843 3394 erat.

524 3598 778 3656 Dominus
800 3613 1216 3659 conserveteum
1244 3616 1295 3662 et
1316 3607 1537 3677 vivi/icet
1556 3624 1692 3664 eum.
1728 3605 1833 3663 Sed
1864 3607 2030 3663 etiam

436 3691 724 3747 custodiet
780 3707 903 3747 eum
932 3700 990 3749 et
1019 3694 1205 3751 vivere
1260 3695 1426 3754 faciet
1482 3713 1646 3767 eum;
1682 3706 1798 3765 aut,
1834 3713 2033 3754 secun-

447 3782 578 3836 dum
643 3778 1058 3851 Symmachum,
1115 3785 1360 3841 custodiet
1412 3806 1548 3857 eum,
1602 3798 1651 3842 et
1702 3789 2030 3846 conservabit

446 3886 584 3925 eum.
629 3870 875 3928 Tertium
913 3890 1131 3947 quoque
1165 3878 1269 3950 ipsi
1326 3880 1593 3946 conferet,
1631 3881 1841 3938 beatum
1872 3883 2031 3954 faciet

445 3980 564 4019 eum
582 3964 633 4019 in
649 3973 943 4036 terra;aut,
958 3969 1257 4025 secundum
1274 3970 1871 4044 Symmachum,beatus
1887 3990 2028 4044 preco

448 4055 709 4111 dicendus
732 4059 832 4113 erit
860 4060 914 4114 in
944 4070 1107 4117 terra.
1132 4061 1268 4119 Nam
1301 4063 1431 4118 dum
1450 4065 1646 4120 adhuc
1672 4065 1729 4121 in
1756 4066 1861 4121 hac
1880 4073 2030 4122 terra

445 4155 719 4215 versatur,
742 4148 1131 4210 beatitudinem
1167 4169 1198 4208 τι
1232 4154 1343 4211 Deo
1382 4165 1771 4227 consequetur,
1803 4172 2030 4213 manen-

443 4240 594 4296 tibus
644 4249 827 4297 tamen
859 4258 984 4299 eum
1023 4246 1345 4303 caelestibus
1367 4247 1551 4314 bonis,
1576 4248 1879 4305 secundum
1911 4249 2029 4305 haec

441 4333 755 4404 promissis.
793 4332 889 4390 llis
941 4336 1259 4408 subiungit:
1295 4337 1368 4391 Et
1411 4356 1530 4394 non
1593 4340 1773 4393 tmdat
1811 4355 1929 4393 eum
1970 4341 2027 4394 in

2132 3244 2264 3298 ποτὲ
2296 3244 2549 3316 συμφορᾷ
2568 3240 2662 3295 καὶ
2689 3238 3005 3313 περιστάσει
3023 3276 3038 3301 ,
3066 3236 3252 3307 ὥσπερ
3280 3232 3440 3298 αὑτός
3474 3235 3710 3306 συνῆκεν

2131 3336 2225 3389 ἐπὶ
2252 3330 2463 3405 πτωχὸν
2496 3333 2590 3387 καὶ
2642 3331 2869 3401 πένητα,
2916 3327 3060 3382 οὕτω
3110 3329 3205 3382 καὶ
3236 3325 3401 3381 αὐτοῦ
3435 3325 3708 3398 εὐκαίρως

2132 3428 2353 3499 συνήσει
2396 3428 2425 3480 6
2466 3423 2703 3497 Κύριος,
2750 3418 2965 3493 μετρῶν
2996 3418 3147 3491 αὐτῷ
3171 3419 3233 3473 τὺ
3278 3418 3390 3473 ἴσον
3418 3417 3615 3491 μέτρον
3658 3409 3707 3487 ᾧ

2130 3521 2454 3572 ἐμέτρησεν.

2165 3520 2710 3705 μὲῗέιῖῗμιυλάξῗ
2745 3601 2931 3656 αὑτὸν
2958 3602 3056 3656 καὶ
3088 3598 3260 3668 ζήσαι
3292 3600 3500 3653 αὐτόν.
3544 3599 3706 3655 Ἀλλὰ

2130 3703 2226 3757 καὶ
2248 3698 2471 3771 φυλάξει
2504 3691 2790 3750 αύτὺΓκαὶ
2822 3692 2983 3765 ζῆσαι
3011 3694 3227 3764 ποιήσει
3257 3691 3418 3746 αὐτόν
3440 3708 3454 3723 ·
3496 3691 3530 3763 ἢ
3565 3692 3706 3747 κατὰ

2128 3793 2220 3848 τὸν
2244 3791 2539 3862 Σύμμαχον
2562 3804 2577 3819 ·
2610 3784 2870 3850 Μλάξει
2894 3785 3103 3850 αὐτὸν,
3129 3783 3227 3839 καὶ
3257 3782 3575 3852 περισώσει
3596 3785 3706 3838 αὐ-

2127 3886 2255 3941 τόν.
2283 3883 2397 3937 Καὶ
2413 3881 2597 3954 τρίτον
2617 3876 2675 3933 δὲ
2697 3874 2845 3950 αὐτῷ
2868 3878 3110 3951 παρέξει,
3139 3876 3464 3946 μακαρίσει
3517 3876 3705 3930 αὑτὸν

2128 3977 2199 4030 ἐν
2228 3973 2302 4044 τῇ
2320 3972 2397 4044 τῇ
2415 3990 2428 4003 ·
2457 3972 2493 4044 ἢ
2512 3970 2654 4025 κατὰ
2681 3970 2771 4025 τὸν
2791 3969 3105 4041 Σύμμαχον,
3126 3965 3501 4034 Μακαριστός
3529 3965 3701 4019 ἔσται

2127 4069 2198 4122 ὲν
2224 4065 2299 4136 τῇ
2328 4064 2426 4136 τῇ.
2471 4064 2559 4127 Ὠς
2580 4062 2659 4116 ἔτι
2681 4061 2790 4134 γὰρ
2822 4063 2880 4115 ὲν
2913 4064 2979 4132 τῇ
3012 4062 3081 4130 γῇ
3109 4057 3280 4129 ταύτῃ
3301 4056 3574 4127 τυγχάνει,
3599 4056 3703 4126 τῆς

2128 4158 2282 4232 παρὰ
2303 4156 2398 4210 τοῦ
2423 4155 2558 4210 Θεοῦ
2591 4154 2988 4226 μακαριότητος
3012 4149 3281 4216 τεύξεται,
3314 4148 3582 4219 μενόντων
3604 4149 3676 4201 αὐ

2126 4249 2218 4303 τὸν
2247 4250 2355 4302 τῶν
2391 4245 2531 4319 μετὰ
2573 4245 2747 4299 ταῦτα
2794 4238 3218 4316 ἐπηγγελμένων
3255 4239 3518 4311 οὐρανίων
3565 4240 3696 4308 ἀγα-

2129 4338 2260 4394 θῶν.
2291 4336 2514 4400 Τούτοις
2547 4332 2787 4401 ἐπιλέγει
2809 4349 2824 4363 ο
2857 4331 2966 4387 Καὶ
2985 4329 3071 4399 μὴ
3117 4328 3361 4396 παραδῷ
3399 4327 3586 4382 αὐτὸν
3616 4330 3704 4393 εἰς

443 4441 634 4479 mortus
658 4425 991 4480 inimicorum
1017 4428 1152 4497 ejus.
1190 4427 1297 4484 Pro
1352 4446 1461 4500 quo
1502 4429 1863 4502 Symmachus
1890 4432 1966 4486 ait
2005 4448 2021 4485 :

2135 4430 2332 4501 χεῖρας
2362 4425 2591 4497 ἐχθρῶν
2620 4423 2834 4480 αὐτοῦ’
2869 4422 2985 4478 ἀνθ’
3012 4415 3073 4476 οὗ
3121 4423 3149 4475 6
3187 4419 3481 4492 Σύμμαχός
3530 4436 3663 4491 φησι
3682 4434 3698 4449 ’

445 4514 514 4571 Et
535 4532 639 4570 non
664 4514 837 4570 tradet
854 4532 974 4569 eum
1002 4516 1057 4569 in
1090 4518 1298 4572 animas
1325 4519 1685 4573 inimicorum.

515 4603 812 4663 Sciendum
846 4611 1030 4661 autem
1067 4616 1171 4669 est,
1214 4607 1373 4673 illud,
1427 4607 1537 4680 Ego
1582 4608 1736 4662 dixi:
1772 4606 2020 4676 Domine,

446 4696 695 4753 miserere
731 4698 853 4765 mei,
884 4712 916 4751 a
953 4697 1283 4768 quibusdam
1312 4714 1379 4755 ex
1409 4698 1632 4757 Davidis
1665 4716 1900 4772 persona
1929 4703 2018 4758 di-

448 4795 596 4842 ctum
614 4788 1074 4847 aestimari:nam
1107 4790 1226 4845 sive
1263 4776 1320 4846 in
1366 4792 1546 4847 medio
1598 4791 1865 4847 insertum
1918 4810 2023 4865 pu-

445 4882 586 4941 tant,
618 4877 732 4935 sive
763 4878 831 4934 ad
872 4877 1022 4934 hunc
1052 4894 1227 4951 usque
1252 4895 1471 4937 versum
1503 4895 1625 4952 quae
1677 4880 1877 4937 dictaa
1903 4882 2020 4938 Da-

443 4967 570 5025 vide
601 4974 730 5035 sunt
749 4970 1234 5028 circumscribunt.

514 5081 684 5140 Vens.
762 5082 970 5143 Ill-l4.
1041 5083 1250 5141 Etenim
1307 5086 1462 5141 homo
1519 5085 1668 5156 pacis
1722 5101 1891 5155 mete,
1966 5087 2022 5141 in

441 5191 545 5246 quo
567 5178 793 5247 sperati,
839 5176 931 5249 qui
980 5177 1168 5235 edebat
1216 5193 1379 5249 panes
1434 5194 1597 5247 meos,
1654 5178 2020 5250 magniﬁcavit

440 5286 597 5341 super
622 5287 705 5328 me
725 5273 1232 5346 supplantationem.
1263 5272 1579 5330 Secundum
1612 5289 1737 5331 vero
1764 5272 2019 5346 Symma~

441 5364 628 5426 cltum.
660 5362 765 5419 Sed
791 5375 841 5418 et
876 5365 1029 5423 homo
1062 5368 1163 5438 qui
1206 5383 1409 5425 mecum
1437 5383 1621 5438 pacem
1649 5365 1898 5433 habebat,
1932 5366 2020 5421 cui

441 5454 673 5522 conﬁsus
708 5470 877 5522 eram,
910 5457 1001 5526 qui
1032 5473 1138 5516 una
1164 5474 1367 5517 mecum
1384 5474 1579 5529 panem
1612 5474 1786 5514 meum
1809 5456 2016 5523 edebat,

440 5545 629 5601 catulis
647 5561 704 5601 se
730 5562 811 5602 me
830 5564 1082 5619 sequens;
1113 5560 1207 5607 aut
1234 5552 1538 5612 secundum
1565 5550 1842 5626 Aquilam.
1878 5565 2019 5619 "109'

514 5709 559 5745 ⁸*
602 5702 790 5761 Matth.
832 5726 894 5773 ν,
933 5710 987 5765 3.

2126 4522 2236 4578 Καὶ
2258 4523 2367 4575 οὐκ
2389 4515 2638 4572 ἐκδώσει
2659 4514 2847 4569 αὑτὸν
2876 4517 2964 4581 εις
2988 4512 3193 4583 ψυχὰς
3218 4510 3466 4582 ἐχθρῶν.

2207 4611 2403 4666 ἰστέον
2428 4608 2508 4674 δὲ,
2537 4607 2614 4670 ὠς
2639 4605 2729 4659 τόο
2776 4603 2916 4675 Ἐγὼ
2959 4600 3119 4668 εἶπα,
3165 4604 3341 4671 Κύριε
3365 4642 3382 4669 ,
3436 4600 3703 4668 ἐλέησόν

2120 4722 2216 4777 με,
2240 4704 2385 4766 τινὲς
2416 4704 2480 4755 ὲκ
2509 4697 2797 4770 προσώπου
2820 4697 2915 4751 τοῦ
2949 4696 3109 4751 Δαυῖδ
3140 4694 3389 4767 εἰρῆσθαί
3417 4710 3581 4764 φασιν
3605 4711 3619 4727 ·
3661 4694 3697 4767 ἢ

2126 4791 2652 4869 παρεμϐεϐλημένον
2691 4792 2748 4844 ὲν
2782 4789 2860 4861 τῷ
2896 4787 3067 4860 μέσῳ,
3101 4786 3136 4860 ἦ
3165 4787 3269 4851 ἕως
3291 4788 3409 4839 ἐκεῖ
3428 4785 3698 4857 περιγρά-

2129 4878 2322 4960 φοντες
2352 4884 2422 4939 τὰ
2446 4882 2713 4954 λεγόμενα
2751 4882 2841 4934 ὑπ’
2869 4877 3055 4935 αὐτοῦ.

2188 5083 2307 5141 ,Καὶ
2334 5082 2444 5155 γὰρ
2486 5083 2520 5136 ὀ
2568 5079 2877 5149 ἅνθρωπος
2904 5073 3012 5145 τῆς
3055 5071 3298 5144 εἰρήνης
3322 5089 3461 5142 μου,
3503 5068 3596 5139 ἐφ’
3623 5068 3699 5122 6r

2124 5175 2382 5247 ἤλπισα,
2427 5176 2460 5227 ό
2502 5171 2721 5228 ἐσθίων
2771 5169 2990 5238 ἄρτους
3019 5183 3160 5237 μου,
3192 5163 3558 5234 ἐμεγάλυνεν
3601 5158 3697 5214 ἐπ’

2125 5268 2230 5341 ἐμὲ
2275 5264 2658 5338 πτερνισμόν.
2701 5259 2857 5315 Κατὰ
2895 5258 2954 5312 δὲ
2996 5257 3090 5311 τὸν
3132 5255 3454 5341 Σύμμαχον·
3519 5249 3695 5305 Ἀλλὰ

2124 5337 2224 5416 καὶ
2253 5337 2561 5428 ἄνθρωπος
2588 5353 2657 5421 ὃς
2679 5348 2951 5422 εὶρήνευέ
2965 5365 3090 5420 μοι,
3135 5346 3330 5419 φησὶν,
3369 5337 3420 5410 ᾧ
3450 5342 3693 5396 ἐπεποί-

2125 5457 2272 5521 θειν,
2297 5447 2638 5506 συνεσθιων
2656 5462 2761 5517 μοι
2785 5443 2967 5513 ἄρτον
2992 5439 3168 5512 ἐμὸν,
3210 5436 3691 5507 κατεμεγαλύνθη

2120 5565 2240 5617 μου
2271 5537 2651 5601 ἀκολουθῶν·
2694 5537 2729 5611 ἢ
2757 5536 2897 5591 κατὰ
2929 5534 3020 5588 τὸν
3066 5530 3329 5585 Ἀκύλαν*
3365 5532 3689 5598 Κατειιεγα-
