4098 6432
443 387 547 445 365

1577 380 2080 440 COMMENTARIA
2120 379 2186 434 IN
2225 375 2560 433 PSALMOS.

3584 367 3688 424 566

441 507 633 573 .wrdn
661 522 780 573 μου
805 504 1044 572 πτέρνα.
1077 502 1189 573 Τῆς
1216 502 1275 556 δὲ
1303 501 1396 554 τοῦ
1424 502 1674 574 Σωτῆρος
1705 500 1926 572 εἰρήνης
1947 494 2015 569 ἦν

2126 498 2372 567 niﬁcatus
2416 504 2493 549 est
2529 501 2721 546 contra
2750 507 2832 545 me
2861 491 3130 544 calcaneo.
3160 489 3293 542 Erat
3325 501 3490 557 porro
3520 484 3689 540 ludas

442 596 726 667 ἄνθρωπος
774 598 802 648 6
857 595 1054 658 Ἰούδας
1079 635 1092 659 ,
1126 594 1362 657 ἀκούσας
1394 595 1491 647 καὶ
1537 592 1697 655 αὐτὸς
1736 591 1872 662 μετά
1905 589 2014 642 τῶν

443 689 643 742 λοιπῶν
681 688 934 759 μαθητῶν
982 688 1076 740 τοῦ
1132 687 1384 759 Σωτῆρος
1420 686 1696 754 λέγοντος·
1749 682 2017 752 Εἰρήνην

441 781 557 849 τὴν
583 779 738 851 ἐμὴν
757 779 962 850 δίδωμι
995 779 1158 849 ὑμῖν,
1180 779 1428 848 εἰρήνην
1457 777 1572 846 τὴν
1609 776 1764 846 ἐμὴν
1805 775 2018 845 ἀφίημι

442 874 604 944 ὑμῖν.
643 873 802 926 Ἀλλά
847 873 976 926 καίο
1021 873 1139 942 Ἐφ’
1189 872 1264 926 ὃν
1306 871 1542 940 ἤλπισα
1567 913 1582 937 ,
1616 869 1780 942 φησί·
1817 867 2018 938 ἢκατά

440 965 532 1018 τὸν
570 964 801 1020 Ἀκύλαν
824 1006 838 1030 ,
873 965 1247 1032 ἐπεποίθησα
1266 1005 1282 1030 ,
1310 964 1343 1035 ἢ
1372 963 1512 1018 κατά
1558 963 1648 1016 τὸν
1690 962 1982 1033 Σύμμαχον
2002 1000 2016 1022 ,

441 1059 782 1113 ἐπεποίθειν
803 1075 817 1089 ο
847 1058 1143 1130 ἐπειδήπερ
1168 1057 1262 1111 καὶ
1287 1057 1435 1129 αύτῷ
1456 1057 1655 1128 ὁμοίως
1681 1058 1796 1118 τοῖς
1815 1054 2020 1114 λοιποῖς

441 1152 761 1215 ἀποστόλοις
801 1150 908 1204 τῶν
941 1151 1070 1205 ἴσων
1110 1151 1378 1222 μετεδίδου
1427 1150 1808 1222 χαρισμάτων.
1871 1147 2018 1200 Ἐπ-

445 1241 654 1294 εποίθει
683 1242 741 1294 δὲ
775 1243 860 1293 ἐπ’
887 1239 1036 1311 αὐτῷ
1065 1243 1092 1294 6
1125 1239 1333 1312 Σωτὴρ,
1356 1242 1450 1294 καὶ
1469 1239 1681 1309 ἀγαθὰς
1703 1234 1847 1308 εἶχεν
1872 1235 2022 1289 ἐλπί-

443 1331 539 1394 δας
572 1332 658 1384 ἐπ’
685 1331 853 1402 αύτῷ,
884 1330 971 1384 διὰ
1009 1331 1069 1383 τὸ
1100 1330 1192 1384 καὶ
1241 1332 1326 1383 ἐπ’
1362 1329 1509 1400 αὐτῷ
1543 1326 1902 1393 αὐτεξούσιον.
1945 1326 2020 1378 Οὐ

444 1417 554 1490 γὰρ
577 1414 645 1489 ἦν
694 1417 908 1488 φύσεως
949 1419 1209 1472 ἀδυνάτου
1269 1416 1533 1482 σώζεσθαι
1575 1419 1604 1470 ὁ
1645 1417 1875 1481 Ἰούδας·
1907 1415 2020 1469 ἀλλ’

445 1505 557 1574 οἷός
579 1528 637 1564 τε
664 1506 754 1582 ἦν,
791 1510 1051 1582 θελήσας,
1088 1511 1288 1582 ὁμοίως
1313 1512 1426 1574 τοῖς
1469 1510 1676 1573 λοιποῖς
1708 1507 2022 1572 ἀποστόλοις

451 1601 856 1674 μαθητευθῆναι
893 1601 972 1672 τῷ
995 1600 1111 1671 Υἱῷ
1143 1601 1236 1654 τοῦ
1258 1600 1414 1663 Θεοῦ,
1457 1599 1550 1653 καὶ
1579 1599 1739 1662 καλὸς
1767 1598 1860 1652 καλ⁸
1889 1599 2024 1666 ἀγα-

448 1695 540 1758 Θὸς
567 1693 816 1766 μαθητὴς
849 1694 1248 1747 ἀποτελεῖσθαι·
1287 1692 1564 1754 συνέστιος
1589 1690 1645 1742 δὲ
1671 1689 1746 1743 ὢν
1773 1691 1850 1760 τῷ
1879 1690 2024 1743 Διδα-

449 1788 652 1859 σκάλῳ,
686 1787 746 1840 οὐ
774 1788 862 1840 τὸν
907 1786 1082 1840 κοινὸν
1120 1785 1280 1858 ἄρτον
1329 1783 1476 1854 αύτῷ
1523 1784 1682 1854 μόνον
1719 1781 2019 1854 συνήσθιεν.

446 1879 584 1935 ἀλλά
615 1880 708 1933 καὶ
740 1878 834 1932 τοῦ
884 1879 985 1948 τῆς
1031 1877 1212 1948 ψυχῆς
1241 1873 1536 1947 θρεπτικοῦ
1584 1873 2020 1945 μεταλαμϐάνειν
2051 1861 2094 1916 Β

447 1971 689 2042 ἠξιοῦτο·
729 1970 857 2042 περὶ
887 1964 946 2024 οῦ
967 1969 1150 2037 ἔλεγεν
1176 1971 1205 2021 6
1233 1968 1422 2037 Σωτήρ
1441 1983 1453 1996 ·
1491 1965 1633 2036 Ἐγώ
1646 1968 1760 2036 εἰμι
1789 1968 1821 2019 ό
1848 1964 2025 2034 ἄρτος

449 2069 482 2119 ό
512 2066 580 2118 ἑκ
610 2064 717 2118 τοῦ
749 2061 1009 2131 οἰφανοῦ
1042 2060 1323 2126 καταϐὰς,
1353 2057 1453 2112 καὶ
1483 2055 1635 2125 ζωὴν
1671 2055 1877 2121 διδοὺς
1901 2055 2026 2122 τοῖς

446 2154 800 2223 ἀνθρώποις.
856 2148 1023 2214 Οὗτος
1066 2146 1158 2204 οὖν
1210 2149 1238 2200 6
1276 2147 1545 2202 τοσούτων
1595 2145 1899 2217 ἠξιωμένος
1927 2147 2025 2217 τὴν

448 2247 685 2318 πτέρναν
713 2244 876 2298 αὑτοῦ
907 2244 1097 2314 ὥσπερ
1121 2242 1219 2308 λὰξ
1253 2241 1504 2294 ἐντείνων
1539 2239 1678 2294 κατά
1718 2237 1813 2291 τοῦ
1847 2239 2028 2310 Σωτῆ-

452 2355 542 2408 ρος
592 2337 800 2406 ἐπῆρεο
854 2334 934 2386 διὸ
1007 2332 1294 2386 λέλεκται·
1349 2329 1751 2398 Ἐμεγάλυνεν
1784 2325 1876 2378 ἐπ’
1923 2323 2028 2394 ἐμὲ

449 2429 834 2498 πτερνισμόν.
879 2427 1024 2480 Ἀντὶ
1056 2425 1112 2478 δὲ
1138 2424 1253 2485 τοῦ,
1296 2421 1690 2490 πτερνισμὸν,
1732 2418 1885 2491 παρά
1915 2420 2028 2480 τοῖς

461 2514 859 2591 Ἐϐδομήκοντα
878 2517 1186 2590 εἰρημένον,
1202 2517 1235 2586 ἡ
1252 2513 1509 2585 Ἐϐραῖκὴ
1536 2512 1840 2580 ἀνάγνωσις
1858 2508 2029 2576 πτέρ-

447 2630 564 2668 ναν
590 2614 857 2683 περιέχει.
907 2610 1094 2671 Οὕτως
1123 2605 1217 2661 οὖν
1255 2605 1542 2669 δουλεύσας
1579 2604 1654 2676 τῷ
1694 2603 1967 2674 Ἐϐραῖκῷ
1999 2603 2028 2654 6

463 2703 691 2766 Ἀκύλας
726 2701 1004 2766 ἐξέδωκεν.
1036 2699 1198 2752 Ὅθεν
1232 2699 1324 2750 καὶ
1344 2699 1372 2750 6
1407 2693 1800 2765 εύαγγελιστὴς
1847 2693 2028 2747 Ἰωάν-

449 2812 567 2865 νης,
595 2795 669 2856 ὡς
703 2792 769 2845 ἂν
809 2791 1059 2862 Ἐϐραῖος
1090 2788 1150 2853 ἐξ
1197 2789 1492 2860 Ἑϐραίων,
1527 2787 1617 2839 τὸν
1657 2787 1884 2856 Σωτῆρα
1908 2826 1924 2850 ,
1965 2786 2026 2839 ού

450 2883 836 2953 πτερνισμὸν,
870 2867 1004 2936 ἀλλὰ
1023 2883 1117 2935 καὶ
1143 2881 1407 2949 πτέρναν
1423 2879 1764 2950 ὠνομακέναι
1789 2879 2030 2949 ἐμνημό-
2064 2933 2078 2940 _

451 2995 660 3031 νευσεν.

523 3071 616 3132 Εἰς
645 3068 706 3121 τό
729 3084 741 3097 ·
809 3065 986 3135 Ἐμοῦ
1017 3064 1114 3119 διὰ
1137 3065 1254 3132 τὴν
1291 3043 1550 3118 ἀκακίαν
1596 3060 1932 3116 ἀντελάϐου
1951 3078 1966 3093 ο
1992 3063 2024 3129 ἢ

2119 591 2281 645 homo
2317 588 2469 658 pacis
2501 585 2821 649 Salvatoris,
2845 583 2943 654 qui
2962 597 3085 637 cum
3117 581 3239 636 aliis
3261 578 3548 648 discipulis
3575 577 3688 632 hac

2117 681 2385 736 dicentem
2441 678 2778 733 Salvatorein
2815 675 3094 730 audierat:
3146 671 3341 726 Pacem
3394 685 3564 724 meam
3622 668 3688 720 do

2119 772 2286 840 vobis,
2318 788 2501 843 pacem
2556 786 2730 824 meam
2784 767 3022 835 relinquo
3071 763 3214 818 vobis
3233 765 3298 818 “.
3345 760 3474 827 Sed,
3506 763 3562 815 in
3589 776 3688 832 quo

2119 866 2342 934 speravi,
2377 865 2487 930 ait;
2513 863 2619 927 vel,
2655 859 2954 917 secundum
2977 856 3254 928 Aquilam,
3286 855 3519 925 conﬁsus
3541 868 3692 922 sum;

2121 965 2236 1021 aut,
2292 963 2352 1010 ut
2409 952 2796 1026 Symmachus,
2847 951 3078 1019 conﬁsus
3120 961 3303 1011 eram;
3349 945 3693 1017 quandoqui—

2119 1049 2241 1102 dem
2271 1046 2448 1116 ipsum
2490 1043 2718 1114 paribus
2753 1050 2917 1111 atque
2955 1046 3181 1094 caeteros
3223 1037 3504 1108 apostolos
3533 1036 3693 1092 donis

2121 1138 2396 1193 alfecerat.
2437 1134 2760 1190 Conlidebat
2787 1140 2968 1187 autem
3000 1131 3050 1184 ei
3101 1129 3378 1197 Salvator,
3403 1138 3457 1184 et
3492 1128 3692 1184 bonam

2121 1233 2189 1288 de
2220 1231 2340 1301 ipso
2369 1244 2520 1300 spem
2546 1228 2802 1291 habebat,
2827 1224 2954 1296 quia
2983 1224 3039 1278 in
3062 1238 3128 1280 eo
3149 1223 3382 1278 liberum
3404 1222 3693 1278 arbitrium

2121 1333 2290 1380 esset.
2351 1321 2540 1393 Neque
2589 1319 2737 1376 enim
2787 1317 2954 1374 Judas
3008 1333 3075 1372 ex
3133 1313 3449 1386 hujusmodi
3499 1322 3695 1368 natura

2121 1424 2241 1472 erat
2275 1430 2399 1486 quae
2454 1427 2564 1468 non
2601 1417 2792 1483 posset
2838 1411 3071 1465 salutem
3108 1407 3410 1479 consequi;
3467 1406 3559 1462 sed
3597 1421 3699 1475 po-

2122 1515 2289 1573 terat,
2325 1510 2372 1564 si
2417 1508 2640 1578 quidem
2687 1506 2978 1570 voluisset,
3014 1512 3076 1560 ut
3120 1513 3174 1561 et
3213 1505 3399 1560 caeteri
3432 1504 3691 1575 apostoli.

2122 1617 2154 1656 a
2187 1601 2328 1656 Filio
2367 1599 2462 1655 Dei
2489 1600 2716 1664 erudiri,
2749 1613 2814 1653 ac
2843 1600 3024 1655 bonus
3046 1597 3360 1669 probusque
3392 1596 3697 1667 discipulus

2123 1691 2282 1748 eﬂici.
2319 1692 2454 1746 Nam
2486 1707 2612 1748 cum
2643 1690 2905 1764 Magistro
2946 1690 3357 1746 contubernalis
3388 1696 3553 1755 esset,
3587 1705 3697 1744 non

2124 1799 2471 1840 communem
2520 1765 2856 1838 modo'cum
2889 1796 2956 1838 eo
2989 1796 3185 1853 panem
3217 1781 3568 1848 comedebat,
3601 1781 3698 1837 sed

2125 1878 2276 1933 illius
2326 1877 2493 1932 etiam
2538 1875 2633 1946 qui
2685 1874 2928 1929 animam
2992 1876 3168 1928 nutrit
3219 1873 3496 1944 particeps
3546 1879 3696 1928 erat:

2127 1971 2196 2026 de
2231 1983 2340 2039 quo
2387 1967 2608 2022 dicebat
2666 1963 2948 2021 Salvator:
3005 1963 3120 2035 Ego
3159 1980 3276 2020 sum
3304 1965 3458 2034 panis
3516 1964 3605 2034 qui
3636 1961 3701 2017 de

2127 2063 2259 2118 caelo
2291 2060 2578 2126 descendit,
2621 2069 2672 2116 et
2714 2060 2802 2131 qui
2845 2061 2940 2113 dat
2987 2060 3150 2113 vitam
3187 2056 3565 2112 hominibus".
3601 2053 3702 2111 llic

2128 2155 2314 2225 itaque
2371 2161 2453 2208 tot
2501 2160 2727 2208 ornatus
2783 2149 3086 2218 beneﬁciis,
3149 2151 3470 2206 calcaneum
3533 2165 3695 2206 suum

2127 2246 2290 2318 quasi
2319 2245 2655 2301 calcitrando
2681 2251 2873 2300 contra
2905 2243 3247 2299 Salvatorem
3273 2245 3500 2311 extulit;
3528 2259 3702 2314 quare

2128 2339 2336 2394 dictum
2372 2347 2492 2396 est:
2519 2337 2886 2410 Magniﬁcavit
2909 2354 3064 2408 super
3085 2354 3166 2392 me
3195 2337 3698 2408 supplantationem.

2127 2431 2236 2486 Pro
2263 2445 2396 2486 voce
2429 2438 2608 2486 autem
2639 2431 2752 2496 illa,
2781 2431 3281 2502 supplantationem,
3315 2445 3344 2484 a
3367 2428 3512 2483 LXX
3557 2429 3703 2485 Viris

2128 2535 2414 2595 usurpata,
2441 2523 2709 2578 Hebraica
2741 2524 2928 2587 lectio,
2965 2521 3298 2588 calcaneum,
3327 2521 3568 2592 praefert.
3624 2521 3702 2575 Eo

2129 2620 2314 2689 itaque
2330 2616 2492 2671 modo
2512 2615 2708 2685 Aquila
2728 2613 3008 2671 Hebraicae
3033 2617 3225 2671 litterae
3242 2615 3488 2670 serviens
3507 2614 3699 2669 edidit.

2131 2711 2309 2778 Quare
2336 2709 2576 2764 Joannes
2598 2709 2952 2779 evangelista,
2985 2717 3172 2779 utpote
3206 2706 3466 2764 Hebraeus
3491 2723 3557 2763 ex
3590 2707 3698 2762 He-

2129 2803 2291 2859 braeis
2317 2808 2493 2863 ortus,
2520 2797 2882 2863 Salvatorem,
2929 2814 3038 2852 non
3066 2797 3568 2868 supplantationem,
3604 2797 3700 2853 sed

2131 2895 2436 2950 calcaneum
2461 2891 2668 2948 dixisse
2695 2899 2981 2946 memorat.

2200 3070 2262 3126 ιιι
2299 3069 2434 3125 illud
2468 3083 2631 3124 vero:
2665 3065 2752 3122 Me
2767 3077 2978 3137 propter
3007 3065 3361 3122 innocentiam
3388 3063 3703 3128 suscepisti;

453 3159 594 3214 κατὰ
615 3159 705 3211 τὸν
736 3157 964 3210 Ἀκύλαν
985 3158 1078 3209 καὶ
1109 3155 1422 3227 Σύμμαχον,
1449 3155 1545 3209 διὰ
1569 3154 1686 3224 τὴν
1699 3156 2024 3224 ἁπλότητα·

2130 3165 2266 3229 sive,
2297 3162 2602 3220 secundum
2646 3159 2900 3232 Aquilam
2930 3168 2985 3217 et
3031 3159 3444 3233 Symmachum,
3489 3167 3704 3228 propter

451 3253 746 3323 ἐπειδήπερ
791 3251 871 3316 ὡς
941 3249 1238 3318 πρόϐατον
1283 3247 1385 3300 ἐπὶ
1429 3246 1677 3316 σφαγὴν
1701 3246 1883 3316 ἤχθη,
1923 3247 2024 3300 καὶ

448 3349 530 3414 ὠς
557 3346 743 3416 ἀμνὸς
763 3346 1042 3400 ἐναντίον
1068 3343 1174 3398 τοῦ
1205 3343 1513 3410 κείραντος
1541 3341 1800 3411 ἄφωνος,
1839 3342 2026 3409 οὕτως

449 3442 559 3493 οὐκ
584 3439 841 3507 ἀνοίγων
887 3436 954 3490 τὸ
982 3437 1207 3505 στόμα·
1249 3433 1365 3499 καὶ,
1404 3434 1867 3504 Λοιδορούμενος
1913 3437 2023 3489 οὐκ

449 3529 849 3598 ἀντελοιδόρει
867 3547 881 3560 ο
915 3527 1168 3596 πάσχων
1197 3528 1308 3581 οὐκ
1339 3525 1574 3594 ἠπείλει
1592 3543 1606 3557 ·
1640 3527 1738 3598 τὴν
1766 3527 1940 3600 ἄκραν
1968 3527 2025 3581 δὲ

450 3621 796 3685 ἀνεξικακίαν
854 3618 1257 3690 ἐνδεικνύμενος
1329 3619 1388 3671 ἐν
1451 3616 1530 3687 τῷ
1602 3618 2024 3691 κατηγορεῖσθαι

452 3713 682 3775 ἐσιώπα,
721 3709 1330 3782 ψευδομαρτυρούμενός
1357 3727 1418 3762 τε
1457 3709 1605 3762 ούδέν
1655 3709 2020 3780 ἀπεκρίνατο’

452 3803 588 3857 ἀλλά
621 3803 714 3856 καὶ
744 3802 834 3854 τὸν
871 3802 1036 3856 νῶτον
1069 3800 1233 3853 αὑτοῦ
1267 3800 1495 3853 δέδωκεν
1516 3801 1596 3863 εἰς
1625 3799 1894 3869 μάστιγας
1932 3800 2026 3854 καὶ

449 3894 552 3958 τὰς
595 3893 848 3961 σιαγόνας
877 3893 957 3954 εἰς
1005 3891 1354 3961 ῥαπίσματα·
1393 3888 1455 3941 τὸ
1503 3888 1560 3941 δὲ
1589 3889 1879 3960 πρόσωπον
1926 3889 2026 3941 οὐκ

453 3985 792 4057 ἀπέστρεψεν
815 3983 922 4038 ἀπὸ
950 3982 1210 4054 αἰσχύνης
1242 3983 1670 4054 ἐμπυσμάτων.
1701 3982 1792 4034 Διό
1836 3998 2022 4050 φησιν·

465 4077 637 4146 Ἐμοῦ
665 4076 733 4131 δὲ
744 4075 844 4129 διὰ
857 4075 970 4143 τὴν
984 4076 1241 4129 ἀκακίαν
1265 4073 1618 4138 ἀντελάϐου,
1645 4072 1742 4126 καὶ
1755 4073 2024 4128 ἐϐεϐαίω-

454 4168 573 4235 σάς
603 4185 676 4237 με
725 4167 981 4220 ἐνώπιόν
1038 4183 1153 4220 σου
1194 4168 1281 4232 εὶς
1324 4164 1527 4220 αἰῶνα.
1585 4164 1808 4228 Τούτοις
1861 4166 2026 4219 πᾶσιν

453 4261 546 4316 ἐπὶ
558 4261 699 4313 τέλει
720 4260 780 4312 τὸ
812 4259 1146 4330 προφητικὸν
1169 4258 1382 4330 πνεῦμα
1406 4259 1820 4332 εὐχαριστήριον
1845 4259 2026 4330 φωνὴν

452 4353 766 4423 ἀναπέμπει
816 4353 894 4422 τῷ
943 4351 1064 4422 Θεῷ
1119 4351 1303 4421 λέγον·
1359 4351 1706 4421 Εὐλογητὸς
1749 4353 1963 4420 Κύριος
1994 4353 2027 4405 ό

453 4443 600 4510 Θεὸς
642 4443 891 4512 Ἰσραὴλ
910 4442 1029 4496 ἀπὸ
1063 4443 1168 4496 τοῦ
1196 4442 1414 4509 αἰῶνος
1441 4443 1539 4496 καὶ
1571 4445 1659 4508 εις
1687 4443 1792 4495 τὸν
1817 4441 2020 4497 αἰῶνα·

2130 3255 2547 3325 simplicitatem,
2597 3252 2736 3326 [haec
2774 3251 3031 3325 dicenda]
3068 3252 3355 3324 quoniam,
3405 3251 3543 3306 sicut
3588 3251 3701 3305 ovis

2128 3348 2200 3401 ad
2241 3346 2627 3417 jugulationem
2667 3345 2856 3400 ductus
2885 3354 2985 3410 est,
3027 3354 3077 3399 et
3123 3345 3262 3401 sicut
3311 3361 3478 3416 agnus
3523 3359 3704 3398 coram

2128 3437 2372 3493 tondente
2411 3438 2524 3491 sine
2566 3453 2708 3501 voce,
2739 3437 2817 3492 sic
2846 3453 2951 3490 non
2979 3437 3184 3506 aperuit
3229 3453 3286 3492 os
3329 3435 3565 3500 suum“,
3609 3444 3699 3490 et:

2129 3529 2262 3586 Cum
2291 3529 2714 3594 malediceretur,
2750 3546 2854 3583 non
2876 3527 3316 3592 remaledicebat;
3347 3544 3465 3583 cum
3496 3536 3704 3597 patere-

2130 3631 2238 3684 tur,
2275 3636 2380 3675 non
2434 3621 2956 3675 comminabatur":
2995 3619 3090 3674 sed
3135 3633 3352 3675 summa
3397 3619 3703 3676 instructus

2128 3713 2412 3783 patientia,
2463 3728 2590 3769 cum
2642 3722 3022 3779 accusaretur,
3079 3713 3314 3780 tacebat,
3365 3721 3488 3768 cum
3546 3711 3702 3767 falsis

2129 3803 2456 3858 testimoniis
2491 3805 2863 3874 impeteretur,
2895 3804 3034 3859 nihil
3063 3802 3378 3874 respondit;
3410 3799 3507 3860 sed
3536 3801 3703 3857 etiam

2127 3891 2352 3945 dorsum
2382 3908 2542 3948 suum
2573 3892 2800 3965 ﬂagellis
2831 3895 3051 3959 obtulit,
3069 3903 3124 3950 et
3154 3894 3326 3950 malas
3349 3908 3479 3949 suas
3497 3891 3697 3964 alapis,

2130 3981 2323 4036 faciem
2359 3997 2486 4038 vero
2538 3998 2694 4038 suam
2723 3999 2833 4039 non
2872 3986 3068 4040 avertit
3105 3999 3136 4039 a
3161 3985 3367 4054 probro
3393 3993 3702 4055 sputorum.

2128 4073 2470 4144 Quapropter
2490 4074 2589 4139 ait,
2621 4073 2709 4128 Me
2737 4085 2913 4128 autem
2938 4087 3151 4145 propter
3182 4078 3540 4130 innocentiam
3579 4094 3702 4132 tus-

2127 4166 2332 4234 cepisti,
2368 4175 2419 4220 et
2439 4166 2772 4235 conﬁrmasti
2811 4181 2893 4218 me
2937 4165 2990 4219 in
3026 4176 3304 4234 conspectu
3329 4175 3417 4220 tuo
3457 4167 3513 4220 in
3541 4177 3703 4221 atter-

2129 4275 2274 4313 num.
2318 4257 2375 4313 In
2424 4257 2530 4313 ﬁne
2561 4258 2780 4314 tandem
2827 4271 3018 4312 eorum
3073 4257 3300 4328 spiritus
3346 4258 3706 4328 propheticus

2130 4351 2427 4421 gratiarum
2460 4352 2706 4407 actiones
2746 4351 2858 4408 Deo
2901 4350 3105 4406 emittit
3141 4351 3228 4405 bis
3269 4350 3484 4408 verbis:
3537 4349 3704 4404 Bena-

2129 4441 2303 4496 dictus
2338 4441 2597 4497 Dominus
2649 4442 2788 4498 Deus
2836 4441 3010 4498 Israel
3040 4460 3072 4496 a
3102 4441 3298 4499 saeculo
3347 4449 3398 4496 et
3442 4458 3605 4512 usque
3650 4442 3702 4494 in
3748 4431 3756 4440 ’

451 4535 700 4606 γένοιτο,
727 4535 983 4604 γένοιτο’
1019 4534 1052 4604 ἢ
1099 4534 1237 4588 κατὰ
1267 4534 1359 4587 τὸν
1421 4534 1651 4588 Ἀκύλαν
1677 4576 1693 4601 ,
1735 4548 2026 4588 πεπίστω-

2131 4533 2408 4598 sreculum,
2441 4535 2560 4604 ﬁat,
2589 4535 2720 4604 ﬁat;
2744 4543 2860 4600 aut,
2895 4534 3196 4590 secundum
3219 4533 3494 4606 Aquilam,
3531 4533 3704 4603 ﬁdeli-

445 4621 662 4693 μένως,
716 4620 1174 4691 πεπιστωμένως
1193 4642 1206 4653 ο
1269 4623 1408 4677 κατὰ
1453 4623 1510 4677 δὲ
1540 4624 1631 4677 τὸν
1689 4624 1983 4696 Σύμμαχον
2009 4642 2023 4654 ·

464 4717 660 4784 Ἀμὴν,
695 4713 881 4783 ἀμήν·
933 4712 1083 4766 ἔνθεν
1111 4715 1139 4766 ὁ
1177 4715 1366 4787 Σωτὴρ
1397 4716 1492 4768 καὶ
1533 4715 1738 4786 Κύριος
1781 4715 1936 4786 ἡμῶν
1969 4719 2028 4770 ἐν

447 4808 560 4866 τοῖς
593 4803 784 4856 ἑαυτοῦ
825 4803 1093 4872 διαλόγοις
1148 4805 1224 4867 εἰς
1253 4805 1516 4859 πίστωσιν
1547 4806 1655 4859 τῶν
1716 4806 1812 4859 ὑπ’
1862 4805 2027 4861 αὐτοῦ

448 4895 758 4965 λεγομένων
804 4895 1252 4966 παραλαμϐάνειν
1303 4897 1460 4950 εἴωθε
1508 4897 1602 4950 τόο
1652 4897 1829 4967 Ἀμὴν
1875 4898 2029 4969 λέγω

445 4987 621 5054 ὑμῖν·
665 4984 725 5041 οὖ
777 4989 878 5059 τὴν
929 4988 1166 5042 διάνοιαν
1226 4989 1557 5060 σαφέστερον
1610 4991 1954 5062 ἡρμήνευσεν
2000 4993 2029 5045 ό

462 5075 692 5141 Ἀκύλας
714 5076 904 5142 εἰπὼν,
930 5077 1407 5148 πεπιστωμένως,
1442 5081 1920 5149 πεπιστωμένως.

535 5169 692 5223 Ἀλλὰ
726 5169 835 5242 γὰρ
855 5170 1186 5243 διῃρημένης
1233 5171 1331 5240 τῆς
1371 5171 1498 5242 ὅλης
1542 5171 1724 5242 βίϐλου
1757 5173 1865 5226 τῶν
1893 5172 2028 5243 ψαλ-

454 5259 573 5331 μῶν
605 5264 683 5325 εἰς
710 5262 869 5316 πέντε
903 5264 1064 5335 μέρη,
1093 5264 1152 5317 τὺ
1179 5265 1392 5336 πρῶτον
1430 5263 1592 5334 μέρος
1617 5264 1851 5318 ἐνταῦθα
1881 5283 2028 5336 περι-

451 5355 741 5427 γράφεται,
774 5355 1072 5426 ἀρχόμενον
1105 5355 1203 5425 μὲν
1229 5357 1336 5409 ἀπὸ
1362 5355 1456 5408 τοῦ
1481 5361 1528 5408 α’
1549 5354 1762 5426 ψαλμοῦ
1789 5395 1804 5418 ,
1845 5356 2027 5410 τελευ-

450 5448 560 5502 τῶν
591 5449 649 5501 δὲ
670 5451 746 5512 εἰς
774 5447 862 5501 τὸν
896 5447 1032 5517 μετὰ
1069 5450 1278 5519 χεῖρας.
1313 5449 1452 5520 Ὦρα
1483 5448 1548 5520 δὴ
1594 5443 1685 5501 οὖν
1726 5448 2025 5520 μεταϐῆναι

453 5539 548 5592 ἐπὶ
576 5540 636 5593 τὸ
661 5539 910 5609 δεύτερον
934 5555 948 5568 ο
984 5539 1119 5610 ὅπερ
1149 5541 1374 5609 ἄρχεται
1408 5540 1504 5610 μὲν
1537 5539 1756 5594 ἀπὸτοῦ
1783 5539 1872 5612 μα’
1893 5540 2030 5611 ψαλ-

459 5631 580 5703 μοῦ,
616 5629 1044 5703 συμπεραιοῦται
1069 5630 1126 5683 δὲ
1158 5632 1238 5695 εἰς
1270 5631 1361 5686 τὸν
1395 5631 1493 5687 οα’.

2135 4635 2234 4691 ter,
2267 4625 2531 4696 ﬁdeliter;
2560 4628 2695 4691 sive,
2727 4627 3028 4684 secundum
3055 4627 3472 4700 Symmachum,
3513 4643 3700 4691 amen,

2133 4735 2306 4774 amen.
2347 4717 2502 4774 Unde
2550 4717 2809 4775 Servator
2854 4720 2911 4774 in
2953 4719 3266 4790 colloquiis,
3304 4717 3373 4772 ad
3430 4719 3701 4774 sermonis

2133 4809 2218 4864 sui
2273 4810 2746 4866 conﬁrmationem
2798 4809 2854 4865 id
2912 4825 3182 4881 usurpare
3241 4809 3487 4864 solebat:
3537 4809 3703 4864 Amen

2130 4903 2249 4956 dico
2288 4901 2451 4958 vobis.
2501 4902 2674 4974 Cujus
2725 4903 3054 4960 sententiam
3105 4902 3354 4973 apertius
3411 4902 3704 4974 explicavit

2130 4993 2328 5066 Aquila
2355 4996 2564 5063 dicens,
2601 4996 2848 5066 ﬁdeliter,
2880 4996 3131 5067 ﬁdeliter.

2201 5171 2471 5227 Universo
2521 5172 2742 5243 quidem
2791 5173 3126 5244 psalmorum
3177 5171 3318 5227 libro
3363 5171 3419 5226 in
3463 5173 3704 5242 quinque

2131 5274 2317 5337 partes
2346 5265 2548 5332 diviso,
2589 5267 2766 5337 prima
2822 5280 2949 5334 pars
3003 5263 3112 5320 huc
3151 5263 3379 5331 desinit,
3417 5279 3539 5336 qua:
3565 5265 3706 5320 inci-

2136 5357 2217 5428 pit
2249 5372 2281 5412 a
2320 5358 2496 5428 primo
2542 5359 2772 5427 psalmo,
2818 5365 2873 5415 et
2925 5358 2983 5412 in
3043 5357 3301 5428 praesenti
3354 5358 3700 5412 terminatur.

2135 5447 2326 5506 Restat
2357 5456 2416 5504 ut
2459 5449 2755 5504 secundam
2801 5449 3204 5521 aggrediamur,
3252 5465 3376 5520 quas
3403 5465 3432 5504 a
3467 5448 3707 5520 quadra-

2138 5541 2348 5613 gesimo
2376 5542 2554 5613 primo
2585 5541 2793 5613 incipit,
2823 5550 2877 5599 et
2906 5543 2964 5598 in
2981 5543 3445 5616 septuagesimum
3469 5543 3709 5615 primum

2141 5633 2362 5689 desinit.

525 5809 571 5840 ²¹
603 5808 764 5865 Joan.
800 5828 922 5880 ιιιν,
955 5814 1046 5870 27.
1122 5814 1168 5848 ’³
1205 5813 1361 5872 Joan.
1394 5832 1485 5884 vt,
1522 5815 1608 5872 5i.
1687 5817 1733 5851 ’⁵
1771 5816 1876 5874 lsa.
1915 5833 2046 5888 Lm,
2084 5817 2135 5875 7.
2212 5819 2258 5851 "
2297 5817 2316 5871 l
2348 5815 2493 5873 Pctr.
2527 5833 2599 5886 ιι,
2636 5815 2725 5880 23.
