4098 6418
403 341 511 398 367

512 463 563 518 1.
619 459 686 516 ΙΝ
741 458 1633 590 F1NEM,£BRL§TXEIE.'LECTUM
1672 465 1870 520 FlLllS

476 645 661 704 Prima
711 662 837 718 pars
888 650 1016 704 libri
1063 651 1396 720 psalmorum
1428 653 1786 723 quadraginta
1822 653 1972 724 psal-

1110 339 1377 398 EUSEBII
1415 341 1894 399 CIESARIENSIS
1923 345 2075 403 OPP.
2099 345 2279 402 PARS
2312 343 2399 403 111.
2429 377 2503 389 —
2538 345 2946 402 EXEGETICA.

3546 343 3652 398 5138

2003 475 2053 533 Α
2150 470 2259 523 ΕΙΣ
2309 468 2397 521 ΤΟ
2447 468 2688 530 ΤΕΛΟΣ,
2711 469 2819 521 ΕΙΣ
2868 467 3161 521 ΣΥΝΕΣΙΝ
3200 466 3354 520 ΤΟΙΣ
3403 464 3582 517 ΥιοιΣ

2694 539 2875 593 ΚΟΡΕ
2908 541 3041 593 MA'.

2153 651 2225 704 Τὸ
2257 653 2356 724 μὲν
2386 652 2603 724 πρῶτον
2653 652 2815 724 μέρος
2838 651 2940 723 τῆς
2985 651 3092 704 τῶν
3121 649 3352 722 ψαλμῶν
3389 649 3569 720 βίϐλου
3600 657 3652 719 μ’

406 754 545 803 mos,
588 740 681 810 qui
727 756 920 796 omnes
969 740 1188 795 Davidis
1217 750 1365 806 sunt,
1398 745 1811 813 complectitur;
1859 744 1974 798 haec

2089 742 2347 813 ψαλμοὺς,
2400 745 2494 798 xui
2526 744 2733 807 πάντας
2787 742 2882 796 τοῦ
2913 742 3094 807 Δαυῒδ,
3151 745 3429 814 περιεῖχε·
3487 743 3548 795 τὸ
3594 741 3652 796 δὲ

406 847 536 886 vero
594 846 754 902 quam
806 833 1030 899 inimus,
1092 834 1317 903 triginta
1369 841 1422 888 et
1474 851 1680 889 unum:
1741 850 1978 904 quorum

409 933 536 977 octo
580 925 799 994 quidem
837 924 1069 979 filiorum
1110 924 1271 990 Core,
1306 941 1449 980 unus
1489 925 1697 997 Asaph,
1733 925 1982 981 Salomo-

408 1018 495 1070 nis
533 1033 699 1078 unus,
732 1017 925 1087 reliqui
960 1015 1200 1072 Davidis.
1259 1017 1366 1074 Eos
1405 1026 1588 1074 autem
1617 1019 1711 1089 qui
1748 1019 1980 1074 ﬁliorum

408 1109 549 1164 Core
587 1117 737 1173 sunt,
783 1117 971 1180 utpote
1005 1111 1199 1165 ordine
1233 1112 1462 1181 primos,
1496 1112 1564 1166 ad
1593 1127 1784 1168 eorum
1819 1114 1981 1167 intel-

411 1199 690 1270 ligent-iam
727 1202 840 1270 jam
874 1203 1267 1273 expendemus.
1309 1202 1419 1260 Nos
1469 1204 1562 1259 lilii
1600 1204 1741 1260 Core
1783 1205 1983 1261 inscri-

409 1293 686 1364 ptionibus
729 1295 846 1349 suis
893 1295 1178 1366 instigant,
1236 1303 1294 1350 ut
1324 1312 1393 1351 ne
1431 1297 1736 1352 oscitanter
1786 1299 1984 1353 horum

410 1385 647 1442 lectione
671 1397 907 1442 utamur.
959 1387 1210 1444 Prmsens
1251 1405 1380 1444 vero
1421 1391 1665 1460 psalmus
1696 1391 1982 1462 propheti-

412 1493 538 1532 cum
575 1479 803 1534 chorum
836 1482 1047 1536 tristem
1097 1481 1390 1552 animoque
1423 1482 1490 1538 de
1532 1485 1717 1553 populi
1757 1500 1825 1539 ex
1870 1485 1983 1539 cir-

411 1571 746 1626 cumcisione
775 1573 929 1641 lapsu
973 1582 1291 1628 maerentem
1325 1573 1554 1639 inducit,
1591 1583 1855 1646 rogatque
1888 1592 1985 1648 per

415 1659 719 1718 Salvatoris
761 1677 917 1733 opem
955 1664 1072 1718 erui
1108 1665 1288 1735 ipsum
1337 1674 1392 1720 et
1447 1666 1669 1720 liberari
1729 1681 1760 1720 a
1795 1668 1978 1721 malis.

411 1751 566 1819 Quod
613 1755 668 1808 in
714 1754 819 1811 ﬁne
855 1756 1126 1811 sermonis
1163 1757 1248 1812 his
1264 1757 1446 1812 verbis
1482 1760 1726 1828 assignat
1761 1775 1776 1812 :
1816 1758 1982 1826 Spera

2085 835 2222 905 μετὰ
2254 839 2438 908 χεῖρας
2467 836 2547 888 λα’
2569 853 2582 866 ·
2619 829 2694 888 ὧν
2721 834 2863 888 ὀκτὼ
2892 837 2988 905 μέν
3016 837 3122 889 εἰσι
3155 836 3262 888 τῶν
3309 834 3440 888 υἱῶν
3483 837 3649 906 Κορὲ,

2082 925 2162 990 εἷς
2193 927 2249 981 δὲ
2273 929 2365 980 τοῦ
2407 928 2598 997 Ἀσάφ,
2627 929 2722 980 xui.
2746 927 3055 997 Σολομῶνος
3077 921 3157 992 εἷς
3176 945 3188 957 ·
3213 928 3262 981 οἰ
3287 926 3342 979 δὲ
3362 927 3537 980 λοιποὶ
3557 926 3650 979 τοῦ

2082 1022 2266 1078 Δαυῖδ.
2296 1021 2556 1094 Πρώτους
2577 1022 2633 1075 δὲ
2655 1023 2856 1076 τούτων
2876 1021 3054 1084 ὄντας,
3073 1022 3197 1084 τοὺς
3211 1020 3317 1074 τῶν
3337 1020 3467 1072 υίῶν
3486 1020 3650 1092 Κορὲ,

2083 1115 2522 1187 διασκεψώμεθα,
2559 1117 2650 1170 ἐπὶ
2682 1116 2742 1169 τὸ
2769 1115 3004 1169 συνιέναι
3034 1114 3101 1167 τά
3134 1113 3418 1184 λεγόμενα.
3440 1115 3654 1185 Παρορ-

2088 1208 2260 1278 μῶσιν
2290 1209 2436 1278 ἡμᾶς
2485 1207 2535 1259 οἱ
2564 1207 2669 1260 υἱοὶ
2700 1207 2843 1278 Κορὲ
2885 1205 2972 1258 διὰ
3011 1205 3119 1259 τῶν
3155 1205 3488 1276 προγραφῶν
3521 1204 3654 1276 πρὸς

2083 1298 2144 1351 τὸ
2173 1300 2247 1370 μὴ
2277 1297 2568 1370 παρέργως
2595 1297 2900 1368 χρήσασθαι
2923 1297 2990 1365 τῇ
3010 1294 3117 1347 τῶν
3140 1293 3448 1363 λεγομένων
3477 1291 3657 1344 ἐντεύ-

2086 1387 2185 1454 ξει.
2216 1391 2437 1458 Είσάγει
2467 1389 2522 1442 δὲ
2560 1391 2588 1442 6
2615 1387 2804 1459 παρὼν
2831 1386 3044 1457 ψαλμὸς
3068 1386 3158 1439 τὸν
3200 1384 3533 1458 προφητικὸν
3554 1401 3658 1454 χο-

2089 1481 2178 1552 ρὸν
2205 1481 2503 1552 περίλυπον
2530 1479 2625 1533 xui.
2655 1478 2974 1550 σκυθρωπὸν
3005 1475 3099 1547 τὴν
3131 1476 3307 1547 ψυχὴν
3341 1476 3434 1529 ἐπὶ⁹
3465 1479 3529 1546 τῇ
3565 1474 3657 1528 τοῦ

2085 1572 2213 1626 λαοῦ
2241 1573 2334 1628 τοῦ
2369 1576 2431 1626 ἐκ
2457 1573 2758 1644 περιτομῆς
2815 1569 3084 1625 ἐκπτώσει
3105 1587 3118 1598 '
3152 1570 3246 1623 xui.
3266 1568 3468 1634 ἐξαιτεῖ
3494 1585 3551 1620 τε
3577 1566 3662 1619 λύ-

2085 1681 2286 1733 τρωσιν
2319 1663 2413 1717 xui.
2443 1663 2625 1716 κακῶν
2657 1661 2964 1732 ἐλευθερίαν
2991 1660 3077 1712 διὰ
3095 1660 3192 1731 τῆς
3233 1659 3498 1730 σωτηρίου
3531 1658 3660 1728 βοη-

2089 1757 2260 1822 Θείας.
2294 1759 2357 1811 Ὃ
2397 1758 2460 1829 δὴ
2485 1757 2578 1810 καὶ
2605 1758 2694 1809 ὲπὶ
2719 1755 2860 1809 τέλει
2895 1754 2988 1808 τοῦ
3023 1754 3180 1822 λόγου
3211 1753 3664 1824 ὲπισφραγίζεται

412 1847 466 1898 in
500 1845 630 1910 Deo,
665 1848 914 1915 quoniam
944 1849 1115 1902 adhuc
1145 1848 1429 1919 conﬁtebor
1455 1851 1558 1916 illi,
1591 1851 1831 1905 salutare
1868 1850 1984 1904 vul-

2089 1848 2284 1904 εἰπών·
2316 1851 2606 1903 Ἐλπισογ
2630 1847 2727 1902 ἐπὶ
2751 1846 2858 1900 τὸν
2889 1844 3054 1908 Θεὸν,
3097 1843 3187 1897 ὅτι
3225 1842 3664 1913 ἐξομολογήσα-

411 1943 496 1989 tus
527 1938 627 1990 mei
655 1947 706 1992 et
731 1938 870 1992 Deus
896 1955 1066 1994 meus.

483 2108 672 2180 Neque
729 2111 1023 2180 psalmum,
1058 2124 1238 2179 neque
1273 2108 1570 2172 canticum,
1605 2122 1782 2178 neque
1822 2107 1986 2179 quid-

412 2201 557 2271 piam
604 2202 783 2257 simile
816 2202 1106 2271 inscriptio
1135 2199 1375 2270 praefert,
1427 2199 1590 2269 idque
1618 2200 1743 2268 jure
1777 2214 1842 2253 ac
1868 2215 1984 2254 me-

413 2293 520 2346 rito
562 2308 575 2344 :
604 2292 732 2360 quia
763 2306 824 2346 ca
855 2305 978 2360 quae
1015 2291 1429 2359 subjunguntur
1455 2291 1792 2344 tristioribus
1821 2289 1988 2346 dictis

414 2383 571 2449 plena
601 2387 750 2447 sunt,
797 2382 920 2436 ideo
955 2383 1008 2436 in
1032 2383 1191 2450 ﬁnem
1231 2381 1554 2451 simpliciter
1580 2381 1862 2450 inscriptio
1879 2392 1985 2436 est.

413 2472 549 2528 Nam
595 2488 720 2528 cum
773 2489 862 2530 res
894 2475 1132 2528 nondum
1163 2476 1511 2541 exsisterent,
1545 2475 1640 2530 sed
1670 2474 1867 2531 futurae
1898 2493 1984 2533 es-

414 2575 557 2630 sent,
600 2567 980 2637 prmdictiones
1015 2574 1225 2621 tantum
1261 2567 1662 2637 complectitur.
1704 2566 1986 2639 Siquidem

409 2660 506 2716 lilii
571 2661 708 2717 Core
757 2669 998 2732 tempore
1061 2661 1265 2732 Moysis
1332 2661 1387 2714 in
1421 2660 1670 2716 [deserto
1745 2661 1985 2716 luerunt.

410 2752 617 2809 Deinde
670 2769 801 2809 vero
851 2769 974 2808 cum
1021 2761 1178 2824 pater
1224 2770 1410 2809 eorum
1458 2753 1598 2810 Core
1643 2755 1700 2810 in
1746 2755 1987 2828 Moysem

406 2847 735 2904 seditionem
765 2850 1119 2915 concitasset,
1151 2860 1314 2920 atque
1345 2851 1399 2905 in
1423 2851 1630 2905 familia
1663 2867 1762 2907 sua
1789 2853 1990 2922 periis-

407 2948 517 3007 set,
561 2941 794 3011 contigit
841 2949 900 2996 ut
932 2941 1027 2996 filii
1081 2943 1202 3012 ejus
1241 2959 1348 2998 non
1393 2960 1500 2998 una
1533 2960 1658 2999 cum
1705 2953 1861 3015 patre
1902 2946 1982 2999 in-

411 3033 674 3090 terirent:
717 3042 770 3090 et
800 3035 927 3103 quia
957 3043 1199 3104 paternae
1227 3037 1523 3108 impietatis
1555 3038 1853 3109 participes
1877 3054 1988 3094 non

2082 1939 2402 2010 μαιαὺτῷ·
2429 1938 2725 2008 σωτήριον
2762 1937 2869 1992 τοῦ
2915 1935 3240 2005 προσώπου
3280 1951 3401 2004 μου
3484 1935 3582 1990 καὶ
3632 1940 3662 1992 6

2087 2031 2229 2097 Θεός
2250 2050 2388 2100 μου.

2159 2123 2296 2177 Ούτε
2324 2122 2562 2193 ψαλμὸν,
2595 2120 2717 2174 ούτε
2741 2119 2880 2190 ᾠδὴν
2907 2159 2922 2184 ,
2954 2119 3077 2173 οὔτε
3103 2137 3155 2173 τι
3183 2118 3292 2172 τῶν
3325 2117 3580 2172 τοιούτων
3625 2118 3661 2188 ἡ

2089 2215 2417 2288 προσγραφὴ
2449 2215 2691 2286 περιέχει
2717 2230 2731 2244 ο
2768 2214 2862 2266 xui.
2895 2214 3138 2276 εἰκότως.
3183 2211 3513 2283 Ἐπειδήπερ
3537 2227 3666 2263 σκυ-

2089 2309 2451 2381 θρωποτέρων
2496 2307 2670 2376 λόγων
2715 2307 3072 2378 πεπλήρωται
3118 2304 3188 2356 τὰ
3244 2302 3372 2373 ἑξῆς
3421 2301 3666 2370 ἐπιλεγό-

2093 2419 2250 2474 μενα,
2286 2403 2372 2456 διὰ
2411 2400 2584 2454 ταῦτα
2625 2399 2808 2462 ἁπλῶς
2832 2401 2919 2464 εὶς
2952 2397 3017 2450 τὸ
3044 2397 3219 2462 τέλος
3241 2396 3662 2467 ἐπιγέγραπται.

2089 2493 2181 2563 Μὴ
2211 2491 2320 2563 γὰρ
2346 2489 2675 2560 ὑφεστώτων
2707 2489 3073 2560 πραγμάτων,
3109 2485 3404 2557 μελλόντων
3436 2486 3493 2538 δέ
3535 2501 3664 2538 ποτε

2089 2583 2328 2645 ἔσεσθαι,
2366 2584 2695 2654 προρρήσεις
2731 2581 2994 2652 περιέχει.
3017 2571 3025 2578 ’
3049 2577 3311 2646 Γεγόνασι
3355 2578 3452 2649 μὲν
3483 2577 3589 2648 γὰρ
3617 2577 3667 2631 οί

2089 2675 2195 2727 υἱοὶ
2237 2675 2380 2743 Κορὲ
2421 2673 2513 2726 ἐπὶ
2556 2673 2655 2743 τῆς
2690 2674 2894 2743 ἐρήμου
2924 2669 3063 2724 κατὰ
3095 2671 3220 2733 τοὺς
3240 2669 3464 2741 χρόνους
3504 2670 3670 2722 Μωῦ-

2093 2765 2249 2829 σέως.
2276 2761 2407 2818 Εἶτα
2432 2764 2526 2819 τοῦ
2561 2764 2764 2836 πατρὸς
2792 2763 2968 2817 αὐτῶν
2995 2761 3087 2816 τοῦ
3115 2762 3262 2834 Κορὲ
3302 2759 3670 2816 καταστασιά-

2091 2875 2282 2922 σαντος
2303 2859 2600 2923 Μωῦσέως,
2629 2859 2723 2912 xui.
2738 2857 3074 2928 ἀπολομένου
3108 2859 3172 2928 τῇ
3199 2855 3366 2909 αὐτοῦ
3408 2856 3667 2928 φρατρίᾳ,

2089 2953 2216 3014 τοὺς
2240 2951 2429 3003 τούτου
2455 2950 2647 3014 παῖδας
2675 2949 2871 3021 συνέϐη
2897 2949 2972 3021 μὴ
3003 2948 3359 3002 συναπολέσαι
3381 2949 3459 3018 τῷ
3480 2947 3666 3020 πατρί’

2090 3042 2178 3096 διὰ
2209 3042 2269 3094 τὸ
2298 3043 2370 3113 μὴ
2405 3042 2786 3095 κεκοινωκέναι
2818 3043 3014 3104 αὐτοὺς
3037 3045 3101 3111 τῇ
3126 3040 3219 3093 τοῦ
3253 3040 3456 3110 πατρὸς
3477 3041 3671 3093 δυσσε-

412 3127 651 3191 fuerant,
685 3128 781 3183 sed
817 3131 1191 3197 paenitentiam
1227 3138 1280 3185 et
1309 3132 1601 3184 maximam
1655 3147 1785 3203 erga
1819 3131 1986 3188 Deum

2093 3134 2233 3206 ϐείᾳ,
2265 3135 2554 3204 μετάνοιαν
2590 3133 2647 3186 δὲ
2677 3131 3080 3202 ἐνδειξαμένους
3122 3131 3216 3183 καὶ
3254 3130 3510 3201 πλείστην
3543 3130 3670 3201 περὶ⁵

413 3221 666 3292 pietatem
708 3221 1058 3287 exhibebant,
1092 3231 1244 3276 tanta
1293 3223 1433 3294 apud
1498 3223 1668 3279 Deum
1727 3224 1990 3294 approba-

413 3311 562 3367 tione
595 3312 743 3382 digni
795 3311 1038 3380 l‘uerunt,
1074 3321 1134 3368 ut
1164 3314 1326 3368 etiam
1354 3315 1655 3385 prophetia:
1692 3318 1866 3386 gratia
1895 3333 1990 3372 or-

415 3415 704 3458 narentur.
771 3403 852 3460 Ex
899 3421 1086 3460 eorum
1122 3422 1288 3478 porro
1340 3407 1694 3463 successione
1741 3415 1990 3480 tempore

411 3497 632 3554 Davidis
671 3499 812 3556 alius
871 3497 1010 3555 Core
1067 3507 1293 3556 exortus
1343 3507 1474 3569 est,
1545 3500 1718 3571 priori
1785 3516 1990 3573 cogno-

412 3590 613 3658 minis;
679 3599 734 3648 et
792 3592 922 3647 huic
982 3592 1077 3647 lilii
1133 3593 1244 3646 nati
1307 3592 1423 3648 alii.
1499 3591 1626 3649 Sive
1697 3594 1864 3666 igitur
1936 3596 1991 3651 hi

413 3682 724 3750 postremi,
775 3683 893 3737 sive
940 3684 1152 3753 priores
1181 3683 1313 3748 alii,
1373 3684 1746 3754 captivitatem
1803 3687 1991 3757 pepuli

412 3787 537 3843 quae
590 3772 752 3844 longo
796 3785 984 3845 postea
1025 3783 1269 3845 tempore
1300 3776 1532 3839 accidit,
1582 3792 1645 3832 ac
1675 3775 1991 3833 Judazorum

413 3865 600 3936 populi
669 3868 727 3921 in
796 3881 987 3923 omnes
1039 3878 1227 3939 gentes
1289 3869 1721 3940 dispersionem,
1781 3870 1888 3926 hoc
1936 3870 1992 3925 in

415 3960 628 4030 psalmo
666 3959 1053 4016 vaticinantur.
1095 3961 1151 4015 In
1191 3962 1546 4032 sequentibus
1592 3962 1760 4033 igitur
1795 3963 1988 4018 aiunt:

417 4050 486 4104 Et
511 4053 601 4123 qui
621 4051 843 4107 oderunt
872 4071 966 4109 nos
1013 4053 1344 4124 diripuerunt
1370 4073 1480 4111 eos.
1508 4054 1714 4110 Dedisti
1747 4073 1843 4111 nos
1873 4067 1994 4109 tan-

413 4160 572 4214 quam
603 4161 717 4199 ores
749 4161 1030 4210 escarum,
1084 4157 1133 4200 et
1173 4149 1224 4201 in
1259 4147 1496 4218 gentibus
1531 4147 1826 4216 dispersisti
1874 4163 1991 4202 nos.

424 4235 713 4290 Vendidisti
733 4238 982 4307 populum
1019 4249 1168 4291 tuum
1205 4241 1317 4294 sine
1353 4242 1545 4309 pretio,
1574 4249 1625 4294 et
1653 4241 1877 4308 posuisti
1899 4257 1993 4293 nos

414 4327 751 4397 opprobrium
813 4331 997 4383 vicinis
1055 4333 1252 4384 nostris
1302 4331 1368 4385 ".
1424 4331 1544 4387 Non
1587 4333 1732 4386 enim
1785 4331 1900 4386 haec
1935 4338 1995 4385 ut

415 4432 659 4491 tempore
694 4419 916 4476 Davidis
939 4433 1090 4491 gesta
1114 4423 1345 4478 historia
1375 4432 1564 4478 narrat
1592 4444 1604 4479 :
1639 4424 1763 4478 ideo
1784 4424 1985 4478 inscri-

2091 3225 2182 3277 τὸν
2210 3223 2341 3276 Θεὸν
2386 3222 2693 3284 εὐλάϐειαν,
2741 3220 3013 3290 τοσαύτης
3061 3219 3330 3290 ἀποδοχῆς
3375 3218 3669 3288 ἠξιωκέναι

2092 3315 2242 3385 παρὰ
2281 3314 2356 3386 τῷ
2384 3313 2523 3383 Θεῷ,
2551 3313 2626 3374 ὡς
2661 3311 2755 3365 καί
2800 3309 3141 3382 προφητικοῦ
3188 3310 3522 3380 χαρίσματος
3568 3326 3668 3380 με·

2089 3409 2331 3477 τασχεῖν.
2380 3407 2474 3459 Ἐκ
2502 3405 2561 3458 δὲ
2595 3405 2694 3476 τῆς
2717 3401 2920 3456 τούτων
2944 3401 3194 3473 διαδοχῆς
3217 3402 3360 3455 κατὰ
3391 3402 3515 3464 τοὺς
3543 3399 3671 3472 χρό-

2093 3517 2217 3564 νους
2246 3498 2407 3552 Δαυῒδ
2455 3497 2661 3566 γίνεται
2692 3496 2878 3567 ἕτερος
2909 3495 3078 3568 Κορὲ,
3108 3493 3396 3566 ὁμώνυμος
3424 3493 3502 3565 τῷ
3537 3510 3670 3563 προ-

2091 3592 2257 3664 τέρῳ,
2285 3590 2379 3644 xui.
2407 3589 2598 3643 τούτου
2623 3589 2800 3658 ἕτεροι
2823 3589 3030 3650 παῖδες.
3056 3586 3170 3640 Εἶτ’
3201 3581 3294 3640 οὖν
3331 3580 3477 3639 οὗτοι
3497 3624 3512 3649 ,
3559 3585 3672 3638 εἴτε

2092 3687 2142 3740 οἱ
2166 3685 2442 3758 πρότεροι,
2474 3685 2571 3754 τὴν
2598 3681 2814 3754 μακράν
2846 3681 3072 3752 ὕστερον
3122 3680 3430 3751 γενομένην
3468 3679 3673 3748 αἰχμα-

2093 3779 2294 3832 λωσίαν
2325 3776 2418 3830 τοῦ
2446 3775 2576 3828 λαοῦ
2601 3776 2695 3829 xui.
2727 3773 2824 3845 τὴν
2848 3775 2927 3838 είς
2955 3773 3130 3827 πάντα
3162 3771 3230 3824 τὰ
3263 3769 3390 3842 ἔθνη
3416 3767 3508 3822 τοῦ
3547 3769 3676 3820 Ἰου-

2093 3870 2258 3928 δαίων
2303 3868 2488 3934 έθνους
2541 3866 2839 3939 διασπορὰν
2894 3863 3210 3929 θεσπίζουσι
3261 3861 3350 3915 διὰ
3390 3861 3482 3914 τὸν
3538 3858 3676 3931 μετὰ

2095 3965 2302 4033 χεῖρας.
2353 3961 2643 4031 Προῖόντες
2692 3957 2824 4029 γοῦν
2869 3973 3039 4028 φασι·
3091 3953 3202 4009 Καὶ
3253 3955 3306 4006 οἱ
3350 3951 3678 4022 μισοῦντες

2093 4049 2254 4120 ἡμᾶς
2278 4048 2600 4118 διήρπαζον
2628 4048 2870 4114 αὐτούς.
2931 4044 3194 4108 Ἔδωκας
3217 4040 3374 4110 ἡμᾶς
3411 4041 3491 4106 ὡς
3536 4041 3677 4107 πρόι

2095 4146 2242 4198 ϐατα
2259 4143 2563 4211 βρώσεως,
2577 4141 2675 4195 καὶ
2695 4141 2765 4194 ἐν
2778 4139 2900 4204 τοῖς
2920 4139 3121 4191 ἔθνεσι
3141 4134 3482 4200 διέσπειρας
3497 4130 3673 4200 ἡμᾶς.

2110 4236 2349 4293 Ἀπέδου
2370 4236 2476 4291 τὸν
2497 4237 2650 4291 λαόν
2671 4250 2786 4288 σου
2809 4233 2956 4286 ἄνευ
2997 4228 3175 4299 τιμῆς
3190 4242 3204 4257 ο
3232 4226 3330 4279 καὶ
3355 4227 3496 4280 ἔθου
3519 4223 3678 4293 ἡμᾶς

2097 4331 2327 4398 ὄνειδος
2359 4329 2484 4396 τοῖς
2513 4330 2779 4398 γείτοσιν
2802 4324 2990 4394 ἡμῶν.
3024 4322 3099 4376 Οὐ
3127 4320 3236 4392 γὰρ
3271 4318 3362 4372 ἐπὶ
3398 4315 3492 4370 τοῦ
3518 4314 3678 4368 Δαυῒδ

2097 4423 2271 4477 ταῦτα
2305 4424 2339 4494 ἡ
2372 4423 2584 4494 ἱστορία
2608 4417 2936 4489 γεγενῆσθαι
2958 4415 3229 4488 περιέχει·
3249 4413 3335 4468 διὰ
3366 4412 3527 4466 τοῦτο
3552 4427 3679 4482 προ-

413 4515 528 4584 ptio
572 4515 627 4567 in
662 4515 821 4583 ﬁnem
852 4514 1035 4568 habet.
1069 4515 1245 4584 Atque
1277 4515 1405 4586 quia
1439 4532 1502 4571 ex
1563 4517 1748 4571 divina
1789 4516 1987 4572 intelli-

2097 4516 2408 4586 γέγραπται
2428 4515 2515 4577 εὶς
2549 4511 2616 4564 τὸ
2644 4509 2838 4575 τέλος.
2863 4508 2974 4562 Καὶ
2988 4507 3082 4560 ἐπὶ
3107 4505 3294 4575 Θεῖκῆς
3313 4503 3378 4575 δὴ
3411 4500 3676 4563 συνέσεως

411 4606 593 4677 gentia
631 4606 744 4661 haec
775 4607 829 4661 in
855 4605 1040 4660 futuro
1064 4614 1306 4675 tempore
1327 4616 1478 4679 gesta
1500 4617 1692 4679 putare
1720 4611 1994 4678 convenit,

411 4699 726 4753 necessario
743 4698 950 4753 dictum
971 4706 1075 4761 est,
1099 4699 1165 4752 ad
1179 4699 1522 4758 intellectum.
1545 4700 1653 4756 Pro
1673 4701 1765 4757 illo
1787 4709 1991 4767 autem,

411 4787 542 4857 ﬁliis
577 4788 729 4852 Core,
757 4789 954 4860 Aquila
996 4793 1199 4860 pariter
1225 4799 1280 4845 ct
1314 4791 1676 4863 Symmachus
1703 4836 1718 4860 ,
1759 4794 1994 4863 ﬁliorum

413 4881 549 4936 Core
582 4885 920 4953 interpretati
972 4893 1142 4951 sunt,
1186 4888 1448 4942 docentes
1493 4903 1682 4942 eorum
1716 4902 1838 4943 esse
1867 4903 1995 4958 pro-

411 4974 660 5048 phetias,
701 4977 794 5045 qui
834 4995 894 5033 se
924 4977 1090 5033 Deum
1150 4980 1329 5050 ipsum
1364 4980 1537 5047 sitire,
1569 4987 1732 5051 atque
1760 4995 1947 5036 amore
1971 5021 1986 5044 ,

412 5067 685 5123 desiderio
714 5077 768 5122 et
822 5072 1265 5142 concupiscentia
1315 5072 1460 5127 illius
1521 5072 1763 5128 fontibus
1819 5073 1992 5128 teneri

411 5161 726 5217 fatebantur
746 5203 760 5222 .
791 5163 857 5217 de
889 5179 996 5234 quo
1027 5164 1235 5219 dictum
1268 5174 1353 5220 est
1373 5165 1418 5197 ³⁷
1445 5184 1456 5220 :
1490 5165 1757 5231 Quoniam
1781 5163 1922 5234 apud
1945 5173 1995 5219 te

411 5262 486 5307 est
517 5253 635 5322 fons
661 5255 800 5320 vitaz,
833 5256 886 5307 in
935 5255 1128 5310 Iuntina
1159 5264 1248 5309 tuo
1289 5255 1574 5309 videbimus
1608 5254 1803 5310 lumen.
1841 5253 1992 5320 Qua-

413 5351 633 5411 propter
660 5343 912 5398 dicebant
946 5363 959 5398 :

484 5430 651 5488 Vens.
685 5434 736 5498 2,
772 5436 823 5490 5.
871 5436 1324 5500 Quemadmodum
1373 5437 1638 5491 desiderat
1693 5454 1870 5492 cervus
1920 5437 1990 5492 ad

414 5523 582 5588 fontes
631 5541 924 5594 aquarum,
981 5529 1057 5580 ita
1089 5527 1355 5582 desiderat
1407 5527 1590 5579 anima
1638 5541 1756 5579 mea
1790 5524 1858 5578 ad
1901 5535 1985 5593 te,

415 5615 574 5670 Deus.
613 5616 912 5671 Cornutum
948 5620 1147 5672 animal
1195 5628 1280 5674 est
1310 5634 1537 5684 cervus,
1569 5616 1666 5672 scd
1695 5618 1858 5672 etiam
1889 5634 1989 5690 ρης

485 5797 532 5828 ³⁸
567 5793 712 5849 Psal.
755 5811 880 5848 nm
908 5836 920 5858 ,
962 5797 1149 5852 ll-M.
1227 5799 1271 5830 ³⁷
1308 5795 1454 5853 Ρειιι.
1493 5812 1666 5863 xxxv,
1706 5797 1793 5852 10.

2098 4610 2177 4681 τῷ
2236 4608 2483 4679 μέλλοντι
2535 4604 2710 4659 ταῦτα
2762 4605 2901 4657 νοεῖν
2935 4601 3248 4669 ἀναγκαίως
3276 4597 3525 4670 εἴρηται,
3589 4597 3677 4660 εὶς

2098 4702 2377 4755 σύνεσιν.
2420 4699 2563 4752 Ἀντλ.
2591 4697 2647 4751 δὲ
2675 4695 2792 4760 τοῦ,
2821 4694 2943 4760 τοῖς
2975 4692 3128 4758 υἱοῖς
3158 4690 3340 4758 Κορὲ,
3372 4685 3677 4759 συμφώνως

2097 4791 2126 4841 6
2175 4788 2405 4851 Ἀκύλας
2432 4787 2528 4841 καὶ
2555 4789 2583 4840 6
2607 4786 2922 4858 Σύμμαχος,
2957 4782 3074 4837 τῶν
3097 4780 3244 4836 υἱῶν
3283 4777 3431 4847 Κορὲ
3453 4816 3468 4841 ,
3495 4776 3678 4848 ἡρμή-

2099 4899 2318 4946 νευσαν,
2350 4881 2690 4945 διδάσκοντες
2723 4878 2901 4933 αὐτῶν
2933 4873 3071 4931 εἶναι
3104 4875 3202 4938 τὰς
3232 4873 3598 4946 προφητείας·
3624 4869 3677 4924 οἳ

2097 4975 2254 5047 διψῇν
2271 4973 2577 5045 ὡμολόγουν
2605 4973 2765 5028 αὑτὸν
2795 4973 2885 5026 τὸν
2911 4971 3065 5036 Θεὸν,
3090 4969 3250 5022 πόθον
3266 4984 3325 5020 τε
3348 4965 3442 5019 καὶ
3465 4967 3674 5036 ἵμερον,

2102 5069 2195 5122 xui.
2228 5066 2520 5139 ἐπιθυμίαν
2554 5065 2697 5137 ἔχειν
2727 5066 2825 5136 τῆς
2857 5065 2985 5134 παρ’
3018 5061 3166 5131 αὐτῷ
3203 5060 3405 5132 πηγῆς,
3449 5059 3578 5126 περὶ
3607 5051 3676 5128 ἧς

2100 5158 2334 5230 εἴρηται·
2371 5160 2490 5210 ’Ὁτι
2531 5156 2690 5225 παρά
2740 5155 2839 5210 σοὶ
2888 5155 3050 5223 πηγὴ
3085 5151 3254 5222 ζωῆς,
3293 5151 3362 5205 ἐν
3395 5149 3476 5217 τῷ
3527 5149 3676 5221 φωτί

2099 5266 2216 5304 σου
2244 5251 2510 5320 ὀψόμεθα
2542 5248 2686 5318 φῶς.
2717 5248 2807 5300 Διὸ
2830 5246 3041 5314 ἔλεγονο

2174 5434 2284 5486 Ὃν
2324 5433 2550 5498 τρόπον
2610 5427 2882 5482 ἐπιποθεῖ
2922 5424 3150 5494 ἔλαφος
3188 5421 3287 5476 ἐπὶ
3325 5417 3432 5485 τὰς
3479 5415 3675 5486 πηγὰς

2098 5526 2216 5580 τῶν·
2261 5522 2515 5586 ὑδάτων,
2554 5523 2741 5586 οὕτως
2786 5519 3060 5574 ἐπιποθεῖ
3088 5519 3125 5585 ἡ
3159 5513 3328 5585 ψυχή
3363 5531 3479 5582 μου
3528 5509 3675 5578 πρὸς

2099 5617 2195 5684 σὲ,
2271 5619 2304 5668 ό
2371 5616 2536 5679 Θεός.
2606 5611 2961 5682 Κερασφόρον
3021 5607 3158 5673 ζῶον
3200 5605 3494 5676 ήέλαφος·
3542 5599 3692 5688 una,
