4098 6378
332 369 439 427 339

1461 366 1966 427 COMMENTARIA
2003 366 2073 422 lN
2110 365 2451 425 PSALMOS.

3468 370 3574 427 370

332 492 425 544 καὶ
491 491 730 564 καθαρὸν
803 492 942 547 κατά
1002 491 1094 546 τὸν
1166 491 1348 564 νόμον,
1413 493 1513 565 ἤδη
1538 492 1597 547 δέ
1628 493 1719 546 καὶ
1781 490 1899 561 ὀφι-

2002 505 2123 549 rum
2177 490 2479 547 secundum
2540 487 2711 560 legem
2736 526 2753 552 ,
2802 485 3145 559 serpentibus
3195 483 3565 548 mortiferum,

329 581 568 647 οκτόνον,
631 583 726 638 καὶ
771 585 988 639 πάντων
1047 585 1291 657 ἑρπετῶν
1335 584 1698 657 ἀναιρετικὸν,
1768 583 1904 637 ἀλλά

329 674 422 727 καὶ
488 672 598 728 τῶν
671 674 769 740 τὰς
816 678 1057 749 ἐρήμους
1132 676 1592 749 μεταδιωκόντων.
1653 676 1904 740 Τοιοῦτος

327 765 386 819 δέ
442 760 511 836 ἦν
559 766 589 818 6
633 767 967 837 προφητικὸς
1016 767 1176 839 χορὸς
1198 808 1214 830 ,
1278 767 1577 840 φιλέρημος
1629 766 1723 819 καὶ
1768 767 1900 820 ἀνα-

329 856 786 929 κεχωρηκώς.Ἐν
802 858 1057 929 ἐρημίαις
1079 858 1209 927 γοῦν
1266 860 1362 914 καὶ
1404 859 1575 931 ὄρεσι,
1621 860 1716 913 καὶ
1761 874 1901 929 σπη-

331 947 504 1013 λαίοις
536 951 865 1021 πεποιῆσθαι
893 950 1138 1019 λέγονται
1165 949 1264 1015 τὰς
1283 951 1562 1024 διατριϐάς
1580 969 1593 982 ·
1626 950 1764 1006 ἀλλά
1809 954 1902 1006 καὶ

334 1042 514 1113 πάσης
536 1042 830 1114 ἐτύγχανον
850 1043 1231 1116 ἀντικειμένης
1256 1043 1553 1116 δυνάμεως,
1574 1045 1668 1098 καὶ
1700 1044 1902 1107 παντὸς

330 1135 423 1189 τοῦ
452 1134 592 1189 κατὰ
611 1136 847 1189 διάνοιαν
873 1136 1102 1206 ἑρπετοῦ
1131 1138 1482 1211 ἀναιρετικοί,
1522 1138 1599 1202 ὡς
1645 1138 1711 1193 ἂν
1754 1138 1903 1210 ἔχον-

330 1233 421 1289 τες
443 1227 538 1279 καὶ
562 1226 715 1280 αὐτοὶ
734 1229 923 1282 πατεῖν
950 1229 1134 1283 ἐπάνω
1164 1229 1339 1298 ὖφεων
1361 1230 1454 1283 καὶ
1487 1229 1783 1302 σκορπίων,
1808 1229 1901 1284 καὶ

329 1317 424 1371 ἐπὶ
445 1318 624 1371 πᾶσαν
648 1317 748 1389 τὴν
790 1317 1015 1389 δύναμιν
1051 1317 1146 1372 τοῦ
1195 1318 1413 1391 ἐχθροῦ.
1467 1320 1811 1393 Κερασφόροι
1844 1320 1902 1374 δὲ

329 1406 595 1476 ὑπῆρχον,
617 1406 693 1469 ὼς
722 1405 899 1476 λέγειν
921 1407 1179 1462 δύνασθαι
1200 1424 1211 1432 ’
1246 1410 1341 1462 Ἐν
1362 1409 1460 1463 σοί
1492 1409 1632 1475 τοὺς
1651 1408 1903 1479 ἐχθροὺς

328 1497 501 1567 ἡμῶν
548 1498 950 1570 κερατιοῦμεν.
993 1501 1151 1555 Ἀλλά
1183 1501 1277 1555 καὶ
1321 1499 1552 1571 καθαροὶ
1583 1500 1683 1573 τὴν
1724 1500 1902 1571 ψυχὴν

329 1588 649 1675 ἐτύγχανον,
684 1591 734 1644 εί
777 1590 870 1645 καί
916 1609 1059 1656 τινες
1086 1591 1269 1646 ἄλλον
1303 1592 1382 1646 διὸ
1419 1592 1603 1663 ἐλάφῳ
1632 1591 1904 1663 παρεϐάλ-

329 1682 497 1735 λοντο.
515 1680 667 1735 Ἐπεὶ⁵
699 1682 793 1736 καὶ
822 1682 981 1747 αὐτὸς
1003 1684 1031 1736 6
1052 1683 1283 1754 νυμφίος
1308 1683 1613 1754 ἐνᾊσματι
1642 1680 1903 1752 ᾀσμάτων

328 1773 506 1846 νεὸρῷ
536 1774 719 1847 ἐλάφῳ
740 1775 1086 1847 ἀφωμοίωτο,
1118 1776 1212 1829 καὶ
1228 1777 1284 1829 ἐν
1313 1774 1394 1841 τῷ
1430 1773 1547 1827 Ἰὼϐ
1578 1774 1636 1827 δέ
1662 1774 1897 1846 εἴρηταισ

341 1866 681 1936 Ἐφύλαξας
707 1866 776 1920 δὲ
803 1866 1005 1937 μῆνας
1028 1868 1269 1938 ἐλάφων
1304 1866 1521 1934 ὠδῖνάς
1547 1885 1611 1922 τε
1634 1884 1646 1898 ⁸
1677 1866 1900 1933 αὐτοὺς
1930 1853 1972 1907 Β

325 1957 773 2026 ὲξαποστελεῒς.
806 1959 1072 2025 Τοιαύτας
1109 1961 1165 2014 δὲ
1193 1958 1417 2029 λογικάς
1462 1959 1693 2029 ἐλάφους
1729 1960 1757 2012 6
1787 1958 1900 2013 Κύο

327 2068 443 2123 ριος
462 2050 880 2124 καταρτίζεσθαι
927 2052 1143 2122 λέγεται
1170 2054 1227 2105 ἐν
1256 2052 1343 2121 κη’
1366 2050 1588 2122 ψαλμῷ,
1613 2050 1894 2121 φάσκοντιο

323 2141 498 2212 Φωνὴ
521 2143 743 2211 Κυρίου
766 2143 1222 2214 καταρτιζομένη
1253 2142 1541 2212 ἐλάφους.

396 2230 566 2291 Δῦται
596 2236 772 2291 τοίνυν
820 2238 876 2290 at
917 2236 1125 2305 ἔλαφοι,
1168 2237 1268 2309 τῆς
1296 2236 1481 2308 πηγῆς
1520 2234 1900 2309 διαλειπούσης

325 2328 494 2392 αύτάς
511 2326 601 2382 διά
629 2326 728 2391 τὰς
757 2328 985 2400 ἀνομίας
1017 2327 1110 2382 τοῦ
1136 2328 1265 2383 λαοῦ
1286 2369 1302 2396 ,
1341 2329 1433 2383 καὶ
1456 2328 1899 2401 ἀποστραφέντος

324 2420 417 2475 τοῦ
451 2419 606 2487 Θεοῦ,
629 2420 751 2476 καθ’
776 2420 976 2486 ἑαυτὰς
1009 2421 1383 2488 ἀπεκλαίοντο,
1416 2422 1512 2477 καὶ
1552 2424 1665 2487 τοῖς
1691 2423 1898 2478 ἑαυτῶν

322 2511 581 2584 δάκρυσιν
603 2512 839 2585 ἐχρῶντο
872 2515 1069 2587 τροφῇ,
1092 2514 1284 2579 νυκτὸς
1306 2515 1398 2569 καὶ
1441 2513 1655 2586 ἡμέρας
1672 2516 1771 2588 τὴν
1796 2516 1901 2569 ἀπ-

322 2603 521 2658 ώλειαν
547 2604 641 2658 τοῦ
683 2604 814 2659 λαοῦ
843 2604 1247 2677 ἀποθρηνοῖωαι
1266 2621 1279 2635 ⁸
1312 2604 1620 2676 ὡμολόγουν
1660 2623 1721 2659 τε
1740 2605 1898 2679 διψῇν

323 2695 385 2747 οὐ
414 2696 524 2759 τοῖς
553 2693 767 2765 σώμασι
791 2695 885 2749 καὶ
902 2696 1020 2757 ταῖς
1047 2694 1206 2766 σαρξὶ
1237 2694 1337 2757 τάς
1371 2695 1546 2767 τούτῳ
1576 2695 1735 2767 φίλας
1772 2697 1897 2768 ἡδο-

324 2785 443 2849 νάς,
465 2784 581 2838 ἀλλ’
614 2783 752 2855 αὐτὴ
773 2784 967 2854 ἡψυχὴ
994 2784 1177 2838 ποθεῖν
1202 2785 1295 2837 καὶ
1318 2785 1625 2856 ἱμείρεσθαι
1648 2788 1790 2842 κατὰ
1807 2788 1898 2844 τὸν

323 2878 618 2948 Σύμμαχον
643 2874 754 2943 τῆς
787 2876 936 2943 πρὸς
971 2876 1077 2929 τὸν
1102 2875 1250 2931 Θεὸν
1277 2877 1538 2945 πορείας.
1568 2878 1660 2933 Διὸ
1679 2878 1861 2950 ἔλεγον
1880 2897 1895 2911 ο

327 2968 526 3031 Οὕτως
552 2963 825 3019 ἐπιποθεῖ
841 2966 879 3033 ἡ
907 2964 1077 3034 ψυχή
1093 2983 1214 3036 μου
1237 2967 1387 3035 πρὸς
1415 2967 1510 3035 σὲ,
1538 2971 1571 3024 ό
1600 2970 1745 3037 Θεός
1765 2989 1781 3003 ·
1806 2974 1901 3027 καὶ

328 3057 517 3112 πάλιν·
558 3056 887 3125 Ἐδίψησεν
912 3059 950 3127 ἠ
979 3056 1148 3127 ψυχή
1172 3077 1293 3129 μου
1309 3060 1458 3129 πρὸς
1482 3059 1591 3116 τὸν
1619 3062 1771 3118 Θεὸν
1792 3064 1902 3118 τὸν

329 3146 581 3218 ισχυρόν
620 3146 729 3202 τὸν
770 3147 970 3210 ζῶντα.
1028 3151 1133 3221 Ζῇν
1175 3149 1283 3221 γὰρ
1306 3151 1396 3205 τὸν
1420 3151 1623 3225 Κύριον
1668 3155 1809 3210 κατά
1836 3157 1898 3210 τὸ

326 3240 647 3312 εἰρημένον,
698 3240 751 3293 '0
766 3242 954 3311 μόνος
994 3241 1152 3310 ἔχων
1204 3243 1575 3299 ἀθανασίαν·
1618 3248 1713 3301 καὶ
1742 3248 1900 3319 μόνον

324 3328 469 3400 ζωὴν
487 3327 630 3400 ἔχειν
650 3329 777 3401 παρ’
799 3330 995 3402 ἐαυτῷ,
1024 3330 1166 3393 κατά
1187 3333 1248 3386 τό
1261 3349 1275 3362 ·
1294 3334 1412 3387 Ὅτι
1431 3334 1593 3404 παρὰ
1616 3336 1715 3390 σοὶ
1735 3336 1899 3408 πηγὴ

324 3417 492 3490 ζωῆς,
510 3420 726 3492 ⁴ᾔδεσαν.
749 3423 858 3475 Καὶ
876 3423 1031 3478 τοῦτό
1049 3441 1112 3494 γε
1124 3424 1185 3478 τὸ
1205 3423 1314 3490 ζῶν
1340 3425 1502 3499 ὕδωρ,
1529 3426 1753 3505 ὕστερόν
1770 3447 1899 3485 ποτε

324 3513 592 3566 ἐπιστᾶσα
632 3513 708 3584 (1)
736 3514 877 3569 κατά
922 3515 1021 3579 τὰς
1040 3516 1146 3571 τῶν
1169 3519 1464 3589 προφητῶν
1486 3519 1702 3595 εύχάςή
1725 3524 1898 3595 πηγὴ,

326 3602 487 3666 αὐτὸς
509 3603 538 3655 6
565 3604 756 3675 Σωτὴρ
788 3607 1049 3679 παρέχειν
1089 3607 1399 3680 ἀνθρώποις
1439 3611 1749 3677 ἐδίδασκεν,
1795 3609 1898 3669 ὧδέ

324 3708 403 3762 πη
430 3690 603 3760 λέγων
620 3710 635 3723 ·
664 3694 768 3760 Ὃς
788 3694 865 3747 ἂν
892 3696 1001 3765 πίῃ
1022 3696 1091 3750 ἐκ
1118 3696 1227 3750 τοῦ
1252 3697 1471 3766 ὕδατος
1490 3696 1563 3755 οὗ
1589 3700 1704 3772 ἐγὼ
1728 3701 1900 3757 δώσω

322 3781 487 3848 αὐτῷ
510 3823 526 3847 ,
571 3781 886 3854 γενήσεται
934 3785 1006 3838 ὲν
1048 3785 1209 3851 αὐτῷ
1240 3787 1402 3856 πηγὴ
1431 3787 1651 3856 ὓδατος
1683 3789 1900 3859 ζῶντος

322 3870 661 3943 ἁλλομένου
713 3876 801 3942 εὶς
827 3870 980 3944 ζωὴν
1023 3872 1280 3929 αἰώνιον.
1325 3875 1437 3935 Καὶ
1479 3876 1670 3931 πάλιν·
1713 3880 1788 3933 ΕΖ
1811 3897 1900 3947 τις

325 3966 475 4036 διψᾷ
497 3967 760 4036 ἐρχέσθω
787 3968 940 4037 πρὸς
972 3971 1072 4039 μὲ,
1106 3968 1205 4023 καὶ
1230 3968 1468 4025 πινέτω.
1507 3971 1559 4023 Ὁ
1598 3974 1901 4028 πιστεύων

324 4063 410 4129 εἰς
437 4060 562 4131 ἐμὲ,
593 4059 788 4128 καθὼς
818 4056 989 4115 εἶπεν
1015 4061 1055 4130 ἡ
1105 4062 1339 4131 Γραφὴ,
1373 4065 1624 4134 ποταμοί
1677 4065 1746 4120 ἐκ
1789 4065 1900 4136 τῆς

324 4151 557 4217 κοιλίας
595 4149 782 4205 αὐτοῦ
806 4150 1145 4218 ῥεύσουσιν
1183 4150 1404 4218 ὓδατος
1429 4150 1662 4219 ζῶντος.
1694 4154 1897 4208 Τούτου

321 4242 386 4315 δὴ
409 4238 499 4297 οὖν
517 4242 611 4296 τοῦ
638 4242 881 4315 πόματος
907 4245 935 4297 6
957 4243 1292 4316 προφητικὺς
1312 4245 1472 4316 χορὸς
1489 4244 1657 4315 διψῶν
1678 4245 1862 4317 ἔλεγεν
1879 4264 1893 4279 ·

334 4335 656 4405 Ἐδίψησεν
680 4337 718 4405 ἠ
744 4335 914 4405 ψυχή
941 4353 1062 4406 μου
1088 4336 1240 4405 πρὸς
1263 4336 1372 4391 τὸν
1398 4336 1548 4391 Θεὸν
1579 4338 1687 4392 τὸν
1717 4340 1895 4409 ισχυ-

319 4427 431 4497 ρὸν
463 4426 572 4482 τὸν
595 4425 799 4492 ζῶντα,
834 4429 947 4493 καὶ,
972 4429 1125 4482 Πότε
1152 4428 1297 4496 ἥξω,
1325 4429 1422 4484 καὶ
1446 4429 1785 4502 ὀφθήσομαι
1817 4430 1898 4498 τῷ

320 4519 618 4590 προσώπῳ
650 4520 760 4575 τοῦ
793 4519 974 4583 Θεοῦ;
1010 4521 1273 4593 Ὀρῶντες
1300 4521 1408 4595 γὰρ
1426 4524 1651 4588 ἑαυτοὺς
1679 4524 1897 4599 μακρὰν

321 4612 661 4685 ὑπάρχοντας
679 4613 777 4684 τῆς
797 4612 1092 4683 πρόσωπον
1128 4614 1266 4685 πρὸς
1301 4615 1591 4687 πρόσωπον
1633 4614 1762 4681 θέας
1802 4616 1895 4671 τοῦ

327 4703 477 4771 θεοῦ,
503 4704 677 4759 ταῦτα
720 4704 923 4775 ἔλεγον.
983 4703 1145 4758 Ἀλλά
1180 4707 1276 4759 καὶ
1320 4708 1769 4779 συναισθόμενοι,
1819 4709 1896 4774 ὠς

325 4794 669 4867 ἀπέστραπτο
702 4795 793 4850 τὸν
830 4794 956 4849 λαὸν
979 4793 1038 4848 τὸ
1064 4792 1160 4847 τοῦ
1189 4793 1323 4849 Θεοῦ
1365 4795 1687 4868 πρόσωπον,
1716 4796 1896 4851 οὐκέτ’

321 4888 515 4952 αὐτοὺς
561 4888 850 4943 ἐπισκοπεί
873 4890 908 4961 ἡ
934 4887 1162 4943 πάντοτε
1212 4888 1468 4958 πρόνοιαν
1495 4888 1672 4944 αὐτῶν
1712 4906 1895 4943 ποιου-

323 4981 458 5053 μένη
482 4979 728 5052 δύναμις,
750 4979 1088 5052 ἀπεθρήνουν
1111 4979 1210 5051 μὲν
1230 4979 1328 5050 τὴν
1348 4980 1441 5033 ἐπὶ
1460 4980 1562 5051 γῆς
1586 4980 1890 5053 διατριϐὴν,

317 5072 483 5143 εὐχὴν
501 5072 545 5125 δ’
573 5071 812 5126 ἐτίθεντο
831 5072 1176 5145 παραστῆναί
1202 5089 1332 5126 ποτε
1365 5071 1443 5144 τῷ
1485 5071 1761 5145 προσώπῳ
1797 5072 1891 5127 τοῦ

318 5161 482 5215 Θεοῦ’
541 5161 623 5216 διὸ
670 5162 880 5231 ἔλεγονο
909 5163 1064 5217 Πότε
1107 5162 1252 5231 ἥξω,
1282 5161 1382 5217 καί
1433 5162 1772 5233 ὀφθήσομαι
1812 5161 1893 5230 τῷ

316 5252 616 5322 προσώπῳ
639 5254 747 5309 τοῦ
779 5254 963 5319 Θεοῦ;
990 5254 1198 5327 Πολλῆς
1217 5255 1277 5307 δὲ
1294 5256 1556 5327 γέμοντες
1581 5256 1894 5328 παρρησίας

317 5351 413 5404 καὶ
438 5351 793 5423 συνειδήσεως
828 5348 1039 5421 ἀγαθῆς
1072 5349 1346 5413 τοιαύταις
1384 5348 1621 5422 ἐχρῶντο
1662 5351 1889 5418 φωναῖς.

330 5440 418 5506 Ὠς
440 5442 550 5515 γὰρ
571 5443 681 5498 ὅλοι
704 5442 878 5498 διόλου
918 5440 1017 5508 τὰς
1041 5441 1217 5514 ψυχάς
1238 5443 1410 5512 ὑγιεῖς
1430 5441 1524 5495 καὶ
1554 5440 1756 5504 παντὸς
1787 5438 1894 5512 μώ-

2003 582 2261 652 omnique
2294 581 2477 653 reptili
2508 580 2825 645 exitiosum,
2858 588 3022 649 atque
3058 592 3123 633 ex
3160 590 3350 632 eorum
3376 589 3566 646 genere

2001 686 2124 742 quae
2155 672 2478 730 solitudines
2513 670 2862 742 frequentare
2889 671 3087 726 solent.
3121 667 3271 726 Talis
3302 678 3418 725 erat
3447 684 3566 739 pro-

2002 763 2252 834 pbetieus
2280 763 2505 828 chorus,
2541 777 2734 820 amans
2793 761 3105 819 solitudinis
3169 774 3234 816 ac
3298 774 3568 817 secessus.

2000 856 2060 912 lu
2088 857 2320 914 desertis
2354 858 2579 929 itaque,
2637 858 2918 915 montibus
2966 864 3022 912 et
3070 853 3343 925 specubus
3372 851 3574 908 versati
3665 935 3669 938 ν

2000 963 2127 1005 esse
2184 949 2474 1017 feruntur;
2518 950 2629 1006 imo
2676 951 2840 1006 etiam
2895 947 3044 1004 omni
3098 945 3426 1002 adversaria:
3477 958 3578 1014 po-

2003 1041 2208 1106 testati,
2247 1042 2505 1112 omnique
2536 1042 2808 1115 spirituali
2840 1039 3019 1111 reptili
3054 1038 3270 1095 exitiosi
3294 1044 3473 1102 erant,
3496 1043 3578 1091 ut-

2002 1140 2132 1204 pote
2158 1132 2251 1203 qui
2283 1140 2613 1204 potestatem
2655 1144 2711 1190 et
2758 1133 2859 1204 ipsi
2892 1131 3155 1187 baberent
3187 1129 3431 1186 calcandi
3460 1145 3571 1186 ser-

1999 1231 2190 1294 pentes
2248 1234 2305 1281 et
2356 1226 2708 1298 scorpiones,
2779 1234 2834 1280 et
2884 1238 3099 1280 omnem
3160 1222 3416 1278 virtutem
3472 1225 3578 1280 ini-

2004 1316 2130 1372 mici
2171 1337 2184 1371 :
2247 1320 2461 1374 cornuti
2512 1334 2729 1390 quoque
2757 1324 2942 1382 erant,
2974 1326 3035 1371 ut
3080 1315 3263 1372 dicere
3306 1304 3574 1388 possent:

2006 1406 2073 1463 In
2107 1420 2153 1464 te
2184 1411 2425 1467 inimicas
2460 1420 2667 1467 nostros
2720 1409 3086 1465 ventilabimus
3139 1423 3302 1464 cornu
3347 1408 3415 1462 ³⁸.
3466 1407 3579 1463 lmo

2000 1500 2165 1554 etiam
2218 1502 2340 1573 puri
2402 1503 2585 1557 animo
2615 1510 2879 1575 quantum
2921 1499 3161 1572 quipiam
3205 1498 3324 1569 alii;
3385 1512 3580 1569 quam-

2002 1592 2189 1647 obrem
2246 1609 2407 1649 cervo
2472 1596 2960 1666 comparabantur.
3012 1590 3292 1663 Siquidem
3352 1599 3407 1647 et
3463 1589 3579 1660 ipse

2003 1698 2243 1753 sponsus
2266 1684 2319 1738 in
2353 1683 2580 1740 Cantico
2610 1685 2951 1740 canticorum
2992 1683 3221 1739 hinnulo
3248 1697 3410 1737 cervo
3430 1692 3581 1736 cum-

2004 1785 2229 1844 paratur
2266 1778 2331 1831 ”.
2374 1777 2433 1832 in
2480 1778 2617 1833 libro
2646 1776 2750 1834 Job
2778 1793 2996 1849 quoque
3026 1775 3231 1832 dicitur
3262 1794 3275 1830 :
3317 1772 3579 1831 Obserua-

2000 1865 2071 1918 sti
2112 1882 2312 1922 menses
2358 1853 2662 1934 cervorum,
2713 1878 2762 1925 et
2790 1878 2974 1941 partus
2997 1884 3017 1922 :
3046 1869 3186 1939 ipsos
3240 1867 3472 1921 dimittes
3510 1864 3578 1920 σθ.

2002 1956 2330 2028 Hujusmodi
2387 1961 2741 2021 rationabiles
2792 1977 2986 2018 cervos
3037 1975 3343 2034 praeparare
3393 1957 3580 2012 Domi-

1999 2066 2104 2106 nus
2129 2050 2331 2106 dicitur
2364 2051 2419 2107 in
2453 2053 2711 2110 vicesimo
2728 2061 2921 2109 octavo
2953 2054 3184 2124 psalmo,
3228 2052 3307 2109 sic
3340 2049 3576 2106 ferente:

2010 2140 2123 2195 Vox
2146 2141 2361 2196 Domini
2388 2159 2699 2213 pra'parans
2739 2160 2914 2199 cervos
2943 2144 3012 2200 ³¹.

2082 2230 2147 2285 Hi
2184 2233 2366 2305 itaque
2397 2235 2564 2299 cervi,
2593 2235 2739 2290 fonte
2770 2242 2992 2307 pr0pter
3036 2233 3355 2305 iniquitates
3395 2229 3581 2303 populi

1999 2331 2054 2378 et
2085 2326 2426 2383 aversionem
2468 2327 2563 2384 Dei
2586 2328 2893 2393 deficiente,
2927 2327 3071 2399 apud
3105 2328 3312 2399 seipsos
3343 2324 3579 2391 ﬂebant.

2000 2423 2057 2470 et
2089 2415 2347 2489 lacrymis
2379 2420 2495 2476 suis
2532 2435 2632 2491 pro
2680 2422 2805 2477 cibo
2835 2420 2941 2483 usi,
2974 2427 3133 2475 nocte
3174 2419 3368 2489 dieque
3396 2416 3586 2488 perni-

1999 2506 2137 2563 ciem
2168 2509 2352 2580 p0puli
2398 2510 2659 2582 lugebant
2689 2554 2705 2579 ,
2763 2527 2826 2567 ac
2855 2510 3257 2567 confitebantur
3308 2527 3367 2568 se
3393 2512 3543 2568 sitire
3562 2550 3581 2578 ,

2000 2616 2109 2655 non
2134 2617 2360 2673 corpore
2388 2601 2605 2673 quidem
2637 2611 2691 2659 et
2717 2620 2905 2668 carne,
2946 2604 3251 2674 voluptates
3286 2603 3421 2675 ipsis
3451 2619 3584 2659 con-

2000 2699 2293 2760 gruentes;
2329 2693 2424 2747 sed
2457 2691 2576 2763 ipsa
2610 2693 2793 2748 anima
2822 2692 3122 2749 secundum
3160 2690 3581 2764 Symmachum,

2000 2797 2307 2853 progressus
2338 2783 2407 2837 ad
2436 2783 2607 2839 Deum
2631 2784 2905 2841 desiderio
2929 2799 2994 2839 ac
3023 2783 3279 2855 cupidine
3303 2785 3477 2841 teneri
3501 2785 3586 2841 di-

2002 2873 2164 2927 citur.
2197 2871 2378 2939 Quare
2411 2873 2703 2933 dicebant.
2753 2875 2830 2929 ita
2862 2860 3132 2929 desiderat
3154 2874 3337 2929 anima
3362 2891 3477 2929 mea
3516 2877 3584 2928 ad

2004 2971 2071 3029 te,
2105 2961 2277 3029 Deus;
2325 2979 2388 3021 ac
2441 2961 2875 3026 rursumtsuivit
2900 2966 3081 3022 anima
3145 2982 3261 3021 mea
3311 2965 3381 3020 ad
3417 2965 3587 3021 Deum

2002 3054 2197 3124 fortem
2248 3058 2442 3113 vivum.
2479 3056 2677 3113 Vivere
2723 3056 2927 3130 quippe
2981 3056 3272 3113 Dominum
3322 3069 3588 3115 noverant

2003 3147 2302 3204 secundum
2336 3147 2470 3202 illud
2496 3167 2509 3203 :
2543 3146 2702 3205 Solus
2720 3148 2914 3205 habens
2943 3149 3398 3211 immortalitatem
3424 3151 3501 3217 ³²;
3522 3167 3587 3208 ac

2004 3238 2180 3294 solum
2244 3255 2411 3311 penes
2467 3255 2528 3297 se
2575 3242 2746 3298 vitam
2800 3243 3001 3297 habere
3054 3241 3359 3298 secundum
3408 3243 3583 3300 illud:

2004 3327 2269 3396 Quoniam
2293 3331 2434 3403 apud
2454 3342 2502 3387 te
2522 3341 2600 3388 est
2622 3332 2741 3404 fans
2765 3335 2886 3389 vitte
2907 3334 2975 3388 ³³.
2997 3335 3175 3407 Atque
3201 3336 3316 3391 haec
3345 3343 3429 3392 est
3447 3351 3587 3407 aqua

1999 3422 2144 3480 viva.
2195 3422 2549 3481 Postmodum
2580 3436 2764 3482 autem
2799 3424 2923 3482 fons
2958 3427 3049 3484 ille
3077 3444 3177 3500 pro
3210 3431 3352 3485 votis
3377 3444 3442 3485 ac
3466 3445 3591 3500 pre-

2001 3516 2157 3572 cibus
2190 3518 2579 3589 prophetarum
2620 3521 2934 3577 emanavit:
2972 3520 3088 3590 ipse
3117 3536 3355 3593 namque
3388 3520 3587 3577 Serva-

1999 3613 2088 3661 tor
2119 3606 2434 3664 hominibus
2464 3624 2524 3664 se
2557 3609 2913 3679 praebiturum
2944 3624 3070 3666 esse
3116 3609 3306 3666 docuit
3341 3610 3428 3666 his
3459 3626 3587 3666 ver-

1998 3697 2123 3753 bis;
2162 3697 2269 3764 Qui
2298 3698 2485 3754 biberit
2513 3714 2579 3754 ea:
2607 3716 2746 3772 aqua
2775 3717 2937 3772 quam
2982 3717 3073 3772 ego
3126 3700 3264 3757 dabo
3292 3702 3362 3767 ei,
3395 3702 3483 3772 [iet
3530 3702 3588 3756 iu

2000 3805 2059 3844 eo
2089 3789 2209 3861 fons
2239 3806 2391 3861 aqua:
2424 3792 2553 3845 vim
2607 3792 2847 3847 salientis
2900 3792 2955 3846 in
3010 3792 3172 3846 uitam
3212 3800 3466 3849 wternam
3506 3789 3587 3860 “;

1999 3888 2055 3937 et
2082 3896 2300 3936 rursum
2327 3899 2341 3937 :
2378 3881 2440 3937 Si
2464 3881 2580 3953 quis
2605 3884 2742 3948 sitit,
2782 3885 2957 3937 ueniat
2989 3883 3059 3938 ad
3092 3902 3171 3939 me
3195 3893 3244 3938 et
3272 3883 3434 3939 bibat.
3482 3881 3589 3947 Qui

1999 3972 2163 4028 credit
2184 3975 2238 4028 in
2260 3990 2363 4040 me,
2400 3974 2537 4028 sicut
2559 3972 2696 4027 dixit
2726 3972 3032 4043 Scriptura,
3058 3976 3282 4044 ﬂumina
3317 3976 3380 4031 de
3415 3985 3590 4029 uentre

1998 4065 2113 4135 ejus
2140 4067 2306 4137 ﬂuent
2338 4083 2489 4137 aqua:
2517 4067 2643 4121 vivae
2672 4066 2743 4124 ³⁸.
2768 4065 3130 4137 Propheticus
3160 4067 3347 4137 itaque
3384 4069 3589 4124 chorus

2000 4158 2104 4215 hoc
2130 4160 2372 4230 potionis
2406 4176 2577 4233 genus
2625 4159 2819 4216 sitiens
2872 4160 3125 4229 dicebat,
3188 4161 3351 4216 sitivit
3403 4163 3588 4218 anima

1997 4267 2112 4305 mea
2140 4250 2210 4305 ad
2249 4251 2415 4307 Deum
2446 4252 2635 4324 fortem
2670 4253 2882 4318 vivum;
2913 4258 2987 4317 et,
3018 4250 3227 4323 quando
3280 4253 3485 4308 ueniam
3534 4262 3586 4308 et

1998 4344 2257 4414 apparebo
2283 4353 2402 4399 ante
2429 4344 2617 4415 {aciem
2655 4343 2798 4402 Dei?
2823 4344 2960 4399 Cum
3001 4359 3061 4401 se
3106 4360 3343 4415 namque
3375 4360 3405 4399 a
3452 4359 3587 4400 con-

1997 4437 2349 4508 templatione
2378 4438 2469 4493 illa
2500 4436 2595 4495 Dei
2641 4438 2778 4494 facie
2808 4438 2875 4493 ad
2906 4437 3102 4494 faciem
3149 4438 3341 4510 procul
3375 4440 3587 4511 positos

1931 4566 1974 4621 Β
2001 4539 2310 4600 cernerent,
2347 4531 2462 4587 haec
2506 4530 2873 4602 proferebant.
2914 4529 3021 4587 Sed
3053 4532 3214 4587 etiam
3244 4530 3589 4588 advertentes

2001 4634 2252 4678 aversum
2291 4637 2415 4679 esse
2448 4622 2541 4678 Dei
2571 4622 2779 4677 vultum
2812 4637 2842 4677 a
2885 4621 3110 4693 pepulo,
3145 4637 3323 4691 neque
3349 4622 3585 4680 ulterius

2000 4712 2149 4768 illam
2202 4713 2555 4784 providentiae
2597 4714 2706 4768 vim
2762 4713 2867 4785 ipsi
2918 4714 3273 4786 prospicere,
3329 4714 3587 4785 lugebant

2000 4817 2132 4860 sane
2166 4803 2235 4861 de
2284 4821 2383 4861 sua
2431 4806 2485 4861 in
2543 4806 2704 4863 terris
2762 4806 3236 4870 commoratione,
3290 4822 3588 4878 precesque

1997 4892 2297 4952 fundebant
2364 4903 2425 4952 ut
2482 4895 2780 4967 aliquando
2834 4897 3012 4952 vultui
3068 4896 3163 4953 Dei
3220 4897 3589 4956 sisterentur:

1998 4988 2353 5059 quamobrem
2384 4988 2641 5047 dicebant
2673 5010 2686 5047 :
2726 4991 2954 5059 Quando
3000 4992 3202 5047 ueniam
3249 4999 3300 5046 et
3330 4989 3593 5058 apparebo

2000 5086 2122 5133 ante
2165 5078 2357 5149 faciem
2390 5079 2530 5137 Dei?
2556 5082 2694 5138 Cum
2722 5093 2900 5139 autem
2937 5082 3133 5138 fiducia
3165 5089 3219 5136 et
3248 5079 3586 5136 conscientia

1999 5168 2145 5223 bona
2181 5169 2323 5240 pleni
2355 5178 2576 5240 essent,
2615 5171 2930 5242 hujusmodi
2983 5172 3213 5228 vocibus
3270 5172 3589 5227 utebantur.

1999 5259 2135 5317 Nam
2168 5270 2356 5335 utpote
2416 5265 2599 5320 anima
2658 5280 2886 5336 prorsus
2942 5280 3076 5321 sana
3136 5263 3384 5334 praediti,
3424 5275 3593 5335 atque

1997 5354 2150 5409 onmi
2214 5357 2395 5427 culpa,
2423 5357 2545 5413 labe
2591 5373 2655 5413 ac
2700 5356 2948 5415 fmditate
2983 5357 3199 5428 purgati
3230 5396 3246 5421 ,
3284 5357 3459 5413 vultui
3496 5356 3591 5411 Dei

1998 5447 2121 5505 sisti
2149 5448 2438 5521 rogabant.
2474 5450 2735 5507 Peccator
2771 5465 2900 5506 vero
2922 5451 3084 5505 talem
3114 5450 3322 5506 vultum
3366 5449 3589 5522 refugit,

388 5600 434 5633 ’⁸
472 5600 619 5675 Psal.
653 5615 805 5675 squ.
847 5599 901 5653 6.
975 5600 1037 5675 ξθ-
1058 5598 1215 5675 cant.
1252 5614 1323 5675 tt,
1345 5598 1409 5675 _9,
1442 5598 1530 5655 i7.
1608 5597 2024 5675 "Jobsxxtx',
2062 5603 2113 5664 1.
2193 5603 2395 5663 “Psal.
2430 5607 2689 5675 xxvnt,9.
2764 5603 2809 5639 "
2848 5602 2870 5660 l
2904 5604 3046 5662 Tim.
3081 5621 3156 5673 vr,
3191 5604 3278 5661 16.
3355 5605 3400 5638 ³⁸
3438 5603 3584 5664 Psal.

324 5674 594 5744 ωηιο.
654 5669 1061 5737 “Joan.tv,15,
1100 5671 1181 5725 14.
1256 5671 1302 5705 ⁸⁸
1336 5669 1493 5728 Joan.
1529 5670 1737 5740 “1,57,
1770 5672 1841 5729 38
1876 5714 1891 5730 .

388 5812 464 5880 (l)
500 5809 662 5869 Forte
692 5810 1045 5879 ἐπιστάξασα.
