4098 6370
474 359 574 417 371

1134 361 1224 420 EU
1231 362 1404 421 SEBII
1441 364 1553 422 (UE
1560 363 1915 423 SARIENSIS
1949 365 2072 424 OPP

2173 365 2321 423 ’ARS
2353 366 2441 423 111.
2480 398 2553 410 -
2586 366 2998 427 EXEGETICA.

3634 371 3738 427 372

474 495 542 535 ac
582 479 832 537 oratione
860 488 916 536 et
960 481 1361 553 supplicatione
1412 501 1513 541 sua
1567 486 1761 543 abnuit
1813 486 2050 544 dicens:

2173 505 2262 557 μου
2288 489 2383 542 καὶ
2413 487 2623 555 σπίλου,
2643 460 2738 543 καὶ
2761 490 3034 563 μολυσμοῦ
3061 490 3480 563 κεκαθαρμένοι,
3510 491 3740 561 ὀφθῆναι

476 575 669 628 Aperte
693 572 884 645 {aciem
912 582 1059 629 tuam
1082 591 1115 629 a
1139 576 1366 647 peccatis
1395 579 1523 633 meis
1545 579 1610 635 ³⁸.

2165 578 2351 649 ἠξίουν
2375 578 2455 651 τῷ
2479 579 2758 652 προσώπῳ
2776 580 2871 636 τοῦ
2891 581 3048 636 Θεοῦ.
3083 583 3142 637 '0
3163 583 3222 637 δὲ
3245 583 3573 654 ἁμαρτάνων
3608 582 3740 652 φεύ-

477 680 566 732 γει
588 665 653 718 τὸ
677 665 989 737 πρόσωπον,
1016 666 1108 720 καὶ
1128 672 1474 739 παραιτεῖται
1497 670 1563 725 δι’
1600 672 1767 744 εὐχῆς
1804 672 1900 725 καὶ
1937 671 2220 744 ἱκετηρίας
2243 671 2416 742 λέγων
2431 692 2445 703 ·
2482 672 2883 743 Ἀπόστρεψον
2899 674 2964 729 τὸ
2989 675 3313 743 πρόσωπόν
3337 692 3453 729 σου
3474 673 3595 729 ἀπὸ
3622 673 3743 728 τῶν

477 755 782 826 ἁμαρτιῶν·
802 776 945 828 μου.

552 849 694 907 Cum
744 860 961 909 terrena
1010 856 1195 910 omnia
1229 865 1610 924 aversaretur,
1661 859 1731 915 ab
1780 858 2061 913 humanis-

484 958 591 1014 que
617 944 874 1002 omnibus
922 946 1299 1018 voluptatibus
1354 950 1714 1017 abhorreret,
1769 951 1887 1008 solo
1922 964 2061 1023 pane

482 1052 584 1108 pro
616 1039 962 1108 necessitate,
993 1054 1171 1112 eoque
1190 1041 1447 1116 lacrymis
1480 1043 1717 1101 admisto
1741 1052 1902 1100 utens
1921 1082 1938 1110 ,
1982 1042 2059 1097 ita

483 1130 633 1187 fatur
666 1152 680 1190 :

558 1221 723 1282 Vens.
756 1223 873 1285 4-8.
915 1223 1155 1281 Fuerunt
1178 1226 1309 1281 mihi
1337 1227 1587 1299 lacrymo:
1608 1244 1738 1283 mea:
1783 1243 1946 1300 panes
1979 1225 2063 1282 die

2238 857 2424 912 Πάντα
2477 857 2544 912 τά
2602 858 2694 912 ἐπὶ
2727 858 2831 931 γῆς
2868 858 3362 931 ἀποστρεφόμενος,
3413 864 3509 918 καὶ
3561 866 3741 921 πᾶσαν

2166 948 2380 1021 τρυφὴν
2420 948 2521 1021 τὴν
2566 950 2625 1004 ἐν
2677 947 2983 1023 ἀνθρώποις
3015 950 3457 1023 βδελυττόμενος,
3500 957 3646 1029 μόνῳ
3682 960 3741 1012 δὲ

2166 1040 2316 1113 ἄρτῳ
2348 1041 2660 1112 ἐπάναγκες
2679 1043 2979 1115 χρώμενος,
3004 1042 3098 1098 καὶ
3114 1042 3285 1115 τούτῳ
3308 1047 3445 1117 μετά
3467 1048 3736 1123 δακρύων,

2164 1130 2311 1201 ἐρεῖ·

2244 1223 2530 1295 Ἐτενήθη
2582 1223 2657 1279 τὰ
2707 1224 2941 1294 δάκρυὰ
2990 1245 3115 1296 μου
3159 1228 3340 1299 ἄρτος
3367 1246 3465 1299 μοι
3509 1228 3738 1299 ἡμέρας

483 1335 548 1373 ac
572 1328 738 1373 nocte.
772 1315 1132 1389 Propheticus
1160 1330 1343 1376 autem
1393 1320 1634 1386 chorus,
1685 1335 1813 1377 cum
1850 1319 2063 1374 vultum

2173 1320 2267 1370 καὶ
2299 1318 2539 1383 νυκτός.
2589 1317 2646 1371 '0
2678 1317 2734 1372 δὲ
2760 1317 2869 1371 τῶν
2899 1320 3191 1392 προφητῶν
3225 1320 3402 1392 χορὸς,
3439 1320 3559 1374 ἐπεὶ
3590 1320 3736 1394 ἐώρα

483 1408 583 1465 Dei
614 1418 866 1467 cerneret
912 1410 983 1466 ab
1025 1412 1285 1468 universo
1314 1413 1516 1483 populo
1556 1427 1832 1479 aversum,
1863 1410 2073 1466 multo-

482 1518 714 1575 rumque
740 1503 1060 1575 perniciem,
1090 1520 1249 1561 suam
1272 1520 1399 1561 esse
1441 1504 1809 1562 calamitatem
1861 1513 2018 1560 ratus
2047 1543 2065 1569 ,

484 1599 691 1653 luctum
715 1610 816 1668 pro
841 1596 1097 1654 omnibus
1133 1597 1501 1669 suscipiebat:
1540 1608 1704 1669 atque
1757 1597 1835 1652 illi
1877 1596 2059 1652 homi-

484 1703 584 1744 nes
621 1686 720 1744 Dei
756 1687 814 1743 in
858 1694 1074 1744 tantum
1131 1688 1442 1746 alllictionis
1494 1689 1776 1746 cumulum
1831 1688 2067 1745 devene-

2164 1407 2231 1462 τὸ
2274 1408 2566 1481 πρόσωπον
2598 1409 2689 1464 τοῦ
2719 1409 2853 1463 Θεοῦ
2881 1411 3229 1483 ἀποστραφέν
3258 1411 3435 1466 πάντα
3466 1412 3556 1466 τὸν
3586 1412 3738 1479 λαὸν,

2170 1499 2268 1571 τὴν
2298 1500 2407 1555 τῶν
2436 1501 2644 1556 πολλῶν
2670 1501 2944 1557 ἀπώλειαν
2968 1503 3161 1559 ἐαυτοῦ
3186 1499 3327 1560 εἶναι
3357 1504 3557 1576 ζημίαν
3577 1503 3708 1576 ήγού
3723 1534 3742 1548 -

2173 1610 2353 1664 μενος,
2380 1594 2508 1658 τοὺς
2536 1594 2679 1667 ὑπὲρ
2710 1594 2965 1650 ἀπάντων
3018 1595 3300 1667 ἀνεδέχετο
3349 1597 3578 1669 θρήνους
3598 1613 3612 1627 ·
3662 1599 3744 1661 είς

2171 1681 2424 1737 τοσοῦτον
2465 1681 2522 1736 δὲ
2550 1682 2825 1737 ἐπέτεινον
2866 1683 2962 1756 τὴν
2994 1685 3367 1740 κακοπάθειαν
3406 1688 3457 1741 oi
3485 1685 3579 1741 τοῦ
3606 1687 3743 1741 Θεοῦ

483 1786 636 1844 runt,
659 1787 721 1834 ut
751 1762 989 1850 propriis
1018 1778 1282 1852 iacrymis
1335 1781 1633 1845 alerentur,
1661 1796 1726 1836 ac
1752 1782 1843 1837 die
1870 1790 2069 1837 noctu-

2174 1774 2470 1847 ἄνθρωποι,
2509 1775 2586 1839 ὼς
2615 1778 2729 1840 τοῖς
2760 1776 3020 1846 δάκρυσιν
3079 1779 3286 1834 ἑαυτῶν
3327 1779 3621 1852 τρέφεσθαι
3651 1780 3747 1834 καὶ

484 1887 614 1942 que,
640 1871 725 1927 vel
754 1870 933 1941 ipsum
973 1886 1171 1942 panem
1206 1887 1425 1931 sumere
1473 1874 1814 1941 abnuentes,
1850 1876 1945 1930 uni
1973 1873 2069 1932 ﬂe-

483 1962 562 2018 tui
611 1970 888 2020 vacarent.
946 1960 1075 2019 Htec
1130 1978 1295 2034 porro
1339 1974 1455 2019 tum
1500 1965 1740 2021 maxime
1797 1966 2067 2037 agebant,

481 2054 707 2125 haecque
753 2054 1126 2125 patiebantur,
1156 2070 1280 2110 cum
1331 2055 1591 2125 populum
1612 2095 1629 2120 ,
1672 2070 1737 2111 ac
1765 2056 2070 2126 praesertim

483 2148 682 2219 impios
708 2162 833 2203 cum
871 2147 967 2202 illo
992 2156 1304 2212 versantes,
1336 2146 1453 2202 haec
1482 2147 1730 2203 dicentes
1770 2146 2024 2203 audirent
2052 2169 2067 2203 :

487 2238 589 2299 Ubi
625 2247 705 2295 est
745 2238 888 2293 Deus
932 2239 1102 2292 tuus?
1147 2235 1335 2307 Neque
1372 2238 1518 2293 enim
1553 2238 1760 2293 inimici
1791 2248 1846 2295 et
1878 2238 2073 2294 adver-

484 2329 616 2386 sarii
647 2336 805 2386 erant
837 2328 929 2400 qui
960 2330 1076 2387 haec
1100 2328 1347 2401 quotidie
1377 2329 1621 2385 dicerent
1640 2368 1656 2394 ,
1691 2329 1788 2385 sed
1828 2335 1891 2384 ut
1920 2330 2069 2385 veri-

484 2421 664 2479 simile
690 2430 796 2486 est,
820 2405 1127 2480 inﬁdelese
1166 2422 1391 2493 populo,
1435 2421 1529 2493 qui
1580 2422 1875 2493 prophetas
1912 2423 2071 2494 quasi

484 2514 689 2569 frustra
711 2512 878 2570 Deum
905 2513 1149 2569 colentes
1177 2521 1233 2570 et
1275 2513 1555 2568 incassum
1600 2512 1916 2570 laborantes
1975 2529 2073 2569 co-

483 2605 786 2677 arguebaut
841 2620 907 2660 ac
941 2605 1198 2662 dicebant
1241 2605 1366 2661 eis:
1425 2604 1527 2659 Ubi
1579 2614 1659 2661 est
1719 2605 1863 2663 Deus
1902 2610 2072 2665 tuus?

480 2696 615 2764 Quae
640 2712 765 2753 cum
796 2697 900 2768 ipsi
936 2712 969 2751 a
1002 2697 1264 2753 fratribus
1286 2736 1304 2763 ,
1337 2697 1769 2769 consanguineis
1816 2707 1872 2754 et
1911 2697 2070 2753 fami-

480 2788 710 2845 liaribus
755 2788 1042 2855 audirent,
1092 2789 1302 2845 luctum
1336 2789 1612 2860 augebant
1644 2805 1807 2845 suum
1838 2809 1853 2845 :
1899 2805 2072 2862 quare

482 2880 638 2934 aiunt
686 2897 700 2933 :
737 2877 877 2935 ch-
901 2877 1207 2933 recordatus
1254 2893 1409 2943 sum,
1459 2889 1508 2934 et
1536 2879 1699 2949 eﬁ'udi
1726 2882 1783 2935 in
1819 2897 1901 2937 me
1947 2882 2070 2935 ani-

480 2987 625 3025 mam
683 2986 874 3025 meam.
926 2968 1114 3041 Neque
1172 2970 1322 3026 enim
1365 2972 1833 3041 perturbationem
1891 2988 2068 3029 meam

481 3061 828 3117 extrinsecus
858 3061 1099 3131 protuli;
1141 3060 1236 3117 sed
1269 3060 1422 3119 intus
1461 3061 1518 3115 in
1554 3062 1736 3117 anima
1765 3078 1889 3119 mea
1913 3062 2071 3119 dolo-

485 3165 601 3205 rem
649 3150 991 3206 occultabam
1042 3150 1098 3205 in
1132 3150 1344 3221 meipso
1371 3150 1656 3208 confusus.
1697 3152 1886 3209 Simile
1933 3154 2066 3226 quid
2095 3137 2138 3196 ο

484 3257 686 3312 passus
714 3240 1014 3313 Apostolus
1038 3241 1291 3298 dicebat:
1328 3241 1433 3299 Sed
1466 3245 1570 3313 ipsi
1599 3245 1655 3299 in
1676 3244 2067 3315 nobismetipsis

484 3353 794 3408 responsum
842 3339 1026 3393 mortis
1081 3337 1360 3394 habuimus
1413 3339 1482 3394 ³⁷.
1546 3340 1638 3397 Sic
1689 3343 1874 3413 itaque
1920 3358 2069 3398 nunc

483 3431 649 3485 etiam
677 3429 842 3501 eﬂudi
870 3432 925 3485 in
954 3448 1036 3486 me
1065 3434 1299 3487 animam
1336 3450 1530 3499 meam,
1563 3434 1840 3505 inquiunt.
1876 3432 2068 3491 Perie-

485 3523 560 3578 cti
590 3529 771 3577 autem
800 3523 903 3578 viri
926 3531 1009 3579 cst
1028 3524 1160 3578 talia
1178 3524 1330 3580 eﬂ‘ari
1356 3540 1541 3595 posse.

558 3699 695 3754 Cum
727 3699 766 3753 ii
789 3699 1185 3771 exprobrantes
1206 3701 1339 3757 mihi
1369 3701 1616 3759 dicerent
1642 3722 1655 3757 :
1698 3700 1797 3757 Ubi
1818 3710 1896 3758 est
1928 3700 2071 3756 Deus

490 3793 657 3849 tuus?
690 3791 879 3849 dolore
925 3794 1207 3865 pungebar
1262 3795 1554 3865 animoque
1599 3802 1834 3851 mtnstus
1879 3809 2069 3857 eram,

488 3883 775 3953 perculsus
805 3883 1099 3955 impiorum
1124 3886 1328 3942 verbis.
1357 3886 1613 3941 Attamen
1658 3887 1712 3940 in
1745 3885 2073 3956 memetipss

486 3979 845 4050 cogitationes
866 3980 1215 4037 continebam
1243 3995 1413 4046 meas,
1445 3988 1506 4036 ut
1544 3995 1614 4036 ne
1632 3978 1946 4036 eﬂ'underer
1974 3995 2074 4035 ex-

487 4071 680 4137 terius,
711 4087 819 4128 neu
839 4086 961 4128 mea
982 4072 1037 4127 in
1067 4071 1178 4128 Deo
1204 4075 1447 4144 reposita
1470 4088 1566 4143 spe
1599 4071 1928 4128 cxcidcrem.
1962 4071 2075 4126 Mc-

486 4161 719 4217 moriam
768 4162 973 4234 quippe
1030 4171 1281 4235 paratum
1326 4164 1459 4218 mihi
1511 4164 1672 4220 ﬁnem
1724 4163 2069 4234 repetebam,

485 4269 595 4321 qua
625 4268 733 4308 non
754 4254 1074 4324 ignorabam
1108 4255 1242 4312 illud
1262 4254 1307 4286 ⁸⁸
1349 4271 1365 4310 :
1402 4257 1561 4311 Beati
1602 4255 1692 4326 qui
1719 4255 1915 4325 lugent,
1946 4271 2077 4324 quo-

488 4346 635 4399 niam
660 4346 763 4415 ipsi
784 4346 1220 4402 consolabuntur.
1249 4348 1519 4414 Quocirca
1566 4362 1691 4403 cum
1740 4347 1910 4419 probe
1946 4361 2078 4403 nos--

2172 1867 2263 1921 διὰ
2302 1868 2483 1938 πάσης
2525 1867 2738 1941 ἡμέρας
2761 1868 2857 1922 καὶ
2888 1870 3083 1935 νυκτὸς
3106 1872 3490 1944 παραιτεῖσθαι
3523 1873 3620 1943 μὲν
3653 1873 3748 1927 καὶ

2171 1959 2331 2013 αὐτὸν
2349 1960 2441 2013 τὸν
2471 1960 2655 2032 ἄρτον,
2684 1961 2830 2032 μόνῳ
2853 1960 2910 2015 δὲ
2926 1962 3003 2034 τῷ
3023 1962 3285 2037 κλαυθμῷ
3309 1963 3611 2036 σχολάζειν.
3634 1966 3748 2021 Μά-

2171 2051 2330 2107 λιστα
2351 2052 2408 2106 δὲ
2432 2053 2582 2108 ταῦτ’
2619 2053 2887 2126 ἔπραττον
2934 2056 3025 2109 καὶ
3047 2057 3199 2111 ταῦτ’
3233 2058 3487 2130 ἔπασχον,
3526 2059 3750 2114 ἀκούον-

2171 2160 2261 2207 τες
2285 2145 2447 2215 αὐτοῦ
2480 2144 2574 2198 τοῦ
2614 2144 2743 2200 λαοῦ
2768 2186 2783 2210 ,
2819 2146 3019 2217 μᾶλλον
3059 2147 3116 2201 δὲ
3144 2147 3252 2202 τῶν
3294 2148 3507 2203 ἀσεϐῶν
3534 2149 3642 2204 τῶν
3689 2153 3749 2204 ἐν

2171 2236 2320 2307 αὐτῷ
2350 2236 2643 2306 λεγόντων·
2674 2237 2799 2292 Ποῦ
2826 2238 2998 2295 ἐστιν
3020 2243 3053 2294 ό
3078 2241 3222 2307 Θεός
3244 2255 3393 2306 σου;
3428 2241 3502 2295 Οῦ
3530 2242 3637 2314 γὰρ
3655 2241 3748 2314 δή·

2172 2344 2276 2380 που
2291 2328 2340 2382 οἱ
2361 2327 2546 2400 ἐχθροὶ
2565 2329 2660 2381 καὶ
2678 2328 2924 2399 πολέμιοι
2946 2328 3066 2384 καθ’
3088 2330 3322 2404 ἐκάστην
3343 2332 3554 2403 ἡμέραν
3573 2331 3746 2387 ταῦτα

2171 2421 2357 2485 αὐτοῖς
2403 2419 2586 2491 ἔλεγον
2608 2437 2622 2451 ·
2651 2421 2767 2474 ἀλλ’
2797 2422 2943 2486 εἰκὸς
2964 2422 3093 2486 τοὺς
3120 2424 3178 2477 ἐν
3205 2423 3282 2494 τῷ
3306 2423 3448 2478 ἐθνει
3488 2425 3745 2490 ἀπίστους

2171 2511 2248 2575 ῶς
2298 2511 2477 2584 μάτην
2530 2510 2913 2577 θεοσεϐοῦντας
2940 2513 3035 2566 καὶ
3082 2515 3202 2585 εἰκῆ
3250 2516 3579 2587 μοχθοῦντας
3620 2517 3744 2581 τοὺς

2173 2604 2460 2674 προφήτας
2499 2603 2958 2675 καταμέμφεσθαι
3004 2604 3101 2657 καὶ
3141 2604 3321 2674 λέγειν
3347 2607 3564 2670 αὐτοῖς·
3620 2608 3745 2661 Ποῦ

2170 2693 2341 2748 ἐστιν
2385 2697 2419 2749 ὁ
2450 2695 2594 2761 Θεός
2636 2709 2795 2759 σου;
2825 2695 2894 2747 Ἀ
2914 2694 2979 2767 δὴ
3009 2695 3162 2765 παρὰ
3207 2696 3317 2750 τῶν
3361 2698 3605 2768 ἀδελφῶν
3652 2701 3747 2754 καὶ

2174 2785 2473 2857 συγγενῶν,
2503 2788 2597 2842 καὶ
2619 2787 2910 2861 γνωρίμων
2932 2788 3220 2854 ἀκούοντες
3239 2829 3253 2855 ,
3294 2789 3363 2843 τά
3396 2790 3489 2844 τοῦ
3517 2791 3748 2857 πένθους

2171 2880 2474 2935 ἐπέτεινον·
2505 2881 2585 2935 διό
2616 2899 2781 2952 φασι·
2815 2882 3005 2939 Ταῦτα
3022 2884 3366 2955 ἐμνήσθην,
3409 2887 3507 2939 καὶ
3536 2886 3747 2958 ἐξέχεα

2169 2972 2262 3027 ἐπ’
2288 2973 2394 3043 ἐμὲ
2440 2973 2555 3043 τὴν
2587 2975 2801 3045 ψυχήν
2834 2993 2975 3046 μου.
3023 2978 3099 3031 Οὐ
3124 2976 3232 3049 γάρ
3257 2976 3362 3042 ἕξω
3381 2978 3480 3049 τὴν
3505 2979 3743 3050 ἐμαυτοῦ

2171 3065 2419 3135 ταραχὴν
2461 3064 2742 3135 ἐνέφαινον
2767 3109 2781 3132 ,
2812 3067 2926 3121 ἀλλ’
2951 3068 3100 3121 ἔνδον
3124 3070 3181 3121 ἐν
3225 3072 3292 3139 τῇ
3319 3069 3556 3139 ἐμαυτοῦ
3602 3072 3748 3144 ψυχῇ

2172 3154 2430 3227 κρύπτων
2453 3154 2551 3226 τὴν
2579 3156 2720 3227 ἐμὴν
2743 3156 3011 3227 ἀλγηδόνα
3038 3156 3130 3210 καὶ
3164 3159 3295 3228 παρ’
3344 3159 3565 3229 ἐμαυτῷ
3614 3177 3740 3229 συγ.

2171 3247 2447 3318 χεόμενος.
2481 3246 2733 3302 Τοιοῦτον
2757 3248 2811 3300 δέ
2839 3264 2893 3299 τι
2913 3245 3198 3309 πεπονθὼς
3215 3247 3244 3299 ό
3276 3247 3595 3313 ’Δπόστολος
3632 3250 3750 3303 ἐλε-

2171 3352 2299 3405 γεν·
2339 3337 2491 3392 Ἀλλ’
2515 3338 2685 3393 αὐτοὶ
2715 3338 2785 3391 ἐν
2808 3337 3045 3404 ἑαυτοῖς
3071 3337 3468 3409 τιὸ-ἀπόκριμα
3499 3340 3607 3393 τοῦ
3644 3345 3750 3396 θα·-

2172 3427 2359 3483 rdtov
2384 3429 2751 3501 ἐσχήκαμεν.
2776 3429 2966 3492 Οὕτως
2990 3426 3083 3483 οὖν
3114 3429 3209 3482 καὶ
3228 3429 3344 3493 νῦν,
3388 3430 3634 3499 Ἐξέχεα
3654 3431 3750 3485 ἐπ’

2171 3520 2278 3591 ἐμὲ
2305 3521 2419 3591 τὴν
2455 3521 2667 3592 ψυχήν
2685 3539 2827 3591 μου,
2867 3522 3013 3591 φασί.
3043 3523 3261 3577 Τελείου
3293 3523 3337 3575 δ’
3358 3524 3475 3579 ἐστὶ
3502 3512 3564 3577 τδ
3594 3524 3754 3579 δύνα·

2177 3614 2297 3669 σθαι
2318 3614 2477 3669 τοῦτο
2501 3615 2698 3685 λέγειν.

2244 3707 2526 3776 Λεγόντων
2576 3724 2686 3779 μοι,
2752 3708 2904 3779 φησι,
2938 3708 3047 3762 τῶν
3072 3706 3443 3773 ὀνειδιζόντων
3511 3721 3601 3773 με·
3628 3708 3754 3762 Ποῦ

2173 3798 2349 3852 ἐστιν
2397 3801 2431 3852 ό
2468 3799 2613 3864 Θεός
2662 3814 2817 3863 σου;
2871 3797 3177 3872 ἐδακνόμην
3230 3801 3327 3871 μὲν
3354 3801 3420 3871 τῇ
3476 3797 3621 3871 λύπῃ
3659 3799 3755 3852 καὶ

2176 3887 2517 3959 ὑπερήλγουν
2551 3886 2649 3959 τὴν
2685 3886 2862 3959 ψυχὴν
2903 3889 3271 3960 πληττόμενος
3307 3888 3412 3942 ὑπὸ
3444 3888 3550 3941 τῶν
3582 3888 3756 3956 λόγων

2172 3979 2281 4033 τῶν
2314 3979 2546 4034 ἀσεϐῶν.
2573 3980 2763 4052 Ὅμως
2802 3980 2848 4033 δ’
2877 3976 2969 4034 οῦν
3003 3981 3061 4034 ἐν
3106 3980 3328 4052 ἐμαυτῷ
3359 3983 3601 4051 συνεῖχον
3628 3982 3755 4044 τοὺς

2176 4072 2414 4144 ἐμαυτοῦ
2442 4072 2760 4144 λογισμοὺς,
2788 4073 2924 4145 πρὸς
2959 4074 3021 4126 τὸ
3052 4073 3126 4144 μὴ
3162 4071 3497 4145 προχυοῆναι
3526 4074 3622 4125 καὶ
3653 4072 3754 4143 τῆς

2178 4165 2546 4237 προκειμένης
2595 4181 2686 4235 μοι
2726 4163 2821 4217 τοῦ
2869 4164 3003 4217 Θεοῦ
3065 4165 3318 4217 ἐκπεσεῖν
3353 4164 3586 4229 ἐλπίδος.
3639 4166 3755 4218 Ἀν-

2177 4256 2374 4326 ἐφερον
2400 4255 2509 4326 γὰρ
2537 4257 2603 4326 τῇ
2635 4255 2824 4327 μνήμῃ
2846 4254 2908 4307 τὸ
2934 4255 3225 4326 περιμένον
3244 4272 3311 4325 με
3339 4255 3506 4320 τέλος·
3538 4258 3659 4309 ἐπεὶ
3680 4256 3755 4328 μὴ

2178 4345 2438 4415 ἠγνόουν,
2482 4344 2564 4398 ὅτι
2596 4344 2884 4413 Μακάριοι
2916 4347 2969 4399 οἱ
3015 4345 3398 4414 πενθοῦντες.
3440 4346 3530 4400 ὅτι
3565 4364 3756 4417 παρα-

491 4454 629 4503 sem,
657 4440 907 4508 quoniam
936 4450 1061 4509 post
1082 4441 1223 4496 hanc
1254 4441 1532 4498 tristitiam
1561 4440 1797 4496 transibo
1826 4442 1882 4494 in
1903 4440 2072 4494 locum

2178 4436 2612 4505 κληθήσονται.
2665 4436 2760 4489 Διὸ
2817 4435 2883 4505 δὴ
2931 4437 3174 4507 ἀκριϐῶς
3225 4439 3620 4509 ἐπιστάμενος,
3667 4439 3758 4494 ὅτι

492 4529 821 4585 tabernaculi
870 4530 1203 4587 admirabilis
1242 4549 1406 4604 usque
1451 4532 1521 4588 ad
1573 4533 1791 4588 domum
1823 4531 1962 4598 Dei,
2018 4534 2075 4586 in

491 4639 611 4678 voce
633 4623 1007 4678 exsultatiouis
1028 4631 1079 4677 et
1107 4624 1453 4694 confessionis
1485 4626 1605 4682 soni
1633 4627 1936 4689 epulantis;
1965 4626 2077 4681 haec

493 4715 800 4773 recordatus
830 4734 949 4772 sum
973 4733 993 4771 :
1027 4732 1205 4788 neque
1248 4732 1345 4788 spe
1378 4733 1499 4773 mea
1533 4719 1771 4782 excidit,
1804 4718 1900 4775 sed
1932 4720 2075 4774 intra

495 4806 766 4878 meipsum
795 4807 960 4877 επαάὶ
996 4808 1231 4861 animam
1259 4824 1452 4863 meam.
1484 4807 1549 4863 Et
1580 4809 1706 4879 quia
1758 4810 1921 4865 talem
1972 4810 2075 4867 sibi

495 4913 649 4970 spem
678 4900 1026 4970 ascripserat,
1053 4900 1179 4969 j-ure
1202 4915 1267 4956 ac
1288 4901 1484 4957 merito
1514 4902 1629 4972 ipse
1665 4902 1770 4957 sibi
1811 4903 2075 4959 medelam

493 4992 747 5048 admovet
787 4991 875 5047 his
909 4992 1092 5049 verbis
1126 5013 1139 5048 :
1174 4993 1353 5061 Quare
1406 4995 1577 5049 tristis
1607 5011 1683 5058 es,
1719 4996 1901 5051 anima
1927 5013 2072 5061 mea,

2182 4529 2322 4600 μετά
2357 4527 2429 4582 τὰ
2454 4527 2755 4600 σκυθρωπά
2780 4527 3163 4599 διελεύσομαι
3203 4530 3276 4583 ἐν
3317 4532 3479 4595 τόπῳ
3521 4528 3758 4598 σκηνῆς

2178 4620 2529 4691 θαυμαστῆς
2572 4621 2684 4687 ἕως
2727 4620 2835 4676 τοῦ
2888 4621 3059 4675 οἴκου
3102 4622 3209 4677 τοῦ
3257 4622 3437 4687 Θεοῦ,
3467 4623 3538 4676 ἐν
3587 4622 3758 4694 φωνῇ’

2179 4712 2595 4784 ἀγαλλιάσεως
2622 4712 2721 4767 καὶ
2748 4713 3238 4786 ἑξομολογήσεως
3264 4714 3419 4785 ἤχου
3456 4713 3756 4783 ἑορτάζον-

2180 4822 2321 4872 τος,
2367 4804 2555 4859 ταῦτα
2605 4803 2951 4875 ἐμνήσθην·
3008 4807 3103 4859 καὶ
3157 4807 3256 4860 οὐκ
3317 4806 3604 4872 ἐξέπιπτον
3657 4807 3757 4876 τῆς

2179 4897 2414 4961 ἐλπίδος,
2455 4897 2572 4950 ἀλλ’
2611 4899 2851 4971 είσωπερ
2892 4898 3112 4971 ἐμαυτῷ
3143 4897 3357 4967 ἐξέχεα
3388 4897 3503 4967 τὴν
3546 4898 3758 4967 ψυχήν

2181 5007 2318 5061 μου.
2337 4989 2447 5044 Καὶ
2480 4990 2668 5063 ἐπειδὴ
2688 4991 2945 5056 τοιαύτας
2966 4992 3281 5062 ὑπέγραψεν
3312 4989 3489 5061 ἐαυτῷ
3514 4989 3751 5057 ἐλπίδας,

490 5094 542 5139 et
571 5101 733 5154 quare
757 5085 1043 5140 conturbas
1071 5088 1200 5141 me?
1229 5084 1397 5154 Spera
1413 5090 1466 5141 in
1490 5086 1621 5150 Deo,
1641 5088 1887 5158 quoniam
1907 5088 2072 5143 adhuc

2183 5085 2411 5150 εἰκότως
2440 5086 2603 5152 αὐτὸς
2646 5088 2836 5141 ἑαυτὸν
2861 5086 3149 5158 θεραπεύει
3183 5088 3278 5140 καὶ
3316 5086 3495 5154 λέγει·
3538 5085 3663 5138 Ἵνα
3704 5086 3761 5141 τί

491 5178 1169 5248 conﬁteborilli,salutare
1219 5179 1393 5233 vultus
1446 5181 1547 5234 mei
1597 5189 1647 5235 et
1689 5179 1833 5236 Deus
1888 5197 2077 5236 meus:

491 5285 618 5327 nam
650 5270 719 5325 ad
758 5272 1011 5326 ﬁduciam
1036 5313 1051 5336 ,
1101 5272 1558 5343 praesentiumque
1595 5288 1962 5327 aerumnarum
1992 5281 2077 5327 to-

490 5362 781 5419 lerantiam
814 5379 936 5420 sese
973 5364 1312 5419 cohortatur.
1341 5362 1478 5417 Cum
1522 5379 1688 5434 porro
1715 5363 2076 5435 Symmachus

496 5456 573 5509 ait
603 5475 617 5511 :
652 5456 916 5523 Quoniam
960 5455 1202 5527 egrediar
1230 5454 1300 5509 ad
1326 5454 1752 5519 tabernaculum,
1789 5454 2074 5525 bajulabor

493 5562 659 5617 usque
688 5546 757 5601 ad
785 5547 1000 5602 domum
1036 5546 1157 5612 Dei,
1188 5565 1307 5602 cum
1337 5563 1457 5603 uoce
1486 5546 1859 5602 benedictionis
1877 5559 1926 5602 et
1948 5564 2074 5602 con-

496 5636 741 5708 fessionis
788 5639 1143 5695 multitudinis
1202 5641 1626 5695 coucurrentium
1682 5640 1753 5695 ad
1797 5640 2075 5695 celebrita-

567 5794 613 5826 ⁸⁸
648 5792 789 5850 Psal.
826 5808 896 5863 ι,
934 5796 1021 5851 ιι.
1097 5794 1141 5829 ⁸⁷
1180 5794 1363 5851 llCor.
1397 5811 1450 5864 ι,
1484 5798 1537 5853 9.
1615 5796 1660 5830 "'
1701 5796 1891 5857 Matth.
1929 5813 1985 5866 ν,
2018 5799 2068 5856 ι.

2181 5179 2515 5247 περίλυπος
2553 5177 2627 5243 εἴ,
2667 5182 2706 5248 ἡ
2752 5179 2923 5249 ψυχή
2970 5197 3119 5248 μου,
3153 5178 3252 5232 καὶ
3291 5179 3392 5230 ἵνα
3424 5176 3483 5229 τί
3531 5190 3760 5230 συντα-

2172 5270 2433 5339 ράσσεις
2456 5287 2569 5341 ys;
2595 5272 2889 5324 Ἐλπισον
2932 5269 3030 5322 ἐπὶ
3068 5268 3237 5332 Θεὸν,
3280 5267 3367 5321 ὅτι
3397 5265 3762 5335 ἐξομολογή-

2180 5380 2362 5434 σομαι
2400 5362 2561 5430 αὐτῷ
2596 5362 2893 5431 σωτήριον
2921 5361 3028 5416 τοῦ
3070 5360 3391 5429 προσώπου
3422 5377 3541 5429 μου
3585 5358 3684 5412 καὶ
3728 5363 3762 5412 ὁ

2183 5456 2328 5522 Θεός
2349 5474 2468 5525 μου
2485 5473 2498 5486 ·
2522 5455 2714 5526 θαρσεῖ
2731 5454 2839 5525 γὰρ
2858 5451 3035 5523 ἐαυτῷ
3059 5453 3153 5506 καὶ
3176 5450 3247 5504 τὰ
3272 5450 3514 5522 παρόντα
3540 5447 3759 5518 λυπηρά

2186 5546 2446 5616 γενναίως
2477 5545 2666 5618 φέρειν
2704 5544 3119 5618 παρεκελεύετο.
3156 5542 3343 5611 Λέγων
3377 5542 3432 5595 δὲ
3472 5543 3501 5594 ό
3531 5538 3754 5610 Σύμμαο

2183 5657 2297 5712 χος,
2326 5640 2451 5696 ’Ότι
2480 5639 2871 5711 ἐξελεύσομαι
2896 5642 2982 5704 εὶς
3008 5637 3122 5707 τὴν
3148 5635 3409 5703 σκηνὴν,
3440 5632 3757 5689 διαϐασταο
