4098 6402
315 388 426 446 373
1439 362 1946 444 couiiEN'TAmA
1981 385 2048 441 1N
2085 384 2420 446 PSALMOS.
3455 394 3570 453 ττι

314 503 615 577 χθήσομαι
653 504 762 571 ἕως
792 504 899 561 τοῦ
941 506 1111 561 οῑκου
1150 506 1255 561 τοῦ
1293 505 1463 570 Θεοῦ,
1491 507 1642 577 μετὰ
1682 506 1887 576 φωνῆς

2001 517 2123 572 lem;
2147 512 2228 566 vel
2254 512 2558 568 secundum
2600 511 2855 583 Aquilam
2895 531 2908 566 :
2940 510 3142 568 Laudis
3173 521 3225 568 et
3266 515 3569 584 gratiarum.

313 598 612 667 εὐφημίας
646 598 743 651 καὶ
785 596 1276 668 ἑξομολογήσεως
1307 596 1580 666 πλήθους
1625 613 1890 669 πανηγυ-

2001 604 2222 658 actionis
2254 603 2424 659 turba:
2450 603 2644 674 festum
2676 604 3022 670 celebrantis;
3075 607 3314 662 declarat
3358 607 3450 677 q-ui
3501 608 3558 661 li-

310 687 621 759 ριζόντων’
647 688 679 757 ἤ
707 688 847 743 κατὰ
869 690 960 743 τὸν
996 688 1247 756 Ἀκύλαν,
1274 689 1571 758 Αἰνέσεως
1591 691 1690 745 καὶ
1718 691 1901 761 εὐχα-’

2001 696 2080 752 nis
2103 711 2292 751 eorum
2332 696 2556 752 futurus
2595 696 2689 762 sit,
2713 697 2806 767 qui
2836 697 2892 751 in
2924 696 3027 752 hac
3057 697 3163 752 vita
3183 712 3346 755 casus
3372 713 3565 756 omnes

307 779 550 849 ριστίας
575 777 762 848 ὄχλου
786 779 1167 849 ἐορτάζοντος
1186 798 1199 810 ·
1245 783 1485 855 παρίστη
1532 785 1714 837 ὁποῖον
1742 781 1892 837 ἔσται

2001 791 2217 840 strenue
2266 784 2648 842 sustinuerint.
2700 784 2813 842 Hos
2855 786 3001 842 enim
3031 788 3263 859 excipiet
3305 788 3562 846 felicissi-

316 869 379 922 τὸ
395 870 546 935 τέλος
566 870 673 925 τῶν
695 873 753 927 ἐν
768 871 846 944 τῷ
866 873 1094 944 παρόντι
1119 873 1218 946 βίῳ
1244 875 1351 929 πᾶν
1374 874 1436 928 τὸ
1460 875 1613 930 ἐπιόν
1632 875 1893 945 γενναίως

318 963 716 1033 ὑπομενόντων.
740 964 1049 1030 Διαδέξεται
1062 965 1171 1038 γὰρ
1185 967 1404 1035 τούτους
1419 968 1479 1021 τὸ
1491 969 1890 1041 τρισμακάριον

320 1053 491 1118 τέλος,
518 1058 551 1127 ἡ
599 1055 886 1131 θαυμαστὴ
921 1056 1092 1130 σκηνὴ
1123 1058 1215 1112 τοῦ
1240 1058 1399 1123 Θεοῦ,
1441 1061 1536 1114 καὶ
1563 1064 1591 1114 ό
1629 1060 1893 1115 ἐνδοτάτω

321 1146 490 1217 αὐτῆς
516 1142 664 1212 οἶκος
701 1148 886 1217 αὐτοῦ,
923 1151 981 1205 ἐν
1016 1143 1060 1218 ᾧ
1090 1151 1139 1203 οἱ
1184 1149 1325 1215 ἄξιοι
1380 1138 1904 1225 διαϐασταζόμενοι,ι

320 1239 414 1292 καὶ
473 1237 733 1311 μετέωροι
787 1242 890 1296 ὑπὸ
935 1243 1239 1312 ἁγγελικῶν
1289 1244 1571 1316 δυνάμεων
1621 1246 1899 1318 αἰρόμενοι

320 1331 753 1403 εἰσαχθήσονται.
779 1335 846 1388 "A
867 1334 929 1406 δὴ
959 1336 1052 1389 καὶ
1082 1338 1111 1389 ό
1153 1337 1472 1402 Ἀπόστολος
1494 1335 1647 1401 εἰδὼς
1679 1337 1892 1408 ἔλεγεν·

330 1420 814 1493 Ἀρπαγησόμεθα
850 1425 920 1479 ἐν
949 1427 1233 1498 νεφέλαις,
1256 1430 1345 1495 εὶς
1394 1426 1736 1496 ἀπάντησιν
1788 1428 1895 1482 τοῦ

320 1514 543 1582 Κυρίου
572 1517 659 1583 εις
690 1516 856 1587 ἀέρα,
898 1519 1003 1574 καί
1033 1519 1207 1579 οὕτω.
1242 1518 1498 1579 πάντοτε
1536 1518 1659 1576 σὺν
1704 1520 1897 1591 Κυρίῳ

320 1605 601 1676 ἐσόμεθα.

393 1719 606 1790 Σκηνὴν
661 1718 723 1774 δὲ
765 1718 1087 1795 θαυμαστὴν
1121 1721 1227 1776 τοῦ,
1267 1722 1401 1777 Θεοῦ
1448 1722 1709 1794 ὀνομάζει
1763 1723 1897 1797 πρὸς

321 1809 723 1881 ἁντιδιαστολὴν
756 1810 950 1880 ἐτέρας
982 1812 1042 1864 οὒ
1079 1812 1414 1883 θαυμαστῆς,
1441 1813 1598 1866 ὁποία
1633 1808 1701 1885 ἦν
1729 1812 1762 1884 ἡ
1804 1812 1896 1865 ἐπὶ

321 1901 597 1965 Μωῦσέως
630 1872 721 1954 ἐπὶ
754 1872 864 1973 γῆς.
907 1872 1412 1975 κατεσκευασμένη.
1472 1872 1797 1975 Θαυμαστην
1836 1903 1893 1957 δὲ
1925 1872 1967 1927 Β

320 1991 536 2065 ἀληθῶς
565 1990 767 2064 σκηνὴν
795 1993 1029 2062 νοήσεις,
1065 1994 1133 2064 ἢν
1157 1995 1206 2049 οἱ
1246 1993 1507 2064 μακάριοι
1533 1992 1625 2048 τοῦ
1668 1991 1801 2047 Θεοῦ
1835 1993 1892 2047 ἐν

322 2083 534 2140 ἐλπίσιν
556 2083 810 2139 ἐτίθεντο.
829 2084 974 2154 Αὕτη
996 2084 1053 2137 δὲ
1080 2080 1148 2157 ἦν
1174 2086 1208 2155 ἡ
1238 2084 1576 2157 ἐπουράνιος,
1600 2079 1668 2155 ἦς
1693 2083 1893 2147 τύπους

322 2175 687 2241 κατεσκεύαζε
702 2176 941 2247 Μωῦσῆς
958 2178 1050 2231 ἐπὶ
1075 2177 1173 2247 τῆς
1193 2176 1420 2247 ἐρήμου.
1435 2176 1570 2246 Περὶ
1593 2171 1662 2249 ἦς
1683 2174 1778 2229 θαυ
1787 2191 1892 2247 μα-

324 2269 456 2340 στῆς
479 2268 682 2341 σκηνῆς
702 2268 797 2322 καὶ
816 2268 845 2321 ό
871 2266 1014 2332 θεῖος
1046 2267 1364 2331 Ἀπόστολος
1391 2267 1654 2322 διδάσκων
1673 2267 1856 2337 ἔλεγεν
1875 2284 1889 2297 ·

328 2361 606 2425 Τοιοῦτον
633 2362 854 2433 ἔχομεν
881 2360 1178 2432 ἀρχιερέα,
1209 2359 1276 2428 ὃς
1298 2358 1579 2415 ἐκάθισεν
1618 2360 1688 2414 έν
1728 2358 1895 2427 δεξιᾷ

323 2458 430 2518 τοῦ
460 2457 672 2526 θρόνου
708 2455 820 2525 τῆς
863 2456 1292 2525 μεγαλοσύνης
1338 2453 1407 2508 ἐν
1439 2452 1564 2520 τοῖς
1595 2452 1892 2522 οὐρανοῖς,

324 2549 442 2609 τῶν
471 2549 654 2619 ἁγίων
688 2546 1033 2617 λειτουργὸς
1061 2545 1160 2601 καὶ
1194 2544 1305 2615 τῆς
1336 2545 1577 2614 σκηνῆς
1605 2543 1713 2613 τῆς
1751 2545 1897 2612 άλη-

254 2624 261 2631 ’
325 2638 515 2706 ᾶινῆς,
544 2638 627 2708 ἣν
670 2637 897 2705 ἔπηξεν
935 2640 968 2692 ό
1016 2638 1253 2704 Κύριος,
1287 2639 1398 2691 οὐκ
1430 2636 1768 2705 ἅνθρωπος⁸
1814 2631 1897 2699 οἷς

326 2733 566 2801 ἐπιλέγει
603 2729 758 2800 ἑξῆς
786 2730 1014 2794 Οἵτινες
1042 2729 1428 2797 ὑποδείγματι
1483 2732 1580 2783 καὶ
1613 2728 1761 2797 σκιᾷ
1788 2732 1887 2782 ,λα-

325 2824 607 2892 τρεύουσι
632 2818 752 2872 τῶν
785 2819 1176 2886 ἐπουρανίων,
1202 2817 1397 2883 καθὼς
1433 2817 1897 2886 κεχρημάτισται

325 2909 588 2978 Μωῑνσῆς
627 2907 870 2979 μέλλων
919 2905 1215 2960 ἐπιτελεῖν
1260 2904 1377 2974 τὴν
1429 2905 1690 2974 σκηνήν.
1738 2907 1894 2975 Ὅρα,

327 3001 437 3071 γάρ
470 3014 623 3069 φησι,
668 2996 940 3065 ποιήσεις
974 2994 1172 3049 πάντα
1215 2994 1365 3051 κατὰ
1396 2994 1502 3049 τόν
1544 2996 1736 3050 τύπον
1791 2997 1898 3049 τὸν

327 3092 637 3160 δειχθέντα
659 3107 756 3143 σοι
783 3089 852 3142 ἐν
881 3087 960 3154 τῷ
987 3087 1125 3156 ὄρει.
1168 3085 1327 3141 Ἀλλὰ
1354 3086 1525 3141 ταῦτα
1561 3087 1657 3158 μὲν
1692 3086 1897 3150 εἰκόνες

328 3180 466 3256 ἦσαν
511 3182 604 3236 καὶ
652 3180 896 3253 σύμϐολα
932 3178 1041 3235 τῶν
1089 3180 1457 3250 ἐπουρανίων
1502 3178 1756 3248 Χριστὸς
1805 3177 1894 3244 δὲ,

327 3273 804 3342 παραγενόμενος
851 3268 1161 3339 ἀρχιερεὺς
1204 3267 1322 3321 τῶν
1363 3269 1715 3338 μελλόντων
1759 3268 1901 3338 ἀγα-

327 3362 495 3428 θῶν,
514 3362 613 3417 διὰ
654 3362 766 3431 τῆς
796 3360 1067 3433 μείζονος
1116 3360 1215 3414 καὶ
1259 3358 1625 3427 τελειοτέρας
1665 3358 1901 3427 σκηνῆς

327 3457 402 3513 ob
437 3453 870 3525 χειροποιήτου,
902 3452 1214 3509 τουτέστιν
1258 3454 1330 3511 οὐ
1369 3452 1592 3521 ταύτης
1638 3451 1749 3522 τῆς
1776 3452 1902 3506 κτί-

327 3564 505 3613 σεως,
531 3546 675 3601 οὐδὲ
705 3546 777 3600 δι’
809 3547 1055 3617 αἵματος
1114 3544 1344 3615 τράγων
1370 3544 1473 3600 καὶ
1509 3546 1780 3614 μόσχων,
1806 3543 1905 3599 διὰ

327 3638 398 3697 δὲ
430 3638 535 3691 τοῦ
591 3636 743 3691 ἰδίου
791 3638 1038 3705 αἵματος
1096 3633 1380 3703 εἰσῆλθεν
1430 3633 1669 3705 ἐφάπαξ
1707 3637 1794 3702 είς
1832 3635 1905 3690 τὰ

327 3727 499 3798 ἅγια,
547 3727 794 3781 αἰωνίαν
834 3727 1137 3793 λύτρωσιν
1165 3725 1512 3796 εὑράμενος.
1548 3726 1613 3778 Et
1655 3724 1712 3777 δὲ
1752 3722 1906 3792 χαρὰ
1982 3768 1995 3782 .

329 3819 556 3892 γίνεται
598 3817 668 3871 ἐν
706 3814 833 3881 τοῖς
865 3813 1142 3883 οὐρανοῖς
1174 3813 1281 3867 τῶν
1329 3813 1577 3882 ἀγγέλων
1628 3811 1721 3870 τοῦ
1770 3812 1905 3866 Θεοῦ

329 3910 428 3963 ἐπὶ
455 3907 545 3961 ένὶ
574 3903 899 3977 ἀμαρτωλῷ
914 3901 1327 3972 μετανοοῦντι,
1359 3900 1604 3963 εἰκότως,
1629 3897 1908 3967 θεοφιλοῦς

329 4001 511 4076 ψυχῆς
551 3998 687 4071 μετὰ
717 3998 807 4051 τὸν
846 3995 1100 4071 αὐτάρκη
1118 3994 1215 4046 καὶ
1250 3991 1343 4046 τὸν
1390 3990 1634 4063 παρόντα
1680 3989 1792 4060 βίον
1821 3987 1910 4042 διὰ

334 4092 641 4164 γυμνασίαν
673 4086 1109 4159 καταξιουμένης
1132 4086 1234 4156 τῆς
1264 4085 1348 4148 εἰς,
1375 4081 1445 4136 τὰ
1476 4083 1608 4152 ἆγια
1636 4082 1705 4135 τὰ
1746 4083 1908 4135 ἐπου-

337 4187 498 4259 ράνια
524 4181 726 4236 εἰσόδου
746 4221 761 4247 ,
801 4180 952 4251 φωνὴ
988 4178 1207 4247 γίνεται,
1224 4176 1498 4248 εὐφημίας
1544 4172 1779 4245 πλήθους
1808 4191 1912 4227 πα-

336 4273 731 4349 νηγυριζόντων
776 4273 869 4325 καὶ
907 4265 1367 4344 εὐδίαριστούντων
1409 4268 1503 4321 ἐπῖ
1550 4269 1615 4338 τῇ
1669 4266 1913 4339 σωτηρίᾳ

334 4367 430 4423 τοῦ
481 4365 808 4435 σωζομένου.
839 4365 908 4417 *Α
954 4364 1019 4436 δὴ
1062 4363 1427 4433 πεπεισμένος
1470 4355 1621 4413 εἶναι·
1655 4359 1831 4433 ἀληθῆ
1883 4361 1916 4413 δ’

336 4461 545 4523 τούτοις
585 4456 973 4531 μαθητευθεὶς,
1007 4456 1231 4518 εἰκότως
1276 4453 1414 4525 πρὸς
1451 4452 1640 4506 ἐαυτὸν
1667 4452 1868 4522 φάσκει
1895 4469 1917 4485 ἠ

338 4553 465 4609 Ἵνα
492 4551 549 4604 τί
592 4551 918 4618 περίλυπος
972 4542 1058 4612 εἷ,
1107 4548 1145 4615 η
1188 4544 1359 4614 ψυχή
1391 4542 1668 4614 μου,καὶ
1707 4544 1808 4598 ἵνα
1855 4543 1914 4597 τί
1944 4578 1988 4633 D

337 4610 785 4711 συνταράσσεις
807 4610 919 4710 μεξ
947 4638 1020 4691 Ἦ
1046 4610 1315 4695 κατά-τὸν
1338 4610 1629 4708 Σύμμαχον
1648 4651 1661 4665 ·
1714 4635 1777 4689 Τί
1807 4652 1915 4690 κα..
1944 4610 1988 4633 ν
2015 4610 2297 4711 conturbas

338 4733 672 4804 τακάμπτῃ,
699 4735 737 4802 η
766 4728 936 4801 ψυχή
965 4747 1103 4800 μου,
1129 4729 1227 4782 καὶ
1247 4728 1304 4781 τί
1322 4726 1547 4797 θορυϐῇ
1570 4726 1699 4781 κατ’
1729 4726 1875 4796 ἐμοῦ
1893 4744 1927 4792 ;·

350 4825 692 4895 Ἀνάμεινον
736 4823 844 4877 τὸν
891 4821 1056 4886 Θεὸν,
1100 4819 1190 4873 ὅτι
1235 4818 1521 4887 διηνεκῶς
1553 4815 1914 4888 ἐξομολογή-

337 4931 522 4985 σομαι
548 4913 709 4980 αὐτῷ
744 4914 852 4980 τὰς
870 4910 1165 4980 σωτηρίας
1190 4909 1295 4964 τοῦ
1335 4908 1659 4978 προσώπου
1688 4907 1873 4963 αὐτοῦ
1892 4925 1922 4943 ο<

338 5007 406 5079 ἢ,
435 5005 567 5072 ταῖς
610 5004 929 5073 σωτηρίαις
959 5001 1066 5057 τοῦ
1101 4997 1426 5068 προσώπου
1476 4997 1664 5052 αὐτοῦ
1687 5037 1704 5063 ,
1769 4998 1910 5053 κατὰ

339 5097 433 5150 τὸν
472 5095 722 5150 Ἀκύλαν.
741 5094 1034 5164 Γενόμενος
1057 5090 1307 5163 γὰμόσον
1332 5089 1543 5143 οὐδέπω
1564 5090 1623 5144 ἐν
1650 5093 1717 5162 τῇ
1743 5092 1921 5162 σκηνῇ

343 5186 439 5241 τοῦ
467 5186 624 5253 Θεοῦ,
660 5186 754 5241 καὶ
783 5184 887 5237 ὑπὸ
916 5182 1161 5251 ἀγγέλων
1191 5181 1359 5251 ἁγίων
1386 5179 1801 5251 διαϐασταχθεὶς
1828 5178 1919 5232 διὰ

345 5280 408 5335 τὸ
437 5278 570 5349 ὕψος
605 5278 783 5333 καὶτὸ
816 5275 1038 5345 ἔπαρμα
1065 5274 1236 5345 αὐτῆς
1267 5272 1329 5326 τὸ
1366 5272 1705 5343 ἐπουράνιον,
1743 5288 1919 5343 παρα-

350 5375 618 5446 στήσομαι
658 5369 734 5441 τῷ
762 5367 1037 5442 προσώπῳ
1061 5365 1155 5420 τοῦ
1197 5365 1356 5430 Θεοῦ,
1390 5365 1485 5419 καὶ
1529 5363 1790 5436 τεύξομαι
1819 5364 1921 5434 τῆς

352 5463 482 5529 Θέας
518 5462 612 5517 τοῦ
640 5460 908 5534 σωτηρίου
972 5456 1134 5511 αὑτοῦ
1154 5473 1167 5488 ⁸
1196 5456 1401 5511 τούτων
1444 5454 1696 5521 ἀξιωθεὶς
1717 5494 1733 5519 ,
1776 5451 1920 5509 κατὰ

352 5553 543 5626 καιρὸν
581 5551 887 5623 ἀναπέμψω
916 5548 1013 5621 τὴν
1039 5546 1422 5619 ἐξομολόγησιν
1452 5546 1547 5600 καὶ
1575 5545 1674 5616 τὴν
1707 5543 1919 5614 ὀφειλο-

358 5647 526 5718 μένην
558 5644 901 5718 εὐχαριστίαν
927 5640 1094 5712 αὐτῷ.

1991 893 2114 934 mus
2154 877 2300 945 ﬁnis,
2330 878 2586 936 videlicet
2634 879 3041 936 tabernaculum
3075 880 3206 937 illud
3251 883 3347 940 Dei
3389 885 3564 940 admi-

1981 968 2246 1040 randum,
2269 977 2324 1025 et
2350 984 2470 1047 quae
2497 970 2554 1024 in
2580 969 2789 1027 intimis
2815 970 2937 1042 ejus
2981 972 3231 1042 partibus
3273 974 3450 1045 posita
3477 982 3565 1032 est

1993 1062 2190 1119 domus
2212 1061 2328 1128 Dei,
2358 1064 2413 1120 in
2446 1078 2609 1133 quam
2635 1064 2811 1119 sancti
2853 1064 3104 1122 homines
3140 1066 3474 1136 deferentur,
3498 1083 3565 1125 ac

1994 1154 2259 1217 sublimes
2292 1155 2361 1210 ab
2409 1154 2668 1225 angelicis
2712 1156 3012 1213 virtutibus
3037 1158 3177 1214 elati.
3196 1159 3566 1215 intromitten-

1992 1256 2104 1310 tur.
2129 1249 2372 1317 Quorum
2409 1262 2615 1318 gnarus
2635 1246 2929 1318 Apostolus
2951 1250 3023 1306 ita
3057 1250 3376 1322 loquebatur
3405 1271 3430 1311 ε
3454 1251 3564 1309 Ra-

1993 1346 2199 1413 piemur.
2228 1344 2283 1400 in
2329 1342 2552 1401 nubibus
2583 1342 2791 1397 obviam
2830 1342 3055 1400 Domino
3096 1346 3152 1401 in
3186 1362 3350 1412 aera,
3399 1354 3451 1402 et
3486 1346 3565 1403 sic

1994 1455 2197 1509 semper
2219 1456 2342 1496 cum
2371 1439 2597 1497 Domino
2627 1440 2823 1495 erimus
2861 1439 2931 1497 ”.

1959 1720 1992 1735 ”
2067 1734 2504 1793 Tabernaeulum
2537 1744 2718 1795 autem
2750 1737 2846 1796 Dei
2882 1740 3129 1798 mirabile
3156 1750 3334 1809 vocat,
3366 1743 3433 1800 ad
3461 1742 3568 1800 dif-

2000 1828 2282 1887 ferentiam
2332 1832 2557 1889 alterius
2607 1832 2752 1904 quod
2809 1848 2940 1891 sane
2983 1835 3234 1891 mirabile
3274 1851 3385 1892 non
3433 1844 3564 1893 est:

1998 1927 2161 1996 quale
2183 1936 2302 1982 erat
2341 1927 2473 1983 illud
2500 1934 2746 2000 tempore
2789 1928 2992 2001 Moysis
3034 1930 3090 1984 in
3141 1936 3288 1987 terra
3318 1938 3569 1986 constru—

1997 2029 2167 2078 ctum.
2204 2019 2449 2077 Mirabile
2473 2032 2652 2077 autem
2681 2037 2870 2078 revera
2911 2023 3320 2078 tabernaculum
3378 2023 3572 2079 intelli-

1997 2127 2133 2183 gas,
2182 2111 2331 2185 quod
2364 2113 2507 2168 beati
2537 2111 2634 2169 Dei
2674 2113 2728 2168 in
2789 2129 2940 2184 spem
2988 2114 3092 2171 sibi
3143 2115 3569 2174 constituerunt.

1998 2202 2114 2259 Hoc
2149 2214 2328 2260 autem
2370 2205 2591 2261 cmleste
2646 2203 2778 2260 illud
2809 2213 2945 2271 erat,
2970 2206 3130 2276 cujus
3172 2206 3397 2278 ﬁguram
3431 2205 3573 2272 Mov-

2000 2309 2090 2352 ses
2115 2297 2172 2352 in
2192 2296 2408 2355 deserto
2434 2297 2742 2373 adornavit.
2789 2297 2866 2353 De
2898 2313 3008 2369 quo
3049 2299 3357 2355 admirabili
3391 2300 3568 2355 taber-

1999 2389 2199 2444 naculo
2226 2388 2344 2445 bare
2373 2391 2598 2446 tradidit
2641 2391 2862 2447 divinus
2898 2391 3229 2462 Apostolus:
3265 2392 3447 2447 Talem
3475 2391 3574 2445 ha-

2002 2478 2181 2534 bemus
2218 2481 2546 2551 pontiﬁcem,
2609 2484 2700 2556 qui
2748 2482 2983 2537 consedit
3028 2483 3084 2537 in
3136 2483 3351 2538 dextera
3398 2474 3587 2541 throni.

2000 2573 2383 2643 magnitudinis
2411 2575 2466 2627 in
2495 2573 2639 2628 caelis
2664 2614 2679 2638 ,
2710 2583 3018 2629 sanctorum
3041 2576 3281 2630 minister
3307 2584 3356 2630 et
3396 2575 3593 2630 tabem.

2001 2664 2182 2718 naculi
2210 2666 2317 2718 veri
2345 2664 2482 2735 quod
2506 2666 2623 2734 ﬁxit
2647 2665 2924 2729 Dominus,
2947 2673 2997 2719 et
3026 2682 3129 2719 non
3151 2666 3306 2719 homo
3334 2665 3428 2733 “;ο
3453 2666 3589 2735 (μῆ--

2001 2757 2106 2812 bus
2133 2755 2329 2813 deinde
2352 2756 2633 2828 subjungit
2667 2776 2680 2811 :
2714 2756 2820 2823 Qui
2847 2756 3137 2825 exemplari
3169 2767 3219 2811 et
3249 2755 3451 2812 umbra:
3481 2757 3575 2810 des

2002 2851 2234 2905 serviunt
2261 2850 2566 2913 caelestium,
2613 2851 2749 2903 sicut
2803 2864 3105 2918 responsum
3135 2848 3421 2921 est‘Moysi
3458 2866 3578 2905 cum

2002 2959 2368 2998 consummare
2422 2942 2575 2998 uellet
2640 2941 3080 2997 tabernaculum:
3135 2941 3299 3011 Vide,
3361 2943 3575 3014 inquit,

2004 3038 2181 3091 omnia
2204 3037 2369 3106 facito
2396 3035 2682 3091 secundum
2708 3035 2998 3106 exemplar,
3017 3033 3156 3106 quod
3185 3036 3279 3090 tibi
3308 3044 3577 3091 ostensum

2001 3138 2079 3184 est
2105 3129 2163 3183 in
2195 3138 2367 3183 monte
2394 3129 2459 3183 δ’.
2494 3127 2601 3183 Sed
2634 3128 2750 3183 btec
2785 3128 3004 3199 quidem
3047 3127 3314 3199 imagines
3340 3139 3497 3184 erant
3525 3138 3579 3185 et

1926 3230 1968 3291 (ς
2004 3217 2251 3289 symbola
2279 3216 2606 3274 cmlestium.
2641 3215 2885 3271 Christus
2918 3225 3094 3270 autem
3126 3216 3381 3270 assistens
3406 3215 3581 3285 ponti-

2002 3311 2092 3380 fex
2136 3310 2438 3380 futurorum
2468 3308 2762 3376 bonorum,
2819 3325 2915 3380 per
2952 3308 3180 3378 amplius
3221 3317 3272 3364 et
3297 3309 3579 3380 perfectius

2005 3402 2400 3457 tabernaculum
2441 3418 2546 3456 non
2585 3401 2970 3472 manufactum,
3033 3399 3089 3453 id
3125 3408 3206 3455 est
3268 3416 3372 3454 non
3424 3398 3581 3468 hujus

2002 3496 2325 3559 creationis;
2351 3511 2512 3566 neque
2537 3510 2629 3565 per
2655 3495 2962 3564 sanguinem
2988 3493 3253 3548 hircorum
3275 3500 3369 3547 aut
3389 3491 3583 3547 vitulo—

2003 3604 2154 3652 rum,
2188 3587 2279 3644 sed
2309 3603 2402 3657 per
2422 3578 2694 3657 proprium
2723 3587 3033 3656 sanguinem
3071 3584 3309 3640 introivit
3336 3584 3498 3640 semel
3527 3587 3582 3638 in

2004 3692 2212 3746 sancta,
2242 3690 2442 3735 teterna
2473 3678 2825 3750 redemptione
2853 3678 3062 3733 inventa
3086 3678 3154 3732 δ’.
3182 3676 3340 3744 Quod
3367 3678 3413 3732 si
3442 3693 3578 3748 gau-

2005 3771 2153 3825 dium
2172 3779 2253 3826 est
2279 3772 2333 3825 in
2358 3770 2501 3825 caelis
2532 3771 2739 3842 angelis
2766 3768 2882 3835 Dei,
2905 3771 2968 3825 de
2996 3787 3101 3825 uno
3122 3779 3394 3838 peccatore
3414 3771 3580 3841 paeni-

2009 3864 2229 3917 tentiam
2265 3871 2449 3932 agente
2476 3862 2545 3927 “,
2569 3861 2766 3916 merito
2788 3877 2922 3918 sane
2943 3877 3070 3917 cum
3094 3863 3349 3934 religiosa
3379 3863 3581 3926 anima,

2006 3961 2131 4025 post
2162 3961 2444 4024 peractum
2498 3954 2664 4022 hujus
2726 3952 2852 4007 vitae
2909 3968 3172 4017 cursum,
3227 3955 3477 4024 ingressu
3527 3954 3583 4007 in

2009 4057 2201 4102 sancta
2226 4046 2318 4101 illa
2344 4046 2588 4101 coelestia
2623 4047 3031 4103 exercitationis
3064 4060 3177 4099 suae
3214 4059 3385 4101 causa
3415 4044 3582 4100 dona-

2010 4148 2120 4205 tur,
2141 4153 2249 4195 vox
2279 4137 2677 4195 benedictionis
2722 4136 2885 4192 datur
2916 4151 2948 4191 a
2978 4135 3325 4191 multitudine
3364 4136 3589 4191 celebri-

2011 4240 2177 4289 tatem
2210 4240 2264 4289 et
2293 4231 2594 4303 gratiarum
2623 4229 2894 4285 actionem
2929 4235 3124 4300 agente
3151 4242 3251 4300 pro
3278 4234 3449 4299 parta
3480 4226 3585 4300 ipsi

2011 4328 2205 4383 salute.
2240 4326 2371 4394 Qua:
2418 4339 2542 4380 cum
2570 4338 2699 4379 vera
2726 4336 2852 4378 esse
2891 4335 3215 4393 persuasum
3248 4319 3444 4376 habeat
3492 4323 3587 4391 qui

2013 4418 2217 4474 talibus
2255 4417 2542 4476 institutus
2571 4413 2880 4491 disciplinis
2914 4420 3033 4480 est,
3074 4412 3198 4483 jure
3235 4412 3587 4484 semetipsum

2015 4516 2091 4569 ita
2127 4514 2450 4585 alloquitur:
2475 4511 2652 4578 Quare
2676 4509 2843 4565 tristis
2869 4526 2945 4575 es,
2974 4508 3160 4563 anima
3182 4523 3319 4573 mea,
3347 4516 3397 4562 et
3425 4523 3591 4576 quare

2325 4608 2448 4664 me?
2477 4604 2624 4670 Sive,
2643 4603 2942 4661 secundum
2966 4601 3383 4675 Symmachum:
3412 4600 3593 4666 Quare

2016 4701 2542 4773 defatigaris,anima
2571 4713 2712 4761 mea,
2745 4703 2797 4751 et
2838 4710 3003 4767 quare
3026 4693 3207 4747 turbas
3235 4690 3436 4746 excitus
3465 4705 3593 4744 con-

2015 4807 2100 4851 tra
2126 4796 2247 4851 me?
2284 4791 2544 4862 Exspecta
2574 4789 2763 4854 Deum,
2791 4789 3042 4859 quoniam
3070 4783 3281 4840 assidue
3308 4781 3588 4852 conﬁtebor

2010 4891 2081 4953 ei,
2115 4886 2314 4944 salutes
2340 4886 2512 4941 vultus
2539 4884 2690 4954 ejus;
2729 4890 2844 4947 aut,
2889 4880 3147 4937 salutibus
3173 4876 3347 4933 vultus
3369 4879 3504 4948 ejus,
3532 4885 3592 4931 ut

2007 4982 2178 5051 ,babet
2225 4980 2443 5051 Aquila.
2478 4978 2616 5035 Nam
2647 4993 2771 5034 cum
2792 4979 2904 5048 jam
2932 4990 3070 5048 pene
3096 4972 3164 5028 ad
3179 4972 3593 5029 tabernaculum

2018 5076 2115 5134 Dei
2144 5078 2484 5148 pervenerim
2504 5116 2520 5141 ,
2551 5084 2715 5147 atque
2759 5076 2831 5131 ob
2859 5070 3237 5130 celsitudinem
3262 5077 3317 5126 et
3344 5068 3593 5126 sublimi-

2019 5178 2187 5228 tatem
2217 5171 2337 5242 ejus
2385 5171 2665 5227 ctelestem
2726 5182 2758 5222 a
2810 5166 3015 5221 sanctis
3064 5163 3269 5235 angelis
3314 5161 3603 5230 bajulatus

2021 5266 2148 5331 sim,
2177 5265 2351 5320 vultui
2395 5262 2490 5325 Dei
2525 5263 2712 5326 sistar,
2756 5267 2811 5315 et
2841 5256 3301 5327 contemplatione
3339 5253 3603 5309 salutaris

2022 5359 2165 5429 ejus,
2190 5357 2277 5415 his
2305 5357 2583 5428 dignatus,
2602 5352 2876 5427 perfruar,
2894 5365 3004 5421 quo
3032 5358 3275 5418 tempore
3295 5343 3599 5402 confessio-

2024 5464 2151 5507 nem
2173 5448 2521 5519 debitamque
2554 5444 2854 5518 gratiarum
2883 5440 3151 5497 actionem
3185 5439 3449 5497 emittam.

428 5803 474 5836 ³³
514 5798 754 5857 lThcss.
792 5812 865 5870 tv,
900 5797 983 5853 l6.
1059 5795 1104 5830 ⁸ο
1142 5793 1309 5854 Hebr.
1341 5810 1470 5863 vni,
1506 5793 1558 5862 ί,
1597 5792 1652 5849 2.
1728 5793 1770 5829 δι
1808 5792 1908 5851 ibid

2001 5793 2026 5847 ἱ.
2103 5792 2147 5825 δ’
2188 5787 2354 5847 Hebr.
2391 5800 2469 5853 Ix,
2509 5782 2597 5855 ll,
2634 5779 2721 5839 l2.
2799 5780 2842 5814 "
2889 5776 3001 5836 Luc
3057 5794 3137 5853 sy
3199 5814 3233 5850 ι,
