4098 6382
532 309 603 365 75
1166 309 1456 383 ιευεεοιι
1484 311 1687 368 CESA
1700 309 1974 367 RIENSIS
2011 306 2160 366 OPP.
2194 308 2374 366 PARS
2410 309 2497 369 ΠΙ.
2531 342 2603 353 -—
2632 311 3041 371 EXEGETICA.
3633 317 3737 373 376

567 426 695 483 Hac
723 427 941 499 quidem
966 427 1080 499 jam
1113 435 1419 483 memorata
1443 429 1499 484 in
1544 446 1641 501 spe
1669 430 1804 485 mihi
1828 428 2059 501 reposita

2240 429 2324 485 Τὰ
2354 430 2454 502 μὲν
2473 432 2531 485 ἐν
2558 430 2768 486 ἐλπίσιν
2781 430 3121 503 ἀποκείμενά
3143 448 3233 503 μοι
3257 428 3406 485 ταῦτ’
3424 430 3537 485 ἔστι
3558 432 3626 485 τὰ
3652 432 3738 485 λε-

493 526 641 576 sunt.
675 519 784 575 Sed
809 520 1075 576 hactenus
1100 521 1288 577 multis
1310 538 1398 578 me
1438 523 1925 586 conturbantibus,
1955 536 2059 577 non

2172 524 2430 598 λεγμένα.
2450 522 2599 589 Τέως
2627 524 2672 578 δ’
2705 525 2797 579 ἐπὶ
2814 523 2909 577 τοῦ
2940 523 3205 596 παρόντος
3221 522 3428 577 πολλῶν
3449 541 3516 595 με
3535 540 3736 595 ταρατ-

490 611 573 665 sic
599 616 780 665 tamen
806 617 1114 666 commotus
1143 626 1267 667 sum
1290 619 1352 667 ut
1389 611 1698 670 exciderem
1723 654 1739 681 ,
1780 621 1835 669 et
1884 612 2059 667 mani-

2167 619 2389 682 τόντων,
2424 616 2585 681 αὐτὸς
2615 617 2716 687 οὐχ
2744 616 2915 680 οὕτως
2937 615 3340 688 ἐταραττόμην,
3383 614 3458 678 ὡς
3486 615 3737 668 ἐκπεσεῖν

492 701 631 757 festa
660 718 751 759 res
774 702 1235 762 conturbantibus
1264 705 1544 763 evaderet.
1572 706 1679 773 At,
1716 705 2059 779 quemadmo-

2172 712 2266 764 καὶ
2292 708 2542 781 φανερῶς
2574 708 2824 778 γενέσθαι
2855 710 2968 771 τοῖς
2992 708 3349 779 ταράττουσιν
3367 723 3380 737 ’
3416 706 3531 761 ἀλλ’
3549 705 3738 781 ῶσπερ

490 792 620 847 dum
646 795 926 864 superius,
952 794 1116 864 επαάὶ
1147 796 1203 849 in
1240 813 1323 851 me
1344 800 1581 852 animum
1614 815 1816 863 meam;
1866 796 2066 853 s'ecun-

491 886 621 939 dum
652 901 782 941 vero
811 884 1231 959 Symmachum,
1264 889 1322 942 in
1356 906 1457 954 mc,
1492 889 1693 962 inquit,
1729 893 1909 945 animo
1947 906 2063 944 mea

492 974 716 1044 lique/it,
759 976 969 1047 quando
1006 980 1256 1035 recordor
1281 980 1381 1044 tui,
1412 995 1447 1033 α
1477 988 1619 1034 terra
1664 978 1954 1045 Iordanis,
2013 992 2064 1037 et

492 1067 558 1119 ab
592 1065 940 1134 Hermoniim,
969 1080 1145 1125 monte
1198 1071 1436 1127 minimo.
1471 1071 1705 1143 Abyssus
1740 1072 1931 1144 abysso
1973 1091 2065 1129 oc-

491 1159 656 1212 currit
685 1176 717 1212 a
745 1162 922 1215 sonitu
957 1165 1344 1234 scaturiginum
1398 1174 1632 1221 tuarum.
1673 1166 1866 1223 lsthaec
1901 1183 2064 1239 porro

493 1250 595 1304 hoc
625 1250 757 1306 mihi
787 1252 1043 1308 videntur
1084 1269 1248 1313 sensu
1296 1257 1654 1328 accipienda:
1695 1260 1829 1315 Post
1862 1260 2064 1333 Moysis

491 1346 721 1395 mortem
743 1356 869 1396 cum
886 1340 1049 1399 Iesus
1065 1345 1327 1413 populum
1358 1346 1415 1401 in
1446 1354 1648 1402 terram
1682 1351 2064 1419 promissionis

491 1431 904 1501 introduxisset,
935 1436 1250 1494 sacerdotes
1283 1453 1468 1494 arcam
1505 1441 1746 1497 humeris
1789 1452 2063 1514 gestantes

490 1526 545 1579 in
569 1523 859 1582 Jordanem
901 1526 1132 1599 ingressi
1164 1539 1314 1589 sunt.
1354 1531 1611 1591 Iordanis
1640 1545 1843 1602 autem,
1878 1546 1938 1592 ut
1986 1540 2065 1594 ait

491 1616 776 1687 Scriptum
804 1616 871 1691 “,
892 1619 1191 1688 rapiebatur
1220 1623 1431 1679 omnino
1452 1626 1505 1678 in
1536 1627 1656 1696 ripa
1684 1645 1805 1693 sua,
1833 1632 1986 1698 quasi
2008 1631 2063 1684 in

487 1706 669 1760 diebus
695 1709 878 1762 messis
901 1710 1174 1777 frumenti.
1228 1710 1299 1764 Et
1348 1721 1604 1770 steterunt
1652 1734 1865 1773 sursum
1912 1736 2063 1789 aqua

485 1798 847 1853 descendentes
893 1803 1221 1858 concretione
1260 1821 1389 1860 una.
1442 1806 1575 1873 Qua:
1616 1818 1791 1863 autem
1840 1811 2063 1880 inferius

484 1886 702 1954 ﬂuebat,
724 1889 992 1945 descendit
1021 1894 1075 1947 in
1105 1911 1251 1948 mare
1285 1898 1509 1952 salsum.
1540 1897 1613 1955 Et
1640 1915 1818 1955 omnes
1840 1903 1944 1972 ﬁlii
1976 1901 2064 1958 Is-

484 1980 595 2034 rael
623 1983 950 2037 transierunt
995 2001 1087 2054 per
1122 1986 1318 2041 siccum
1352 1986 1408 2041 in
1444 1987 1614 2043 medio
1648 1987 1936 2056 Iordanis,
1984 1994 2065 2049 in-

484 2068 685 2127 feriore
716 2072 872 2129 alveo
900 2072 959 2128 in
988 2088 1140 2128 mare
1180 2076 1386 2131 salsum
1432 2077 1735 2147 deﬂuente;
1781 2083 2064 2152 superiore

484 2168 667 2216 autem
699 2162 1025 2221 mirabiliter
1062 2164 1354 2237 divinaque
1380 2169 1585 2225 virtute
1629 2170 1873 2229 cohibito
1899 2182 2064 2246 atque

484 2260 636 2307 retro
666 2250 889 2309 ﬂuente.
918 2253 986 2308 Et
1009 2270 1138 2311 vero
1160 2254 1341 2314 ﬂuxus
1366 2259 1443 2313 illi
1464 2258 1720 2319 Jordanis
1750 2266 2063 2336 superiores

485 2360 552 2397 ex
580 2352 734 2414 parte
763 2344 1012 2411 fontium,
1041 2362 1167 2402 cum
1204 2350 1406 2404 exitum
1435 2367 1544 2408 non
1584 2353 1868 2421 haberent,
1901 2357 2062 2413 attol-

485 2434 759 2501 k-bantur,
796 2444 851 2492 et
879 2439 1100 2493 cumulo
1122 2455 1229 2494 uno
1259 2442 1608 2512 erigebantur
1650 2461 1806 2516 aquae
1855 2449 2060 2505 aﬂatim

485 2525 860 2596 conﬂuentes,
910 2531 1056 2602 quod
1084 2531 1266 2587 exitus
1298 2543 1444 2589 esset
1494 2535 1847 2596 interclusus.
1904 2539 2060 2597 Tunc

484 2620 675 2689 utique
698 2621 933 2693 abyssus
967 2622 1167 2697 abysso
1193 2626 1520 2684 occurrebat
1546 2667 1563 2691 ,
1618 2632 1886 2701 repressis
1913 2641 1967 2689 et
2005 2635 2060 2689 in

2164 892 2424 947 ἐνταῦθα
2479 892 2628 960 πρὸς
2671 889 2931 961 ἐμαυτόν
2978 890 3017 958 ἡ
3054 889 3224 959 ψυχή
3262 908 3381 960 μου
3416 890 3731 961 ἐταράχθη.

2166 983 2324 1037 Κατὰ
2339 983 2396 1036 δὲ
2421 983 2511 1036 τὸν
2535 982 2852 1053 Σύμμαχον,
2879 980 2998 1033 Ἐπ’
3024 980 3148 1051 ἐμὲ,
3169 982 3352 1052 φησὶν,
3369 983 3407 1051 ἡ
3427 981 3595 1052 ψυχή
3615 1000 3734 1052 μου

2166 1076 2579 1143 κατατήκεται,
2608 1076 2754 1130 ὅταν
2781 1073 3317 1146 ἀναμιμνήσκωμαὶ
3336 1089 3450 1127 σου
3481 1072 3599 1129 ἀπὸ
3624 1072 3736 1145 τῆς

2178 1169 2471 1238 Ἰορδάνου
2499 1168 2597 1222 καὶ
2626 1169 2745 1223 ἀπὸ
2779 1166 3134 1237 Ἐρμωνιεὶμ,
3162 1166 3337 1235 ὅρους
3355 1165 3730 1236 μικροτάτου.

2169 1263 2466 1328 Ἀϐυσσος
2495 1262 2744 1327 ἀϐύσσῳ
2785 1257 3023 1325 ἀπαντᾷ
3066 1257 3185 1312 ἀπὸ
3221 1257 3375 1327 ἤχου
3414 1256 3531 1309 τῶν
3564 1274 3736 1326 κρου-

2164 1354 2290 1408 νῶν
2317 1368 2454 1408 σου.
2473 1355 2630 1407 Δοκεῖ
2659 1353 2713 1404 δέ
2753 1369 2840 1423 μοι
2862 1352 2895 1420 ὴ
2927 1349 3034 1404 τῶν
3055 1350 3358 1422 εἰρημένων
3383 1349 3589 1403 διάνοια
3613 1347 3736 1402 τοῦ-

2165 1467 2256 1504 τον
2296 1449 2440 1520 ἔχειν
2471 1449 2562 1502 τὸν
2606 1447 2731 1501 νοῦν
2756 1466 2768 1478 ·
2818 1447 2974 1502 Μετὰ
3014 1447 3111 1517 τὴν
3143 1445 3420 1509 Μωῡσέως
3458 1444 3733 1516 τελευτὴν,

2178 1541 2354 1612 Ἰησοῦ
2388 1541 2477 1594 τὸν
2505 1540 2631 1594 λαὸν
2659 1542 2739 1603 εἰς
2768 1540 2867 1611 τὴν
2901 1540 3004 1611 γῆν
3030 1540 3126 1609 τῆς
3146 1536 3476 1606 ἐπαγγελίας
3511 1539 3734 1605 εἰσαγα-

2165 1631 2371 1699 γόντος,
2396 1630 2472 1693 ὡς
2498 1631 2545 1682 οἱ
2576 1631 2740 1700 ἱερεῖς
2771 1628 3044 1698 ἐπέϐησαν
3072 1625 3151 1696 τῷ
3187 1624 3420 1696 Ἰορδάνῃ
3449 1620 3548 1693 τὴν
3570 1621 3734 1675 κιϐω-

2164 1725 2255 1778 τὸν
2291 1724 2377 1775 ἐπ’
2406 1721 2569 1793 ῶμων
2605 1721 2881 1793 φέροντες.
2915 1719 2973 1773 '0
3004 1717 3060 1771 δὲ
3098 1715 3384 1787 Ἰορδάνης,
3418 1714 3493 1778 ὥς
3514 1714 3734 1783 φησινὴ

2164 1815 2374 1889 Γραφὴ.
2401 1814 2738 1883 ἐπληροῦτο
2784 1814 3042 1867 καθόλου
3082 1809 3197 1877 τὴν
3224 1807 3483 1878 κρηπῖδα
3526 1805 3733 1869 αὑτοῦ,

2162 1908 2305 1962 ὡσεὶ
2328 1906 2537 1975 ήμέοαι
2568 1902 2848 1974 θερισμοῦ
2878 1901 3103 1970 πυρῶν.
3127 1899 3237 1954 Καὶ
3270 1898 3419 1965 ἔστη
3448 1897 3521 1950 τὰ
3549 1895 3737 1949 ὕδατα

2163 1998 2593 2055 καταϐαίνοντα
2619 1997 2846 2051 ἄνωθεν
2866 1994 3072 2064 πῆγμα
3093 1991 3181 2048 ἓν.
3202 1990 3270 2045 Τό
3291 1988 3360 2043 δὲ
3381 1988 3737 2042 καταϐαῖνον

2164 2091 2379 2159 κατέϐη
2406 2091 2492 2156 εις
2529 2087 2644 2157 τὴν
2672 2086 2993 2142 θάλασσαν
3023 2081 3142 2137 τῶν
3170 2082 3352 2135 ἁλῶν.
3378 2079 3489 2134 Καὶ
3516 2078 3736 2144 πάντες

2162 2182 2347 2238 οιυιοὶ
2390 2179 2629 2249 Ἰσραὴλ
2658 2177 2949 2246 διέϐησαν
2984 2174 3082 2229 διὰ
3110 2173 3301 2243 ξηρᾶς
3332 2173 3401 2227 ἐν
3436 2173 3599 2245 μέσῳ
3627 2173 3734 2227 τοῦ

2176 2273 2491 2342 Ἰορδάνου,
2521 2270 2615 2326 τοῦ
2650 2269 2749 2341 μὲν
2780 2268 2932 2322 κάτω
2977 2267 3277 2339 φερομένου
3319 2264 3586 2337 ῥεύματος
3624 2281 3731 2335 χω-

2166 2370 2383 2440 ροῦντος
2408 2369 2487 2430 εἰς
2513 2365 2611 2437 τὴν
2636 2363 2911 2417 θάλασσαν
2940 2360 3039 2432 τὴν
3064 2360 3268 2431 ἁλυκήν
3285 2375 3300 2387 ·
3329 2358 3423 2411 τοῦ
3449 2358 3505 2411 δὲ
3530 2356 3733 2411 ἄνωθεν

2163 2460 2440 2523 κατιόντος
2476 2454 2792 2529 παραδόξως
2836 2452 2971 2507 Θεοῦ
3021 2451 3246 2523 δυνάμει
3277 2448 3730 2521 ἀναστελλομένου

2161 2553 2256 2607 καὶ
2288 2554 2368 2617 εἰς
2397 2549 2639 2604 τούπίσω
2671 2546 2993 2619 χωροῦντος.
3021 2544 3132 2598 Καὶ
3159 2543 3222 2616 δὴ
3248 2542 3317 2597 τά
3350 2543 3458 2597 ἀπὸ
3486 2542 3595 2595 τῶν
3624 2558 3732 2613 πη-

2161 2646 2271 2716 γῶν
2303 2643 2508 2701 ἄνωθεν
2540 2640 2882 2715 προχεόμενα
2922 2637 3016 2692 τοῦ
3063 2636 3326 2709 Ἰορδάνου
3359 2635 3625 2708 ῥεύματα,
3658 2636 3734 2708 μὴ

2161 2738 2352 2808 ἔχοντα
2380 2734 2642 2800 διέξοδον,
2680 2729 3005 2804 ὲκυρτοῦτο,
3044 2729 3139 2783 καὶ
3189 2728 3360 2800 σωρὸς
3404 2724 3484 2791 εἷς
3520 2727 3735 2797 ἐγένετο

2160 2825 2536 2899 ἐπαιρομένων
2566 2821 2688 2876 κατ’
2717 2821 2960 2892 ἀλλήλων
2989 2819 3097 2873 τῶν
3124 2817 3349 2881 ὑδάτων,
3378 2815 3465 2869 διὰ
3496 2817 3558 2870 τὸ
3596 2818 3732 2871 ἀπο-

483 2712 762 2783 fastigium
789 2715 992 2769 evectis
1035 2714 1215 2785 aquis.
1266 2714 1445 2788 Hujus
1475 2719 1659 2793 itaque
1703 2722 2056 2792 providentiae

481 2805 711 2875 gratiam
743 2813 875 2861 tunc
915 2808 1117 2878 populo
1158 2809 1415 2867 collatam
1470 2815 1735 2870 memoria
1768 2827 2019 2887 repetens
2040 2858 2059 2885 ,

480 2899 677 2955 merito
731 2899 1207 2971 inprazsentiarum
1234 2904 1418 2959 animo
1452 2904 1697 2977 liqueﬂo,
1732 2910 1880 2980 quod
1909 2913 2059 2967 nulla

2161 2917 2471 2974 κεκλεῖσθαι
2524 2917 2705 2979 αὐτοῖς
2756 2914 2855 2985 τὴν
2905 2911 3156 2981 διέξοδον.
3206 2912 3339 2965 Τότε
3385 2911 3449 2984 δὴ
3502 2911 3736 2976 ἄϐυσσος

484 2988 796 3061 hujusmodi
825 2991 923 3049 Dei
969 2993 1313 3065 providentia
1360 2997 1521 3053 nobis
1562 3001 1918 3057 concedatur.
1976 3002 2058 3058 llli

2161 3010 2380 3082 ἀϐύσσῳ
2425 3011 2672 3080 ἀπήντα,
2727 3004 3192 3076 ἀναστελλομένων
3228 3006 3336 3059 τῶν
3383 3005 3590 3058 ὑδάτων
3640 3004 3735 3057 καὶ

481 3099 719 3154 namque
748 3085 1072 3142 mirabiliter
1110 3085 1403 3144 Iordanem
1439 3092 1799 3160 transierunt,
1825 3103 1880 3152 et
1905 3112 2059 3153 mon-

2161 3101 2602 3176 κορυφουμένων.
2655 3098 2964 3152 Ἀναπολῶν
3009 3092 3102 3150 οὖν
3144 3099 3211 3167 τῇ
3248 3097 3437 3168 μνήμῃ
3482 3095 3583 3165 τῆς
3610 3096 3732 3150 τότε

483 3187 589 3230 lem
626 3176 730 3247 ipsi
754 3177 992 3233 vicinum
1019 3177 1355 3236 Hermoniim
1394 3193 1805 3255 nuncupatum,
1837 3189 1931 3259 qui
1962 3189 2059 3245 mi-

2161 3196 2455 3267 γενομένης
2470 3192 2549 3263 τῷ
2579 3191 2694 3262 λαῷ
2721 3189 3027 3260 ἐπισκοπῆς
3053 3186 3149 3258 τὴν
3179 3187 3360 3258 χάριν,
3391 3185 3615 3249 εἰκότως
3641 3188 3733 3240 ἐπὶ

482 3269 664 3324 nimus
685 3271 921 3327 exsistit.
951 3271 1081 3328 Mihi
1105 3290 1256 3342 vero,
1285 3276 1379 3348 qui
1406 3277 1523 3333 haec
1543 3277 1758 3351 loquor,
1790 3281 1928 3335 nihil
1957 3282 2059 3338 hu-

2161 3288 2252 3343 τοῦ
2311 3286 2576 3360 παρόντος
2622 3282 2720 3353 τὴν
2774 3280 2952 3352 ψυχὴν
3004 3279 3417 3349 κατατήκομαι,
3464 3276 3733 3349 μηδεμιᾶς

476 3363 720 3433 jusmodi
744 3380 1071 3423 concessum
1103 3375 1216 3437 est,
1250 3370 1342 3425 sed
1391 3372 1571 3426 omnia
1616 3373 1822 3429 excelsa
1868 3382 1962 3429 tua
2007 3384 2059 3429 et

2161 3379 2412 3450 τοιαύτης
2441 3377 2534 3429 καὶ
2565 3374 2650 3444 ἐφ’
2676 3371 2833 3445 ἡμῶν
2853 3370 3182 3442 γιγνομένης
3204 3367 3340 3463 Θεοῦ
3370 3369 3642 3463 προνρίας.
3666 3370 3729 3422 Oi

485 3454 675 3511 ‘Iuctus
727 3457 808 3510 tui
851 3474 1011 3526 super
1051 3475 1133 3514 me
1192 3463 1558 3528 transierunt;
1607 3474 1704 3519 aut
1750 3466 2055 3522 secundum

2161 3475 2257 3545 μὲν
2287 3471 2395 3541 γὰρ
2420 3466 2732 3539 παραδόξως
2751 3464 2842 3519 τὸν
2875 3462 3143 3535 Ἰορδάνην
3163 3461 3373 3532 διῆλθον
3404 3454 3581 3516 καὶῖτδ
3607 3462 3732 3536 ὅρος

480 3545 1071 3619 Symmachum,omnes
1097 3555 1342 3622 procella:
1374 3566 1479 3610 tua:
1507 3568 1557 3611 et
1580 3558 1776 3627 ﬂuctus
1794 3560 1874 3614 tui
1901 3577 2057 3629 super

2161 3566 2216 3619 τὸ
2249 3562 2385 3633 πρὸς
2417 3560 2569 3626 αὐτὸ,
2604 3556 2935 3631 Ἐρμωνιεὶμ
2961 3553 3379 3625 ὀνομαζόμενον,
3407 3552 3732 3624 μικρότατον

479 3659 562 3696 me
597 3644 942 3699 transierunt.
986 3644 1117 3701 Jure
1145 3662 1274 3718 ergo
1302 3648 1371 3701 ad
1414 3650 1666 3719 meipsum
1706 3653 1890 3706 anima
1938 3670 2056 3708 mea

2161 3655 2452 3728 τυγχάνον⁸
2480 3653 2565 3706 ἐπ’
2600 3648 2735 3723 ἐμοῦ
2773 3649 2830 3702 δὲ
2856 3646 2948 3701 τοῦ
2992 3644 3163 3701 ταῦτα
3213 3644 3462 3714 λέγοντος
3493 3642 3733 3696 τοιοῦτον

480 3736 793 3791 conturbata
844 3747 965 3802 est;
1005 3742 1119 3803 aut',
1170 3741 1224 3795 in
1286 3758 1368 3797 me
1419 3745 1600 3798 anima
1654 3761 1770 3800 mea
1821 3747 2053 3817 lique/it,

2161 3751 2257 3821 μὲν
2288 3748 2440 3802 οὐδὲν
2479 3746 2828 3817 πέπρακται·
2878 3741 3108 3807 Πάντες
3142 3738 3209 3793 δὲ
3249 3740 3303 3792 oi
3343 3736 3734 3806 μετεωρισμοι

480 3846 599 3888 cum
622 3830 867 3885 recordor
899 3833 974 3885 tui
1002 3832 1065 3886 de
1094 3842 1236 3888 terra
1252 3832 1531 3904 Jordanis,
1556 3838 1856 3895 secundum
1895 3840 2056 3910 Sym-

2161 3859 2269 3898 σου
2303 3841 2399 3895 καὶ
2433 3839 2506 3895 τὰ
2533 3835 2765 3907 κύματά
2792 3849 2907 3889 σου
2950 3833 3041 3887 ἐπ’
3074 3830 3178 3902 ἐμὲ
3214 3826 3490 3896 διῆλθον·
3521 3826 3554 3899 ἢ
3592 3826 3733 3881 κατά

478 3922 755 3986 machum,
778 3933 829 3979 et
853 3923 919 3976 ab
962 3923 1295 3981 Hermoniim
1336 3938 1511 3983 monte
1566 3932 1807 3989 minimo.
1870 3932 1932 3987 ln
1968 3934 2053 3989 his

2161 3935 2244 3990 τὸν
2287 3933 2615 4004 Σύμμαχονο
2646 3928 2846 3984 Πᾶσαι
2894 3928 2955 3980 αἱ
2979 3922 3314 3995 καταιγὶδες
3350 3936 3484 4028 σου,
3516 3919 3614 3973 καὶ
3660 3919 3733 4028 τὰ

476 4014 678 4085 quippe
697 4015 834 4073 locis
860 4018 991 4074 olim
1022 4018 1245 4091 abyssus
1270 4021 1462 4094 abysso
1488 4026 1794 4081 occurrebat
1818 4044 1852 4081 a
1876 4029 2054 4082 sonitu

2161 4025 2386 4098 κύματά
2418 4042 2534 4080 σου
2577 4021 2801 4089 ἐπάνω⁹
2827 4037 2947 4091 μου
2977 4015 3311 4085 παρῆλθον.
3353 4013 3593 4076 Εἰκότως
3636 4013 3731 4064 οὖν

475 4110 854 4181 scaturiginum
881 4120 1114 4178 tuarum,
1129 4123 1182 4170 et
1210 4131 1351 4186 aqua
1377 4118 1619 4173 cohibita
1647 4128 1753 4186 est,
1772 4137 1840 4176 ne
1869 4121 1938 4177 iis
1959 4123 2052 4192 qui

2161 4120 2302 4191 πρὸς
2336 4118 2597 4188 ἐμαυτόν
2644 4115 2683 4183 ἡ
2708 4110 2880 4183 ψυχή
2902 4104 3338 4211 μου-ἐταράχθη
3357 4122 3371 4135 ο
3402 4104 3457 4175 ἢ.
3479 4104 3608 4211 ,Ἐπ’
3626 4101 3732 4211 ἐμέ

2153 4218 2191 4284 ἡ
2218 4211 2386 4283 ψυχή
2412 4226 2532 4280 μου
2565 4204 2988 4271 κατατήκεται,
3017 4199 3162 4253 ὅταν
3198 4195 3732 4266 ἀναμιμνήσκωμαί

2151 4325 2266 4364 σου
2295 4307 2416 4361 ἀπὸ
2451 4301 2564 4374 τῇς
2598 4296 2910 4368 Ἰορδάνου,
2952 4293 3092 4347 κατά
3138 4292 3229 4345 τὸν
3260 4289 3590 4362 Σύμμαχον,
3630 4289 3728 4343 καὶ

2152 4402 2271 4459 ἀπὸ
2312 4394 2687 4469 Ἑρμωνιεὶμ,
2718 4391 2893 4459 ὅρους
2915 4382 3290 4458 μικροτάτου.
3331 4381 3423 4436 Ἐν
3457 4382 3565 4452 γὰρ
3603 4381 3727 4434 τού-

2152 4510 2265 4556 τοις
2313 4491 2426 4552 τοῖς
2482 4483 2703 4567 χωρίοις
2748 4477 2914 4567 πάλαι
2959 4475 3087 4528 ποτὲ
3140 4472 3434 4567 ’ἄϐυσσος-
3481 4471 3731 4567 ἀϐύσσῳ

472 4201 765 4259 Iordanem
794 4204 1102 4260 transibant
1132 4208 1440 4264 molestiam
1471 4209 1706 4267 aﬂerret.
1734 4212 1899 4283 Atqui
1919 4221 2050 4269 tunc

473 4296 697 4365 quidem
720 4296 837 4351 haec
868 4296 1187 4353 acciderunt
1212 4315 1309 4369 per
1343 4301 1745 4371 providentiam
1773 4306 1924 4375 ipsos
1952 4322 2052 4363 cu-

471 4396 713 4452 rantem;
747 4395 805 4441 at
834 4404 982 4447 nunc
1013 4408 1189 4447 omnes
1234 4396 1481 4463 procella:
1522 4404 1627 4451 tua:
1660 4407 1710 4452 et
1743 4398 1939 4467 ﬂuctus
1971 4402 2050 4455 tui

473 4494 629 4546 super
655 4494 737 4534 me
770 4481 1116 4550 transierunt,
1140 4484 1435 4543 obruentes
1452 4502 1516 4543 ac
1540 4488 1917 4560 demet-gentes
1938 4508 2044 4558 me,
2079 4481 2125 4510 ν
2152 4510 2265 4556 τοις
2313 4491 2426 4552 τοῖς
2482 4483 2703 4573 χῳρλζοις
2748 4481 2914 4573 πάλαι
2959 4481 3087 4528 ποτὲ
3140 4494 3164 4573 1

472 4571 690 4627 nemine
730 4571 1040 4628 cohibente.
1073 4574 1343 4632 Czeterum
1375 4578 1491 4635 haec
1532 4580 1658 4650 jure
1684 4558 1815 4638 dicit
1843 4585 2046 4644 chorus

2161 4579 2391 4647 ἀπήντα
2435 4558 2552 4629 ἀπό
2586 4571 2743 4640 ἤχου
2780 4566 2900 4621 τῶν
2940 4562 3213 4634 κρουνῶν
3248 4578 3384 4626 σου,
3411 4558 3729 4668 ἅναστελλρ-

471 4662 708 4720 filiorum
735 4661 894 4725 Core,
928 4663 1244 4735 prophetice
1270 4649 1599 4737 postremam
1618 4670 1929 4729 Judaeorum
1958 4677 2048 4731 ab-

2161 4673 2319 4746 μένου
2383 4665 2477 4720 τοῦ
2547 4662 2740 4724 ὓδατος
2786 4656 2975 4759 εἰςπδ
3144 4653 3419 4759 διοχλῆσαι
3470 4649 3598 4759 τοὺς
3636 4649 3729 4756 τδν

468 4754 759 4823 jectionem
792 4754 1003 4826 lugens,
1028 4756 1187 4826 cujus
1202 4759 1543 4817 calamitates
1562 4762 1615 4816 in
1640 4779 1700 4819 se
1726 4766 2040 4837 recipiebat.

2161 4739 2437 4835 Ἰορδάνην
2465 4753 2780 4827 παριόντας.
2821 4747 2981 4802 Ἀλλά
3004 4746 3125 4800 τότε
3148 4744 3269 4852 ,μὲν
3302 4741 3479 4852 rubra:
3510 4739 3599 4793 διὰ
3629 4739 3727 4811 τὴν

471 4847 872 4904 ἐπισκοποῦσαν
898 4847 1023 4914 τοὺς
1051 4850 1173 4905 τότε
1233 4854 1526 4924 πρόνοιαν·
1553 4857 1668 4909 νυνὶ
1714 4858 1770 4911 δὲ
1811 4859 2000 4918 πᾶσαι
2036 4868 2097 4921 αἱ
2134 4856 2469 4929 καταιγίδες
2509 4868 2626 4908 σου
2664 4845 2765 4902 καὶ
2814 4844 2888 4898 τὰ
2920 4838 3165 4942 ’κύματά
3208 4856 3325 4942 σου
3367 4838 3568 4942 ἐπάνω
3606 4850 3727 4942 μου

469 4936 811 5008 παρῆλθον,
856 4943 1265 5009 κατακλύζοντά
1317 4962 1384 5016 με
1430 4947 1525 5001 καὶ
1575 4952 2051 5021 καταποντοῦντα,
2094 4953 2321 5029 μηδενὸς
2374 4941 2810 5039 ἁναστέλλρντος.
2861 4936 3023 5039 [λέγει
3043 4933 3123 5039 *δέ
3200 4931 3376 5039 rufa-cu
3425 4928 3727 5039 eifotmgmo

468 5030 627 5103 γοοδς
675 5031 785 5086 τῶν
834 5035 965 5090 υἱῶν
1012 5036 1177 5108 Κορὲ,
1228 5039 1582 5111 προφητικῶς
1622 5042 2042 5115 ἀποκλαιόμενοι
2242 5041 2476 5115 ἐσχάτην
2510 5032 2779 5106 ἀποϐολὴν
2806 5029 2901 5085 τοῦ
2934 5024 3201 5081 Ἰουδαίων
3235 5025 3418 5088 ἔθνους
3449 5022 3532 5089 οὗ,
3578 5022 3724 5096 πάθη

466 5128 548 5189 εἰς
568 5125 761 5180 ἑαυτὸν
789 5127 1179 5201 ἀνελάμϐανεν.

2079 4453 2125 4510 D

2229 5249 2474 5322 Ἡμέρας
2502 5242 2825 5301 ἐντελεῖται
2847 5238 3060 5305 Κύριος
3093 5236 3157 5289 τὸ
3184 5234 3357 5299 ἕλεος
3383 5231 3591 5294 αὐτοῦ,
3632 5232 3731 5286 καὶ

2144 5326 2365 5408 νυκτὸς
2401 5338 2518 5408 τὴν
2546 5333 2712 5404 ᾠδὴν
2761 5328 2969 5386 αὑτοῦ.
3024 5328 3087 5380 Εἰ
3133 5327 3230 5380 καὶ
3280 5326 3484 5387 πᾶσαι,
3526 5325 3731 5394 φησιν,

2145 5438 2202 5491 αἱ
2249 5431 2563 5501 καταιγὶδες
2598 5443 2694 5481 σου
2746 5422 2842 5478 καὶ
2881 5422 2952 5477 τὰ
2991 5419 3209 5493 κύματά
3250 5435 3342 5471 σου
3388 5416 3572 5470 ἐπάνω
3629 5433 3730 5485 μου

2145 5526 2445 5600 παρῆλθον,
2480 5520 2595 5576 ἀλλ’
2629 5513 2689 5573 εὖ
2722 5512 2839 5570 οἶδα
2865 5514 2958 5571 καὶ
2991 5512 3292 5600 πέπεισμαι
3345 5507 3607 5600 ἀκριϐῶς,
3648 5508 3730 5560 ὅτι

2143 5597 2246 5680 οὐκ
2278 5618 2392 5671 ἔστι
2424 5612 2614 5685 καιρὸς
2640 5611 2699 5664 ὲν
2729 5601 2775 5677 ᾧ
2804 5608 2903 5661 οὐκ
2929 5605 3116 5669 ἐλεεῖς
3147 5599 3291 5668 Θεὸς
3322 5599 3430 5672 γὰρ
3454 5597 3730 5669 ἐλεήμων

538 5238 706 5298 Vens.
738 5242 793 5309 9,
828 5244 916 5299 10.
940 5243 1007 5299 1η
1038 5245 1124 5301 die
1147 5248 1426 5303 mandabit
1458 5249 1711 5308 Dominus
1742 5256 2043 5312 misericor-

468 5334 614 5387 diam
639 5351 814 5399 suam,
848 5346 900 5392 et
915 5348 1063 5394 nocte
1092 5342 1356 5395 canticum
1385 5343 1522 5412 ejus.
1556 5344 1802 5411 Etiamsi,
1836 5349 2039 5418 inquit,

472 5440 661 5480 omnes
696 5428 950 5495 procellae
970 5436 1076 5486 tuae
1095 5439 1150 5487 et
1171 5431 1372 5488 ﬂuctus
1400 5434 1480 5488 tui
1502 5450 1668 5506 super
1694 5451 1782 5492 me
1832 5439 2040 5495 transi-

477 5517 657 5583 erint;
690 5526 746 5571 at
797 5520 934 5576 bene
978 5524 1106 5577 novi
1163 5534 1217 5579 et
1257 5542 1581 5597 persuasum
1610 5529 1771 5599 plane
1824 5530 2038 5598 habeo,

476 5606 683 5662 nullum
738 5615 955 5682 tempus
1015 5628 1139 5670 esse
1181 5631 1290 5687 quo
1332 5632 1445 5674 non
1498 5618 1846 5678 miserearis:
1884 5636 2012 5677 nam

546 5773 593 5808 “
629 5772 795 5830 Josue
829 5790 927 5844 ιιι,
964 5777 1047 5846 l5,
1092 5777 1175 5833 l6.

2168 799 2447 871 ἀνωτέρω,
2463 797 2671 868 ἐξέχεα
2686 799 2778 852 ἐπ’
2797 797 2902 868 ἐμὲ
2925 797 3035 866 τὴν
3055 799 3266 869 ψυχήν
3277 816 3417 869 μου,
3435 798 3586 852 οὕτω
3636 799 3732 853 καὶ
3808 811 3813 816 ‘

3754 5712 3799 5745 κ..
