4098 6440
468 394 577 450 377

1592 388 2091 448 COMMENTARIA
2126 389 2192 445 IN
2227 388 2565 448 PSALMOS.

3588 391 3696 447 578

469 499 545 571 εἴ,
574 506 675 561 καί
705 508 804 563 καὶ
830 510 1140 581 οἰκτίρμων
1165 512 1263 567 καί
1291 513 1693 582 μακρόθυμος.
1749 513 1838 565 Διὸ
1866 511 2026 582 ἐμαυ-

2148 508 2308 575 Deus,
2336 511 2632 563 misericors
2667 523 2742 572 es,
2765 523 2829 561 ac
2871 507 3032 562 etiam
3076 510 3356 561 miseratur
3380 515 3429 560 et
3453 506 3699 577 longani-

464 595 555 650 τὸν
605 593 920 668 θεραπεύων
970 600 1194 669 ἀγαθαῖς
1253 600 1487 666 ἐλπίσιν,
1546 598 1729 666 εἰδὼς,
1768 598 1850 651 ὅτι
1898 601 2036 653 καθι

471 684 698 755 ημέραν
739 687 804 743 τὸ
849 689 1022 756 ἕλεος
1065 690 1249 745 αὐτοῦ
1289 689 1609 745 ἐντελεῖται
1658 693 1692 744 ό
1736 690 1898 756 Θεὸς,
1936 689 2035 754 τὰς

470 779 673 842 νύκτας
700 781 768 850 τῇ
801 778 913 851 ᾠδῇ
939 781 1104 835 αὐτοῦ
1145 780 1419 852 σχολάζων
1448 780 1696 837 διατελῶ.
1721 781 1856 838 Μεθ’
1895 779 2037 853 ἡμέ-

475 889 573 944 ραν
613 874 710 944 μὲν
741 873 850 944 γὰρ
887 874 987 939 τὰς
1017 874 1125 928 τῶν
1167 873 1466 946 ἀνθρώπων
1507 875 1648 947 ὁρῶν
1679 872 1902 947 πράξεις
1941 876 2035 929 καὶ

472 964 570 1030 τὰς
622 965 924 1032 κυκλούσας
955 969 1103 1039 ἡμᾶς
1144 968 1459 1040 συμφορὰς,
1509 967 1635 1032 τούς
1665 984 1725 1020 τε
1776 983 2034 1038 μετεωρι-

470 1056 641 1127 σμούς
673 1074 767 1112 σου
806 1060 901 1112 καὶ
947 1059 1016 1113 τὰ
1043 1059 1264 1131 κύματά
1315 1077 1428 1124 σου,
1472 1059 1608 1133 πρὸς
1641 1059 1873 1131 ἐμαυτὸν
1898 1059 2034 1112 ἀπο-

466 1150 701 1224 δύρομαι
721 1169 733 1181 ·
757 1152 866 1208 τῶν
887 1152 943 1205 δὲ
962 1153 1029 1206 δι’
1050 1153 1261 1226 ἡμέρας
1291 1171 1358 1225 με
1382 1154 1749 1226 θορυϐούντων
1769 1154 2032 1226 σχολάσας

465 1241 555 1295 διὰ
579 1243 677 1313 τῆς
701 1244 912 1309 νυκτὸς,
935 1244 1393 1316 ἀναπεμπάζομαι
1423 1246 1491 1300 τὰ
1522 1246 1645 1317 ὲλέη
1675 1246 1766 1300 τοῦ
1788 1246 1992 1318 Κυρίου
2012 1264 2027 1278 ·

467 1333 1010 1407 ἀναμιμνησκόμενός
1057 1354 1117 1390 τε
1161 1338 1309 1401 ὅπως
1361 1338 1479 1392 καθ’
1527 1339 1738 1411 ἡμέραν
1782 1339 1842 1392 τὸ
1885 1338 2031 1404 ἔλεος

467 1424 630 1478 αὑτοῦ
658 1426 978 1493 ἐντέλλεται,
1010 1427 1229 1500 ᾄσματα
1257 1427 1403 1498 αὐτῷ
1428 1431 1521 1484 καὶ
1547 1430 1689 1499 ᾠδὰς
1725 1429 2030 1501 ἀναπέμπω

468 1516 661 1589 σχολὴν
718 1517 865 1588 ἄγων
912 1519 1011 1584 τὰς
1064 1520 1281 1584 νύκτας.
1339 1522 1430 1576 Διὸ
1490 1522 1554 1593 δὴ
1604 1522 1699 1575 καὶ
1748 1521 2023 1575 λέλεκτειι’

464 1610 575 1663 Καὶ
614 1610 833 1677 νυκτὸς
863 1612 987 1682 ᾠδὴ
1036 1614 1221 1668 αὐτοῦ
1267 1617 1403 1683 παρ’
1443 1615 1601 1685 ἐμοί·
1643 1614 1784 1668 κατὰ
1828 1614 1885 1668 δὲ
1938 1614 2027 1667 τὸν

477 1701 706 1755 Ἀκύλαν
724 1721 736 1732 ·
763 1703 870 1757 Καὶ
903 1704 974 1756 ἐν
1000 1705 1172 1759 νυκτί
1201 1699 1367 1776 ᾆσμα
1392 1706 1577 1760 αὑτοῦ
1596 1706 1723 1775 μετ’
1755 1705 1920 1774 ἐμοῦ.
1950 1706 2025 1759 Ob

467 1793 624 1863 μόνον
652 1793 708 1847 δὲ
748 1793 928 1859 τοῦτο,
971 1794 1106 1850 ἀλλά
1152 1796 1246 1851 καὶ
1286 1796 1596 1866 προσευχὴ
1628 1795 1708 1862 τῷ
1760 1795 1881 1862 Θεῷ
1917 1795 2026 1866 τῆς

2138 606 2239 659 mis
2260 605 2326 658 “.
2361 603 2540 671 Quare
2570 619 2658 658 me
2687 602 2829 657 bona
2850 616 2949 673 Spe
2978 599 3231 664 fulciens,
3264 613 3475 671 gnarus
3515 599 3696 663 illius,

2136 696 2191 750 iu
2230 697 2314 751 die
2354 694 2626 750 mandabit
2667 693 2809 750 Deus
2854 691 3274 747 misericordiam
3314 707 3502 756 suam,
3538 700 3700 746 nocte

2135 785 2367 842 canticis
2402 786 2522 857 ejus
2551 783 2772 841 assidue
2799 782 3076 838 incumbo.
3110 778 3392 851 Siquidem
3430 793 3556 836 cum
3603 794 3701 850 per

2135 877 2280 933 dicm
2311 876 2590 931 hominum
2632 890 2819 945 opera,
2855 881 2910 928 et
2941 872 3280 927 calamitates
3319 886 3421 926 nos
3456 871 3700 927 circum-

2134 968 2440 1031 venientes,
2476 967 2692 1021 eacelsa
2726 975 2817 1019 tua
2842 973 2919 1020 -ει
2957 962 3157 1019 ﬂuctus
3193 971 3317 1019 tuos
3356 977 3601 1024 cernam,
3642 961 3698 1014 in

2132 1060 2458 1131 memetipso
2480 1060 2671 1131 lugeo;
2701 1065 2864 1113 noctu
2898 1073 3032 1113 vero
3074 1058 3202 1113 dum
3243 1056 3478 1113 inducite
3510 1066 3638 1110 sunt
3667 1069 3699 1139 ιι

2132 1155 2614 1221 conturbantibus,
2644 1153 3054 1223 misericordias
3095 1150 3310 1206 Domini
3361 1163 3579 1205 mecum
3606 1163 3697 1203 re-

2132 1258 2299 1321 puto;
2329 1263 2395 1303 ac
2420 1246 2743 1303 recordatus
2770 1260 2878 1317 quo
2910 1252 3072 1316 pacto
3098 1244 3156 1298 in
3202 1243 3291 1298 die
3322 1240 3546 1297 mandet
3589 1239 3697 1294 mi-

2131 1341 2487 1399 sericordiam
2526 1355 2704 1403 suam,
2739 1353 2838 1410 per
2887 1338 3064 1392 noctis
3109 1336 3284 1391 otium
3326 1334 3541 1388 cantica
3589 1332 3696 1402 ipsi

2130 1433 2427 1503 laudesque
2449 1431 2684 1502 profero.
2706 1429 3077 1497 Quamobrem
3106 1427 3312 1483 dictum
3338 1436 3449 1491 est,
3471 1435 3520 1480 et
3546 1436 3695 1480 nocte

2128 1526 2390 1579 canticum
2410 1525 2523 1593 ejus
2548 1522 2688 1592 apud
2717 1538 2833 1589 me;
2863 1523 3164 1577 secundum
3197 1521 3447 1592 Aquilam
3486 1534 3692 1586 autem,

2127 1627 2175 1673 et
2205 1626 2351 1672 nocte
2382 1618 2647 1670 canticum
2671 1615 2785 1685 ejus
2816 1630 3039 1668 mecum.
3068 1612 3255 1684 Neque
3286 1613 3338 1668 id
3369 1614 3572 1678 solum,
3595 1612 3692 1668 sed

2126 1709 2288 1764 etiam
2320 1709 2493 1762 oratio
2532 1707 2641 1762 Deo
2672 1708 2792 1762 vitae
2824 1723 2971 1761 mem.
3000 1704 3137 1760 Nam
3177 1707 3440 1778 hymnum
3473 1707 3527 1760 in
3559 1722 3687 1777 gra-

2127 1801 2327 1854 tiarum
2367 1798 2637 1854 actionem
2677 1812 2837 1864 cano,
2870 1799 2950 1853 sic
2985 1798 3269 1854 institutus
3310 1807 3368 1852 ut
3413 1798 3469 1852 in
3514 1798 3693 1852 omni-

463 1879 608 1951 ζωῆς
638 1900 778 1952 μου.
812 1884 957 1956 νᾼδω
986 1886 1086 1956 μὲν
1118 1885 1225 1957 γὰρ
1252 1885 1418 1958 ὕμνον
1455 1887 1866 1959 εὐχαριστήριον
1890 1929 1904 1954 ,
1944 1887 2026 1941 δε-

2128 1892 2230 1947 bus
2258 1891 2461 1961 gratias
2485 1904 2665 1960 agam,
2694 1890 3140 1961 quandoquidem
3180 1906 3266 1944 me
3300 1889 3444 1944 bona
3476 1889 3692 1944 futuro-

462 1972 742 2044 δειγμένος
792 1976 850 2027 ἐν
902 1976 1063 2029 παντὶ
1126 1976 1484 2047 εὐχαριστεῖν,
1533 1981 1652 2042 ταῖς
1706 1978 2025 2050 μελλούσαις

461 2066 671 2120 ἐλπίσιν
720 2071 980 2140 χρησταῖς
1026 2069 1259 2141 ἐμαυτὸν
1299 2069 1697 2142 ἀνακτώμενος.
1722 2070 1823 2124 Διά
1859 2070 1916 2125 δὲ
1959 2072 2027 2126 τὰ

459 2160 594 2224 τέως
616 2161 673 2214 ἐν
693 2159 770 2231 τῷ
800 2160 1023 2232 παρόντι
1058 2160 1346 2232 συνέχοντά
1381 2178 1448 2232 με
1478 2160 1696 2234 λυπηρὰ
1720 2162 2027 2233 προσευχὴν

458 2252 765 2323 ἀναπέμπω
809 2252 887 2324 τῷ
939 2253 1056 2324 Θεῷ
1084 2254 1180 2325 τῆς
1233 2253 1373 2325 ζωῆς
1410 2271 1543 2325 μουο
1594 2249 1710 2307 οἶδα
1758 2253 1899 2325 γὰρ,
1945 2255 2026 2307 ὅτι

459 2343 617 2397 αὐτὸν
642 2343 750 2415 ἔχω
770 2345 869 2413 τῆς
891 2344 1129 2415 ἐμαυτοῦ
1158 2342 1303 2416 ζωῆς
1341 2344 1531 2399 αἴτιον.
1588 2344 2027 2416 Προσευχόμενος

457 2437 513 2490 δὲ
541 2436 687 2508 αὐτῷ
710 2455 879 2510 φημι·
922 2438 1314 2508 Ἄντιλήπτωρ
1338 2457 1457 2509 μου
1475 2455 1488 2469 ·
1519 2439 1552 2509 ἢ
1579 2439 1719 2493 κατά
1742 2438 1831 2492 τὸν
1871 2437 2027 2491 Ἀκύ⁴

456 2528 555 2583 λαν
600 2530 693 2583 καὶ
723 2528 1048 2601 Σύμμαχον,
1098 2528 1282 2598 πέτρα
1319 2547 1467 2599 μου”
1515 2530 1599 2599 ἐφ’
1638 2530 1703 2600 ἢν
1752 2527 1922 2591 ἑστὼς
1962 2528 2022 2581 οὐ

457 2617 929 2691 διατραπήσομαν
977 2617 1076 2672 διὰ
1119 2620 1177 2671 τί
1214 2636 1332 2688 μου
1372 2618 1702 2682 excidam);
1740 2617 1881 2685 Ἐγὼ
1925 2617 2026 2690 μὲν

456 2710 565 2782 γάρ
599 2726 693 2762 σου
725 2709 824 2762 οὐκ
852 2709 1214 2780 ἐπιλέλησμαι
1231 2726 1245 2739 θ
1274 2710 1388 2763 ἀλλ’
1415 2709 1532 2764 οἶδά
1558 2728 1650 2764 σου
1677 2711 1745 2763 τὰ
1779 2710 1904 2781 ἐλέη
1932 2710 2027 2764 καὶ

456 2804 583 2865 τοὺς
614 2801 963 2872 οἰκτιρμούς⁶
1012 2796 1128 2854 οἶδα
1171 2802 1227 2855 δὲ
1252 2803 1346 2857 καὶ
1386 2802 1484 2865 τὰς
1524 2805 1887 2873 ἀποκειμένας
1935 2820 2025 2873 μοι

456 2894 707 2958 ἐλπίδας·
739 2892 820 2946 διὸ
849 2894 944 2946 καὶ
986 2893 1083 2965 τὴν
1111 2894 1255 2966 ᾠδήν
1296 2911 1389 2948 σου
1436 2896 1565 2966 παρ’
1603 2895 1822 2966 ἐμαυτῷ
1870 2895 2024 2949 ἀδια-

455 2985 689 3049 λείπτως
715 2982 995 3056 φυλάττω·
1028 2985 1090 3037 σὺ
1126 2985 1183 3038 δέ
1220 3002 1319 3056 μου
1353 2984 1646 3039 ἐπελάθου·
1685 2985 1771 3039 διὰ
1797 2985 1884 3051 τί;
1916 2987 2025 3058 Τὴν

457 3075 639 3130 αἰτίαν
662 3075 852 3150 μαθεῖν
883 3076 1161 3148 βούλομαι,
1183 3077 1250 3131 δι’
1274 3078 1340 3149 ἦν
1368 3077 1566 3141 πάντες
1591 3079 1640 3131 οἱ
1666 3077 2024 3150 μετεωρισμώ

460 3186 551 3223 σου
584 3170 679 3222 καὶ
706 3168 776 3223 τὰ
828 3169 1049 3240 κύματά
1095 3186 1217 3236 σου,
1265 3172 1314 3224 οἱ
1362 3172 1656 3242 πειρασμοὶ
1700 3169 1897 3242 δηλαδὴ
1930 3170 2023 3224 καὶ⁵

2127 2000 2247 2038 rum
2278 1998 2377 2053 spe
2424 1981 2631 2040 reﬁcio.
2654 1981 2734 2036 Ac
2769 1988 2994 2052 propter
3022 1997 3118 2038 eas
3151 1982 3350 2052 quibus
3370 1981 3483 2052 jam
3522 1981 3693 2036 inter-

2127 2076 2301 2147 cipior
2326 2089 2620 2139 aerumnas,
2637 2074 2944 2128 orationem
2973 2073 3079 2128 Deo
3101 2074 3223 2128 vitae
3244 2088 3377 2128 mea:
3416 2073 3693 2143 persolvo:

2126 2165 2249 2219 novi
2281 2167 2426 2223 enim
2461 2167 2637 2237 ipsum
2660 2180 2783 2222 esse
2795 2165 2918 2220 vitae
2938 2180 3071 2221 mea:
3085 2172 3386 2220 auctorem.
3405 2164 3685 2219 Precando

2127 2266 2304 2313 autem
2327 2258 2407 2313 sic
2429 2274 2550 2313 eum
2569 2258 2856 2328 compcllo,
2877 2266 3145 2326 susceptor
3161 2273 3337 2321 meus;
3370 2257 3483 2313 sive
3501 2272 3693 2311 secun-

2126 2350 2253 2404 dum
2270 2349 2518 2421 Aquilam
2533 2347 3010 2421 et-Symmachum,
3025 2358 3173 2418 petra
3191 2366 3338 2414 mea;
3357 2350 3411 2404 in
3433 2365 3540 2420 qua
3559 2365 3692 2403 con-

2127 2440 2328 2496 sistens
2351 2454 2629 2510 nunquam
2687 2440 2992 2494 subvertar.
3030 2440 3207 2507 Quare
3236 2439 3427 2494 oblitus
3453 2456 3509 2494 es
3544 2440 3645 2493 mei
3665 2442 3693 2497 2

2125 2532 2193 2585 At
2206 2529 2346 2582 enim
2366 2544 2464 2599 ego
2477 2531 2558 2584 tui
2574 2546 2684 2585 non
2696 2530 2901 2587 oblitus
2918 2547 3060 2596 sum,
3077 2548 3265 2587 verum
3284 2531 3691 2588 misericordias

2125 2627 2180 2676 et
2212 2620 2592 2676 miserationes
2624 2627 2746 2676 tuas
2773 2621 2922 2686 novi,
2950 2622 3191 2692 itemque
3217 2637 3366 2692 spem
3386 2621 3516 2677 mihi
3534 2637 3692 2693 repo-

2126 2712 2289 2768 sitam
2319 2726 2430 2766 non
2459 2711 2651 2782 ignoro
2678 2729 2693 2767 :
2726 2727 2898 2781 quare
2924 2713 3200 2766 canticum
3231 2727 3444 2782 semper
3466 2720 3619 2767 tuum
3635 2713 3691 2769 in

2124 2806 2445 2874 memetipso
2472 2802 2745 2859 custodio.
2762 2802 2843 2858 Tu
2870 2818 2999 2858 vero
3020 2805 3123 2859 mei
3146 2803 3348 2859 oblitus
3365 2820 3424 2859 es
3452 2823 3466 2860 :
3491 2806 3694 2876 quare?

2124 2894 2359 2949 Causam
2398 2894 2646 2950 ediscere
2687 2893 2946 2963 pervelim
2965 2907 3064 2947 cur
3085 2894 3267 2947 omnia
3287 2895 3505 2948 excelsa
3521 2902 3612 2948 tua
3634 2903 3692 2950 et

2124 2983 2324 3041 ﬂuctus
2358 2986 2475 3052 tui,
2520 2985 2773 3041 videlicet
2822 2985 3156 3040 tentationes
3179 2992 3233 3040 et
3270 2991 3437 3040 tanta:
3473 2985 3694 3040 calami-

2126 3086 2286 3142 tates,
2322 3084 2374 3132 te
2400 3077 2770 3149 permittente,
2806 3084 2970 3146 Super
3006 3091 3094 3131 me
3130 3076 3468 3131 transierint.
3501 3076 3691 3149 Magna

2126 3170 2394 3241 profecto,
2423 3170 2566 3241 quod
2586 3169 2789 3224 oblitus
2814 3169 2892 3224 sis
2915 3167 3044 3233 mei,
3067 3182 3231 3223 causa
3262 3168 3427 3223 fuerit
3455 3176 3690 3240 oportet.

456 3260 711 3316 τοσαῦται
745 3264 1088 3335 περιστάσεις
1139 3265 1226 3317 ἐπ’
1260 3264 1360 3336 ἐμὲ
1400 3263 1636 3336 διῆλθον,
1677 3264 1771 3317 σοῦ
1829 3261 2256 3334 συγχωροῦντος.
2294 3263 2453 3333 Μέγα
2499 3263 2607 3337 γάρ
2633 3280 2686 3316 τι
2711 3261 2915 3332 ὀφείλει
2939 3261 3224 3332 τυγχάνειν
3275 3260 3335 3314 τὸ
3371 3260 3542 3315 αἴτιον
3594 3260 3693 3333 τῆς

455 3361 584 3430 περὶ
612 3359 747 3429 ἐμοῦ
774 3358 958 3431 λήθης.

524 3450 712 3519 Λέγων
741 3449 797 3503 δὲ
825 3450 999 3505 ταῦτα
1027 3452 1056 3504 ὁ
1089 3453 1246 3525 χορὸς
1282 3452 1357 3525 (1)
1376 3454 1729 3525 προφητικὸς,
1765 3453 2026 3508 ίδιοποιεῖο

2200 3451 2337 3507 Cum
2393 3463 2558 3519 porro
2612 3447 2668 3502 id
2722 3447 2798 3501 ait
2822 3446 3174 3518 propheticus
3220 3446 3450 3513 chorus,
3503 3447 3686 3520 populi

456 3550 564 3606 ται,
584 3541 660 3606 ὡς
685 3540 840 3615 ἔφην,
872 3542 970 3614 τὴν
985 3543 1077 3597 τοῦ
1098 3544 1225 3598 λαοῦ
1244 3545 1574 3599 κατάστασιν
1592 3561 1606 3575 ⁸
1625 3546 1722 3618 τὴν
1732 3545 1840 3617 γὰρ
1855 3545 2018 3617 ἐσχά-

452 3651 553 3705 την
579 3635 847 3707 ἀποϐολὴν
877 3637 971 3690 καὶ
1003 3638 1101 3708 τὴν
1127 3637 1441 3691 ἀπόπτωσιν
1471 3637 1564 3691 τοῦ
1604 3639 1802 3701 παντὸς
1835 3638 2017 3703 ἔθνους

454 3726 553 3796 τὴν
577 3727 872 3799 γενομένην
903 3728 1038 3798 μετά
1068 3727 1165 3799 τὴν
1187 3730 1265 3792 εἰς
1302 3729 1392 3782 τὸν
1434 3727 1661 3798 Σωτῆρα
1689 3729 1783 3781 καὶ
1817 3728 2017 3800 Κύριον

453 3818 612 3890 ἡμῶν
643 3818 897 3872 ἀπιστίαν
927 3818 1105 3871 αὐτῶν
1144 3820 1426 3889 ἐμφαίνειν
1466 3837 1555 3891 μοι
1589 3819 1677 3872 διὰ
1704 3818 1907 3874 τούτων
1936 3820 2018 3872 δο-

454 3914 559 3965 κεῖ.
587 3910 725 3963 Εἷπε
763 3909 805 3963 δ’
836 3910 902 3965 ἂν
942 3909 1088 3980 αὐτῷ
1115 3910 1450 3981 ὲρωτήσαντι
1488 3911 1582 3964 καὶ
1616 3912 1800 3979 φάντι·
1838 3911 1938 3965 Διὰ
1961 3912 2019 3963 τί

448 4021 568 4075 μου
600 4001 928 4066 ἐπελάθους
957 4001 1017 4054 τὸ
1051 4003 1108 4055 ἐν
1150 4001 1464 4072 Εύαγγελίῳ
1510 4000 1719 4071 λεχθέν
1753 4000 2018 4068 Ποσὰκις

452 4095 726 4164 ἠθέλησα
754 4093 1217 4165 ἐπισυναγαγεῖν
1241 4093 1312 4147 τὰ
1342 4092 1522 4147 τέκνα
1553 4108 1691 4157 σου,
1712 4091 1785 4145 ὃν
1797 4095 2018 4162 τρόπον

453 4189 617 4257 ὅρνις
653 4188 1023 4258 ὐποσυνάγει
1050 4188 1122 4241 τὰ
1153 4187 1376 4241 νοσσία
1412 4185 1531 4240 ὑπὸ
1568 4186 1674 4251 τὰς
1701 4183 2013 4254 πτέρυγας,

451 4281 551 4335 καὶ
597 4282 709 4335 οὐκ
753 4279 1124 4348 ἠθελήσατε;
1167 4280 1319 4333 Ἐπεὶ
1361 4277 1537 4331 τοίνυν
1579 4277 1666 4330 διὰ
1706 4277 1802 4348 τὴν
1837 4276 2015 4330 αὐτῶν

452 4371 647 4425 κακίαν
679 4370 1069 4442 ἐπελήσθησαν,
1098 4370 1320 4433 εἰκότως
1360 4372 1387 4422 ὁ
1415 4368 1573 4441 χορὸς
1600 4369 1628 4419 ὀ
1662 4366 2013 4439 προφητικδς,

451 4464 573 4517 ἐπεὶ
600 4465 843 4533 φυσικοῖς
869 4461 1045 4532 λόγοις
1066 4461 1409 4531 πάσχοντος
1424 4460 1560 4526 ἑνὸς
1585 4459 1835 4529 μέλους,
1863 4472 2016 4527 συμ-

451 4554 675 4625 adolet
719 4553 916 4608 πάντα
940 4553 1011 4607 τὰ
1032 4553 1189 4624 μέλη
1214 4593 1229 4617 ,
1261 4554 1336 4617 ὡς
1404 4552 1544 4624 ὑπὲρ
1586 4551 1784 4605 οἰκείου
1829 4549 2014 4615 σώμα-

452 4666 543 4713 τος
589 4647 767 4718 ἀλγῶν
820 4645 1058 4714 ἐπιλέγει
1110 4645 1250 4700 κατά
1305 4646 1395 4699 τὸν
1440 4644 1733 4715 Σύμμαχον
1751 4658 1765 4673 ο
1798 4643 1922 4696 Ἵνα
1957 4641 2014 4695 τι

451 4741 805 4810 σκυθρωπὸς
859 4737 1190 4808 περιπατῶ,
1238 4738 1553 4802 θλίϐοντος
1603 4734 1851 4804 ἐχθροῦ;
1913 4732 2012 4786 καὶ

450 4832 532 4900 ὡς
559 4831 803 4902 σφαγὴν
837 4830 956 4885 τῶν
982 4828 1179 4883 ὀστῶν
1207 4846 1325 4897 μου
1359 4825 1653 4888 ὠνείδιζον
1683 4831 1734 4881 οἱ
1758 4825 2016 4879 ἐναντίοι
2048 4816 2090 4869 Ῐ)

448 4942 568 4995 μου
585 4941 599 4955 ⁸
632 4923 690 4993 ἢ,
708 4924 805 4977 Ἐν
828 4922 909 4989 τῷ
931 4917 1337 4976 καταθλᾶσθαι
1369 4918 1443 4972 τὰ
1479 4916 1628 4971 ὀστᾶ
1650 4934 1769 4986 μου
1796 4914 2018 4975 ὠνείδι-

455 5016 555 5080 ζῦν
574 5033 651 5088 με
679 5020 733 5071 οὶ
768 5012 1073 5080 θλίϐοντές
1105 5029 1200 5083 με.
1236 5011 1357 5064 Τῶν
1380 5010 1490 5081 γὰρ
1519 5009 1718 5064 ὀστέων
1749 5007 1857 5062 τῶν
1888 5024 2019 5078 προ-

456 5108 700 5181 φητικῶν
751 5105 839 5160 διὰ
876 5104 971 5159 τοῦ
1029 5103 1307 5175 κλαυθμοῦ
1354 5103 1448 5155 καὶ
1490 5102 1598 5157 τῶν
1638 5098 1886 5172 ὀδυρμῶν
1919 5115 2017 5152 κα·

452 5202 835 5274 ταθλωμένων,
871 5199 1114 5256 τουτέστι
1145 5199 1251 5252 τῶν
1279 5197 1377 5268 τῆς
1418 5193 1597 5266 ψυχῆς
1634 5194 1933 5264 δυνάμεων,
1968 5193 2017 5244 οί

454 5297 514 5349 ἐν
539 5294 617 5365 τῷ
634 5293 747 5365 λαῷ
779 5290 962 5363 ἐχθροὶ
990 5291 1083 5345 τοῦ
1104 5289 1259 5355 Θεοῦ,
1279 5289 1355 5352 ὡς
1377 5286 1600 5358 μηδενὸς
1629 5284 2015 5355 ἐπαμύνοντος,

454 5386 806 5441 ἐπανέϐαινον
835 5381 1179 5449 ὀνειδίζοντες
1210 5380 1302 5434 καὶ
1329 5378 1574 5447 λέγοντες
1595 5393 1607 5405 ·
1632 5373 1756 5429 Ποῦ
1783 5373 1952 5427 ἐστιν
1983 5374 2016 5425 ό

456 5482 602 5547 Θεός
629 5492 743 5532 σου
757 5493 777 5542 ;

827 5587 1118 5644 ΨΔΛΜΟΣ
1152 5586 1239 5639 ΤΩ
1276 5584 1472 5638 ΔΑΥΙΔ
1500 5581 1633 5636 MB'.

537 5685 928 5759 Ἀνεπίγραφος
964 5683 1092 5754 παρ’
1143 5678 1412 5750 Ἑϐραίοις
1444 5677 1474 5729 ὁ
1501 5673 1711 5745 ψαλμός
1730 5689 1747 5704 ι
1779 5670 1858 5724 διὸ
1897 5669 2016 5723 οὐδὲ

525 5786 570 5816 ’⁵⁸
612 5782 782 5840 Exod.
805 5796 994 5842 δίκην,
1029 5776 1082 5833 6.

2127 3552 2353 3609 statum,
2379 3543 2457 3596 uti
2480 3540 2615 3606 dixi,
2646 3540 2804 3610 quasi
2839 3540 3121 3609 pr0prium
3151 3539 3256 3595 sibi
3294 3541 3541 3606 ascribit,
3575 3541 3692 3597 his-

2124 3650 2229 3705 que
2278 3639 2611 3703 postremam
2663 3630 3027 3699 abjectioncm
3062 3669 3079 3694 ,
3129 3645 3192 3684 ac
3244 3631 3459 3686 ruinam
3520 3633 3690 3691 totius

2124 3726 2325 3797 gentis,
2355 3739 2476 3795 quae
2502 3730 2623 3793 post
2650 3736 2840 3776 eorum
2871 3738 2997 3792 erga
3042 3718 3378 3777 Salvatorem
3411 3730 3465 3779 et
3498 3722 3688 3779 Domi—

2124 3833 2255 3873 num
2284 3826 2533 3871 nostrum
2565 3814 3004 3870 incredulitatem
3034 3815 3252 3880 accidit,
3279 3815 3522 3873 indicare
3552 3818 3689 3874 mihi

2126 3909 2356 3962 videtur.
2385 3906 2466 3959 Illi
2490 3920 2622 3959 vero
2654 3904 2819 3958 modo
2848 3905 3205 3975 interroganti
3229 3921 3292 3960 ac
3314 3909 3686 3977 compellanti,

2126 4000 2302 4065 Quare
2350 3995 2543 4051 oblitus
2579 4011 2633 4048 es
2682 3995 2823 4049 mei?
2874 3994 3106 4048 fortasse
3146 3998 3279 4052 illud
3318 4002 3687 4070 evangelicum

2123 4091 2329 4145 dictum
2354 4070 2578 4158 reponat
2603 4104 2616 4139 :
2642 4085 2859 4156 Quoties
2880 4083 3023 4136 uolui
3051 4101 3364 4155 congregare
3378 4087 3517 4157 filios
3542 4100 3680 4155 tuos,

2124 4179 2562 4251 quemadmodum
2605 4177 2809 4249 gallina
2848 4187 3125 4246 congregat
3167 4178 3340 4247 pullos
3407 4195 3532 4235 suos
3584 4181 3682 4236 sub

2125 4272 2263 4337 ales,
2281 4280 2329 4325 et
2350 4269 2593 4323 noluistis
2605 4269 2683 4323 “?
2698 4267 3141 4338 Quandoquidem
3157 4267 3318 4338 igitur
3334 4270 3554 4325 malitia:
3568 4286 3682 4326 suae

2124 4376 2291 4417 causa
2321 4361 2380 4416 in
2408 4359 2735 4415 oblivionem
2767 4366 3051 4421 venerunt,
3077 4357 3200 4428 jure
3221 4357 3422 4414 chorus
3445 4361 3681 4431 prophe-

2126 4458 2289 4519 ticus,
2320 4455 2450 4525 quia
2477 4469 2543 4508 ex
2579 4452 2815 4507 naturali
2874 4452 3088 4506 ratione
3125 4451 3352 4519 patiente
3384 4469 3485 4507 uno
3518 4471 3683 4509 mem-

2124 4548 2240 4613 bro,
2273 4546 2669 4615 compatiuntur
2691 4544 2869 4598 omnia
2903 4542 3134 4597 membra
3152 4542 3219 4611 ",
3249 4545 3403 4614 quasi
3424 4560 3524 4616 pro
3561 4561 3684 4600 cor-

2120 4657 2254 4712 pore
2279 4640 2500 4711 proprio
2527 4639 2718 4708 lugens
2757 4635 3067 4706 subjungit,
3099 4636 3398 4691 secundum
3431 4636 3681 4708 Symma-

2122 4733 2284 4787 chum
2330 4750 2343 4784 :
2389 4728 2565 4796 Quare
2608 4729 2772 4781 tristis
2820 4726 3026 4794 incedo,
3062 4727 3312 4798 aﬂligente
3351 4728 3598 4793 inimico;
3632 4739 3682 4784 et

2118 4825 2273 4895 quasi
2305 4822 2618 4877 occisionem
2668 4835 2759 4891 per
2801 4835 2925 4873 ossa
2965 4835 3082 4872 mea
3113 4817 3504 4887 exprobrabant
3550 4820 3678 4875 mihi

2124 4916 2576 4983 adversariimtei;
2610 4914 2725 4970 sive
2750 4932 2762 4966 :
2786 4912 2924 4966 Dum
2963 4911 3365 4980 confringantur
3397 4928 3518 4967 ossa
3565 4931 3680 4969 mea

2117 5007 2500 5079 exprobrabant
2529 5023 2610 5060 me
2631 5005 2722 5075 qui
2751 5004 3008 5058 tribulant
3041 5018 3143 5057 me.
3174 5001 3308 5057 Nam
3341 5004 3676 5075 propheticis

2120 5101 2374 5166 ossibus,
2415 5099 2470 5153 id
2504 5104 2588 5153 est
2642 5095 2835 5150 animae
2873 5093 3245 5156 facultatibus,
3287 5108 3384 5162 per
3430 5091 3584 5149 ﬂetus
3624 5103 3679 5148 et

2119 5197 2388 5266 lacrymas
2440 5188 2769 5249 contractis,
2825 5187 2920 5258 qui
2958 5186 3015 5240 in
3072 5183 3275 5254 populo
3328 5183 3534 5237 inimici
3583 5181 3678 5238 Dei

2119 5294 2295 5348 erant,
2317 5282 2472 5354 quasi
2503 5280 2804 5351 epitulante
2840 5276 3080 5343 nemine,
3100 5275 3455 5345 insurgebant
3482 5289 3679 5345 expro-

2117 5376 2343 5431 brantes
2367 5388 2431 5428 ac
2458 5370 2725 5434 dicentes,
2762 5366 2863 5421 Ubi
2886 5374 2963 5420 est
2997 5364 3139 5419 Deus
3169 5365 3328 5423 tuus:

2443 5571 2495 5626 1.
2534 5564 2855 5623 PSALMUS
2892 5561 3163 5619 DAVlDlS
3198 5560 3356 5616 XLII.
3409 5618 3423 5628 _

2193 5665 2444 5723 Psalmus
2487 5662 2577 5719 hic
2615 5660 2758 5733 apud
2804 5656 3060 5717 Hebraeos
3101 5656 3463 5735 inscriptione
3492 5657 3676 5722 caret;

1193 5774 1238 5806 “
1276 5772 1464 5827 Matth.
1499 5786 1663 5838 χχιιι,
1700 5768 1785 5822 '57.
1862 5766 1905 5798 ’⁵⁷
1947 5764 2120 5819 lCor.
2155 5780 2263 5830 xu,
2300 5762 2391 5817 26.

523 5876 601 5945 (1)
626 5874 971 5933 Desideratur
995 5874 1042 5940 ὁ,
1064 5878 1122 5927 ιιι
1146 5869 1216 5926 sit
1254 5869 1282 5922 ὁ
1306 5882 1490 5939 προφ.,
1525 5874 1582 5921 ιιι
1606 5864 1765 5937 paulo
1796 5860 1956 5918 infra.
1985 5858 2145 5915 Eotr.
