4098 6416
413 359 520 416 379

1137 362 1405 419 EUSEBII
1432 364 1904 422 CESARIE‘NSIS
1941 364 2095 421 OPP.
2119 362 2297 419 PARS
2333 362 2420 418 Ill.
2461 394 2534 406 —
2570 362 2982 422 EXEGETICA.

3546 371 3653 428 530

412 495 583 552 quare
610 494 790 550 neque
820 480 967 549 apud
998 479 1237 552 reliquos
1260 482 1590 554 interpretes
1630 482 1846 537 titulum
1881 482 1973 536 ha-

2081 499 2157 533 πα
2164 479 2230 552 ρὰ
2258 484 2369 544 τοῖς
2391 480 2600 545 λοιποῖς
2622 482 2981 554 ἐρμηνευταῖς
3003 485 3311 559 ἐπιγραφὴν
3334 487 3464 559 ἔχει.
3493 490 3653 548 Ἀλλά

412 575 520 629 bet.
556 570 663 629 Sed
695 573 823 643 quia
846 572 1208 646 pra-cedentis
1237 589 1361 645 pars
1396 573 1609 630 videtur
1647 586 1788 639 esse,
1828 574 1976 647 quod

414 664 603 733 utique
639 677 764 718 cum
794 678 861 719 ex
893 664 1165 719 similibus
1200 664 1457 734 utrinque
1494 666 1709 732 verbis,
1753 677 1870 719 tum
1907 681 1977 722 ex

412 753 556 809 affini
579 756 851 812 sententia
872 764 1371 824 commonstratur;
1403 757 1526 812 dico
1543 771 1676 813 sane
1707 757 1869 811 etiam
1891 757 1977 811 in-

409 852 826 922 praesentiarum
864 853 1090 909 chorum
1137 853 1517 923 propheticum
1562 856 1676 908 haec
1718 866 1977 908 enarrare

412 942 560 997 circa
593 942 873 1013 populum,
905 949 1095 1013 utpote
1134 940 1412 1011 abiectum
1446 939 1817 1010 traditumque
1844 953 1976 1009 gen-

411 1034 562 1090 tibus
607 1033 1031 1104 hominibusque
1071 1034 1369 1104 improbis,
1413 1041 1693 1103 rogantem
1732 1047 1797 1086 ac
1851 1045 1976 1086 cum

412 1123 667 1194 precibus
705 1126 1069 1195 postulantem
1124 1131 1183 1178 ut
1227 1124 1363 1178 ultio
1403 1132 1670 1188 sumatur,
1696 1128 1752 1178 et
1785 1122 1904 1193 ipse
1945 1135 1978 1177 e

410 1212 665 1269 manibus
703 1214 1049 1268 inimicorum
1094 1219 1338 1268 eruatur.
1370 1211 1849 1279 Quemadmodum
1878 1226 1979 1266 au-

410 1312 544 1370 tem,
577 1305 774 1359 afﬂicto
799 1306 1019 1376 populo,
1050 1304 1186 1375 justi
1218 1318 1437 1376 quoque
1463 1303 1566 1358 viri
1611 1318 1718 1358 una
1745 1303 1967 1374 patiun-

410 1407 503 1454 tur
527 1414 591 1455 ac
619 1400 806 1457 dolore
852 1402 923 1456 ob
950 1415 1290 1455 communem
1325 1400 1695 1455 calamitatem
1728 1397 1970 1452 aﬂiciun-

410 1497 530 1557 tur;
561 1490 635 1545 ita
671 1492 1050 1563 religiosorum
1103 1492 1385 1547 hominum
1436 1491 1683 1561 probitas
1724 1489 1979 1544 multitu-

409 1582 525 1636 dini
554 1599 770 1654 quoque
794 1592 941 1641 recte
970 1584 1237 1639 factorum
1257 1583 1691 1640 communionem
1714 1582 1979 1637 fructum-

409 1688 517 1742 que
558 1675 721 1744 parit.
760 1674 1122 1742 Quamobrem
1166 1675 1245 1729 illi
1298 1689 1570 1730 aarumnas
1609 1673 1793 1744 populi
1826 1673 1882 1728 in
1912 1687 1973 1728 se

408 1766 754 1837 recipientes,
812 1784 1002 1840 preces
1068 1784 1168 1839 pro
1219 1766 1574 1822 multitudine
1634 1765 1973 1830 fundebant,

2077 574 2172 628 καὶ
2200 574 2282 625 ὅτι
2314 573 2476 644 μέρος
2505 572 2679 626 ἔοικεν
2712 569 2849 627 εἶναι
2889 574 2983 628 τοῦ
3010 577 3116 648 πρὸ
3144 578 3329 643 αὐτοῦ,
3358 580 3651 652 δεδήλωται

2076 664 2141 719 ἐκ
2167 681 2225 718 τε
2265 664 2372 718 τῶν
2400 665 2600 735 ὁμοίιον
2640 667 2699 718 ἐν
2728 665 3057 737 ἀμφοτέροις
3099 666 3272 737 λόγων
3317 672 3412 724 καὶ
3455 675 3519 726 ἐκ
3554 675 3653 748 τῆς

2076 756 2346 829 ἐμφεροῦς
2372 757 2628 820 διανοίας.
2646 756 2793 829 Φημὶ
2817 758 2993 811 τοίνυν
3016 760 3111 812 καὶ
3142 761 3234 812 ἐπὶ
3262 760 3360 815 τοῦ
3382 764 3650 836 παρόντος

2075 850 2165 905 τὸν
2205 852 2364 923 χορὸν
2409 850 2499 905 τὸν
2544 852 2881 923 προφητικὸν
2913 852 2982 906 τὰ
3024 855 3361 926 προκείμενα
3392 856 3650 922 διεξιέναι

2078 942 2217 1015 ὑπὲρ
2252 941 2345 996 τοῦ
2390 942 2518 997 λαοῦ
2544 982 2559 1006 ,
2592 943 2669 1007 ὡς
2728 944 3051 1014 ἀπωσμένον
3109 947 3203 1000 καὶ
3256 948 3651 1020 παραδοθέντος

2076 1030 2252 1086 ἔθνεσι
2303 1032 2398 1086 καὶ
2449 1031 2756 1105 ἀνθρώποις
2809 1037 3100 1105 πονηροῖς,
3142 1036 3395 1108 δεομένου
3439 1039 3497 1093 δὲ
3554 1040 3648 1095 καὶ

2075 1120 2473 1186 ἀντιϐολοῦντος
2520 1123 2761 1185 ἐκδικίας
2809 1127 3028 1194 τυχεῖν,
3090 1126 3186 1179 καὶ
3236 1127 3494 1199 ρυσθῆναι
3540 1128 3647 1185 τῶν

2076 1214 2273 1287 χειρῶν
2306 1214 2414 1268 τῶν
2465 1214 2756 1287 πολεμίων.
2788 1216 2999 1289 Ὥσπερ
3024 1217 3081 1271 δὲ
3127 1218 3215 1272 sua:
3260 1219 3357 1291 τὴν
3381 1221 3474 1275 τοῦ
3516 1222 3646 1277 λαοῦ

2076 1304 2319 1359 κάκωσιν
2349 1305 2626 1359 συνέϐαινε
2670 1306 2780 1370 τοῖς
2822 1306 3289 1378 δικαιοπραγοῦσι
3304 1312 3647 1384 συμπάσχειν

2077 1398 2172 1451 καὶ
2198 1396 2502 1466 συναλγεῖν,
2527 1398 2622 1451 καὶ
2658 1397 3111 1466 συνδιατίθεσθαι,
3146 1402 3236 1454 τὸν
3269 1403 3431 1456 αὐτὸν
3452 1405 3647 1476 τρόπον

2076 1488 2171 1541 καὶ
2203 1490 2236 1558 ἡ
2271 1488 2379 1541 τῶν
2402 1487 2661 1558 θεοφιλῶν
2698 1488 2906 1560 ἀνδρῶν
2949 1489 3333 1564 δικαιοπραγία
3366 1497 3647 1551 κοινωνίαν

2077 1582 2170 1635 καὶ
2206 1581 2486 1654 μετάδοσιν
2513 1580 2734 1650 ἀγαθῶν
2767 1581 3013 1654 παρέχει.
3046 1584 3137 1637 Διὸ
3167 1584 3250 1655 δὴ,
3282 1586 3351 1640 τὰ
3377 1588 3523 1660 πάθη
3551 1589 3645 1644 τοῦ

2076 1671 2205 1727 λαοῦ
2238 1673 2316 1735 είς
2358 1672 2582 1735 ἑαυτοὺς
2620 1672 3124 1744 ἀναλαμϐάνοντες,
3162 1676 3326 1747 εὐχὰς
3371 1679 3512 1751 ὑπὲρ
3549 1679 3645 1733 τοῦ

2077 1761 2316 1833 πλήθους
2362 1761 2676 1827 ἐποιοῦντο,
2728 1764 2912 1834 κοινήν
2956 1780 3017 1815 τε
3076 1764 3352 1836 ἱκετηρίαν
3398 1768 3476 1839 τῷ
3526 1770 3647 1843 Θεῷ

410 1872 863 1932 communemque
921 1864 1375 1933 supplicationem
1461 1862 1573 1917 Deo
1629 1860 1971 1917 emittebant.

2077 1853 2405 1923 ἀνέπεμπον.
2423 1852 2661 1915 Εἰκότως
2694 1849 2788 1906 οὖν
2824 1854 2900 1917 ὼς
2925 1852 2982 1921 ἐξ
3010 1853 3127 1918 ἐνὸς
3160 1856 3423 1928 στόματος
3444 1860 3645 1925 ταύτας

406 1946 537 2005 Jure
557 1951 737 2022 itaque
763 1967 863 2007 ceu
894 1969 1005 2008 uno
1033 1969 1128 2009 ore
1156 1954 1254 2008 has
1282 1953 1633 2024 proferebant
1663 1966 1848 2008 voces.

479 2060 644 2117 Vsus.
695 2063 749 2116 2.
789 2062 985 2117 Judica
1018 2081 1116 2130 me,
1162 2063 1323 2129 Deus,
1363 2075 1413 2120 et
1471 2066 1706 2120 discerne
1756 2082 1972 2119 causam

408 2166 579 2204 meam
600 2150 664 2205 de
685 2162 832 2222 gente
861 2170 964 2207 non
994 2163 1202 2214 sancta,
1242 2153 1305 2207 ab
1340 2156 1547 2209 homine
1576 2156 1755 2226 iniquo
1786 2164 1836 2208 et
1877 2154 1973 2207 do-

407 2241 520 2297 loso
552 2258 674 2296 erue
700 2259 798 2298 me.
835 2242 978 2309 Quia
1017 2252 1073 2296 tu
1100 2259 1155 2297 es
1194 2242 1338 2297 Deus
1362 2244 1618 2312 fortitudo
1648 2262 1781 2311 mea,
1811 2260 1973 2315 quare

406 2352 489 2388 me
529 2335 805 2403 repulisti?
836 2335 1012 2400 Quare
1061 2336 1228 2391 tristis
1273 2336 1454 2390 incedo
1502 2336 1627 2390 dum
1661 2338 1841 2409 afﬂigit
1892 2354 1974 2391 me

407 2428 695 2484 inimicus?
720 2425 927 2482 Dixerit
969 2428 1242 2498 quispiam
1273 2427 1391 2483 haec
1421 2428 1667 2499 proferre
1698 2445 1866 2484 unum
1892 2430 1974 2483 al-

409 2518 776 2589 terumve‘Qui
802 2519 857 2572 in
888 2519 1147 2574 universo
1178 2522 1381 2591 populo
1408 2520 1639 2576 Judaico
1665 2520 1848 2592 justus
1885 2536 1972 2577 re-

407 2614 598 2677 pertus
649 2615 750 2662 est.
807 2607 928 2677 lpse
973 2608 1138 2678 igitur
1188 2611 1303 2666 sive
1350 2627 1495 2666 unus
1544 2612 1659 2667 sive
1713 2627 1971 2683 perrarus

409 2696 592 2764 homo,
627 2699 804 2769 qualis
826 2706 943 2754 erat
970 2698 1235 2759 Jeremias
1279 2712 1373 2758 aut
1400 2704 1629 2774 quilibet
1669 2703 1772 2774 ipsi
1812 2703 1971 2759 simi-

409 2790 495 2857 lis,
528 2790 603 2845 ita
631 2787 756 2845 ﬂeat
808 2798 863 2846 et
894 2791 1210 2862 hujusmodi
1244 2811 1404 2851 voces
1442 2796 1675 2860 emittat,
1703 2810 1902 2867 rogans
1939 2809 1971 2848 a

406 2887 567 2951 gente
596 2897 704 2937 non
736 2893 924 2938 sancta
954 2885 1200 2950 liberari,
1235 2886 1439 2956 quibus
1464 2885 1695 2941 indicari
1719 2886 1973 2940 videntur

406 2976 500 3046 qui
527 2991 594 3031 ex
620 2976 1035 3032 circumcisione
1063 2986 1249 3046 erant;
1274 2985 1328 3033 et
1360 2995 1390 3033 a
1428 2979 1548 3033 viro
1577 2979 1763 3048 iniquo
1787 2987 1840 3033 et
1870 2977 1970 3032 do-

408 3067 546 3131 loso,
577 3074 636 3121 ut
661 3083 937 3137 nunquam
974 3068 1090 3138 ipse
1120 3077 1212 3122 aut
1240 3069 1463 3139 iniquus
1485 3075 1578 3123 aut
1598 3068 1822 3124 dolosus
1844 3082 1970 3123 eva-

406 3158 521 3212 dat.
557 3156 728 3229 Roget
770 3169 949 3214 autem
992 3159 1157 3215 Deum
1208 3160 1294 3215 his
1343 3161 1525 3215 verbis
1556 3180 1569 3214 :
1598 3159 1679 3213 Tu
1730 3175 1789 3215 es
1830 3157 1971 3213 Deus

2079 1945 2308 2015 ἠφίεσαν
2334 1944 2435 2009 τὰς
2464 1945 2666 2014 φωνάς.

2146 2057 2365 2127 Ιιζρῖνόν
2385 2074 2482 2127 με,
2518 2060 2552 2111 ὁ
2579 2058 2741 2125 Θεὸς,
2770 2060 2868 2114 καί
2902 2059 3157 2115 δίκασον
3180 2062 3294 2132 τὴν
3318 2063 3496 2133 δίκην
3525 2074 3646 2135 μου

2076 2151 2144 2216 ἐξ
2174 2151 2387 2217 ἔθνους
2415 2152 2527 2219 οὐχ
2557 2150 2730 2205 ὁσίου
2750 2168 2762 2181 ο
2796 2152 2917 2206 ἀπὸ
2951 2153 3265 2222 ἀνθρώπου
3297 2155 3504 2211 δολίου
3546 2158 3644 2211 καὶ

2076 2241 2287 2297 ἀδίκου
2309 2242 2499 2310 ῥῦσαί
2522 2259 2617 2311 με.
2646 2243 2775 2297 Ὀτι
2798 2244 2878 2298 σὺ
2905 2248 2938 2298 ὀ
2974 2245 3117 2312 Θεὸς
3142 2248 3479 2318 κραταίωμά
3502 2267 3643 2318 μου,

2077 2336 2177 2388 ἵνα
2199 2335 2257 2388 τι
2286 2333 2505 2389 ἀπώσω
2522 2352 2630 2405 με;
2656 2336 2757 2390 ἵνα
2782 2337 2840 2390 τι
2866 2336 3302 2406 σκυθρωπάζων
3327 2342 3651 2411 πορεύομαι

2076 2430 2146 2483 ἐν
2198 2428 2280 2494 τῷ
2329 2429 2608 2498 ἐκθλίψαι
2657 2430 2912 2499 ἐχθρόν;
2957 2429 3115 2483 Εἴποι
3147 2430 3191 2482 δ’
3242 2432 3307 2486 ἄν
3346 2449 3431 2495 τις
3474 2431 3645 2485 ταῦτα

2076 2517 2257 2589 λέγειν
2300 2520 2396 2575 ἕνα
2439 2538 2543 2574 που
2575 2521 2668 2574 καὶ
2700 2520 2950 2593 δεύτερον
2992 2521 3049 2576 ἐν
3092 2521 3199 2592 ὅλῳ
3249 2521 3327 2592 τῷ
3359 2521 3501 2575 ἔθνει
3537 2521 3645 2577 τῶν

2089 2613 2375 2679 Ἰουδαίων,
2412 2614 2713 2686 εὑρημένον
2742 2612 2969 2667 δίκαιον.
3017 2613 3190 2677 Αὐτὸς
3240 2609 3332 2667 οὖν
3359 2615 3388 2666 ὁ
3434 2608 3514 2678 εἷς
3554 2613 3648 2668 καὶ

2080 2705 2319 2770 σπάνιος,
2359 2700 2470 2759 οἷον
2521 2705 2788 2777 Ἱερεμίας
2825 2706 2859 2777 ἦ
2908 2723 2989 2770 τις
3033 2705 3220 2777 ἔτερος
3264 2706 3446 2777 ὅμοιος
3478 2704 3646 2778 αὐτῷ,

2076 2796 2474 2855 ἀποκλαιέσθω,
2509 2797 2601 2850 καὶ
2656 2798 2858 2862 ταύτας
2900 2797 3268 2868 ἀναπεμπέτω
3315 2797 3413 2861 τὰς
3443 2798 3648 2868 φωνὰς,

2080 2884 2335 2938 ἱκετεύων
2378 2885 2636 2957 ρυσθῆναι
2689 2886 2750 2952 ἐξ
2794 2888 3008 2940 ἀνοσίου
3053 2887 3267 2951 ἔθνους·
3312 2886 3551 2959 δηλούτω
3592 2888 3651 2942 δέ

2076 2975 2273 3039 αὐτοὺς
2295 2976 2423 3039 τοὺς
2459 2977 2523 3028 ἐκ
2556 2976 2879 3048 περιτομῆς,
2898 2979 2995 3030 καὶ
3028 2977 3136 3029 ἀπὸ
3155 2974 3443 3047 ἀνθρώπου
3465 2976 3650 3031 ἀδίκου

2077 3067 2172 3122 καὶ
2189 3066 2385 3132 δολίου,
2415 3067 2491 3131 ὡς
2511 3066 2577 3120 ἂν
2602 3069 2807 3139 μήποτε
2831 3068 2923 3120 καὶ
2949 3066 3108 3129 αὐτὸς
3129 3065 3335 3133 γένοιτο
3357 3066 3536 3130 ἄδικος
3557 3068 3652 3121 καὶ

2077 3158 2268 3222 δόλιος.
2291 3159 2686 3231 Παρακαλείτω
2722 3159 2779 3212 δέ
2806 3159 2897 3212 τὸν
2918 3158 3047 3211 Θεὸν
3071 3157 3244 3225 λέγων
3265 3174 3278 3186 ’
3308 3158 3378 3210 Σὺ
3406 3155 3457 3210 εἴ
3473 3161 3500 3211 ό
3520 3160 3651 3221 Θεὸς

409 3247 672 3302 fortitudo
694 3262 834 3314 mea,
868 3265 1038 3320 quare
1062 3265 1147 3303 me
1181 3250 1455 3318 repulisti,
1490 3266 1577 3305 me
1602 3251 1656 3303 in
1683 3249 1862 3304 medio
1900 3257 1973 3303 ta-

2077 3249 2402 3322 κραταίωμά
2429 3267 2529 3320 μου
2550 3267 2563 3280 ·
2602 3249 2689 3303 ἴνα
2720 3248 2772 3301 τί
2800 3266 2865 3319 με
2892 3247 3116 3313 ἀπώσω,
3144 3246 3457 3302 καταλιπών
3490 3265 3555 3318 με
3591 3250 3649 3300 ἐν

406 3338 476 3394 lis
508 3340 691 3410 populi
722 3338 1078 3410 relinquens?
1130 3338 1256 3393 Haec
1285 3355 1449 3409 porro
1483 3338 1650 3394 Heliae
1694 3340 1970 3409 prophetae

405 3438 737 3501 congruunt,
776 3430 868 3500 qui
898 3429 1127 3484 Domino
1154 3431 1471 3501 supplicans
1496 3438 1683 3486 contra
1713 3431 1968 3501 populum

406 3522 482 3576 ita
513 3522 654 3578 fatur
681 3543 693 3578 :
719 3522 959 3584 Domine,
992 3527 1272 3594 prophetas
1307 3533 1421 3578 tuos
1452 3524 1842 3593 interfecerunt,
1889 3524 1973 3577 al-

408 3616 548 3669 taria
585 3626 677 3670 tua
724 3616 1085 3671 subuerterant
1108 3633 1126 3670 :
1149 3627 1197 3671 et
1232 3633 1324 3687 ego
1370 3616 1584 3670 relictus
1632 3616 1800 3681 solus,
1827 3633 1971 3688 qure-

406 3715 630 3775 runtque
669 3707 837 3774 ipsam
877 3708 1110 3761 animam
1145 3708 1327 3761 tollere
1352 3706 1418 3760 ‘9.
1452 3705 1747 3778 Perspicue
1790 3717 1972 3762 autem

408 3800 568 3853 docet
595 3797 860 3853 Jeremias
882 3798 1145 3855 defecisse
1174 3814 1389 3855 omnem
1418 3799 1622 3868 justum
1655 3801 1721 3855 de
1751 3802 1969 3873 populo,

408 3890 599 3947 dicens
638 3890 910 3946 :Circuite
957 3892 1011 3945 in
1057 3891 1203 3947 biviis
1251 3891 1552 3946 Jerusalem
1594 3900 1644 3946 et
1687 3894 1742 3946 in
1787 3894 1973 3962 plateis

403 3985 542 4055 ejus,
574 3994 624 4041 et
663 3983 827 4039 videte
856 3986 903 4039 si
926 3993 1003 4039 est
1044 3987 1134 4055 qui
1178 3986 1463 4055 intelligat,
1501 3994 1551 4039 et
1586 3987 1847 4054 propitius
1884 4003 1973 4040 ero

405 4078 481 4132 eis
504 4078 567 4131 ”.
596 4075 799 4131 Deinde
820 4076 945 4147 quia
971 4076 1265 4131 multitudo
1289 4077 1661 4147 improborum
1691 4077 1973 4131 hominum

403 4169 611 4241 justum
643 4170 822 4239 ipsum
858 4168 1158 4239 premebat,
1209 4185 1269 4224 se
1299 4169 1403 4223 hac
1452 4168 1521 4222 de
1560 4184 1725 4224 causa
1760 4170 1973 4225 tristem

407 4274 531 4314 esse
566 4259 779 4315 dicebat
798 4274 810 4310 :
830 4259 1007 4325 Quare
1038 4261 1383 4314 contristatus
1410 4258 1614 4324 incedo,
1637 4258 1762 4313 dum
1795 4261 1976 4331 afﬂigit

408 4367 490 4405 me
529 4351 817 4405 inimicus?
854 4350 922 4403 Et
972 4351 1212 4420 alioquin
1261 4366 1386 4405 cum
1436 4361 1622 4422 gentes
1667 4359 1721 4405 et
1770 4351 1975 4407 inimici

408 4444 771 4499 calamitatem
801 4442 1088 4507 inferrent,
1118 4451 1280 4514 atque
1320 4443 1526 4514 populo
1556 4442 1786 4497 Judaico
1823 4459 1980 4512 supe-

408 4537 582 4590 riores
616 4534 940 4601 evasissent,
973 4534 1056 4588 vir
1095 4534 1185 4589 ille
1227 4533 1338 4589 Deo
1377 4534 1631 4590 addictus
1662 4534 1845 4589 animo
1880 4533 1977 4588 do-

2075 3344 2222 3414 μέσῳ
2241 3341 2478 3395 τοιούτου
2500 3340 2629 3392 λαοῦ
2650 3339 2919 3412 ςἽῐρμοζε
2942 3340 2996 3392 δὲ
3020 3338 3090 3391 τὰ
3108 3338 3437 3410 προκείμενα
3460 3338 3649 3407 καὶτῷ

2074 3437 2327 3508 προφήτῃ
2361 3433 2542 3504 Ἠλίᾳ,
2568 3431 2627 3497 ὃς
2666 3431 2849 3501 ἔλεγεν
2875 3431 3323 3501 κατεντυγχάνων
3356 3429 3450 3483 τοῦ
3480 3429 3609 3482 λαοῦ
3630 3445 3646 3461 ο

2070 3530 2281 3596 Κύριε,
2324 3526 2465 3593 τοὺς
2506 3524 2819 3595 προφήτας
2862 3540 2979 3578 σου
3018 3522 3397 3588 ἀπέκτεινον,
3432 3523 3529 3576 καὶ
3578 3520 3652 3575 τὰ

2073 3616 2470 3686 θυσιαστήριά
2502 3634 2616 3671 σου
2645 3618 3057 3684 κατέσκαψαν,
3091 3612 3253 3684 κάγὼ
3277 3614 3653 3682 ὑπελείφθην

2067 3712 2286 3779 μόνος,
2322 3707 2420 3761 καὶ
2465 3705 2705 3776 ζητοῦσι
2757 3705 2873 3775 τὴν
2912 3704 3126 3775 ψυχὴν
3170 3704 3378 3758 λαϐεῖν
3434 3703 3648 3770 αὑτήν.

2075 3801 2269 3870 Σαφῶς
2294 3801 2350 3854 δὲ
2374 3800 2611 3854 διδάσκει
2645 3800 2915 3872 Ἱερεμίας
2938 3797 3311 3852 ἐκλελοιπέναι
3361 3796 3538 3850 πάντα
3574 3794 3651 3848 δί-

2073 3909 2226 3947 καιον
2269 3895 2333 3946 ἐκ
2369 3892 2462 3947 τοῦ
2506 3892 2636 3946 λαοῦ
2658 3933 2673 3957 ,
2717 3892 2926 3960 λέγων’
2979 3886 3372 3958 Περιδρὰμετε
3403 3888 3474 3941 ἐν
3521 3886 3652 3953 ταῖς

2074 3984 2361 4055 ἀμφόδοις
2418 3981 2838 4052 Ἰερουσαλὴμ,
2890 3981 2988 4035 καὶ
3046 3980 3116 4032 ἐν
3160 3978 3289 4044 ταῖς
3343 3977 3652 4042 πλατείαις

2074 4077 2285 4146 αὐτῆς,
2319 4076 2417 4130 καὶ
2451 4076 2605 4129 ἴδετε
2631 4078 2685 4129 ει
2716 4073 2848 4128 ἐστι
2883 4070 3130 4135 συνιὼν,
3165 4069 3263 4122 καὶ
3309 4069 3483 4133 ἵλεως
3511 4068 3651 4122 ἐσο-

2070 4188 2177 4240 μαι
2196 4169 2418 4235 αὐτοῖς.
2439 4164 2550 4221 Εἶτ’
2574 4165 2761 4237 ἐπειδὴ
2786 4166 2847 4218 τὸ
2869 4163 3070 4233 πλῆθος
3090 4162 3197 4213 τῶν
3226 4160 3413 4213 κακῶν
3442 4160 3652 4231 ἀνδρῶν

2077 4260 2253 4332 θλίψιν
2283 4262 2509 4332 παρεῖχε
2535 4258 2614 4329 τῷ
2649 4257 2863 4327 δικαίῳ,
2898 4250 3313 4324 σκυθρωπάζειν
3349 4251 3442 4303 ἐπὶ
3475 4251 3652 4321 τούτῳ

2077 4349 2292 4419 ἔλεγεν·
2342 4351 2466 4404 Ἵνα
2509 4350 2566 4403 τί
2615 4343 3049 4415 σκυθρωπάζων
3098 4345 3419 4413 πορεύομαι
3460 4346 3530 4398 ἐν
3572 4343 3653 4408 τῷ

2076 4443 2359 4512 ἐκθλίψαι
2399 4441 2657 4509 ἐχθρόν;
2687 4439 2798 4492 Καὶ
2828 4435 2999 4499 ἄλλως
3026 4435 3103 4502 δὲ,
3136 4434 3244 4488 τῶν
3305 4434 3512 4507 ἐχθρῶν
3555 4434 3651 4488 καὶ

2080 4534 2356 4605 πολεμίων
2389 4532 2678 4585 θλιϐόντων
2709 4530 2802 4583 καὶ
2843 4527 3312 4601 ἐπικρατεστέρων
3345 4527 3653 4597 γενομένων

408 4628 571 4690 lebat,
598 4626 715 4681 zelo
740 4626 934 4695 plenus
962 4625 1033 4679 ob
1064 4640 1357 4695 prosperas
1380 4627 1665 4682 atheorum
1697 4634 1753 4681 et
1783 4626 1973 4697 impio-

2077 4624 2169 4679 τοῦ
2218 4624 2440 4687 ἔθνους,
2491 4625 2519 4675 ὁ
2566 4621 2643 4692 τῷ
2674 4619 2793 4693 Θεῷ
2843 4620 3198 4691 ἀνακείμενος
3251 4618 3505 4673 ἐδάκνετο
3549 4619 3650 4688 τὴν

408 4734 532 4773 rum
554 4718 833 4773 hominum
877 4733 986 4772 res.
1037 4717 1215 4783 Quare
1259 4719 1715 4790 supplicationem
1762 4719 1977 4774 emitte-

408 4811 524 4876 bat,
571 4818 631 4863 ut
674 4809 835 4875 Deus,
887 4810 980 4879 qui
1021 4808 1089 4865 de
1137 4823 1307 4865 causa
1354 4825 1454 4865 sua
1496 4810 1862 4878 judicaverat,
1911 4824 1976 4864 ac

410 4907 798 4972 congruentem
831 4900 897 4955 de
937 4916 997 4955 se
1032 4902 1358 4956 sententiam
1405 4902 1630 4967 tulerat,
1667 4901 1975 4957 mercedem

409 4998 558 5048 recte
591 4990 751 5047 factis
798 4991 925 5057 suis
946 4991 1209 5060 debitam,
1255 4992 1529 5049 universae
1568 4992 1756 5063 populi
1791 4993 1978 5047 multi—

408 5084 585 5138 tudini
614 5083 927 5154 largiretur,
965 5092 1019 5140 et
1067 5085 1151 5141 sui
1201 5098 1371 5139 causa
1413 5099 1607 5139 omnes
1641 5086 1874 5156 eriperet
1907 5085 1975 5138 de

408 5188 573 5228 manu
606 5174 986 5241 inimicorum;
1017 5182 1079 5229 ut
1108 5173 1566 5245 quemadmodum
1602 5173 1723 5244 ipse
1751 5174 1980 5231 delicto.

332 5284 345 5299 ν·
409 5278 532 5318 rum
557 5264 742 5337 populi
767 5268 1039 5337 particeps
1068 5265 1273 5331 fuerat,
1316 5266 1391 5320 ita
1430 5267 1667 5338 p0pulus
1707 5267 1976 5321 bonorum

411 5372 633 5427 operum
698 5358 872 5427 ipsius
917 5372 1145 5413 consors
1191 5367 1355 5414 esset.
1407 5357 1564 5413 Sicut
1610 5365 1793 5414 autem
1843 5354 1981 5427 justi

413 5450 658 5508 homines
679 5451 771 5521 qui
793 5450 862 5505 ad
888 5451 1178 5506 tribunalia
1198 5451 1347 5507 litem
1377 5451 1602 5517 habent,
1631 5450 1848 5521 judices
1879 5451 1981 5505 ob—

414 5555 629 5598 secrant
650 5544 930 5614 utjustam
966 5560 1187 5600 causam
1235 5559 1391 5599 suam
1418 5544 1666 5608 audiant,
1703 5554 1865 5615 atque
1901 5560 1968 5600 ex

413 5649 567 5710 aequo
595 5645 647 5695 et
673 5638 816 5693 bono
843 5637 1164 5693 sententiam
1194 5636 1298 5693 sibi
1329 5636 1544 5700 ferant;
1565 5636 1757 5692 eodem
1797 5636 1961 5694 modo

485 5791 530 5825 ⁸⁸
569 5790 635 5849 Ill
664 5790 796 5865 Reg.
830 5808 952 5858 xix,
989 5793 1074 5850 Η.
1151 5792 1194 5827 ἰ’
1231 5791 1430 5849 Jerem.
1465 5807 1520 5861 ν,
1554 5792 1604 5846 l.

2082 4718 2282 4789 ψυχὴν,
2331 4716 2492 4788 ζήλου
2538 4714 2911 4786 πληρούμενος
2956 4713 3049 4765 ἐπὶ
3080 4715 3146 4783 τῇ
3192 4712 3301 4765 τῶν
3338 4711 3514 4765 ἀθέων
3558 4711 3651 4765 καὶ

2083 4809 2292 4864 ἀσεϐῶν
2344 4808 2552 4881 ἀνδρῶν
2598 4809 2895 4879 εὐπραγίᾳ.
2937 4808 3028 4860 Διὸ
3087 4806 3182 4860 καὶ
3231 4805 3511 4877 ἱκετηρίαν
3558 4805 3653 4857 ἀν·
3746 4816 3747 4819 ‘

2082 4905 2348 4975 έπεμπεν,
2378 4902 2451 4965 ὡς
2477 4901 2562 4964 ἂν,
2590 4900 2779 4972 κρίνας
2796 4902 2823 4952 ὁ
2843 4898 2974 4962 Θεὸς
2997 4897 3091 4952 καὶ
3117 4896 3345 4961 δικάσας
3369 4897 3535 4969 αὐτῷ,
3561 4898 3652 4951 καὶ

2081 4998 2182 5068 τὴν
2207 4996 2518 5068 πρέπουσαν
2551 4994 2678 5064 περὶ
2710 4992 2872 5046 αὐτοῦ
2904 4992 3058 5060 δίκην
3083 4988 3524 5061 ἐξενεγκάμενος,
3556 4989 3650 5060 τὴν

2082 5087 2247 5142 αὑτοῦ
2272 5086 2765 5159 προσοφειλομένην
2795 5083 3026 5155 ἀμοιϐὴν
3056 5082 3165 5135 τῶν
3193 5081 3355 5135 αὑτοῦ
3381 5080 3654 5152 κατορθω-

2087 5182 2271 5253 μάτων
2322 5180 2399 5250 τῷ
2430 5178 2593 5233 παντὶ
2643 5175 2834 5247 πλήθει
2874 5175 3184 5247 χαρίσοιτο,
3228 5174 3321 5228 καὶ
3371 5172 3437 5225 δι’
3488 5169 3652 5224 αὐτοῦ

2086 5272 2308 5346 ῥύσαιτο
2337 5273 2463 5336 τοὺς
2508 5272 2716 5334 πάντας
2747 5269 2811 5323 ἐκ
2859 5267 3039 5339 χειρὸς
3066 5267 3176 5321 τῶν
3223 5264 3524 5336 πολεμίων⁸
3561 5264 3650 5326 ἵν’,

2084 5362 2273 5433 ὥσπερ
2311 5361 2563 5419 κοινωνὸς
2601 5359 2762 5421 αὐτὸς
2806 5356 2997 5425 γέγονε
3047 5357 3145 5427 τῆς
3175 5354 3267 5407 τοῦ
3313 5351 3441 5406 λαοῦ
3489 5369 3653 5406 κακο-

2088 5453 2345 5524 πραγίας,
2386 5450 2529 5504 οὕτω
2570 5450 2665 5503 καὶ
2721 5449 2749 5500 ὁ
2796 5446 2922 5509 λαὸς
2954 5445 3210 5517 μετάσχοι
3241 5443 3342 5513 τῆς
3374 5442 3533 5495 αὑτοῦ
3573 5440 3651 5493 δι-

2076 5545 2462 5615 καιοπραγίας.
2508 5542 2720 5611 Ὠσπερ
2769 5538 2826 5591 δὲ
2859 5539 2909 5591 οί
2953 5537 3149 5591 δίκαιοι
3183 5534 3396 5606 ἔχοντες
3446 5534 3504 5586 ἐν
3539 5534 3650 5597 τοῖς

2065 5638 2453 5710 δικαστηρίοις,
2502 5636 2628 5699 τοὺς
2674 5634 2934 5699 δικαστὰς
2981 5628 3307 5686 ἱκετεύουσιν
3344 5622 3649 5681 ἐπακοῦσαι
